4038 6396
1817 348 3465 411 Μ

210 372 2018 443 Μ
895 399 2018 429 ______,_______._._._.__.————-—-—————-

1110 606 1524 729 sane“
1626 599 2051 691 PATRIS
2145 585 2583 681 NOSTBI

554 829 1465 1018 JOANNIS
1602 824 1858 1001 Cll

1959 799 3169 993 iYSOSTOMI

1323 1142 1792 1261 OPERA
1874 1133 2374 1249 OMNIA.

1745 1404 1979 1420 Ψ

714 1589 953 1649 SERMO
988 1582 1521 1646 ADHONITORIUS
1569 1581 1705 1640 SUB
1741 1574 1858 1636 INI‘

1959 1576 2031 1631 l3!
2064 1568 2363 1631 SANCTE
2401 1561 3003 1635 ρυΑυηΑσΕειυιε.

755 1831 1036 1889 IlOlllLlA
1076 1830 1305 1887 PRIMA.

313 2017 363 2070 Ι.
389 2012 605 2068 Gaudeo
625 2022 679 2066 et
701 2010 851 2065 laztor
871 2009 1057 2063 videns
1085 2007 1240 2063 hodie
1267 2007 1544 2062 ecclesiam
1567 2006 1659 2061 Dei
1688 2006 1827 2061 ﬁlio-

239 2122 357 2160 rum
382 2118 598 2158 suorum
630 2100 966 2156 multitudine
991 2098 1188 2163 ornari,
1218 2112 1419 2166 vosque
1442 2111 1631 2154 omnes
1666 2097 1831 2151 multa

241 2213 364 2250 cum
385 2194 713 2263 jucunditate
740 2191 1095 2246 concurrisse.
1123 2188 1254 2244 Nam
1276 2203 1398 2243 eum
1424 2188 1627 2242 alacres
1656 2188 1832 2243 vultus

242 2296 451 2343 vestros
497 2285 726 2347 intueor,
768 2281 1073 2349 voluptatis,
1118 2296 1236 2349 qua:
1260 2280 1314 2333 in
1340 2277 1617 2333 animabus
1643 2278 1834 2331 vestris

240 2390 346 2438 est.
378 2377 737 2448 conjecturam:
767 2373 920 2444 capio
946 2372 1228 2428 maximam
1258 2387 1271 2426 :
1305 2368 1751 2442 quemadmodtun
1780 2376 1838 2425 et

244 2471 461 2538 sapiens
502 2467 760 2536 quispiam
808 2465 1036 2527 dicebat,
1085 2463 1247 2518 Corde
1294 2464 1495 2516 laetante
1530 2465 1651 2515 viret
1681 2461 1836 2531 facies

251 2559 441 2628 (Prov.
475 2559 560 2612 l5.
592 2556 713 2625 l3).
750 2556 1043 2625 Eapropter
1080 2561 1137 2607 et
1176 2554 1286 2622 ipse
1314 2552 1473 2607 hodie
1498 2553 1695 2622 ingenti
1720 2551 1837 2605 ala-

246 2649 435 2701 critate
462 2645 691 2707 surrexi,
720 2660 823 2699 una
856 2644 1129 2698 vobiscum
1160 2644 1355 2696 lzntitia:
1386 2643 1527 2695 illius
1549 2640 1840 2709 Spiritualis

254 2740 518 2806 particeps
547 2734 776 2799 iuturus,
807 2743 861 2789 et
886 2733 1073 2788 volens
1100 2732 1358 2785 adventus
1383 2740 1579 2785 sancta:
1604 2729 1841 2797 Quadra-

252 2827 493 2895 gesinue,
524 2824 766 2890 remedii,
798 2824 1031 2893 inquam,
1066 2822 1359 2876 animarum
1390 2831 1712 2884 nostrarum,
1744 2834 1839 2872 vo-

256 2916 338 2968 bis
380 2914 719 2967 annuntiatur
762 2926 902 2967 esse.
947 2911 1255 2965 Communis
1280 2910 1425 2964 enim
1454 2919 1694 2963 nostrum
1725 2923 1843 2963 om-

256 3007 401 3060 nium
447 3004 701 3057 Dominus
719 3044 732 3065 ,
762 3002 924 3056 veluti
948 3012 1096 3071 pater
1127 3002 1261 3057 filios
1283 3016 1468 3054 amans
1487 3042 1502 3066 ,
1537 3000 1758 3069 cupiens
1782 3014 1845 3054 ea

257 3111 375 3165 qme
415 3109 663 3163 umquam
712 3094 1105 3163 peccaverimus
1132 3093 1369 3157 abluere,
1412 3092 1545 3145 hanc
1573 3091 1727 3145 nobis
1755 3106 1849 3160 per

257 3195 498 3237 sanetqu
520 3183 778 3252 jejunium
805 3183 1133 3236 curationem
1157 3181 1449 3235 adinvenit.
1478 3180 1665 3235 Nullus
1693 3183 1849 3250 igitur

263 3284 509 3335 IIIClettS,
544 3275 718 3327 nullus
748 3274 914 3327 tristis
944 3281 1216 3340 appareat,
1245 3272 1338 3325 sed
1369 3286 1556 3325 omnes
1582 3273 1851 3325 exsultent

260 3378 316 3425 ct
338 3368 617 3440 gaudeant,
652 3384 713 3423 ac
735 3366 959 3438 gloriam
982 3364 1294 3422 relerantJn
1322 3364 1616 3417 animarum
1646 3372 1854 3417 nostra-

266 3480 381 3516 rum
408 3474 726 3524 curatorem,
748 3464 839 3531 qui
864 3462 1001 3516 hanc
1020 3468 1271 3530 optimam
1296 3459 1447 3515 nobis
1465 3460 1668 3526 aperuit
1690 3458 1849 3520 viam,

263 3562 323 3608 et
362 3554 504 3607 illius
552 3553 832 3607 adventum
880 3570 1066 3623 magna
1113 3568 1231 3607 cum
1272 3554 1545 3607 alacritate
1570 3549 1850 3619 accipiant.

265 3644 668 3699 (‘mttlnudantur
704 3646 951 3715 gentiles,
991 3645 1191 3713 pudore
1220 3660 1278 3699 se
1308 3644 1506 3698 abdaut
1532 3642 1725 3706 Judzni,
1772 3639 1853 3694 vi-

268 3735 455 3788 dentes
485 3746 718 3787 nustram
740 3736 1011 3788 caritatem
1040 3736 1190 3787 hilari
1219 3734 1391 3788 studio
1413 3734 1553 3787 illius
1570 3733 1853 3787 adventum

270 3827 589 3879 salutmtem
614 3841 677 3879 ac
702 3826 1073 3893 excipientem,
1108 3825 1422 3894 discautque
1456 3839 1549 3893 per
1573 3823 1857 3892 experien-

274 3919 423 3978 tiam,
464 3926 716 3985 quantum
750 3917 886 3970 inter
916 3931 1012 3970 nos
1036 3918 1106 3971 sit
1147 3927 1199 3971 et
1230 3917 1374 3985 ipsos
1402 3916 1759 3970 intervallum.
1792 3914 1862 3969 Et

276 4008 346 4059 illi
377 4008 592 4075 quidem
622 4007 782 4061 ferias
813 4017 867 4061 et
896 4009 1055 4061 festas
1083 4009 1358 4062 nominent
1382 4007 1717 4072 ebrietatem,
1742 4023 1861 4061 om—

276 4111 506 4163 nemque
534 4096 689 4149 aliam
722 4097 1201 4164 intemperantiam,
1232 4112 1294 4151 ac
1322 4096 1694 4165 turpitudines,
1729 4111 1862 4165 quas

279 4188 562 4240 vet‘isilltlle
592 4199 673 4241 est
701 4204 795 4241 eus
842 4188 964 4242 inde
994 4187 1309 4243 contrahere
1340 4207 1353 4241 :
1387 4197 1441 4241 at
1483 4188 1721 4243 Ecclesia
1770 4187 1863 4242 Dei

272 4294 342 4331 ea
389 4294 506 4346 quae
547 4278 650 4330 illis
691 4279 913 4333 adversa
957 4290 1097 4344 sunt,
1144 4296 1332 4348 nempe
1355 4280 1633 4348 jejunium,
1665 4279 1867 4333 ventris

280 4367 612 4435 despectum,
646 4378 698 4421 et
724 4385 910 4423 omnes
937 4370 1067 4423 alias
1093 4370 1312 4424 virtutes
1347 4370 1486 4424 illius
1511 4371 1755 4434 comites,
1788 4368 1865 4422 fe-

284 4460 391 4511 rias
434 4459 684 4526 appellet.
734 4458 826 4512 lite
856 4460 996 4512 enim
1026 4476 1163 4513 verm
1192 4461 1336 4514 feria:
1366 4471 1509 4525 sunt,
1543 4462 1629 4515 ubi
1667 4462 1872 4515 anima-

283 4565 401 4603 rmn
429 4550 593 4614 salus,
626 4551 710 4605 ubi
740 4567 837 4618 pax
874 4562 926 4604 et
963 4554 1241 4606 concordia
1273 4562 1373 4615 est,
1404 4553 1487 4607 ubi
1516 4556 1689 4605 omnis
1717 4551 1871 4621 hujus

231 4623 236 4627 ”
289 4639 414 4692 vita:
445 4652 729 4708 apparatus
759 4641 1020 4709 abigitur;
1055 4642 1141 4694 ubi
1186 4644 1407 4704 clamor,
1435 4651 1490 4694 et
1517 4644 1790 4704 tumultus,
1820 4649 1874 4694 et

287 4744 577 4797 euquurum
605 4731 896 4795 discursus,
929 4742 981 4784 et
1004 4731 1258 4799 pecudum
1287 4734 1631 4785 mactatiuucs
1649 4748 1677 4785 e
1700 4731 1875 4784 medio

290 4822 549 4873 tolluntur
580 4837 593 4872 :
635 4822 785 4889 quies
830 4837 957 4873 veru
996 4824 1189 4887 omnis,
1221 4835 1275 4876 et
1303 4825 1671 4891 tranquillitas,
1702 4832 1757 4877 et
1784 4839 1875 4876 ca-

288 4911 440 4975 ritas,
471 4908 887 4977 etgattdium,'et
914 4928 1034 4979 pax,
1061 4922 1115 4967 et
1133 4916 1503 4977 mansuetudo,
1527 4925 1581 4968 et
1602 4916 1877 4969 innumera

292 5001 426 5053 bona
458 5018 552 5068 pro
574 5001 674 5053 illis
701 5002 751 5053 iu
781 5016 875 5055 usu
907 5012 1046 5055 sunt.

365 5092 672 5143 (.‘uncionum
694 5109 835 5145 verus
859 5094 976 5159 finis
999 5104 1041 5145 et
1071 5111 1286 5148 usus.—
1302 5096 1374 5149 De
1396 5096 1484 5149 illo
1512 5097 1668 5165 igitur
1689 5086 1876 5165 pauca,

293 5182 542 5246 obsecro,
571 5183 776 5236 caritati
823 5196 1013 5237 vestrm
1051 5188 1435 5254 colloquantur,
1470 5186 1626 5257 idque
1654 5188 1880 5255 primunt

296 5287 563 5341 rogemus,
596 5282 652 5326 ut
682 5289 956 5328 sermones
1002 5275 1119 5327 illos
1148 5286 1357 5329 nostros
1385 5276 1589 5345 placide
1626 5276 1886 5343 suseipia-

298 5364 386 5426 tis,
433 5378 539 5432 quo
579 5364 815 5425 domum,
867 5364 1091 5418 fructum
1135 5366 1415 5435 quemdam
1446 5366 1703 5435 insignem
1732 5381 1882 5420 asse-

298 5456 467 5522 quuti,
515 5455 763 5509 redeatis.
809 5454 993 5524 Neque
1022 5457 1162 5509 enim
1213 5464 1417 5510 temere
1464 5464 1518 5509 et
1556 5454 1749 5509 frustra
1782 5455 1885 5509 huc

298 5546 662 5607 convenimus,
696 5555 750 5598 ut
780 5562 913 5599 unus
933 5546 1145 5614 quidem
1175 5547 1437 5615 loquatur,
1457 5546 1591 5601 alius
1615 5561 1742 5599 vero
1768 5562 1885 5615 qua:

301 5638 547 5693 dicuntur
577 5637 848 5707 plausibus
878 5638 1129 5708 excipiat,
1172 5648 1223 5692 et
1252 5638 1329 5693 sic
1362 5638 1483 5694 hinc
1511 5636 1837 5695 excedamus
1867 5653 1881 5690 :

1932 1830 2027 1885 sed
2068 1840 2124 1883 ut
2167 1838 2222 1884 et
2261 1844 2358 1883 nos
2398 1829 2703 1898 l'mgil‘erum
2741 1830 2993 1899 quiddam
3021 1839 3073 1884 et
3110 1829 3267 1884 saluti
3332 1840 3526 1888 vestra!

1935 1919 2269 1975 eonducibile
2314 1921 2613 1990 loquamur,
2662 1929 2716 1973 et
2765 1936 2859 1973 vos
2906 1920 3053 1974 lucro
3082 1934 3113 1975 e
3141 1920 3298 1974 dictis
3328 1924 3527 1976 nostris

1933 2017 2174 2079 accepto,
2202 2019 2255 2064 et
2282 2008 2473 2078 amplae
2504 2010 2744 2063 utilitatis
2770 2010 2996 2063 fructum
3024 2010 3187 2074 nacti,
3218 2010 3338 2064 hinc
3368 2024 3528 2065 exea-

1939 2102 2025 2155 tis.
2060 2101 2298 2156 Ecclesia
2325 2115 2455 2155 sane
2493 2101 2705 2155 ol'licina
2733 2102 2973 2169 quaedam
3004 2111 3081 2157 est
3114 2101 3391 2157 medicina:
3414 2102 3530 2171 spi-

1938 2192 2181 2258 ritualis;
2228 2203 2283 2247 et
2328 2208 2420 2247 eos
2459 2193 2550 2262 qui
2596 2191 2700 2245 huc
2750 2193 2988 2256 veniunt,
3036 2200 3247 2261 oportet
3276 2206 3380 2244 non
3407 2200 3532 2244 ante

1938 2282 2154 2335 domum
2196 2281 2395 2346 redire,
2437 2297 2597 2351 quam
2641 2281 2727 2335 ubi
2770 2297 3001 2350 congrua
3045 2282 3281 2336 remedia
3308 2295 3532 2349 accepe-

1942 2372 2069 2435 rint,
2116 2371 2311 2440 illaque
2354 2372 2467 2425 suis
2497 2372 2806 2425 vulneribus
2833 2372 3191 2427 adhilmerint.
3242 2371 3375 2427 Nam
3403 2385 3536 2438 quo—

1942 2461 2103 2519 modo
2128 2461 2312 2520 audire
2338 2464 2535 2528 solum,
2569 2472 2622 2517 et
2647 2464 2900 2531 operibus
2930 2464 3058 2519 nihil
3087 2472 3361 2530 pricstare,
3404 2461 3535 2517 nihil

1945 2555 2276 2625 profuturum
2304 2557 2394 2622 sit,
2429 2552 2550 2609 audi
2578 2554 2789 2609 beatum
2826 2553 3043 2610 Paulum
3073 2553 3338 2610 dicentem
3367 2571 3380 2609 :
3415 2551 3537 2606 Non

1944 2647 2077 2700 enim
2118 2647 2375 2700 auditores
2418 2648 2539 2715 legis
2566 2648 2698 2717 justi
2746 2657 2863 2701 sunt
2910 2647 3047 2716 apud
3069 2646 3255 2712 Deum,
3297 2648 3386 2700 sed
3416 2646 3540 2715 legis

1945 2739 2159 2804 factores
2180 2735 2597 2805 justiﬁcabuntur
2624 2734 2802 2805 (Rom.
2832 2737 2888 2790 2.
2924 2737 3035 2802 l3).
3064 2736 3133 2789 Et
3147 2736 3389 2790 Christus
3406 2750 3538 2789 con-

1946 2826 2209 2880 cionando
2232 2827 2479 2881 dicebat:
2516 2825 2636 2880 Non
2678 2827 2841 2880 omnis
2869 2828 2955 2895 qui
2984 2827 3104 2879 dicit
3143 2827 3266 2879 mihi
3305 2824 3539 2890 Domine,

1947 2911 2184 2980 Domine,
2214 2915 2422 2968 intrabit
2452 2916 2503 2969 in
2526 2931 2735 2986 regnum
2768 2914 3025 2979 talorum,
3055 2916 3144 2969 sed
3176 2915 3264 2983 qui
3288 2914 3410 2986 facit
3450 2929 3541 2967 vo-

1950 3002 2188 3057 luntatem
2232 3002 2403 3057 Patris
2447 3005 2543 3057 mei
2584 3006 2669 3071 qui
2706 3006 2760 3057 in
2805 3005 2941 3058 ca’lis
2979 3015 3049 3058 est
3099 3004 3309 3073 (Matth.
3341 3006 3392 3058 7.
3419 3003 3539 3073 2i).

1952 3094 2114 3164 Igitur
2163 3094 2414 3157 scientes,
2463 3094 2663 3157 dilecti,
2717 3095 2915 3148 nullam
2947 3095 3226 3148 utilitatem
3257 3108 3323 3147 ex
3364 3094 3544 3147 auditu

1952 3200 2093 3246 esse,
2134 3184 2238 3238 nisi
2289 3185 2423 3239 bona
2455 3200 2615 3252 Opera
2644 3195 2949 3255 sequantur,
2983 3200 3049 3238 ue
3088 3184 3254 3237 simus
3274 3182 3547 3237 auditores

1954 3277 2249 3343 dumtaxat,
2278 3277 2371 3330 sed
2401 3277 2561 3331 etiam
2592 3277 2839 3344 factores,
2867 3293 2972 3347 quu
3009 3278 3119 3347 ipsa
3146 3291 3306 3345 opera
3336 3289 3544 3329 sermo-

1956 3382 2052 3423 nes
2094 3368 2367 3436 si‘quentia
2417 3368 2596 3422 multa:
2646 3368 2801 3421 nobis
2857 3368 3065 3421 lidueim
3134 3366 3241 3420 sint
3304 3365 3541 3419 occasio.

1958 3458 2186 3513 Proinde
2230 3458 2493 3527 explicitis
2536 3466 2725 3512 vestrae
2777 3458 2969 3512 mentis
3013 3457 3237 3521 sinibus,
3266 3469 3549 3510 sermones

1958 3549 2024 3604 de
2043 3548 2248 3618 jejunio
2269 3547 2539 3617 suscipite.
2574 3548 2641 3602 Et
2665 3546 3107 3617 quemadmodum
3138 3555 3337 3600 castam
3365 3559 3551 3613 quam-

1960 3641 2081 3694 dam
2109 3651 2163 3695 et
2193 3642 2472 3712 ingenuam
2502 3654 2752 3711 sponsam
2780 3639 3008 3703 ducturi,
3045 3637 3291 3694 thalamis
3318 3636 3553 3703 undique

1963 3735 2229 3806 tapetibus
2270 3738 2492 3801 ornatis,
2521 3736 2784 3803 doui0qtte
2811 3746 2917 3789 tota
2948 3743 3185 3803 purgata,
3218 3743 3271 3785 et
3310 3733 3554 3801 ingressu

1963 3829 2212 3882 omnibus
2252 3828 2544 3882 inhonestis
2581 3826 2786 3880 ancillis
2832 3826 3135 3890 interdicto,
3169 3825 3218 3878 in
3251 3825 3553 3879 cubiculum

1964 3918 2109 3973 illam
2141 3918 2480 3972 introducunt
2506 3934 2519 3969 :
2553 3918 2663 3987 pari
2705 3917 2865 3970 modo
2890 3917 3082 3971 vellem
3111 3916 3269 3969 etiam
3298 3931 3391 3968 vos
3410 3956 3424 3979 ,
3457 3930 3555 3967 ex-

1968 4021 2187 4078 purgata
2233 4019 2411 4064 metite
2453 4019 2649 4072 vestra,
2698 4008 2922 4078 valeque
2967 4007 3171 4061 deliciis
3200 4015 3254 4061 et
3282 4006 3558 4060 voracitati

1969 4101 2132 4166 dicto,
2167 4110 2388 4155 matrem
2437 4100 2672 4153 omnium
2719 4098 3000 4164 bonorum,
3030 4108 3082 4151 et
3111 4096 3397 4166 pudicitiae,
3425 4096 3555 4148 alia-

1972 4207 2199 4261 rumque
2227 4190 2478 4243 virtutqu
2522 4191 2759 4243 oumimn
2804 4190 3129 4257 magistram,
3158 4186 3440 4255 jejunium.
3480 4186 3563 4237 in-

1973 4296 2155 4352 quam,
2187 4281 2448 4349 explicitis
2476 4289 2667 4333 vestra:
2710 4279 2904 4332 mentis
2948 4277 3153 4331 sinibus
3183 4276 3476 4343 suscipere,
3508 4284 3564 4326 ut

1973 4384 2026 4426 et
2055 4386 2148 4425 vos
2176 4371 2363 4440 majori
2386 4369 2651 4423 ~l'ruamini
2695 4369 2982 4435 voluptate,
3025 4380 3072 4420 et
3106 4365 3233 4419 illud
3262 4380 3563 4433 congruen-

1977 4472 2083 4518 tem
2110 4462 2261 4517 vobis
2287 4477 2437 4516 suam
2469 4460 2782 4513 medicinam
2824 4459 3079 4512 conferat.
3128 4457 3258 4512 Nam
3300 4457 3344 4509 si
3376 4454 3567 4508 medici

1978 4558 2258 4625 pharmaca
2304 4554 2433 4607 dare
2475 4552 2736 4614 volentes,
2784 4558 2838 4605 ut
2866 4550 3138 4617 putt-idum
3167 4556 3221 4601 et
3259 4555 3566 4613 corruptum

1980 4647 2258 4701 humorem
2300 4653 2616 4712 expurgem,
2665 4656 2694 4693 a
2735 4640 2997 4709 corporali
3026 4639 3127 4692 hoc
3152 4638 3271 4692 cibo
3301 4637 3572 4691 abstinere

1982 4736 2314 4805 pl‘u‘Cipiuttl,
2358 4734 2427 4786 ita
2474 4743 2525 4784 ut
2572 4730 2840 4799 pharmaei
2872 4727 3121 4781 t-l‘lit-acite
3152 4743 3253 4779 non
3285 4727 3352 4780 sit
3389 4726 3571 4778 ohsta~

1981 4827 2186 4890 culum,
2215 4824 2307 4878 sed
2334 4822 2563 4892 operari,
2604 4836 2859 4888 suamque
2907 4819 3011 4872 vim
3046 4818 3169 4871 illud
3199 4818 3367 4885 possit
3387 4828 3572 4872 osten-

1983 4918 2146 4970 dere:
2194 4917 2360 4969 multo
2401 4913 2568 4983 magis
2611 4911 2762 4966 nubis
2803 4910 3074 4980 Spirituale
3118 4909 3220 4963 hoc
3257 4906 3570 4966 remedium,

1986 5010 2088 5063 hoc
2118 5020 2219 5071 est,
2268 5007 2547 5060 utilitatem
2591 5019 2710 5074 qua:
2741 5003 3031 5071 ex‘jejunio
3075 5009 3177 5064 est,
3222 4998 3572 5068 suseepturis,

1989 5102 2244 5156 tenuitate
2270 5100 2439 5153 victus
2464 5108 2700 5151 nostram
2732 5106 2963 5149 mentem
2993 5108 3310 5164 expurgare,
3337 5100 3389 5145 et
3414 5090 3579 5145 levio-

1989 5208 2100 5247 rem
2132 5191 2353 5245 reddere
2382 5189 2649 5251 convenit,
2684 5196 2741 5241 ut
2769 5202 2835 5241 ne
2864 5185 3121 5239 ebrietate
3158 5184 3401 5238 demersa
3438 5180 3581 5235 utili-

1992 5292 2176 5346 tatem,
2200 5298 2317 5351 qua:
2343 5296 2407 5334 ex
2438 5280 2527 5333 illo
2559 5278 2821 5348 provenit,
2850 5277 3067 5330 adimat.

2059 5373 2117 5428 ‘2.
2160 5374 2325 5427 Porro
2354 5372 2464 5425 seio
2493 5371 2703 5441 quidem
2737 5368 2849 5423 fore
2880 5376 2937 5421 ut
2965 5366 3143 5421 nmltis
3163 5380 3247 5432 ea,
3269 5379 3389 5435 qua:
3420 5360 3579 5415 hodie

1992 5482 2020 5520 a
2053 5465 2207 5520 nobis
2229 5462 2454 5519 dicenda
2496 5471 2641 5527 sunt,
2672 5461 2805 5514 mira
2833 5458 3146 5513 vidcantur:
3176 5454 3293 5521 sed,
3332 5452 3579 5517 obsecro,

2062 5642 2076 5676 ¹
2114 5637 2305 5691 coislin.
2329 5644 2380 5689 et
2403 5644 2506 5689 tres
2521 5635 2620 5697 alii,
2638 5642 2827 5687 nostris.
