4038 6434
458 387 526 442 15
1202 387 1261 444 S.
1298 384 1576 443 JOANNIS
1611 382 2086 442 CHRYSOSTOIII
2123 380 2444 439 ARCIIIEP.
2482 383 3013 442 CONSTANTINOP.
3653 385 3728 442 21

457 522 524 561 ne
547 501 920 561 consuetudini
967 510 1166 558 temere
1203 500 1522 566 serviamus,
1565 499 1661 554 sed
1707 499 1912 554 ratione
1949 511 2035 552 res

455 607 664 655 inutras
705 597 1065 653 instituamus.
1107 594 1368 665 Numquid
1411 595 1556 653 enim
1605 592 1735 647 lucri
1770 590 2037 661 quidpiam

452 704 519 743 ex
531 689 842 760 quotidiana
871 688 1087 756 crapula
1103 686 1321 756 jugiqne
1340 684 1598 740 ebrietate
1625 682 1776 737 nobis
1798 681 2041 737 accedit?

459 766 525 834 Et
549 779 671 846 quid
701 779 824 834 dico
848 777 1087 832 lucrum?
1112 777 1224 830 lmo
1241 777 1462 830 multum
1489 775 1738 829 damnum
1760 784 1814 827 et
1835 772 2040 842 jactura

459 868 811 922 intolerabilis
863 866 986 921 inde
1031 874 1392 935 exspectatur.
1449 866 1578 919 Cum
1629 864 1857 932 primum
1901 861 2039 915 enim

461 974 612 1012 mens
641 959 924 1013 vinolentia
956 957 1120 1011 multa
1144 955 1300 1014 fuerit
1333 957 1540 1020 obruta,
1569 956 1746 1015 statim
1775 966 1826 1010 et
1851 955 1902 1008 in
1926 955 2042 1024 ipso

462 1047 612 1102 initio
659 1047 876 1110 utilitas,
922 1054 1043 1117 qua;
1089 1063 1120 1101 a
1160 1046 1365 1116 jejunio
1409 1055 1513 1110 est,
1562 1045 1857 1114 repellitur.
1906 1043 2040 1111 Quid

461 1138 602 1190 enim
622 1135 912 1201 insuavius,
930 1136 1037 1203 dir,
1063 1137 1304 1199 obsecra,
1334 1135 1457 1205 quid
1485 1136 1609 1189 item
1637 1136 1862 1204 turpius,
1884 1150 2042 1204 quam

461 1241 582 1281 cum
609 1241 778 1296 usque
805 1225 876 1280 ad
912 1226 1139 1289 medium
1171 1235 1383 1281 noctem
1423 1240 1694 1280 meracum
1740 1226 2040 1291 sorbentes,

463 1317 563 1370 sub
585 1330 854 1380 auroram,
879 1314 1008 1371 solis
1019 1314 1207 1384 jubare
1229 1317 1457 1379 oriente,
1481 1314 1658 1368 vinum
1680 1315 1832 1384 quasi
1859 1329 2044 1369 recens

467 1408 728 1477 ingestum
755 1408 979 1478 spirant,
1003 1417 1058 1462 et
1083 1408 1484 1462 occurrentibus
1509 1403 1721 1476 quidem
1751 1407 2042 1475 iujucundi,

465 1498 724 1553 ministris
753 1513 882 1553 vero
908 1496 1235 1566 despiciendi
1264 1506 1542 1566 apparent,
1571 1505 1626 1551 et
1647 1495 1955 1551 deridentur
1980 1495 2047 1549 ab

464 1590 732 1654 omnibus,
757 1591 846 1661 qui
873 1591 1032 1645 modo
1055 1591 1181 1660 quid
1210 1591 1393 1645 deceat
1415 1591 1494 1644 vel
1519 1590 1704 1643 leviter
1725 1589 2043 1658 intelligunt,

465 1689 522 1735 et
565 1697 673 1749 pra:
711 1680 960 1736 omnibus
999 1681 1125 1746 illis,
1165 1680 1375 1750 quando
1419 1687 1635 1749 propter
1658 1679 1874 1733 nimiam
1906 1681 2045 1733 illam

466 1779 520 1824 et
549 1770 885 1824 immodicam
930 1759 1456 1840 intempestivamque
1493 1785 1556 1824 ac
1585 1769 1825 1824 inutilem
1857 1769 2051 1823 intem-

467 1861 760 1928 perantiam
807 1861 861 1916 in
916 1875 976 1916 se
1002 1859 1234 1915 divinam
1263 1873 1555 1929 provocant
1593 1860 2048 1929 indignationem?

469 1949 687 2017 Ebriosi,
732 1952 898 2014 enim,
945 1950 1132 2018 inquit,
1186 1966 1392 2020 regnum
1445 1949 1541 2004 Dei
1589 1967 1690 2004 non
1728 1950 2051 2019 possidebunt

467 2039 548 2110 (1.
577 2039 695 2093 Cor.
727 2039 782 2094 6.
816 2040 929 2110 l0).
955 2038 1090 2107 Quid
1121 2040 1279 2110 igitur
1321 2039 1424 2093 illis
1465 2040 1711 2094 miserius
1753 2041 1927 2100 fuerit,
1961 2039 2050 2107 qui

466 2131 540 2186 ob
567 2144 794 2199 parvam
835 2139 890 2184 et
915 2131 1264 2199 perniciosam
1295 2131 1617 2200 voluptatem
1646 2147 1678 2185 a
1707 2132 1854 2200 regni
1886 2132 2049 2185 vesti-

470 2219 608 2275 bulis
646 2217 972 2290 ejiciuntur?
1013 2219 1152 2275 absit
1191 2229 1370 2274 autem
1417 2228 1474 2274 ut
1513 2222 1630 2289 quis
1655 2237 1721 2275 ex
1753 2221 1816 2274 iis
1845 2221 1934 2290 qui
1967 2220 2052 2274 hic

469 2318 850 2375 convenerunt,
898 2309 998 2364 hoc
1045 2310 1232 2364 morbo
1271 2310 1561 2380 implicitus
1587 2311 1656 2365 sit
1685 2328 1699 2365 :
1731 2308 1823 2364 sed
1851 2308 2050 2362 utinam

471 2402 618 2456 omni
661 2416 784 2456 cum
825 2400 1127 2470 frugalitate
1153 2409 1210 2455 et
1243 2401 1569 2455 continentia
1612 2401 1772 2455 etiam
1819 2399 1920 2454 hoc
1967 2399 2054 2455 die

470 2481 759 2558 eonvivati,
788 2500 842 2545 et
870 2505 901 2544 a
925 2499 1239 2560 tempestate
1264 2505 1326 2544 ac
1353 2490 1607 2560 procella,
1636 2506 1794 2560 quam
1821 2490 2054 2546 ebrietas

471 2597 727 2653 generare
749 2582 907 2647 solet,
937 2581 1165 2647 liberati,
1193 2581 1246 2636 in
1276 2591 1483 2650 portum
1510 2581 1806 2635 animarum
1842 2591 2053 2636 nostra-

471 2688 611 2740 rum,
637 2673 918 2743 jejunium,
950 2672 1186 2743 inquam,
1207 2672 1474 2742 appellere
1496 2672 1786 2742 contingat,
1812 2680 1870 2726 ut
1889 2671 2054 2727 multa

469 2773 592 2821 eum
632 2762 872 2819 ubertate
911 2764 1052 2818 illius
1090 2763 1225 2818 bona
1251 2763 1501 2832 consequi
1545 2763 1827 2833 possimus.
1872 2764 2056 2818 Enim-

473 2870 603 2913 vero
622 2856 758 2910 sicut
781 2856 996 2925 crapula
1023 2856 1254 2910 humano
1277 2856 1463 2925 generi
1503 2855 1904 2911 innumerorum
1945 2869 2058 2909 ma-

477 2948 649 3002 lorum
674 2960 832 3002 causa
864 2956 946 3002 est
971 2956 1025 3002 et
1049 2946 1237 3008 fomes,
1269 2947 1340 3002 ita
1367 2947 1527 3002 etiam
1549 2946 1812 3018 jejunium
1832 2947 2057 3002 ventris-

473 3053 579 3109 que
607 3038 878 3108 neglectus
919 3037 1157 3092 omnium
1189 3037 1343 3092 nobis
1367 3037 1627 3092 honorum
1667 3053 1879 3110 semper
1898 3051 2056 3092 causa

475 3127 594 3183 fuit.
636 3127 767 3183 Nam
806 3127 949 3183 Deus
976 3142 1096 3182 cum
1121 3128 1190 3180 ab
1213 3128 1364 3183 initio
1393 3124 1670 3199 hominem
1710 3127 2057 3195 condidisset,

477 3228 533 3275 et
554 3219 716 3275 sciret
737 3232 860 3274 eum
887 3217 989 3272 hoc
1015 3216 1252 3272 remedio
1269 3215 1339 3271 ad
1367 3217 1557 3271 animae
1581 3217 1804 3272 salutem
1832 3217 2056 3272 multum

480 3311 680 3369 habere
712 3324 869 3380 opus,
917 3311 1094 3364 statim
1137 3318 1194 3364 et
1233 3308 1286 3364 in
1317 3308 1579 3380 principio
1619 3308 1721 3364 hoc
1751 3308 2056 3362 mandatum

480 3385 655 3472 primo
677 3399 885 3470 parenti
903 3398 1076 3463 dedit,
1100 3398 1284 3454 dicens
1313 3417 1326 3450 :
1356 3397 1434 3451 De
1457 3398 1596 3452 omni
1636 3398 1794 3470 ligno,
1829 3399 1963 3469 quod
1985 3410 2059 3452 est

474 3483 829 3565 imitandis!)
847 3531 862 3557 ,
904 3489 1214 3546 comedenda
1267 3490 1530 3553 comedes;
1588 3489 1653 3544 de
1698 3489 1837 3559 ligno
1895 3501 2061 3542 autem

479 3577 701 3637 scientia
751 3581 869 3636 boni
899 3572 949 3635 et
989 3575 1133 3648 mali,
1179 3597 1242 3636 ne
1272 3580 1546 3636 comedetis
1573 3581 1638 3635 de
1681 3581 1792 3651 ipso
1821 3580 1973 3648 (Gen.
2002 3581 2057 3635 2.

480 3668 594 3743 16).
621 3672 738 3728 iam
759 3672 958 3739 dicere,
987 3673 1100 3728 Hoc
1123 3672 1364 3738 comede,
1396 3672 1497 3727 hoc
1534 3688 1602 3727 ne
1628 3673 1898 3736 comedas,
1925 3673 2062 3742 jeju-

483 3765 555 3820 nii
603 3762 767 3835 ﬁgura
803 3773 938 3820 erat.
979 3764 1147 3820 Porro
1189 3779 1310 3818 cum
1356 3764 1458 3819 hoc
1499 3764 1803 3819 mandatum
1849 3780 2062 3820 servare

482 3857 828 3929 oportuisset,
883 3855 986 3913 hoc
1030 3866 1208 3913 tamen
1260 3856 1350 3912 ille
1394 3871 1498 3910 non
1545 3855 1709 3911 fecit:
1737 3855 1832 3911 sed
1863 3857 2064 3910 ventris

484 3947 893 4020 intemperantia
938 3947 1130 4014 victus,
1177 3957 1233 4004 et
1273 3947 1751 4018 transgressionem
1790 3957 2061 4017 operatus,

483 4039 552 4099 ad
576 4049 803 4099 mortem
830 4039 1213 4100 condemnatus
1234 4047 1336 4098 est.
1359 4039 1618 4110 Quoniam
1639 4038 1779 4099 enim
1807 4038 2067 4112 malignus

485 4135 575 4190 ille
601 4132 811 4189 daemon
839 4143 893 4189 et
920 4136 1086 4189 Mari
1112 4136 1325 4206 generis
1373 4137 1616 4190 inimicus
1667 4135 1797 4189 vidit
1839 4136 2065 4204 primum

486 4234 761 4296 parentem
783 4223 838 4297 in
865 4225 1112 4296 paradiso
1143 4234 1473 4293 versantem,
1499 4227 1768 4296 vitamque
1797 4225 1938 4279 illam
1965 4225 2068 4279 mi-

485 4313 641 4393 seriae
686 4323 958 4382 expertem
985 4354 1001 4381 ,
1049 4326 1105 4370 et
1160 4331 1282 4370 eum
1325 4317 1415 4386 qui
1461 4316 1671 4385 corpori
1715 4316 1792 4370 sic
1830 4321 2068 4372 annexus

467 4397 621 4486 erat,
667 4413 934 4481 tamquam
976 4409 1220 4478 angelum
1251 4425 1412 4478 super
1438 4415 1638 4463 terram
1676 4422 1854 4477 agere,
1885 4407 2068 4462 volens

488 4495 638 4553 illum
679 4497 1020 4567 supplantare
1058 4507 1114 4552 et
1154 4497 1386 4568 dejicere
1413 4498 1728 4569 ampliorum
1755 4498 2062 4566 promissio-

490 4601 616 4642 num
660 4601 776 4656 spe,
816 4587 962 4641 illum
1007 4588 1167 4643 etiam
1209 4588 1274 4642 iis
1319 4603 1438 4656 quae
1479 4587 1532 4641 in
1571 4588 1814 4641 manibus
1842 4587 2068 4643 habebat

489 4675 757 4746 spoliavit.
804 4675 1028 4730 Tantum
1071 4685 1156 4731 est
1194 4675 1390 4730 malum
1418 4691 1525 4730 non
1551 4690 1610 4730 se
1634 4677 1907 4732 continere
1933 4678 2066 4731 intra

492 4766 737 4836 proprios
790 4765 1004 4831 limites,
1048 4765 1145 4824 sed
1195 4767 1486 4837 majoribus
1536 4767 1763 4823 inhiare.
1820 4768 1888 4823 Et
1930 4769 2067 4824 istud

491 4858 664 4926 ipsum
713 4857 927 4928 sapiens
964 4858 1178 4928 quidam
1226 4859 1503 4914 declarans
1551 4858 1763 4914 dicebat
1805 4877 1818 4914 :
1868 4859 2070 4914 Invidia

491 4956 663 5002 autem
696 4948 884 5015 diaboli
928 4965 1062 5002 mora
1099 4949 1300 5003 nutavit
1339 4950 1391 5003 in
1419 4949 1661 5003 nandum
1685 4949 1845 5020 (Sep.
1870 4949 1922 5004 2.
1952 4949 2068 5020 24).

497 5025 676 5106 Vides,
706 5037 921 5104 dilecte,
964 5039 1231 5108 quomodo
1257 5039 1326 5095 ab
1361 5039 1512 5094 initio
1553 5041 1734 5095 statim
1760 5056 1831 5094 ex
1857 5043 2071 5109 crapula

495 5143 641 5185 mors
682 5129 974 5202 ingressum
1017 5128 1241 5184 habuit?
1277 5128 1566 5185 Considera
1596 5139 1770 5185 autem
1802 5131 1991 5186 iterum
2020 5140 2075 5186 et

495 5229 616 5292 post
640 5218 756 5289 haec
789 5210 1020 5276 divinam
1054 5219 1382 5289 Scripturam
1421 5219 1646 5275 subinde
1673 5221 1893 5277 delicias
1921 5223 2072 5276 iucu-

493 5320 701 5366 santern
724 5326 789 5385 ac
806 5309 1071 5366 dicentem
1099 5311 1287 5374 alicubi
1315 5329 1329 5366 :
1357 5309 1504 5365 Sedit
1533 5311 1751 5379 populus
1769 5312 2076 5365 manducare

495 5413 544 5456 et
585 5401 771 5464 bibere,
812 5411 861 5455 et
899 5410 1221 5456 surrexerim
1260 5401 1436 5456 laden
1473 5400 1667 5471 (Exod.
1713 5402 1799 5456 52.
1841 5402 1923 5470 6);
1947 5402 2074 5457 alibi

499 5505 663 5546 vero:
707 5490 776 5543 ιιι
822 5491 1055 5555 comedit,
1098 5500 1148 5546 et
1188 5489 1328 5557 bibit,
1373 5500 1420 5550 et
1446 5491 1786 5562 impiuguatus
1806 5503 1899 5558 est,
1926 5502 1973 5547 et
1997 5494 2076 5546 in-

497 5588 774 5657 cruentus,
802 5569 848 5634 et
871 5580 1200 5657 recalcitrasit
1224 5581 1438 5638 dilectus
1473 5580 1647 5652 (Deut.
1680 5582 1770 5636 32.
1799 5581 1915 5651 15),
1939 5583 2075 5648 Quin

500 5686 556 5733 ct
572 5655 930 5732 sodomorum
952 5655 1140 5729 imlz’
1156 5673 1598 5744 indeprecabilem
1619 5673 1761 5727 illam
1799 5673 1932 5728 iram
1959 5687 2077 5726 cum

504 5785 569 5826 ex
603 5766 722 5826 aliis
747 5766 904 5824 malis
926 5774 1038 5824 tum
1066 5765 1188 5823 hinc
1214 5767 1315 5825 sibi
1340 5768 1750 5825 secet-siverunt.
1776 5765 1911 5822 Audi
1934 5764 2076 5822 enim

2148 496 2467 568 prophetam
2479 497 2741 554 dicentem
2771 515 2785 552 :
2819 498 2942 554 Hoc
2963 500 3200 569 iniquitas
3216 499 3735 570 Sedetanumque!

2143 588 2195 640 in
2221 590 2449 643 satietate
2469 605 2655 658 panum
2681 587 3002 643 lasciviebant
3023 587 3234 658 (Each.
3260 589 3348 644 16.
3377 588 3491 660 49).
3516 589 3740 644 Morbus

2143 678 2286 732 enim
2335 679 2422 734 ille
2458 680 2608 749 quasi
2648 679 2796 735 radix
2842 688 2896 735 et
2923 678 3046 735 fons
3068 679 3280 750 quidam
3311 681 3572 736 malorum
3608 696 3733 736 oni-

2146 771 2290 824 niom
2317 779 2419 825 est.

2216 860 2269 915 5.
2306 859 2574 932 Jejunium
2620 862 2848 928 exemplo
2887 872 3176 916 sanctorum
3216 863 3618 932 commendatur.
3643 885 3735 906 ~—

2149 951 2333 1006 Vidisti
2355 930 2586 1023 crapula:
2607 952 3022 1007 nocumentuml
3048 951 3186 1006 Vide
3203 952 3363 1007 etiam
3381 930 3570 1022 jejujtii
3592 967 3738 1022 pra:-

2145 1044 2290 1097 clara
2320 1043 2576 1099 facinora.
2605 1044 2965 1115 Quadraginta
2990 1043 3108 1099 dies
3148 1060 3269 1098 cum
3296 1043 3592 1114 jejunasset
3620 1061 3736 1100 ma-

2147 1149 2280 1204 gnus
2302 1135 2495 1201 Moses,
2516 1135 2648 1205 legis
2670 1135 2873 1190 tabulas
2890 1137 3133 1204 accipere
3155 1135 3324 1204 potuit
3346 1153 3361 1189 :
3382 1144 3438 1189 et
3456 1135 3740 1204 quoniam,

2149 1234 2206 1279 nt
2228 1224 2524 1291 descendit,
2545 1224 2674 1279 vidit
2699 1224 2878 1295 populi
2904 1224 3260 1292 iniquitatem,
3289 1239 3419 1294 quas
3437 1239 3559 1279 eum
3584 1232 3742 1278 tanto

2147 1317 2357 1384 studio,
2387 1326 2444 1372 et
2461 1317 2800 1382 assiduitate,
2845 1317 3088 1386 accipere
3130 1316 3336 1386 potuit,
3369 1333 3460 1371 eas
3498 1317 3741 1386 abjectas

2148 1408 2405 1462 contrivit
2442 1407 2653 1478 (Exod.
2684 1408 2776 1462 24.
2809 1407 2911 1472 18;
2942 1417 2991 1461 et
3015 1407 3103 1462 51.
3138 1408 3240 1473 18;
3267 1417 3316 1461 et
3342 1406 3430 1462 52.
3463 1406 3602 1477 l9),
3635 1408 3737 1462 ab-

2150 1498 2368 1552 surdum
2398 1512 2518 1552 esse
2545 1510 2798 1563 censetis,
2829 1497 3038 1552 ebrium
3068 1506 3122 1551 et
3148 1498 3603 1565 praevaricatorem
3638 1515 3740 1566 po-

2151 1588 2330 1656 pulum
2356 1587 2501 1658 leges
2528 1603 2557 1641 a
2595 1588 2819 1642 Domino
2847 1587 3088 1641 conditas
3113 1587 3370 1655 accipere.
3400 1587 3742 1657 QuaprOpter

2150 1680 2327 1735 denuo
2364 1679 2708 1748 quadraginta
2741 1679 2947 1733 dierum
2971 1678 3175 1747 jejunio
3201 1693 3336 1747 opus
3358 1678 3538 1734 habuit
3565 1679 3744 1732 admi.

2150 1769 2348 1825 randus
2374 1770 2458 1824 ille
2487 1769 2764 1839 propheta,
2795 1777 2852 1822 ut
2879 1769 3080 1822 tabulas
3119 1778 3336 1838 propter
3364 1769 3602 1835 ipsorum
3630 1768 3742 1823 iui-

2152 1861 2404 1930 quitatem
2432 1862 2686 1915 contritas
2711 1863 2902 1913 iterum
2923 1874 3153 1927 superne
3173 1870 3414 1928 receptas
3432 1860 3748 1930 deportaret

2155 1951 2360 2022 (Exod.
2403 1952 2490 2007 3L.
2532 1950 2663 2020 28).
2702 1951 2942 2010 Totidem
2985 1951 3191 2005 dierum
3220 1951 3477 2020 jejunium
3529 1961 3586 2006 et
3627 1967 3728 2005 mar

2152 2059 2288 2114 gnus
2314 2043 2491 2098 Helias
2519 2042 2771 2112 transegit
2789 2082 2805 2107 ,
2846 2042 3111 2109 vitataque
3141 2043 3326 2096 mortis
3357 2041 3656 2113 tyrannide,
3685 2053 3744 2096 cr

2154 2151 2313 2189 curru
2341 2135 2495 2203 igneo
2536 2135 2683 2203 quasi
2731 2134 2782 2186 in
2822 2133 3010 2186 caelum
3042 2139 3256 2200 raptus,
3292 2133 3451 2186 etiam
3492 2147 3659 2200 usque
3687 2132 3746 2186 in

2156 2227 2292 2280 hanc
2311 2225 2452 2290 diem
2481 2233 2706 2278 mortem
2733 2238 2838 2279 nou
2866 2231 3119 2291 expertus
3141 2230 3223 2276 est
3264 2223 3340 2294 (5.
3373 2223 3502 2293 Reg.
3535 2223 3623 2277 l9.
3658 2223 3741 2295 8).

2159 2316 2251 2371 Vir
2276 2330 2488 2386 quoque
2526 2314 2932 2380 desideriorum,
2961 2321 3177 2383 peracto
3205 2314 3492 2368 multorum
3530 2313 3740 2368 dierum

2153 2407 2357 2477 jejunio
2380 2447 2395 2471 ,
2437 2406 2808 2469 admirandam
2849 2403 2992 2460 illam
3031 2405 3289 2460 visionem
3321 2414 3507 2459 nactus
3535 2414 3649 2473 est,
3687 2415 3745 2461 ct

2158 2499 2370 2554 leonum
2401 2498 2636 2554 furorem
2663 2501 2991 2570 compescuit
3020 2501 3072 2554 in
3102 2501 3388 2570 oviumque
3430 2509 3742 2555 mansuetu-

2157 2589 2336 2645 dinem
2361 2590 2520 2646 vertit
2546 2589 2721 2659 (Dan.
2753 2591 2841 2646 10.
2871 2590 2965 2662 5),
2993 2607 3098 2646 non
3119 2600 3362 2644 naturam
3383 2598 3738 2656 commutatis,

2158 2681 2250 2737 sed
2269 2681 2475 2737 feritate
2491 2691 2740 2737 manente
2759 2682 3050 2752 appetitum
3062 2689 3320 2736 mutatum
3334 2680 3610 2736 cohibens.
3631 2681 3745 2735 Hoc

2154 2772 2358 2843 jejunio
2372 2783 2426 2828 et
2440 2773 2684 2829 Ninivitre
2702 2775 2806 2839 usi,
2828 2773 3148 2828 sententiam
3173 2773 3380 2827 Domini
3397 2781 3738 2837 revocarunt,

2159 2865 2453 2920 efﬁcientes
2480 2875 2542 2920 ut
2559 2874 2667 2920 tam
2689 2865 2926 2933 jumenta
2954 2877 3115 2934 quant
3143 2863 3387 2918 homines
3413 2863 3538 2917 illud
3567 2864 3744 2918 susci-

2159 2968 2381 3027 perent,
2410 2971 2464 3013 et
2500 2959 2578 3013 sic
2605 2957 2953 3012 abscedentes
2979 2955 3341 3025 unusquisque
3377 2969 3407 3008 a
3446 2955 3600 3008 malis
3627 2963 3744 3010 stu-

2159 3048 2283 3114 diis,
2311 3047 2377 3102 ad
2405 3046 2742 3104 clementiam
2771 3047 3138 3101 universon
3170 3045 3450 3099 Domintun
3482 3058 3742 3114 promea-

2163 3147 2282 3192 rent
2321 3136 2505 3208 (Iona
2532 3138 2585 3192 5.
2613 3137 2646 3190 7
2664 3136 2704 3207 ).
2747 3137 2812 3191 Et
2836 3136 2963 3205 quid
2992 3135 3133 3190 circa
3163 3150 3346 3190 servos
3366 3134 3600 3209 ulterius
3625 3149 3748 3189 ver-

2163 3229 2296 3284 sor?
2344 3227 2544 3281 Etenim
2578 3240 2853 3296 possemus
2889 3234 2944 3281 et
2968 3224 3103 3280 alios
3134 3223 3390 3294 plurimos
3413 3238 3747 3278 commemo-

2165 3336 2284 3374 rare
2312 3319 2432 3373 etin
2463 3317 2664 3384 Veteri,
2689 3318 2816 3372 etin
2838 3316 2986 3371 Novo
3004 3315 3347 3370 Testamento
3374 3329 3469 3383 per
3482 3313 3746 3384 jejunium

2161 3409 2490 3471 celebratos;
2523 3423 2706 3463 verum
2740 3422 2920 3477 operte
2945 3405 3170 3475 pretium
3192 3414 3296 3472 est,
3327 3414 3387 3459 ut
3411 3405 3476 3460 ad
3500 3420 3748 3460 commu-

2166 3515 2285 3553 nem
2331 3499 2500 3553 nostri
2541 3499 2777 3553 omnium
2819 3497 3101 3553 Dominum
3143 3496 3438 3551 veniamus.
3490 3495 3750 3552 Dominus

2165 3590 2306 3643 enim
2353 3597 2535 3644 noster
2561 3588 2721 3644 Jssus
2744 3588 3006 3643 CHRISTUS
3031 3595 3087 3642 et
3114 3587 3228 3656 ipse
3255 3586 3602 3657 quadraginta
3627 3587 3751 3642 die—

2166 3696 2279 3734 rum
2311 3679 2588 3748 prmmisso
2611 3679 2835 3748 jejunio,
2868 3679 2945 3732 sic
2971 3689 3243 3733 certamen
3265 3687 3449 3732 contra
3474 3677 3750 3733 diabolum

2167 3786 2447 3840 aggressus
2466 3779 2548 3824 est
2578 3769 2789 3840 (Matth.
2822 3770 2877 3824 4.
2904 3769 2986 3839 2),
3010 3769 3364 3839 omnibusque
3396 3768 3550 3823 nobis
3570 3783 3754 3824 exem-

2170 3860 2314 3929 plum
2342 3860 2519 3926 dedit,
2553 3869 2608 3913 ut
2638 3875 2735 3930 per
2762 3859 2888 3914 illud
2915 3874 3206 3924 armemur,
3248 3868 3304 3914 et
3340 3875 3409 3915 ex
3455 3858 3549 3914 illo
3585 3860 3754 3915 robur

2169 3966 2459 4015 sumamus,
2487 3961 2544 4005 ut
2563 3951 2627 4004 ad
2658 3966 2884 4020 pugnam
2900 3961 3084 4006 contra
3104 3950 3375 4005 diabolum
3398 3950 3748 4005 instruamur.

2171 4043 2240 4096 At
2268 4040 2354 4095 hic
2379 4040 2623 4095 fortassis
2647 4041 2914 4109 rogaverit
2935 4041 3197 4112 quispiam
3223 4053 3410 4095 eorum
3434 4041 3522 4110 qui
3546 4041 3756 4096 acutius

2169 4132 2350 4190 vident
2370 4177 2385 4202 ,
2432 4140 2487 4191 et
2535 4132 2844 4189 excitatiore
2871 4131 3050 4184 animo
3078 4140 3200 4185 sunt
3243 4148 3257 4184 :
3295 4145 3460 4200 quare
3490 4130 3710 4186 totidem
3734 4172 3753 4200 ,

2171 4237 2301 4297 quot
2324 4227 2485 4291 servi,
2508 4225 2625 4280 dies
2649 4220 2904 4279 Dominus
2923 4219 3168 4294 jejunare
3193 4220 3540 4294 conspicitur,
3571 4228 3626 4279 et
3652 4235 3758 4279 nu-

2173 4333 2380 4371 merum
2423 4317 2572 4370 illum
2618 4331 2720 4369 non
2767 4313 3190 4385 transgreditur?
3218 4312 3333 4368 Non
3373 4314 3476 4368 hoc
3519 4321 3755 4381 temere,

2172 4421 2343 4476 neque
2368 4405 2583 4471 frustra,
2616 4406 2723 4459 imo
2752 4419 2880 4459 vero
2907 4405 3177 4473 sapienter
3204 4412 3259 4458 et
3286 4418 3382 4474 pro
3413 4401 3665 4458 ineffabili
3690 4407 3757 4454 it-

2174 4497 2274 4550 lius
2295 4496 2616 4565 benignitate
2642 4495 2834 4549 factum
2857 4502 2958 4550 est.
2987 4493 3187 4562 Nempe
3207 4509 3273 4547 ne
3297 4493 3638 4547 existimetur
3658 4507 3758 4562 ap-

2173 4597 2423 4659 parenter
2454 4597 2657 4651 tantum
2687 4586 2968 4641 advenisse
2988 4624 3004 4652 ,
3037 4593 3093 4640 et
3120 4599 3224 4639 non
3249 4574 3605 4653 assumpsisse
3629 4598 3757 4638 car-

2175 4695 2320 4745 nem,
2354 4679 2439 4734 vel
2479 4688 2628 4733 extra
2655 4678 2941 4732 humanam
2965 4690 3086 4731 esse
3113 4684 3378 4740 naturam,
3408 4683 3627 4742 prepter
3654 4671 3760 4728 hoe

2174 4770 2323 4825 illum
2355 4769 2526 4838 ipsum
2564 4782 2844 4821 numerum
2868 4765 3102 4836 jejunat,
3151 4777 3324 4832 neque
3361 4762 3496 4817 alios
3531 4761 3615 4816 his
3639 4761 3758 4816 die-

2176 4859 2275 4913 bus
2299 4857 2512 4927 adjicit,
2547 4857 2625 4910 sic
2653 4855 2837 4910 volens
2871 4854 3328 4909 cententiosorum
3373 4850 3759 4920 impudentiam

2177 4949 2409 5004 frenare.
2441 4947 2570 5002 Nam
2602 4947 2646 5002 si
2674 4946 2838 5001 rebus
2863 4945 2934 4999 ila
2966 4945 3165 5014 gestis,
3211 4942 3425 5013 quidam
3465 4943 3759 4996 etiamnum

2179 5041 2276 5094 ista
2307 5038 2450 5109 loqui
2479 5039 2708 5102 audent,
2735 5036 2835 5089 nisi
2863 5035 3052 5088 horum
3089 5034 3344 5102 praescius
3372 5032 3511 5086 hanc
3537 5031 3639 5085 illis
3665 5045 3760 5084 sn-

2178 5145 2292 5184 sam
2327 5130 2646 5191 ademisset,
2679 5125 2803 5196 quid
2849 5140 2954 5178 non
3002 5123 3178 5177 dicere
3220 5121 3525 5191 aggressuri
3569 5121 3768 5174 erant?

2182 5220 2306 5276 Ideo
2331 5219 2499 5273 noluit
2526 5219 2706 5288 plures
2747 5215 2864 5270 dies
2901 5213 3178 5284 jejunare,
3219 5210 3314 5265 sed
3346 5209 3602 5273 totidem,
3632 5218 3764 5278 quot

2179 5313 2323 5370 servi
2346 5330 2362 5368 :
2383 5323 2439 5368 ut
2454 5327 2514 5366 re
2545 5311 2656 5380 ipsa
2675 5323 2784 5363 nos
2795 5307 3023 5371 erudiat,
3043 5320 3101 5359 se
3121 5302 3308 5358 eadem
3336 5318 3436 5371 qua
3478 5316 3578 5355 uos
3601 5315 3764 5355 carne

2180 5407 2433 5461 amictum
2475 5413 2583 5457 eta
2612 5413 2798 5457 natura
2849 5407 3030 5454 nostra
3063 5405 3374 5450 extraneum
3421 5409 3527 5448 non
3581 5391 3762 5446 fuisse.

2252 5496 2309 5550 4.
2349 5495 2612 5547 Caeterum
2659 5490 2909 5561 quoniam
2939 5503 2968 5542 a
2997 5486 3151 5541 nobis
3189 5484 3612 5541 demonstratum
3643 5491 3763 5547 est,

2183 5602 2341 5656 quam
2363 5597 2552 5654 magna
2576 5583 2648 5638 sit
2669 5582 2859 5652 jejuuii
2887 5580 2986 5643 vis,
3015 5588 3071 5632 et
3091 5593 3250 5646 quam
3282 5575 3554 5642 multiplex
3581 5589 3643 5626 ex
3672 5573 3767 5626 illo

2186 5675 2405 5739 utilitas,
2434 5672 2591 5743 idque
2609 5671 2857 5741 exemplo
2877 5683 3151 5724 servorum
3172 5681 3235 5720 ac
3259 5665 3464 5719 Domini
3486 5675 3567 5717 est
3587 5673 3766 5716 osten-

2191 5783 2346 5836 sum;
2387 5765 2508 5823 ideo
2549 5765 2771 5822 obsecro
2810 5762 3082 5819 caritatem
3131 5769 3394 5827 vestram,
3435 5766 3493 5812 ut
3537 5761 3767 5812 scientes
