4038 6376
269 336 343 390 ’⁵
1483 318 1548 374 IN
1588 307 1825 371 cam.
1867 297 2116 360 cenas.
2157 290 2392 350 nontc.
2433 287 2499 344 u.
3508 265 3579 321 ,θ

266 444 526 496 nutantum
555 447 619 489 ex
651 433 742 487 illo
761 430 1166 500 sitlucrum,_ne
1184 430 1473 484 utilitatem
1494 436 1722 492 tantam,
1747 442 1869 498 qua:

261 545 329 584 ex
361 529 456 582 illo
479 535 718 595 paratur,
750 522 1120 593 perdesidiam
1149 521 1450 590 repellatis,
1473 536 1648 588 nequc
1666 519 1871 574 contri~

267 620 486 675 stemini
514 627 737 690 prapter
762 617 904 671 illius
928 615 1244 680 adventum,
1274 614 1369 668 sed
1393 613 1672 682 gaudeatis
1701 621 1753 665 et
1779 627 1876 666 en-

269 727 499 790 sultetis,
527 723 822 780 secundum
849 720 1059 774 beatum
1087 711 1330 773 Paulum,
1356 705 1657 760 dicentem:
1685 697 1864 764 Quan-

268 829 319 871 ta
344 829 580 874 quernas
605 824 773 870 noster
799 813 948 865 homo
972 802 1331 871 corrumpitur,
1365 804 1504 850 tanta
1529 793 1756 845 internus
1785 802 1867 838 re—

272 921 484 964 novatur
509 909 582 977 (2.
615 905 732 960 Cor.
761 905 816 958 4.
851 899 962 970 16).
991 895 1255 966 Jejuniutn
1276 890 1417 943 enim
1446 886 1639 938 anima:
1669 887 1869 933 nostrae

270 971 585 1054 alimentum
607 1003 708 1058 est,
732 1003 786 1047 et
807 991 946 1045 sicut
964 984 1258 1055 corporalis
1279 981 1381 1033 iste
1402 976 1554 1030 cibus
1575 971 1870 1040 impingunt

272 1105 490 1160 enrpus,
525 1090 597 1142 ita
639 1096 690 1139 et
715 1083 980 1153 jejunium
1007 1077 1237 1131 animam
1271 1069 1587 1124 habiliorem
1626 1060 1791 1118 efficit
1815 1066 1869 1112 et

272 1149 652 1241 vzileiitioretn,
682 1149 827 1231 leves
854 1173 902 1227 ei
929 1183 1132 1241 pennas
1158 1171 1328 1234 parat,
1362 1167 1420 1214 ut
1445 1158 1497 1212 in
1528 1154 1756 1210 sublime
1787 1149 1869 1204 fe-

274 1284 442 1335 ratur,
473 1281 526 1323 ct
552 1283 757 1323 summa
783 1259 1130 1330 contemplari
1156 1264 1350 1327 queat,
1378 1246 1868 1318 voluptatibusque,

273 1379 326 1421 et
356 1364 603 1419 omnibus
628 1375 748 1430 qua:
776 1359 828 1411 in
858 1356 961 1409 hoc
993 1352 1192 1406 mundo
1233 1347 1496 1401 habentur
1522 1338 1726 1401 suavia,
1756 1336 1871 1430 ipsa

271 1462 342 1510 sit
370 1453 610 1523 superior
633 1452 672 1502 ⁸.
703 1449 769 1502 Ει
791 1441 1240 1516 quemadmodum
1268 1437 1494 1491 leviores
1519 1443 1689 1485 naves
1703 1425 1871 1481 maria

275 1543 516 1599 velocius
557 1546 868 1596 transeunt,
901 1542 1085 1589 contra
1125 1529 1302 1584 multis
1341 1523 1594 1579 oneribus
1635 1527 1871 1588 gravata:

275 1636 724 1702 submerguntur,
774 1629 845 1680 ita
871 1624 1132 1695 jejunium
1179 1617 1392 1689 quidem
1440 1614 1696 1668 leviorem
1743 1607 1871 1662 red-

271 1726 411 1779 dens
437 1701 691 1782 mentem,
742 1717 907 1773 eflicit
951 1725 1011 1769 ut
1055 1712 1259 1766 facilius
1293 1707 1449 1776 hujus
1490 1704 1614 1757 vita:
1655 1701 1873 1770 pelagus

275 1815 636 1882 transmittat,
663 1821 715 1865 et
745 1812 796 1864 in
825 1809 1016 1863 cadum
1046 1820 1108 1859 ac
1137 1802 1367 1860 caelestia
1398 1797 1673 1866 suspiciat,
1703 1802 1762 1847 et
1790 1791 1874 1844 ni-

276 1910 367 1962 hili
400 1908 554 1961 faciat
577 1903 882 1974 pnesentia,
905 1900 998 1954 sed
1021 1910 1080 1953 ut
1104 1896 1320 1950 umbras
1340 1904 1392 1947 et
1416 1889 1621 1944 somnia
1643 1884 1873 1953 diffuge-

279 2016 337 2054 re
363 2009 599 2053 censmt.
619 1996 816 2050 Verum
835 1993 1067 2046 ebrietas
1088 1999 1140 2043 et
1160 1985 1373 2057 crapula
1395 1983 1698 2050 degravaus
1723 1991 1876 2030 men-

280 2102 410 2151 tem,
448 2097 504 2142 et
535 2087 867 2154 impinguans
895 2096 1108 2151 corpus,
1155 2077 1420 2147 captivam
1452 2071 1572 2126 facit
1605 2069 1835 2123 animam
1855 2106 1872 2131 ,

278 2179 514 2248 undique
546 2177 688 2230 illam
732 2187 1044 2243 oppugnans
1064 2212 1080 2236 ,
1111 2184 1281 2239 neque
1311 2166 1438 2220 sinit
1476 2161 1698 2218 rationis
1733 2159 1878 2230 judi-

276 2270 418 2323 cium
456 2269 664 2322 firmum
709 2266 1024 2328 consistere,
1057 2261 1150 2315 sed
1199 2257 1423 2328 impellit
1450 2263 1508 2309 ut
1557 2253 1611 2307 in
1637 2262 1877 2321 praeceps

281 2360 502 2422 feratur,
544 2366 600 2412 et
627 2357 805 2411 omnia
834 2364 1019 2408 contra
1049 2350 1316 2421 propriam
1347 2347 1573 2402 salutem
1601 2352 1873 2412 operetur.

283 2452 465 2516 Igitur,
492 2448 693 2514 dilecti,
725 2462 793 2501 ne
813 2444 1050 2515 segniter
1079 2441 1418 2496 instituamus
1450 2450 1515 2489 ea
1539 2449 1658 2502 qua!
1686 2432 1754 2486 ad
1785 2443 1875 2484 sa-

251 2542 443 2609 ,lutem
486 2552 721 2597 nostram
765 2537 1028 2601 attinent;
1077 2533 1171 2588 sed
1210 2533 1442 2586 scientes
1489 2534 1684 2596 quanta
1739 2523 1877 2577 mala

284 2635 408 2689 hinc
434 2633 582 2687 nasci
611 2632 859 2694 soleant,
893 2627 1156 2699 fugiamus
1200 2625 1453 2679 damnum
1496 2619 1638 2690 quod
1679 2634 1748 2673 ex
1786 2617 1876 2670 illa

283 2726 549 2796 provenit.
575 2724 758 2793 Neque
784 2722 928 2778 enim
956 2721 1010 2775 in
1039 2733 1175 2774 nova
1204 2719 1321 2786 lege
1349 2715 1521 2770 solum
1544 2754 1560 2778 ,
1590 2711 1681 2766 ubi
1707 2709 1880 2778 majus

283 2834 425 2872 vene
455 2816 807 2886 philosophia:
835 2812 1093 2874 studium,
1131 2809 1335 2880 majora
1362 2805 1670 2867 certamina,
1702 2802 1879 2871 magni

283 2908 531 2970 sudores,
560 2904 726 2959 multa
765 2902 968 2965 bravia,
1001 2911 1055 2956 et
1083 2898 1382 2954 ineffabiles
1411 2909 1646 2957 coronm,
1676 2891 1880 2945 deliciis

286 2999 439 3051 nobis
467 2995 821 3060 interdicitur,
852 2993 948 3048 sed
975 2992 1134 3046 etiam
1167 2991 1220 3044 in
1249 2988 1438 3047 veteri,
1467 2984 1682 3055 quando
1710 2982 1881 3036 Juda'i

284 3087 462 3142 adhuc
492 3076 694 3139 umbra:
734 3083 1071 3146 assidebam,
1103 3089 1154 3135 et
1183 3081 1413 3134 lucerna:
1439 3085 1591 3131 erant
1615 3073 1795 3134 affixi,
1828 3081 1913 3127 ρι-

285 3179 430 3233 velut
469 3178 617 3245 pueri
648 3177 736 3246 qui
768 3176 907 3230 lacte
931 3173 1259 3237 nutriuntur,
1291 3170 1370 3222 sic
1393 3165 1648 3237 paulatim
1678 3163 1879 3219 educa-

285 3271 499 3331 bantur,
529 3284 701 3338 neque
729 3277 856 3320 tunc
877 3262 1320 3334 permittebantur
1343 3259 1551 3314 deliciis
1572 3270 1783 3311 vacare.
1816 3254 1881 3309 Et

289 3377 356 3417 ne
384 3362 700 3416 existimetis
726 3374 823 3413 nos
849 3367 1052 3413 temere
1079 3355 1297 3409 delicias
1325 3362 1638 3406 accusantes
1668 3353 1766 3404 ista
1797 3350 1882 3402 di-

285 3467 410 3508 cere
435 3493 451 3516 ,
484 3451 665 3507 audite
709 3450 1024 3518 prophetam
1067 3448 1144 3502 sic
1184 3447 1489 3516 loquentem
1522 3461 1534 3495 :
1578 3442 1666 3496 Vae
1706 3443 1769 3494 iis
1797 3443 1883 3510 qui

285 3546 487 3598 veniant
516 3544 582 3597 ad
611 3542 744 3596 diem
771 3542 996 3603 malunt,
1027 3538 1330 3592 dormientes
1357 3536 1410 3588 in
1457 3534 1595 3588 lectis
1628 3532 1879 3596 eburneis,

286 3643 333 3687 et
363 3634 674 3688 lascivientes
697 3633 748 3684 in
780 3631 950 3684 stratis
973 3629 1098 3692 suis,
1131 3626 1446 3681 concedentes
1472 3625 1644 3678 Iucdos
1673 3639 1735 3677 ex
1764 3640 1880 3693 gre-

285 3726 452 3794 gibus,
480 3734 524 3777 et
554 3723 735 3777 vitulos
761 3739 826 3776 ea:
849 3721 1016 3776 medio
1040 3728 1381 3773 armentorum
1421 3717 1680 3780 lactentes,
1708 3713 1883 3768 biben-

289 3827 360 3870 tes
381 3817 678 3887 defiecatum
707 3815 876 3866 trinum
898 3854 911 3873 ,
939 3823 984 3866 et
1013 3810 1244 3880 pretiosis
1269 3807 1715 3878 unguentisnncti,
1737 3807 1884 3878 quasi

287 3907 473 3960 stantia
500 3906 606 3959 lucc
646 3903 878 3957 arbitrati
900 3911 1037 3968 sunt,
1061 3910 1110 3955 et
1137 3916 1237 3954 non
1263 3899 1405 3969 quasi
1432 3899 1676 3969 fugientia
1709 3898 1885 3968 (Amos

290 3996 342 4051 6.
373 3997 514 4063 5-5).
545 3994 767 4048 Vidistis
808 4000 1061 4062 quantam
1094 3989 1491 4044 accusationem
1522 3997 1707 4040 contra
1751 3985 1887 4040 deli-

290 4088 402 4142 cias
429 4086 613 4140 afferat
644 4084 903 4154 propheta
924 4124 940 4149 ,
973 4081 1134 4151 idque
1171 4095 1291 4135 cum
1335 4079 1534 4134 Judmis
1569 4078 1842 4133 disserens
1864 4114 1880 4142 ,

290 4177 532 4246 stupidis,
569 4174 810 4245 ingratis,
833 4180 889 4228 et
910 4172 1146 4246 quotidie
1173 4171 1342 4242 ventri
1362 4164 1602 4225 deditis?
1630 4166 1887 4222 Conside-

290 4277 406 4324 rate
432 4268 573 4322 enim
613 4265 899 4322 verborum
940 4264 1269 4334 diligentiam
1305 4281 1317 4316 :
1347 4278 1468 4317 cum
1495 4265 1637 4316 enim
1670 4262 1884 4316 illorum

292 4363 645 4429 vituperasset
683 4357 955 4428 crapulam
998 4366 1050 4411 et
1093 4354 1431 4410 immodicam
1481 4353 1882 4418 temulentiam,

293 4463 419 4506 tunc
439 4451 673 4505 subdidit
703 4469 714 4502 :
744 4448 906 4516 Quasi
931 4447 1116 4502 stantia
1136 4445 1364 4499 arbitrati
1391 4455 1526 4509 sunt,
1552 4453 1597 4497 et
1621 4461 1719 4496 non
1740 4443 1886 4512 quasi

293 4543 536 4614 fugientia
556 4559 574 4596 :
593 4551 795 4595 tantum
817 4556 924 4593 nun
959 4538 1270 4602 ostendens,
1294 4535 1518 4607 gutturis
1537 4543 1590 4588 et
1621 4535 1882 4587 lahiorum

295 4645 447 4690 tenus
477 4649 593 4688 esse
619 4631 827 4686 fruendi
853 4631 1204 4698 voluptatem,
1227 4637 1282 4682 et
1311 4629 1446 4680 ultra
1479 4642 1581 4678 non
1611 4625 1879 4693 progredi.

365 4723 538 4778 Fluxa
563 4724 902 4776 humanarum
931 4737 1102 4774 rerum
1133 4729 1340 4776 natura.
1354 4718 1479 4770 —At
1499 4718 1742 4785 voluptas
1766 4717 1886 4785 qui-

292 4817 412 4871 dem
438 4817 612 4869 brevis
635 4825 738 4879 est,
765 4829 829 4866 ac
854 4812 1194 4880 temporaria,
1223 4811 1375 4863 dolor
1400 4817 1575 4862 autem
1602 4818 1888 4877 perpetuus

290 4917 346 4962 et
373 4907 477 4962 fine
502 4919 710 4960 carens.
744 4903 811 4957 Et
838 4902 984 4968 lucc,
1019 4901 1208 4970 inquit,
1240 4915 1360 4953 cum
1391 4900 1717 4968 experientia
1745 4899 1887 4952 didi—

291 5002 484 5062 cerint,
521 4996 679 5063 Quasi
707 4996 893 5048 stantia
934 4993 1160 5046 arbitrati
1191 4999 1306 5043 sunt
1336 4991 1512 5043 omnia
1534 5032 1548 5055 ,
1583 4998 1635 5042 et
1660 5005 1885 5042 manen-

293 5092 386 5156 tia,
413 5099 461 5144 et
491 5107 589 5143 non
618 5088 766 5158 quasi
793 5086 1058 5158 fugientia,
1087 5084 1188 5138 hoc
1209 5091 1311 5146 est,
1335 5082 1618 5146 avolantia,
1652 5090 1706 5135 et
1732 5097 1799 5135 ne
1821 5081 1886 5136 ad

291 5189 623 5236 momentum
675 5179 890 5248 quidem
942 5177 1325 5246 permanentia.
1381 5175 1524 5228 Talia
1579 5176 1720 5228 enim
1765 5185 1888 5228 sunt

291 5274 469 5326 omnia
518 5273 745 5323 humana
786 5278 840 5323 et
881 5267 1112 5322 carnalia
1147 5284 1158 5317 :
1191 5265 1423 5320 nondum
1471 5274 1615 5319 recte
1658 5265 1888 5318 advene-

290 5373 434 5423 runt,
468 5369 521 5414 et
548 5359 825 5412 avolarunt
858 5377 869 5412 :
902 5356 1200 5411 istiusmodi
1228 5365 1350 5410 sunt
1369 5355 1593 5418 deliciae,
1620 5355 1887 5409 istiusmo-

295 5453 344 5508 Ji
391 5454 619 5506 humana
669 5451 833 5520 gloria
873 5461 927 5503 et
975 5449 1241 5517 potentia:
1298 5446 1596 5502 istiusmodi
1646 5445 1884 5514 divitiae;

293 5541 590 5597 istiusmodi
623 5543 872 5595 universa
903 5539 1060 5610 hujus
1101 5540 1222 5593 vitae
1250 5539 1597 5609 prOSperitas,
1629 5539 1761 5594 nihil
1792 5539 1908 5593 fir-'

296 5739 306 5745 _
355 5678 370 5707 ί
405 5673 598 5746 coislin.
619 5675 745 5745 hunc
767 5688 966 5726 sensum
987 5674 1160 5734 effert,
1184 5673 1500 5736 uoluptatibus
1522 5680 1567 5725 rt
1593 5671 1682 5724 hoc
1705 5678 1886 5724 mundo

287 5744 394 5795 ipsa
418 5744 479 5786 sit
496 5751 607 5794 διῳε
617 5744 733 5788 ηυγ.

1975 427 2120 468 mum
2148 407 2371 469 habens,
2405 401 2537 458 nihil
2561 397 2879 458 subsistens,
2909 391 3042 448 nihil
3066 390 3261 452 fixum;
3290 384 3387 440 sed
3409 385 3580 453 magis

1972 522 2130 576 quam
2155 499 2434 557 ﬂuminum
2456 494 2656 549 ﬂuenta
2686 485 3068 560 praetercurrit,
3098 481 3376 548 nudosque
3401 490 3464 530 ae
3485 491 3580 527 su-

1973 566 2055 650 lbs
2086 584 2339 659 relinquit
2378 601 2474 642 eos
2499 583 2586 653 qui
2635 581 2738 635 illis
2785 579 3050 634 inhiant‘.
3093 569 3254 640 Atqui
3284 566 3577 636 spiritualia

1975 702 2080 740 non
2110 657 2252 737 sunt
2275 681 2396 734 talia
2420 717 2438 743 ,
2480 674 2577 730 sed
2619 685 2776 728 secus
2804 685 2865 723 ac
2893 669 3107 722 diverso
3137 660 3296 717 modo
3342 657 3576 723 habent,

1973 791 2135 848 quam
2182 773 2267 829 illa
2303 788 2316 825 :
2345 779 2470 825 sunt
2513 767 2656 820 enim
2690 765 2840 817 firma
2861 801 2874 825 ,
2907 756 3230 815 immobilia,
3258 747 3580 805 vicissitudi-

1978 882 2098 920 nem
2133 880 2237 919 non
2267 857 2603 929 accipientia,
2630 854 2696 909 ad
2725 867 2886 906 omne
2910 847 3167 903 sarculum
3195 859 3252 898 se
3286 839 3582 895 extenden-

1977 958 2071 1010 tia.
2099 955 2321 1022 Quantae
2359 951 2518 1019 igitur
2545 960 2653 1000 nan
2678 942 2842 998 fuerit
2869 936 3156 994 dementiae
3196 931 3433 986 nutantia
3456 944 3578 982 cum

1979 1019 2341 1101 immobilibus
2370 1047 2704 1094 commutare
2733 1052 2748 1089 :
2783 1028 3094 1101 temporalia
3123 1040 3244 1079 cum
3273 1025 3336 1078 iis
3373 1035 3495 1091 quae
3527 1019 3579 1072 in

1978 1137 2230 1193 sarculum
2257 1134 2511 1188 duratura
2555 1137 2718 1191 sunt;
2762 1133 3023 1198 perpetuo
3067 1117 3333 1173 manentia
3363 1130 3486 1169 cum
3516 1111 3582 1164 iis

1977 1246 2096 1300 quae
2134 1227 2381 1287 avolant;
2411 1233 2464 1277 et
2491 1238 2552 1276 ea
2591 1236 2709 1290 quae
2751 1217 2905 1272 nobis
2936 1216 3041 1268 illic
3071 1226 3230 1282 grave
3259 1207 3581 1276 supplicium

1981 1299 2217 1392 paritura
2237 1325 2382 1380 sunt,
2408 1329 2529 1369 cum
2559 1312 2622 1366 iis
2642 1325 2761 1380 quae
2784 1309 2834 1362 in
2857 1307 3034 1361 futuro
3054 1303 3254 1357 saeculo
3272 1299 3579 1354 felicitatem

1979 1390 2241 1468 summam
2272 1404 2540 1461 afferunt?
2570 1403 2717 1464 Hmc,
2744 1401 2992 1462 obsecro,
3023 1395 3201 1449 omnia
3228 1390 3584 1448 considerau-

1982 1513 2083 1567 tes,
2112 1501 2310 1560 dilecti,
2347 1510 2701 1564 magnamque
2724 1491 2911 1546 salutis
2941 1499 3141 1543 nostra:
3166 1500 3348 1540 curam
3382 1483 3584 1536 haben-

1981 1603 2098 1656 tes,
2138 1604 2488 1661 aspernemur
2529 1587 2750 1640 delicias
2775 1593 2830 1638 et
2872 1581 3085 1636 inutiles
3131 1587 3185 1632 et
3213 1575 3580 1645 perniciosas;

1980 1683 2348 1753 amplcxemur
2357 1679 2641 1750 jejunium,
2656 1687 2978 1742 omnemque
2995 1671 3150 1724 aliam
3168 1665 3581 1737 philosophiam,

1981 1785 2036 1832 et
2064 1789 2308 1845 magnam
2334 1774 2454 1826 vita:
2478 1769 2831 1825 exbibeamns
2851 1764 3226 1827 mutationem,
3257 1775 3319 1813 ac
3343 1757 3586 1827 quotidie

1981 1869 2048 1922 ad
2076 1864 2281 1935 agenda
2303 1865 2440 1917 bona
2472 1875 2636 1931 opera
2674 1857 2985 1913 festinemus
3016 1872 3028 1907 :
3059 1864 3117 1907 ut
3145 1868 3266 1907 cum
3301 1865 3396 1920 per
3423 1862 3586 1902 omne

1986 1972 2196 2029 tempus
2221 1966 2421 2012 sanctae
2453 1953 2887 2022 Quadragesimae
2917 1947 3224 2019 spirituales
3254 1958 3463 2000 merces
3494 1956 3588 1996 nc-

1982 2051 2166 2121 gotiati
2195 2050 2476 2113 fuerimus,
2501 2057 2554 2100 et
2574 2046 2768 2098 multas
2790 2043 3040 2095 virtutum
3062 2039 3273 2092 divitias
3301 2047 3589 2103 congesse-

1985 2144 2171 2206 rimus,
2203 2141 2279 2195 sic
2309 2151 2611 2192 mereamur
2640 2144 2694 2189 et
2721 2133 2787 2188 ad
2829 2141 3071 2188 sanctum
3106 2128 3312 2183 Domini
3341 2127 3480 2180 diem
3510 2121 3588 2195 (α)

1984 2233 2283 2304 pervenire,
2316 2238 2510 2285 etcum
2541 2227 2730 2280 fiducia
2780 2224 2844 2278 ad
2875 2221 3205 2277 tremendam
3243 2228 3297 2272 et
3335 2216 3589 2285 spiritua-

1982 2324 2089 2378 lem
2139 2335 2377 2377 mensam
2410 2321 2666 2372 accedere
2691 2358 2705 2381 ,
2739 2315 3129 2384 participesque
3163 2309 3273 2362 fieri
3305 2298 3424 2361 cuiii
3459 2319 3588 2374 pura

1985 2413 2312 2469 conscientia
2352 2411 2697 2466 ineffabilium
2727 2409 2937 2460 illorum
2983 2414 3037 2457 et
3082 2400 3459 2456 immortalium
3491 2396 3590 2450 ho-

1987 2519 2200 2570 norum,
2231 2518 2292 2556 ac
2323 2501 2530 2570 impleri
2559 2516 2620 2554 ea
2644 2515 2763 2568 quae
2795 2499 2937 2552 illinc
2968 2496 3213 2566 provenit
3242 2492 3434 2562 gratia,
3469 2505 3590 2558 prc-

1987 2599 2138 2651 cibus
2160 2606 2212 2651 et
2235 2593 2618 2648 intercessione
2633 2608 2843 2655 eorum,
2867 2592 2955 2659 qui
2985 2591 3296 2656 placuerunt
3315 2585 3413 2653 ipsi
3436 2583 3590 2638 Chri-

1988 2697 2071 2742 sto
2099 2687 2349 2740 clementi
2389 2686 2498 2739 Deo
2542 2694 2762 2750 nostro,
2790 2697 2912 2736 cum
2952 2695 3060 2750 quo
3103 2680 3242 2732 Patri
3283 2693 3346 2732 ac
3374 2674 3590 2745 Spiritui

1987 2790 2172 2833 sancto
2197 2777 2363 2847 gloria
2391 2816 2406 2842 ,
2437 2775 2718 2845 imperium
2741 2814 2756 2835 ,
2789 2773 2982 2839 honor,
3013 2786 3154 2826 nunc
3181 2779 3236 2825 et
3264 2782 3499 2838 semper,
3539 2775 3592 2823 et

1991 2871 2040 2923 in
2073 2868 2266 2923 saecula
2297 2867 2635 2921 saeculorum.
2671 2867 2864 2917 Amen.

2599 2953 2877 3008 HOMILIA
2921 2953 2983 3007 ll.

2064 3049 2130 3104 In
2154 3049 2424 3103 creationis
2467 3047 2772 3118 principium
2801 3062 2818 3100 :
2852 3044 2906 3097 lu
2937 3043 3199 3113 principio
3231 3040 3355 3096 fecit
3383 3041 3524 3094 Deus

2331 3140 2518 3195 cadum
2546 3149 2600 3194 et
2622 3148 2818 3193 terram
2841 3140 2860 3168 ¹
2889 3136 3043 3206 (Gen.
3081 3137 3130 3189 1.
3160 3135 3233 3204 i).

2064 3234 2114 3287 1.
2165 3232 2385 3287 Vestros
2427 3246 2530 3300 ego
2556 3230 2716 3284 bodie
2741 3229 3000 3282 amabiles
3033 3228 3245 3281 intuens
3277 3227 3479 3290 vultus,
3509 3223 3593 3276 iu-

1991 3326 2135 3394 geuti
2165 3325 2439 3392 voluptate
2467 3323 2713 3391 impleor.
2752 3320 2967 3374 Etenim
2993 3335 3061 3374 ne
3093 3329 3271 3387 patres
3296 3317 3510 3386 quidem
3536 3314 3594 3367 fi-

1992 3420 2183 3474 liorum
2213 3425 2454 3470 amantes
2483 3424 2688 3467 tantum
2716 3412 2954 3481 gaudent
2982 3425 3045 3463 ac
3075 3410 3326 3463 lmtantur
3359 3407 3595 3460 circum-

1991 3509 2257 3564 stantibus
2279 3509 2381 3562 illis
2404 3548 2418 3570 ,
2450 3515 2505 3560 et
2531 3506 2635 3559 alio
2658 3505 2677 3536 ³
2707 3503 2938 3573 quodam
2969 3501 3165 3557 decore
3193 3499 3597 3567 ministerioque

1990 3601 2314 3668 voluptatem
2341 3598 2440 3652 sibi
2489 3596 2835 3650 afferentibus
2858 3637 2873 3659 ,
2897 3602 3156 3664 quantum
3181 3607 3282 3661 ego
3307 3605 3450 3644 nunc
3469 3603 3598 3656 gau-

1991 3693 2096 3748 deo
2121 3699 2176 3746 et
2221 3691 2396 3754 lartor,
2426 3690 2550 3755 quia
2597 3687 2752 3741 video
2796 3695 3032 3740 vestrum
3077 3682 3408 3753 spiritualem
3455 3679 3598 3733 hunc

1992 3791 2192 3838 castum
2216 3790 2323 3835 tam
2351 3779 2663 3848 compositis
2683 3779 2992 3844 ornatisque
3015 3774 3252 3828 moribus
3275 3772 3359 3825 hic
3381 3771 3596 3835 adesse.

1991 3886 2047 3932 et
2075 3875 2362 3931 immodico
2389 3871 2639 3927 audiendi
2665 3869 2874 3939 eloquia
2901 3867 3078 3921 divina
3105 3865 3375 3920 desiderio
3406 3864 3599 3932 flagra-

1992 3985 2074 4034 re,
2128 3964 2558 4034 contemptisque
2608 3960 2915 4015 carnalibus
2953 3957 3147 4026 epulis,
3203 3955 3268 4009 ad
3319 3954 3598 4025 spirituale

1992 4058 2293 4114 convivium
2323 4053 2671 4116 contendere,
2706 4061 2760 4106 et
2785 4065 2846 4106 re
2877 4050 2987 4118 ipsa
3013 4047 3367 4115 comprobare
3392 4045 3595 4099 dictum

1995 4148 2126 4203 illud
2176 4146 2383 4201 Domini
2419 4163 2431 4197 :
2469 4142 2588 4196 Non
2639 4143 2692 4194 in
2723 4156 2854 4210 pane
2882 4137 2989 4192 solo
3031 4138 3156 4190 vivet
3200 4136 3386 4201 Itonia,
3417 4134 3506 4188 sed
3542 4135 3596 4186 in

1994 4241 2131 4294 omni
2169 4239 2316 4292 verba
2359 4236 2493 4307 quod
2530 4233 2785 4304 egreditur
2814 4248 2904 4302 per
2933 4247 2989 4284 os
3026 4228 3124 4282 Dei
3169 4227 3385 4300 (Matth.
3423 4228 3478 4281 4.
3512 4225 3595 4296 4).

1995 4330 2237 4400 Agedum
2265 4337 2319 4382 et
2348 4341 2447 4381 nos
2473 4341 2681 4395 quoque
2703 4323 2960 4393 agricolas
2987 4321 3256 4374 imitemur
3281 4338 3292 4372 :
3323 4334 3386 4372 ac
3405 4333 3597 4388 quem-

1995 4421 2283 4476 admodum
2317 4419 2391 4472 illi
2419 4417 2584 4470 sicubi
2617 4431 2802 4483 agrum
2834 4424 3200 4482 repurgatum,
3230 4420 3283 4465 et
3311 4408 3597 4464 abherba-

1995 4529 2113 4568 rum
2145 4509 2483 4566 nocumentis
2511 4508 2734 4560 liberum
2765 4505 3015 4569 viderint,
3049 4503 3277 4556 ubertim
3306 4503 3592 4555 si-minant:

1997 4606 2067 4660 ita
2096 4603 2350 4673 quoniam
2380 4615 2520 4653 nunc
2549 4597 2825 4666 spiritualc
2856 4595 2958 4648 hoc
2990 4605 3230 4648 nostrum
3260 4609 3471 4658 arvum,
3503 4593 3595 4647 Dei

1993 4700 2183 4767 gratia,
2215 4709 2406 4766 purum
2452 4701 2534 4745 est
2577 4692 2643 4742 ah
2672 4688 3038 4743 affectionibus
3079 4703 3197 4755 qua:
3241 4685 3599 4741 interturbat»

1996 4791 2258 4851 solebant,
2290 4788 2557 4841 sublatum
2581 4799 2791 4853 quoque
2811 4791 2893 4836 est
2918 4797 2947 4835 e
2973 4780 3148 4834 medio
3171 4780 3458 4848 voluptatis
3486 4790 3596 4833 stu-

1997 4886 2166 4949 dium,
2197 4892 2250 4936 et
2278 4894 2535 4949 nusquam
2566 4876 2814 4947 procella,
2838 4888 3101 4943 nusquam
3132 4881 3423 4941 tempestas
3448 4875 3596 4940 cogi-

1999 4979 2254 5032 talionum
2280 5016 2293 5038 ,
2327 4971 2418 5026 sed
2463 4969 2817 5037 tranquillitas
2846 4979 2901 5020 et
2931 4980 3121 5035 magna
3175 4965 3327 5033 quies
3356 4964 3550 5018 mentis
3576 5004 3594 5029 ,

1997 5084 2114 5138 qu:e
2133 5064 2422 5135 spiritualia
2447 5078 2552 5131 prze
2573 5059 2877 5115 carnalibus
2901 5059 3080 5112 animo
3100 5057 3354 5126 concipit,
3373 5067 3427 5110 et
3445 5057 3597 5125 quasi

1999 5158 2285 5226 assumptis
2311 5156 2405 5208 alis
2437 5169 2604 5222 usque
2641 5153 2693 5206 in
2725 5152 2912 5205 caelum
2951 5149 3124 5218 ipsum
3147 5189 3160 5213 ,
3196 5158 3253 5200 ut
3281 5148 3350 5201 ita
3380 5147 3555 5200 dicam
3575 5186 3594 5213 ,

1997 5251 2280 5308 subvolat:
2317 5248 2497 5317 paucis
2518 5244 2675 5298 hodie
2695 5242 2836 5313 apud
2863 5242 3136 5296 caritatem
3159 5248 3391 5294 vestram
3419 5237 3595 5292 disse-

2025 5487 2032 5496 _
2063 5428 2080 5458 ι
2115 5422 2280 5496 Coisl.,
2304 5421 2550 5481 nudosque
2585 5431 2645 5468 ac
2669 5416 2791 5468 solos
2812 5430 2894 5466 nos
2936 5409 3180 5474 relinquit.
3198 5405 3342 5474 Atqui
3353 5401 3590 5465 spiritua—

1998 5489 2081 5580 ua"
2101 5495 2428 5596 eChiiislinianus
2449 5541 2611 5591 addit:
2643 5545 2791 5590 Terra
2829 5545 2989 5588 autem
3019 5534 3270 5588 invisibilis
3306 5549 3411 5588 erat
3444 5544 3491 5588 et
3525 5537 3598 5587 in-

1997 5605 2272 5672 composita.

2062 5674 2083 5703 ³
2103 5662 2305 5718 'Coislin.
2331 5666 2531 5723 omittit,
2553 5662 2668 5720 alio,
2692 5670 2850 5712 recte.

2062 5733 2136 5791 (α)
2171 5738 2266 5781 Hoc
2289 5738 2365 5779 est
2381 5735 2598 5778 sanctum
2621 5725 2812 5775 Pascha.
