4038 6380
510 290 589 355 π
1298 290 1358 350 8.
1398 287 1677 359 ιοΑΝιηιε
1712 285 2101 346 ωκῖεοδτρ

2222 285 2539 345 ABGHIEP.
2574 285 3114 344 CONS‘I‘ANTINOP.
3727 288 3794 346 ΞΟ

517 417 704 463 vanius
721 443 739 467 .
769 414 826 461 et
867 404 1123 484 appositip
1163 403 1452 475 Scriptura:
1498 403 1693 460 divina:
1742 402 2097 474 dogmatibus,

518 493 794 553 subtiliora
824 495 984 552 hodie
1024 494 1173 551 adire
1201 509 1355 551 sensa
1387 501 1677 550 teutemus.
1705 493 1838 549 Nam
1874 493 1922 547 si
1956 506 2103 548 nunc

520 582 627 641 hoc
654 592 762 641 non
805 585 1109 649 fecerimus,
1138 595 1260 637 cum
1285 582 1547 653 jejunium
1590 590 1675 638 est
1712 592 1768 638 et
1808 581 1946 652 guis
1970 594 2102 637 con-

520 681 791 745 tetnptus,
819 682 875 729 et
914 672 1058 727 tanta
1097 671 1356 727 benarum
1396 672 2099 743 cogitationum-serenitas:

524 752 739 835 quando
767 762 892 819 talia"
916 770 1112 818 vestrm
1134 761 1343 817 caritati
1368 773 1637 832 apponere
1663 760 1955 831 poterimus
1973 759 1999 812 ἲ
2020 761 2102 813 An

525 870 647 911 cum
667 853 893 920 aderunt
919 852 1128 909 deliciae
1148 893 1165 919 ,
1189 852 1605 908 comessationes
1623 890 1639 916 ,
1667 858 1722 905 et
1742 863 1930 920 magna
1953 848 2100 906 desi-

521 946 609 1003 dia
627 938 653 1002 2
670 940 955 1014 Quin‘tunc
976 959 1153 1015 neque
1178 944 1316 1014 ipsi,
1346 949 1528 1013 utpar
1556 951 1661 1010 est,
1688 941 1792 999 hoc
1826 940 2100 1008 faciemus,

525 1049 699 1107 neque
722 1046 823 1089 vos
843 1032 1043 1104 aliquid
1061 1048 1246 1089 eorum
1275 1038 1397 1103 ‘quc
1419 1031 1682 1099 dicentur,
1710 1033 1865 1103 quasi
1888 1047 1921 1087 a
1946 1040 2101 1088 tene-

522 1125 634 1183 bris
655 1112 969 1197 quibusdam
986 1122 1023 1180 a'
1042 1123 1417 1196 cogitationum
1444 1124 1678 1195 procella
1703 1122 1988 1192 submersi,
2004 1138 2102 1180 ex-

523 1216 704 1287 cipere
726 1214 989 1287 poteritis.

597 1303 1009 1376 Qundrsgesintc
1040 1312 1236 1374 mm
1268 1312 1442 1376 aptum
1465 1304 1809 1359 concinitur.
1846 1333 1919 1345 —
1952 1302 2103 1360 Nunc

527 1403 708 1449 autem
738 1402 949 1464 tempus
986 1390 1087 1449 hoc
1105 1433 1122 1459 ,
1151 1394 1197 1448 si
1221 1393 1365 1464 quod
1393 1393 1536 1449 aliud
1563 1433 1581 1458 ,
1621 1392 1773 1450 hisee
1807 1392 2103 1463 disciplinis

525 1484 757 1540 maxime
779 1484 1024 1540 idoneum
1049 1491 1165 1543 est:
1198 1485 1413 1556 quando
1745 1498 1854 1540 non
1877 1484 2104 1555 insurgit

522 1571 779 1628 adversus
804 1571 1075 1639 domitum
1094 1612 1111 1638 ,
1138 1571 1234 1627 sed
1277 1570 1507 1628 libenter
1531 1570 1637 1627 fert
1654 1570 1924 1639 habenas,
1949 1571 2103 1628 facile

522 1660 891 1730 persuadetur,
912 1661 1136 1716 multam
1163 1677 1273 1731 prae
1288 1676 1348 1717 se
1367 1661 1474 1718 fert
1505 1662 1882 1728 obedientiam,
1900 1663 2101 1719 incom-

521 1752 724 1822 positos
765 1752 943 1806 earnis
969 1741 1147 1806 motus
1169 1753 1461 1823 compescit
1477 1790 1495 1815 ,
1520 1761 1579 1807 et
1609 1752 1746 1807 intra
1775 1766 1901 1807 suos
1924 1762 2104 1808 manet

522 1843 797 1898 terminos.
836 1842 1109 1913 Jejuuium
1151 1843 1296 1899 enim
1337 1851 1418 1899 est
1457 1844 1755 1899 animarum
1799 1853 2102 1899 nostrarum

522 1934 904 2004 tranquillitas,
924 1947 1110 1989 auium
1132 1932 1318 1999 decor,
1341 1932 1741 1988 adolescentum
1761 1931 2101 2003 padagogus,

520 2023 905 2081 continentium
968 2024 1257 2094 mgister,
1309 2022 1450 2093 quod
1516 2037 1730 2078 omnem
1785 2030 1999 2079 etatem
2048 2030 2105 2079 et

522 2126 706 2169 sexum
731 2113 882 2182 quasi
906 2112 1204 2169 diademate
1221 2112 1450 2184 quodam
1479 2121 1651 2168 ornat.
1690 2111 1956 2184 Nusquam
2002 2112 2105 2168 ho-

524 2200 612 2256 die
646 2203 930 2266 tumultus,
963 2201 1050 2257 vel
1090 2201 1292 2257 clamor
1314 2242 1329 2267 ,
1359 2202 1442 2257 vel
1467 2201 1706 2258 carnium
1749 2202 2101 2269 concisiones,

524 2290 607 2345 vel
626 2296 916 2361 coquorum
943 2289 1253 2346 discursus:
1283 2289 1380 2345 sed
1410 2291 1588 2345 omnia
1616 2291 1703 2345 illa
1744 2290 1989 2346 abierunt
2007 2329 2024 2355 ,
2049 2298 2106 2346 et

526 2381 642 2438 hac
666 2382 854 2437 civitas
875 2380 1152 2437 honestam
1179 2381 1486 2451 quamdam,
1516 2381 1872 2439 continentem
1891 2422 1908 2448 ,
1933 2389 1990 2438 et
2009 2395 2103 2436 so-

522 2473 692 2529 briam
724 2482 1020 2528 matronam
1062 2473 1317 2528 imitatur.
1361 2472 1509 2529 Unde
1534 2489 1656 2529 cum
1694 2488 1904 2530 mecum
1928 2473 2103 2544 cogito

526 2564 851 2634 repentinam
881 2564 1226 2619 mutationem
1265 2563 1423 2619 hodie
1455 2562 1646 2643 factam
1670 2574 1726 2621 et
1765 2574 1951 2635 repeto
1985 2580 2103 2621 me-

527 2657 693 2711 moria
711 2655 943 2712 hesterni
956 2656 1066 2712 diei
1086 2656 1557 2726 perturbationem,
1578 2655 1833 2723 admiror,
1849 2665 1904 2712 et
1920 2656 2106 2712 obstu-

526 2759 687 2815 peseo
703 2745 891 2817 jejunii
919 2745 1056 2801 vires
1080 2753 1137 2801 et
1163 2744 1473 2815 potentiam,
1506 2743 1774 2818 quomodo
1792 2737 1845 2800 in
1864 2744 2107 2815 singulo-

527 2847 643 2892 rum
670 2836 1021 2892 conscientias
1046 2837 1339 2905 ingressum
1359 2877 1375 2902 ,
1407 2833 1865 2891 transformaverit
1899 2835 2102 2906 cogita-

528 2928 699 2983 tiones
723 2968 739 2992 ,
786 2928 1157 2999 expurgaverit
1208 2936 1438 2983 mentem
1463 2968 1479 2991 ,
1538 2941 1646 2982 non
1703 2928 2103 2998 magistratuum

528 3026 731 3072 tantum
752 3057 767 3081 ,
788 3016 883 3073 sed
916 3024 977 3072 et
999 3016 1322 3087 privatorum
1346 3034 1361 3071 :
1390 3032 1496 3072 non
1541 3016 1828 3073 liberorum
1863 3025 2064 3072 tantum
2084 3057 2100 3083 ,

528 3107 621 3161 sed
642 3115 697 3161 et
713 3122 989 3162 servorum
1021 3119 1037 3159 :
1068 3121 1172 3161 non
1198 3107 1431 3162 virorum
1455 3114 1682 3173 tantum,
1711 3106 1806 3163 sed
1830 3118 1886 3162 et
1912 3109 2104 3164 mulie-

526 3205 811 3263 rum;nou
845 3197 1065 3253 divitum
1112 3205 1353 3264 tantum,
1396 3197 1492 3253 sed
1518 3207 1579 3253 et
1620 3212 1950 3268 pauperum;
1995 3214 2102 3255 non

528 3302 716 3344 eorum
742 3296 945 3343 tantum
970 3289 1061 3359 qui
1082 3288 1579 3358 Graecam-linguam
1607 3289 1780 3345 edocti
1807 3300 1961 3355 sunt,
2008 3291 2102 3346 sed

534 3388 589 3432 et
617 3374 983 3434 barbarorum.
1022 3378 1126 3435 Sed
1154 3379 1280 3450 quid
1306 3378 1427 3434 dico
1453 3380 1853 3449 magistratuum
1899 3388 1955 3436 et
1991 3382 2105 3453 pri-

530 3469 807 3523 ratorum?
836 3468 1007 3526 Etiam
1018 3470 1133 3540 ejus
1150 3472 1167 3502 ί
1189 3470 1277 3539 qui
1301 3469 1544 3525 diadema
1567 3478 1755 3540 gestat,
1775 3470 2019 3526 similiter
2048 3480 2105 3527 ut

527 3556 753 3612 aliorum
773 3598 789 3622 ,
816 3559 1191 3613 conscientiam
1232 3558 1297 3613 ad
1329 3558 1464 3614 hanc
1484 3559 1837 3614 obedientiam
1879 3558 2099 3616 inﬂexit.

534 3645 641 3701 Nec
678 3646 835 3702 hodie
862 3647 1026 3702 ullum
1056 3648 1341 3704 discrimen
1385 3649 1523 3704 inter
1551 3664 1787 3705 mensam
1839 3650 2015 3704 divitis
2051 3660 2106 3706 et

530 3738 776 3807 nuperis
802 3754 816 3790 :
847 3738 940 3793 sed
980 3739 1173 3809 ubique
1214 3740 1429 3809 frugalis
1464 3741 1637 3795 victus
1673 3750 1761 3795 est
1783 3781 1798 3806 ,
1834 3742 2039 3797 alienus
2073 3758 2103 3797 a

527 3815 651 3881 luxu
675 3836 729 3882 et
748 3837 1024 3897 apparatu,
1056 3830 1350 3900 maiorique
1386 3831 1542 3885 hodie
1566 3832 1836 3900 voluptate
1857 3831 1925 3886 ad
1952 3849 2103 3887 men-

524 3931 636 3971 sam
661 3927 869 3973 tenuem
891 3920 1083 3989 quique
1097 3920 1373 3983 accedunt,
1398 3936 1554 3990 quam
1585 3921 1789 3990 pridem
1820 3936 1939 3975 cum
1968 3924 2117 3998 mul—I

526 4016 575 4059 ta
603 4008 824 4061 delicata
853 4010 1047 4073 edulia,
1069 4011 1398 4079 multumque
1418 4012 1597 4065 viuum
1622 4026 1887 4066 meracum
1907 4027 2105 4083 propo-

526 4098 767 4153 uehatur.

593 4190 649 4244 2.
694 4191 926 4253 Vidistis.
958 4192 1155 4253 dilecti.
1182 4207 1251 4246 ex
1280 4192 1410 4262 ipsis
1433 4193 1701 4260 prmludiis
1715 4191 1899 4262 jejunii
1929 4195 2100 4249 virtu-

524 4293 630 4337 tem
655 4291 709 4337 et
735 4284 1061 4352 potentiam?
1088 4283 1285 4338 Idcirco
1323 4292 1392 4345 et,
1420 4284 1534 4353 ipse
1572 4284 1755 4353 majori
1800 4284 1955 4339 hodie
1994 4287 2103 4339 ala-

522 4372 731 4439 critate,
758 4388 915 4443 quam
942 4384 1119 4441 antea,
1141 4387 1419 4428 sermones
1454 4373 1733 4444 aggredior
1763 4390 1775 4426 :
1814 4375 1990 4428 sciens
2014 4391 2101 4431 me

524 4463 576 4517 in
604 4464 780 4534 pingui
810 4464 1172 4535 profundoque
1194 4478 1321 4517 arvo
1340 4466 1718 4519 seminaturum
1738 4506 1754 4529 ,
1779 4464 1916 4534 quod
1948 4465 2102 4521 nobis

524 4552 841 4608 multifarios
866 4554 1063 4609 fructus
1090 4567 1186 4623 pro
1207 4553 1496 4609 seminibus
1523 4553 1839 4607 concreditis
1860 4555 2099 4622 protinus

522 4644 747 4699 reddere
778 4645 987 4713 poterit.
1030 4644 1304 4698 Discamus
1334 4643 1510 4712 igitur,
1544 4644 1587 4698 si
1620 4644 1810 4713 placet,
1843 4645 1968 4713 quid
2001 4661 2097 4702 ve-

520 4737 618 4791 lint
645 4736 744 4790 sibi
764 4737 919 4790 verba
953 4736 1088 4789 beati
1109 4734 1268 4790 Hosis
1300 4735 1456 4790 hodie
1483 4735 1639 4790 lecta.
1676 4734 1779 4789 Sed
1806 4737 2060 4791 attendite
2080 4776 2095 4800 ,

520 4826 780 4889 obsecro,
817 4826 1099 4895 diligenter
1141 4824 1225 4879 his
1260 4841 1380 4895 quae
1422 4840 1450 4878 a
1482 4825 1635 4879 nobis
1673 4824 1918 4879 dicuntur
1947 4844 1961 4881 :
1990 4842 2096 4881 non

522 4916 663 4970 enim
695 4927 873 4972 nostra
902 4918 952 4972 iu
980 4916 1215 4973 medium
1240 4916 1547 4981 ail'erimus,
1582 4915 1675 4971 sed
1714 4916 1799 4971 illa
1832 4917 1941 4985 ipsa
1977 4932 2097 4987 quin

522 5008 676 5063 nobis
702 5007 879 5063 divina
906 5011 1073 5079 gratia
1102 5009 1155 5062 in
1183 5017 1414 5063 vestram
1445 5009 1765 5061 concesserit
1792 5008 2094 5063 utilitatem.

519 5102 645 5164 Quae
673 5109 849 5153 autem
887 5099 1001 5153 ha-c
1040 5097 1203 5151 sunt?
1261 5094 1324 5150 In
1350 5095 1599 5166 principio
1654 5097 1768 5165 fecit
1825 5094 1965 5149 Deus
1998 5113 2095 5151 C(8—

520 5190 626 5241 Ium
656 5199 700 5241 et
728 5198 933 5243 terram.
974 5187 1159 5241 Merito
1180 5188 1263 5240 hic
1286 5186 1576 5246 dubitatur,
1604 5198 1758 5253 quam
1786 5185 1855 5239 ob
1879 5201 2093 5241 causam

521 5280 703 5334 beatus
746 5280 845 5333 iste
889 5280 1176 5347 propheta,
1210 5279 1295 5346 qui
1335 5278 1494 5332 etiam
1528 5276 1640 5344 ipse
1669 5276 1850 5331 multis
1886 5278 2093 5331 saeculis

518 5380 641 5441 post
685 5372 1003 5427 creationem
1050 5369 1229 5424 mundi
1275 5370 1439 5430 vixit,
1491 5368 1605 5421 lucc
1644 5367 1798 5422 nobis
1842 5378 2089 5437 exponat.

517 5461 656 5516 Sane
682 5475 787 5514 non
819 5472 1017 5514 temere
1045 5463 1143 5514 hoc
1173 5460 1299 5530 agit,
1333 5474 1431 5514 nec
1460 5457 1673 5511 frustra.
1717 5456 1926 5511 Etenim
1957 5458 2093 5512 Deus

579 5597 595 5626 ι
629 5596 839 5645 «ῖοίδιιιιη
862 5594 983 5655 quid
1018 5591 1126 5641 dico
1147 5592 1509 5655 magistratuum
1530 5597 1576 5642 et
1600 5590 1890 5654 privatorum
1910 5596 1952 5642 et
1974 5589 2092 5643 atto-

518 5670 621 5705 rum
644 5656 667 5705 ί)
689 5657 839 5705 Etiam
857 5654 983 5714 ejus,
1012 5663 1105 5703 etc.

2208 401 2428 459 humani
2456 406 2669 475 generis
2704 404 2953 461 conditor
2971 447 2988 471 ,
3014 405 3084 461 ab
3112 405 3265 461 initio
3296 420 3393 477 per
3430 406 3668 477 seipsum
3698 407 3789 461 ho-

2205 492 2438 550 minibus
2461 495 2809 566 loquebatur,
2837 511 2904 552 eo
2924 511 3030 568 quo
3059 496 3573 568 hominespoierant
3607 497 3796 555 audire

2204 586 2385 641 modo.
2425 585 2518 643 Sic
2538 587 2680 643 enim
2706 587 2775 643 ad
2798 588 2967 643 Adam
2994 590 3169 654 venit;
3193 590 3272 644 sic
3300 589 3431 645 Cain
3468 591 3793 661 increpavit;

2205 674 2286 728 sic
2301 689 2421 729 cum
2444 674 2556 730 Noe
2578 678 2828 745 loquutus
2853 687 2964 743 est;
2989 678 3067 733 sic
3089 680 3229 747 apud
3261 678 3529 734 Abraham
3554 680 3797 750 hospita-

2209 772 2411 820 tusest.
2452 760 2522 820 At
2570 766 2657 821 ubi
2685 768 2738 836 in
2764 767 3016 822 malitiam
3044 782 3290 838 magnam
3316 783 3477 824 omne
3512 768 3793 840 hominum

2204 868 2373 924 genus
2409 858 2654 925 prorupit
2675 896 2690 919 ,
2727 870 2897 927 neque
2924 866 3047 911 tunc
3071 870 3190 912 sese
3232 866 3398 911 totum
3424 857 3492 912 ab
3516 857 3795 914 hominum

2203 957 2405 1015 genere
2424 934 2625 1004 avertit
2647 944 3098 1024 0pifex._omnium
3132 968 3146 1004 :
3178 947 3270 1003 sed
3294 947 3416 1017 quia
3436 961 3532 1002 sua
3562 948 3797 1005 familia-

2209 1034 2369 1089 ritate
2396 1044 2580 1103 postca
2619 1034 2821 1110 indigni
2851 1037 2972 1092 facti
2999 1036 3248 1106 fuerunt,
3270 1040 3461 1095 iterum
3488 1054 3644 1096 suam
3668 1055 3795 1111 erga

2205 1124 2326 1181 illos
2348 1126 2634 1182 amicitiam
2657 1127 2910 1185 innovare
2937 1130 3142 1193 volens,
3171 1133 3322 1200 quasi
3361 1133 3518 1203 longe
3559 1132 3801 1190 absenti-

2208 1215 2309 1273 bus
2334 1217 2521 1274 literas
2553 1219 2733 1286 mittit,
2762 1221 3139 1276 eonciliaturus
3154 1222 3252 1276 sihi
3284 1223 3588 1280 universam
3616 1220 3797 1280 homi-

2207 1324 2335 1364 num
2358 1318 2622 1364 naturam.
2649 1309 2716 1375 Et
2740 1310 2837 1365 has
2860 1312 3073 1382 quidem
3101 1312 3281 1367 literas
3305 1302 3637 1380 dedit-Deus,
3654 1323 3799 1369 attu-

2205 1390 2471 1475 lit‘antetn
2500 1399 2695 1455 loses.
2733 1400 2872 1469 Quid
2925 1402 3083 1473 igitur
3133 1402 3317 1458 dicttnt
3362 1403 3444 1458 ha:
3489 1403 3700 1461 literae?
3729 1388 3798 1459 In

2203 1490 2456 1562 principio
2476 1491 2760 1562 facit'Deiia
2823 1492 3006 1548 cistam
3048 1504 3097 1548 et
3132 1503 3339 1548 terrain.
3378 1492 3673 1551 Considera
3729 1495 3786 1551 in

2207 1570 2313 1639 hoc
2332 1623 2348 1647 ,
2378 1583 2683 1649 carissime,
2714 1597 2875 1654 quam
2900 1584 3231 1639 admirabilis
3254 1594 3309 1640 et
3342 1585 3571 1640 eximius
3594 1586 3663 1641 ait
3692 1586 3798 1641 iste

2206 1672 2485 1743 propheta.
2527 1672 2645 1727 Alii-
2676 1673 2819 1728 enim
2861 1668 3358 1744 omnesprophetae
3405 1688 3471 1729 ea
3517 1674 3793 1739 dixerunt.

2206 1764 2290 1819 vel
2314 1778 2436 1834 quae
2462 1764 2645 1819 multis
2677 1772 2860 1834 postea
2909 1764 3238 1833 temporibus
3267 1765 3439 1819 futura
3472 1773 3629 1820 erant
3654 1803 3673 1830 ,
3707 1762 3794 1819 vel

2206 1868 2325 1925 qua
2347 1854 2528 1910 statim
2548 1864 2801 1911 eventura
2824 1864 3041 1909 essent:
3071 1853 3258 1911 beatus
3278 1863 3457 1910 autem
3484 1854 3606 1922 iste,
3634 1863 3796 1910 natus

2205 1955 2328 1999 cum
2350 1943 2461 2013 jam
2485 1942 2654 2006 multa
2678 1943 2861 1999 mundi
2877 1944 3193 2000 transissent
3215 1943 3429 2009 saeuis,
3458 1943 3649 1999 ducem
3672 1957 3797 1999 sor-

2208 2028 2337 2088 titus
2360 2046 2647 2104 supernam
2675 2033 2948 2090 dexteram
2980 2036 3020 2100 ³,
3050 2033 3240 2106 dignus
3267 2035 3597 2102 esthahitus,
3621 2036 3792 2091 utilia

2208 2124 2361 2181 nobis
2385 2125 2610 2189 diceret,
2632 2141 2751 2197 qua:
2776 2136 2900 2181 ante
2915 2137 3091 2181 ortum
3107 2141 3262 2182 suum
3282 2127 3519 2181 omnium
3533 2126 3796 2183 Dominus

2208 2215 2547 2273 formaverat.
2588 2217 2793 2274 idcirco
2834 2217 3136 2288 hisincipit
3173 2219 3351 2273 verbis
3382 2240 3397 2276 :
3428 2218 3496 2273 In
3541 2220 3797 2290 principio

2207 2306 2326 2377 fecit
2342 2305 2678 2362 Deucalion
2704 2318 2752 2362 et
2777 2318 2962 2362 terram
2988 2323 3008 2362 :
3040 2308 3188 2378 quasi
3218 2308 3284 2363 ad
3311 2323 3498 2363 omnes
3525 2324 3622 2365 nos
3645 2310 3793 2364 clara

2205 2410 2338 2453 voce
2355 2398 2569 2462 clamet,
2600 2406 2655 2453 et
2673 2398 2848 2455 dicat:
2874 2397 3014 2453 Num
3037 2399 3108 2454 ab
3140 2399 3443 2454 hominibus
3465 2398 3666 2455 doeeor
3684 2441 3700 2464 ,
3733 2410 3798 2455 ut

2207 2486 2323 2543 hzec
2345 2487 2576 2559 loquar?
2603 2486 2652 2542 is
2677 2489 2790 2559 ipse
2809 2489 2898 2559 qui
2930 2488 3189 2545 hiec‘cum
3216 2503 3322 2543 non
3346 2498 3547 2557 essent,
3566 2488 3710 2555 fecit,
3734 2497 3799 2545 ut

2209 2589 2410 2644 essent,
2439 2579 2671 2649 linguam
2701 2594 2874 2634 meam
2902 2580 2967 2633 ad
3012 2578 3197 2635 isthacc
3233 2579 3529 2635 enarranda
3562 2580 3795 2651 impulit:

2208 2670 2371 2743 Igitur
2393 2672 2637 2736 obsecro,
2666 2672 2737 2727 ita
2765 2672 3148 2737 auscultemus,
3174 2671 3247 2726 ita
3280 2673 3477 2727 nostris
3502 2660 3799 2727 ratiociniis

2207 2764 2425 2836 longum
2448 2765 2566 2819 vale
2584 2765 2845 2830 dicamus,
2876 2765 3026 2842 quasi
3056 2764 3171 2819 luce
3198 2779 3302 2818 non
3318 2768 3426 2833 jam
3446 2778 3477 2818 a
3502 2764 3667 2826 Moss.
3695 2764 3793 2819 sed

2207 2874 2304 2929 per
2331 2858 2565 2928 linguam
2588 2856 2750 2911 Hosis
2777 2855 2846 2911 ab
2874 2856 2990 2927 ipso
3031 2856 3400 2910 universon
3448 2855 3559 2910 Deo
3600 2853 3793 2909 audia-

2207 2964 2347 3005 mus.
2389 2948 2676 3004 Ratiociuia
2694 2946 2835 3002 enim
2861 2947 3120 3001 hominum
3146 2945 3325 2999 timida
3342 2954 3461 2999 sunt
3480 2987 3496 3011 ,
3525 2944 3716 3014 inquit,
3744 2955 3797 2999 et

2207 3041 2414 3095 incertae
2438 3038 2764 3110 cogitationes
2790 3053 2962 3091 eorum
2999 3035 3154 3108 (Sap.
3177 3036 3231 3092 9.
3256 3035 3368 3105 14).
3395 3034 3562 3091 Grato
3601 3032 3795 3089 admo-

2207 3131 2334 3187 dum
2362 3131 2544 3186 animo
2571 3130 2894 3200 accipiamus
2917 3143 3037 3199 qua
3063 3127 3311 3183 dicuntur
3330 3167 3347 3191 .
3379 3142 3447 3182 ue
3485 3125 3798 3197 progredia-

2209 3236 2329 3277 mur
2360 3222 2498 3276 ultra
2526 3234 2688 3292 quam
2713 3219 2817 3275 fert
2840 3232 3107 3274 mensura
3135 3226 3332 3271 nostrae
3356 3216 3622 3283 tenuitas,
3656 3230 3797 3272 neve

2208 3312 2470 3367 curiosius
2493 3326 2615 3381 qua:
2657 3324 2818 3380 supra
2865 3324 2962 3364 nos
2990 3316 3116 3364 sunt
3156 3307 3470 3378 indagemus
3499 3324 3513 3359 :
3545 3306 3598 3361 id
3648 3305 3795 3377 quod

2208 3401 2447 3456 veritatis
2482 3399 2741 3457 hostibus
2775 3400 2975 3464 evenit,
3014 3398 3104 3469 qui
3132 3397 3415 3453 voluerunt
3441 3398 3667 3470 propriis
3701 3412 3796 3453 ra-

2210 3490 2441 3545 tiociniis
2470 3475 2715 3545 universa
2736 3489 3059 3561 expendere,
3092 3504 3195 3544 non
3225 3487 3521 3558 cogitantes
3546 3488 3795 3557 impossi-

2208 3579 2313 3635 bile
2361 3594 2482 3636 esse
2533 3578 2779 3635 humanm
2839 3588 3042 3635 natura
3093 3578 3187 3633 Dei
3239 3578 3505 3647 opificium
3581 3578 3796 3646 penitus

2209 3671 2505 3739 explorare.
2548 3670 2707 3738 Quid,
2731 3670 2967 3740 inquam,
3012 3670 3104 3724 Dei
3129 3670 3419 3739 opiﬁcium,
3457 3682 3578 3724 cum
3620 3684 3796 3739 neque

2209 3757 2458 3823 hominis,
2480 3761 2569 3830 qui
2595 3760 2747 3815 nobis
2777 3768 2961 3815 natura
2991 3770 3248 3830 cognatus
3272 3768 3354 3815 est
3371 3801 3387 3827 ,
3415 3768 3559 3814 artes
3581 3761 3797 3828 penitus

2210 3849 2443 3919 indagari
2473 3851 2717 3918 possint?
2768 3852 2860 3904 Dic
2906 3851 3085 3918 enim,
3129 3864 3327 3919 quaeso,
3378 3850 3648 3918 quomodo
3696 3864 3797 3918 per

2210 3941 2525 3995 metallicam
2553 3951 2718 3995 artem
2746 3942 2864 3995 auri
2890 3949 3075 3995 natura
3093 3941 3385 3995 conflatur?
3412 3942 3493 3996 vel
3526 3941 3797 4009 quomodo

2209 4035 2328 4088 vitri
2351 4035 2555 4103 peritas
2568 4050 2634 4089 ex
2663 4049 2823 4088 arena
2853 4034 3118 4089 efficitur?
3144 4018 3339 4089 Verum
3363 4048 3466 4087 non
3492 4033 3655 4088 habes
3672 4049 3797 4103 qum

2209 4124 2376 4179 dicas.
2416 4123 2473 4179 Si
2505 4124 2664 4195 igitur
2687 4125 2803 4180 haec
2834 4141 2952 4195 qua:
2980 4135 3103 4179 ante
3140 4127 3323 4179 oculos
3348 4136 3469 4180 sunt
3498 4124 3664 4195 posita
3690 4166 3707 4190 ,
3738 4133 3797 4180 et

2207 4231 2325 4285 quae
2352 4230 2449 4285 per
2474 4214 2567 4269 Dei
2599 4215 2972 4285 benignitatem
3010 4215 3240 4269 humana
3285 4224 3537 4286 operatur
3578 4215 3795 4284 sapien-

2208 4308 2297 4371 tia,
2322 4306 2544 4378 intelligi
2572 4316 2861 4378 nequeunt,
2893 4321 3061 4376 quam
3090 4307 3202 4362 Deo
3224 4309 3338 4378 ipso
3364 4306 3503 4361 facta
3531 4315 3675 4370 sunt,
3694 4322 3795 4361 eu-

2206 4398 2443 4453 riositate
2469 4406 2559 4453 tua
2581 4399 2834 4469 inquires,
2862 4396 3060 4452 homo?

2277 4487 2362 4541 Ea:
2388 4490 2627 4542 creaturis
2656 4498 2849 4541 creator
2871 4488 3268 4557 agnoscitur.—
3290 4486 3459 4563 Quam
3487 4490 3792 4557 assequeris

2205 4578 2458 4633 veniam?
2481 4592 2583 4647 qua
2613 4587 2663 4631 te
2691 4577 2925 4631 tueberis
2952 4577 3290 4643 defensioue,
3321 4578 3389 4631 ita
3414 4577 3700 4642 insaniens,
3736 4588 3794 4635 ut

2204 4686 2323 4737 qua:
2353 4684 2511 4738 supra
2550 4678 2751 4723 naturae
2779 4677 2880 4723 tua:
2904 4679 3119 4739 captum
3160 4680 3306 4731 sunt,
3340 4669 3670 4738 specuieris?
3697 4670 3785 4724 lii-

2204 4776 2328 4815 eere
2346 4763 2486 4816 enim
2515 4776 2579 4815 ea
2598 4776 2715 4832 quae
2743 4771 2866 4816 sunt
2889 4776 2957 4817 ex
2984 4762 3219 4829 subjecta
3239 4761 3457 4815 materia
3479 4776 3600 4829 esse
3628 4759 3789 4828 facta,

2202 4864 2257 4907 et
2286 4868 2390 4907 nou
2417 4852 2678 4920 confiteri,
2716 4853 2953 4907 omnium
2986 4854 3240 4921 Opificem
3286 4867 3350 4907 ea
3379 4868 3445 4908 ex
3472 4854 3640 4907 nihilo
3667 4869 3791 4907 crc-

2203 4944 2397 5009 avisse,
2441 4943 2770 5013 desipientia
2814 4953 3066 4998 extremae
3114 4944 3320 5011 signum
3367 4942 3544 4996 fuerit.
3594 4943 3791 4998 Beatus

2205 5033 2381 5105 itaque
2409 5037 2666 5103 propheta
2692 5037 2809 5099 iste,
2840 5034 3139 5088 obturando
3169 5034 3527 5103 insipientium
3554 5050 3670 5100 ora,
3694 5053 3791 5090 au-

2201 5128 2499 5197 spicaturus
2539 5127 2751 5191 librum,
2778 5126 2855 5179 sic
2880 5127 3075 5195 cmpit:
3113 5126 3178 5179 In
3218 5127 3466 5196 principio
3495 5126 3611 5195 fecit
3649 5126 3790 5180 Deus

2201 5221 2381 5271 ctutum
2410 5226 2458 5271 et
2482 5226 2686 5271 terram.
2724 5216 2857 5270 Cum
2896 5217 3052 5286 igitur
3088 5215 3257 5279 audis,
3292 5216 3457 5279 Fecit,
3489 5217 3615 5269 nihil
3644 5218 3787 5269 aliud

2202 5309 2337 5363 ultra
2367 5309 2629 5363 curiosius
2667 5323 2846 5378 qumre
2884 5330 2896 5363 :
2940 5309 3031 5361 sed
3065 5308 3282 5361 humqu
3327 5318 3593 5377 spectans,
3631 5307 3791 5363 dictis

2202 5400 2360 5455 fidem
2392 5397 2545 5453 habe.
2577 5398 2706 5453 Nam
2737 5400 2876 5453 Deus
2896 5407 2977 5453 est
2997 5400 3083 5467 qui
3107 5399 3283 5453 omnia
3308 5399 3449 5461 facit,
3469 5410 3521 5451 et
3550 5398 3599 5450 iu
3628 5399 3784 5453 aliam

2202 5494 2427 5549 formam
2456 5501 2643 5560 mutat,
2670 5506 2731 5545 ac
2756 5491 3048 5546 secundum
3071 5493 3394 5546 voluntatem
3426 5508 3578 5548 suam
3608 5496 3783 5547 omnia

2268 5652 2285 5683 ι
2317 5649 2527 5709 misum,
2554 5661 2809 5713 supernam
2828 5650 3098 5713 potentiam.
