  <div class='ocr_page' id='page_1' title='image "/cluster/home/n/w/nwhite01/storage/ocr_20150623/53/ien.35556001660802/030.png"; bbox 0 0 4038 6382; ppageno 0'>
   <div class='ocr_carea' id='block_1_1' title="bbox 193 403 3660 468">
    <p class='ocr_par' dir='ltr' id='par_1_1' title="bbox 193 403 3660 468">
     <span class='ocr_line' id='line_1_1' title="bbox 193 403 3660 468; baseline -0.002 -1"><span class='ocrx_word' id='word_1_1' title='bbox 193 413 264 468; x_wconf 75' lang='grc'>27</span> <span class='ocrx_word' id='word_1_2' title='bbox 1415 408 1478 464; x_wconf 72' lang='lat' dir='ltr'>IN</span> <span class='ocrx_word' id='word_1_3' title='bbox 1519 409 1672 466; x_wconf 79' lang='lat' dir='ltr'>CAP.</span> <span class='ocrx_word' id='word_1_4' title='bbox 1715 409 1730 462; x_wconf 98' lang='lat'>|</span> <span class='ocrx_word' id='word_1_5' title='bbox 1801 405 2048 465; x_wconf 77' lang='lat' dir='ltr'>GENES.</span> <span class='ocrx_word' id='word_1_6' title='bbox 2091 403 2323 460; x_wconf 75' lang='lat' dir='ltr'>llOMlL.</span> <span class='ocrx_word' id='word_1_7' title='bbox 2363 406 2423 461; x_wconf 93' lang='lat' dir='ltr'>ll.</span> <span class='ocrx_word' id='word_1_8' title='bbox 3590 408 3660 462; x_wconf 69' lang='lat'>‘23</span> 
     </span>
    </p>
   </div>
   <div class='ocr_carea' id='block_1_2' title="bbox 190 524 1874 599">
    <p class='ocr_par' dir='ltr' id='par_1_2' title="bbox 190 524 1874 599">
     <span class='ocr_line' id='line_1_2' title="bbox 190 524 1874 599; baseline -0.002 -19"><span class='ocrx_word' id='word_1_9' title='bbox 190 544 312 580; x_wconf 87' lang='grc' dir='ltr'>τινα</span> <span class='ocrx_word' id='word_1_10' title='bbox 336 527 708 599; x_wconf 73' lang='grc' dir='ltr'>διαλεχθῶμεν</span> <span class='ocrx_word' id='word_1_11' title='bbox 744 527 877 597; x_wconf 75' lang='grc' dir='ltr'>πρὸς</span> <span class='ocrx_word' id='word_1_12' title='bbox 923 525 1022 596; x_wconf 77' lang='grc' dir='ltr'>τὴν</span> <span class='ocrx_word' id='word_1_13' title='bbox 1058 526 1332 596; x_wconf 79' lang='grc' dir='ltr'>ὑμετέραν</span> <span class='ocrx_word' id='word_1_14' title='bbox 1366 525 1610 595; x_wconf 84' lang='grc' dir='ltr'>ἀγάπην,</span> <span class='ocrx_word' id='word_1_15' title='bbox 1665 525 1760 578; x_wconf 82' lang='grc' dir='ltr'>καί</span> <span class='ocrx_word' id='word_1_16' title='bbox 1791 524 1874 576; x_wconf 86' lang='grc' dir='ltr'>λε-</span> 
     </span>
    </p>
   </div>
   <div class='ocr_carea' id='block_1_3' title="bbox 196 605 1878 682">
    <p class='ocr_par' dir='ltr' id='par_1_3' title="bbox 196 605 1878 682">
     <span class='ocr_line' id='line_1_3' title="bbox 196 605 1878 682; baseline -0.002 -21"><span class='ocrx_word' id='word_1_17' title='bbox 196 612 476 682; x_wconf 85' lang='grc' dir='ltr'>πτοτέρων</span> <span class='ocrx_word' id='word_1_18' title='bbox 513 611 755 680; x_wconf 83' lang='grc' dir='ltr'>σήμερον</span> <span class='ocrx_word' id='word_1_19' title='bbox 782 608 1283 678; x_wconf 85' lang='grc' dir='ltr'>κατατολμήσωμεν</span> <span class='ocrx_word' id='word_1_20' title='bbox 1327 606 1636 676; x_wconf 79' lang='grc' dir='ltr'>νοημάτων,</span> <span class='ocrx_word' id='word_1_21' title='bbox 1668 607 1736 658; x_wconf 86' lang='grc' dir='ltr'>τὰ</span> <span class='ocrx_word' id='word_1_22' title='bbox 1769 605 1878 658; x_wconf 81' lang='grc' dir='ltr'>ἀπὸ</span> 
     </span>
    </p>
   </div>
   <div class='ocr_carea' id='block_1_4' title="bbox 196 688 1876 761">
    <p class='ocr_par' dir='ltr' id='par_1_4' title="bbox 196 688 1876 761">
     <span class='ocr_line' id='line_1_4' title="bbox 196 688 1876 761; baseline -0.006 -15"><span class='ocrx_word' id='word_1_23' title='bbox 196 694 306 746; x_wconf 87' lang='grc' dir='ltr'>τῶν</span> <span class='ocrx_word' id='word_1_24' title='bbox 346 692 506 746; x_wconf 85' lang='grc' dir='ltr'>θείων</span> <span class='ocrx_word' id='word_1_25' title='bbox 559 691 794 761; x_wconf 62' lang='grc' dir='ltr'>ι’ραφῶν</span> <span class='ocrx_word' id='word_1_26' title='bbox 828 689 1222 760; x_wconf 76' lang='grc' dir='ltr'>παρατιθέντες</span> <span class='ocrx_word' id='word_1_27' title='bbox 1261 689 1390 760; x_wconf 87' lang='grc' dir='ltr'>ὑμῖν</span> <span class='ocrx_word' id='word_1_28' title='bbox 1421 688 1747 756; x_wconf 71' lang='grc' dir='ltr'>διδάγματα.</span> <span class='ocrx_word' id='word_1_29' title='bbox 1814 688 1876 740; x_wconf 68' lang='lat' dir='ltr'>Et</span> 
     </span>
    </p>
   </div>
   <div class='ocr_carea' id='block_1_5' title="bbox 1979 520 3660 594">
    <p class='ocr_par' dir='ltr' id='par_1_5' title="bbox 1979 520 3660 594">
     <span class='ocr_line' id='line_1_5' title="bbox 1979 520 3660 594; baseline -0.002 -18"><span class='ocrx_word' id='word_1_30' title='bbox 1979 524 2313 594; x_wconf 71' lang='grc' dir='ltr'>ἐπετίμησεν</span> <span class='ocrx_word' id='word_1_31' title='bbox 2334 540 2345 552; x_wconf 73' lang='grc' dir='ltr'><strong>ο</strong></span> <span class='ocrx_word' id='word_1_32' title='bbox 2369 522 2542 586; x_wconf 84' lang='grc' dir='ltr'>οῦτως</span> <span class='ocrx_word' id='word_1_33' title='bbox 2570 521 2645 592; x_wconf 78' lang='grc' dir='ltr'>τῷ</span> <span class='ocrx_word' id='word_1_34' title='bbox 2673 521 2794 575; x_wconf 84' lang='grc' dir='ltr'>Νῶε</span> <span class='ocrx_word' id='word_1_35' title='bbox 2825 522 3070 594; x_wconf 76' lang='grc' dir='ltr'>διελέχθη</span> <span class='ocrx_word' id='word_1_36' title='bbox 3091 537 3106 554; x_wconf 87' lang='grc'><strong>·</strong></span> <span class='ocrx_word' id='word_1_37' title='bbox 3129 520 3304 585; x_wconf 84' lang='grc' dir='ltr'>οὑτως</span> <span class='ocrx_word' id='word_1_38' title='bbox 3348 521 3611 587; x_wconf 80' lang='grc' dir='ltr'>ἐπεξενὼί</span> <span class='ocrx_word' id='word_1_39' title='bbox 3629 538 3660 590; x_wconf 85' lang='grc' dir='ltr'>η</span> 
     </span>
    </p>
   </div>
   <div class='ocr_carea' id='block_1_6' title="bbox 1980 603 3665 677">
    <p class='ocr_par' dir='ltr' id='par_1_6' title="bbox 1980 603 3665 677">
     <span class='ocr_line' id='line_1_6' title="bbox 1980 603 3665 677; baseline 0.001 -20"><span class='ocrx_word' id='word_1_40' title='bbox 1980 605 2056 676; x_wconf 79' lang='grc' dir='ltr'>τῷ</span> <span class='ocrx_word' id='word_1_41' title='bbox 2102 605 2524 677; x_wconf 84' lang='grc' dir='ltr'>’Λϐραάμ.”οτε</span> <span class='ocrx_word' id='word_1_42' title='bbox 2551 605 2608 657; x_wconf 82' lang='grc' dir='ltr'><strong>δὲ</strong></span> <span class='ocrx_word' id='word_1_43' title='bbox 2644 605 2724 668; x_wconf 83' lang='grc' dir='ltr'>είς</span> <span class='ocrx_word' id='word_1_44' title='bbox 2755 604 2954 675; x_wconf 83' lang='grc' dir='ltr'>πολλὴν</span> <span class='ocrx_word' id='word_1_45' title='bbox 2987 605 3186 658; x_wconf 89' lang='grc' dir='ltr'>κακίαν</span> <span class='ocrx_word' id='word_1_46' title='bbox 3227 603 3482 669; x_wconf 80' lang='grc' dir='ltr'>ἐξώκειλε</span> <span class='ocrx_word' id='word_1_47' title='bbox 3514 607 3665 658; x_wconf 83' lang='grc' dir='ltr'>πᾶσα</span> 
     </span>
    </p>
   </div>
   <div class='ocr_carea' id='block_1_7' title="bbox 1980 685 3665 758">
    <p class='ocr_par' dir='ltr' id='par_1_7' title="bbox 1980 685 3665 758">
     <span class='ocr_line' id='line_1_7' title="bbox 1980 685 3665 758; baseline 0.001 -19"><span class='ocrx_word' id='word_1_48' title='bbox 1980 689 2012 756; x_wconf 80' lang='grc' dir='ltr'>η</span> <span class='ocrx_word' id='word_1_49' title='bbox 2045 687 2152 740; x_wconf 89' lang='grc' dir='ltr'>τῶν</span> <span class='ocrx_word' id='word_1_50' title='bbox 2187 685 2492 757; x_wconf 78' lang='grc' dir='ltr'>ἀνθρώπων</span> <span class='ocrx_word' id='word_1_51' title='bbox 2525 685 2687 754; x_wconf 84' lang='grc' dir='ltr'>φύσις</span> <span class='ocrx_word' id='word_1_52' title='bbox 2713 727 2726 750; x_wconf 92' lang='grc'>,</span> <span class='ocrx_word' id='word_1_53' title='bbox 2765 685 2886 738; x_wconf 88' lang='grc' dir='ltr'>οὑδέ</span> <span class='ocrx_word' id='word_1_54' title='bbox 2911 685 3056 738; x_wconf 77' lang='grc' dir='ltr'>οὕτω</span> <span class='ocrx_word' id='word_1_55' title='bbox 3101 685 3288 739; x_wconf 81' lang='grc' dir='ltr'>τέλεον</span> <span class='ocrx_word' id='word_1_56' title='bbox 3331 687 3665 758; x_wconf 66' lang='grc' dir='ltr'>ἀπεστράφη</span> 
     </span>
    </p>
   </div>
   <div class='ocr_carea' id='block_1_8' title="bbox 198 767 3662 846">
    <p class='ocr_par' dir='ltr' id='par_1_8' title="bbox 198 767 3662 846">
     <span class='ocr_line' id='line_1_8' title="bbox 198 767 3662 846; baseline -0.002 -19"><span class='ocrx_word' id='word_1_57' title='bbox 198 776 307 846; x_wconf 77' lang='grc' dir='ltr'>γὰρ</span> <span class='ocrx_word' id='word_1_58' title='bbox 339 774 416 846; x_wconf 77' lang='grc' dir='ltr'>μὴ</span> <span class='ocrx_word' id='word_1_59' title='bbox 451 773 546 826; x_wconf 90' lang='grc' dir='ltr'>νῦν</span> <span class='ocrx_word' id='word_1_60' title='bbox 566 773 727 826; x_wconf 92' lang='grc' dir='ltr'>τοῦτο</span> <span class='ocrx_word' id='word_1_61' title='bbox 760 773 1112 843; x_wconf 82' lang='grc' dir='ltr'>ποιήσαιμεν,</span> <span class='ocrx_word' id='word_1_62' title='bbox 1147 774 1237 825; x_wconf 75' lang='grc' dir='ltr'>ὅτε</span> <span class='ocrx_word' id='word_1_63' title='bbox 1270 771 1492 840; x_wconf 82' lang='grc' dir='ltr'>νηστεία</span> <span class='ocrx_word' id='word_1_64' title='bbox 1516 771 1611 822; x_wconf 71' lang='grc' dir='ltr'>καὶ</span> <span class='ocrx_word' id='word_1_65' title='bbox 1640 767 1878 837; x_wconf 79' lang='grc' dir='ltr'>γαστρὸς</span> <span class='ocrx_word' id='word_1_66' title='bbox 1978 769 2042 822; x_wconf 80' lang='grc' dir='ltr'>τὸ</span> <span class='ocrx_word' id='word_1_67' title='bbox 2090 769 2198 822; x_wconf 83' lang='grc' dir='ltr'>τῶν</span> <span class='ocrx_word' id='word_1_68' title='bbox 2247 768 2550 842; x_wconf 76' lang='grc' dir='ltr'>ἀνθρώπων</span> <span class='ocrx_word' id='word_1_69' title='bbox 2579 768 2737 836; x_wconf 88' lang='grc' dir='ltr'>γένος</span> <span class='ocrx_word' id='word_1_70' title='bbox 2791 770 2820 822; x_wconf 86' lang='grc' dir='ltr'><strong>ὁ</strong></span> <span class='ocrx_word' id='word_1_71' title='bbox 2845 767 2954 822; x_wconf 89' lang='grc' dir='ltr'>τῶν</span> <span class='ocrx_word' id='word_1_72' title='bbox 3001 768 3261 822; x_wconf 83' lang='grc' dir='ltr'>ἁπάντων</span> <span class='ocrx_word' id='word_1_73' title='bbox 3298 768 3662 839; x_wconf 76' lang='grc' dir='ltr'>δημιουργόςο</span> 
     </span>
    </p>
   </div>
   <div class='ocr_carea' id='block_1_9' title="bbox 200 851 1876 927">
    <p class='ocr_par' dir='ltr' id='par_1_9' title="bbox 200 851 1876 927">
     <span class='ocr_line' id='line_1_9' title="bbox 200 851 1876 927; baseline -0.004 -18"><span class='ocrx_word' id='word_1_74' title='bbox 200 856 492 927; x_wconf 75' lang='grc' dir='ltr'>ὑπεροψία,</span> <span class='ocrx_word' id='word_1_75' title='bbox 537 855 632 909; x_wconf 61' lang='grc' dir='ltr'>καὶ</span> <span class='ocrx_word' id='word_1_76' title='bbox 655 855 890 924; x_wconf 79' lang='grc' dir='ltr'>τοσαύτη</span> <span class='ocrx_word' id='word_1_77' title='bbox 925 854 1036 906; x_wconf 88' lang='grc' dir='ltr'>τῶν</span> <span class='ocrx_word' id='word_1_78' title='bbox 1057 853 1234 924; x_wconf 80' lang='grc' dir='ltr'>ὀρθῶν</span> <span class='ocrx_word' id='word_1_79' title='bbox 1260 851 1539 922; x_wconf 78' lang='grc' dir='ltr'>λογισμῶν</span> <span class='ocrx_word' id='word_1_80' title='bbox 1576 853 1608 922; x_wconf 84' lang='grc' dir='ltr'>ὴ</span> <span class='ocrx_word' id='word_1_81' title='bbox 1643 851 1876 920; x_wconf 84' lang='grc' dir='ltr'>γαλήνη,</span> 
     </span>
    </p>
   </div>
   <div class='ocr_carea' id='block_1_10' title="bbox 201 933 1879 1010">
    <p class='ocr_par' dir='ltr' id='par_1_10' title="bbox 201 933 1879 1010">
     <span class='ocr_line' id='line_1_10' title="bbox 201 933 1879 1010; baseline -0.004 -18"><span class='ocrx_word' id='word_1_82' title='bbox 201 941 333 993; x_wconf 87' lang='grc' dir='ltr'>πότε</span> <span class='ocrx_word' id='word_1_83' title='bbox 385 939 746 1010; x_wconf 81' lang='grc' dir='ltr'>δυνησὼμεθα</span> <span class='ocrx_word' id='word_1_84' title='bbox 795 939 966 992; x_wconf 89' lang='grc' dir='ltr'>ταῦτα</span> <span class='ocrx_word' id='word_1_85' title='bbox 1023 938 1351 1008; x_wconf 86' lang='grc' dir='ltr'>παραθεῖναι</span> <span class='ocrx_word' id='word_1_86' title='bbox 1398 933 1477 1007; x_wconf 88' lang='grc'>[8]</span> <span class='ocrx_word' id='word_1_87' title='bbox 1515 937 1582 1006; x_wconf 80' lang='grc' dir='ltr'>τῇ</span> <span class='ocrx_word' id='word_1_88' title='bbox 1633 934 1879 1004; x_wconf 65' lang='grc' dir='ltr'>ὑμετέρα</span> 
     </span>
    </p>
   </div>
   <div class='ocr_carea' id='block_1_11' title="bbox 201 1018 1878 1094">
    <p class='ocr_par' dir='ltr' id='par_1_11' title="bbox 201 1018 1878 1094">
     <span class='ocr_line' id='line_1_11' title="bbox 201 1018 1878 1094; baseline -0.005 -18"><span class='ocrx_word' id='word_1_89' title='bbox 201 1022 429 1094; x_wconf 82' lang='grc' dir='ltr'>ἀγάπῃ;</span> <span class='ocrx_word' id='word_1_90' title='bbox 463 1021 592 1074; x_wconf 81' lang='grc' dir='ltr'>Ὅτε</span> <span class='ocrx_word' id='word_1_91' title='bbox 629 1019 810 1090; x_wconf 80' lang='grc' dir='ltr'>τρυφὴ</span> <span class='ocrx_word' id='word_1_92' title='bbox 843 1021 938 1072; x_wconf 71' lang='grc' dir='ltr'>καὶ</span> <span class='ocrx_word' id='word_1_93' title='bbox 973 1020 1253 1089; x_wconf 86' lang='grc' dir='ltr'>ἀδηφαγία</span> <span class='ocrx_word' id='word_1_94' title='bbox 1281 1022 1376 1072; x_wconf 71' lang='grc' dir='ltr'>καὶ</span> <span class='ocrx_word' id='word_1_95' title='bbox 1415 1020 1585 1088; x_wconf 76' lang='grc' dir='ltr'>πολλὴ</span> <span class='ocrx_word' id='word_1_96' title='bbox 1625 1019 1657 1088; x_wconf 80' lang='grc' dir='ltr'><strong>ἡ</strong></span> <span class='ocrx_word' id='word_1_97' title='bbox 1715 1018 1878 1088; x_wconf 75' lang='grc' dir='ltr'>ῤ-αθυο</span> 
     </span>
    </p>
   </div>
   <div class='ocr_carea' id='block_1_12' title="bbox 206 1101 1879 1175">
    <p class='ocr_par' dir='ltr' id='par_1_12' title="bbox 206 1101 1879 1175">
     <span class='ocr_line' id='line_1_12' title="bbox 206 1101 1879 1175; baseline -0.002 -20"><span class='ocrx_word' id='word_1_98' title='bbox 206 1105 342 1175; x_wconf 77' lang='grc' dir='ltr'>μίας</span> <span class='ocrx_word' id='word_1_99' title='bbox 383 1101 541 1157; x_wconf 74' lang='grc' dir='ltr'>’Δλλά</span> <span class='ocrx_word' id='word_1_100' title='bbox 579 1102 702 1155; x_wconf 89' lang='grc' dir='ltr'>τότε</span> <span class='ocrx_word' id='word_1_101' title='bbox 730 1101 856 1154; x_wconf 80' lang='grc' dir='ltr'>οῦτε</span> <span class='ocrx_word' id='word_1_102' title='bbox 889 1104 1043 1156; x_wconf 81' lang='grc' dir='ltr'>αὐτοὶ</span> <span class='ocrx_word' id='word_1_103' title='bbox 1079 1104 1240 1157; x_wconf 88' lang='grc' dir='ltr'>τοῦτο</span> <span class='ocrx_word' id='word_1_104' title='bbox 1284 1105 1513 1167; x_wconf 89' lang='grc' dir='ltr'>δεόντως</span> <span class='ocrx_word' id='word_1_105' title='bbox 1558 1103 1879 1171; x_wconf 86' lang='grc' dir='ltr'>ποιήσομεν,</span> 
     </span>
    </p>
   </div>
   <div class='ocr_carea' id='block_1_13' title="bbox 201 1182 1883 1257">
    <p class='ocr_par' dir='ltr' id='par_1_13' title="bbox 201 1182 1883 1257">
     <span class='ocr_line' id='line_1_13' title="bbox 201 1182 1883 1257; baseline -0.004 -17"><span class='ocrx_word' id='word_1_106' title='bbox 201 1187 326 1240; x_wconf 75' lang='grc' dir='ltr'>οὔτε</span> <span class='ocrx_word' id='word_1_107' title='bbox 359 1187 516 1257; x_wconf 82' lang='grc' dir='ltr'>ὑμεῖς</span> <span class='ocrx_word' id='word_1_108' title='bbox 545 1184 835 1255; x_wconf 81' lang='grc' dir='ltr'>δυνήσεσθε</span> <span class='ocrx_word' id='word_1_109' title='bbox 864 1185 1114 1257; x_wconf 88' lang='grc' dir='ltr'>καθάπερ</span> <span class='ocrx_word' id='word_1_110' title='bbox 1138 1185 1242 1239; x_wconf 87' lang='grc' dir='ltr'>ὐπὸ</span> <span class='ocrx_word' id='word_1_111' title='bbox 1265 1185 1462 1255; x_wconf 90' lang='grc' dir='ltr'>ἀχλύος</span> <span class='ocrx_word' id='word_1_112' title='bbox 1490 1184 1636 1246; x_wconf 72' lang='grc' dir='ltr'>τινος</span> <span class='ocrx_word' id='word_1_113' title='bbox 1656 1184 1752 1252; x_wconf 83' lang='grc' dir='ltr'>τῆς</span> <span class='ocrx_word' id='word_1_114' title='bbox 1774 1182 1883 1234; x_wconf 82' lang='grc' dir='ltr'>τῶν</span> 
     </span>
    </p>
   </div>
   <div class='ocr_carea' id='block_1_14' title="bbox 204 1264 1887 1339">
    <p class='ocr_par' dir='ltr' id='par_1_14' title="bbox 204 1264 1887 1339">
     <span class='ocr_line' id='line_1_14' title="bbox 204 1264 1887 1339; baseline -0.005 -16"><span class='ocrx_word' id='word_1_115' title='bbox 204 1270 483 1339; x_wconf 84' lang='grc' dir='ltr'>λογισμῶν</span> <span class='ocrx_word' id='word_1_116' title='bbox 508 1266 678 1339; x_wconf 78' lang='grc' dir='ltr'>ζάλης</span> <span class='ocrx_word' id='word_1_117' title='bbox 701 1267 1235 1338; x_wconf 73' lang='grc' dir='ltr'>καταϐαπτιζόμενοι</span> <span class='ocrx_word' id='word_1_118' title='bbox 1260 1268 1518 1333; x_wconf 81' lang='grc' dir='ltr'>δέξασθαί</span> <span class='ocrx_word' id='word_1_119' title='bbox 1540 1285 1590 1319; x_wconf 90' lang='grc' dir='ltr'>τι</span> <span class='ocrx_word' id='word_1_120' title='bbox 1616 1265 1725 1318; x_wconf 90' lang='grc' dir='ltr'>τῶν</span> <span class='ocrx_word' id='word_1_121' title='bbox 1740 1264 1887 1334; x_wconf 87' lang='grc' dir='ltr'>λεγο-</span> 
     </span>
    </p>
   </div>
   <div class='ocr_carea' id='block_1_15' title="bbox 209 1352 408 1421">
    <p class='ocr_par' dir='ltr' id='par_1_15' title="bbox 209 1352 408 1421">
     <span class='ocr_line' id='line_1_15' title="bbox 209 1352 408 1421; baseline 0 -18"><span class='ocrx_word' id='word_1_122' title='bbox 209 1352 408 1421; x_wconf 84' lang='grc' dir='ltr'>μένων.</span> 
     </span>
    </p>
   </div>
   <div class='ocr_carea' id='block_1_16' title="bbox 281 1422 1888 1501">
    <p class='ocr_par' dir='ltr' id='par_1_16' title="bbox 281 1422 1888 1501">
     <span class='ocr_line' id='line_1_16' title="bbox 281 1422 1888 1501; baseline -0.004 -16"><span class='ocrx_word' id='word_1_123' title='bbox 281 1432 394 1485; x_wconf 87' lang='grc' dir='ltr'>Νῦν</span> <span class='ocrx_word' id='word_1_124' title='bbox 420 1431 496 1497; x_wconf 83' lang='grc' dir='ltr'>δὲ,</span> <span class='ocrx_word' id='word_1_125' title='bbox 522 1432 570 1484; x_wconf 85' lang='grc' dir='ltr'>εί</span> <span class='ocrx_word' id='word_1_126' title='bbox 597 1430 686 1484; x_wconf 91' lang='grc' dir='ltr'>καί</span> <span class='ocrx_word' id='word_1_127' title='bbox 717 1447 848 1484; x_wconf 90' lang='grc' dir='ltr'>ποτε</span> <span class='ocrx_word' id='word_1_128' title='bbox 880 1422 1090 1496; x_wconf 75' lang='grc' dir='ltr'>ἄλλοτε,</span> <span class='ocrx_word' id='word_1_129' title='bbox 1116 1433 1304 1501; x_wconf 71' lang='grc' dir='ltr'>καιρὸς</span> <span class='ocrx_word' id='word_1_130' title='bbox 1333 1429 1441 1484; x_wconf 87' lang='grc' dir='ltr'>τῶν</span> <span class='ocrx_word' id='word_1_131' title='bbox 1455 1429 1712 1483; x_wconf 80' lang='grc' dir='ltr'>τοιούτων</span> <span class='ocrx_word' id='word_1_132' title='bbox 1744 1427 1888 1481; x_wconf 84' lang='grc' dir='ltr'>διδα-</span> 
     </span>
    </p>
   </div>
   <div class='ocr_carea' id='block_1_17' title="bbox 204 1510 1884 1586">
    <p class='ocr_par' dir='ltr' id='par_1_17' title="bbox 204 1510 1884 1586">
     <span class='ocr_line' id='line_1_17' title="bbox 204 1510 1884 1586; baseline -0.005 -17"><span class='ocrx_word' id='word_1_133' title='bbox 204 1516 455 1586; x_wconf 81' lang='grc' dir='ltr'>γμάτων,</span> <span class='ocrx_word' id='word_1_134' title='bbox 483 1517 570 1569; x_wconf 81' lang='grc' dir='ltr'>ὅτε</span> <span class='ocrx_word' id='word_1_135' title='bbox 594 1517 693 1569; x_wconf 86' lang='grc' dir='ltr'>οὐκ</span> <span class='ocrx_word' id='word_1_136' title='bbox 726 1515 806 1569; x_wconf 71' lang='grc' dir='ltr'>ἔτι</span> <span class='ocrx_word' id='word_1_137' title='bbox 829 1515 1285 1580; x_wconf 74' lang='grc' dir='ltr'>κατεξανίσταται</span> <span class='ocrx_word' id='word_1_138' title='bbox 1300 1513 1403 1583; x_wconf 82' lang='grc' dir='ltr'>τῆς</span> <span class='ocrx_word' id='word_1_139' title='bbox 1432 1512 1676 1584; x_wconf 80' lang='grc' dir='ltr'>κυρίαςή</span> <span class='ocrx_word' id='word_1_140' title='bbox 1703 1510 1884 1579; x_wconf 83' lang='grc' dir='ltr'>δούλη,</span> 
     </span>
    </p>
   </div>
   <div class='ocr_carea' id='block_1_18' title="bbox 205 1594 1886 1668">
    <p class='ocr_par' dir='ltr' id='par_1_18' title="bbox 205 1594 1886 1668">
     <span class='ocr_line' id='line_1_18' title="bbox 205 1594 1886 1668; baseline -0.003 -17"><span class='ocrx_word' id='word_1_141' title='bbox 205 1596 322 1651; x_wconf 82' lang='grc' dir='ltr'>ἀλλ’</span> <span class='ocrx_word' id='word_1_142' title='bbox 361 1599 574 1668; x_wconf 75' lang='grc' dir='ltr'>εὐήνιος</span> <span class='ocrx_word' id='word_1_143' title='bbox 597 1597 860 1668; x_wconf 83' lang='grc' dir='ltr'>γενομένη</span> <span class='ocrx_word' id='word_1_144' title='bbox 891 1595 1090 1666; x_wconf 77' lang='grc' dir='ltr'>πολλὴν</span> <span class='ocrx_word' id='word_1_145' title='bbox 1139 1597 1240 1667; x_wconf 83' lang='grc' dir='ltr'>τὴν</span> <span class='ocrx_word' id='word_1_146' title='bbox 1270 1595 1443 1648; x_wconf 83' lang='grc' dir='ltr'>πειθὼ</span> <span class='ocrx_word' id='word_1_147' title='bbox 1493 1597 1587 1648; x_wconf 73' lang='grc' dir='ltr'>καὶ</span> <span class='ocrx_word' id='word_1_148' title='bbox 1619 1595 1720 1664; x_wconf 79' lang='grc' dir='ltr'>τὴν</span> <span class='ocrx_word' id='word_1_149' title='bbox 1781 1594 1886 1646; x_wconf 89' lang='grc' dir='ltr'>ὐπ-</span> 
     </span>
    </p>
   </div>
   <div class='ocr_carea' id='block_1_19' title="bbox 206 1677 1889 1749">
    <p class='ocr_par' dir='ltr' id='par_1_19' title="bbox 206 1677 1889 1749">
     <span class='ocr_line' id='line_1_19' title="bbox 206 1677 1889 1749; baseline -0.002 -19"><span class='ocrx_word' id='word_1_150' title='bbox 206 1677 379 1748; x_wconf 73' lang='grc' dir='ltr'>ακοὴν</span> <span class='ocrx_word' id='word_1_151' title='bbox 401 1679 787 1741; x_wconf 84' lang='grc' dir='ltr'>ἐπιδείκνυται,</span> <span class='ocrx_word' id='word_1_152' title='bbox 814 1679 882 1730; x_wconf 78' lang='grc' dir='ltr'>τα</span> <span class='ocrx_word' id='word_1_153' title='bbox 901 1680 1249 1749; x_wconf 81' lang='grc' dir='ltr'>σκιρτήματα</span> <span class='ocrx_word' id='word_1_154' title='bbox 1269 1678 1369 1748; x_wconf 76' lang='grc' dir='ltr'>τῆς</span> <span class='ocrx_word' id='word_1_155' title='bbox 1400 1678 1602 1749; x_wconf 83' lang='grc' dir='ltr'>σαρκὸς</span> <span class='ocrx_word' id='word_1_156' title='bbox 1621 1692 1889 1729; x_wconf 89' lang='grc' dir='ltr'>καταστο-</span> 
     </span>
    </p>
   </div>
   <div class='ocr_carea' id='block_1_20' title="bbox 210 1755 1891 1831">
    <p class='ocr_par' dir='ltr' id='par_1_20' title="bbox 210 1755 1891 1831">
     <span class='ocr_line' id='line_1_20' title="bbox 210 1755 1891 1831; baseline -0.001 -20"><span class='ocrx_word' id='word_1_157' title='bbox 210 1755 440 1830; x_wconf 76' lang='grc' dir='ltr'>ρέσασα,</span> <span class='ocrx_word' id='word_1_158' title='bbox 471 1762 562 1814; x_wconf 73' lang='grc' dir='ltr'>καὶ</span> <span class='ocrx_word' id='word_1_159' title='bbox 615 1760 846 1813; x_wconf 77' lang='grc' dir='ltr'>ἐπὶτῶν</span> <span class='ocrx_word' id='word_1_160' title='bbox 877 1760 1094 1814; x_wconf 76' lang='grc' dir='ltr'>οἰκείων</span> <span class='ocrx_word' id='word_1_161' title='bbox 1138 1763 1281 1831; x_wconf 83' lang='grc' dir='ltr'>ὅρων</span> <span class='ocrx_word' id='word_1_162' title='bbox 1338 1761 1594 1830; x_wconf 87' lang='grc' dir='ltr'>μένουσα.</span> <span class='ocrx_word' id='word_1_163' title='bbox 1626 1756 1891 1828; x_wconf 60' lang='grc' dir='ltr'>,Νηστεία</span> 
     </span>
    </p>
   </div>
   <div class='ocr_carea' id='block_1_21' title="bbox 208 1839 1893 1913">
    <p class='ocr_par' dir='ltr' id='par_1_21' title="bbox 208 1839 1893 1913">
     <span class='ocr_line' id='line_1_21' title="bbox 208 1839 1893 1913; baseline -0.001 -19"><span class='ocrx_word' id='word_1_164' title='bbox 208 1841 319 1913; x_wconf 87' lang='grc' dir='ltr'>γάρ</span> <span class='ocrx_word' id='word_1_165' title='bbox 348 1844 493 1894; x_wconf 86' lang='grc' dir='ltr'>ἐστιν</span> <span class='ocrx_word' id='word_1_166' title='bbox 521 1845 554 1912; x_wconf 82' lang='grc' dir='ltr'>ὴ</span> <span class='ocrx_word' id='word_1_167' title='bbox 579 1842 785 1913; x_wconf 86' lang='grc' dir='ltr'>γαλήνη</span> <span class='ocrx_word' id='word_1_168' title='bbox 812 1841 919 1893; x_wconf 89' lang='grc' dir='ltr'>τῶν</span> <span class='ocrx_word' id='word_1_169' title='bbox 952 1841 1240 1913; x_wconf 80' lang='grc' dir='ltr'>ἡμετέρων</span> <span class='ocrx_word' id='word_1_170' title='bbox 1277 1840 1489 1911; x_wconf 77' lang='grc' dir='ltr'>ψυχῶν,</span> <span class='ocrx_word' id='word_1_171' title='bbox 1519 1842 1553 1911; x_wconf 84' lang='grc' dir='ltr'>ἡ</span> <span class='ocrx_word' id='word_1_172' title='bbox 1594 1839 1703 1891; x_wconf 89' lang='grc' dir='ltr'>τῶν</span> <span class='ocrx_word' id='word_1_173' title='bbox 1727 1853 1893 1907; x_wconf 85' lang='grc' dir='ltr'>γεγη-</span> 
     </span>
    </p>
   </div>
   <div class='ocr_carea' id='block_1_22' title="bbox 213 1921 1892 1995">
    <p class='ocr_par' dir='ltr' id='par_1_22' title="bbox 213 1921 1892 1995">
     <span class='ocr_line' id='line_1_22' title="bbox 213 1921 1892 1995; baseline -0.002 -19"><span class='ocrx_word' id='word_1_174' title='bbox 213 1926 460 1995; x_wconf 86' lang='grc' dir='ltr'>ρακότων</span> <span class='ocrx_word' id='word_1_175' title='bbox 483 1925 768 1993; x_wconf 86' lang='grc' dir='ltr'>εὐκοσμία,</span> <span class='ocrx_word' id='word_1_176' title='bbox 809 1925 842 1995; x_wconf 82' lang='grc' dir='ltr'>ή</span> <span class='ocrx_word' id='word_1_177' title='bbox 876 1924 984 1976; x_wconf 84' lang='grc' dir='ltr'>τῶν</span> <span class='ocrx_word' id='word_1_178' title='bbox 1010 1924 1146 1976; x_wconf 85' lang='grc' dir='ltr'>νέων</span> <span class='ocrx_word' id='word_1_179' title='bbox 1186 1924 1553 1992; x_wconf 75' lang='grc' dir='ltr'>παιδαγωγὸς,</span> <span class='ocrx_word' id='word_1_180' title='bbox 1591 1922 1624 1993; x_wconf 89' lang='grc' dir='ltr'>ή</span> <span class='ocrx_word' id='word_1_181' title='bbox 1655 1921 1764 1974; x_wconf 91' lang='grc' dir='ltr'>τῶν</span> <span class='ocrx_word' id='word_1_182' title='bbox 1789 1938 1892 1973; x_wconf 82' lang='grc' dir='ltr'>σω-</span> 
     </span>
    </p>
   </div>
   <div class='ocr_carea' id='block_1_23' title="bbox 211 2002 1893 2077">
    <p class='ocr_par' dir='ltr' id='par_1_23' title="bbox 211 2002 1893 2077">
     <span class='ocr_line' id='line_1_23' title="bbox 211 2002 1893 2077; baseline -0.002 -18"><span class='ocrx_word' id='word_1_183' title='bbox 211 2006 554 2077; x_wconf 80' lang='grc' dir='ltr'>φρονούντων</span> <span class='ocrx_word' id='word_1_184' title='bbox 573 2005 909 2070; x_wconf 84' lang='grc' dir='ltr'>διδάσκαλος,</span> <span class='ocrx_word' id='word_1_185' title='bbox 931 2009 964 2075; x_wconf 77' lang='grc' dir='ltr'><strong>ἡ</strong></span> <span class='ocrx_word' id='word_1_186' title='bbox 986 2007 1166 2060; x_wconf 78' lang='grc' dir='ltr'>πᾶσαν</span> <span class='ocrx_word' id='word_1_187' title='bbox 1185 2006 1400 2077; x_wconf 86' lang='grc' dir='ltr'>ήλικίαν</span> <span class='ocrx_word' id='word_1_188' title='bbox 1421 2006 1514 2059; x_wconf 72' lang='grc' dir='ltr'>καὶ</span> <span class='ocrx_word' id='word_1_189' title='bbox 1543 2005 1704 2073; x_wconf 84' lang='grc' dir='ltr'>φύσιν</span> <span class='ocrx_word' id='word_1_190' title='bbox 1721 2002 1893 2056; x_wconf 85' lang='grc' dir='ltr'>καθά-</span> 
     </span>
    </p>
   </div>
   <div class='ocr_carea' id='block_1_24' title="bbox 213 2087 1892 2159">
    <p class='ocr_par' dir='ltr' id='par_1_24' title="bbox 213 2087 1892 2159">
     <span class='ocr_line' id='line_1_24' title="bbox 213 2087 1892 2159; baseline -0.001 -21"><span class='ocrx_word' id='word_1_191' title='bbox 213 2103 322 2156; x_wconf 88' lang='grc' dir='ltr'>περ</span> <span class='ocrx_word' id='word_1_192' title='bbox 373 2087 661 2158; x_wconf 80' lang='grc' dir='ltr'>διαδήματί</span> <span class='ocrx_word' id='word_1_193' title='bbox 711 2105 817 2140; x_wconf 89' lang='grc' dir='ltr'>τινι</span> <span class='ocrx_word' id='word_1_194' title='bbox 849 2088 1294 2159; x_wconf 80' lang='grc' dir='ltr'>κατακοσμοῦσα.</span> <span class='ocrx_word' id='word_1_195' title='bbox 1339 2087 1595 2157; x_wconf 87' lang='grc' dir='ltr'>υύδαμοῦ</span> <span class='ocrx_word' id='word_1_196' title='bbox 1651 2087 1892 2156; x_wconf 84' lang='grc' dir='ltr'>σήμερον</span> 
     </span>
    </p>
   </div>
   <div class='ocr_carea' id='block_1_25' title="bbox 210 2165 1894 2241">
    <p class='ocr_par' dir='ltr' id='par_1_25' title="bbox 210 2165 1894 2241">
     <span class='ocr_line' id='line_1_25' title="bbox 210 2165 1894 2241; baseline -0.001 -20"><span class='ocrx_word' id='word_1_197' title='bbox 210 2167 462 2238; x_wconf 81' lang='grc' dir='ltr'>θόρυϐος,</span> <span class='ocrx_word' id='word_1_198' title='bbox 500 2168 621 2222; x_wconf 83' lang='grc' dir='ltr'>οὐδὲ</span> <span class='ocrx_word' id='word_1_199' title='bbox 682 2171 920 2241; x_wconf 78' lang='grc' dir='ltr'>κραυγὴ,</span> <span class='ocrx_word' id='word_1_200' title='bbox 975 2171 1098 2223; x_wconf 79' lang='grc' dir='ltr'>οὐδὲ</span> <span class='ocrx_word' id='word_1_201' title='bbox 1142 2170 1323 2241; x_wconf 82' lang='grc' dir='ltr'>κρεῶν</span> <span class='ocrx_word' id='word_1_202' title='bbox 1373 2168 1710 2230; x_wconf 72' lang='grc' dir='ltr'>κατακοπαὶ,</span> <span class='ocrx_word' id='word_1_203' title='bbox 1771 2165 1894 2220; x_wconf 81' lang='grc' dir='ltr'>οὐδὲ</span> 
     </span>
    </p>
   </div>
   <div class='ocr_carea' id='block_1_26' title="bbox 214 2249 1896 2322">
    <p class='ocr_par' dir='ltr' id='par_1_26' title="bbox 214 2249 1896 2322">
     <span class='ocr_line' id='line_1_26' title="bbox 214 2249 1896 2322; baseline -0.001 -20"><span class='ocrx_word' id='word_1_204' title='bbox 214 2251 495 2320; x_wconf 74' lang='grc' dir='ltr'>μαγείρων</span> <span class='ocrx_word' id='word_1_205' title='bbox 524 2250 746 2322; x_wconf 88' lang='grc' dir='ltr'>δρόμοι·</span> <span class='ocrx_word' id='word_1_206' title='bbox 782 2252 916 2305; x_wconf 88' lang='grc' dir='ltr'>ἀλλά</span> <span class='ocrx_word' id='word_1_207' title='bbox 949 2253 1127 2305; x_wconf 89' lang='grc' dir='ltr'>πάντα</span> <span class='ocrx_word' id='word_1_208' title='bbox 1162 2254 1348 2304; x_wconf 86' lang='grc' dir='ltr'>ἐκεῖνα</span> <span class='ocrx_word' id='word_1_209' title='bbox 1404 2250 1770 2319; x_wconf 79' lang='grc' dir='ltr'>ἀπελήλαται,</span> <span class='ocrx_word' id='word_1_210' title='bbox 1802 2249 1896 2303; x_wconf 74' lang='grc' dir='ltr'>καὶ</span> 
     </span>
    </p>
   </div>
   <div class='ocr_carea' id='block_1_27' title="bbox 211 2332 1894 2406">
    <p class='ocr_par' dir='ltr' id='par_1_27' title="bbox 211 2332 1894 2406">
     <span class='ocr_line' id='line_1_27' title="bbox 211 2332 1894 2406; baseline 0 -22"><span class='ocrx_word' id='word_1_211' title='bbox 211 2332 532 2402; x_wconf 86' lang='grc' dir='ltr'>εὐσχήμονά</span> <span class='ocrx_word' id='word_1_212' title='bbox 559 2350 681 2386; x_wconf 91' lang='grc' dir='ltr'>τινα</span> <span class='ocrx_word' id='word_1_213' title='bbox 733 2336 826 2388; x_wconf 72' lang='grc' dir='ltr'>καὶ</span> <span class='ocrx_word' id='word_1_214' title='bbox 854 2338 1087 2406; x_wconf 75' lang='grc' dir='ltr'>κοσμίαν</span> <span class='ocrx_word' id='word_1_215' title='bbox 1110 2338 1203 2388; x_wconf 74' lang='grc' dir='ltr'>καὶ</span> <span class='ocrx_word' id='word_1_216' title='bbox 1232 2335 1488 2406; x_wconf 86' lang='grc' dir='ltr'>σώφρονα</span> <span class='ocrx_word' id='word_1_217' title='bbox 1539 2333 1831 2404; x_wconf 80' lang='grc' dir='ltr'>ἐλευθέραν</span> <span class='ocrx_word' id='word_1_218' title='bbox 1859 2333 1894 2402; x_wconf 83' lang='grc' dir='ltr'>ή</span> 
     </span>
    </p>
   </div>
   <div class='ocr_carea' id='block_1_28' title="bbox 213 2413 1898 2488">
    <p class='ocr_par' dir='ltr' id='par_1_28' title="bbox 213 2413 1898 2488">
     <span class='ocr_line' id='line_1_28' title="bbox 213 2413 1898 2488; baseline 0 -22"><span class='ocrx_word' id='word_1_219' title='bbox 213 2413 368 2476; x_wconf 83' lang='grc' dir='ltr'>πόλις</span> <span class='ocrx_word' id='word_1_220' title='bbox 396 2416 529 2484; x_wconf 75' lang='grc' dir='ltr'>ἡμῖν</span> <span class='ocrx_word' id='word_1_221' title='bbox 551 2419 798 2487; x_wconf 79' lang='grc' dir='ltr'>μιμεῖται</span> <span class='ocrx_word' id='word_1_222' title='bbox 823 2417 940 2470; x_wconf 90' lang='grc' dir='ltr'>νῦν.</span> <span class='ocrx_word' id='word_1_223' title='bbox 964 2418 1136 2471; x_wconf 85' lang='grc' dir='ltr'>Ὅταν</span> <span class='ocrx_word' id='word_1_224' title='bbox 1155 2418 1264 2487; x_wconf 79' lang='grc' dir='ltr'>γὰρ</span> <span class='ocrx_word' id='word_1_225' title='bbox 1295 2419 1534 2486; x_wconf 78' lang='grc' dir='ltr'>ἐννοήσω</span> <span class='ocrx_word' id='word_1_226' title='bbox 1565 2416 1663 2486; x_wconf 78' lang='grc' dir='ltr'>τὴν</span> <span class='ocrx_word' id='word_1_227' title='bbox 1690 2415 1898 2488; x_wconf 76' lang='grc' dir='ltr'>ἁθρόαν</span> 
     </span>
    </p>
   </div>
   <div class='ocr_carea' id='block_1_29' title="bbox 214 2496 1900 2571">
    <p class='ocr_par' dir='ltr' id='par_1_29' title="bbox 214 2496 1900 2571">
     <span class='ocr_line' id='line_1_29' title="bbox 214 2496 1900 2571; baseline 0.001 -23"><span class='ocrx_word' id='word_1_228' title='bbox 214 2496 527 2568; x_wconf 81' lang='grc' dir='ltr'>μεταϐολὴν</span> <span class='ocrx_word' id='word_1_229' title='bbox 577 2500 675 2569; x_wconf 79' lang='grc' dir='ltr'>τὴν</span> <span class='ocrx_word' id='word_1_230' title='bbox 720 2502 958 2571; x_wconf 87' lang='grc' dir='ltr'>σήμερον</span> <span class='ocrx_word' id='word_1_231' title='bbox 1013 2500 1416 2571; x_wconf 88' lang='grc' dir='ltr'>γεγενημένην,</span> <span class='ocrx_word' id='word_1_232' title='bbox 1439 2499 1544 2571; x_wconf 62' lang='grc' dir='ltr'>,καὶ</span> <span class='ocrx_word' id='word_1_233' title='bbox 1594 2497 1900 2567; x_wconf 81' lang='grc' dir='ltr'>λογίσωμαι</span> 
     </span>
    </p>
   </div>
   <div class='ocr_carea' id='block_1_30' title="bbox 212 2583 1900 2658">
    <p class='ocr_par' dir='ltr' id='par_1_30' title="bbox 212 2583 1900 2658">
     <span class='ocr_line' id='line_1_30' title="bbox 212 2583 1900 2658; baseline -0.007 -11"><span class='ocrx_word' id='word_1_234' title='bbox 212 2583 317 2651; x_wconf 79' lang='grc' dir='ltr'>τῆς</span> <span class='ocrx_word' id='word_1_235' title='bbox 340 2583 596 2653; x_wconf 78' lang='grc' dir='ltr'>χθεσινῆς</span> <span class='ocrx_word' id='word_1_236' title='bbox 621 2586 835 2655; x_wconf 75' lang='grc' dir='ltr'>ἡμέρας</span> <span class='ocrx_word' id='word_1_237' title='bbox 869 2587 967 2658; x_wconf 80' lang='grc' dir='ltr'>τὴν</span> <span class='ocrx_word' id='word_1_238' title='bbox 996 2587 1410 2640; x_wconf 88' lang='grc' dir='ltr'>ἀκαταστασίαν</span> <span class='ocrx_word' id='word_1_239' title='bbox 1430 2626 1444 2648; x_wconf 94' lang='grc'>,</span> <span class='ocrx_word' id='word_1_240' title='bbox 1479 2585 1766 2656; x_wconf 73' lang='grc' dir='ltr'>θαυμάξω,</span> <span class='ocrx_word' id='word_1_241' title='bbox 1805 2583 1900 2636; x_wconf 74' lang='grc' dir='ltr'>καὶ</span> 
     </span>
    </p>
   </div>
   <div class='ocr_carea' id='block_1_31' title="bbox 213 2665 1900 2738">
    <p class='ocr_par' dir='ltr' id='par_1_31' title="bbox 213 2665 1900 2738">
     <span class='ocr_line' id='line_1_31' title="bbox 213 2665 1900 2738; baseline 0.001 -20"><span class='ocrx_word' id='word_1_242' title='bbox 213 2665 591 2737; x_wconf 76' lang='grc' dir='ltr'>ἐκπλήττομαι</span> <span class='ocrx_word' id='word_1_243' title='bbox 612 2667 710 2736; x_wconf 85' lang='grc' dir='ltr'>τῆς</span> <span class='ocrx_word' id='word_1_244' title='bbox 738 2669 990 2736; x_wconf 81' lang='grc' dir='ltr'>νηστείας</span> <span class='ocrx_word' id='word_1_245' title='bbox 1013 2669 1111 2738; x_wconf 78' lang='grc' dir='ltr'>τὴν</span> <span class='ocrx_word' id='word_1_246' title='bbox 1140 2671 1313 2738; x_wconf 73' lang='grc' dir='ltr'>ἰσχὺν,</span> <span class='ocrx_word' id='word_1_247' title='bbox 1348 2669 1496 2732; x_wconf 83' lang='grc' dir='ltr'>ὅπως</span> <span class='ocrx_word' id='word_1_248' title='bbox 1529 2669 1609 2730; x_wconf 86' lang='grc' dir='ltr'>εἰς</span> <span class='ocrx_word' id='word_1_249' title='bbox 1635 2668 1735 2738; x_wconf 81' lang='grc' dir='ltr'>τὴν</span> <span class='ocrx_word' id='word_1_250' title='bbox 1766 2667 1900 2719; x_wconf 85' lang='grc' dir='ltr'>ἐκά-</span> 
     </span>
    </p>
   </div>
   <div class='ocr_carea' id='block_1_32' title="bbox 215 2747 1899 2820">
    <p class='ocr_par' dir='ltr' id='par_1_32' title="bbox 215 2747 1899 2820">
     <span class='ocr_line' id='line_1_32' title="bbox 215 2747 1899 2820; baseline 0.001 -21"><span class='ocrx_word' id='word_1_251' title='bbox 215 2763 345 2799; x_wconf 88' lang='grc' dir='ltr'>στου</span> <span class='ocrx_word' id='word_1_252' title='bbox 381 2747 685 2816; x_wconf 70' lang='grc' dir='ltr'>συνείδησιν</span> <span class='ocrx_word' id='word_1_253' title='bbox 737 2750 1057 2803; x_wconf 83' lang='grc' dir='ltr'>είσελθοῦσα</span> <span class='ocrx_word' id='word_1_254' title='bbox 1116 2750 1424 2820; x_wconf 87' lang='grc' dir='ltr'>μετέπλασε</span> <span class='ocrx_word' id='word_1_255' title='bbox 1471 2753 1563 2802; x_wconf 82' lang='grc' dir='ltr'>τὺν</span> <span class='ocrx_word' id='word_1_256' title='bbox 1617 2749 1899 2818; x_wconf 82' lang='grc' dir='ltr'>λογισμὸν,</span> 
     </span>
    </p>
   </div>
   <div class='ocr_carea' id='block_1_33' title="bbox 214 2827 1902 2902">
    <p class='ocr_par' dir='ltr' id='par_1_33' title="bbox 214 2827 1902 2902">
     <span class='ocr_line' id='line_1_33' title="bbox 214 2827 1902 2902; baseline 0.001 -22"><span class='ocrx_word' id='word_1_257' title='bbox 214 2827 521 2898; x_wconf 78' lang='grc' dir='ltr'>ἐξεκάθαρε</span> <span class='ocrx_word' id='word_1_258' title='bbox 548 2828 646 2898; x_wconf 80' lang='grc' dir='ltr'>τὴν</span> <span class='ocrx_word' id='word_1_259' title='bbox 677 2828 935 2893; x_wconf 83' lang='grc' dir='ltr'>διάνοιαν,</span> <span class='ocrx_word' id='word_1_260' title='bbox 963 2831 1063 2883; x_wconf 88' lang='grc' dir='ltr'>οὐκ</span> <span class='ocrx_word' id='word_1_261' title='bbox 1103 2833 1381 2902; x_wconf 73' lang='grc' dir='ltr'>ἀρχόντων</span> <span class='ocrx_word' id='word_1_262' title='bbox 1408 2832 1588 2902; x_wconf 86' lang='grc' dir='ltr'>μόνον,</span> <span class='ocrx_word' id='word_1_263' title='bbox 1619 2830 1756 2884; x_wconf 77' lang='grc' dir='ltr'>ἀλλὰ</span> <span class='ocrx_word' id='word_1_264' title='bbox 1809 2832 1902 2883; x_wconf 72' lang='grc' dir='ltr'>καὶ</span> 
     </span>
    </p>
   </div>
   <div class='ocr_carea' id='block_1_34' title="bbox 218 2911 1899 2985">
    <p class='ocr_par' dir='ltr' id='par_1_34' title="bbox 218 2911 1899 2985">
     <span class='ocr_line' id='line_1_34' title="bbox 218 2911 1899 2985; baseline 0.004 -24"><span class='ocrx_word' id='word_1_265' title='bbox 218 2911 448 2964; x_wconf 83' lang='grc' dir='ltr'>ξδιωτῶν</span> <span class='ocrx_word' id='word_1_266' title='bbox 464 2929 478 2941; x_wconf 86' lang='grc'><strong>·</strong></span> <span class='ocrx_word' id='word_1_267' title='bbox 510 2912 610 2965; x_wconf 89' lang='grc' dir='ltr'>οὐκ</span> <span class='ocrx_word' id='word_1_268' title='bbox 636 2911 934 2985; x_wconf 81' lang='grc' dir='ltr'>ἐλευθέρων</span> <span class='ocrx_word' id='word_1_269' title='bbox 955 2953 968 2978; x_wconf 93' lang='grc'>,</span> <span class='ocrx_word' id='word_1_270' title='bbox 1001 2914 1137 2967; x_wconf 81' lang='grc' dir='ltr'>ἀλλὰ</span> <span class='ocrx_word' id='word_1_271' title='bbox 1161 2915 1253 2966; x_wconf 70' lang='grc' dir='ltr'>καὶ</span> <span class='ocrx_word' id='word_1_272' title='bbox 1278 2913 1478 2966; x_wconf 91' lang='grc' dir='ltr'>δούλων</span> <span class='ocrx_word' id='word_1_273' title='bbox 1501 2929 1514 2944; x_wconf 80' lang='grc'><em>’</em></span> <span class='ocrx_word' id='word_1_274' title='bbox 1543 2914 1644 2965; x_wconf 83' lang='grc' dir='ltr'>οὐκ</span> <span class='ocrx_word' id='word_1_275' title='bbox 1667 2913 1899 2984; x_wconf 86' lang='grc' dir='ltr'>ἀνδρῶν,</span> 
     </span>
    </p>
   </div>
   <div class='ocr_carea' id='block_1_35' title="bbox 218 2993 1899 3067">
    <p class='ocr_par' dir='ltr' id='par_1_35' title="bbox 218 2993 1899 3067">
     <span class='ocr_line' id='line_1_35' title="bbox 218 2993 1899 3067; baseline 0.001 -20"><span class='ocrx_word' id='word_1_276' title='bbox 218 2993 355 3047; x_wconf 81' lang='grc' dir='ltr'>ἀλλά</span> <span class='ocrx_word' id='word_1_277' title='bbox 381 2993 476 3046; x_wconf 71' lang='grc' dir='ltr'>καὶ</span> <span class='ocrx_word' id='word_1_278' title='bbox 501 2995 773 3062; x_wconf 83' lang='grc' dir='ltr'>γυναικῶν</span> <span class='ocrx_word' id='word_1_279' title='bbox 792 3010 806 3024; x_wconf 76' lang='grc' dir='ltr'><strong><em>ο</em></strong></span> <span class='ocrx_word' id='word_1_280' title='bbox 832 2997 892 3048; x_wconf 88' lang='grc' dir='ltr'>οὐ</span> <span class='ocrx_word' id='word_1_281' title='bbox 918 2996 1212 3061; x_wconf 87' lang='grc' dir='ltr'>πλουσίων,</span> <span class='ocrx_word' id='word_1_282' title='bbox 1242 2996 1379 3049; x_wconf 83' lang='grc' dir='ltr'>άλλά</span> <span class='ocrx_word' id='word_1_283' title='bbox 1402 2997 1497 3050; x_wconf 76' lang='grc' dir='ltr'>καὶ</span> <span class='ocrx_word' id='word_1_284' title='bbox 1525 2998 1774 3067; x_wconf 85' lang='grc' dir='ltr'>πενήτων</span> <span class='ocrx_word' id='word_1_285' title='bbox 1797 3013 1811 3026; x_wconf 76' lang='grc' dir='ltr'><strong>ο</strong></span> <span class='ocrx_word' id='word_1_286' title='bbox 1839 2998 1899 3049; x_wconf 84' lang='lat'>06</span> 
     </span>
    </p>
   </div>
   <div class='ocr_carea' id='block_1_36' title="bbox 215 3073 1903 3148">
    <p class='ocr_par' dir='ltr' id='par_1_36' title="bbox 215 3073 1903 3148">
     <span class='ocr_line' id='line_1_36' title="bbox 215 3073 1903 3148; baseline 0.004 -23"><span class='ocrx_word' id='word_1_287' title='bbox 215 3074 326 3126; x_wconf 88' lang='grc' dir='ltr'>τῶν</span> <span class='ocrx_word' id='word_1_288' title='bbox 356 3073 456 3145; x_wconf 68' lang='grc' dir='ltr'>τὴν</span> <span class='ocrx_word' id='word_1_289' title='bbox 505 3074 731 3130; x_wconf 78' lang='grc' dir='ltr'>Ἑλλάδα</span> <span class='ocrx_word' id='word_1_290' title='bbox 779 3079 1026 3145; x_wconf 90' lang='grc' dir='ltr'>γλῶτταν</span> <span class='ocrx_word' id='word_1_291' title='bbox 1079 3079 1533 3148; x_wconf 80' lang='grc' dir='ltr'>πεπαιδευμένων</span> <span class='ocrx_word' id='word_1_292' title='bbox 1560 3119 1576 3145; x_wconf 92' lang='grc'>,</span> <span class='ocrx_word' id='word_1_293' title='bbox 1635 3080 1773 3133; x_wconf 86' lang='grc' dir='ltr'>ἀλλά</span> <span class='ocrx_word' id='word_1_294' title='bbox 1808 3080 1903 3132; x_wconf 76' lang='grc' dir='ltr'>καὶ</span> 
     </span>
    </p>
   </div>
   <div class='ocr_carea' id='block_1_37' title="bbox 220 3154 1904 3232">
    <p class='ocr_par' dir='ltr' id='par_1_37' title="bbox 220 3154 1904 3232">
     <span class='ocr_line' id='line_1_37' title="bbox 220 3154 1904 3232; baseline 0.002 -25"><span class='ocrx_word' id='word_1_295' title='bbox 220 3154 534 3228; x_wconf 83' lang='grc' dir='ltr'>βαρϐάρων.</span> <span class='ocrx_word' id='word_1_296' title='bbox 574 3159 682 3211; x_wconf 69' lang='grc' dir='ltr'>Καὶ</span> <span class='ocrx_word' id='word_1_297' title='bbox 713 3159 765 3213; x_wconf 87' lang='grc' dir='ltr'>τί</span> <span class='ocrx_word' id='word_1_298' title='bbox 803 3161 946 3228; x_wconf 83' lang='grc' dir='ltr'>λέγω</span> <span class='ocrx_word' id='word_1_299' title='bbox 994 3161 1274 3232; x_wconf 88' lang='grc' dir='ltr'>ἀρχόντων</span> <span class='ocrx_word' id='word_1_300' title='bbox 1328 3161 1420 3215; x_wconf 77' lang='grc' dir='ltr'>καὶ</span> <span class='ocrx_word' id='word_1_301' title='bbox 1475 3159 1734 3223; x_wconf 84' lang='grc' dir='ltr'>ίδιωτῶν;</span> <span class='ocrx_word' id='word_1_302' title='bbox 1793 3162 1904 3213; x_wconf 79' lang='grc' dir='ltr'>Καὶ</span> 
     </span>
    </p>
   </div>
   <div class='ocr_carea' id='block_1_38' title="bbox 222 3238 1904 3311">
    <p class='ocr_par' dir='ltr' id='par_1_38' title="bbox 222 3238 1904 3311">
     <span class='ocr_line' id='line_1_38' title="bbox 222 3238 1904 3311; baseline 0.003 -23"><span class='ocrx_word' id='word_1_303' title='bbox 222 3239 387 3291; x_wconf 77' lang='grc' dir='ltr'>αὑτοῦ</span> <span class='ocrx_word' id='word_1_304' title='bbox 415 3250 441 3279; x_wconf 73' lang='grc' dir='ltr'>α</span> <span class='ocrx_word' id='word_1_305' title='bbox 473 3238 565 3292; x_wconf 88' lang='grc' dir='ltr'>τοῦ</span> <span class='ocrx_word' id='word_1_306' title='bbox 589 3240 652 3292; x_wconf 88' lang='grc' dir='ltr'>τὺ</span> <span class='ocrx_word' id='word_1_307' title='bbox 676 3239 911 3310; x_wconf 85' lang='grc' dir='ltr'>διάδημα</span> <span class='ocrx_word' id='word_1_308' title='bbox 941 3241 1329 3311; x_wconf 85' lang='grc' dir='ltr'>περικειμένου</span> <span class='ocrx_word' id='word_1_309' title='bbox 1360 3241 1422 3292; x_wconf 81' lang='grc' dir='ltr'>τὸ</span> <span class='ocrx_word' id='word_1_310' title='bbox 1440 3241 1682 3303; x_wconf 77' lang='grc' dir='ltr'>συνειδὸς</span> <span class='ocrx_word' id='word_1_311' title='bbox 1701 3240 1904 3311; x_wconf 88' lang='grc' dir='ltr'>ὁμοίως</span> 
     </span>
    </p>
   </div>
   <div class='ocr_carea' id='block_1_39' title="bbox 218 3322 1906 3395">
    <p class='ocr_par' dir='ltr' id='par_1_39' title="bbox 218 3322 1906 3395">
     <span class='ocr_line' id='line_1_39' title="bbox 218 3322 1906 3395; baseline 0.002 -24"><span class='ocrx_word' id='word_1_312' title='bbox 218 3323 335 3383; x_wconf 81' lang='grc' dir='ltr'>τοῖς</span> <span class='ocrx_word' id='word_1_313' title='bbox 363 3322 569 3387; x_wconf 76' lang='grc' dir='ltr'>λοιποῖς</span> <span class='ocrx_word' id='word_1_314' title='bbox 599 3323 736 3395; x_wconf 82' lang='grc' dir='ltr'>πρὸς</span> <span class='ocrx_word' id='word_1_315' title='bbox 767 3325 863 3394; x_wconf 79' lang='grc' dir='ltr'>τὴν</span> <span class='ocrx_word' id='word_1_316' title='bbox 891 3324 1097 3394; x_wconf 83' lang='grc' dir='ltr'>ταύτης</span> <span class='ocrx_word' id='word_1_317' title='bbox 1142 3323 1392 3392; x_wconf 83' lang='grc' dir='ltr'>ὑπακοὴν</span> <span class='ocrx_word' id='word_1_318' title='bbox 1425 3323 1744 3393; x_wconf 83' lang='grc' dir='ltr'>μετέστησε.</span> <span class='ocrx_word' id='word_1_319' title='bbox 1771 3323 1906 3395; x_wconf 46' lang='grc' dir='ltr'>,Καὶ</span> 
     </span>
    </p>
   </div>
   <div class='ocr_carea' id='block_1_40' title="bbox 218 3405 1903 3479">
    <p class='ocr_par' dir='ltr' id='par_1_40' title="bbox 218 3405 1903 3479">
     <span class='ocr_line' id='line_1_40' title="bbox 218 3405 1903 3479; baseline 0.002 -22"><span class='ocrx_word' id='word_1_320' title='bbox 218 3406 320 3458; x_wconf 75' lang='grc' dir='ltr'>οὐκ</span> <span class='ocrx_word' id='word_1_321' title='bbox 346 3407 459 3460; x_wconf 72' lang='grc' dir='ltr'>ἔστι</span> <span class='ocrx_word' id='word_1_322' title='bbox 495 3411 733 3479; x_wconf 79' lang='grc' dir='ltr'>σήμερον</span> <span class='ocrx_word' id='word_1_323' title='bbox 764 3408 1027 3478; x_wconf 72' lang='grc' dir='ltr'>διαφοράν</span> <span class='ocrx_word' id='word_1_324' title='bbox 1070 3408 1199 3460; x_wconf 85' lang='grc' dir='ltr'>ίδεῖν</span> <span class='ocrx_word' id='word_1_325' title='bbox 1227 3407 1324 3477; x_wconf 80' lang='grc' dir='ltr'>τῆς</span> <span class='ocrx_word' id='word_1_326' title='bbox 1355 3406 1450 3459; x_wconf 89' lang='grc' dir='ltr'>τοῦ</span> <span class='ocrx_word' id='word_1_327' title='bbox 1489 3405 1748 3459; x_wconf 82' lang='grc' dir='ltr'>πλουσίου</span> <span class='ocrx_word' id='word_1_328' title='bbox 1766 3424 1903 3477; x_wconf 86' lang='grc' dir='ltr'>τρα-</span> 
     </span>
    </p>
   </div>
   <div class='ocr_carea' id='block_1_41' title="bbox 218 3487 1904 3561">
    <p class='ocr_par' dir='ltr' id='par_1_41' title="bbox 218 3487 1904 3561">
     <span class='ocr_line' id='line_1_41' title="bbox 218 3487 1904 3561; baseline -0.001 -20"><span class='ocrx_word' id='word_1_329' title='bbox 218 3487 416 3558; x_wconf 79' lang='grc' dir='ltr'>πέζης,</span> <span class='ocrx_word' id='word_1_330' title='bbox 435 3491 644 3561; x_wconf 79' lang='grc' dir='ltr'>καὶτῆς</span> <span class='ocrx_word' id='word_1_331' title='bbox 660 3489 754 3543; x_wconf 88' lang='grc' dir='ltr'>τοῦ</span> <span class='ocrx_word' id='word_1_332' title='bbox 778 3491 1005 3559; x_wconf 83' lang='grc' dir='ltr'>πένητος</span> <span class='ocrx_word' id='word_1_333' title='bbox 1023 3507 1036 3520; x_wconf 75' lang='grc'><strong><em>⁸</em></strong></span> <span class='ocrx_word' id='word_1_334' title='bbox 1060 3489 1199 3542; x_wconf 79' lang='grc' dir='ltr'>ἀλλὰ</span> <span class='ocrx_word' id='word_1_335' title='bbox 1215 3487 1490 3558; x_wconf 81' lang='grc' dir='ltr'>πανταχοῦ</span> <span class='ocrx_word' id='word_1_336' title='bbox 1507 3488 1628 3559; x_wconf 82' lang='grc' dir='ltr'>λιτὴ</span> <span class='ocrx_word' id='word_1_337' title='bbox 1651 3491 1684 3558; x_wconf 81' lang='grc' dir='ltr'>ή</span> <span class='ocrx_word' id='word_1_338' title='bbox 1703 3487 1904 3553; x_wconf 83' lang='grc' dir='ltr'>δίαιτα,</span> 
     </span>
    </p>
   </div>
   <div class='ocr_carea' id='block_1_42' title="bbox 219 3570 1908 3643">
    <p class='ocr_par' dir='ltr' id='par_1_42' title="bbox 219 3570 1908 3643">
     <span class='ocr_line' id='line_1_42' title="bbox 219 3570 1908 3643; baseline -0.001 -19"><span class='ocrx_word' id='word_1_339' title='bbox 219 3572 620 3643; x_wconf 86' lang='grc' dir='ltr'>άπηλλαγμένη</span> <span class='ocrx_word' id='word_1_340' title='bbox 653 3574 867 3643; x_wconf 84' lang='grc' dir='ltr'>κόμπου</span> <span class='ocrx_word' id='word_1_341' title='bbox 892 3574 985 3626; x_wconf 77' lang='grc' dir='ltr'>καὶ</span> <span class='ocrx_word' id='word_1_342' title='bbox 1015 3571 1340 3640; x_wconf 80' lang='grc' dir='ltr'>φαντασίας,</span> <span class='ocrx_word' id='word_1_343' title='bbox 1367 3572 1460 3624; x_wconf 76' lang='grc' dir='ltr'>καὶ</span> <span class='ocrx_word' id='word_1_344' title='bbox 1498 3572 1636 3640; x_wconf 82' lang='grc' dir='ltr'>μετὰ</span> <span class='ocrx_word' id='word_1_345' title='bbox 1665 3570 1908 3634; x_wconf 89' lang='grc' dir='ltr'>πλείονος</span> 
     </span>
    </p>
   </div>
   <div class='ocr_carea' id='block_1_43' title="bbox 218 3654 1906 3727">
    <p class='ocr_par' dir='ltr' id='par_1_43' title="bbox 218 3654 1906 3727">
     <span class='ocr_line' id='line_1_43' title="bbox 218 3654 1906 3727; baseline 0 -21"><span class='ocrx_word' id='word_1_346' title='bbox 218 3655 322 3725; x_wconf 77' lang='grc' dir='ltr'>τῆς</span> <span class='ocrx_word' id='word_1_347' title='bbox 350 3654 541 3726; x_wconf 76' lang='grc' dir='ltr'>ἡδονῆς</span> <span class='ocrx_word' id='word_1_348' title='bbox 566 3657 804 3727; x_wconf 81' lang='grc' dir='ltr'>σήμερον</span> <span class='ocrx_word' id='word_1_349' title='bbox 831 3658 900 3726; x_wconf 75' lang='grc' dir='ltr'>τῇ</span> <span class='ocrx_word' id='word_1_350' title='bbox 935 3655 1183 3724; x_wconf 74' lang='grc' dir='ltr'>εὐτελείᾳ</span> <span class='ocrx_word' id='word_1_351' title='bbox 1214 3658 1313 3726; x_wconf 82' lang='grc' dir='ltr'>τῆς</span> <span class='ocrx_word' id='word_1_352' title='bbox 1351 3654 1631 3724; x_wconf 76' lang='grc' dir='ltr'>τραπέζης</span> <span class='ocrx_word' id='word_1_353' title='bbox 1667 3655 1906 3724; x_wconf 84' lang='grc' dir='ltr'>προσέρ-</span> 
     </span>
    </p>
   </div>
   <div class='ocr_carea' id='block_1_44' title="bbox 219 3737 1904 3808">
    <p class='ocr_par' dir='ltr' id='par_1_44' title="bbox 219 3737 1904 3808">
     <span class='ocr_line' id='line_1_44' title="bbox 219 3737 1904 3808; baseline 0 -19"><span class='ocrx_word' id='word_1_354' title='bbox 219 3755 431 3808; x_wconf 84' lang='grc' dir='ltr'>χονται,</span> <span class='ocrx_word' id='word_1_355' title='bbox 462 3737 495 3808; x_wconf 72' lang='grc' dir='ltr'>ἦ</span> <span class='ocrx_word' id='word_1_356' title='bbox 530 3738 619 3792; x_wconf 84' lang='grc' dir='ltr'>ὅτε</span> <span class='ocrx_word' id='word_1_357' title='bbox 651 3738 821 3791; x_wconf 87' lang='grc' dir='ltr'>πολλά</span> <span class='ocrx_word' id='word_1_358' title='bbox 843 3740 1027 3801; x_wconf 80' lang='grc' dir='ltr'>αὐτοῖς</span> <span class='ocrx_word' id='word_1_359' title='bbox 1055 3737 1126 3792; x_wconf 81' lang='grc' dir='ltr'>τὰ</span> <span class='ocrx_word' id='word_1_360' title='bbox 1159 3737 1560 3808; x_wconf 86' lang='grc' dir='ltr'>καρυκεύματα</span> <span class='ocrx_word' id='word_1_361' title='bbox 1581 3737 1904 3808; x_wconf 84' lang='grc' dir='ltr'>παρέκειτο,</span> 
     </span>
    </p>
   </div>
   <div class='ocr_carea' id='block_1_45' title="bbox 221 3825 862 3894">
    <p class='ocr_par' dir='ltr' id='par_1_45' title="bbox 221 3825 862 3894">
     <span class='ocr_line' id='line_1_45' title="bbox 221 3825 862 3894; baseline -0.003 -16"><span class='ocrx_word' id='word_1_362' title='bbox 221 3826 319 3878; x_wconf 74' lang='grc' dir='ltr'>καὶ</span> <span class='ocrx_word' id='word_1_363' title='bbox 353 3825 520 3887; x_wconf 71' lang='grc' dir='ltr'>πολὺς</span> <span class='ocrx_word' id='word_1_364' title='bbox 546 3827 573 3877; x_wconf 86' lang='grc' dir='ltr'><strong>ὁ</strong></span> <span class='ocrx_word' id='word_1_365' title='bbox 602 3825 862 3894; x_wconf 75' lang='grc' dir='ltr'>ἄκρατος.</span> 
     </span>
    </p>
   </div>
   <div class='ocr_carea' id='block_1_46' title="bbox 297 3904 1909 3977">
    <p class='ocr_par' dir='ltr' id='par_1_46' title="bbox 297 3904 1909 3977">
     <span class='ocr_line' id='line_1_46' title="bbox 297 3904 1909 3977; baseline 0 -17"><span class='ocrx_word' id='word_1_366' title='bbox 297 3907 362 3975; x_wconf 87' lang='grc' dir='ltr'>β’.</span> <span class='ocrx_word' id='word_1_367' title='bbox 385 3905 589 3969; x_wconf 86' lang='grc' dir='ltr'>Εῖδετε,</span> <span class='ocrx_word' id='word_1_368' title='bbox 618 3905 916 3976; x_wconf 73' lang='grc' dir='ltr'>ἀγαπητοὶ,</span> <span class='ocrx_word' id='word_1_369' title='bbox 954 3904 1012 3970; x_wconf 80' lang='grc' dir='ltr'>ἐξ</span> <span class='ocrx_word' id='word_1_370' title='bbox 1029 3905 1204 3958; x_wconf 89' lang='grc' dir='ltr'>αὐτῶν</span> <span class='ocrx_word' id='word_1_371' title='bbox 1227 3904 1335 3958; x_wconf 88' lang='grc' dir='ltr'>τῶν</span> <span class='ocrx_word' id='word_1_372' title='bbox 1366 3905 1668 3976; x_wconf 88' lang='grc' dir='ltr'>προοιμίων</span> <span class='ocrx_word' id='word_1_373' title='bbox 1687 3905 1786 3975; x_wconf 80' lang='grc' dir='ltr'>τῆς</span> <span class='ocrx_word' id='word_1_374' title='bbox 1815 3924 1909 3977; x_wconf 89' lang='grc' dir='ltr'>νη-</span> 
     </span>
    </p>
   </div>
   <div class='ocr_carea' id='block_1_47' title="bbox 224 3987 1907 4058">
    <p class='ocr_par' dir='ltr' id='par_1_47' title="bbox 224 3987 1907 4058">
     <span class='ocr_line' id='line_1_47' title="bbox 224 3987 1907 4058; baseline -0.001 -15"><span class='ocrx_word' id='word_1_375' title='bbox 224 3991 408 4052; x_wconf 86' lang='grc' dir='ltr'>στείας</span> <span class='ocrx_word' id='word_1_376' title='bbox 455 3989 552 4058; x_wconf 82' lang='grc' dir='ltr'>τὴν</span> <span class='ocrx_word' id='word_1_377' title='bbox 595 3987 786 4057; x_wconf 76' lang='grc' dir='ltr'>ίσχύνς</span> <span class='ocrx_word' id='word_1_378' title='bbox 835 3989 935 4041; x_wconf 83' lang='grc' dir='ltr'>Διά</span> <span class='ocrx_word' id='word_1_379' title='bbox 962 3988 1119 4041; x_wconf 89' lang='grc' dir='ltr'>τοῦτο</span> <span class='ocrx_word' id='word_1_380' title='bbox 1149 3988 1244 4040; x_wconf 79' lang='grc' dir='ltr'>καὶ</span> <span class='ocrx_word' id='word_1_381' title='bbox 1279 3987 1443 4050; x_wconf 85' lang='grc' dir='ltr'>αὐτὸς</span> <span class='ocrx_word' id='word_1_382' title='bbox 1494 3988 1632 4057; x_wconf 76' lang='grc' dir='ltr'>μετὰ</span> <span class='ocrx_word' id='word_1_383' title='bbox 1665 3988 1907 4052; x_wconf 88' lang='grc' dir='ltr'>πλείονος</span> 
     </span>
    </p>
   </div>
   <div class='ocr_carea' id='block_1_48' title="bbox 224 4070 1910 4145">
    <p class='ocr_par' dir='ltr' id='par_1_48' title="bbox 224 4070 1910 4145">
     <span class='ocr_line' id='line_1_48' title="bbox 224 4070 1910 4145; baseline 0 -21"><span class='ocrx_word' id='word_1_384' title='bbox 224 4075 468 4144; x_wconf 76' lang='grc' dir='ltr'>σήμερον</span> <span class='ocrx_word' id='word_1_385' title='bbox 522 4073 620 4143; x_wconf 85' lang='grc' dir='ltr'>τῆς</span> <span class='ocrx_word' id='word_1_386' title='bbox 653 4072 984 4145; x_wconf 85' lang='grc' dir='ltr'>προθυμίας,</span> <span class='ocrx_word' id='word_1_387' title='bbox 1015 4072 1048 4141; x_wconf 85' lang='grc' dir='ltr'>ἢ</span> <span class='ocrx_word' id='word_1_388' title='bbox 1101 4071 1400 4141; x_wconf 86' lang='grc' dir='ltr'>πρότερον,</span> <span class='ocrx_word' id='word_1_389' title='bbox 1437 4071 1545 4123; x_wconf 86' lang='grc' dir='ltr'>τῶν</span> <span class='ocrx_word' id='word_1_390' title='bbox 1567 4101 1574 4110; x_wconf 73' lang='grc' dir='ltr'><strong><em>ο</em></strong></span> <span class='ocrx_word' id='word_1_391' title='bbox 1597 4070 1732 4141; x_wconf 78' lang='grc' dir='ltr'>πρὸς</span> <span class='ocrx_word' id='word_1_392' title='bbox 1765 4072 1910 4141; x_wconf 78' lang='grc' dir='ltr'>ὑμᾶς</span> 
     </span>
    </p>
   </div>
   <div class='ocr_carea' id='block_1_49' title="bbox 224 4151 1911 4223">
    <p class='ocr_par' dir='ltr' id='par_1_49' title="bbox 224 4151 1911 4223">
     <span class='ocr_line' id='line_1_49' title="bbox 224 4151 1911 4223; baseline -0.001 -17"><span class='ocrx_word' id='word_1_393' title='bbox 224 4155 472 4223; x_wconf 69' lang='grc' dir='ltr'>ειπτομαι</span> <span class='ocrx_word' id='word_1_394' title='bbox 506 4153 703 4222; x_wconf 86' lang='grc' dir='ltr'>λόγων,</span> <span class='ocrx_word' id='word_1_395' title='bbox 747 4153 903 4217; x_wconf 83' lang='grc' dir='ltr'>εἰδὼς</span> <span class='ocrx_word' id='word_1_396' title='bbox 931 4154 1012 4206; x_wconf 83' lang='grc' dir='ltr'>ὅτι</span> <span class='ocrx_word' id='word_1_397' title='bbox 1046 4155 1125 4216; x_wconf 90' lang='grc' dir='ltr'>εἰς</span> <span class='ocrx_word' id='word_1_398' title='bbox 1160 4151 1397 4223; x_wconf 87' lang='grc' dir='ltr'>λιπαρὰν</span> <span class='ocrx_word' id='word_1_399' title='bbox 1429 4153 1524 4204; x_wconf 74' lang='grc' dir='ltr'>καὶ</span> <span class='ocrx_word' id='word_1_400' title='bbox 1567 4151 1849 4221; x_wconf 84' lang='grc' dir='ltr'>βαθύγεων</span> <span class='ocrx_word' id='word_1_401' title='bbox 1884 4153 1911 4191; x_wconf 71' lang='grc' dir='ltr'>δ</span> 
     </span>
    </p>
   </div>
   <div class='ocr_carea' id='block_1_50' title="bbox 224 4235 1915 4306">
    <p class='ocr_par' dir='ltr' id='par_1_50' title="bbox 224 4235 1915 4306">
     <span class='ocr_line' id='line_1_50' title="bbox 224 4235 1915 4306; baseline -0.001 -17"><span class='ocrx_word' id='word_1_402' title='bbox 224 4237 465 4306; x_wconf 77' lang='grc' dir='ltr'>ἄρουραν</span> <span class='ocrx_word' id='word_1_403' title='bbox 496 4236 819 4291; x_wconf 87' lang='grc' dir='ltr'>καταϐάλλω</span> <span class='ocrx_word' id='word_1_404' title='bbox 840 4237 908 4290; x_wconf 75' lang='grc' dir='ltr'>τὰ</span> <span class='ocrx_word' id='word_1_405' title='bbox 930 4236 1246 4306; x_wconf 84' lang='grc' dir='ltr'>σπέρματα,</span> <span class='ocrx_word' id='word_1_406' title='bbox 1277 4236 1584 4304; x_wconf 79' lang='grc' dir='ltr'>δυναμένην</span> <span class='ocrx_word' id='word_1_407' title='bbox 1612 4235 1915 4288; x_wconf 84' lang='grc' dir='ltr'>πολλαπλα-</span> 
     </span>
    </p>
   </div>
   <div class='ocr_carea' id='block_1_51' title="bbox 228 4317 1912 4388">
    <p class='ocr_par' dir='ltr' id='par_1_51' title="bbox 228 4317 1912 4388">
     <span class='ocr_line' id='line_1_51' title="bbox 228 4317 1912 4388; baseline 0.001 -19"><span class='ocrx_word' id='word_1_408' title='bbox 228 4319 378 4380; x_wconf 90' lang='grc' dir='ltr'>σίους</span> <span class='ocrx_word' id='word_1_409' title='bbox 411 4319 542 4388; x_wconf 88' lang='grc' dir='ltr'>ήμῖν</span> <span class='ocrx_word' id='word_1_410' title='bbox 569 4318 778 4388; x_wconf 87' lang='grc' dir='ltr'>ταχέως</span> <span class='ocrx_word' id='word_1_411' title='bbox 809 4318 1100 4371; x_wconf 85' lang='grc' dir='ltr'>ἀποδοῦναι</span> <span class='ocrx_word' id='word_1_412' title='bbox 1125 4318 1232 4373; x_wconf 89' lang='grc' dir='ltr'>τῶν</span> <span class='ocrx_word' id='word_1_413' title='bbox 1267 4317 1765 4387; x_wconf 79' lang='grc' dir='ltr'>καταϐαλλομένων</span> <span class='ocrx_word' id='word_1_414' title='bbox 1786 4320 1912 4382; x_wconf 79' lang='grc' dir='ltr'>τοὺς</span> 
     </span>
    </p>
   </div>
   <div class='ocr_carea' id='block_1_52' title="bbox 236 4401 1913 4474">
    <p class='ocr_par' dir='ltr' id='par_1_52' title="bbox 236 4401 1913 4474">
     <span class='ocr_line' id='line_1_52' title="bbox 236 4401 1913 4474; baseline 0.002 -21"><span class='ocrx_word' id='word_1_415' title='bbox 236 4401 496 4472; x_wconf 74' lang='grc' dir='ltr'>ιαρπούς.</span> <span class='ocrx_word' id='word_1_416' title='bbox 552 4403 976 4473; x_wconf 79' lang='grc' dir='ltr'>Καταμάθωμεν</span> <span class='ocrx_word' id='word_1_417' title='bbox 1021 4404 1224 4465; x_wconf 87' lang='grc' dir='ltr'>τοίνυν,</span> <span class='ocrx_word' id='word_1_418' title='bbox 1251 4404 1301 4454; x_wconf 81' lang='grc' dir='ltr'>εἰ</span> <span class='ocrx_word' id='word_1_419' title='bbox 1329 4401 1495 4465; x_wconf 84' lang='grc' dir='ltr'>δοκεῖ,</span> <span class='ocrx_word' id='word_1_420' title='bbox 1529 4401 1635 4454; x_wconf 84' lang='grc' dir='ltr'>τῶν</span> <span class='ocrx_word' id='word_1_421' title='bbox 1673 4404 1913 4474; x_wconf 87' lang='grc' dir='ltr'>σήμερον</span> 
     </span>
    </p>
   </div>
   <div class='ocr_carea' id='block_1_53' title="bbox 227 4485 1911 4556">
    <p class='ocr_par' dir='ltr' id='par_1_53' title="bbox 227 4485 1911 4556">
     <span class='ocr_line' id='line_1_53' title="bbox 227 4485 1911 4556; baseline 0.001 -22"><span class='ocrx_word' id='word_1_422' title='bbox 227 4486 359 4554; x_wconf 76' lang='grc' dir='ltr'>ἡμῖν</span> <span class='ocrx_word' id='word_1_423' title='bbox 389 4485 845 4550; x_wconf 84' lang='grc' dir='ltr'>ἀναγνωσθέντων</span> <span class='ocrx_word' id='word_1_424' title='bbox 881 4490 942 4537; x_wconf 79' lang='grc' dir='ltr'>εκ</span> <span class='ocrx_word' id='word_1_425' title='bbox 965 4485 1072 4537; x_wconf 88' lang='grc' dir='ltr'>τῶν</span> <span class='ocrx_word' id='word_1_426' title='bbox 1109 4486 1202 4538; x_wconf 87' lang='grc' dir='ltr'>τοῦ</span> <span class='ocrx_word' id='word_1_427' title='bbox 1247 4485 1517 4556; x_wconf 85' lang='grc' dir='ltr'>μακαρίου</span> <span class='ocrx_word' id='word_1_428' title='bbox 1549 4486 1792 4548; x_wconf 81' lang='grc' dir='ltr'>Μωσέως</span> <span class='ocrx_word' id='word_1_429' title='bbox 1825 4486 1911 4537; x_wconf 81' lang='grc' dir='ltr'>λό-</span> 
     </span>
    </p>
   </div>
   <div class='ocr_carea' id='block_1_54' title="bbox 229 4568 1914 4639">
    <p class='ocr_par' dir='ltr' id='par_1_54' title="bbox 229 4568 1914 4639">
     <span class='ocr_line' id='line_1_54' title="bbox 229 4568 1914 4639; baseline 0.004 -23"><span class='ocrx_word' id='word_1_430' title='bbox 229 4582 340 4632; x_wconf 86' lang='grc' dir='ltr'>γων</span> <span class='ocrx_word' id='word_1_431' title='bbox 366 4569 464 4635; x_wconf 82' lang='grc' dir='ltr'>τὴν</span> <span class='ocrx_word' id='word_1_432' title='bbox 497 4568 747 4638; x_wconf 85' lang='grc' dir='ltr'>δύναμιν.</span> <span class='ocrx_word' id='word_1_433' title='bbox 810 4568 970 4622; x_wconf 79' lang='grc' dir='ltr'>Ἀλλά</span> <span class='ocrx_word' id='word_1_434' title='bbox 1004 4569 1328 4638; x_wconf 81' lang='grc' dir='ltr'>προσέχετε,</span> <span class='ocrx_word' id='word_1_435' title='bbox 1390 4569 1715 4639; x_wconf 83' lang='grc' dir='ltr'>παρακαλῶ,</span> <span class='ocrx_word' id='word_1_436' title='bbox 1774 4570 1914 4638; x_wconf 86' lang='grc' dir='ltr'>μετά</span> 
     </span>
    </p>
   </div>
   <div class='ocr_carea' id='block_1_55' title="bbox 227 4648 1913 4722">
    <p class='ocr_par' dir='ltr' id='par_1_55' title="bbox 227 4648 1913 4722">
     <span class='ocr_line' id='line_1_55' title="bbox 227 4648 1913 4722; baseline 0.004 -24"><span class='ocrx_word' id='word_1_437' title='bbox 227 4648 514 4717; x_wconf 85' lang='grc' dir='ltr'>ἀκριϐείας</span> <span class='ocrx_word' id='word_1_438' title='bbox 545 4653 655 4713; x_wconf 85' lang='grc' dir='ltr'>τοῖς</span> <span class='ocrx_word' id='word_1_439' title='bbox 690 4653 819 4721; x_wconf 82' lang='grc' dir='ltr'>παρ’</span> <span class='ocrx_word' id='word_1_440' title='bbox 851 4651 1009 4722; x_wconf 80' lang='grc' dir='ltr'>ἡμῶν</span> <span class='ocrx_word' id='word_1_441' title='bbox 1031 4651 1375 4720; x_wconf 82' lang='grc' dir='ltr'>λεγομένοις·</span> <span class='ocrx_word' id='word_1_442' title='bbox 1427 4654 1488 4704; x_wconf 79' lang='grc' dir='ltr'>ού</span> <span class='ocrx_word' id='word_1_443' title='bbox 1524 4651 1632 4722; x_wconf 86' lang='grc' dir='ltr'>γάρ</span> <span class='ocrx_word' id='word_1_444' title='bbox 1673 4651 1742 4703; x_wconf 75' lang='grc' dir='ltr'>τὰ</span> <span class='ocrx_word' id='word_1_445' title='bbox 1775 4652 1913 4722; x_wconf 83' lang='grc' dir='ltr'>ὴμέ-</span> 
     </span>
    </p>
   </div>
   <div class='ocr_carea' id='block_1_56' title="bbox 225 4736 1912 4809">
    <p class='ocr_par' dir='ltr' id='par_1_56' title="bbox 225 4736 1912 4809">
     <span class='ocr_line' id='line_1_56' title="bbox 225 4736 1912 4809; baseline -0.008 -24"><span class='ocrx_word' id='word_1_446' title='bbox 225 4752 361 4805; x_wconf 78' lang='grc' dir='ltr'>τερα</span> <span class='ocrx_word' id='word_1_447' title='bbox 393 4736 646 4807; x_wconf 89' lang='grc' dir='ltr'>λέγομεν,</span> <span class='ocrx_word' id='word_1_448' title='bbox 682 4739 796 4790; x_wconf 82' lang='grc' dir='ltr'>ἀλλ’</span> <span class='ocrx_word' id='word_1_449' title='bbox 830 4742 972 4809; x_wconf 67' lang='grc' dir='ltr'>άπερ</span> <span class='ocrx_word' id='word_1_450' title='bbox 1002 4738 1066 4808; x_wconf 77' lang='grc' dir='ltr'>ἂν</span> <span class='ocrx_word' id='word_1_451' title='bbox 1099 4743 1130 4809; x_wconf 83' lang='grc' dir='ltr'>ή</span> <span class='ocrx_word' id='word_1_452' title='bbox 1161 4739 1253 4790; x_wconf 84' lang='grc' dir='ltr'>τοῦ</span> <span class='ocrx_word' id='word_1_453' title='bbox 1303 4739 1435 4790; x_wconf 83' lang='grc' dir='ltr'>Θεοῦ</span> <span class='ocrx_word' id='word_1_454' title='bbox 1463 4739 1622 4808; x_wconf 79' lang='grc' dir='ltr'>χάρις</span> <span class='ocrx_word' id='word_1_455' title='bbox 1653 4740 1912 4809; x_wconf 68' lang='grc' dir='ltr'>παράσχῃ</span> 
     </span>
    </p>
   </div>
   <div class='ocr_carea' id='block_1_57' title="bbox 226 4819 1912 4891">
    <p class='ocr_par' dir='ltr' id='par_1_57' title="bbox 226 4819 1912 4891">
     <span class='ocr_line' id='line_1_57' title="bbox 226 4819 1912 4891; baseline 0.001 -21"><span class='ocrx_word' id='word_1_456' title='bbox 226 4819 315 4870; x_wconf 70' lang='grc' dir='ltr'>διὰ</span> <span class='ocrx_word' id='word_1_457' title='bbox 341 4819 441 4889; x_wconf 78' lang='grc' dir='ltr'>την</span> <span class='ocrx_word' id='word_1_458' title='bbox 471 4820 738 4888; x_wconf 77' lang='grc' dir='ltr'>ὠφέλειαν</span> <span class='ocrx_word' id='word_1_459' title='bbox 769 4832 790 4856; x_wconf 71' lang='grc' dir='ltr'><strong>ο</strong></span> <span class='ocrx_word' id='word_1_460' title='bbox 821 4821 918 4891; x_wconf 83' lang='grc' dir='ltr'>τὴν</span> <span class='ocrx_word' id='word_1_461' title='bbox 945 4821 1240 4891; x_wconf 79' lang='grc' dir='ltr'>ὑμετέραν.</span> <span class='ocrx_word' id='word_1_462' title='bbox 1268 4821 1404 4875; x_wconf 84' lang='grc' dir='ltr'>Τίνα</span> <span class='ocrx_word' id='word_1_463' title='bbox 1431 4821 1488 4872; x_wconf 80' lang='grc' dir='ltr'>δὲ</span> <span class='ocrx_word' id='word_1_464' title='bbox 1517 4822 1692 4874; x_wconf 80' lang='grc' dir='ltr'>ταῦτα</span> <span class='ocrx_word' id='word_1_465' title='bbox 1723 4825 1871 4872; x_wconf 86' lang='grc' dir='ltr'>ἐστιν</span> <span class='ocrx_word' id='word_1_466' title='bbox 1898 4838 1912 4886; x_wconf 86' lang='grc'>;</span> 
     </span>
    </p>
   </div>
   <div class='ocr_carea' id='block_1_58' title="bbox 240 4901 1911 4972">
    <p class='ocr_par' dir='ltr' id='par_1_58' title="bbox 240 4901 1911 4972">
     <span class='ocr_line' id='line_1_58' title="bbox 240 4901 1911 4972; baseline 0.001 -17"><span class='ocrx_word' id='word_1_467' title='bbox 240 4904 344 4955; x_wconf 79' lang='grc' dir='ltr'>Ἐν</span> <span class='ocrx_word' id='word_1_468' title='bbox 364 4901 522 4970; x_wconf 78' lang='grc' dir='ltr'>ἀρχῇ</span> <span class='ocrx_word' id='word_1_469' title='bbox 545 4904 838 4969; x_wconf 79' lang='grc' dir='ltr'>ἐποίησεν</span> <span class='ocrx_word' id='word_1_470' title='bbox 873 4907 904 4957; x_wconf 83' lang='grc' dir='ltr'><em>ὀ</em></span> <span class='ocrx_word' id='word_1_471' title='bbox 936 4904 1079 4969; x_wconf 77' lang='grc' dir='ltr'>Θεὸς</span> <span class='ocrx_word' id='word_1_472' title='bbox 1104 4905 1210 4956; x_wconf 82' lang='grc' dir='ltr'>τὸν</span> <span class='ocrx_word' id='word_1_473' title='bbox 1230 4903 1492 4971; x_wconf 64' lang='grc' dir='ltr'>οίψανὸν</span> <span class='ocrx_word' id='word_1_474' title='bbox 1512 4905 1609 4956; x_wconf 79' lang='grc' dir='ltr'>καὶ</span> <span class='ocrx_word' id='word_1_475' title='bbox 1636 4904 1749 4970; x_wconf 78' lang='grc' dir='ltr'>τὴν</span> <span class='ocrx_word' id='word_1_476' title='bbox 1773 4905 1911 4972; x_wconf 70' lang='grc' dir='ltr'>γῆν.</span> 
     </span>
    </p>
   </div>
   <div class='ocr_carea' id='block_1_59' title="bbox 233 4983 1916 5060">
    <p class='ocr_par' dir='ltr' id='par_1_59' title="bbox 233 4983 1916 5060">
     <span class='ocr_line' id='line_1_59' title="bbox 233 4983 1916 5060; baseline -0.001 -18"><span class='ocrx_word' id='word_1_477' title='bbox 233 4989 416 5052; x_wconf 77' lang='grc' dir='ltr'>Ἀξιον</span> <span class='ocrx_word' id='word_1_478' title='bbox 454 4989 688 5041; x_wconf 87' lang='grc' dir='ltr'>ἐνταῦθα</span> <span class='ocrx_word' id='word_1_479' title='bbox 710 4990 1062 5060; x_wconf 74' lang='grc' dir='ltr'>διαπορῆσαι,</span> <span class='ocrx_word' id='word_1_480' title='bbox 1087 4993 1232 5051; x_wconf 74' lang='grc' dir='ltr'>τίνος</span> <span class='ocrx_word' id='word_1_481' title='bbox 1257 4991 1442 5042; x_wconf 84' lang='grc' dir='ltr'>ἓνεκεν</span> <span class='ocrx_word' id='word_1_482' title='bbox 1465 4992 1493 5040; x_wconf 86' lang='grc' dir='ltr'>ό</span> <span class='ocrx_word' id='word_1_483' title='bbox 1530 4993 1799 5059; x_wconf 79' lang='grc' dir='ltr'>μακάριος</span> <span class='ocrx_word' id='word_1_484' title='bbox 1831 4983 1916 5041; x_wconf 70' lang='grc' dir='ltr'>οὗ·</span> 
     </span>
    </p>
   </div>
   <div class='ocr_carea' id='block_1_60' title="bbox 238 5072 1911 5143">
    <p class='ocr_par' dir='ltr' id='par_1_60' title="bbox 238 5072 1911 5143">
     <span class='ocr_line' id='line_1_60' title="bbox 238 5072 1911 5143; baseline 0.011 -27"><span class='ocrx_word' id='word_1_485' title='bbox 238 5089 318 5133; x_wconf 74' lang='grc' dir='ltr'>τος</span> <span class='ocrx_word' id='word_1_486' title='bbox 346 5075 654 5142; x_wconf 73' lang='grc' dir='ltr'>προφήτης,</span> <span class='ocrx_word' id='word_1_487' title='bbox 695 5073 832 5141; x_wconf 87' lang='grc' dir='ltr'>μετά</span> <span class='ocrx_word' id='word_1_488' title='bbox 887 5072 1084 5134; x_wconf 80' lang='grc' dir='ltr'>πολλάς</span> <span class='ocrx_word' id='word_1_489' title='bbox 1121 5072 1346 5143; x_wconf 79' lang='grc' dir='ltr'>ὓστερον</span> <span class='ocrx_word' id='word_1_490' title='bbox 1399 5073 1591 5140; x_wconf 74' lang='grc' dir='ltr'>γενεὰς</span> <span class='ocrx_word' id='word_1_491' title='bbox 1646 5073 1911 5140; x_wconf 78' lang='grc' dir='ltr'>γεγονὼς,</span> 
     </span>
    </p>
   </div>
   <div class='ocr_carea' id='block_1_61' title="bbox 231 5157 1912 5228">
    <p class='ocr_par' dir='ltr' id='par_1_61' title="bbox 231 5157 1912 5228">
     <span class='ocr_line' id='line_1_61' title="bbox 231 5157 1912 5228; baseline -0.001 -19"><span class='ocrx_word' id='word_1_492' title='bbox 231 5157 404 5210; x_wconf 87' lang='grc' dir='ltr'>ταῦτα</span> <span class='ocrx_word' id='word_1_493' title='bbox 419 5160 548 5227; x_wconf 76' lang='grc' dir='ltr'>ἡμῖν</span> <span class='ocrx_word' id='word_1_494' title='bbox 566 5157 857 5211; x_wconf 77' lang='grc' dir='ltr'>ἐκτίθεται.</span> <span class='ocrx_word' id='word_1_495' title='bbox 878 5158 990 5227; x_wconf 85' lang='grc' dir='ltr'>Οὐχ</span> <span class='ocrx_word' id='word_1_496' title='bbox 1018 5157 1226 5222; x_wconf 81' lang='grc' dir='ltr'>ἁπλῶς,</span> <span class='ocrx_word' id='word_1_497' title='bbox 1249 5157 1370 5210; x_wconf 74' lang='grc' dir='ltr'>οὐδὲ</span> <span class='ocrx_word' id='word_1_498' title='bbox 1403 5159 1544 5228; x_wconf 74' lang='grc' dir='ltr'>εἰκῇ.</span> <span class='ocrx_word' id='word_1_499' title='bbox 1567 5157 1782 5226; x_wconf 73' lang='grc' dir='ltr'>Ἐπειδὴ</span> <span class='ocrx_word' id='word_1_500' title='bbox 1807 5157 1912 5228; x_wconf 77' lang='grc' dir='ltr'>γάρ</span> 
     </span>
    </p>
   </div>
   <div class='ocr_carea' id='block_1_62' title="bbox 235 5240 1916 5310">
    <p class='ocr_par' dir='ltr' id='par_1_62' title="bbox 235 5240 1916 5310">
     <span class='ocr_line' id='line_1_62' title="bbox 235 5240 1916 5310; baseline 0.002 -20"><span class='ocrx_word' id='word_1_501' title='bbox 235 5240 294 5302; x_wconf 80' lang='grc' dir='ltr'>ἐξ</span> <span class='ocrx_word' id='word_1_502' title='bbox 317 5241 492 5309; x_wconf 77' lang='grc' dir='ltr'>ἀρχῆς</span> <span class='ocrx_word' id='word_1_503' title='bbox 511 5240 717 5301; x_wconf 86' lang='grc' dir='ltr'>πλάσας</span> <span class='ocrx_word' id='word_1_504' title='bbox 748 5241 837 5292; x_wconf 85' lang='grc' dir='ltr'>τὸν</span> <span class='ocrx_word' id='word_1_505' title='bbox 868 5241 1150 5310; x_wconf 78' lang='grc' dir='ltr'>ἄνθρωπον</span> <span class='ocrx_word' id='word_1_506' title='bbox 1185 5244 1212 5293; x_wconf 88' lang='grc' dir='ltr'>ό</span> <span class='ocrx_word' id='word_1_507' title='bbox 1250 5241 1402 5305; x_wconf 75' lang='grc' dir='ltr'>Θεὸς,</span> <span class='ocrx_word' id='word_1_508' title='bbox 1430 5242 1494 5293; x_wconf 82' lang='grc' dir='ltr'>δι’</span> <span class='ocrx_word' id='word_1_509' title='bbox 1521 5241 1716 5293; x_wconf 78' lang='grc' dir='ltr'>ἑαυτοῦ</span> <span class='ocrx_word' id='word_1_510' title='bbox 1745 5242 1916 5293; x_wconf 83' lang='grc' dir='ltr'>διελέ-</span> 
     </span>
    </p>
   </div>
   <div class='ocr_carea' id='block_1_63' title="bbox 235 5324 1916 5396">
    <p class='ocr_par' dir='ltr' id='par_1_63' title="bbox 235 5324 1916 5396">
     <span class='ocr_line' id='line_1_63' title="bbox 235 5324 1916 5396; baseline 0.002 -22"><span class='ocrx_word' id='word_1_511' title='bbox 235 5339 360 5389; x_wconf 83' lang='grc' dir='ltr'>γετο</span> <span class='ocrx_word' id='word_1_512' title='bbox 393 5324 473 5394; x_wconf 82' lang='grc'>[9]</span> <span class='ocrx_word' id='word_1_513' title='bbox 505 5326 616 5385; x_wconf 88' lang='grc' dir='ltr'>τοῖς</span> <span class='ocrx_word' id='word_1_514' title='bbox 637 5324 966 5391; x_wconf 80' lang='grc' dir='ltr'>ἀνθρώποις,</span> <span class='ocrx_word' id='word_1_515' title='bbox 995 5325 1069 5387; x_wconf 81' lang='grc' dir='ltr'>ὡς</span> <span class='ocrx_word' id='word_1_516' title='bbox 1099 5326 1406 5396; x_wconf 86' lang='grc' dir='ltr'>ἀνθρώποις</span> <span class='ocrx_word' id='word_1_517' title='bbox 1432 5325 1663 5379; x_wconf 83' lang='grc' dir='ltr'>ἀκοῦσαι</span> <span class='ocrx_word' id='word_1_518' title='bbox 1692 5325 1916 5378; x_wconf 82' lang='grc' dir='ltr'>δυνατὸν</span> 
     </span>
    </p>
   </div>
   <div class='ocr_carea' id='block_1_64' title="bbox 234 5403 1916 5478">
    <p class='ocr_par' dir='ltr' id='par_1_64' title="bbox 234 5403 1916 5478">
     <span class='ocr_line' id='line_1_64' title="bbox 234 5403 1916 5478; baseline 0.004 -22"><span class='ocrx_word' id='word_1_519' title='bbox 234 5403 318 5474; x_wconf 71' lang='grc' dir='ltr'>ἦν.</span> <span class='ocrx_word' id='word_1_520' title='bbox 351 5407 540 5470; x_wconf 78' lang='grc' dir='ltr'>υῦεως</span> <span class='ocrx_word' id='word_1_521' title='bbox 567 5408 674 5478; x_wconf 85' lang='grc' dir='ltr'>γὰρ</span> <span class='ocrx_word' id='word_1_522' title='bbox 717 5408 850 5476; x_wconf 77' lang='grc' dir='ltr'>πρὸς</span> <span class='ocrx_word' id='word_1_523' title='bbox 880 5408 974 5460; x_wconf 76' lang='grc' dir='ltr'>τὸν</span> <span class='ocrx_word' id='word_1_524' title='bbox 1007 5408 1178 5478; x_wconf 78' lang='grc' dir='ltr'>Ἀδὰμ</span> <span class='ocrx_word' id='word_1_525' title='bbox 1207 5405 1374 5478; x_wconf 84' lang='grc' dir='ltr'>ἦλθεν</span> <span class='ocrx_word' id='word_1_526' title='bbox 1398 5425 1411 5438; x_wconf 68' lang='grc' dir='ltr'>ο</span> <span class='ocrx_word' id='word_1_527' title='bbox 1465 5409 1638 5471; x_wconf 74' lang='grc' dir='ltr'>οὕτως</span> <span class='ocrx_word' id='word_1_528' title='bbox 1665 5409 1741 5477; x_wconf 80' lang='grc' dir='ltr'>τῷ</span> <span class='ocrx_word' id='word_1_529' title='bbox 1777 5411 1916 5463; x_wconf 82' lang='grc' dir='ltr'>Κάῖν</span> 
     </span>
    </p>
   </div>
   <div class='ocr_carea' id='block_1_65' title="bbox 298 5527 1915 5590">
    <p class='ocr_par' dir='ltr' id='par_1_65' title="bbox 298 5527 1915 5590">
     <span class='ocr_line' id='line_1_65' title="bbox 298 5527 1915 5590; baseline -0.002 -12"><span class='ocrx_word' id='word_1_530' title='bbox 298 5531 322 5558; x_wconf 81' lang='grc'><strong>⁸</strong></span> <span class='ocrx_word' id='word_1_531' title='bbox 345 5528 545 5578; x_wconf 70' lang='grc' dir='ltr'>ίῖοἱεῐῐη.</span> <span class='ocrx_word' id='word_1_532' title='bbox 573 5530 649 5576; x_wconf 84' lang='grc' dir='ltr'>καὶ</span> <span class='ocrx_word' id='word_1_533' title='bbox 669 5529 888 5586; x_wconf 78' lang='grc' dir='ltr'>ἰδιωτῶν,</span> <span class='ocrx_word' id='word_1_534' title='bbox 911 5530 991 5575; x_wconf 88' lang='grc' dir='ltr'>καὶ</span> <span class='ocrx_word' id='word_1_535' title='bbox 1013 5530 1106 5576; x_wconf 80' lang='grc' dir='ltr'>τῶν</span> <span class='ocrx_word' id='word_1_536' title='bbox 1130 5530 1312 5586; x_wconf 74' lang='grc' dir='ltr'>ἀλ).ων;</span> <span class='ocrx_word' id='word_1_537' title='bbox 1338 5531 1430 5576; x_wconf 80' lang='grc' dir='ltr'>Καὶ</span> <span class='ocrx_word' id='word_1_538' title='bbox 1457 5528 1618 5575; x_wconf 64' lang='grc' dir='ltr'>αὐτοῦ.</span> <span class='ocrx_word' id='word_1_539' title='bbox 1650 5527 1776 5576; x_wconf 66' lang='lat' dir='ltr'>Infra</span> <span class='ocrx_word' id='word_1_540' title='bbox 1793 5529 1915 5590; x_wconf 77' lang='lat' dir='ltr'>Reg.</span> 
     </span>
    </p>
   </div>
   <div class='ocr_carea' id='block_1_66' title="bbox 239 5592 1545 5652">
    <p class='ocr_par' dir='ltr' id='par_1_66' title="bbox 239 5592 1545 5652">
     <span class='ocr_line' id='line_1_66' title="bbox 239 5592 1545 5652; baseline -0.002 -12"><span class='ocrx_word' id='word_1_541' title='bbox 239 5603 362 5640; x_wconf 80' lang='lat' dir='ltr'><strong>unus</strong></span> <span class='ocrx_word' id='word_1_542' title='bbox 381 5594 461 5639; x_wconf 80' lang='grc' dir='ltr'>καὶ</span> <span class='ocrx_word' id='word_1_543' title='bbox 482 5593 569 5641; x_wconf 87' lang='grc' dir='ltr'>οὐκ</span> <span class='ocrx_word' id='word_1_544' title='bbox 595 5595 694 5640; x_wconf 80' lang='grc' dir='ltr'>ἔστι</span> <span class='ocrx_word' id='word_1_545' title='bbox 720 5593 927 5651; x_wconf 72' lang='grc' dir='ltr'>σήμερον</span> <span class='ocrx_word' id='word_1_546' title='bbox 949 5592 1148 5652; x_wconf 75' lang='grc' dir='ltr'>διαφορά</span> <span class='ocrx_word' id='word_1_547' title='bbox 1171 5601 1378 5647; x_wconf 77' lang='grc' dir='ltr'>τῆς,υου</span> <span class='ocrx_word' id='word_1_548' title='bbox 1401 5597 1545 5638; x_wconf 78' lang='lat' dir='ltr'>male.</span> 
     </span>
    </p>
   </div>
   <div class='ocr_carea' id='block_1_67' title="bbox 278 5652 1919 5724">
    <p class='ocr_par' dir='ltr' id='par_1_67' title="bbox 278 5652 1919 5724">
     <span class='ocr_line' id='line_1_67' title="bbox 278 5652 1919 5724; baseline -0.001 -23"><span class='ocrx_word' id='word_1_549' title='bbox 278 5653 328 5724; x_wconf 30' lang='grc' dir='ltr'>’δ</span> <span class='ocrx_word' id='word_1_550' title='bbox 353 5657 538 5715; x_wconf 73' lang='lat' dir='ltr'>Regius</span> <span class='ocrx_word' id='word_1_551' title='bbox 573 5665 698 5701; x_wconf 88' lang='lat' dir='ltr'>unus</span> <span class='ocrx_word' id='word_1_552' title='bbox 726 5653 994 5712; x_wconf 77' lang='grc' dir='ltr'>βαθύγαιον,</span> <span class='ocrx_word' id='word_1_553' title='bbox 1019 5655 1143 5700; x_wconf 80' lang='lat' dir='ltr'>alius</span> <span class='ocrx_word' id='word_1_554' title='bbox 1180 5655 1337 5700; x_wconf 77' lang='lat' dir='ltr'><strong>codex</strong></span> <span class='ocrx_word' id='word_1_555' title='bbox 1369 5653 1633 5714; x_wconf 80' lang='grc' dir='ltr'>βαθύγειον,</span> <span class='ocrx_word' id='word_1_556' title='bbox 1670 5652 1797 5700; x_wconf 81' lang='lat' dir='ltr'><strong>alius</strong></span> <span class='ocrx_word' id='word_1_557' title='bbox 1835 5653 1919 5714; x_wconf 83' lang='grc' dir='ltr'>βα·</span> 
     </span>
    </p>
   </div>
   <div class='ocr_carea' id='block_1_68' title="bbox 241 5730 449 5774">
    <p class='ocr_par' dir='ltr' id='par_1_68' title="bbox 241 5730 449 5774">
     <span class='ocr_line' id='line_1_68' title="bbox 241 5730 449 5774; baseline 0 -12"><span class='ocrx_word' id='word_1_558' title='bbox 241 5730 449 5774; x_wconf 69' lang='grc' dir='ltr'>ιιυγονον.</span> 
     </span>
    </p>
   </div>
   <div class='ocr_carea' id='block_1_69' title="bbox 302 5774 1920 5838">
    <p class='ocr_par' dir='ltr' id='par_1_69' title="bbox 302 5774 1920 5838">
     <span class='ocr_line' id='line_1_69' title="bbox 302 5774 1920 5838; baseline -0.002 -12"><span class='ocrx_word' id='word_1_559' title='bbox 302 5784 322 5807; x_wconf 72' lang='grc' dir='ltr'><strong>ε</strong></span> <span class='ocrx_word' id='word_1_560' title='bbox 349 5777 552 5826; x_wconf 69' lang='lat' dir='ltr'>Conslin.</span> <span class='ocrx_word' id='word_1_561' title='bbox 594 5774 837 5838; x_wconf 71' lang='grc' dir='ltr'>παράσχοι</span> <span class='ocrx_word' id='word_1_562' title='bbox 879 5776 956 5823; x_wconf 82' lang='grc' dir='ltr'>διὰ</span> <span class='ocrx_word' id='word_1_563' title='bbox 997 5779 1080 5832; x_wconf 83' lang='grc' dir='ltr'>τήν</span> <span class='ocrx_word' id='word_1_564' title='bbox 1105 5777 1243 5836; x_wconf 78' lang='grc' dir='ltr'>ἡμῶν</span> <span class='ocrx_word' id='word_1_565' title='bbox 1289 5777 1533 5837; x_wconf 69' lang='grc' dir='ltr'>ὠφέλειαν,</span> <span class='ocrx_word' id='word_1_566' title='bbox 1559 5775 1684 5825; x_wconf 74' lang='lat' dir='ltr'>forte</span> <span class='ocrx_word' id='word_1_567' title='bbox 1720 5775 1920 5825; x_wconf 72' lang='lat' dir='ltr'>melius.</span> 
     </span>
    </p>
   </div>
   <div class='ocr_carea' id='block_1_70' title="bbox 241 5838 969 5896">
    <p class='ocr_par' dir='ltr' id='par_1_70' title="bbox 241 5838 969 5896">
     <span class='ocr_line' id='line_1_70' title="bbox 241 5838 969 5896; baseline -0.003 -10"><span class='ocrx_word' id='word_1_568' title='bbox 241 5841 332 5886; x_wconf 77' lang='grc' dir='ltr'><strong>ΑΙιὶ</strong></span> <span class='ocrx_word' id='word_1_569' title='bbox 357 5845 476 5889; x_wconf 71' lang='lat' dir='ltr'>item</span> <span class='ocrx_word' id='word_1_570' title='bbox 499 5838 684 5886; x_wconf 75' lang='lat' dir='ltr'>habent</span> <span class='ocrx_word' id='word_1_571' title='bbox 709 5838 969 5896; x_wconf 73' lang='grc' dir='ltr'>παράσχοι.</span> 
     </span>
    </p>
   </div>
   <div class='ocr_carea' id='block_1_71' title="bbox 657 5941 1297 6004">
    <p class='ocr_par' dir='ltr' id='par_1_71' title="bbox 657 5941 1297 6004">
     <span class='ocr_line' id='line_1_71' title="bbox 657 5941 1297 6004; baseline -0.009 0"><span class='ocrx_word' id='word_1_572' title='bbox 657 5945 925 6004; x_wconf 67' lang='grc' dir='ltr'>Ριτιιοι..</span> <span class='ocrx_word' id='word_1_573' title='bbox 973 5946 1087 6002; x_wconf 69' lang='lat' dir='ltr'>(in.</span> <span class='ocrx_word' id='word_1_574' title='bbox 1142 5941 1297 6000; x_wconf 83' lang='lat' dir='ltr'>LIII.</span> 
     </span>
    </p>
   </div>
   <div class='ocr_carea' id='block_1_72' title="bbox 1982 851 3668 924">
    <p class='ocr_par' dir='ltr' id='par_1_72' title="bbox 1982 851 3668 924">
     <span class='ocr_line' id='line_1_72' title="bbox 1982 851 3668 924; baseline 0 -17"><span class='ocrx_word' id='word_1_575' title='bbox 1982 854 2098 907; x_wconf 81' lang='grc' dir='ltr'>ἀλλ’</span> <span class='ocrx_word' id='word_1_576' title='bbox 2127 853 2317 924; x_wconf 80' lang='grc' dir='ltr'>ἐπειδὴ</span> <span class='ocrx_word' id='word_1_577' title='bbox 2345 853 2554 917; x_wconf 82' lang='grc' dir='ltr'>ἀνάξιοι</span> <span class='ocrx_word' id='word_1_578' title='bbox 2577 851 2764 906; x_wconf 83' lang='grc' dir='ltr'>λοιπὸν</span> <span class='ocrx_word' id='word_1_579' title='bbox 2798 853 3054 920; x_wconf 88' lang='grc' dir='ltr'>γεγόνασι</span> <span class='ocrx_word' id='word_1_580' title='bbox 3077 853 3176 921; x_wconf 78' lang='grc' dir='ltr'>τῆς</span> <span class='ocrx_word' id='word_1_581' title='bbox 3201 851 3417 922; x_wconf 82' lang='grc' dir='ltr'>ὁμιλίας</span> <span class='ocrx_word' id='word_1_582' title='bbox 3444 853 3544 922; x_wconf 80' lang='grc' dir='ltr'>τῆς</span> <span class='ocrx_word' id='word_1_583' title='bbox 3569 853 3668 907; x_wconf 81' lang='grc' dir='ltr'>αὐ-</span> 
     </span>
    </p>
   </div>
   <div class='ocr_carea' id='block_1_73' title="bbox 1982 935 3671 1006">
    <p class='ocr_par' dir='ltr' id='par_1_73' title="bbox 1982 935 3671 1006">
     <span class='ocr_line' id='line_1_73' title="bbox 1982 935 3671 1006; baseline 0.001 -18"><span class='ocrx_word' id='word_1_584' title='bbox 1982 935 2099 997; x_wconf 87' lang='grc' dir='ltr'>τοῦ,</span> <span class='ocrx_word' id='word_1_585' title='bbox 2155 935 2477 1006; x_wconf 83' lang='grc' dir='ltr'>βουλόμενος</span> <span class='ocrx_word' id='word_1_586' title='bbox 2530 935 2692 989; x_wconf 89' lang='grc' dir='ltr'>πάλιν</span> <span class='ocrx_word' id='word_1_587' title='bbox 2720 935 3137 991; x_wconf 83' lang='grc' dir='ltr'>ἀνανεώσασθαι</span> <span class='ocrx_word' id='word_1_588' title='bbox 3170 938 3269 1006; x_wconf 79' lang='grc' dir='ltr'>τὴν</span> <span class='ocrx_word' id='word_1_589' title='bbox 3307 936 3446 1006; x_wconf 79' lang='grc' dir='ltr'>πρὸς</span> <span class='ocrx_word' id='word_1_590' title='bbox 3473 937 3671 999; x_wconf 74' lang='grc' dir='ltr'>αὐτοὺς</span> 
     </span>
    </p>
   </div>
   <div class='ocr_carea' id='block_1_74' title="bbox 1984 1016 3671 1088">
    <p class='ocr_par' dir='ltr' id='par_1_74' title="bbox 1984 1016 3671 1088">
     <span class='ocr_line' id='line_1_74' title="bbox 1984 1016 3671 1088; baseline 0 -19"><span class='ocrx_word' id='word_1_591' title='bbox 1984 1018 2188 1085; x_wconf 84' lang='grc' dir='ltr'>φιλίαν,</span> <span class='ocrx_word' id='word_1_592' title='bbox 2213 1018 2464 1087; x_wconf 89' lang='grc' dir='ltr'>καθάπερ</span> <span class='ocrx_word' id='word_1_593' title='bbox 2480 1016 2791 1088; x_wconf 82' lang='grc' dir='ltr'>ἀνθρώποις</span> <span class='ocrx_word' id='word_1_594' title='bbox 2819 1019 3040 1087; x_wconf 74' lang='grc' dir='ltr'>μακρὰν</span> <span class='ocrx_word' id='word_1_595' title='bbox 3059 1018 3338 1086; x_wconf 82' lang='grc' dir='ltr'>ἀφεστῶσι</span> <span class='ocrx_word' id='word_1_596' title='bbox 3366 1018 3671 1088; x_wconf 84' lang='grc' dir='ltr'>γράμματα</span> 
     </span>
    </p>
   </div>
   <div class='ocr_carea' id='block_1_75' title="bbox 1988 1099 3676 1170">
    <p class='ocr_par' dir='ltr' id='par_1_75' title="bbox 1988 1099 3676 1170">
     <span class='ocr_line' id='line_1_75' title="bbox 1988 1099 3676 1170; baseline 0 -18"><span class='ocrx_word' id='word_1_597' title='bbox 1988 1101 2218 1170; x_wconf 83' lang='grc' dir='ltr'>πέμπει,</span> <span class='ocrx_word' id='word_1_598' title='bbox 2255 1101 2392 1170; x_wconf 80' lang='grc' dir='ltr'>πρὸς</span> <span class='ocrx_word' id='word_1_599' title='bbox 2447 1100 2639 1153; x_wconf 85' lang='grc' dir='ltr'>ἐαυτὸν</span> <span class='ocrx_word' id='word_1_600' title='bbox 2693 1100 3058 1170; x_wconf 77' lang='grc' dir='ltr'>ἐφελκόμενος</span> <span class='ocrx_word' id='word_1_601' title='bbox 3104 1102 3286 1153; x_wconf 82' lang='grc' dir='ltr'>πᾶσαν</span> <span class='ocrx_word' id='word_1_602' title='bbox 3311 1100 3407 1170; x_wconf 83' lang='grc' dir='ltr'>τὴν</span> <span class='ocrx_word' id='word_1_603' title='bbox 3441 1099 3549 1152; x_wconf 91' lang='grc' dir='ltr'>τῶν</span> <span class='ocrx_word' id='word_1_604' title='bbox 3582 1100 3676 1152; x_wconf 77' lang='grc' dir='ltr'>ἀν-</span> 
     </span>
    </p>
   </div>
   <div class='ocr_carea' id='block_1_76' title="bbox 1989 1181 3678 1254">
    <p class='ocr_par' dir='ltr' id='par_1_76' title="bbox 1989 1181 3678 1254">
     <span class='ocr_line' id='line_1_76' title="bbox 1989 1181 3678 1254; baseline -0.002 -18"><span class='ocrx_word' id='word_1_605' title='bbox 1989 1183 2224 1254; x_wconf 84' lang='grc' dir='ltr'>θρώπων</span> <span class='ocrx_word' id='word_1_606' title='bbox 2254 1182 2435 1252; x_wconf 86' lang='grc' dir='ltr'>φύσιν.</span> <span class='ocrx_word' id='word_1_607' title='bbox 2479 1183 2590 1235; x_wconf 74' lang='grc' dir='ltr'>Καὶ</span> <span class='ocrx_word' id='word_1_608' title='bbox 2616 1182 2792 1236; x_wconf 91' lang='grc' dir='ltr'>ταῦτα</span> <span class='ocrx_word' id='word_1_609' title='bbox 2822 1183 2891 1236; x_wconf 82' lang='grc' dir='ltr'>τὰ.</span> <span class='ocrx_word' id='word_1_610' title='bbox 2919 1183 3229 1253; x_wconf 84' lang='grc' dir='ltr'>γράμματα</span> <span class='ocrx_word' id='word_1_611' title='bbox 3254 1181 3469 1252; x_wconf 69' lang='grc' dir='ltr'>έπεμψε</span> <span class='ocrx_word' id='word_1_612' title='bbox 3512 1181 3612 1252; x_wconf 75' lang='grc' dir='ltr'>μὲν</span> <span class='ocrx_word' id='word_1_613' title='bbox 3650 1183 3678 1232; x_wconf 90' lang='grc' dir='ltr'>ό</span> 
     </span>
    </p>
   </div>
   <div class='ocr_carea' id='block_1_77' title="bbox 1987 1263 3676 1335">
    <p class='ocr_par' dir='ltr' id='par_1_77' title="bbox 1987 1263 3676 1335">
     <span class='ocr_line' id='line_1_77' title="bbox 1987 1263 3676 1335; baseline -0.002 -17"><span class='ocrx_word' id='word_1_614' title='bbox 1987 1265 2140 1329; x_wconf 81' lang='grc' dir='ltr'>Θεὸς,</span> <span class='ocrx_word' id='word_1_615' title='bbox 2179 1266 2402 1335; x_wconf 84' lang='grc' dir='ltr'>ἐκόμισε</span> <span class='ocrx_word' id='word_1_616' title='bbox 2436 1265 2492 1318; x_wconf 77' lang='grc' dir='ltr'>δὲ</span> <span class='ocrx_word' id='word_1_617' title='bbox 2532 1266 2758 1335; x_wconf 82' lang='grc' dir='ltr'>Μωσῆς.</span> <span class='ocrx_word' id='word_1_618' title='bbox 2797 1265 2862 1317; x_wconf 89' lang='grc' dir='ltr'>Τί</span> <span class='ocrx_word' id='word_1_619' title='bbox 2905 1263 2999 1318; x_wconf 82' lang='lat' dir='ltr'><strong>06v</strong></span> <span class='ocrx_word' id='word_1_620' title='bbox 3028 1265 3176 1333; x_wconf 80' lang='grc' dir='ltr'>λέγει</span> <span class='ocrx_word' id='word_1_621' title='bbox 3210 1267 3279 1318; x_wconf 84' lang='grc' dir='ltr'>τὰ</span> <span class='ocrx_word' id='word_1_622' title='bbox 3330 1265 3676 1335; x_wconf 86' lang='grc' dir='ltr'>γράμματα;</span> 
     </span>
    </p>
   </div>
   <div class='ocr_carea' id='block_1_78' title="bbox 2001 1345 3676 1416">
    <p class='ocr_par' dir='ltr' id='par_1_78' title="bbox 2001 1345 3676 1416">
     <span class='ocr_line' id='line_1_78' title="bbox 2001 1345 3676 1416; baseline -0.003 -14"><span class='ocrx_word' id='word_1_623' title='bbox 2001 1349 2104 1402; x_wconf 72' lang='grc' dir='ltr'><em>Ἐν</em></span> <span class='ocrx_word' id='word_1_624' title='bbox 2129 1347 2287 1416; x_wconf 78' lang='grc' dir='ltr'>ἀρχῇ</span> <span class='ocrx_word' id='word_1_625' title='bbox 2316 1348 2606 1415; x_wconf 75' lang='grc' dir='ltr'>ἐποίησεν</span> <span class='ocrx_word' id='word_1_626' title='bbox 2627 1350 2659 1400; x_wconf 83' lang='grc' dir='ltr'>ό</span> <span class='ocrx_word' id='word_1_627' title='bbox 2691 1347 2836 1412; x_wconf 70' lang='grc' dir='ltr'>Θεὸς</span> <span class='ocrx_word' id='word_1_628' title='bbox 2854 1347 2962 1401; x_wconf 78' lang='grc' dir='ltr'>τόν</span> <span class='ocrx_word' id='word_1_629' title='bbox 2991 1349 3253 1416; x_wconf 77' lang='grc' dir='ltr'>οὐρανὸν</span> <span class='ocrx_word' id='word_1_630' title='bbox 3273 1349 3366 1402; x_wconf 74' lang='grc' dir='ltr'>καὶ</span> <span class='ocrx_word' id='word_1_631' title='bbox 3391 1348 3505 1416; x_wconf 80' lang='grc' dir='ltr'>τὴν</span> <span class='ocrx_word' id='word_1_632' title='bbox 3538 1345 3676 1416; x_wconf 73' lang='grc' dir='ltr'>γῆν.</span> 
     </span>
    </p>
   </div>
   <div class='ocr_carea' id='block_1_79' title="bbox 1992 1429 3681 1502">
    <p class='ocr_par' dir='ltr' id='par_1_79' title="bbox 1992 1429 3681 1502">
     <span class='ocr_line' id='line_1_79' title="bbox 1992 1429 3681 1502; baseline -0.002 -21"><span class='ocrx_word' id='word_1_633' title='bbox 1992 1430 2191 1482; x_wconf 85' lang='grc' dir='ltr'>Σκόπει</span> <span class='ocrx_word' id='word_1_634' title='bbox 2213 1430 2306 1482; x_wconf 86' lang='grc' dir='ltr'>τοῦ</span> <span class='ocrx_word' id='word_1_635' title='bbox 2344 1430 2662 1499; x_wconf 87' lang='grc' dir='ltr'>θαυμαστοῦ</span> <span class='ocrx_word' id='word_1_636' title='bbox 2694 1430 2886 1483; x_wconf 92' lang='grc' dir='ltr'>τούτου</span> <span class='ocrx_word' id='word_1_637' title='bbox 2924 1432 3210 1502; x_wconf 86' lang='grc' dir='ltr'>προφήτου</span> <span class='ocrx_word' id='word_1_638' title='bbox 3234 1472 3248 1496; x_wconf 94' lang='grc'>,</span> <span class='ocrx_word' id='word_1_639' title='bbox 3280 1430 3551 1500; x_wconf 84' lang='grc' dir='ltr'>ἀγαπητέ.</span> <span class='ocrx_word' id='word_1_640' title='bbox 3586 1429 3681 1482; x_wconf 66' lang='grc' dir='ltr'>καὶ</span> 
     </span>
    </p>
   </div>
   <div class='ocr_carea' id='block_1_80' title="bbox 1992 1509 3680 1584">
    <p class='ocr_par' dir='ltr' id='par_1_80' title="bbox 1992 1509 3680 1584">
     <span class='ocr_line' id='line_1_80' title="bbox 1992 1509 3680 1584; baseline -0.003 -20"><span class='ocrx_word' id='word_1_641' title='bbox 1992 1513 2051 1564; x_wconf 80' lang='grc' dir='ltr'>ἐν</span> <span class='ocrx_word' id='word_1_642' title='bbox 2073 1511 2250 1583; x_wconf 85' lang='grc' dir='ltr'>τούτῳ</span> <span class='ocrx_word' id='word_1_643' title='bbox 2274 1512 2335 1564; x_wconf 87' lang='grc' dir='ltr'>τὸ</span> <span class='ocrx_word' id='word_1_644' title='bbox 2366 1511 2667 1582; x_wconf 79' lang='grc' dir='ltr'>ἐξαίρετον.</span> <span class='ocrx_word' id='word_1_645' title='bbox 2697 1509 2765 1566; x_wconf 81' lang='grc' dir='ltr'><strong>Οἱ</strong></span> <span class='ocrx_word' id='word_1_646' title='bbox 2794 1511 2894 1581; x_wconf 79' lang='grc' dir='ltr'>μὲν</span> <span class='ocrx_word' id='word_1_647' title='bbox 2914 1513 3023 1581; x_wconf 76' lang='grc' dir='ltr'>γὰρ</span> <span class='ocrx_word' id='word_1_648' title='bbox 3063 1511 3213 1564; x_wconf 80' lang='grc' dir='ltr'>ἄλλοι</span> <span class='ocrx_word' id='word_1_649' title='bbox 3237 1511 3514 1584; x_wconf 78' lang='grc' dir='ltr'>προφῆται</span> <span class='ocrx_word' id='word_1_650' title='bbox 3545 1509 3680 1562; x_wconf 85' lang='grc' dir='ltr'>πάν-</span> 
     </span>
    </p>
   </div>
   <div class='ocr_carea' id='block_1_81' title="bbox 1991 1589 3681 1665">
    <p class='ocr_par' dir='ltr' id='par_1_81' title="bbox 1991 1589 3681 1665">
     <span class='ocr_line' id='line_1_81' title="bbox 1991 1589 3681 1665; baseline -0.002 -19"><span class='ocrx_word' id='word_1_651' title='bbox 1991 1611 2082 1657; x_wconf 90' lang='grc' dir='ltr'>τες</span> <span class='ocrx_word' id='word_1_652' title='bbox 2109 1594 2142 1664; x_wconf 80' lang='grc' dir='ltr'>ἢ</span> <span class='ocrx_word' id='word_1_653' title='bbox 2175 1594 2246 1646; x_wconf 86' lang='grc' dir='ltr'>τὰ</span> <span class='ocrx_word' id='word_1_654' title='bbox 2278 1594 2418 1664; x_wconf 88' lang='grc' dir='ltr'>μετά</span> <span class='ocrx_word' id='word_1_655' title='bbox 2451 1594 2620 1646; x_wconf 79' lang='grc' dir='ltr'>πολὺν</span> <span class='ocrx_word' id='word_1_656' title='bbox 2674 1595 2911 1664; x_wconf 86' lang='grc' dir='ltr'>ἐσόμενα</span> <span class='ocrx_word' id='word_1_657' title='bbox 2961 1595 3151 1665; x_wconf 88' lang='grc' dir='ltr'>χρόνον</span> <span class='ocrx_word' id='word_1_658' title='bbox 3192 1589 3366 1655; x_wconf 71' lang='grc' dir='ltr'>εἷπον,</span> <span class='ocrx_word' id='word_1_659' title='bbox 3405 1593 3438 1664; x_wconf 85' lang='grc' dir='ltr'>ἢ</span> <span class='ocrx_word' id='word_1_660' title='bbox 3465 1594 3534 1646; x_wconf 85' lang='grc' dir='ltr'>τά</span> <span class='ocrx_word' id='word_1_661' title='bbox 3562 1595 3681 1645; x_wconf 83' lang='grc' dir='ltr'>κατ’</span> 
     </span>
    </p>
   </div>
   <div class='ocr_carea' id='block_1_82' title="bbox 1993 1674 3687 1747">
    <p class='ocr_par' dir='ltr' id='par_1_82' title="bbox 1993 1674 3687 1747">
     <span class='ocr_line' id='line_1_82' title="bbox 1993 1674 3687 1747; baseline 0.001 -18"><span class='ocrx_word' id='word_1_662' title='bbox 1993 1677 2154 1730; x_wconf 86' lang='grc' dir='ltr'>αὐτὸν</span> <span class='ocrx_word' id='word_1_663' title='bbox 2187 1676 2449 1747; x_wconf 88' lang='grc' dir='ltr'>μέλλοντα</span> <span class='ocrx_word' id='word_1_664' title='bbox 2477 1675 2858 1747; x_wconf 83' lang='grc' dir='ltr'>συμϐήσεσθαι</span> <span class='ocrx_word' id='word_1_665' title='bbox 2890 1674 2982 1728; x_wconf 82' lang='grc' dir='ltr'>τὸν</span> <span class='ocrx_word' id='word_1_666' title='bbox 3012 1675 3206 1746; x_wconf 85' lang='grc' dir='ltr'>καιρόν</span> <span class='ocrx_word' id='word_1_667' title='bbox 3231 1691 3244 1704; x_wconf 89' lang='grc'>·</span> <span class='ocrx_word' id='word_1_668' title='bbox 3277 1678 3305 1728; x_wconf 88' lang='grc' dir='ltr'>ὁ</span> <span class='ocrx_word' id='word_1_669' title='bbox 3327 1675 3384 1728; x_wconf 84' lang='grc' dir='ltr'>δὲ</span> <span class='ocrx_word' id='word_1_670' title='bbox 3413 1674 3687 1746; x_wconf 75' lang='grc' dir='ltr'>μακάριος</span> 
     </span>
    </p>
   </div>
   <div class='ocr_carea' id='block_1_83' title="bbox 1994 1753 3688 1827">
    <p class='ocr_par' dir='ltr' id='par_1_83' title="bbox 1994 1753 3688 1827">
     <span class='ocr_line' id='line_1_83' title="bbox 1994 1753 3688 1827; baseline -0.003 -18"><span class='ocrx_word' id='word_1_671' title='bbox 1994 1754 2148 1821; x_wconf 82' lang='grc' dir='ltr'>οὑτος</span> <span class='ocrx_word' id='word_1_672' title='bbox 2186 1757 2326 1827; x_wconf 84' lang='grc' dir='ltr'>μετὰ</span> <span class='ocrx_word' id='word_1_673' title='bbox 2349 1757 2551 1820; x_wconf 88' lang='grc' dir='ltr'>πολλάς</span> <span class='ocrx_word' id='word_1_674' title='bbox 2574 1756 2772 1825; x_wconf 76' lang='grc' dir='ltr'>γενεὰς</span> <span class='ocrx_word' id='word_1_675' title='bbox 2792 1756 3058 1825; x_wconf 87' lang='grc' dir='ltr'>γεγονὼς,</span> <span class='ocrx_word' id='word_1_676' title='bbox 3085 1757 3190 1810; x_wconf 82' lang='grc' dir='ltr'>ὑπὸ</span> <span class='ocrx_word' id='word_1_677' title='bbox 3222 1757 3321 1827; x_wconf 79' lang='grc' dir='ltr'>τῆς</span> <span class='ocrx_word' id='word_1_678' title='bbox 3367 1755 3576 1810; x_wconf 78' lang='grc' dir='ltr'>ἀνωθεν</span> <span class='ocrx_word' id='word_1_679' title='bbox 3603 1753 3688 1805; x_wconf 76' lang='grc' dir='ltr'>δε-</span> 
     </span>
    </p>
   </div>
   <div class='ocr_carea' id='block_1_84' title="bbox 1996 1835 3687 1912">
    <p class='ocr_par' dir='ltr' id='par_1_84' title="bbox 1996 1835 3687 1912">
     <span class='ocr_line' id='line_1_84' title="bbox 1996 1835 3687 1912; baseline -0.006 -17"><span class='ocrx_word' id='word_1_680' title='bbox 1996 1842 2117 1907; x_wconf 79' lang='grc' dir='ltr'>ξιάς</span> <span class='ocrx_word' id='word_1_681' title='bbox 2165 1841 2535 1912; x_wconf 82' lang='grc' dir='ltr'>ὁδηγούμενος</span> <span class='ocrx_word' id='word_1_682' title='bbox 2565 1840 2592 1879; x_wconf 78' lang='grc' dir='ltr'><strong><em>ἀ</em></strong></span> <span class='ocrx_word' id='word_1_683' title='bbox 2639 1841 2827 1893; x_wconf 83' lang='grc' dir='ltr'>ἐκεῖνα</span> <span class='ocrx_word' id='word_1_684' title='bbox 2874 1841 3050 1893; x_wconf 85' lang='grc' dir='ltr'>είπεῖν</span> <span class='ocrx_word' id='word_1_685' title='bbox 3088 1839 3428 1911; x_wconf 77' lang='grc' dir='ltr'>κατηξιώθη,</span> <span class='ocrx_word' id='word_1_686' title='bbox 3488 1837 3524 1892; x_wconf 81' lang='grc' dir='ltr'>ἀ</span> <span class='ocrx_word' id='word_1_687' title='bbox 3580 1835 3687 1906; x_wconf 58' lang='grc' dir='ltr'>πρδι</span> 
     </span>
    </p>
   </div>
   <div class='ocr_carea' id='block_1_85' title="bbox 1996 1915 3688 1992">
    <p class='ocr_par' dir='ltr' id='par_1_85' title="bbox 1996 1915 3688 1992">
     <span class='ocr_line' id='line_1_85' title="bbox 1996 1915 3688 1992; baseline -0.001 -18"><span class='ocrx_word' id='word_1_688' title='bbox 1996 1923 2092 1992; x_wconf 78' lang='grc' dir='ltr'>τῆς</span> <span class='ocrx_word' id='word_1_689' title='bbox 2119 1922 2286 1976; x_wconf 89' lang='grc' dir='ltr'>αὐτοῦ</span> <span class='ocrx_word' id='word_1_690' title='bbox 2315 1923 2585 1992; x_wconf 84' lang='grc' dir='ltr'>γενέσεως</span> <span class='ocrx_word' id='word_1_691' title='bbox 2612 1921 2717 1975; x_wconf 79' lang='grc' dir='ltr'>ὑπὸ</span> <span class='ocrx_word' id='word_1_692' title='bbox 2742 1921 2835 1974; x_wconf 91' lang='grc' dir='ltr'>τοῦ</span> <span class='ocrx_word' id='word_1_693' title='bbox 2857 1921 2965 1975; x_wconf 88' lang='grc' dir='ltr'>τῶν</span> <span class='ocrx_word' id='word_1_694' title='bbox 2987 1920 3244 1975; x_wconf 86' lang='grc' dir='ltr'>ἁπάντων</span> <span class='ocrx_word' id='word_1_695' title='bbox 3277 1915 3688 1991; x_wconf 79' lang='grc' dir='ltr'>ἐδημιουργήθη</span> 
     </span>
    </p>
   </div>
   <div class='ocr_carea' id='block_1_86' title="bbox 1997 2004 3691 2076">
    <p class='ocr_par' dir='ltr' id='par_1_86' title="bbox 1997 2004 3691 2076">
     <span class='ocr_line' id='line_1_86' title="bbox 1997 2004 3691 2076; baseline -0.002 -18"><span class='ocrx_word' id='word_1_696' title='bbox 1997 2006 2291 2060; x_wconf 86' lang='grc' dir='ltr'>Δεσπότου.</span> <span class='ocrx_word' id='word_1_697' title='bbox 2350 2007 2451 2061; x_wconf 78' lang='grc' dir='ltr'>Διὰ</span> <span class='ocrx_word' id='word_1_698' title='bbox 2502 2005 2663 2065; x_wconf 83' lang='grc' dir='ltr'>τοῦτο</span> <span class='ocrx_word' id='word_1_699' title='bbox 2714 2007 2810 2060; x_wconf 71' lang='grc' dir='ltr'>καὶ</span> <span class='ocrx_word' id='word_1_700' title='bbox 2865 2005 3042 2070; x_wconf 77' lang='grc' dir='ltr'>οὑτως</span> <span class='ocrx_word' id='word_1_701' title='bbox 3095 2004 3298 2076; x_wconf 72' lang='grc' dir='ltr'>ήρξατο</span> <span class='ocrx_word' id='word_1_702' title='bbox 3327 2004 3538 2072; x_wconf 85' lang='grc' dir='ltr'>λέγων·</span> <span class='ocrx_word' id='word_1_703' title='bbox 3589 2005 3691 2056; x_wconf 67' lang='grc' dir='ltr'>Ἐν</span> 
     </span>
    </p>
   </div>
   <div class='ocr_carea' id='block_1_87' title="bbox 1997 2084 3686 2158">
    <p class='ocr_par' dir='ltr' id='par_1_87' title="bbox 1997 2084 3686 2158">
     <span class='ocr_line' id='line_1_87' title="bbox 1997 2084 3686 2158; baseline -0.005 -13"><span class='ocrx_word' id='word_1_704' title='bbox 1997 2088 2156 2158; x_wconf 73' lang='grc' dir='ltr'>ἀρχῇ</span> <span class='ocrx_word' id='word_1_705' title='bbox 2203 2091 2494 2158; x_wconf 79' lang='grc' dir='ltr'>ἐποίησεν</span> <span class='ocrx_word' id='word_1_706' title='bbox 2526 2093 2559 2144; x_wconf 84' lang='grc' dir='ltr'>ό</span> <span class='ocrx_word' id='word_1_707' title='bbox 2600 2089 2744 2156; x_wconf 80' lang='grc' dir='ltr'>Θεὸς</span> <span class='ocrx_word' id='word_1_708' title='bbox 2776 2088 2884 2142; x_wconf 83' lang='grc' dir='ltr'>τὸν</span> <span class='ocrx_word' id='word_1_709' title='bbox 2909 2087 3175 2156; x_wconf 81' lang='grc' dir='ltr'>οὐρανὸν</span> <span class='ocrx_word' id='word_1_710' title='bbox 3221 2086 3323 2141; x_wconf 79' lang='grc' dir='ltr'>καί</span> <span class='ocrx_word' id='word_1_711' title='bbox 3367 2087 3484 2154; x_wconf 79' lang='grc' dir='ltr'>τὴν</span> <span class='ocrx_word' id='word_1_712' title='bbox 3537 2084 3686 2154; x_wconf 76' lang='grc' dir='ltr'>γῆν·</span> 
     </span>
    </p>
   </div>
   <div class='ocr_carea' id='block_1_88' title="bbox 2001 2171 3691 2245">
    <p class='ocr_par' dir='ltr' id='par_1_88' title="bbox 2001 2171 3691 2245">
     <span class='ocr_line' id='line_1_88' title="bbox 2001 2171 3691 2245; baseline -0.002 -19"><span class='ocrx_word' id='word_1_713' title='bbox 2001 2175 2288 2243; x_wconf 75' lang='grc' dir='ltr'>μονονουχὶ</span> <span class='ocrx_word' id='word_1_714' title='bbox 2326 2173 2463 2245; x_wconf 72' lang='grc' dir='ltr'>πρὸς</span> <span class='ocrx_word' id='word_1_715' title='bbox 2496 2173 2744 2236; x_wconf 79' lang='grc' dir='ltr'>ἅπαντας</span> <span class='ocrx_word' id='word_1_716' title='bbox 2807 2173 2955 2242; x_wconf 78' lang='grc' dir='ltr'>ἡμᾶς</span> <span class='ocrx_word' id='word_1_717' title='bbox 2986 2172 3221 2243; x_wconf 80' lang='grc' dir='ltr'>λαμπρᾷ</span> <span class='ocrx_word' id='word_1_718' title='bbox 3253 2171 3395 2240; x_wconf 84' lang='grc' dir='ltr'>βοῶν</span> <span class='ocrx_word' id='word_1_719' title='bbox 3421 2173 3488 2242; x_wconf 79' lang='grc' dir='ltr'>τῇ</span> <span class='ocrx_word' id='word_1_720' title='bbox 3516 2171 3691 2239; x_wconf 75' lang='grc' dir='ltr'>φωνῇ,</span> 
     </span>
    </p>
   </div>
   <div class='ocr_carea' id='block_1_89' title="bbox 2000 2249 3693 2327">
    <p class='ocr_par' dir='ltr' id='par_1_89' title="bbox 2000 2249 3693 2327">
     <span class='ocr_line' id='line_1_89' title="bbox 2000 2249 3693 2327; baseline -0.004 -20"><span class='ocrx_word' id='word_1_721' title='bbox 2000 2256 2094 2307; x_wconf 71' lang='grc' dir='ltr'>καὶ</span> <span class='ocrx_word' id='word_1_722' title='bbox 2117 2254 2290 2323; x_wconf 88' lang='grc' dir='ltr'>λέγων</span> <span class='ocrx_word' id='word_1_723' title='bbox 2317 2273 2326 2282; x_wconf 94' lang='grc'>·</span> <span class='ocrx_word' id='word_1_724' title='bbox 2366 2257 2442 2327; x_wconf 79' lang='grc' dir='ltr'>μὴ</span> <span class='ocrx_word' id='word_1_725' title='bbox 2468 2255 2576 2325; x_wconf 85' lang='grc' dir='ltr'>γὰρ</span> <span class='ocrx_word' id='word_1_726' title='bbox 2608 2255 2758 2326; x_wconf 68' lang='grc' dir='ltr'>παρὰ</span> <span class='ocrx_word' id='word_1_727' title='bbox 2783 2253 3074 2323; x_wconf 81' lang='grc' dir='ltr'>ἀνθρώπου</span> <span class='ocrx_word' id='word_1_728' title='bbox 3108 2254 3492 2324; x_wconf 78' lang='grc' dir='ltr'>διδασκόμενος</span> <span class='ocrx_word' id='word_1_729' title='bbox 3518 2249 3693 2305; x_wconf 87' lang='grc' dir='ltr'>ταῦτα</span> 
     </span>
    </p>
   </div>
   <div class='ocr_carea' id='block_1_90' title="bbox 2001 2332 3694 2409">
    <p class='ocr_par' dir='ltr' id='par_1_90' title="bbox 2001 2332 3694 2409">
     <span class='ocr_line' id='line_1_90' title="bbox 2001 2332 3694 2409; baseline -0.002 -19"><span class='ocrx_word' id='word_1_730' title='bbox 2001 2337 2346 2409; x_wconf 82' lang='grc' dir='ltr'>φθέγγομαἰ;</span> <span class='ocrx_word' id='word_1_731' title='bbox 2411 2341 2468 2392; x_wconf 89' lang='grc'>’0</span> <span class='ocrx_word' id='word_1_732' title='bbox 2500 2341 2606 2394; x_wconf 84' lang='grc' dir='ltr'>ἀπὸ</span> <span class='ocrx_word' id='word_1_733' title='bbox 2636 2339 2728 2392; x_wconf 89' lang='grc' dir='ltr'>τοῦ</span> <span class='ocrx_word' id='word_1_734' title='bbox 2762 2338 2837 2409; x_wconf 79' lang='grc' dir='ltr'>μὴ</span> <span class='ocrx_word' id='word_1_735' title='bbox 2889 2337 3044 2400; x_wconf 78' lang='grc' dir='ltr'>ὄντος</span> <span class='ocrx_word' id='word_1_736' title='bbox 3081 2349 3103 2375; x_wconf 73' lang='grc' dir='ltr'><strong>θ</strong></span> <span class='ocrx_word' id='word_1_737' title='bbox 3132 2339 3215 2401; x_wconf 85' lang='grc' dir='ltr'>εἰς</span> <span class='ocrx_word' id='word_1_738' title='bbox 3271 2337 3332 2390; x_wconf 85' lang='grc' dir='ltr'>τὸ</span> <span class='ocrx_word' id='word_1_739' title='bbox 3367 2332 3508 2389; x_wconf 75' lang='grc' dir='ltr'>εἶναι</span> <span class='ocrx_word' id='word_1_740' title='bbox 3552 2334 3694 2387; x_wconf 70' lang='grc' dir='ltr'>αὐτά</span> 
     </span>
    </p>
   </div>
   <div class='ocr_carea' id='block_1_91' title="bbox 2003 2417 3696 2492">
    <p class='ocr_par' dir='ltr' id='par_1_91' title="bbox 2003 2417 3696 2492">
     <span class='ocr_line' id='line_1_91' title="bbox 2003 2417 3696 2492; baseline -0.001 -20"><span class='ocrx_word' id='word_1_741' title='bbox 2003 2421 2364 2492; x_wconf 85' lang='grc' dir='ltr'>παραγαγὼν,</span> <span class='ocrx_word' id='word_1_742' title='bbox 2406 2419 2560 2485; x_wconf 67' lang='grc' dir='ltr'>οὗτος</span> <span class='ocrx_word' id='word_1_743' title='bbox 2584 2423 2678 2475; x_wconf 67' lang='grc' dir='ltr'>καὶ</span> <span class='ocrx_word' id='word_1_744' title='bbox 2710 2421 2808 2491; x_wconf 82' lang='grc' dir='ltr'>τὴν</span> <span class='ocrx_word' id='word_1_745' title='bbox 2835 2420 2974 2491; x_wconf 75' lang='grc' dir='ltr'>ἐμὴν</span> <span class='ocrx_word' id='word_1_746' title='bbox 3010 2420 3257 2488; x_wconf 88' lang='grc' dir='ltr'>γλῶτταν</span> <span class='ocrx_word' id='word_1_747' title='bbox 3280 2420 3418 2489; x_wconf 76' lang='grc' dir='ltr'>πρὸς</span> <span class='ocrx_word' id='word_1_748' title='bbox 3440 2420 3539 2488; x_wconf 83' lang='grc' dir='ltr'>τὴν</span> <span class='ocrx_word' id='word_1_749' title='bbox 3568 2417 3696 2470; x_wconf 89' lang='grc' dir='ltr'>τού-</span> 
     </span>
    </p>
   </div>
   <div class='ocr_carea' id='block_1_92' title="bbox 2001 2497 3696 2576">
    <p class='ocr_par' dir='ltr' id='par_1_92' title="bbox 2001 2497 3696 2576">
     <span class='ocr_line' id='line_1_92' title="bbox 2001 2497 3696 2576; baseline -0.002 -20"><span class='ocrx_word' id='word_1_750' title='bbox 2001 2521 2109 2556; x_wconf 87' lang='grc' dir='ltr'>των</span> <span class='ocrx_word' id='word_1_751' title='bbox 2140 2506 2400 2574; x_wconf 82' lang='grc' dir='ltr'>ἐξήγησιν</span> <span class='ocrx_word' id='word_1_752' title='bbox 2434 2505 2834 2576; x_wconf 85' lang='grc' dir='ltr'>παρώρμησεν.</span> <span class='ocrx_word' id='word_1_753' title='bbox 2900 2505 2988 2566; x_wconf 82' lang='grc' dir='ltr'>Ὢς</span> <span class='ocrx_word' id='word_1_754' title='bbox 3020 2497 3115 2556; x_wconf 81' lang='grc' dir='ltr'>οὖν</span> <span class='ocrx_word' id='word_1_755' title='bbox 3144 2502 3326 2555; x_wconf 89' lang='grc' dir='ltr'>οὐκέτι</span> <span class='ocrx_word' id='word_1_756' title='bbox 3377 2500 3531 2570; x_wconf 83' lang='grc' dir='ltr'>παρά</span> <span class='ocrx_word' id='word_1_757' title='bbox 3565 2501 3696 2554; x_wconf 86' lang='grc' dir='ltr'>Μω-</span> 
     </span>
    </p>
   </div>
   <div class='ocr_carea' id='block_1_93' title="bbox 2005 2581 3696 2655">
    <p class='ocr_par' dir='ltr' id='par_1_93' title="bbox 2005 2581 3696 2655">
     <span class='ocr_line' id='line_1_93' title="bbox 2005 2581 3696 2655; baseline -0.001 -20"><span class='ocrx_word' id='word_1_758' title='bbox 2005 2583 2143 2648; x_wconf 90' lang='grc' dir='ltr'>σέως</span> <span class='ocrx_word' id='word_1_759' title='bbox 2176 2585 2346 2638; x_wconf 89' lang='grc' dir='ltr'>ταῦτα</span> <span class='ocrx_word' id='word_1_760' title='bbox 2379 2585 2690 2648; x_wconf 85' lang='grc' dir='ltr'>ἀκούοντες,</span> <span class='ocrx_word' id='word_1_761' title='bbox 2725 2584 2860 2637; x_wconf 87' lang='grc' dir='ltr'>ἀλλά</span> <span class='ocrx_word' id='word_1_762' title='bbox 2892 2585 3023 2655; x_wconf 73' lang='grc' dir='ltr'>παρ’</span> <span class='ocrx_word' id='word_1_763' title='bbox 3057 2583 3226 2637; x_wconf 89' lang='grc' dir='ltr'>αὐτοῦ</span> <span class='ocrx_word' id='word_1_764' title='bbox 3265 2581 3360 2636; x_wconf 87' lang='grc' dir='ltr'>τοῦ</span> <span class='ocrx_word' id='word_1_765' title='bbox 3411 2582 3522 2635; x_wconf 85' lang='grc' dir='ltr'>τῶν</span> <span class='ocrx_word' id='word_1_766' title='bbox 3555 2582 3696 2636; x_wconf 81' lang='grc' dir='ltr'>ὅλων</span> 
     </span>
    </p>
   </div>
   <div class='ocr_carea' id='block_1_94' title="bbox 2004 2665 3700 2737">
    <p class='ocr_par' dir='ltr' id='par_1_94' title="bbox 2004 2665 3700 2737">
     <span class='ocr_line' id='line_1_94' title="bbox 2004 2665 3700 2737; baseline -0.001 -18"><span class='ocrx_word' id='word_1_767' title='bbox 2004 2668 2138 2719; x_wconf 89' lang='grc' dir='ltr'>Θεοῦ</span> <span class='ocrx_word' id='word_1_768' title='bbox 2173 2668 2261 2721; x_wconf 75' lang='grc' dir='ltr'>διὰ</span> <span class='ocrx_word' id='word_1_769' title='bbox 2283 2668 2380 2736; x_wconf 79' lang='grc' dir='ltr'>τῆς</span> <span class='ocrx_word' id='word_1_770' title='bbox 2405 2668 2497 2721; x_wconf 90' lang='grc' dir='ltr'>τοῦ</span> <span class='ocrx_word' id='word_1_771' title='bbox 2529 2667 2775 2730; x_wconf 80' lang='grc' dir='ltr'>Μωσέως</span> <span class='ocrx_word' id='word_1_772' title='bbox 2813 2665 3085 2737; x_wconf 82' lang='grc' dir='ltr'>γλώττης,</span> <span class='ocrx_word' id='word_1_773' title='bbox 3119 2667 3264 2719; x_wconf 83' lang='grc' dir='ltr'>οὑτω</span> <span class='ocrx_word' id='word_1_774' title='bbox 3295 2669 3410 2729; x_wconf 83' lang='grc' dir='ltr'>τοῖς</span> <span class='ocrx_word' id='word_1_775' title='bbox 3468 2665 3700 2735; x_wconf 86' lang='grc' dir='ltr'>λεγομέ-</span> 
     </span>
    </p>
   </div>
   <div class='ocr_carea' id='block_1_95' title="bbox 2005 2747 3698 2822">
    <p class='ocr_par' dir='ltr' id='par_1_95' title="bbox 2005 2747 3698 2822">
     <span class='ocr_line' id='line_1_95' title="bbox 2005 2747 3698 2822; baseline -0.002 -20"><span class='ocrx_word' id='word_1_776' title='bbox 2005 2767 2116 2814; x_wconf 89' lang='grc' dir='ltr'>νοις</span> <span class='ocrx_word' id='word_1_777' title='bbox 2147 2753 2526 2822; x_wconf 85' lang='grc' dir='ltr'>προσέχωμεν,</span> <span class='ocrx_word' id='word_1_778' title='bbox 2579 2749 2906 2821; x_wconf 76' lang='grc' dir='ltr'>παρακαλῶ,</span> <span class='ocrx_word' id='word_1_779' title='bbox 2959 2748 3264 2802; x_wconf 76' lang='grc' dir='ltr'>καὶπολλὰ</span> <span class='ocrx_word' id='word_1_780' title='bbox 3322 2747 3539 2819; x_wconf 88' lang='grc' dir='ltr'>χαίρειν</span> <span class='ocrx_word' id='word_1_781' title='bbox 3587 2749 3698 2810; x_wconf 81' lang='grc' dir='ltr'>τοῖς</span> 
     </span>
    </p>
   </div>
   <div class='ocr_carea' id='block_1_96' title="bbox 2007 2832 3697 2905">
    <p class='ocr_par' dir='ltr' id='par_1_96' title="bbox 2007 2832 3697 2905">
     <span class='ocr_line' id='line_1_96' title="bbox 2007 2832 3697 2905; baseline 0.004 -20"><span class='ocrx_word' id='word_1_782' title='bbox 2007 2834 2297 2904; x_wconf 77' lang='grc' dir='ltr'>ἡμετέροις</span> <span class='ocrx_word' id='word_1_783' title='bbox 2347 2835 2632 2905; x_wconf 80' lang='grc' dir='ltr'>λογισμοῖς</span> <span class='ocrx_word' id='word_1_784' title='bbox 2665 2834 2915 2897; x_wconf 85' lang='grc' dir='ltr'>εἰπόντες</span> <span class='ocrx_word' id='word_1_785' title='bbox 2940 2849 2953 2864; x_wconf 77' lang='grc' dir='ltr'><strong><em>ο</em></strong></span> <span class='ocrx_word' id='word_1_786' title='bbox 2988 2833 3278 2903; x_wconf 76' lang='grc' dir='ltr'>Λογισμοὶ</span> <span class='ocrx_word' id='word_1_787' title='bbox 3321 2833 3453 2904; x_wconf 86' lang='grc' dir='ltr'>γὰρ,</span> <span class='ocrx_word' id='word_1_788' title='bbox 3510 2832 3697 2902; x_wconf 66' lang='grc' dir='ltr'>φησὶν,</span> 
     </span>
    </p>
   </div>
   <div class='ocr_carea' id='block_1_97' title="bbox 2006 2913 3696 2985">
    <p class='ocr_par' dir='ltr' id='par_1_97' title="bbox 2006 2913 3696 2985">
     <span class='ocr_line' id='line_1_97' title="bbox 2006 2913 3696 2985; baseline -0.004 -15"><span class='ocrx_word' id='word_1_789' title='bbox 2006 2916 2332 2984; x_wconf 69' lang='grc' dir='ltr'>ἀνθρώπων</span> <span class='ocrx_word' id='word_1_790' title='bbox 2357 2917 2568 2983; x_wconf 76' lang='grc' dir='ltr'>δειλοὶ,</span> <span class='ocrx_word' id='word_1_791' title='bbox 2591 2919 2688 2971; x_wconf 80' lang='grc' dir='ltr'>καί</span> <span class='ocrx_word' id='word_1_792' title='bbox 2721 2918 3082 2985; x_wconf 62' lang='grc' dir='ltr'>ἐπισφαλεῖς</span> <span class='ocrx_word' id='word_1_793' title='bbox 3105 2920 3165 2970; x_wconf 80' lang='grc' dir='ltr'>αἱ</span> <span class='ocrx_word' id='word_1_794' title='bbox 3188 2917 3450 2970; x_wconf 79' lang='grc' dir='ltr'>ἐπίνοιαι</span> <span class='ocrx_word' id='word_1_795' title='bbox 3472 2913 3696 2968; x_wconf 68' lang='grc' dir='ltr'>αὐτῶν.</span> 
     </span>
    </p>
   </div>
   <div class='ocr_carea' id='block_1_98' title="bbox 2008 2998 3701 3071">
    <p class='ocr_par' dir='ltr' id='par_1_98' title="bbox 2008 2998 3701 3071">
     <span class='ocr_line' id='line_1_98' title="bbox 2008 2998 3701 3071; baseline -0.002 -17"><span class='ocrx_word' id='word_1_796' title='bbox 2008 2999 2162 3054; x_wconf 82' lang='grc' dir='ltr'>Μετά</span> <span class='ocrx_word' id='word_1_797' title='bbox 2189 3001 2386 3071; x_wconf 74' lang='grc' dir='ltr'>πολλῆς</span> <span class='ocrx_word' id='word_1_798' title='bbox 2410 3001 2512 3071; x_wconf 76' lang='grc' dir='ltr'>τῆς</span> <span class='ocrx_word' id='word_1_799' title='bbox 2564 3000 2986 3071; x_wconf 85' lang='grc' dir='ltr'>εὐγνωμοσύνης</span> <span class='ocrx_word' id='word_1_800' title='bbox 3032 3000 3317 3071; x_wconf 82' lang='grc' dir='ltr'>δεχώμεθα</span> <span class='ocrx_word' id='word_1_801' title='bbox 3351 2999 3420 3052; x_wconf 84' lang='grc' dir='ltr'>τά</span> <span class='ocrx_word' id='word_1_802' title='bbox 3469 2998 3701 3068; x_wconf 81' lang='grc' dir='ltr'>λεγόμε-</span> 
     </span>
    </p>
   </div>
   <div class='ocr_carea' id='block_1_99' title="bbox 2011 3081 3703 3154">
    <p class='ocr_par' dir='ltr' id='par_1_99' title="bbox 2011 3081 3703 3154">
     <span class='ocr_line' id='line_1_99' title="bbox 2011 3081 3703 3154; baseline 0.001 -22"><span class='ocrx_word' id='word_1_803' title='bbox 2011 3099 2099 3146; x_wconf 89' lang='grc' dir='ltr'>να,</span> <span class='ocrx_word' id='word_1_804' title='bbox 2135 3081 2209 3152; x_wconf 75' lang='grc' dir='ltr'>μὴ</span> <span class='ocrx_word' id='word_1_805' title='bbox 2250 3083 2673 3152; x_wconf 82' lang='grc' dir='ltr'>ὑπερϐαίνοντες</span> <span class='ocrx_word' id='word_1_806' title='bbox 2704 3083 2766 3135; x_wconf 78' lang='grc' dir='ltr'>τὸ</span> <span class='ocrx_word' id='word_1_807' title='bbox 2798 3085 2996 3136; x_wconf 78' lang='grc' dir='ltr'>οἰκεῖον</span> <span class='ocrx_word' id='word_1_808' title='bbox 3035 3083 3253 3152; x_wconf 88' lang='grc' dir='ltr'>μέτρον,</span> <span class='ocrx_word' id='word_1_809' title='bbox 3292 3081 3428 3154; x_wconf 86' lang='grc' dir='ltr'>μηδὲ</span> <span class='ocrx_word' id='word_1_810' title='bbox 3463 3082 3531 3134; x_wconf 86' lang='grc' dir='ltr'>τά</span> <span class='ocrx_word' id='word_1_811' title='bbox 3561 3081 3703 3150; x_wconf 83' lang='grc' dir='ltr'>ὐπέρ</span> 
     </span>
    </p>
   </div>
   <div class='ocr_carea' id='block_1_100' title="bbox 2010 3163 3704 3235">
    <p class='ocr_par' dir='ltr' id='par_1_100' title="bbox 2010 3163 3704 3235">
     <span class='ocr_line' id='line_1_100' title="bbox 2010 3163 3704 3235; baseline 0 -18"><span class='ocrx_word' id='word_1_812' title='bbox 2010 3165 2156 3232; x_wconf 78' lang='grc' dir='ltr'>ἡμᾶς</span> <span class='ocrx_word' id='word_1_813' title='bbox 2174 3163 2666 3233; x_wconf 76' lang='grc' dir='ltr'>περιεργαζόμενοι</span> <span class='ocrx_word' id='word_1_814' title='bbox 2683 3182 2696 3195; x_wconf 87' lang='grc'><strong>·</strong></span> <span class='ocrx_word' id='word_1_815' title='bbox 2723 3166 2863 3235; x_wconf 79' lang='grc' dir='ltr'>ὅπερ</span> <span class='ocrx_word' id='word_1_816' title='bbox 2883 3164 3218 3219; x_wconf 87' lang='grc' dir='ltr'>πεπόνθασιν</span> <span class='ocrx_word' id='word_1_817' title='bbox 3238 3166 3286 3218; x_wconf 79' lang='grc' dir='ltr'>οἱ</span> <span class='ocrx_word' id='word_1_818' title='bbox 3315 3165 3416 3235; x_wconf 77' lang='grc' dir='ltr'>τῆς</span> <span class='ocrx_word' id='word_1_819' title='bbox 3441 3164 3704 3235; x_wconf 77' lang='grc' dir='ltr'>ἀληθείας</span> 
     </span>
    </p>
   </div>
   <div class='ocr_carea' id='block_1_101' title="bbox 2008 3244 3706 3319">
    <p class='ocr_par' dir='ltr' id='par_1_101' title="bbox 2008 3244 3706 3319">
     <span class='ocr_line' id='line_1_101' title="bbox 2008 3244 3706 3319; baseline 0.004 -24"><span class='ocrx_word' id='word_1_820' title='bbox 2008 3244 2218 3315; x_wconf 81' lang='grc' dir='ltr'>ἐχθροὶ,</span> <span class='ocrx_word' id='word_1_821' title='bbox 2252 3245 2607 3316; x_wconf 85' lang='grc' dir='ltr'>βουληθέντες</span> <span class='ocrx_word' id='word_1_822' title='bbox 2653 3250 2767 3309; x_wconf 87' lang='grc' dir='ltr'>τοῖς</span> <span class='ocrx_word' id='word_1_823' title='bbox 2823 3246 3046 3311; x_wconf 76' lang='grc' dir='ltr'>οἰκείοις</span> <span class='ocrx_word' id='word_1_824' title='bbox 3097 3247 3380 3318; x_wconf 87' lang='grc' dir='ltr'>λογισμοῖς</span> <span class='ocrx_word' id='word_1_825' title='bbox 3409 3247 3706 3319; x_wconf 79' lang='grc' dir='ltr'>ἐπιτρέψαι</span> 
     </span>
    </p>
   </div>
   <div class='ocr_carea' id='block_1_102' title="bbox 2007 3325 3707 3402">
    <p class='ocr_par' dir='ltr' id='par_1_102' title="bbox 2007 3325 3707 3402">
     <span class='ocr_line' id='line_1_102' title="bbox 2007 3325 3707 3402; baseline 0.004 -24"><span class='ocrx_word' id='word_1_826' title='bbox 2007 3325 2069 3378; x_wconf 83' lang='grc' dir='ltr'>τὸ</span> <span class='ocrx_word' id='word_1_827' title='bbox 2105 3329 2235 3393; x_wconf 82' lang='grc' dir='ltr'>πᾶν,</span> <span class='ocrx_word' id='word_1_828' title='bbox 2281 3328 2376 3380; x_wconf 72' lang='grc' dir='ltr'>καὶ</span> <span class='ocrx_word' id='word_1_829' title='bbox 2409 3329 2510 3380; x_wconf 87' lang='grc' dir='ltr'>οὑκ</span> <span class='ocrx_word' id='word_1_830' title='bbox 2558 3330 2914 3399; x_wconf 64' lang='grc' dir='ltr'>ἐπινοήσαντες</span> <span class='ocrx_word' id='word_1_831' title='bbox 2945 3330 3026 3382; x_wconf 82' lang='grc' dir='ltr'>ὅτι</span> <span class='ocrx_word' id='word_1_832' title='bbox 3057 3329 3320 3384; x_wconf 90' lang='grc' dir='ltr'>ἀδύνατον</span> <span class='ocrx_word' id='word_1_833' title='bbox 3366 3330 3466 3402; x_wconf 76' lang='grc' dir='ltr'>τὴν</span> <span class='ocrx_word' id='word_1_834' title='bbox 3498 3331 3707 3402; x_wconf 59' lang='grc' dir='ltr'>ἀνθρωέ</span> 
     </span>
    </p>
   </div>
   <div class='ocr_carea' id='block_1_103' title="bbox 2010 3408 3707 3485">
    <p class='ocr_par' dir='ltr' id='par_1_103' title="bbox 2010 3408 3707 3485">
     <span class='ocr_line' id='line_1_103' title="bbox 2010 3408 3707 3485; baseline 0.004 -25"><span class='ocrx_word' id='word_1_835' title='bbox 2010 3408 2172 3462; x_wconf 89' lang='grc' dir='ltr'>πείαν</span> <span class='ocrx_word' id='word_1_836' title='bbox 2227 3409 2391 3479; x_wconf 88' lang='grc' dir='ltr'>φύσιν</span> <span class='ocrx_word' id='word_1_837' title='bbox 2447 3409 2466 3448; x_wconf 70' lang='grc' dir='ltr'><strong><em>ἲ</em></strong></span> <span class='ocrx_word' id='word_1_838' title='bbox 2506 3410 2607 3480; x_wconf 78' lang='grc' dir='ltr'>τὴν</span> <span class='ocrx_word' id='word_1_839' title='bbox 2644 3409 2739 3463; x_wconf 89' lang='grc' dir='ltr'>τοῦ</span> <span class='ocrx_word' id='word_1_840' title='bbox 2780 3411 2918 3464; x_wconf 89' lang='grc' dir='ltr'>Θεοῦ</span> <span class='ocrx_word' id='word_1_841' title='bbox 2948 3412 3314 3485; x_wconf 88' lang='grc' dir='ltr'>δημιουργίαν</span> <span class='ocrx_word' id='word_1_842' title='bbox 3342 3411 3707 3484; x_wconf 77' lang='grc' dir='ltr'>περιεργάζε-</span> 
     </span>
    </p>
   </div>
   <div class='ocr_carea' id='block_1_104' title="bbox 2011 3489 3706 3568">
    <p class='ocr_par' dir='ltr' id='par_1_104' title="bbox 2011 3489 3706 3568">
     <span class='ocr_line' id='line_1_104' title="bbox 2011 3489 3706 3568; baseline 0.004 -26"><span class='ocrx_word' id='word_1_843' title='bbox 2011 3489 2152 3545; x_wconf 90' lang='grc' dir='ltr'>σθαι.</span> <span class='ocrx_word' id='word_1_844' title='bbox 2191 3493 2301 3546; x_wconf 76' lang='grc' dir='ltr'>Καὶ</span> <span class='ocrx_word' id='word_1_845' title='bbox 2329 3492 2383 3546; x_wconf 89' lang='grc' dir='ltr'>τί</span> <span class='ocrx_word' id='word_1_846' title='bbox 2406 3491 2547 3561; x_wconf 88' lang='grc' dir='ltr'>λέγω</span> <span class='ocrx_word' id='word_1_847' title='bbox 2572 3493 2670 3563; x_wconf 76' lang='grc' dir='ltr'>τὴν</span> <span class='ocrx_word' id='word_1_848' title='bbox 2693 3493 2788 3546; x_wconf 84' lang='grc' dir='ltr'>τοῦ</span> <span class='ocrx_word' id='word_1_849' title='bbox 2816 3493 2950 3546; x_wconf 85' lang='grc' dir='ltr'>Θεοῦ</span> <span class='ocrx_word' id='word_1_850' title='bbox 2977 3494 3370 3568; x_wconf 85' lang='grc' dir='ltr'>δημιουργίαν;</span> <span class='ocrx_word' id='word_1_851' title='bbox 3407 3495 3547 3550; x_wconf 75' lang='grc' dir='ltr'>Ἀλλ’</span> <span class='ocrx_word' id='word_1_852' title='bbox 3583 3496 3706 3550; x_wconf 72' lang='grc' dir='ltr'>οὐδὲ</span> 
     </span>
    </p>
   </div>
   <div class='ocr_carea' id='block_1_105' title="bbox 2010 3573 3707 3650">
    <p class='ocr_par' dir='ltr' id='par_1_105' title="bbox 2010 3573 3707 3650">
     <span class='ocr_line' id='line_1_105' title="bbox 2010 3573 3707 3650; baseline 0.004 -25"><span class='ocrx_word' id='word_1_853' title='bbox 2010 3573 2300 3645; x_wconf 83' lang='grc' dir='ltr'>ἀνθρώπου</span> <span class='ocrx_word' id='word_1_854' title='bbox 2347 3575 2545 3647; x_wconf 88' lang='grc' dir='ltr'>τέχνην</span> <span class='ocrx_word' id='word_1_855' title='bbox 2594 3576 2690 3629; x_wconf 89' lang='grc' dir='ltr'>τοῦ</span> <span class='ocrx_word' id='word_1_856' title='bbox 2725 3577 3028 3647; x_wconf 76' lang='grc' dir='ltr'>ὁμογενοῦς</span> <span class='ocrx_word' id='word_1_857' title='bbox 3059 3580 3194 3648; x_wconf 75' lang='grc' dir='ltr'>ἡμῖν</span> <span class='ocrx_word' id='word_1_858' title='bbox 3237 3579 3707 3650; x_wconf 80' lang='grc' dir='ltr'>περιεργάζεσθαι</span> 
     </span>
    </p>
   </div>
   <div class='ocr_carea' id='block_1_106' title="bbox 2009 3656 3708 3732">
    <p class='ocr_par' dir='ltr' id='par_1_106' title="bbox 2009 3656 3708 3732">
     <span class='ocr_line' id='line_1_106' title="bbox 2009 3656 3708 3732; baseline 0.003 -25"><span class='ocrx_word' id='word_1_859' title='bbox 2009 3656 2252 3712; x_wconf 84' lang='grc' dir='ltr'>δυνατόν.</span> <span class='ocrx_word' id='word_1_860' title='bbox 2284 3656 2420 3711; x_wconf 80' lang='grc' dir='ltr'><strong>Εἰπὲ</strong></span> <span class='ocrx_word' id='word_1_861' title='bbox 2450 3657 2560 3728; x_wconf 89' lang='grc' dir='ltr'>γάρ</span> <span class='ocrx_word' id='word_1_862' title='bbox 2597 3676 2709 3728; x_wconf 85' lang='grc' dir='ltr'>μοι,</span> <span class='ocrx_word' id='word_1_863' title='bbox 2739 3659 2852 3722; x_wconf 89' lang='grc' dir='ltr'>πῶς</span> <span class='ocrx_word' id='word_1_864' title='bbox 2888 3659 2996 3712; x_wconf 81' lang='grc' dir='ltr'>ἀπὸ</span> <span class='ocrx_word' id='word_1_865' title='bbox 3018 3661 3117 3729; x_wconf 78' lang='grc' dir='ltr'>τῆς</span> <span class='ocrx_word' id='word_1_866' title='bbox 3151 3661 3482 3732; x_wconf 78' lang='grc' dir='ltr'>μεταλλικῆς</span> <span class='ocrx_word' id='word_1_867' title='bbox 3511 3662 3708 3731; x_wconf 82' lang='grc' dir='ltr'>τέχνης</span> 
     </span>
    </p>
   </div>
   <div class='ocr_carea' id='block_1_107' title="bbox 2012 3739 3706 3816">
    <p class='ocr_par' dir='ltr' id='par_1_107' title="bbox 2012 3739 3706 3816">
     <span class='ocr_line' id='line_1_107' title="bbox 2012 3739 3706 3816; baseline 0.003 -26"><span class='ocrx_word' id='word_1_868' title='bbox 2012 3739 2236 3810; x_wconf 87' lang='grc' dir='ltr'>χρυσίου</span> <span class='ocrx_word' id='word_1_869' title='bbox 2267 3740 2584 3793; x_wconf 85' lang='grc' dir='ltr'>συνίσταται</span> <span class='ocrx_word' id='word_1_870' title='bbox 2609 3740 2805 3810; x_wconf 87' lang='grc' dir='ltr'>φύσις;</span> <span class='ocrx_word' id='word_1_871' title='bbox 2844 3742 2878 3811; x_wconf 82' lang='grc' dir='ltr'>ἦ</span> <span class='ocrx_word' id='word_1_872' title='bbox 2903 3741 3022 3806; x_wconf 88' lang='grc' dir='ltr'>πῶς</span> <span class='ocrx_word' id='word_1_873' title='bbox 3059 3742 3160 3812; x_wconf 82' lang='grc' dir='ltr'>τῆς</span> <span class='ocrx_word' id='word_1_874' title='bbox 3192 3742 3348 3796; x_wconf 87' lang='grc' dir='ltr'>ὑέλου</span> <span class='ocrx_word' id='word_1_875' title='bbox 3384 3745 3417 3815; x_wconf 86' lang='grc' dir='ltr'>ή</span> <span class='ocrx_word' id='word_1_876' title='bbox 3467 3743 3706 3816; x_wconf 49' lang='grc' dir='ltr'>καθαρός</span> 
     </span>
    </p>
   </div>
   <div class='ocr_carea' id='block_1_108' title="bbox 2013 3823 3706 3896">
    <p class='ocr_par' dir='ltr' id='par_1_108' title="bbox 2013 3823 3706 3896">
     <span class='ocr_line' id='line_1_108' title="bbox 2013 3823 3706 3896; baseline 0.002 -21"><span class='ocrx_word' id='word_1_877' title='bbox 2013 3839 2111 3894; x_wconf 90' lang='grc' dir='ltr'>της</span> <span class='ocrx_word' id='word_1_878' title='bbox 2146 3823 2255 3876; x_wconf 83' lang='grc' dir='ltr'>ἀπὸ</span> <span class='ocrx_word' id='word_1_879' title='bbox 2288 3825 2516 3894; x_wconf 79' lang='grc' dir='ltr'>ψάμμου</span> <span class='ocrx_word' id='word_1_880' title='bbox 2559 3824 2801 3892; x_wconf 85' lang='grc' dir='ltr'>γίνεται;</span> <span class='ocrx_word' id='word_1_881' title='bbox 2844 3823 2982 3877; x_wconf 83' lang='grc' dir='ltr'>Ἀλλ’</span> <span class='ocrx_word' id='word_1_882' title='bbox 3012 3825 3115 3878; x_wconf 90' lang='grc' dir='ltr'>οὐκ</span> <span class='ocrx_word' id='word_1_883' title='bbox 3137 3825 3203 3878; x_wconf 83' lang='grc' dir='ltr'>ἂν</span> <span class='ocrx_word' id='word_1_884' title='bbox 3242 3826 3386 3896; x_wconf 78' lang='grc' dir='ltr'>ἔχοις</span> <span class='ocrx_word' id='word_1_885' title='bbox 3418 3828 3616 3879; x_wconf 74' lang='grc' dir='ltr'>εἰπεῖν.</span> <span class='ocrx_word' id='word_1_886' title='bbox 3643 3828 3706 3879; x_wconf 63' lang='lat' dir='ltr'>Et</span> 
     </span>
    </p>
   </div>
   <div class='ocr_carea' id='block_1_109' title="bbox 2014 3906 3707 3980">
    <p class='ocr_par' dir='ltr' id='par_1_109' title="bbox 2014 3906 3707 3980">
     <span class='ocr_line' id='line_1_109' title="bbox 2014 3906 3707 3980; baseline 0.001 -20"><span class='ocrx_word' id='word_1_887' title='bbox 2014 3906 2193 3960; x_wconf 87' lang='grc' dir='ltr'>τοίνυν</span> <span class='ocrx_word' id='word_1_888' title='bbox 2217 3907 2392 3962; x_wconf 87' lang='grc' dir='ltr'>ταῦτα</span> <span class='ocrx_word' id='word_1_889' title='bbox 2413 3907 2482 3960; x_wconf 87' lang='grc' dir='ltr'>τά</span> <span class='ocrx_word' id='word_1_890' title='bbox 2511 3909 2616 3977; x_wconf 81' lang='grc' dir='ltr'>πρὸ</span> <span class='ocrx_word' id='word_1_891' title='bbox 2646 3908 2755 3960; x_wconf 90' lang='grc' dir='ltr'>τῶν</span> <span class='ocrx_word' id='word_1_892' title='bbox 2785 3907 3082 3979; x_wconf 75' lang='grc' dir='ltr'>ὀφθαλμῶν</span> <span class='ocrx_word' id='word_1_893' title='bbox 3118 3909 3368 3980; x_wconf 85' lang='grc' dir='ltr'>κείμενα,</span> <span class='ocrx_word' id='word_1_894' title='bbox 3436 3911 3530 3964; x_wconf 66' lang='grc' dir='ltr'>καὶ</span> <span class='ocrx_word' id='word_1_895' title='bbox 3563 3910 3707 3980; x_wconf 69' lang='grc' dir='ltr'>ᾇπερ</span> 
     </span>
    </p>
   </div>
   <div class='ocr_carea' id='block_1_110' title="bbox 2013 3989 3708 4063">
    <p class='ocr_par' dir='ltr' id='par_1_110' title="bbox 2013 3989 3708 4063">
     <span class='ocr_line' id='line_1_110' title="bbox 2013 3989 3708 4063; baseline 0.002 -20"><span class='ocrx_word' id='word_1_896' title='bbox 2013 3991 2100 4044; x_wconf 72' lang='grc' dir='ltr'>διὰ</span> <span class='ocrx_word' id='word_1_897' title='bbox 2128 3990 2228 4059; x_wconf 79' lang='grc' dir='ltr'>τὴν</span> <span class='ocrx_word' id='word_1_898' title='bbox 2251 3989 2346 4042; x_wconf 90' lang='grc' dir='ltr'>τοῦ</span> <span class='ocrx_word' id='word_1_899' title='bbox 2386 3989 2524 4042; x_wconf 88' lang='grc' dir='ltr'>Θεοῦ</span> <span class='ocrx_word' id='word_1_900' title='bbox 2555 3989 2970 4062; x_wconf 82' lang='grc' dir='ltr'>φιλανθρωπίαν</span> <span class='ocrx_word' id='word_1_901' title='bbox 2999 3991 3160 4059; x_wconf 88' lang='grc' dir='ltr'>σοφία</span> <span class='ocrx_word' id='word_1_902' title='bbox 3198 3991 3520 4063; x_wconf 85' lang='grc' dir='ltr'>ἀνθρωπίνη</span> <span class='ocrx_word' id='word_1_903' title='bbox 3543 3994 3708 4063; x_wconf 85' lang='grc' dir='ltr'>ἐργά-</span> 
     </span>
    </p>
   </div>
   <div class='ocr_carea' id='block_1_111' title="bbox 2015 4071 3707 4144">
    <p class='ocr_par' dir='ltr' id='par_1_111' title="bbox 2015 4071 3707 4144">
     <span class='ocr_line' id='line_1_111' title="bbox 2015 4071 3707 4144; baseline 0 -18"><span class='ocrx_word' id='word_1_904' title='bbox 2015 4074 2188 4139; x_wconf 81' lang='grc' dir='ltr'>ζεται,</span> <span class='ocrx_word' id='word_1_905' title='bbox 2243 4074 2583 4142; x_wconf 87' lang='grc' dir='ltr'>καταμαθεῖν</span> <span class='ocrx_word' id='word_1_906' title='bbox 2622 4072 2681 4124; x_wconf 88' lang='grc' dir='ltr'>οὐ</span> <span class='ocrx_word' id='word_1_907' title='bbox 2721 4072 2946 4125; x_wconf 76' lang='grc' dir='ltr'>δυνατὸν</span> <span class='ocrx_word' id='word_1_908' title='bbox 2978 4073 3026 4136; x_wconf 74' lang='grc'>8,</span> <span class='ocrx_word' id='word_1_909' title='bbox 3059 4073 3127 4124; x_wconf 86' lang='grc' dir='ltr'>τά</span> <span class='ocrx_word' id='word_1_910' title='bbox 3162 4073 3272 4126; x_wconf 77' lang='grc' dir='ltr'>ἀπὸ</span> <span class='ocrx_word' id='word_1_911' title='bbox 3319 4071 3414 4125; x_wconf 92' lang='grc' dir='ltr'>τοῦ</span> <span class='ocrx_word' id='word_1_912' title='bbox 3449 4073 3585 4126; x_wconf 89' lang='grc' dir='ltr'>Θεοῦ</span> <span class='ocrx_word' id='word_1_913' title='bbox 3611 4074 3707 4144; x_wconf 86' lang='grc' dir='ltr'>δη-</span> 
     </span>
    </p>
   </div>
   <div class='ocr_carea' id='block_1_112' title="bbox 2019 4154 3142 4226">
    <p class='ocr_par' dir='ltr' id='par_1_112' title="bbox 2019 4154 3142 4226">
     <span class='ocr_line' id='line_1_112' title="bbox 2019 4154 3142 4226; baseline -0.001 -18"><span class='ocrx_word' id='word_1_914' title='bbox 2019 4155 2424 4226; x_wconf 82' lang='grc' dir='ltr'>μιουργηθέντα</span> <span class='ocrx_word' id='word_1_915' title='bbox 2452 4172 2606 4226; x_wconf 85' lang='grc' dir='ltr'>περιε</span> <span class='ocrx_word' id='word_1_916' title='bbox 2618 4154 2816 4225; x_wconf 74' lang='grc' dir='ltr'>ργάζη,</span> <span class='ocrx_word' id='word_1_917' title='bbox 2845 4154 3101 4225; x_wconf 85' lang='grc' dir='ltr'>ἄνθρωπε</span> <span class='ocrx_word' id='word_1_918' title='bbox 3128 4172 3142 4221; x_wconf 91' lang='grc'>;</span> 
     </span>
    </p>
   </div>
   <div class='ocr_carea' id='block_1_113' title="bbox 2088 4235 3709 4307">
    <p class='ocr_par' dir='ltr' id='par_1_113' title="bbox 2088 4235 3709 4307">
     <span class='ocr_line' id='line_1_113' title="bbox 2088 4235 3709 4307; baseline 0.001 -16"><span class='ocrx_word' id='word_1_919' title='bbox 2088 4239 2198 4291; x_wconf 70' lang='grc' dir='ltr'>Καὶ</span> <span class='ocrx_word' id='word_1_920' title='bbox 2231 4237 2392 4300; x_wconf 84' lang='grc' dir='ltr'>ποίας</span> <span class='ocrx_word' id='word_1_921' title='bbox 2416 4235 2482 4290; x_wconf 77' lang='grc' dir='ltr'>ἂν</span> <span class='ocrx_word' id='word_1_922' title='bbox 2507 4236 2693 4307; x_wconf 89' lang='grc' dir='ltr'>τύχοις</span> <span class='ocrx_word' id='word_1_923' title='bbox 2734 4236 3098 4307; x_wconf 76' lang='grc' dir='ltr'>συγγνῶμηςς</span> <span class='ocrx_word' id='word_1_924' title='bbox 3125 4237 3272 4300; x_wconf 88' lang='grc' dir='ltr'>τίνος</span> <span class='ocrx_word' id='word_1_925' title='bbox 3311 4237 3370 4290; x_wconf 78' lang='grc' dir='ltr'><strong>δὲ</strong></span> <span class='ocrx_word' id='word_1_926' title='bbox 3409 4238 3709 4306; x_wconf 84' lang='grc' dir='ltr'>ἀπολογίας</span> 
     </span>
    </p>
   </div>
   <div class='ocr_carea' id='block_1_114' title="bbox 2015 4318 3711 4391">
    <p class='ocr_par' dir='ltr' id='par_1_114' title="bbox 2015 4318 3711 4391">
     <span class='ocr_line' id='line_1_114' title="bbox 2015 4318 3711 4391; baseline 0.001 -19"><span class='ocrx_word' id='word_1_927' title='bbox 2015 4319 2159 4373; x_wconf 84' lang='grc' dir='ltr'>οὑτω</span> <span class='ocrx_word' id='word_1_928' title='bbox 2187 4319 2470 4391; x_wconf 84' lang='grc' dir='ltr'>μεμηνὼς,</span> <span class='ocrx_word' id='word_1_929' title='bbox 2503 4321 2598 4372; x_wconf 74' lang='grc' dir='ltr'>καὶ</span> <span class='ocrx_word' id='word_1_930' title='bbox 2629 4318 2700 4372; x_wconf 79' lang='grc' dir='ltr'>τὰ</span> <span class='ocrx_word' id='word_1_931' title='bbox 2729 4320 2871 4389; x_wconf 82' lang='grc' dir='ltr'>ὑπὲρ</span> <span class='ocrx_word' id='word_1_932' title='bbox 2906 4320 3004 4388; x_wconf 81' lang='grc' dir='ltr'>τὴν</span> <span class='ocrx_word' id='word_1_933' title='bbox 3033 4319 3234 4372; x_wconf 86' lang='grc' dir='ltr'>σαυτοῦ</span> <span class='ocrx_word' id='word_1_934' title='bbox 3263 4319 3426 4388; x_wconf 84' lang='grc' dir='ltr'>φύσιν</span> <span class='ocrx_word' id='word_1_935' title='bbox 3447 4323 3711 4389; x_wconf 77' lang='grc' dir='ltr'>φανταζό-</span> 
     </span>
    </p>
   </div>
   <div class='ocr_carea' id='block_1_115' title="bbox 2021 4401 3710 4474">
    <p class='ocr_par' dir='ltr' id='par_1_115' title="bbox 2021 4401 3710 4474">
     <span class='ocr_line' id='line_1_115' title="bbox 2021 4401 3710 4474; baseline 0.002 -20"><span class='ocrx_word' id='word_1_936' title='bbox 2021 4419 2209 4471; x_wconf 89' lang='grc' dir='ltr'>μενος;</span> <span class='ocrx_word' id='word_1_937' title='bbox 2244 4402 2318 4454; x_wconf 86' lang='grc' dir='ltr'>Τὸ</span> <span class='ocrx_word' id='word_1_938' title='bbox 2350 4402 2459 4471; x_wconf 79' lang='grc' dir='ltr'>γὰρ</span> <span class='ocrx_word' id='word_1_939' title='bbox 2485 4401 2667 4469; x_wconf 87' lang='grc' dir='ltr'>λέγειν</span> <span class='ocrx_word' id='word_1_940' title='bbox 2698 4402 2756 4464; x_wconf 80' lang='grc' dir='ltr'>ἐξ</span> <span class='ocrx_word' id='word_1_941' title='bbox 2785 4403 3154 4473; x_wconf 86' lang='grc' dir='ltr'>ὑποκειμένης</span> <span class='ocrx_word' id='word_1_942' title='bbox 3187 4403 3318 4474; x_wconf 79' lang='grc' dir='ltr'>ὕλης</span> <span class='ocrx_word' id='word_1_943' title='bbox 3347 4405 3416 4456; x_wconf 83' lang='grc' dir='ltr'>τὰ</span> <span class='ocrx_word' id='word_1_944' title='bbox 3446 4407 3576 4458; x_wconf 75' lang='grc' dir='ltr'>ὅντα</span> <span class='ocrx_word' id='word_1_945' title='bbox 3612 4423 3710 4474; x_wconf 81' lang='grc' dir='ltr'>γε·</span> 
     </span>
    </p>
   </div>
   <div class='ocr_carea' id='block_1_116' title="bbox 2017 4484 3709 4555">
    <p class='ocr_par' dir='ltr' id='par_1_116' title="bbox 2017 4484 3709 4555">
     <span class='ocr_line' id='line_1_116' title="bbox 2017 4484 3709 4555; baseline 0.004 -19"><span class='ocrx_word' id='word_1_946' title='bbox 2017 4485 2301 4554; x_wconf 78' lang='grc' dir='ltr'>γενῆσθαι,</span> <span class='ocrx_word' id='word_1_947' title='bbox 2337 4484 2432 4537; x_wconf 74' lang='grc' dir='ltr'>καὶ</span> <span class='ocrx_word' id='word_1_948' title='bbox 2497 4487 2570 4555; x_wconf 78' lang='grc' dir='ltr'>μὴ</span> <span class='ocrx_word' id='word_1_949' title='bbox 2633 4486 2918 4554; x_wconf 85' lang='grc' dir='ltr'>ὁμολογεῖν</span> <span class='ocrx_word' id='word_1_950' title='bbox 2969 4487 3050 4537; x_wconf 86' lang='grc' dir='ltr'>ὃτι</span> <span class='ocrx_word' id='word_1_951' title='bbox 3099 4485 3157 4548; x_wconf 78' lang='grc' dir='ltr'>ἐξ</span> <span class='ocrx_word' id='word_1_952' title='bbox 3188 4486 3290 4539; x_wconf 90' lang='grc' dir='ltr'>οὐκ</span> <span class='ocrx_word' id='word_1_953' title='bbox 3345 4487 3518 4540; x_wconf 74' lang='grc' dir='ltr'>ὄντων</span> <span class='ocrx_word' id='word_1_954' title='bbox 3567 4490 3709 4542; x_wconf 84' lang='grc' dir='ltr'>αὐτὰ</span> 
     </span>
    </p>
   </div>
   <div class='ocr_carea' id='block_1_117' title="bbox 2020 4567 3709 4641">
    <p class='ocr_par' dir='ltr' id='par_1_117' title="bbox 2020 4567 3709 4641">
     <span class='ocr_line' id='line_1_117' title="bbox 2020 4567 3709 4641; baseline 0.002 -21"><span class='ocrx_word' id='word_1_955' title='bbox 2020 4567 2396 4638; x_wconf 74' lang='grc' dir='ltr'>παρήγαγενό</span> <span class='ocrx_word' id='word_1_956' title='bbox 2441 4567 2552 4619; x_wconf 87' lang='grc' dir='ltr'>τῶν</span> <span class='ocrx_word' id='word_1_957' title='bbox 2603 4568 2859 4621; x_wconf 80' lang='grc' dir='ltr'>ἁπάντων</span> <span class='ocrx_word' id='word_1_958' title='bbox 2917 4569 3269 4639; x_wconf 82' lang='grc' dir='ltr'>δημιουργὸς,</span> <span class='ocrx_word' id='word_1_959' title='bbox 3324 4570 3425 4639; x_wconf 82' lang='grc' dir='ltr'>τῆς</span> <span class='ocrx_word' id='word_1_960' title='bbox 3472 4571 3709 4641; x_wconf 82' lang='grc' dir='ltr'>ἐσχάτης</span> 
     </span>
    </p>
   </div>
   <div class='ocr_carea' id='block_1_118' title="bbox 2019 4650 3708 4721">
    <p class='ocr_par' dir='ltr' id='par_1_118' title="bbox 2019 4650 3708 4721">
     <span class='ocr_line' id='line_1_118' title="bbox 2019 4650 3708 4721; baseline 0.002 -19"><span class='ocrx_word' id='word_1_961' title='bbox 2019 4650 2448 4721; x_wconf 86' lang='grc' dir='ltr'>παραφροσύνης</span> <span class='ocrx_word' id='word_1_962' title='bbox 2472 4651 2539 4703; x_wconf 82' lang='grc' dir='ltr'>ἂν</span> <span class='ocrx_word' id='word_1_963' title='bbox 2570 4651 2658 4720; x_wconf 71' lang='grc' dir='ltr'>εἴη</span> <span class='ocrx_word' id='word_1_964' title='bbox 2681 4655 2926 4721; x_wconf 80' lang='grc' dir='ltr'>σημεῖον.</span> <span class='ocrx_word' id='word_1_965' title='bbox 2977 4652 3336 4720; x_wconf 83' lang='grc' dir='ltr'>Ἐμφράττων</span> <span class='ocrx_word' id='word_1_966' title='bbox 3380 4654 3560 4707; x_wconf 88' lang='grc' dir='ltr'>τοίνυν</span> <span class='ocrx_word' id='word_1_967' title='bbox 3600 4656 3708 4707; x_wconf 79' lang='grc' dir='ltr'>τῶν</span> 
     </span>
    </p>
   </div>
   <div class='ocr_carea' id='block_1_119' title="bbox 2017 4729 3711 4808">
    <p class='ocr_par' dir='ltr' id='par_1_119' title="bbox 2017 4729 3711 4808">
     <span class='ocr_line' id='line_1_119' title="bbox 2017 4729 3711 4808; baseline 0.001 -22"><span class='ocrx_word' id='word_1_968' title='bbox 2017 4733 2352 4804; x_wconf 83' lang='grc' dir='ltr'>ἀγνωμόνων</span> <span class='ocrx_word' id='word_1_969' title='bbox 2381 4736 2447 4785; x_wconf 73' lang='grc' dir='ltr'>τὰ</span> <span class='ocrx_word' id='word_1_970' title='bbox 2473 4734 2712 4804; x_wconf 88' lang='grc' dir='ltr'>στόματα</span> <span class='ocrx_word' id='word_1_971' title='bbox 2738 4737 2764 4786; x_wconf 88' lang='grc' dir='ltr'>ό</span> <span class='ocrx_word' id='word_1_972' title='bbox 2795 4735 3065 4804; x_wconf 85' lang='grc' dir='ltr'>μακάριος</span> <span class='ocrx_word' id='word_1_973' title='bbox 3081 4729 3234 4797; x_wconf 71' lang='grc' dir='ltr'>οὗτος</span> <span class='ocrx_word' id='word_1_974' title='bbox 3253 4739 3562 4808; x_wconf 78' lang='grc' dir='ltr'>προφήτης,</span> <span class='ocrx_word' id='word_1_975' title='bbox 3586 4739 3711 4808; x_wconf 78' lang='grc' dir='ltr'>μέλ-</span> 
     </span>
    </p>
   </div>
   <div class='ocr_carea' id='block_1_120' title="bbox 2017 4815 3708 4886">
    <p class='ocr_par' dir='ltr' id='par_1_120' title="bbox 2017 4815 3708 4886">
     <span class='ocr_line' id='line_1_120' title="bbox 2017 4815 3708 4886; baseline 0.003 -19"><span class='ocrx_word' id='word_1_976' title='bbox 2017 4816 2123 4868; x_wconf 85' lang='grc' dir='ltr'>λων</span> <span class='ocrx_word' id='word_1_977' title='bbox 2157 4815 2420 4885; x_wconf 79' lang='grc' dir='ltr'>ἀρχεσθαι</span> <span class='ocrx_word' id='word_1_978' title='bbox 2440 4815 2532 4868; x_wconf 88' lang='grc' dir='ltr'>τοῦ</span> <span class='ocrx_word' id='word_1_979' title='bbox 2560 4816 2787 4885; x_wconf 78' lang='grc' dir='ltr'>βιϐλίου,</span> <span class='ocrx_word' id='word_1_980' title='bbox 2806 4815 2976 4878; x_wconf 84' lang='grc' dir='ltr'>οὑτως</span> <span class='ocrx_word' id='word_1_981' title='bbox 3009 4815 3230 4885; x_wconf 74' lang='grc' dir='ltr'>ήρξατο·</span> <span class='ocrx_word' id='word_1_982' title='bbox 3254 4815 3358 4870; x_wconf 79' lang='grc' dir='ltr'><em>Ἐν</em></span> <span class='ocrx_word' id='word_1_983' title='bbox 3373 4817 3533 4886; x_wconf 73' lang='grc' dir='ltr'>ἀρχῇ</span> <span class='ocrx_word' id='word_1_984' title='bbox 3546 4820 3708 4872; x_wconf 80' lang='grc' dir='ltr'>ἐποί-</span> 
     </span>
    </p>
   </div>
   <div class='ocr_carea' id='block_1_121' title="bbox 2019 4897 3706 4970">
    <p class='ocr_par' dir='ltr' id='par_1_121' title="bbox 2019 4897 3706 4970">
     <span class='ocr_line' id='line_1_121' title="bbox 2019 4897 3706 4970; baseline 0.001 -20"><span class='ocrx_word' id='word_1_985' title='bbox 2019 4917 2173 4966; x_wconf 76' lang='grc' dir='ltr'>ησεν</span> <span class='ocrx_word' id='word_1_986' title='bbox 2202 4898 2318 4970; x_wconf 81' lang='grc' dir='ltr'>[ιυ]</span> <span class='ocrx_word' id='word_1_987' title='bbox 2339 4901 2370 4952; x_wconf 85' lang='grc' dir='ltr'>ό</span> <span class='ocrx_word' id='word_1_988' title='bbox 2389 4897 2535 4961; x_wconf 74' lang='grc' dir='ltr'>Θεὸς</span> <span class='ocrx_word' id='word_1_989' title='bbox 2559 4898 2664 4951; x_wconf 79' lang='grc' dir='ltr'>τὸν</span> <span class='ocrx_word' id='word_1_990' title='bbox 2691 4899 2952 4966; x_wconf 80' lang='grc' dir='ltr'>οὐρανὸν</span> <span class='ocrx_word' id='word_1_991' title='bbox 2990 4899 3088 4950; x_wconf 80' lang='grc' dir='ltr'>καὶ</span> <span class='ocrx_word' id='word_1_992' title='bbox 3113 4897 3226 4966; x_wconf 77' lang='grc' dir='ltr'>τὴν</span> <span class='ocrx_word' id='word_1_993' title='bbox 3262 4897 3397 4966; x_wconf 78' lang='grc' dir='ltr'>γῆν.</span> <span class='ocrx_word' id='word_1_994' title='bbox 3425 4900 3594 4953; x_wconf 82' lang='grc' dir='ltr'>Ὅταν</span> <span class='ocrx_word' id='word_1_995' title='bbox 3613 4897 3706 4954; x_wconf 82' lang='grc' dir='ltr'>οῦν</span> 
     </span>
    </p>
   </div>
   <div class='ocr_carea' id='block_1_122' title="bbox 2019 4982 3702 5054">
    <p class='ocr_par' dir='ltr' id='par_1_122' title="bbox 2019 4982 3702 5054">
     <span class='ocr_line' id='line_1_122' title="bbox 2019 4982 3702 5054; baseline 0.001 -20"><span class='ocrx_word' id='word_1_996' title='bbox 2019 4983 2261 5053; x_wconf 81' lang='grc' dir='ltr'>ἀκούσῃς</span> <span class='ocrx_word' id='word_1_997' title='bbox 2307 4982 2387 5046; x_wconf 83' lang='grc' dir='ltr'>τὸ,</span> <span class='ocrx_word' id='word_1_998' title='bbox 2447 4983 2755 5049; x_wconf 76' lang='grc' dir='ltr'>Ἐποίησε,</span> <span class='ocrx_word' id='word_1_999' title='bbox 2812 4983 2977 5052; x_wconf 84' lang='grc' dir='ltr'>μηδὲν</span> <span class='ocrx_word' id='word_1_1000' title='bbox 3029 4983 3216 5052; x_wconf 78' lang='grc' dir='ltr'>ἕτερον</span> <span class='ocrx_word' id='word_1_1001' title='bbox 3248 4983 3276 5021; x_wconf 82' lang='lat' dir='ltr'><strong>h</strong></span> <span class='ocrx_word' id='word_1_1002' title='bbox 3312 4984 3702 5054; x_wconf 75' lang='grc' dir='ltr'>περιεργάζου,</span> 
     </span>
    </p>
   </div>
   <div class='ocr_carea' id='block_1_123' title="bbox 2021 5063 3707 5138">
    <p class='ocr_par' dir='ltr' id='par_1_123' title="bbox 2021 5063 3707 5138">
     <span class='ocr_line' id='line_1_123' title="bbox 2021 5063 3707 5138; baseline -0.001 -18"><span class='ocrx_word' id='word_1_1003' title='bbox 2021 5067 2157 5120; x_wconf 77' lang='grc' dir='ltr'>ἀλλὰ</span> <span class='ocrx_word' id='word_1_1004' title='bbox 2217 5067 2368 5120; x_wconf 87' lang='grc' dir='ltr'>κάτω</span> <span class='ocrx_word' id='word_1_1005' title='bbox 2423 5064 2669 5129; x_wconf 86' lang='grc' dir='ltr'>κύπτων,</span> <span class='ocrx_word' id='word_1_1006' title='bbox 2736 5065 2959 5118; x_wconf 84' lang='grc' dir='ltr'>πίστευε</span> <span class='ocrx_word' id='word_1_1007' title='bbox 3002 5064 3081 5133; x_wconf 77' lang='grc' dir='ltr'>τῷ</span> <span class='ocrx_word' id='word_1_1008' title='bbox 3129 5063 3393 5134; x_wconf 87' lang='grc' dir='ltr'>λεχθέντι.</span> <span class='ocrx_word' id='word_1_1009' title='bbox 3436 5065 3564 5128; x_wconf 76' lang='grc' dir='ltr'>Θεὸς</span> <span class='ocrx_word' id='word_1_1010' title='bbox 3599 5067 3707 5138; x_wconf 86' lang='grc' dir='ltr'>γάρ</span> 
     </span>
    </p>
   </div>
   <div class='ocr_carea' id='block_1_124' title="bbox 2021 5147 3711 5217">
    <p class='ocr_par' dir='ltr' id='par_1_124' title="bbox 2021 5147 3711 5217">
     <span class='ocr_line' id='line_1_124' title="bbox 2021 5147 3711 5217; baseline -0.002 -15"><span class='ocrx_word' id='word_1_1011' title='bbox 2021 5154 2169 5203; x_wconf 83' lang='grc' dir='ltr'>ἐστιν</span> <span class='ocrx_word' id='word_1_1012' title='bbox 2201 5155 2229 5203; x_wconf 87' lang='grc' dir='ltr'>ό</span> <span class='ocrx_word' id='word_1_1013' title='bbox 2278 5150 2455 5202; x_wconf 83' lang='grc' dir='ltr'>πάντα</span> <span class='ocrx_word' id='word_1_1014' title='bbox 2505 5151 2675 5202; x_wconf 87' lang='grc' dir='ltr'>ποιῶν</span> <span class='ocrx_word' id='word_1_1015' title='bbox 2706 5149 2800 5201; x_wconf 75' lang='grc' dir='ltr'>καὶ</span> <span class='ocrx_word' id='word_1_1016' title='bbox 2850 5149 3297 5217; x_wconf 77' lang='grc' dir='ltr'>μετασκευάζων,</span> <span class='ocrx_word' id='word_1_1017' title='bbox 3336 5147 3429 5200; x_wconf 67' lang='grc' dir='ltr'>καὶ</span> <span class='ocrx_word' id='word_1_1018' title='bbox 3472 5148 3608 5216; x_wconf 78' lang='grc' dir='ltr'>πρὸς</span> <span class='ocrx_word' id='word_1_1019' title='bbox 3648 5152 3711 5199; x_wconf 77' lang='grc' dir='ltr'>τὸ</span> 
     </span>
    </p>
   </div>
   <div class='ocr_carea' id='block_1_125' title="bbox 2023 5232 3709 5305">
    <p class='ocr_par' dir='ltr' id='par_1_125' title="bbox 2023 5232 3709 5305">
     <span class='ocr_line' id='line_1_125' title="bbox 2023 5232 3709 5305; baseline -0.001 -19"><span class='ocrx_word' id='word_1_1020' title='bbox 2023 5235 2186 5286; x_wconf 70' lang='grc' dir='ltr'>αὐτοῦ</span> <span class='ocrx_word' id='word_1_1021' title='bbox 2227 5235 2475 5305; x_wconf 76' lang='grc' dir='ltr'>βούλημα</span> <span class='ocrx_word' id='word_1_1022' title='bbox 2506 5236 2574 5287; x_wconf 74' lang='grc' dir='ltr'>τὰ</span> <span class='ocrx_word' id='word_1_1023' title='bbox 2613 5236 2790 5288; x_wconf 79' lang='grc' dir='ltr'>πάντα</span> <span class='ocrx_word' id='word_1_1024' title='bbox 2828 5232 3305 5303; x_wconf 70' lang='grc' dir='ltr'>μεταρρυθμίξων.</span> <span class='ocrx_word' id='word_1_1025' title='bbox 3341 5235 3449 5285; x_wconf 69' lang='grc' dir='ltr'>Καὶ</span> <span class='ocrx_word' id='word_1_1026' title='bbox 3479 5233 3578 5303; x_wconf 72' lang='grc' dir='ltr'>ὅρα</span> <span class='ocrx_word' id='word_1_1027' title='bbox 3609 5235 3709 5301; x_wconf 70' lang='grc' dir='ltr'>τῆς</span> 
     </span>
    </p>
   </div>
   <div class='ocr_carea' id='block_1_126' title="bbox 2085 5400 3245 5466">
    <p class='ocr_par' dir='ltr' id='par_1_126' title="bbox 2085 5400 3245 5466">
     <span class='ocr_line' id='line_1_126' title="bbox 2085 5400 3245 5466; baseline -0.007 -13"><span class='ocrx_word' id='word_1_1028' title='bbox 2085 5402 2111 5440; x_wconf 69' lang='grc' dir='ltr'><em>ά</em></span> <span class='ocrx_word' id='word_1_1029' title='bbox 2136 5401 2334 5454; x_wconf 75' lang='lat' dir='ltr'>COislin.</span> <span class='ocrx_word' id='word_1_1030' title='bbox 2362 5405 2456 5451; x_wconf 80' lang='grc' dir='ltr'>ὑπὸ</span> <span class='ocrx_word' id='word_1_1031' title='bbox 2480 5409 2564 5466; x_wconf 80' lang='grc' dir='ltr'>τῆς</span> <span class='ocrx_word' id='word_1_1032' title='bbox 2583 5402 2759 5450; x_wconf 79' lang='grc' dir='ltr'>ἄνωθεν</span> <span class='ocrx_word' id='word_1_1033' title='bbox 2785 5400 2998 5466; x_wconf 75' lang='grc' dir='ltr'>ἐξουσίας</span> <span class='ocrx_word' id='word_1_1034' title='bbox 3010 5401 3154 5466; x_wconf 64' lang='grc' dir='ltr'>Δὁδηγ,</span> <span class='ocrx_word' id='word_1_1035' title='bbox 3223 5458 3245 5466; x_wconf 40' lang='grc' dir='ltr'><em>η</em></span> 
     </span>
    </p>
   </div>
   <div class='ocr_carea' id='block_1_127' title="bbox 2093 5457 3709 5524">
    <p class='ocr_par' dir='ltr' id='par_1_127' title="bbox 2093 5457 3709 5524">
     <span class='ocr_line' id='line_1_127' title="bbox 2093 5457 3709 5524; baseline -0.006 -9"><span class='ocrx_word' id='word_1_1036' title='bbox 2093 5479 2114 5504; x_wconf 74' lang='grc' dir='ltr'>θ</span> <span class='ocrx_word' id='word_1_1037' title='bbox 2149 5466 2300 5516; x_wconf 84' lang='lat' dir='ltr'>Coisl.</span> <span class='ocrx_word' id='word_1_1038' title='bbox 2327 5469 2353 5512; x_wconf 82' lang='lat'>6</span> <span class='ocrx_word' id='word_1_1039' title='bbox 2374 5467 2428 5512; x_wconf 85' lang='grc' dir='ltr'>ἐκ</span> <span class='ocrx_word' id='word_1_1040' title='bbox 2467 5457 2550 5511; x_wconf 83' lang='grc' dir='ltr'>τοῦ</span> <span class='ocrx_word' id='word_1_1041' title='bbox 2574 5467 2637 5524; x_wconf 82' lang='grc' dir='ltr'>μὴ</span> <span class='ocrx_word' id='word_1_1042' title='bbox 2680 5466 2827 5518; x_wconf 77' lang='grc' dir='ltr'>ὄντος.</span> <span class='ocrx_word' id='word_1_1043' title='bbox 2877 5459 2975 5510; x_wconf 64' lang='lat' dir='ltr'>A&#39;lii</span> <span class='ocrx_word' id='word_1_1044' title='bbox 2999 5463 3024 5508; x_wconf 86' lang='grc' dir='ltr'>ό</span> <span class='ocrx_word' id='word_1_1045' title='bbox 3048 5457 3143 5509; x_wconf 79' lang='grc' dir='ltr'>ἀπὸ</span> <span class='ocrx_word' id='word_1_1046' title='bbox 3168 5458 3251 5506; x_wconf 74' lang='grc' dir='ltr'>τοῦ</span> <span class='ocrx_word' id='word_1_1047' title='bbox 3273 5459 3336 5520; x_wconf 78' lang='grc' dir='ltr'>μὴ</span> <span class='ocrx_word' id='word_1_1048' title='bbox 3364 5460 3508 5524; x_wconf 78' lang='grc' dir='ltr'>ὄντος.</span> <span class='ocrx_word' id='word_1_1049' title='bbox 3541 5457 3709 5520; x_wconf 74' lang='lat' dir='ltr'>Pergit</span> 
     </span>
    </p>
   </div>
   <div class='ocr_carea' id='block_1_128' title="bbox 2025 5521 3520 5585">
    <p class='ocr_par' dir='ltr' id='par_1_128' title="bbox 2025 5521 3520 5585">
     <span class='ocr_line' id='line_1_128' title="bbox 2025 5521 3520 5585; baseline -0.007 -8"><span class='ocrx_word' id='word_1_1050' title='bbox 2025 5527 2226 5577; x_wconf 68' lang='lat' dir='ltr'>Coislhl.</span> <span class='ocrx_word' id='word_1_1051' title='bbox 2259 5529 2322 5581; x_wconf 85' lang='grc' dir='ltr'>εἰς</span> <span class='ocrx_word' id='word_1_1052' title='bbox 2347 5528 2402 5573; x_wconf 80' lang='grc' dir='ltr'>τὸ</span> <span class='ocrx_word' id='word_1_1053' title='bbox 2429 5528 2543 5574; x_wconf 85' lang='grc' dir='ltr'>εἶναι</span> <span class='ocrx_word' id='word_1_1054' title='bbox 2568 5521 2718 5572; x_wconf 75' lang='grc' dir='ltr'>ταῦτα</span> <span class='ocrx_word' id='word_1_1055' title='bbox 2741 5527 2895 5572; x_wconf 78' lang='grc' dir='ltr'>πάντα</span> <span class='ocrx_word' id='word_1_1056' title='bbox 2919 5523 3224 5585; x_wconf 83' lang='grc' dir='ltr'>παραγαγών,</span> <span class='ocrx_word' id='word_1_1057' title='bbox 3255 5534 3348 5569; x_wconf 82' lang='lat' dir='ltr'>non</span> <span class='ocrx_word' id='word_1_1058' title='bbox 3376 5521 3520 5567; x_wconf 70' lang='lat' dir='ltr'>male.</span> 
     </span>
    </p>
   </div>
   <div class='ocr_carea' id='block_1_129' title="bbox 2093 5587 3514 5652">
    <p class='ocr_par' dir='ltr' id='par_1_129' title="bbox 2093 5587 3514 5652">
     <span class='ocr_line' id='line_1_129' title="bbox 2093 5587 3514 5652; baseline 0.018 -18"><span class='ocrx_word' id='word_1_1059' title='bbox 2093 5587 2112 5625; x_wconf 72' lang='grc' dir='ltr'>ί</span> <span class='ocrx_word' id='word_1_1060' title='bbox 2138 5590 2334 5639; x_wconf 71' lang='lat' dir='ltr'>Coislin.</span> <span class='ocrx_word' id='word_1_1061' title='bbox 2360 5595 2417 5650; x_wconf 76' lang='grc' dir='ltr'>τῇ</span> <span class='ocrx_word' id='word_1_1062' title='bbox 2443 5588 2886 5652; x_wconf 17' lang='grc' dir='ltr'>ἀνθρωπείᾳνφνσςιο</span> <span class='ocrx_word' id='word_1_1063' title='bbox 2961 5646 2971 5652; x_wconf 92' lang='lat'><em>_</em></span> <span class='ocrx_word' id='word_1_1064' title='bbox 3024 5647 3039 5652; x_wconf 85' lang='lat'>_</span> <span class='ocrx_word' id='word_1_1065' title='bbox 3176 5645 3184 5652; x_wconf 90' lang='lat'><strong><em>.</em></strong></span> <span class='ocrx_word' id='word_1_1066' title='bbox 3291 5642 3330 5652; x_wconf 88' lang='lat'>-.</span> <span class='ocrx_word' id='word_1_1067' title='bbox 3495 5644 3514 5651; x_wconf 66' lang='grc' dir='ltr'><em>υ</em></span> 
     </span>
    </p>
   </div>
   <div class='ocr_carea' id='block_1_130' title="bbox 2093 5642 3709 5710">
    <p class='ocr_par' dir='ltr' id='par_1_130' title="bbox 2093 5642 3709 5710">
     <span class='ocr_line' id='line_1_130' title="bbox 2093 5642 3709 5710; baseline -0.007 -10"><span class='ocrx_word' id='word_1_1068' title='bbox 2093 5652 2117 5689; x_wconf 74' lang='grc'><strong>8</strong></span> <span class='ocrx_word' id='word_1_1069' title='bbox 2163 5654 2370 5710; x_wconf 70' lang='lat' dir='ltr'>Aliquot.</span> <span class='ocrx_word' id='word_1_1070' title='bbox 2399 5642 2537 5697; x_wconf 43' lang='lat' dir='ltr'>rlnss.‘</span> <span class='ocrx_word' id='word_1_1071' title='bbox 2584 5642 2869 5710; x_wconf 74' lang='grc' dir='ltr'>καταλαϐεῖν</span> <span class='ocrx_word' id='word_1_1072' title='bbox 2926 5646 2980 5693; x_wconf 81' lang='grc' dir='ltr'>οὐ</span> <span class='ocrx_word' id='word_1_1073' title='bbox 3020 5645 3230 5710; x_wconf 75' lang='grc' dir='ltr'>δυνατόν.</span> <span class='ocrx_word' id='word_1_1074' title='bbox 3291 5642 3417 5710; x_wconf 38' lang='lat' dir='ltr'>Mox“</span> <span class='ocrx_word' id='word_1_1075' title='bbox 3450 5644 3550 5710; x_wconf 68' lang='grc' dir='ltr'>πῶς</span> <span class='ocrx_word' id='word_1_1076' title='bbox 3593 5651 3709 5710; x_wconf 51' lang='lat' dir='ltr'>auge</span> 
     </span>
    </p>
   </div>
   <div class='ocr_carea' id='block_1_131' title="bbox 2027 5705 3706 5774">
    <p class='ocr_par' dir='ltr' id='par_1_131' title="bbox 2027 5705 3706 5774">
     <span class='ocr_line' id='line_1_131' title="bbox 2027 5705 3706 5774; baseline -0.005 -14"><span class='ocrx_word' id='word_1_1077' title='bbox 2027 5714 2105 5769; x_wconf 73' lang='grc' dir='ltr'>τά,</span> <span class='ocrx_word' id='word_1_1078' title='bbox 2132 5705 2276 5773; x_wconf 65' lang='grc' dir='ltr'>ψιοιῖ</span> <span class='ocrx_word' id='word_1_1079' title='bbox 2311 5719 2422 5760; x_wconf 76' lang='lat' dir='ltr'>erat</span> <span class='ocrx_word' id='word_1_1080' title='bbox 2463 5715 2512 5757; x_wconf 85' lang='lat' dir='ltr'>in</span> <span class='ocrx_word' id='word_1_1081' title='bbox 2555 5709 2750 5766; x_wconf 79' lang='lat' dir='ltr'>Morel.,</span> <span class='ocrx_word' id='word_1_1082' title='bbox 2797 5711 2941 5774; x_wconf 56' lang='lat' dir='ltr'>degst</span> <span class='ocrx_word' id='word_1_1083' title='bbox 2966 5709 3013 5774; x_wconf 66' lang='grc' dir='ltr'>ίιι</span> <span class='ocrx_word' id='word_1_1084' title='bbox 3060 5708 3256 5753; x_wconf 71' lang='grc' dir='ltr'>(οἱδιίιι.</span> <span class='ocrx_word' id='word_1_1085' title='bbox 3298 5714 3351 5752; x_wconf 76' lang='grc' dir='ltr'>ει</span> <span class='ocrx_word' id='word_1_1086' title='bbox 3390 5706 3616 5774; x_wconf 44' lang='grc' dir='ltr'>ἓιὶι·ἰ1.ηθ.ί</span> <span class='ocrx_word' id='word_1_1087' title='bbox 3659 5705 3706 5752; x_wconf 82' lang='lat' dir='ltr'>in</span> 
     </span>
    </p>
   </div>
   <div class='ocr_carea' id='block_1_132' title="bbox 2029 5767 3643 5833">
    <p class='ocr_par' dir='ltr' id='par_1_132' title="bbox 2029 5767 3643 5833">
     <span class='ocr_line' id='line_1_132' title="bbox 2029 5767 3643 5833; baseline -0.004 -11"><span class='ocrx_word' id='word_1_1088' title='bbox 2029 5767 2258 5822; x_wconf 75' lang='lat' dir='ltr'>omnibus</span> <span class='ocrx_word' id='word_1_1089' title='bbox 2278 5775 2384 5821; x_wconf 76' lang='lat' dir='ltr'><strong>aliis</strong></span> <span class='ocrx_word' id='word_1_1090' title='bbox 2411 5786 2541 5833; x_wconf 76' lang='lat' dir='ltr'>pene</span> <span class='ocrx_word' id='word_1_1091' title='bbox 2569 5769 2940 5831; x_wconf 67' lang='lat' dir='ltr'>manuscriplis;</span> <span class='ocrx_word' id='word_1_1092' title='bbox 2969 5770 3182 5829; x_wconf 84' lang='lat' dir='ltr'>ideoque</span> <span class='ocrx_word' id='word_1_1093' title='bbox 3207 5779 3510 5829; x_wconf 62' lang='lat' dir='ltr'>expuncaum</span> <span class='ocrx_word' id='word_1_1094' title='bbox 3537 5767 3643 5815; x_wconf 77' lang='lat' dir='ltr'>fuit.</span> 
     </span>
    </p>
   </div>
   <div class='ocr_carea' id='block_1_133' title="bbox 2093 5834 2756 5896">
    <p class='ocr_par' dir='ltr' id='par_1_133' title="bbox 2093 5834 2756 5896">
     <span class='ocr_line' id='line_1_133' title="bbox 2093 5834 2756 5896; baseline -0.005 -13"><span class='ocrx_word' id='word_1_1095' title='bbox 2093 5834 2118 5873; x_wconf 64' lang='grc' dir='ltr'>δ</span> <span class='ocrx_word' id='word_1_1096' title='bbox 2142 5837 2330 5896; x_wconf 73' lang='lat' dir='ltr'>Regius</span> <span class='ocrx_word' id='word_1_1097' title='bbox 2351 5848 2476 5883; x_wconf 71' lang='lat' dir='ltr'><strong>unm</strong></span> <span class='ocrx_word' id='word_1_1098' title='bbox 2501 5836 2562 5895; x_wconf 82' lang='grc' dir='ltr'>μή</span> <span class='ocrx_word' id='word_1_1099' title='bbox 2584 5836 2756 5895; x_wconf 78' lang='grc' dir='ltr'>ἕτερον.</span> 
     </span>
    </p>
   </div>
   <div class='ocr_carea' id='block_1_134' title="bbox 3206 5937 3243 5995">
    <p class='ocr_par' dir='ltr' id='par_1_134' title="bbox 3206 5937 3243 5995">
     <span class='ocr_line' id='line_1_134' title="bbox 3206 5937 3243 5995; baseline 0 0"><span class='ocrx_word' id='word_1_1100' title='bbox 3206 5937 3243 5995; x_wconf 78' lang='lat'><strong>2</strong></span> 
     </span>
    </p>
   </div>
  </div>
