4038 6378
324 396 395 451 ,9
1099 443 1102 447 ,
1508 380 1570 436 iN
1609 380 1763 436 cur.
1809 380 1844 432 l.
1888 383 1900 432 ς

2010 377 2135 433 iES.
2181 375 2482 434 llOMlL.|l.
3560 387 3625 440 ὅθ

321 518 446 579 apte
486 506 765 562 convenit.
814 501 881 558 Et
910 501 1027 557 vide
1057 506 1311 571 quantum
1353 505 1551 550 nostra:
1587 492 1830 564 parvitati
1860 504 1918 545 se

320 607 640 667 attemperat
675 615 688 648 :
722 594 853 648 nihil
884 593 952 647 de
979 589 1331 646 iuvisibilibus
1367 586 1652 641 virtutibus
1681 583 1914 647 disserit,

323 704 500 758 neque
527 687 673 751 dicit,
708 685 766 740 ln
813 683 1074 754 principio
1096 681 1246 736 -fecit
1287 681 1427 735 Deus
1461 677 1676 748 angelos
1712 675 1794 730 vel
1825 689 1918 727 ar-

321 777 610 846 t-ltangelos
637 793 650 830 :
683 789 788 828 non
810 772 1145 842 simpliciter,
1180 784 1353 840 neque
1372 777 1573 824 temere
1601 766 1738 820 hanc
1762 763 1918 819 nobis

321 868 582 922 doctrina:
609 864 748 918 viam
782 863 1002 933 paravit.
1031 861 1163 929 Quia
1191 858 1332 914 enim
1357 857 1556 913 Judmis
1578 855 1916 926 loquebatur,

319 958 408 1028 qui
461 958 554 1011 toti
603 955 957 1026 praesentibus
997 953 1156 1008 rebus
1196 950 1501 1015 inhiabant,
1545 963 1718 1018 neque
1756 947 1916 1017 spiri-

321 1050 466 1104 tuale
490 1049 775 1117 quidquam
803 1047 984 1101 animo
1009 1045 1292 1115 concipere
1319 1042 1586 1108 valebant,
1619 1055 1712 1097 eos
1738 1055 1768 1094 a
1796 1054 1920 1095 scn-

318 1139 562 1194 sihilibus
591 1138 657 1193 ad
684 1136 1116 1207 cognoscendum
1145 1135 1373 1191 universi
1403 1133 1660 1203 Opificem
1692 1131 1912 1196 inducit,

320 1241 378 1286 ut
405 1247 468 1287 ex
509 1231 772 1286 creaturis
814 1229 1212 1284 Fabricatorem
1253 1226 1434 1282 mundi
1466 1225 1755 1290 discentes,
1788 1222 1914 1278 ado-

318 1331 502 1376 rarent
527 1320 834 1374 Creatorem
873 1320 1134 1385 omnium,
1173 1327 1228 1372 et
1267 1334 1370 1372 non
1414 1317 1466 1370 in
1495 1316 1752 1372 creaturis
1786 1314 1916 1385 ipsis

318 1420 694 1482 permanerent
723 1420 777 1466 et
804 1411 1162 1480 quiescerent.
1207 1409 1339 1464 Nam
1375 1425 1500 1463 cum
1531 1408 1653 1464 licet
1685 1409 1799 1463 haec
1843 1407 1915 1462 ita

318 1502 457 1557 facta
488 1503 614 1567 sint,
645 1518 748 1556 non
772 1500 1155 1556 intermiserint
1181 1516 1242 1555 ex
1271 1499 1530 1554 creaturis
1559 1498 1690 1554 deos
1712 1497 1910 1566 facere,

316 1602 373 1649 et
400 1593 639 1647 divinum
677 1592 934 1647 honorem
977 1590 1286 1646 fmdissimis
1317 1589 1487 1645 brutis
1515 1590 1771 1646 exhibere
1808 1607 1821 1643 :
1862 1591 1912 1645 in

314 1699 476 1753 quam
511 1698 616 1738 non
661 1683 950 1736 amentiam
987 1681 1319 1749 incidissent,
1362 1682 1463 1738 nisi
1494 1691 1638 1738 tanta
1668 1696 1794 1753 erga
1821 1696 1914 1739 eos

315 1773 760 1840 attemperatione
786 1771 974 1826 fuisset
1000 1771 1164 1827 usus?

386 1863 441 1919 3.
475 1862 582 1917 Nec
607 1863 837 1928 mireris,
865 1862 1079 1930 dilecte,
1108 1861 1248 1932 quod
1278 1862 1453 1919 Moses
1481 1863 1581 1919 hac
1615 1863 1698 1920 via
1727 1863 1911 1922 inces-

313 1955 444 2009 serit
470 1955 509 2019 ί,
533 1955 620 2024 qui
648 1955 698 2008 iu
742 1955 1021 2024 principio,
1053 1961 1108 2009 et
1141 1955 1192 2008 in
1235 1954 1530 2025 przeludiis,
1558 1955 1912 2012 crassioribns

314 2046 564 2115 loquutus
600 2054 683 2100 est
721 2045 919 2100 Judmis
964 2063 975 2099 :
1013 2046 1442 2118 quandoquidem
1483 2047 1677 2104 Paulus
1701 2062 1911 2117 quoilue

313 2145 557 2203 tempore
585 2136 790 2204 gratia),
826 2149 947 2190 cum
976 2143 1182 2190 tantum
1227 2136 1621 2205 pmdicationis
1647 2146 1790 2192 esset
1824 2138 1908 2191 iu-

310 2235 665 2292 cremeutum,
696 2225 1062 2296 disputaturus
1100 2241 1221 2282 cum
1253 2227 1690 2295 Atheniensibus,
1719 2244 1749 2283 a
1779 2229 1910 2283 visi-

312 2318 507 2372 bilibus
552 2318 849 2373 doctrinam
900 2319 1064 2387 ccepit
1101 2317 1185 2373 his
1229 2319 1409 2374 verbis
1452 2338 1465 2373 :
1506 2318 1644 2373 Deus
1678 2321 1764 2390 qui
1793 2321 1908 2390 fecit

309 2411 577 2475 mmtdum,
613 2420 660 2464 et
687 2411 858 2466 omnia
894 2427 1010 2481 qua:
1046 2412 1098 2464 in
1137 2428 1195 2467 eo
1223 2421 1374 2477 sunt;
1411 2413 1494 2466 hic
1530 2411 1647 2466 σανιὶ
1681 2422 1727 2468 et
1761 2424 1910 2468 terra:

307 2516 424 2553 cum
450 2501 514 2554 sit
543 2499 825 2569 Dominus,
872 2518 973 2556 non
1011 2502 1064 2556 in
1101 2504 1408 2573 manufactis
1450 2503 1641 2557 habitat
1683 2506 1902 2575 templis,

309 2609 398 2647 nec
428 2593 662 2648 humanis
692 2595 921 2648 manibus
947 2597 1133 2649 colitur
1160 2594 1295 2666 (Act.
1328 2596 1415 2650 17.
1448 2595 1564 2667 24).
1602 2596 1735 2665 Quia
1759 2599 1902 2652 enim

309 2685 466 2738 talem
489 2685 566 2740 eis
592 2694 897 2755 competere
927 2687 1130 2742 sciebat
1164 2686 1483 2753 doctrinam,
1516 2689 1653 2743 hanc
1677 2690 1904 2744 docendi

309 2776 444 2829 viam
467 2777 711 2847 arripuit.
743 2777 822 2831 Ad
851 2792 944 2832 eos
969 2778 1112 2833 enim
1129 2779 1218 2848 qui
1240 2794 1389 2834 suam
1414 2780 1777 2850 suscipiebant
1801 2782 1901 2836 do-

304 2868 553 2934 ctrinam,
583 2884 610 2921 a
641 2869 842 2936 Spiritu
869 2869 936 2924 ita
965 2869 1317 2939 dirigebatur,
1346 2879 1398 2925 et
1426 2886 1519 2925 eos
1546 2872 1617 2926 ita
1654 2870 1900 2927 docebat.

306 2959 371 3012 Et
397 2968 453 3012 ut
473 2959 610 3014 scias
643 2959 799 3028 hujus
823 2959 898 3014 rei
925 2975 1140 3016 causam
1172 2960 1333 3016 fuisse
1360 2976 1706 3031 personarum
1740 2963 1903 3018 varie-

304 3057 492 3113 tatem,
516 3057 569 3102 et
595 3048 899 3103 auditorum
918 3049 1352 3116 crassitudinem,
1372 3050 1493 3103 audi
1515 3050 1664 3105 illum
1689 3051 1858 3121 ipsum
1885 3070 1898 3105 :

302 3140 368 3194 ad
413 3140 761 3195 Colossenses
807 3141 950 3194 enim
998 3141 1278 3211 epistolam
1336 3140 1618 3208 scribens,
1657 3156 1763 3197 non
1802 3142 1903 3198 hac

302 3230 539 3284 ambulat
583 3231 686 3295 via,
728 3227 822 3284 sed
861 3229 1016 3284 aliter
1055 3245 1177 3285 cum
1212 3230 1290 3285 eis
1330 3221 1608 3302 loquitur,
1639 3241 1694 3287 et
1731 3233 1897 3289 dicit:

306 3323 438 3391 Quia
470 3323 523 3377 in
551 3323 663 3391 ipso
688 3332 857 3377 creata
882 3331 998 3376 sunt
1028 3324 1198 3377 omnia
1217 3364 1231 3387 ,
1280 3339 1393 3394 qua:
1419 3325 1470 3377 in
1500 3325 1638 3379 cwlis
1677 3335 1813 3390 sunt,
1853 3333 1902 3378 et

300 3415 484 3483 quwiu
510 3424 665 3482 terra,
698 3413 912 3469 cisibilia
940 3425 986 3468 et
1008 3413 1298 3482 invisibilia,
1325 3416 1428 3468 sive
1456 3416 1646 3482 throni,
1679 3416 1780 3471 sive
1801 3416 1899 3469 do-

305 3506 623 3572 minationes,
665 3509 766 3561 siue
794 3507 1128 3578 principatus,
1163 3508 1265 3562 sive
1289 3517 1574 3577 potestates,
1610 3510 1781 3563 omnia
1811 3526 1900 3579 per

301 3598 468 3664 illum,
496 3599 616 3652 etin
654 3598 802 3652 illum
836 3608 1005 3652 creata
1030 3608 1146 3653 sunt
1185 3597 1401 3670 (Coloss.
1436 3601 1484 3653 ί.
1520 3597 1632 3670 16).
1663 3599 1898 3656 Joannes

300 3697 478 3744 autem
510 3689 728 3743 tonitrui
753 3689 895 3744 ﬁlius
919 3680 1203 3758 clamabat,
1231 3690 1415 3746 dicens
1439 3708 1451 3744 :
1489 3691 1674 3745 Omnia
1701 3709 1790 3761 per
1818 3693 1899 3763 ip-

299 3797 410 3834 sum
436 3780 572 3849 facta
600 3790 737 3847 sunt,
772 3790 818 3834 et
850 3782 959 3835 sine
979 3781 1091 3851 ipso
1119 3785 1310 3854 factum
1349 3791 1422 3836 est
1466 3783 1594 3837 nihil
1628 3782 1807 3852 (Joan.
1842 3786 1890 3840 l.

299 3874 376 3944 3).
407 3875 474 3928 At
499 3886 609 3928 non
641 3875 719 3928 sic
749 3873 952 3939 Moses;
983 3885 1036 3929 et
1063 3876 1291 3930 merito:
1325 3889 1422 3930 nec
1444 3877 1587 3931 enim
1617 3885 1734 3932 erat
1761 3891 1893 3932 con-

298 3976 634 4028 sentaneum.
667 3974 721 4020 ut
757 3965 928 4020 solido
958 3975 1304 4035 pascerentur
1339 3967 1461 4022 cibo
1502 3967 1695 4038 quibus
1720 3968 1893 4025 adhuc

299 4056 449 4110 lactis
469 4054 714 4109 alimonia
750 4070 886 4125 opus
919 4065 1052 4110 erat.
1086 4056 1217 4110 Nam
1262 4057 1710 4128 quemadmodum
1757 4059 1894 4114 ludi-

298 4145 533 4216 magistr‘i
555 4147 753 4215 pueris,
777 4147 912 4217 quia
930 4149 1236 4216 parentibus
1258 4150 1277 4179 ²
1300 4149 1428 4218 ipsis
1448 4143 1894 4207 commendantur

297 4238 590 4304 erudiendi,
621 4238 792 4310 prima
833 4239 1047 4294 tradunt
1077 4242 1339 4295 elementa
1365 4283 1381 4308 ,
1414 4257 1547 4312 quos
1579 4257 1776 4314 pueros
1799 4245 1890 4315 qui

295 4331 364 4384 ab
394 4331 496 4384 illis
521 4339 705 4399 postea
739 4330 1054 4400 suscipiunt,
1086 4330 1482 4388 sublimioribus
1512 4343 1564 4388 et
1603 4334 1887 4406 perfectio—

295 4419 442 4474 ribus
469 4419 726 4475 doctrinis
765 4419 1006 4474 imbuunt
1040 4438 1052 4473 :
1087 4421 1154 4474 ita
1181 4430 1235 4475 ct
1273 4421 1457 4478 beatus
1483 4423 1674 4490 Moses,
1705 4434 1758 4480 et
1791 4426 1886 4481 do-

292 4521 408 4564 ctor
435 4512 690 4580 gentium,
723 4525 785 4566 ac
811 4510 952 4565 filius
983 4512 1198 4566 tonitrui
1243 4511 1500 4569 fecerunt.
1546 4515 1677 4570 Nam
1714 4517 1888 4573 Moses

293 4604 508 4674 quidem
539 4619 662 4658 cum
694 4605 897 4675 primus
926 4606 1164 4660 omnium
1196 4607 1576 4662 instituendam
1616 4611 1881 4679 suscepis-

291 4708 371 4750 sct
404 4694 688 4750 humanam
732 4706 995 4761 naturam,
1040 4697 1220 4752 docuit
1263 4699 1534 4756 auditores
1571 4701 1741 4771 prima
1773 4704 1883 4758 ele-

292 4795 467 4840 menta
499 4805 512 4842 ε
544 4786 782 4841 Joannes
823 4797 1000 4841 autem
1033 4798 1087 4842 et
1131 4789 1325 4844 Paulus
1380 4791 1442 4844 iis
1477 4808 1610 4862 quos
1658 4809 1688 4848 a
1741 4795 1887 4850 Mosc

290 4889 630 4948 acceperant,
669 4888 854 4948 postea
897 4882 1209 4949 perfectiora
1255 4883 1542 4940 tradidere.
1593 4885 1884 4957 Igiturjam

288 4971 593 5034 didicimus,
634 4985 802 5039 quare
845 4971 914 5024 ita
962 4987 1020 5026 se
1062 4979 1498 5042 attemperaverit
1531 4979 1604 5049 ad
1648 4991 1882 5035 mistram

290 5063 624 5127 tenuitatem,
655 5070 858 5127 etcum
893 5061 1094 5133 Spiritu
1140 5075 1328 5120 sancto
1368 5067 1692 5136 loquentem,
1729 5082 1886 5140 prout

287 5138 622 5206 auditoribus
646 5153 994 5222 congruebat,
1023 5156 1198 5210 omnia
1226 5161 1543 5227 exposuisse
1576 5179 1588 5214 :
1621 5162 1884 5234 simulque

288 5246 376 5298 ille
419 5258 608 5296 omnes
658 5242 911 5309 ltarreses,
958 5262 1075 5314 qua:
1119 5250 1256 5304 sicut
1300 5253 1498 5308 zizania
1550 5256 1884 5324 pullulaturm

287 5350 440 5394 erant
480 5341 532 5395 in
581 5344 837 5412 Ecclesia,
870 5347 1104 5403 cradicat
1149 5366 1242 5420 per
1287 5351 1391 5407 hoc
1436 5355 1576 5422 quod
1617 5356 1784 5412 dicit:
1817 5356 1883 5410 In

288 5435 538 5505 principio
565 5440 680 5508 fecit
722 5438 857 5496 Deus
893 5443 1071 5497 uelum
1101 5457 1145 5499 ct
1186 5458 1388 5502 ten-am.
1433 5451 1582 5508 Unde
1628 5456 1671 5508 si
1719 5457 1885 5514 Mani-

289 5525 469 5582 chacus
495 5529 561 5584 ad
591 5541 641 5585 te
668 5538 953 5590 accesserit
972 5538 1460 5597 diceusutateriam
1479 5548 1879 5621 praeexsistere;

356 5767 372 5832 ξ
410 5765 462 5814 in
489 5767 606 5832 ﬁdit.
634 5771 819 5832 \toreL,
842 5780 1127 5828 cucurrerit.

354 5828 374 5858 ⁸
408 5829 546 5878 savii.
575 5839 626 5879 et
647 5833 785 5885 multi
806 5828 942 5900 $55.,
971 5854 1000 5886 a
1024 5844 1237 5902 patrilnu
1259 5861 1275 5908 ,'
1303 5851 1482 5910 .\torel.,
1512 5867 1540 5900 α
1564 5859 1816 5909 matribus.

2030 489 2072 542 si
2102 488 2355 553 Marcion,
2385 491 2428 544 si
2463 490 2773 546 Valentinus
2803 493 2904 562 (τι),
2929 494 2972 550 si
2999 493 3247 565 gentiles,
3279 495 3360 550 dic
3392 500 3492 553 Illis
3520 520 3530 555 :
3565 501 3628 556 In

2027 580 2275 650 principio
2304 581 2422 650 fecit
2445 581 2585 636 Deus
2611 584 2791 638 mlunt
2816 594 2862 638 et
2892 595 3096 639 terram.
3136 586 3241 643 Sed
3271 589 3417 658 quid,
3450 591 3492 644 si
3522 608 3626 646 non

2025 671 2193 726 credit
2237 673 2326 728 ille
2371 673 2696 745 Scriptura)?
2737 675 2818 730 Tu
2859 678 3082 747 posthac
3115 693 3289 748 ipsum
3338 685 3624 748 averseris,

2024 763 2168 818 velut
2193 763 2533 820 furibundum
2559 775 2616 822 et
2639 776 2818 822 mente
2844 777 3076 839 captum.
3111 770 3240 825 Nam
3267 773 3356 842 qui
3389 775 3626 827 omnium

2025 853 2214 925 Opitlci
2246 871 2351 913 non
2382 858 2574 924 credit,
2605 868 2660 914 et
2685 861 2966 916 veritatem
2996 862 3260 918 mendacii
3299 865 3493 935 arguit,
3523 883 3626 936 qua

2024 961 2276 1016 umquam
2306 947 2608 1020 dignandus
2637 959 2721 1006 est
2742 954 2929 1007 venia?
2961 953 3130 1010 liabet
3160 955 3250 1012 ille
3277 956 3510 1013 fucatum
3533 974 3626 1014 co-

2026 1036 2191 1096 lorem
2235 1039 2276 1101 ί.
2309 1047 2364 1093 et
2401 1049 2800 1097 mansuetorum
2844 1059 3102 1113 personas
3148 1047 3336 1113 induit,
3390 1052 3626 1121 tcgitque

2023 1128 2126 1183 sub
2150 1128 2310 1183 ovilla
2343 1131 2481 1200 pelle
2504 1131 2704 1202 lupum.
2739 1134 2846 1190 Sed
2874 1144 2930 1192 tu
2963 1153 3029 1193 ne
3051 1139 3355 1210 decipiaris,
3388 1142 3494 1198 imo
3525 1143 3626 1198 hac

2024 1222 2135 1289 ipsa
2165 1221 2230 1276 de
2255 1236 2417 1278 eausa
2457 1224 2605 1279 illum
2644 1229 2812 1296 magis
2841 1243 3064 1284 exosum
3096 1231 3252 1297 habe,
3291 1234 3432 1303 quod
3473 1251 3626 1290 man-

2022 1313 2360 1369 suetudinem
2389 1316 2602 1387 quidem
2631 1333 2755 1389 erga
2790 1329 2841 1375 te
2871 1336 3192 1378 conservum
3221 1325 3454 1393 simulet,
3491 1344 3623 1383 con-

2023 1411 2104 1458 tra
2135 1404 2414 1460 Dominum
2461 1415 2639 1462 autem
2687 1410 3057 1466 universorum
3104 1415 3267 1469 Deum
3299 1416 3496 1471 bellum
3527 1436 3622 1489 ge-

2021 1503 2122 1560 rat,
2153 1501 2207 1549 et
2231 1510 2404 1565 neque
2426 1497 2664 1566 seipsum
2693 1501 2920 1555 salutem
2945 1518 3095 1557 suam
3131 1506 3357 1573 prodere
3380 1509 3624 1564 animad-

2021 1595 2209 1640 vertat.
2243 1585 2509 1642 Cmterum
2554 1603 2654 1644 nos
2680 1590 2888 1646 lirmam
2918 1603 3192 1649 teneamus
3219 1608 3444 1666 petram,
3472 1610 3520 1654 et
3554 1601 3621 1655 ad

2020 1677 2339 1747 principium
2387 1678 2580 1735 iterum
2631 1684 2998 1754 regrediamur
3045 1704 3058 1740 :
3105 1687 3173 1742 In
3213 1691 3465 1762 principio
3503 1695 3622 1762 fecit

2019 1771 2157 1826 Deus
2186 1773 2366 1827 malum
2406 1786 2452 1828 et
2491 1783 2697 1829 terram.
2744 1777 2975 1834 Attende
3019 1796 3159 1836 nunc
3183 1825 3197 1847 ,
3240 1787 3508 1852 quomodo
3552 1803 3617 1842 ex

2018 1861 2135 1931 ipso
2161 1862 2356 1932 opilicii
2389 1865 2552 1920 modo
2579 1866 2774 1922 divinae
2822 1879 3024 1924 natura:
3055 1869 3287 1942 dignitas
3321 1875 3614 1941 enitescat;

2017 1953 2286 2021 quomodo
2315 1954 2457 2010 Deus
2484 1965 2679 2025 praeter
2705 1957 2994 2014 humanum
3018 1977 3244 2032 morem,
3276 1979 3429 2019 suum
3455 1970 3616 2035 perti-

2015 2043 2162 2098 ciens
2192 2044 2496 2111 aedilicium,
2524 2047 2673 2118 prius
2697 2049 2885 2104 caelum
2904 2052 3190 2120 extendat,
3221 2066 3404 2124 postea
3435 2067 3489 2114 ct
3511 2068 3617 2114 ter-

2015 2149 2128 2187 ram
2160 2135 2469 2192 substernat
2503 2157 2516 2192 :
2546 2139 2696 2210 prius
2727 2141 2960 2209 culmen,
2997 2154 3050 2199 et
3082 2155 3263 2215 postea
3299 2147 3613 2205 funduntur-

2017 2233 2150 2279 tum.
2180 2225 2310 2293 Quis
2350 2229 2455 2283 tale
2485 2230 2610 2300 quid
2639 2231 2806 2286 vidit?
2831 2235 2954 2303 quis
2983 2235 3217 2291 audivit?
3241 2237 3297 2293 ln
3337 2240 3611 2296 hominum

2013 2327 2143 2370 sane
2169 2317 2420 2385 operibus
2446 2320 2580 2376 nihil
2619 2322 2724 2377 tale
2752 2339 3002 2395 umquam
3035 2326 3192 2382 fuerit
3226 2347 3239 2383 :
3272 2331 3364 2385 sed
3387 2332 3612 2400 jubente

2013 2403 2146 2471 De’o,
2177 2407 2440 2464 voluntati
2461 2411 2578 2480 ejus
2611 2424 2797 2482 parent
2828 2424 2879 2471 et
2901 2417 3097 2473 cedunt
3120 2421 3319 2475 omnia.
3349 2421 3426 2479 Ne
3449 2423 3612 2494 igitur

2013 2496 2258 2554 humanis
2280 2502 2575 2558 rationibus
2592 2503 2766 2560 divina
2789 2522 2950 2577 opera
2972 2510 3236 2567 curiosius
3255 2515 3607 2585 excutiamus,

2011 2590 2105 2644 sed
2154 2606 2220 2645 ex
2264 2595 2515 2662 operibus
2563 2597 2868 2654 manuducti
2894 2641 2908 2663 ,
2951 2601 3280 2658 admiremur
3325 2607 3605 2663 artificem.

2013 2678 2152 2733 Nam
2182 2682 2454 2737 inuisibilia
2491 2688 2623 2756 ejus,
2656 2687 2848 2759 inquit,
2882 2707 2944 2745 ea:
2978 2695 3229 2748 creatione
3259 2697 3455 2764 mundi,
3485 2698 3606 2752 (lum

2009 2789 2099 2842 per
2123 2790 2279 2843 opera
2305 2777 2676 2848 intelliguntur,
2710 2783 3032 2851 pervidentur
3057 2785 3233 2858 (Rom.
3268 2789 3318 2842 1.
3347 2789 3462 2860 20).

2078 2866 2132 2920 4.
2166 2865 2355 2921 Contra
2383 2886 2467 2924 eos
2492 2873 2580 2939 qui
2602 2873 2833 2928 dicebant
2853 2886 3116 2933 terramea:
3142 2881 3367 2951 subjecta
3395 2887 3606 2941 materia

2008 2955 2234 3023 factam;
2255 2967 2390 3013 terra
2416 2961 2584 3030 patria
2621 2973 2796 3017 nostra
2822 2975 2912 3028 cst,
2942 2978 2989 3021 et
3013 2985 3275 3025 commune
3294 2973 3600 3043 sepulcrum.

2009 3045 2224 3103 Muralis
2245 3049 2776 3121 exhortatio.—Quod
2793 3057 2838 3112 si
2858 3058 3097 3115 veritatis
3117 3060 3299 3118 hostes
3324 3065 3500 3121 adhuc
3524 3069 3606 3122 di-

2006 3146 2151 3201 cunt,
2185 3153 2291 3193 non
2323 3156 2480 3210 posse
2515 3157 2580 3198 ex
2612 3143 2781 3202 nihilo
2812 3147 3007 3219 aliquid
3038 3151 3176 3219 ﬁeri,
3211 3153 3603 3227 interrogemus

2005 3242 2098 3282 eos
2130 3244 2143 3282 :
2171 3228 2451 3287 Primusue
2479 3231 2640 3289 homo
2669 3251 2733 3290 ex
2762 3246 2904 3293 terra
2949 3237 3210 3298 formatus
3229 3252 3342 3312 est;
3371 3263 3437 3301 an
3468 3249 3602 3307 forte

2005 3317 2258 3374 aliunde?
2287 3319 2517 3377 Omnino
2538 3324 2718 3381 dicent
2744 3343 2807 3382 ac
2838 3328 3163 3400 fatebuntur,
3181 3335 3322 3405 quod
3344 3352 3408 3391 ex
3437 3349 3596 3394 terra.

2009 3409 2199 3466 Dicant
2239 3411 2400 3481 igitur
2426 3415 2601 3480 nobis,
2629 3418 2900 3487 quomodo
2940 3437 3005 3476 ex
3042 3430 3181 3479 terra
3222 3425 3358 3483 facta
3397 3429 3468 3483 sit
3509 3447 3602 3486 na-

2005 3509 2122 3556 tura
2152 3504 2347 3558 carnis.
2379 3504 2461 3560 Ex
2490 3514 2628 3562 terra
2658 3510 2800 3564 enim
2839 3512 3025 3578 lutum,
3060 3524 3114 3569 et
3144 3516 3358 3585 lateres,
3390 3528 3445 3576 et
3468 3521 3600 3592 figu-

2004 3593 2166 3649 linum
2195 3610 2311 3661 vas,
2353 3606 2406 3651 et
2433 3607 2566 3653 testa
2602 3599 2720 3655 ﬁeri
2750 3601 2888 3657 solet
2917 3619 2931 3658 :
2962 3607 3231 3674 quomodo
3258 3623 3384 3679 ergo
3410 3625 3597 3667 natura

2001 3687 2178 3742 carnis
2204 3688 2338 3742 facta
2379 3691 2497 3744 est?
2522 3694 2793 3762 quomodo
2816 3710 2959 3763 ossa,
2996 3709 3050 3753 et
3085 3702 3256 3770 nervi,
3285 3712 3339 3758 et
3363 3707 3594 3771 arteriae,

2002 3785 2055 3830 et
2093 3776 2278 3847 adeps,
2322 3787 2375 3833 et
2404 3782 2560 3847 cutis,
2593 3789 2648 3839 et
2694 3800 2920 3856 ungues,
2967 3796 3022 3843 et
3049 3792 3246 3860 capilli,
3292 3802 3347 3849 et
3380 3811 3445 3851 ex
3492 3814 3594 3852 una

1999 3866 2311 3937 subjacente
2351 3873 2572 3927 materia
2600 3872 2930 3932 diversarum
2974 3880 3392 3955 substantiarum
3425 3891 3597 3957 quali-

2000 3958 2174 4014 tates?
2205 3958 2310 4014 Sed
2335 3959 2401 4014 ad
2436 3961 2552 4017 lucc
2593 3978 2662 4020 ne
2689 3967 2885 4022 mutire
2911 3970 3125 4037 quidem
3163 3983 3430 4041 poterunt.
3455 3979 3592 4044 Quid

1998 4060 2175 4106 autem
2200 4051 2319 4108 dico
2343 4053 2411 4109 de
2436 4069 2662 4126 corpore
2693 4063 2914 4116 nostro?
2945 4062 3129 4118 Dicant
3156 4067 3312 4122 nobis
3339 4068 3406 4124 de
3435 4085 3591 4141 pane,

1996 4156 2104 4212 quo
2127 4142 2365 4213 quotidie
2396 4146 2687 4214 reficimur,
2720 4153 3012 4221 quomodo,
3041 4170 3164 4211 cum
3200 4159 3356 4215 unius
3395 4164 3592 4231 speciei

1996 4233 2084 4297 sit,
2114 4239 2498 4290 transmutatur
2520 4237 2571 4291 in
2593 4239 2931 4309 sanguinem,
2957 4251 3013 4300 et
3039 4246 3307 4315 pituitam,
3332 4259 3386 4304 et
3410 4251 3590 4318 bilem,

1996 4333 2049 4378 et
2077 4325 2128 4379 in
2158 4327 2335 4382 varios
2377 4327 2650 4386 humores.
2694 4331 2762 4386 Et
2813 4335 2965 4404 panis
2999 4338 3212 4407 quidem
3252 4357 3396 4412 smpe
3434 4345 3594 4402 habet

1996 4419 2231 4474 colorem
2257 4419 2528 4486 frumenti;
2549 4425 2765 4494 sanguis
2783 4438 2959 4482 autem
2990 4429 3151 4484 ruber
3171 4433 3252 4488 vel
3277 4435 3426 4506 niger
3449 4441 3588 4492 est‘.

1997 4511 2051 4564 Si
2095 4512 2254 4581 igitur
2295 4513 2430 4579 hmc,
2463 4529 2582 4585 qua:
2625 4519 2864 4588 quotidie
2907 4531 3031 4578 ante
3069 4525 3258 4580 oculos
3287 4539 3589 4594 versantur,

1995 4619 2285 4674 numquam
2329 4606 2484 4660 nobis
2521 4607 2701 4665 dicere
2742 4621 3007 4679 poterunt,
3051 4613 3317 4671 dillicilius
3363 4619 3428 4672 de
3472 4621 3591 4674 aliis

1997 4696 2087 4751 Dei
2133 4696 2359 4766 opificiis
2397 4699 2551 4769 digna
2610 4701 2912 4772 loquentur.
2945 4706 3099 4772 Quod
3150 4710 3194 4763 si
3239 4723 3360 4781 post
3386 4720 3588 4768 tant-um

1993 4787 2508 4845 demonstrationum
2537 4794 2744 4862 copiam
2791 4797 2965 4853 adhuc
3011 4815 3161 4854 suam
3192 4806 3586 4861 contentionem

1995 4881 2249 4938 rohorare
2284 4884 2486 4950 volunt,
2532 4903 2704 4957 neque
2733 4906 2829 4945 nos
2856 4892 3183 4948 desistemus
3221 4908 3365 4966 smpe
3399 4900 3585 4953 eadem

1996 4971 2125 5039 ipsis
2153 4974 2406 5044 obiicere,
2438 4977 2677 5035 dicentes
2711 5003 2722 5036 :
2749 4981 2813 5035 In
2832 4985 3080 5056 principio
3107 4987 3222 5056 fecit
3254 4987 3386 5042 Deus
3408 4992 3588 5044 aulum

1993 5073 2039 5116 et
2061 5073 2267 5118 (errant:
2299 5067 2408 5123 lloc
2441 5071 2582 5125 enim
2616 5075 2830 5128 unicum
2865 5077 3085 5131 verbum
3115 5079 3311 5135 sufficit
3341 5081 3492 5136 nobis
3518 5085 3586 5138 ad

1993 5156 2376 5214 subvertendas
2405 5175 2595 5218 omnes
2626 5165 3052 5224 adversariorum
3086 5182 3278 5236 turres,
3313 5182 3366 5227 ct
3394 5175 3457 5227 ad
3498 5192 3585 5230 re-

1995 5247 2237 5303 vellcnda
2283 5249 2350 5302 ab
2396 5252 2524 5321 ipsis
2581 5257 2939 5313 fundamentis
2985 5260 3215 5318 humana
3258 5265 3565 5332 ratiocinia;

1991 5347 2154 5410 atque
2182 5343 2224 5395 si
2249 5343 2444 5399 vellent
2464 5347 2548 5402 vel
2576 5364 2699 5404 sero
2724 5366 2753 5404 a
2790 5367 2886 5408 sua
2915 5356 3260 5412 contentione
3297 5356 3583 5426 desistere,

2056 5433 2073 5503 ξ
2100 5434 2317 5503 icoislin.“
2342 5435 2558 5496 fucatam
2575 5453 2768 5503 corpus.

2053 5495 2074 5524 ³
2088 5495 2418 5570 Coisliuianus,
2430 5507 2480 5548 El
2496 5502 2633 5562 panis
2645 5495 2856 5570 quidem,
2873 5512 2921 5556 ut
2932 5507 3209 5570 plurimum,
3221 5511 3361 5562 habet
3379 5512 3584 5563 colorem

1989 5555 2231 5665 figmenti,
2253 5555 2422 5620 pittlt'ta
2441 5555 2600 5614 autem
2619 5555 2731 5615 alba
2746 5576 2832 5628 c—t,
2844 5555 3584 5637 inriguis'iléia'i-iiiéi

1989 5630 2038 5665 (ι,
2065 5652 2074 5662 .

2053 5680 2125 5732 (α)
2142 5683 2441 5743 λιθηὶυιιερυδ,
2467 5691 2685 5742 Marcion.
2709 5700 2758 5740 et
2780 5692 3067 5744 Valentinus
3083 5695 3310 5746 dicebant
3334 5700 3582 5748 materiam

1990 5754 2104 5812 ante
2128 5752 2347 5812 creatum
2372 5750 2599 5812 mundum
2621 5756 2884 5803 evstitisse.
2909 5764 2975 5803 De
2995 5759 3250 5812 Maniehzci.
3274 5763 3513 5808 Marcionis
3532 5769 3578 5808 et

1993 5802 2235 5912 fidentia:
2260 5809 2487 5866 Opinione
2512 5813 2634 5859 circa
2677 5802 2836 5863 ntunrli
2863 5802 3582 5882 primordii-"iiiiiii’ﬁiliiiaiiiiui

1994 5887 2029 5910 ιε
2071 5879 2211 5914 suum
2235 5881 2303 5914 Οδ.

1994 5882 2050 5911 ειει
2071 5882 2303 5927 διηεηιοδ.
