4038 6414
450 419 511 471 51
1231 408 1286 467 S.
1329 405 1608 465 JOANNIS
1645 397 2116 461 CIIBYSOSTOMI
2155 397 2470 456 ARCHIEP.
2510 396 3047 456 CONSTANTINOP.
3661 400 3728 455 δε

453 541 667 600 possent
697 543 794 599 per
825 529 924 582 hoc
954 528 1006 582 iu
1044 527 1280 583 veritatis
1300 527 1440 579 viam
1462 523 1764 579 manuduci.
1791 523 1845 576 2.
1873 519 2029 575 Terra

448 634 615 676 autem
639 621 902 675 invisibilis
926 629 1031 675 erat
1059 628 1103 673 et
1131 619 1480 688 incomposita.
1509 617 1677 688 Cujus
1696 616 1885 686 gratia,
1918 614 2025 679 dic,

445 725 649 780 quaeso,
681 710 870 764 caelum
907 710 1105 763 clarum
1138 716 1192 762 et
1234 706 1529 777 perfectum
1564 706 1792 769 creavit;
1833 715 2027 759 terram

446 813 622 857 autem
651 801 930 857 informem
976 798 1186 854 effecit?
1217 799 1399 868 Neque
1434 799 1538 854 hoc
1578 807 1778 853 temere
1808 796 2025 862 factum,

445 892 538 948 sed
572 901 648 956 ut,
676 907 794 945 cum
824 889 1072 945 didiceris
1100 889 1380 944 meliorem
1408 888 1695 944 creationis
1725 896 1930 957 partem
1960 885 2029 941 ab

444 998 508 1037 eo
539 983 817 1036 formatam
841 988 893 1034 et
928 979 1249 1044 absolutam,
1295 979 1425 1033 nihil
1456 987 1638 1048 postea
1661 977 1902 1033 dubites:
1931 992 2025 1032 ne-

440 1087 544 1142 que
597 1078 750 1140 putes
807 1069 860 1125 id
924 1085 988 1124 ex
1052 1070 1331 1140 potestatis
1387 1067 1750 1124 imbecillitate
1803 1068 2022 1123 factum.

443 1160 522 1215 Ad
571 1160 686 1216 lucc
735 1170 790 1216 et
845 1161 947 1215 alia
984 1162 1190 1215 ratione
1235 1159 1516 1214 informem
1557 1166 1753 1214 terram
1799 1160 2022 1215 creavit.

442 1251 576 1318 Quia
611 1253 753 1306 enim
800 1250 913 1321 ipsa
943 1259 1026 1305 est
1066 1250 1265 1316 nutrix,
1310 1259 1366 1304 et
1413 1258 1585 1305 mater
1619 1258 1821 1319 nostra,
1858 1260 1914 1305 et
1959 1265 2026 1306 ex

441 1357 504 1396 ca
551 1341 675 1397 facti
722 1357 940 1406 smnus,
987 1351 1148 1412 atque
1197 1342 1527 1407 educamur,
1574 1341 1793 1413 ipsaque
1845 1353 2026 1399 nostra

444 1433 610 1501 patria
638 1442 740 1500 est,
763 1443 817 1488 et
843 1447 1128 1490 commune
1156 1433 1493 1504 sepulcrum:
1529 1433 1730 1488 reditus
1754 1435 1896 1490 enim
1924 1452 2026 1492 no-

442 1532 555 1579 ster
581 1523 646 1578 ad
675 1539 792 1579 eam
822 1537 1008 1578 rursus
1029 1535 1112 1580 est
1134 1540 1149 1589 ;
1175 1532 1230 1579 et
1256 1523 1378 1594 quia
1412 1522 1585 1578 variis
1601 1539 1696 1594 per
1723 1540 1842 1579 eam
1871 1526 2027 1584 bonis

445 1613 706 1669 fruimur:
740 1614 880 1678 ideo,
910 1621 967 1667 ut
1005 1627 1072 1668 ne
1112 1612 1354 1669 homines
1382 1613 1454 1669 ob
1480 1628 1608 1668 usus
1649 1616 2023 1671 necessitatem

445 1705 563 1773 plus
587 1719 743 1774 quam
769 1703 984 1773 dignum
1009 1711 1092 1758 est
1111 1718 1230 1758 eam
1254 1703 1511 1772 colerent,
1535 1706 1766 1761 ostendit
1793 1707 2023 1777 primum

446 1797 628 1852 rudem
666 1805 720 1852 et
763 1795 1064 1861 informem,
1120 1804 1177 1851 ut
1222 1811 1289 1852 ne
1333 1796 1588 1853 beneﬁcia
1633 1807 1786 1854 terrae
1824 1799 2026 1855 telluris

445 1896 645 1942 naturae
669 1886 918 1957 imputes,
945 1887 1038 1943 sed
1070 1887 1120 1944 ei
1140 1887 1363 1956 tribuas,
1392 1888 1482 1959 qui
1511 1890 1653 1944 illam
1683 1905 1750 1945 ex
1773 1889 1942 1946 nihilo
1970 1899 2027 1947 ut

444 1988 589 2034 esset
614 1980 832 2035 creavit.
881 1977 1103 2050 Propter
1132 1978 1233 2035 hoc
1259 1979 1331 2034 ait
1367 1997 1380 2034 :
1413 1978 1572 2034 Terra
1615 1987 1780 2034 autem
1807 1991 1914 2035 erat
1942 1983 2025 2036 in-

447 2068 651 2124 visibilis
696 2078 744 2124 et
805 2071 1149 2140 incomposita.
1208 2069 1366 2126 Forte
1405 2071 1585 2126 statim
1638 2079 1693 2125 et
1754 2071 1823 2128 ab
1873 2071 2027 2128 initio

443 2168 681 2216 mentem
745 2169 974 2215 vestram
1042 2159 1406 2216 subtilioribus
1456 2160 1735 2216 sententiis
1797 2161 2024 2217 nimium

442 2251 725 2316 torsimus;
759 2249 878 2306 ideo
903 2250 988 2305 hic
1010 2264 1311 2305 sermonem
1344 2255 1538 2306 sistere
1563 2267 1658 2323 par
1699 2260 1804 2308 est.
1846 2252 2021 2324 Roga-

444 2357 562 2398 mus
587 2351 766 2399 autem
793 2341 1069 2397 caritatem
1091 2351 1346 2411 vestram,
1379 2351 1436 2397 ut
1461 2343 1726 2399 dictorum
1754 2344 1875 2401 sitis
1904 2360 2022 2401 tne-

438 2447 642 2498 mores,
667 2443 720 2488 et
747 2446 961 2502 semper
987 2433 1101 2488 haec
1128 2434 1386 2488 memoria
1419 2435 1641 2489 teneatis
1671 2450 1686 2487 :
1717 2443 1878 2502 atque
1917 2450 2018 2490 una

439 2537 560 2576 cum
583 2521 819 2577 sensibili
851 2516 1056 2590 mensa,
1087 2537 1210 2577 cum
1243 2522 1367 2578 hinc
1392 2522 1630 2578 abieritis
1652 2564 1669 2590 ,
1696 2525 1948 2594 apponite
1967 2536 2021 2582 et

437 2613 768 2683 spiritualem
826 2630 1089 2669 mensam.
1143 2615 1294 2670 Dicat
1323 2614 1403 2669 vir
1449 2614 1623 2685 aliqua
1653 2630 1839 2670 eorum
1861 2657 1877 2685 ,
1903 2633 2022 2687 qua

438 2721 579 2762 nunc
607 2707 694 2763 hic
723 2715 848 2763 sunt
873 2707 1013 2763 dicta
1045 2725 1060 2763 :
1089 2706 1269 2762 audiat
1317 2707 1510 2762 mulier
1530 2747 1544 2773 ,
1573 2708 1782 2763 discant
1807 2710 1976 2782 pueri
2002 2750 2018 2776 ,

437 2796 646 2852 discant
671 2807 727 2852 et
749 2797 1028 2852 domestici
1062 2839 1077 2866 ,
1110 2797 1305 2868 ﬁatque
1339 2795 1530 2853 domus
1555 2798 1780 2854 ecclesia
1806 2839 1821 2865 ,
1855 2809 1914 2854 ut
1938 2799 2021 2855 ef-

438 2885 652 2956 t'ngetur
679 2887 957 2954 diabolus,
988 2887 1042 2941 in
1082 2886 1258 2958 fugam
1307 2896 1545 2943 vertatur
1587 2888 1757 2944 malus
1783 2889 1871 2944 ille
1911 2889 2020 2945 dae-

439 2992 562 3032 mon
584 3018 602 3042 ,
630 2986 684 3033 et
725 2977 972 3033 inimicus
1013 2979 1199 3035 salutis
1225 2989 1422 3035 nostra!
1452 2996 1466 3034 :
1499 2981 1800 3050 requiescat
1837 2991 2016 3038 autem

441 3067 516 3122 ibi
537 3066 766 3137 Spiritus
789 3068 958 3123 sancti
983 3069 1177 3139 gratia,
1207 3075 1263 3124 et
1299 3069 1475 3124 omnis
1513 3084 1619 3139 pax
1655 3080 1710 3125 et
1733 3073 2017 3128 concordia

436 3158 638 3212 muniat
674 3156 1053 3213 inhabitantes.
1095 3156 1228 3212 Nam
1271 3158 1316 3212 si
1353 3173 1539 3213 eorum
1576 3174 1696 3226 quae
1739 3159 1850 3231 jam
1878 3161 2020 3217 dicta

438 3256 582 3314 sunt,
608 3263 870 3304 memores
899 3249 1127 3317 fueritis,
1146 3257 1202 3304 et
1239 3248 1446 3320 majore
1457 3250 2021 3329 studioea,quaepost-

433 3343 538 3399 hac
576 3341 893 3398 seminaturi
973 3355 1178 3408 sumus,
1225 3340 1604 3410 susceperitis,
1653 3357 1754 3397 nos
1805 3358 2017 3415 quoque

435 3431 624 3499 majori
644 3430 822 3485 studio
846 3438 1005 3501 atque
1029 3430 1271 3487 ubertate
1298 3431 1538 3487 dicemus
1565 3447 1686 3504 qua:
1702 3434 1856 3490 nobis
1883 3448 2011 3506 sup-

437 3521 694 3592 peditabit
716 3523 883 3594 gratia
927 3523 1061 3590 Dei,
1087 3525 1129 3578 si
1165 3523 1466 3594 germinare
1491 3524 1781 3582 viderimus
1809 3541 1870 3582 ea
1895 3543 2017 3597 quas

437 3628 578 3668 nunc
605 3627 636 3667 a
685 3613 837 3669 nobis
882 3615 1022 3670 dicta
1068 3623 1210 3670 sunt.
1237 3615 1674 3687 Quandoquidem
1704 3625 1757 3673 et
1782 3619 2013 3689 agricola

435 3719 556 3761 cum
578 3704 768 3760 viderit
788 3706 991 3761 semina
1010 3706 1176 3772 nasci,
1200 3706 1402 3776 majore
1426 3708 1700 3764 alacritate
1728 3725 1852 3764 arva
1881 3725 2012 3766 con-

433 3795 629 3851 siderat
658 3804 713 3851 et
741 3796 955 3862 excolit,
985 3806 1143 3868 atque
1167 3797 1269 3851 alia
1298 3811 1480 3853 serere
1513 3800 1692 3869 gestit.

506 3888 557 3943 Β.
602 3886 670 3943 Ut
695 3888 850 3956 igitur
871 3887 1159 3943 alacriores
1194 3902 1291 3943 nos
1315 3889 1548 3945 rcddatis
1567 3933 1582 3957 ,
1607 3891 1718 3961 jam
1747 3893 2009 3950 dictorum

431 3987 633 4034 certam
685 3979 980 4034 custodiam
1009 3979 1389 4048 demonstrate,
1422 3990 1474 4036 et
1522 3997 1644 4038 cum
1689 3995 1850 4040 recta:
1891 3987 2013 4043 ﬁdei

433 4070 767 4140 dogmatibus
798 4072 958 4124 vitam
983 4085 1193 4142 quoque
1224 4081 1456 4127 vestram
1485 4074 1767 4145 diligenter
1807 4091 2011 4136 curate.

434 4161 623 4214 Luceat
649 4161 813 4220 enim.
860 4161 1042 4232 inquit,
1075 4161 1164 4215 tua:
1201 4172 1365 4217 vestra
1395 4181 1568 4219 coram
1613 4167 1917 4237 hominibus,
1959 4182 2014 4226 ut

431 4251 630 4305 videant
652 4267 806 4320 opera
826 4257 985 4306 vestra
1002 4251 1151 4316 bona,
1176 4262 1223 4306 et
1239 4253 1522 4324 gloriﬁcent
1536 4255 1743 4312 Patrem
1772 4267 2008 4330 vestrum,

428 4343 515 4412 qui
553 4343 606 4396 in
639 4343 775 4397 castis
803 4351 879 4397 est
914 4341 1127 4412 (Matth.
1158 4345 1213 4399 5.
1247 4345 1336 4417 l0)
1371 4365 1383 4399 :
1417 4356 1474 4402 ut
1513 4359 1566 4403 et
1608 4351 1712 4404 vita
1753 4365 2010 4409 consonet

430 4432 551 4487 ﬁdei
579 4431 928 4504 dogmatibus,
959 4443 1014 4488 et
1037 4434 1282 4506 dogmata
1310 4437 1601 4506 praedicent
1629 4442 1811 4497 vitam.
1851 4442 2009 4500 Fides

429 4522 571 4576 enim
598 4523 706 4577 sine
740 4523 976 4591 operibus
1012 4536 1211 4581 mortua
1239 4538 1313 4582 est
1341 4527 1483 4600 (Jac.
1502 4530 1557 4584 2.
1590 4531 1716 4602 26),
1747 4543 1802 4590 et
1846 4550 2005 4605 opera

427 4613 543 4667 sine
589 4613 694 4669 ﬁde
733 4623 939 4669 mortua
983 4626 1126 4673 sunt.
1157 4618 1288 4673 Nam
1333 4620 1459 4676 licet
1505 4638 1687 4678 sanam
1731 4633 2008 4684 teneamus

429 4701 754 4769 doctrinam,
793 4704 839 4756 si
867 4703 1028 4760 vitam
1069 4707 1421 4779 negligamus,
1473 4710 1605 4768 nihil
1634 4714 1785 4769 nobis
1811 4717 2006 4786 prode-

420 4789 493 4843 rit
517 4791 756 4846 doctrina
787 4809 800 4844 :
834 4809 1037 4861 rursus,
1059 4798 1104 4851 sl
1131 4797 1255 4853 vitae
1282 4813 1464 4855 curam
1490 4801 1793 4874 diligentem
1822 4823 2007 4878 gesse-

423 4878 610 4945 rimus,
645 4879 698 4934 in
720 4881 840 4936 lidei
870 4891 1046 4939 autem
1078 4887 1284 4956 placitis
1309 4890 1803 4964 claudicaverimus,
1832 4914 2004 4969 neque

422 4968 500 5022 sic
531 4969 684 5025 nobis
716 4970 915 5040 aliquid
941 4974 1075 5030 lucri
1126 4977 1299 5032 fuerit.
1328 4979 1454 5036 ldco
1477 4984 1724 5039 convenit
1755 4968 2003 5058 utrinque

422 5055 703 5112 aedificium
732 5058 834 5116 hoe
864 5071 1102 5118 nostrum
1134 5067 1406 5135 Spirituale
1434 5076 1751 5130 communiri
1782 5092 1793 5128 :
1820 5055 2000 5133 Omnis

421 5146 585 5213 enim,
609 5148 795 5218 inquit,
824 5153 908 5221 qui
928 5154 1071 5207 audit
1101 5157 1190 5211 hos
1211 5174 1462 5237 sermones
1487 5180 1641 5232 meos,
1673 5177 1717 5220 et
1742 5169 1866 5237 facit
1889 5187 1995 5237 eos,

419 5236 774 5292 assimitubitur
813 5244 918 5296 viro
949 5247 1182 5313 prudenti
1202 5232 1415 5315 (Matth.
1449 5253 1500 5305 7.
1530 5255 1647 5321 24),
1677 5232 1809 5315 Vide
1863 5232 1995 5331 quo;

418 5327 577 5381 modo
622 5345 726 5384 non
758 5333 927 5386 solum
976 5338 1158 5392 audire
1190 5355 1287 5395 nos
1314 5342 1460 5407 velit,
1503 5347 1594 5400 sed
1629 5351 1786 5404 etiam
1824 5327 1996 5408 facere

419 5427 471 5470 et
497 5423 742 5487 operibus
785 5425 1136 5484 obedientiam
1165 5433 1416 5491 exhibere
1447 5455 1459 5489 :
1497 5437 1637 5493 hunc
1681 5443 1995 5510 prudentem

417 5513 645 5578 vaeavit,
675 5517 762 5583 qui
794 5518 1044 5585 operibus
1069 5535 1343 5580 sermones
1370 5527 1813 5599 subsequentibus
1857 5551 1981 5590 con-

416 5601 631 5668 spicuus
659 5606 726 5658 sit
760 5625 770 5660 :
806 5609 894 5676 qui
922 5625 1049 5665 vero
1080 5621 1280 5668 tantum
1321 5616 1385 5671 ad
1417 5632 1692 5676 sermones
1723 5628 1992 5694 pervenit,

415 5701 465 5743 et
500 5708 604 5746 non
628 5694 692 5748 ad
721 5711 904 5766 Opera,
927 5717 1045 5755 eum
1077 5704 1291 5759 stultum
1321 5709 1528 5764 vocavit
1556 5729 1568 5763 :
1603 5714 1792 5768 merito
1819 5725 1990 5775 certe:

416 5785 537 5852 quia
570 5785 657 5842 ille
685 5788 897 5846 domum
922 5807 1068 5848 suam
1097 5810 1254 5868 super
1283 5814 1498 5857 arenam
1519 5801 1827 5875 :ediﬁcavit;
1870 5822 1994 5879 pro-

2142 527 2321 586 pterea
2345 533 2517 588 neque
2548 529 2826 575 ventorum
2871 520 2978 575 vim
3021 521 3159 577 ferre
3187 521 3377 592 potuit,
3420 521 3516 578 sed
3545 527 3722 580 statim

2137 611 2344 666 corruit
2365 611 2582 682 (Matth.
2611 613 2665 667 7.
2687 613 2803 682 26).
2834 612 2990 669 Tales
3013 615 3155 670 enim
3184 625 3307 670 sunt
3347 615 3562 673 desides
3607 617 3724 673 aui-

2137 715 2259 766 maa,
2285 717 2390 757 non
2420 702 2664 758 solidata:
2691 717 2854 774 super
2883 704 3091 760 ﬁrmam
3122 717 3328 777 petram
3352 709 3720 778 spiritualem:

2137 805 2244 845 non
2268 791 2408 847 enim
2428 791 2497 848 de
2521 791 2748 848 aedilicio
2773 803 2827 849 et
2844 795 2913 850 de
2939 795 3100 851 domo
3126 812 3268 852 nunc
3291 807 3375 853 est
3399 814 3599 866 sermo,
3627 799 3722 856 sed

2135 879 2203 935 de
2231 880 2430 948 anima,
2449 897 2569 952 quae
2595 898 2624 936 a
2653 885 2944 940 tentatione
2962 900 3149 956 quaus
3163 889 3415 957 quatitur.
3437 888 3570 945 Nam
3597 905 3723 944 ven-

2135 971 2194 1033 ti,
2221 971 2431 1040 pluviae,
2483 959 2843 1029 et'lluviorum
2875 976 3177 1032 nominibus
3218 980 3538 1036 teutationos
3569 981 3721 1036 nobis

2133 1062 2506 1124 subindieavit.
2543 1066 2612 1120 At
2640 1066 2783 1121 enim
2819 1067 2910 1138 qui
2940 1077 3218 1134 constans,
3250 1071 3481 1141 vigil,et
3510 1072 3722 1127 sobrius

2133 1163 2238 1222 est,
2269 1154 2368 1210 hac
2395 1157 2602 1213 ratione
2629 1158 2834 1214 ﬁrmior
2859 1160 3060 1228 evadit;
3078 1171 3133 1216 et
3159 1172 3359 1232 quanto
3375 1163 3606 1234 majores
3634 1164 3717 1218 in-

2133 1252 2406 1303 tentantur
2431 1248 2766 1317 afllictiones,
2799 1261 2946 1309 tanto
2973 1253 3090 1324 ejus
3121 1255 3343 1311 virilitas
3368 1264 3423 1311 et
3465 1256 3721 1313 fortitudo

2132 1337 2301 1410 magis
2329 1348 2590 1411 augentur
2628 1359 2642 1395 :
2689 1342 2846 1399 deses
2882 1354 3058 1400 autem
3088 1354 3143 1400 et
3169 1347 3414 1416 supinus,
3446 1346 3492 1402 si
3518 1349 3602 1403 vel
3635 1359 3709 1405 te-

2131 1430 2251 1486 nuis
2291 1431 2534 1500 quaedam
2566 1434 2917 1490 tentationum
2939 1450 3069 1491 aura
3098 1435 3314 1506 amarit,
3349 1438 3528 1494 statim
3553 1440 3719 1495 vacil-

2131 1520 2222 1587 lat,
2253 1530 2308 1576 et
2339 1523 2518 1578 animo
2542 1525 2795 1590 concidit,
2828 1541 2950 1590 non,
2969 1526 3040 1583 ob
3066 1536 3310 1583 naturam
3343 1531 3713 1596 tentationum,

2128 1609 2224 1665 sed
2269 1613 2340 1668 ob
2365 1613 2650 1669 voluntatis
2677 1616 3060 1671 inﬁrmitatem.
3083 1617 3344 1684 Quocirca
3370 1628 3584 1690 oportet
3624 1636 3716 1677 so-

2130 1702 2276 1757 brios
2302 1719 2444 1771 esse,
2470 1714 2527 1760 et
2553 1706 2739 1787 vigiles
2757 1748 2772 1774 ,
2803 1717 2858 1762 et
2882 1707 2948 1762 ad
2979 1711 3157 1764 omnia
3187 1723 3513 1780 praeparatos
3543 1729 3556 1765 :
3586 1723 3646 1768 ut
3664 1725 3718 1770 et

2130 1793 2184 1848 in
2223 1795 2576 1864 prosperitate
2603 1795 2830 1852 modesti
2859 1811 2922 1852 ac
2949 1813 3054 1854 non
3085 1798 3261 1866 etlusi,
3290 1809 3344 1855 et
3383 1801 3437 1856 in
3465 1802 3715 1858 afﬂictio-

2131 1883 2290 1940 nibus
2303 1899 2424 1956 quae
2446 1885 2600 1941 nobis
2624 1884 2953 1957 intligantur,
2987 1888 3153 1944 sobrii
3177 1897 3232 1944 et
3258 1890 3569 1965 prudentes,
3589 1909 3714 1964 per-

2129 1982 2318 2048 petuas
2341 1976 2540 2046 gratias
2568 1975 2860 2033 referamus
2881 1977 3109 2048 benigno
3135 1979 3264 2034 Deo.
3297 1979 3354 2036 Si
3380 1982 3457 2037 sic
3493 1997 3580 2039 res
3614 1999 3716 2039 no-

2127 2076 2264 2122 stras
2281 2067 2689 2136 instituerlmus,
2708 2068 2930 2124 multum
2947 2069 3130 2139 gratia:
3142 2069 3333 2126 divinae
3347 2086 3712 2144 assequemur:

2131 2156 2526 2226 poterimusque
2547 2167 2866 2226 prmsentem
2911 2157 3075 2214 vitam
3107 2174 3296 2216 secure
3327 2163 3712 2231 transmittere,

2128 2253 2182 2298 et
2208 2246 2260 2299 in
2287 2245 2464 2301 futura
2487 2247 2596 2301 vita
2622 2262 2828 2317 magna:
2847 2247 3053 2304 ﬁducia:
3073 2264 3202 2320 opes
3231 2265 3490 2321 reponere
3518 2269 3532 2305 :
3556 2269 3714 2324 quam

2127 2335 2283 2393 nobis
2309 2337 2558 2393 omnibus
2576 2339 2788 2410 assequi
2807 2340 3102 2412 contingat,
3123 2343 3291 2412 gratia
3314 2353 3367 2397 et
3388 2342 3715 2415 benignitate

2130 2426 2340 2482 Domini
2369 2428 2538 2484 nostri
2565 2429 2691 2484 Jesu
2716 2427 2936 2499 Christi,
2980 2447 3102 2487 cum
3151 2447 3258 2503 quo
3286 2429 3436 2486 Patri
3475 2435 3632 2492 simul
3661 2446 3715 2491 et

2125 2527 2312 2574 sancto
2326 2519 2544 2590 Spiritui
2569 2521 2757 2589 gloria,
2783 2520 3090 2592 imperium,
3115 2523 3310 2592 honor,
3333 2540 3476 2580 nunc
3501 2535 3556 2582 et
3574 2541 3712 2582 scm-

2125 2625 2244 2681 per,
2275 2619 2329 2666 et
2354 2611 2409 2666 in
2429 2612 2628 2668 secula
2653 2613 2995 2670 smculorum.
3025 2617 3217 2671 Amen.

2708 2745 2990 2803 HOMILIA
3040 2745 3125 2803 Ill.

2128 2853 2205 2910 De
2221 2855 2287 2910 iis
2315 2871 2429 2926 qua
2447 2866 2718 2928 supersunt
2742 2859 2956 2914 dicenda
2975 2861 3028 2914 in
3056 2860 3209 2926 illud,
3243 2859 3299 2916 In
3343 2863 3606 2935 principio
3632 2862 3710 2920 fe-

2194 2947 2266 3002 cit
2287 2947 2428 3003 Deus
2455 2949 2645 3004 caelum
2675 2958 2730 3005 et
2759 2958 2958 3007 terram
2992 2949 3144 3021 (Gen.
3176 2953 3226 3007 l.
3261 2953 3341 3024 l),
3370 2970 3526 3023 usque
3544 2957 3614 3010 ad
3638 2956 3707 3010 it-

2193 3037 2304 3105 tud,
2333 3037 2399 3093 Et
2425 3037 2622 3093 factum
2673 3050 2756 3095 est
2798 3055 3043 3112 vespere,
3092 3049 3146 3098 et
3187 3043 3383 3098 factum
3414 3054 3496 3101 est
3521 3062 3710 3114 mane,

2191 3127 2307 3183 dies
2329 3144 2465 3184 unus
2485 3127 2634 3200 (Gen.
2667 3130 2717 3185 l.
2748 3131 2826 3202 5).

2193 3241 2245 3296 Ι.
2287 3241 2563 3298 Thesauro
2587 3244 2816 3313 cuipiam
2855 3256 3199 3315 comparatur
3225 3247 3526 3307 divinarum
3564 3251 3708 3309 Scri-

2122 3339 2396 3401 pturarum
2445 3332 2622 3390 lectio.
2649 3334 2782 3390 Nam
2822 3337 2962 3392 sicut
2987 3353 3053 3392 ex
3085 3338 3175 3393 illo
3203 3341 3442 3412 quisquis
3470 3344 3553 3398 vel
3597 3344 3708 3400 fru-

2118 3420 2316 3478 stulum
2347 3437 2568 3494 Carpere
2614 3425 2786 3492 valet,
2833 3428 3030 3482 multas
3054 3428 3156 3485 sibi
3184 3439 3334 3500 parat
3362 3431 3572 3488 divitias
3598 3451 3611 3486 :
3636 3436 3707 3490 ita

2119 3513 2248 3567 etin
2275 3526 2423 3569 saera
2446 3514 2739 3586 Scriptura,
2771 3517 2930 3573 etiam
2957 3519 3009 3573 in
3038 3520 3186 3575 brevi
3215 3522 3484 3590 dictione,
3515 3524 3703 3596 ingen-

2123 3609 2231 3657 tem
2257 3605 2644 3661 sententiarum
2687 3607 2794 3662 vim
2824 3620 2877 3664 et
2903 3610 3190 3666 immensas
3216 3611 3428 3668 divitias
3468 3615 3707 3671 invenire

2119 3693 2260 3750 licet.
2292 3695 2358 3750 Et
2403 3711 2510 3752 non
2535 3698 2706 3753 solum
2737 3699 2985 3756 thesauro
3015 3703 3206 3758 similia
3241 3715 3366 3760 sunt
3390 3705 3567 3762 divina
3591 3709 3704 3764 elo-

2117 3787 2258 3855 quia,
2276 3785 2372 3842 sed
2391 3785 2526 3844 fonti
2544 3805 2757 3861 quoque
2775 3790 2936 3861 largis
2952 3794 3380 3865 perennibusqne
3394 3797 3703 3852 scaturienti

2117 3875 2368 3934 fluentis:
2405 3879 2455 3934 id
2494 3881 2635 3952 quod
2664 3898 2729 3938 ex
2760 3883 2920 3939 rebus
2948 3885 3076 3954 ipsis
3126 3885 3241 3941 heri
3277 3903 3466 3944 omnes
3510 3889 3700 3944 didici-

2118 3984 2256 4023 mus.
2284 3969 2416 4025 Nam
2446 3983 2504 4027 ut
2541 3976 2801 4043 procemia
2824 3974 2944 4030 libri
2971 3974 3243 4033 Geneseos
3269 3979 3586 4050 iucepimus,
3643 3983 3697 4037 in

2117 4060 2449 4130 explanando
2479 4062 2582 4118 hoc
2621 4065 2785 4132 dicto,
2835 4064 2901 4120 In
2931 4069 3180 4138 principio
3210 4070 3326 4139 fecit
3356 4070 3495 4126 Deus
3523 4073 3704 4126 cretum

2117 4160 2165 4204 et
2189 4159 2394 4216 terram,
2419 4161 2586 4206 totum
2612 4155 2882 4210 tradenda:
2919 4157 3176 4213 doctrinae
3219 4159 3541 4215 destinatum
3563 4169 3703 4217 tem-

2117 4257 2217 4312 pus
2239 4244 2638 4314 insumpsimus,
2682 4255 2735 4303 et
2757 4263 2928 4318 neque
2955 4249 3034 4305 sic
3059 4260 3225 4305 totum
3252 4252 3506 4322 expedire
3535 4255 3704 4308 valui-

2115 4350 2254 4390 mus.
2294 4335 2480 4407 Magna
2506 4338 2648 4394 enim
2691 4349 2773 4394 est
2801 4339 2959 4408 hujus
3000 4339 3232 4396 thesauri
3262 4343 3606 4413 abundantia,
3648 4357 3702 4401 ct

2112 4425 2256 4496 larga
2281 4425 2442 4483 fontis
2460 4426 2618 4498 hujus
2642 4429 2931 4499 spiritualis
2960 4431 3177 4486 ﬂuenta.
3209 4431 3320 4489 Nec
3353 4433 3582 4503 mireris,
3607 4450 3699 4490 ca-

2112 4517 2342 4584 rissime,
2390 4517 2436 4572 si
2476 4518 2630 4574 nobis
2657 4519 2762 4575 hoc
2792 4519 3003 4576 accidat
3035 4538 3048 4575 :
3080 4523 3243 4577 etiam
3291 4524 3382 4591 qui
3432 4535 3557 4582 ante
3601 4542 3700 4583 nc;

2113 4609 2259 4666 fuere
2284 4625 2382 4681 pro
2409 4611 2609 4668 viribus
2631 4613 2742 4667 suis
2769 4628 2935 4683 aquas
2963 4600 3087 4669 inde
3107 4614 3422 4684 hauserunt,
3454 4625 3508 4673 et
3545 4618 3698 4674 simi-

2110 4699 2230 4755 liter
2256 4701 2344 4770 qui
2395 4708 2514 4770 post
2541 4709 2637 4756 nos
2667 4700 2833 4757 futuri
2855 4712 2980 4757 sunt
3031 4703 3170 4759 idem
3211 4706 3569 4775 attentabunt,
3597 4724 3694 4762 ne-

2109 4806 2212 4860 que
2240 4791 2318 4846 sic
2345 4799 2512 4846 totum
2553 4806 2812 4847 evacuare
2834 4803 3115 4862 poterunt;
3151 4795 3244 4849 sed
3275 4797 3444 4866 magis
3483 4796 3694 4852 interim

2110 4891 2399 4951 augescunt
2415 4881 2634 4948 ﬂuenta,
2667 4890 2722 4938 et
2748 4891 2998 4938 crescunt
3035 4884 3194 4938 alvei.
3221 4886 3346 4940 Hazc
3371 4886 3512 4940 enim
3541 4887 3698 4956 spiri-

2109 4975 2330 5031 tualium
2358 4974 2638 5030 ﬂuminum
2661 4984 2848 5030 natura
2877 4985 2978 5040 est,
3007 4983 3064 5030 ut
3092 4989 3158 5031 eo
3186 4978 3354 5046 magis
3378 4979 3692 5045 scaturiant,

2109 5078 2164 5125 et
2208 5077 2477 5124 accrescat
2515 5067 2805 5137 spiritualis
2834 5069 3020 5137 gratia,
3079 5083 3188 5138 quo
3215 5068 3336 5137 quis
3369 5068 3537 5138 magis.
3569 5068 3695 5124 inde

2111 5160 2324 5216 haurire
2349 5159 2548 5216 studet.
2580 5160 2802 5229 Propter
2831 5159 2932 5214 hoc
2969 5168 3024 5215 et
3065 5159 3309 5215 Christus
3335 5159 3546 5215 dicebat
3582 5178 3596 5215 :
3631 5161 3694 5216 Si

2107 5256 2217 5326 quis
2245 5255 2368 5318 sitit,
2398 5253 2560 5307 veniat
2587 5253 2654 5305 ad
2685 5269 2781 5314 me,
2809 5261 2853 5305 et
2874 5252 3023 5305 bibat.
3056 5250 3155 5315 Qui
3177 5251 3333 5304 credit
3354 5251 3406 5304 in
3436 5267 3538 5319 me,
3563 5252 3692 5304 sicut

2108 5350 2235 5403 dixit
2263 5347 2549 5416 Scriptura,
2572 5346 2786 5416 ﬂumina
2814 5346 2876 5398 de
2912 5353 3078 5397 ventre
3101 5345 3212 5413 ejus
3255 5342 3414 5412 fluent
3437 5357 3584 5411 aqua?
3617 5343 3692 5395 pi-

2105 5443 2261 5496 ventis
2293 5439 2470 5514 (Joan.
2505 5439 2661 5505 7.37,
2682 5436 3006 5505 38):quibus
3026 5435 3204 5491 verbis
3243 5435 3431 5488 borum
3458 5435 3685 5489 fluento-

2107 5549 2227 5588 rum
2256 5529 2632 5586 abundantiam
2679 5528 2833 5582 nobis
2864 5526 3077 5582 indicat.
3110 5527 3372 5594 Quoniam
3400 5525 3557 5593 igitur
3580 5526 3684 5595 spi-

2106 5625 2376 5681 ritualium
2409 5621 2727 5677 ﬂuentorum
2764 5630 2949 5674 natura
2983 5620 3101 5674 talis
3128 5629 3238 5685 est,
3273 5634 3368 5688 age
3398 5618 3691 5674 afferamns

2105 5733 2292 5772 omnes
2340 5716 2534 5770 mentis
2575 5724 2774 5769 nostra:
2795 5728 2939 5777 vasa,
2970 5725 3026 5767 ut
3065 5713 3298 5782 impletis
3327 5713 3429 5767 illis
3471 5713 3687 5767 domum

2107 5815 2405 5864 redeamus.
2461 5805 2590 5862 Nam
2617 5803 2830 5876 quando
2864 5805 3005 5860 videt
3029 5806 3194 5875 gratia
3223 5803 3452 5872 Spiritus
3479 5803 3691 5859 fervens
