4038 6386
319 319 386 375 33
1445 311 1508 367 IN
1548 312 1701 368 CAP.
1744 310 1785 366 l.
1827 310 1895 365 Gl

2006 309 2080 362 ,9.
2118 306 2347 363 llOMIL.
2392 305 2476 360 Ill.
3550 311 3622 363 πῖ

315 426 731 490 desiderium,ct
748 423 963 495 vigilem
994 431 1249 489 mentem,
1281 431 1404 476 tunc
1434 430 1487 477 et
1510 422 1731 493 gratiam
1756 435 1907 476 suam

312 519 619 588 opulentam
660 516 940 571 liberalius
968 515 1202 585 largitur.
1239 514 1578 569 Abducamus
1610 514 1769 584 igitur
1811 528 1911 568 nos

311 611 379 663 ab
422 608 670 662 omnibus
702 606 860 675 hujus
886 606 1005 659 vita:
1048 606 1211 670 curis,
1242 612 1297 659 et
1327 605 1546 659 resectis
1585 604 1650 658 iis
1676 619 1794 673 qua!
1820 617 1909 659 co-

309 700 597 770 gitationes
639 707 851 752 nostras
882 697 1023 750 velut
1049 696 1215 766 Spinm
1238 695 1535 761 sull'ocant,
1563 694 1630 750 ad
1661 696 1911 765 spiritua-

316 794 444 845 lium
494 790 819 844 desiderium
866 796 1100 842 mentem
1138 796 1376 842 nostram
1410 795 1578 841 totam
1616 786 1910 842 transfera-

313 896 454 947 mus,
509 890 566 935 ut
614 894 806 948 magno
829 878 953 932 inde
996 876 1467 946 reportatoluero,
1496 885 1550 932 et
1577 876 1776 947 ingenti
1807 876 1909 930 uti-

312 976 460 1027 litate
482 980 749 1041 percepta,
806 971 878 1023 ita
917 967 1041 1021 hinc
1068 967 1403 1023 recedamus.
1435 966 1701 1023 Caeterum
1729 976 1785 1021 ut
1810 982 1904 1021 voc

314 1064 395 1116 bis
425 1061 758 1116 manifestior
798 1060 871 1115 sit
895 1072 1092 1125 sermo,
1123 1073 1287 1127 pauca
1315 1058 1560 1128 quaedam
1587 1073 1653 1113 ex
1698 1058 1907 1112 hester-

311 1156 395 1208 nis
434 1154 592 1208 dictis
620 1155 671 1206 in
702 1150 1015 1206 memoriam
1050 1149 1260 1205 caritati
1289 1158 1481 1204 vestrae
1502 1149 1818 1212 referemus,
1851 1156 1909 1202 ut

309 1248 388 1301 sic
415 1245 482 1300 iis
508 1260 628 1315 quae
653 1244 766 1297 heri
803 1242 948 1297 dicta
974 1248 1122 1306 sunt,
1173 1243 1287 1295 lucc
1316 1254 1457 1295 nunc
1484 1239 1710 1295 dicenda
1752 1239 1906 1309 quisi

309 1338 365 1390 in
395 1351 558 1390 unum
598 1348 791 1402 corpus
812 1332 1222 1403 conjungamus.
1242 1330 1587 1385 Ostendimus
1607 1331 1748 1385 enim
1766 1330 1900 1396 heri,

309 1440 365 1483 ut
390 1428 729 1489 meministis,
759 1424 1028 1497 quomodo
1057 1425 1243 1478 beatus
1262 1423 1433 1477 Moses
1461 1437 1720 1477 enarrans
1750 1422 1905 1476 nobis

310 1524 503 1577 horum
553 1517 837 1571 visibilium
893 1515 1279 1569 elementorum
1308 1513 1634 1567 creationem
1672 1521 1726 1567 et
1754 1511 1907 1582 Opiﬁ-

305 1616 471 1679 cium,
494 1610 687 1665 dixerit
715 1626 729 1662 :
757 1607 823 1661 In
840 1606 1091 1678 principio
1112 1607 1227 1676 fecit
1256 1604 1393 1658 Deus
1414 1604 1593 1659 cwlum
1613 1614 1658 1658 et
1681 1614 1865 1658 terram
1885 1620 1904 1659 :

305 1716 442 1760 terra
468 1713 637 1758 autem
674 1710 779 1755 erat
803 1700 1065 1755 invisibilis
1093 1708 1140 1752 et
1170 1700 1503 1768 incomposita
1524 1716 1543 1753 .'
1575 1709 1630 1755 et
1655 1713 1745 1753 vos
1777 1714 1903 1753 cau-

306 1811 421 1853 sam
461 1792 762 1857 docuimus,
788 1806 953 1861 quare
980 1789 1124 1844 Deus
1151 1798 1346 1845 terram
1372 1787 1678 1855 informem,
1711 1798 1765 1843 et
1784 1788 1907 1842 nul-

305 1888 370 1942 lis
417 1886 600 1957 ﬁguris
622 1883 909 1954 expolitam
948 1882 1247 1946 creaverit;
1293 1896 1433 1951 quae,
1483 1882 1698 1950 opinor,
1721 1882 1902 1936 omnia

304 1986 484 2033 mente
514 1977 710 2031 tenetis
742 1992 755 2028 :
785 1974 1148 2029 necessarium
1180 1981 1265 2026 est
1295 1972 1455 2042 igitur
1478 1986 1575 2026 nos
1600 1971 1667 2025 ad
1697 1985 1759 2026 ea
1782 1986 1902 2042 quin

302 2063 599 2139 sequuntur
624 2066 784 2121 hodie
804 2064 1073 2137 progredi.
1101 2064 1234 2118 Nam
1265 2071 1545 2134 postquam
1568 2061 1721 2129 dixit,
1742 2060 1905 2117 Terra

302 2172 471 2214 autem
509 2170 616 2213 erat
642 2158 906 2212 invisibilis
930 2174 988 2211 ac
1017 2156 1368 2226 incomposita,
1400 2169 1499 2210 nos
1528 2164 1777 2208 accurate
1803 2152 1900 2207 do-

301 2263 407 2317 cet,
454 2252 597 2307 unde
626 2249 909 2305 invisibilis
946 2255 1092 2304 esset
1119 2255 1174 2303 et
1203 2246 1425 2311 inculta,
1453 2246 1638 2301 dicens
1668 2262 1683 2296 :
1717 2244 1784 2299 Et
1827 2253 1902 2299 te-

302 2345 470 2399 nebris
509 2352 652 2398 erant
686 2358 839 2413 super
866 2341 1129 2411 abyssum,
1155 2348 1203 2393 et
1232 2338 1462 2409 Spiritus
1489 2338 1583 2392 Dei
1612 2342 1897 2410 superfere-

302 2439 451 2490 balur
474 2450 626 2504 super
648 2449 854 2503 aquam.
892 2431 1022 2487 Vide
1042 2430 1148 2496 hic,
1194 2445 1353 2501 quam
1372 2430 1503 2485 nihil
1524 2429 1779 2500 superﬂui
1806 2429 1903 2484 ad-

303 2526 527 2589 misceat
565 2524 752 2578 beatus
812 2521 1095 2592 propheta,
1149 2531 1204 2575 et
1250 2519 1518 2591 quomodo
1562 2535 1669 2575 non
1721 2519 1897 2574 omnia

300 2613 656 2683 particulatim
689 2618 889 2675 narret,
919 2625 1039 2680 qua:
1067 2618 1246 2664 creata
1269 2618 1411 2676 sunt,
1436 2608 1530 2664 sed
1552 2624 1674 2663 cum
1694 2608 1896 2663 docue-

299 2706 369 2760 rit
395 2721 493 2760 nos
517 2705 585 2759 de
612 2704 747 2759 caelo
774 2714 821 2758 et
850 2714 1012 2770 terra,
1043 2718 1161 2773 qua:
1189 2703 1414 2772 plurima
1448 2702 1498 2755 in
1531 2718 1590 2756 se
1620 2702 1899 2757 continent

286 2796 596 2858 elementa,
630 2793 1004 2862 prmtermittat
1044 2792 1168 2847 alia.
1198 2791 1329 2845 Nam
1360 2806 1481 2847 cum
1524 2789 1591 2845 de
1638 2804 1895 2857 aquarum

295 2886 513 2955 opificio
539 2883 797 2938 nihildum
819 2883 1064 2947 dixisset,
1087 2883 1162 2937 ait
1190 2901 1201 2935 :
1233 2882 1300 2935 Et
1332 2882 1549 2936 teneer
1572 2890 1715 2934 erant
1745 2897 1899 2950 super

300 2979 557 3045 abyssum,
589 2986 635 3030 et
656 2975 896 3043 'Spiritus
930 2974 1027 3030 Dei
1073 2975 1480 3045 superferebatur
1506 2990 1659 3044 super
1687 2990 1889 3038 aquam.

300 3068 424 3121 llaec
450 3066 593 3121 enim
624 3065 872 3135 tegebant
898 3066 1087 3119 faciem
1119 3074 1313 3130 terrae;
1338 3065 1405 3119 de
1436 3064 1673 3119 tenebris
1704 3065 1896 3134 loquor

296 3169 349 3213 et
377 3157 572 3228 abysso
600 3170 882 3225 aquarum.
907 3154 1043 3210 llinc
1069 3156 1373 3221 didicimus,
1396 3171 1556 3210 omne
1580 3154 1721 3225 quod
1748 3155 1900 3211 vidc-

299 3249 454 3302 batur
486 3246 649 3301 fuisse
676 3245 932 3316 abyssum
968 3261 1225 3315 aquarum
1276 3246 1513 3300 tenebris
1548 3246 1806 3311 velatam,
1842 3255 1897 3300 et

297 3352 433 3406 Opus
472 3336 722 3391 habuisse
742 3335 983 3405 sapiente
1010 3334 1231 3404 Opifice,
1264 3334 1355 3405 qui
1391 3350 1606 3390 omnem
1634 3334 1771 3390 hanc
1808 3335 1893 3389 in-

296 3428 624 3483 formitatem
652 3426 921 3481 discutere
945 3468 961 3491 ,
989 3434 1045 3480 et
1073 3435 1319 3480 ornatum
1351 3426 1583 3495 aliquem
1630 3426 1685 3480 in
1715 3425 1893 3479 omnia

300 3526 479 3585 posset
500 3516 771 3571 inducere.
793 3516 859 3570 Et
890 3516 1122 3578 tenebris,
1154 3515 1348 3585 inquit,
1377 3532 1529 3583 super
1555 3515 1813 3584 abyssum,
1846 3524 1893 3566 et

298 3608 523 3675 Spiritus
576 3605 675 3660 Dei
718 3606 1122 3676 superferebatur
1156 3622 1307 3675 super
1352 3622 1556 3674 aquam.
1607 3603 1745 3671 Quid
1790 3603 1891 3658 sibi

297 3697 407 3750 vult
444 3694 588 3765 quod
618 3695 785 3749 dicit:
820 3694 887 3747 Et
927 3694 1153 3763 Spiritus
1190 3693 1286 3747 Dei
1308 3693 1719 3764 superferebatur
1741 3709 1893 3763 super

295 3786 511 3857 nquam?
539 3785 665 3840 Mihi
692 3784 903 3840 videtur
934 3786 1036 3839 hoc
1062 3783 1361 3853 significare
1381 3825 1396 3849 ,
1450 3785 1613 3839 fuisse
1645 3783 1697 3838 in
1738 3784 1893 3853 aquis

297 3878 569 3933 elficacem
586 3876 870 3947 quamdam
897 3885 946 3931 et
971 3877 1184 3952 vitalem
1202 3876 1590 3945 operationem,
1606 3892 1707 3932 nec
1726 3876 1893 3933 fuisse

295 3969 607 4039 simpliciter
635 3982 829 4037 aquam
858 3975 1089 4022 stantem
1120 3975 1174 4021 et
1207 3968 1560 4035 immobilem,
1589 3966 1685 4021 sed
1714 3968 1889 4023 mobi-

298 4062 431 4127 lem,
463 4069 518 4114 et
560 4058 775 4113 vitalem
805 4058 1087 4128 quamdam
1120 4058 1225 4112 vim
1256 4058 1557 4113 habentem.
1584 4058 1718 4113 Nam
1747 4058 1889 4129 quod

297 4152 592 4217 immobile,
618 4152 840 4206 omnino
877 4151 1063 4205 inutile
1090 4159 1201 4218 est;
1252 4153 1395 4221 quod
1443 4168 1573 4208 vero
1614 4162 1887 4218 movetur,

294 4245 362 4298 ad
391 4245 557 4299 multa
586 4244 856 4299 conducit.

363 4335 418 4388 2.
463 4332 531 4388 Ut
561 4334 721 4403 igitur
738 4332 955 4387 doceret
982 4348 1080 4387 nos
1094 4332 1281 4388 beatus
1301 4333 1392 4388 ille
1420 4335 1675 4404 propheta
1695 4350 1887 4405 aquam

295 4428 437 4481 illam
474 4439 718 4493 magnam
763 4432 819 4478 et
863 4423 1185 4478 ineffabilem
1229 4425 1425 4480 habere
1456 4426 1563 4479 vim
1602 4426 1887 4495 quamdam

292 4515 530 4579 vitalem,
571 4512 743 4568 dicit:
784 4512 848 4567 Et
879 4513 1104 4584 Spiritus
1149 4514 1241 4567 Dei
1277 4517 1686 4586 superferebatur
1733 4532 1890 4586 super

294 4621 498 4674 nquam.
554 4603 720 4673 ldque
766 4620 873 4657 non
924 4605 1125 4673 absque
1155 4605 1363 4659 ratione
1390 4606 1665 4675 Scriptura
1708 4606 1887 4660 divina

293 4695 672 4769 praeveniendo
719 4695 884 4761 dicit;
926 4696 1023 4750 sed
1054 4711 1119 4751 eo
1166 4697 1309 4768 quod
1340 4706 1523 4767 postea
1568 4699 1774 4753 dictura
1818 4700 1888 4755 sit

294 4790 445 4844 nobis
474 4789 745 4843 animalia
777 4803 844 4843 ex
872 4790 1024 4857 aquis
1055 4788 1171 4844 istis
1205 4806 1269 4844 ex
1313 4802 1584 4861 praecepto
1632 4793 1724 4845 Dei
1772 4807 1887 4846 om-

294 4880 435 4931 nium
466 4878 761 4932 conditoris
781 4878 1039 4946 producta
1068 4878 1251 4943 fuisse,
1279 4891 1561 4950 prapterca
1588 4882 1885 4937 auditorem

296 4969 377 5022 hic
408 4983 549 5021 nunc
579 4968 736 5022 docet
761 4984 867 5021 non
897 4968 1011 5022 sine
1037 4984 1195 5023 causa
1224 4985 1414 5041 aquam
1449 4971 1593 5026 illam
1617 4974 1890 5029 constitis-

294 5074 371 5127 se,
394 5058 489 5113 sed
516 5067 573 5112 ut
599 5068 925 5124 moveretur,
954 5058 1299 5127 discurreret,
1329 5070 1385 5116 et
1431 5064 1610 5117 omnia
1637 5064 1882 5119 allueret.

292 5150 729 5220 Quandoquidem
777 5150 934 5221 igitur
984 5152 1175 5207 diffusa
1243 5163 1358 5209 erat
1411 5172 1599 5227 magna
1649 5159 1883 5213 universi

293 5242 512 5296 visibilis
544 5240 864 5309 informitas,
894 5252 1162 5312 prmcepto
1190 5261 1289 5299 suo
1320 5246 1489 5313 Deus,
1533 5250 1767 5317 optimus
1800 5252 1886 5305 ille

293 5334 499 5397 artifex,
524 5333 918 5389 deformitatem
948 5335 1091 5390 illam
1114 5336 1336 5406 depulit,
1378 5348 1434 5394 et
1459 5340 1720 5397 immensa
1750 5342 1882 5397 lucis

294 5427 514 5481 visibilis
542 5425 881 5493 pulchritudo
916 5428 1170 5495 producta
1201 5430 1450 5484 tenebras
1478 5431 1677 5500 fugavit
1700 5434 1873 5487 sensi-

294 5518 445 5580 bilcs,
489 5518 877 5588 illustravitque
898 5520 1097 5572 omnia.
1130 5520 1180 5573 5.
1222 5518 1284 5573 Et
1315 5522 1467 5586 dixit,
1498 5525 1688 5593 inquit,
1724 5524 1881 5593 Deus,

294 5614 378 5679 [lat
402 5614 527 5673 lux;
559 5621 604 5664 et
640 5616 776 5681 facta
799 5621 871 5665 est
902 5612 1008 5665 lux.
1043 5612 1211 5675 Dixit,
1242 5623 1294 5667 et
1340 5614 1476 5669 facta
1504 5626 1585 5669 est
1619 5634 1631 5669 :
1663 5620 1883 5672 manda-

295 5705 384 5772 vit,
419 5715 471 5760 et
498 5704 728 5759 tenebrae
759 5703 973 5772 quidem
1007 5702 1196 5775 fugata:
1247 5715 1391 5775 sunt,
1422 5706 1509 5762 lux
1539 5718 1717 5765 autem
1751 5727 1878 5780 pro-

2019 420 2199 474 ducta.
2247 418 2406 473 Vides
2451 414 2775 472 ineffabilem
2822 415 3154 485 potentiam?
3186 415 3384 470 Verum
3415 418 3504 487 qui
3533 434 3623 471 cr-

2020 524 2141 564 rore
2167 508 2525 579 praeoccupati
2548 515 2691 571 sunt,
2714 522 2818 559 non
2838 505 3180 562 attendentes
3201 507 3463 560 dictorum
3494 522 3625 561 eou-

2016 599 2379 670 sequentiam,
2429 614 2602 668 neque
2628 598 2907 653 audientes
2931 595 3149 652 beatum
3194 598 3398 653 Mosem
3438 600 3623 653 dicen-

2017 700 2126 747 tem
2159 709 2172 745 :
2204 690 2273 745 In
2322 691 2573 760 piincipio
2626 692 2745 759 fecit
2792 689 2932 745 Deus
2980 691 3166 745 celum
3217 702 3265 746 et
3319 701 3543 762 terram;
3568 705 3627 750 et

2016 797 2140 837 mox
2166 782 2483 838 subdentem
2511 800 2524 835 :
2559 782 2719 836 Terra
2744 794 2912 837 autem
2934 792 3041 837 erat
3063 783 3329 838 invisibilis
3356 795 3400 839 et
3428 786 3625 840 incom-

2017 873 2204 939 posita,
2247 888 2313 929 eo
2354 873 2496 943 quod
2522 874 2759 930 tenebris
2787 884 2841 930 et
2882 877 3037 946 aquis
3073 885 3219 931 esset
3246 876 3494 943 obtecta;
3540 877 3620 932 sic

2014 963 2157 1017 enim
2186 964 2355 1018 visum
2379 962 2481 1019 fuit
2510 965 2734 1019 Domino
2754 964 2825 1020 ab
2852 965 3003 1020 initio
3019 980 3139 1020 eam
3168 968 3503 1035 producere:
3531 967 3623 1023 di—

2013 1065 2143 1109 cunt
2181 1062 2338 1110 antea
2365 1056 2528 1111 fuisse
2563 1056 2857 1125 subjectam
2907 1058 3225 1131 materiam,
3275 1068 3333 1112 et
3370 1055 3622 1113 tenebras

2015 1147 2418 1214 prmesstitisse.
2451 1146 2591 1212 Quid
2614 1145 2713 1201 hac
2747 1147 2981 1201 amentia
3012 1146 3209 1217 pejus?
3234 1145 3403 1203 Audis
3454 1148 3622 1204 Deum

2013 1236 2067 1289 in
2102 1236 2366 1307 principio
2396 1236 2591 1292 fecisse
2625 1237 2815 1292 caelum
2872 1246 2928 1292 et
2958 1245 3153 1293 terram
3175 1277 3192 1304 ,
3238 1246 3293 1292 et
3328 1253 3396 1294 ex
3446 1224 3618 1294 nihilo

2012 1341 2129 1397 qua:
2150 1336 2276 1382 sunt
2306 1326 2445 1384 facta
2477 1328 2671 1394 fuisse,
2702 1338 2757 1386 et
2784 1329 2918 1384 dicis
2947 1331 3093 1400 prius
3142 1330 3414 1386 exstitisse
3441 1343 3613 1387 mate-

2012 1419 2185 1474 riam?
2214 1420 2343 1488 Quis
2370 1436 2562 1476 eorum
2590 1422 2680 1492 qui
2734 1431 2970 1497 mentem
3003 1422 3232 1487 habent,
3262 1431 3463 1477 tantam
3507 1423 3617 1478 fer-

2011 1519 2094 1565 ret
2118 1510 2411 1565 insaniaml
2434 1514 2713 1588 Numquid
2739 1514 2899 1568 homo
2926 1520 3011 1568 est
3036 1512 3223 1583 Opifex
3249 1511 3363 1579 ille,
3400 1525 3456 1568 ut
3482 1530 3619 1585 opus

2012 1599 2207 1655 habeat
2228 1600 2472 1672 subjecto
2514 1603 2696 1672 aliquo
2724 1600 2790 1657 ad
2820 1601 3291 1657 demonstrandam
3336 1619 3489 1658 suam
3529 1620 3619 1659 ar-

2013 1690 2166 1746 tem?
2195 1692 2337 1747 Deus
2362 1700 2445 1748 est
2471 1693 2556 1747 cui
2588 1693 2767 1747 omnia
2798 1692 3016 1758 cedunt,
3046 1694 3136 1764 qui
3166 1694 3330 1749 verbo
3376 1706 3435 1751 et
3476 1713 3617 1766 pra:-

2009 1790 2165 1851 cepto
2191 1796 2290 1836 suo
2315 1783 2495 1838 omnia
2514 1782 2775 1838 condidit.
2804 1784 3037 1840 Attende
3062 1785 3206 1839 enim
3232 1804 3245 1838 :
3274 1784 3618 1854 dicitsolum,

2010 1880 2062 1925 et
2092 1871 2349 1942 producta
2374 1882 2458 1928 est
2498 1873 2623 1941 lux,
2655 1881 2712 1929 et
2742 1873 3124 1929 abscesserunt
3172 1875 3431 1931 tenebrae.
3458 1877 3512 1931 4.
3547 1876 3616 1931 Et

2010 1964 2241 2018 distinxit
2268 1964 2408 2020 Deus
2442 1966 2573 2020 inter
2613 1965 2775 2020 lucem
2805 1974 2851 2019 et
2890 1966 3025 2020 inter
3064 1968 3315 2020 tenebras.
3344 1966 3485 2034 Quid
3512 1979 3618 2037 est,

2008 2054 2300 2111 Distinxit?
2326 2056 2624 2128 Unicuique
2652 2058 2826 2113 locum
2856 2060 3129 2128 proprium
3157 2058 3452 2125 distribuit,
3485 2074 3620 2114 con~

2008 2163 2312 2219 grueusque
2340 2157 2553 2220 tempus
2574 2148 2837 2204 detinivit.
2871 2148 2939 2203 Et
2968 2158 3248 2218 postquam
3282 2149 3385 2204 hoc
3417 2149 3615 2205 factum

2008 2249 2112 2306 est,
2146 2249 2271 2294 tunc
2293 2254 2449 2294 suum
2500 2241 2695 2310 cuique
2722 2239 3040 2294 vocabulum
3072 2239 3282 2294 indidit.
3313 2240 3366 2294 5.
3408 2238 3620 2294 Voearit

2006 2330 2174 2394 enim,
2205 2329 2413 2398 inquit,
2464 2328 2603 2383 Deus
2648 2330 2810 2383 lucem
2842 2328 2977 2383 diem
3018 2346 3031 2382 :
3069 2338 3119 2382 et
3154 2330 3384 2385 tenebras
3423 2334 3619 2385 vocavit

2006 2429 2221 2474 noctem.
2253 2420 2444 2476 Vidisti
2462 2421 2719 2491 optimam
2751 2420 3153 2475 distinctionem
3174 2462 3192 2489 ,
3221 2430 3278 2477 et
3302 2420 3619 2479 admirabile

2005 2511 2300 2581 Opiﬁcium,
2348 2513 2492 2584 quod
2530 2528 2747 2568 omnem
2785 2514 3048 2568 rationem
3095 2515 3464 2581 transcendit,
3508 2530 3616 2571 uno

2007 2603 2175 2658 verbo
2220 2615 2274 2659 et
2322 2614 2589 2675 prmcepto
2618 2604 2858 2659 factum?
2888 2604 3077 2661 Vidisti
3124 2616 3385 2677 quantum
3424 2624 3482 2663 se
3511 2625 3615 2662 nn.

2005 2704 2239 2748 strorum
2255 2695 2590 2764 ingeniorum
2610 2696 2856 2765 parvitati
2870 2704 3033 2750 attem
3041 2711 3166 2765 pera
3176 2697 3315 2750 verit
3328 2698 3512 2751 beatus
3529 2698 3618 2754 ille

2005 2784 2287 2855 propheta,
2316 2785 2425 2840 imo
2448 2784 2712 2856 benignus
2763 2786 2904 2841 Deus
2944 2802 3041 2855 per
3068 2788 3343 2856 pronbeue
3375 2789 3610 2860 linguam

2003 2875 2300 2930 erudiendo
2326 2890 2488 2931 omne
2514 2876 2792 2930 hominum
2816 2891 3006 2946 genus,
3036 2884 3092 2932 ut
3125 2879 3259 2933 sciat
3283 2894 3471 2934 eorum
3494 2896 3616 2951 qua:

2003 2962 2144 3018 facta
2171 2972 2297 3019 sunt
2325 2966 2592 3032 ordinem,
2622 2966 2742 3036 quis
2771 2968 3007 3022 universi
3057 2968 3130 3024 sit
3169 2968 3369 3039 opifex,
3402 2981 3457 3026 et
3482 2986 3617 3042 quo-

2005 3052 2168 3109 modo
2212 3054 2633 3126 unumquodque
2663 3056 2983 3126 productum
3031 3058 3135 3112 sit?
3162 3059 3426 3127 Quoniam
3465 3063 3611 3117 enim

2003 3145 2177 3201 adhuc
2199 3146 2519 3202 imbecillius
2549 3158 2666 3202 erat
2696 3148 2987 3204 humanum
3017 3164 3381 3221 genus,quam
3405 3164 3461 3208 ut
3492 3170 3616 3225 per-

2004 3234 2227 3291 fectiora
2258 3252 2453 3307 capere
2481 3248 2698 3308 posset;
2730 3250 3013 3310 propterea
3044 3256 3144 3311 pro
3170 3244 3477 3299 auditorum
3503 3247 3607 3300 im-

2003 3325 2294 3382 becillitate
2314 3329 2590 3399 propheta:
2618 3331 2854 3402 linguam
2885 3347 3107 3388 movens
3128 3331 3221 3404 Spi
3230 3336 3362 3390 ritus
3389 3350 3612 3395 sanctus

2003 3419 2057 3473 in
2112 3418 2255 3474 hunc
2302 3420 2520 3475 modum
2548 3422 2705 3476 nobis
2734 3423 2914 3477 omnia
2941 3423 3295 3481 edisserebat.
3328 3428 3393 3481 Et
3434 3437 3492 3484 ut
3532 3430 3613 3485 di-

2001 3523 2121 3564 scas
2148 3510 2294 3563 illum
2326 3511 2396 3565 ob
2417 3512 2611 3567 mentis
2641 3522 2841 3567 nostra:
2870 3514 3290 3569 imbecillitatem
3318 3516 3419 3573 hoc
3447 3534 3604 3574 enar-

2000 3600 2225 3654 rationis
2274 3611 2699 3671 temperamento
2744 3601 2909 3659 fuisse
2957 3619 3135 3671 usum,
3186 3607 3310 3662 vide
3340 3610 3612 3677 quomodo

2003 3690 2222 3746 tonitrui
2252 3692 2412 3759 filius,
2445 3708 2564 3746 cum
2591 3693 2699 3762 jam
2732 3692 3008 3748 hominum
3045 3712 3213 3765 genus
3242 3698 3306 3752 ad
3358 3700 3606 3756 virtutem

2011 3781 2349 3850 profecisset,
2380 3798 2485 3837 non
2503 3782 2612 3852 jam
2636 3782 2737 3838 hac
2766 3784 2851 3837 via
2880 3785 3228 3855 ingrediatur,
3262 3789 3355 3843 sed
3394 3790 3448 3845 in
3476 3792 3608 3847 sub-

2004 3873 2267 3927 limiorem
2301 3872 2658 3928 eruditionem
2711 3875 3010 3931 auditorem
3055 3878 3338 3934 subducat.
3382 3882 3513 3937 Nam
3554 3893 3611 3938 ut

1999 3966 2133 4019 dixit
2165 3983 2177 4018 :
2215 3964 2282 4020 In
2313 3966 2565 4035 principio
2594 3976 2700 4019 erat
2742 3966 2978 4034 Verbum,
3003 3977 3048 4022 et
3104 3970 3316 4025 Verbum
3343 3984 3450 4028 erat
3469 3977 3609 4044 apud

2003 4055 2186 4123 Deum,
2211 4068 2256 4111 et
2276 4056 2418 4111 Deus
2444 4068 2549 4112 erat
2576 4056 2793 4113 Verbum
2812 4058 2993 4132 (Joan.
3020 4063 3068 4115 l.
3100 4064 3172 4129 i);
3191 4079 3320 4118 mox
3349 4065 3567 4133 subiicit
3592 4085 3604 4119 :

2001 4149 2128 4203 Erat
2153 4151 2244 4205 lua:
2284 4167 2425 4217 vero,
2452 4166 2565 4221 qua:
2590 4150 2851 4205 illuminat
2878 4169 3081 4207 omnem
3116 4156 3372 4211 hominem
3401 4161 3607 4213 venien-

2000 4252 2101 4295 tem
2128 4242 2446 4295 inmundum
2477 4240 2645 4313 (Ibid.
2673 4259 2720 4296 υ.
2750 4242 2830 4311 9).
2863 4242 2994 4301 Nam
3017 4247 3470 4316 quemadmodum
3504 4250 3604 4306 hoc

2000 4334 2120 4387 loco
2161 4333 2249 4387 lux
2281 4333 2381 4387 ista
2427 4333 2701 4388 sensibilis
2743 4344 3018 4405 praecepto
3067 4337 3279 4391 Domini
3320 4340 3601 4409 producta,

2002 4424 2256 4480 tenebras
2285 4424 2407 4478 illas
2434 4424 2669 4478 visibiles
2695 4425 2977 4480 abscondit
3005 4446 3015 4480 :
3040 4428 3118 4483 sic
3143 4438 3198 4482 et
3235 4429 3325 4483 lux
3360 4432 3607 4487 mentalis

2000 4515 2251 4570 tenebras
2276 4528 2521 4569 errorum
2546 4513 2820 4584 ell’ugavit,
2856 4526 2909 4571 et
2934 4517 3002 4571 ad
3030 4521 3310 4575 veritatem
3340 4522 3606 4577 errabun.

1997 4608 2097 4662 dos
2122 4608 2457 4661 manuduxit.

2067 4699 2120 4753 5.
2153 4697 2518 4769 Suscipiamus
2544 4713 2672 4770 ergo
2696 4698 2999 4769 gratissimo
3028 4699 3207 4753 animo
3230 4700 3318 4754 illa
3346 4715 3375 4754 a
3404 4701 3598 4757 divinis

1997 4789 2290 4858 Scripturis
2337 4790 2695 4854 documenta,
2745 4797 2801 4843 et
2831 4805 2897 4843 ne
2950 4790 3302 4844 adversemur
3349 4793 3603 4856 veritati,

1998 4897 2174 4951 neque
2204 4882 2256 4935 in
2289 4882 2523 4936 tenebris
2557 4895 2870 4937 maneamus
2905 4898 2916 4933 :
2947 4881 3043 4935 sed
3083 4882 3148 4934 ad
3200 4884 3373 4937 lucem
3408 4900 3603 4952 prope-

1996 4988 2196 5039 remus,
2226 4986 2618 5043 operemurque
2644 4971 2800 5041 digna
2826 4971 2944 5026 luce
2960 4982 3014 5025 et
3034 4971 3142 5036 die,
3169 4973 3306 5026 sicut
3335 4981 3389 5026 et
3409 4973 3604 5028 Paulus

1996 5068 2283 5131 admonet,
2325 5064 2511 5120 dicens
2564 5083 2576 5118 :
2630 5065 2778 5119 Sicut
2822 5065 2874 5117 in
2917 5065 2998 5117 die
3040 5065 3246 5118 honeste
3290 5064 3603 5118 ambulemus

1968 5158 1969 5161 “
1997 5161 2173 5232 (Rom.
2207 5160 2303 5214 15.
2327 5158 2439 5229 15),
2467 5168 2521 5213 et
2548 5173 2614 5212 ne
2639 5172 2925 5226 operemur
2951 5171 3111 5227 opera
3139 5156 3501 5211 tenebrarum.
3537 5155 3604 5209 Et

1996 5254 2211 5321 vocavit,
2269 5252 2477 5322 inquit,
2523 5250 2658 5304 Deus
2686 5251 2847 5304 lucem
2891 5250 3057 5312 diem,
3090 5260 3135 5302 et
3165 5251 3391 5302 tenebras
3413 5250 3603 5302 vocavit

1996 5354 2211 5397 noctem.
2244 5341 2350 5397 Sed
2378 5340 2521 5410 quod
2547 5339 2713 5393 ferme
2736 5354 2835 5393 nos
2859 5340 3208 5407 prmterierat,
3236 5339 3599 5393 necessarium

1996 5435 2154 5489 fuerit
2187 5436 2379 5488 iterum
2413 5442 2679 5500 repetere.
2735 5430 2865 5483 Nam
2897 5439 3173 5499 postquam
3206 5428 3449 5494 dixerat,
3485 5427 3598 5481 Fiat

1995 5528 2084 5579 lux
2110 5534 2154 5578 et
2181 5527 2316 5595 facta
2344 5532 2414 5576 est
2443 5522 2551 5586 lux,
2594 5521 2876 5589 subjttnxit
2900 5536 2914 5574 :
2938 5520 2991 5573 4.
3028 5518 3091 5571 Et
3114 5519 3235 5573 vidit
3258 5518 3393 5573 Deus
3416 5518 3598 5585 lucem,

1994 5616 2127 5687 quod
2153 5616 2281 5669 bona
2312 5623 2459 5667 esset.
2492 5612 2627 5667 Vide
2656 5628 2837 5679 qumso
2868 5610 2974 5673 hic,
3004 5610 3217 5671 dilecte,
3253 5625 3411 5677 quam
3461 5619 3587 5663 tem-

2001 5718 2180 5778 perata
2225 5706 2508 5762 verborum
2558 5705 2715 5760 ratio.
2753 5703 2894 5769 Quid
2930 5704 3131 5775 igitur?
3159 5719 3223 5759 an
3256 5703 3577 5774 priusquam
