4038 6378
375 321 439 374 57
1189 313 1243 368 S.
1282 310 1566 365 JOANNIS
1601 302 2092 364 CHRYSOSTOMI
2133 304 2451 363 Ah‘ClllEP.
2491 308 3037 366 CONSTANTINUP.
3739 310 3804 365 38

372 433 528 502 φησι,
556 428 928 500 χειραγωγῶν,
966 429 998 497 ἦ
1033 428 1138 480 ἀπὸ
1166 427 1261 496 τῆς
1289 425 1481 487 κακίας
1512 422 1646 494 πρὸς
1683 420 1882 492 ἀρετὴν
1908 420 2027 488 ὁδη-

373 518 486 584 γῶν
512 517 600 570 τὸν
640 515 887 586 πλησίον,
914 513 1062 584 ,κατά
1087 513 1312 581 δύναμιν
1339 509 1685 585 ἀνθρωπίνην
1718 507 1817 577 ἐμὲ
1843 510 2028 576 μιμεῖ-

372 619 476 655 ται.
518 603 626 654 Kal
662 602 768 671 γάρ
799 601 890 654 καὶ
920 600 1079 662 αὐτὸς
1115 599 1180 650 δι’
1215 598 1364 651 οὐδὲν
1395 597 1600 666 ἕτερον,
1631 593 1762 656 Θεὸς
1801 591 1897 654 ῶν,
1930 592 2029 660 τὴν

374 689 643 758 ἡμετέραν
674 682 840 740 ὑπέδυ
873 687 1070 756 σάρκα,
1113 685 1206 738 καὶ
1233 684 1319 736 διά
1347 684 1444 752 τὴν
1489 678 1757 750 σωτηρίαν
1784 677 1878 730 τοῦ
1908 677 2028 758 τῶν

371 757 671 843 ἀνθρώπων
703 775 886 841 γένους
924 773 1140 840 γέγονεν
1167 771 1466 840 ἄνθρωπος.
1501 767 1609 820 Kal
1643 765 1695 818 τί
1741 757 2027 833 λέγω,“τὴν

372 861 646 930 ἡμετέραν
688 861 850 913 ὑπέδυ
879 860 1077 930 σάρκα,
1123 858 1216 910 καὶ
1244 857 1310 910 τά
1337 856 1470 909 ἄλλα
1497 855 1675 908 πάντα
1717 853 1786 906 τά
1815 848 2024 922 ἀνθρώ-

372 962 504 999 πινα
536 948 843 1016 ὑπέμεινεν,
875 946 1008 998 ὅπου
1047 961 1110 1012 γε
1155 944 1250 996 καὶ
1291 940 1381 994 τὸν
1421 939 1650 1010 σταυρὸν
1684 937 2024 1002 κατεδέξατο,

372 1031 459 1083 ἵνα
491 1033 635 1100 ἡμᾶς
661 1032 785 1094 τοὺς
817 1031 922 1084 ύπδ
965 1029 1244 1101 ἁμαρτιῶν
1272 1025 1690 1097 προδεδομένους
1730 1024 1830 1093 τῆς
1861 1021 2026 1076 κατά-

372 1133 468 1184 ρις
494 1116 866 1192 ἐλευθερώσῃς
893 1118 1000 1170 Καὶ
1140 1113 1295 1168 τοῦτο
1318 1111 1525 1175 Παῦλος
1545 1113 1716 1179 λέγων
1736 1127 1750 1141 ο
1775 1108 2024 1177 Χριστὸς

369 1198 524 1267 ἡμᾶς
553 1201 929 1269 ἐξηγόρασεν
966 1201 1034 1253 ἐκ
1064 1198 1173 1264 τῆς
1203 1197 1463 1265 κατάρας
1489 1193 1595 1251 τοῦ
1625 1197 1830 1264 νόμου,
1859 1197 2025 1263 γενό-

363 1303 545 1354 μενος
576 1289 726 1355 ὑπὲρ
773 1285 940 1356 ἡμῶν
965 1287 1209 1354 κατάρα.
1253 1285 1317 1338 El
1357 1285 1535 1337 τοίνυν
1574 1283 1754 1345 αὐτὸς,
1785 1281 1916 1344 Θεὸς
1950 1279 2025 1334 ῶν

369 1372 461 1425 καὶ
489 1373 588 1442 τῆς
631 1374 817 1436 οὐσίας
853 1373 1066 1443 ἐκείνης
1097 1372 1197 1442 τῆς
1241 1372 1550 1443 ἀπορῥήτου
1594 1368 1893 1439 τυγχάνων,
1938 1367 2026 1420 διὰ

370 1459 777 1533 φιλανθρωπίαν
799 1459 1005 1529 ἄφατον
1022 1459 1192 1513 ταῦτα
1214 1460 1429 1513 ἅπαντα
1452 1455 1770 1520 κατεδέξατο
1793 1456 1858 1508 δι’
1877 1456 2023 1524 ἡμᾶς

369 1547 462 1600 καὶ
486 1547 584 1616 τὴν
613 1547 884 1616 σωτηρίαν
913 1548 1013 1618 τὴν
1039 1545 1310 1616 ἡμετέραν
1330 1559 1345 1574 ο
1375 1544 1427 1596 τί
1452 1545 1551 1596 οὐκ
1568 1543 1634 1597 ἂν
1667 1543 1854 1611 εἴημεν
1875 1541 2026 1594 αὐτοὶ

367 1631 565 1685 δίκαιοι
594 1636 720 1705 περὶ
746 1636 871 1697 τοὺς
895 1637 1171 1704 ὁμογενεῖς
1194 1630 1558 1697 ἐπιδείξασθαι
1581 1629 1674 1683 καὶ⁵
1699 1628 1765 1680 τά
1795 1627 1931 1696 μέλη
1956 1625 2025 1677 τά

369 1717 630 1786 ἡμέτερα,
665 1718 803 1772 ῶστε
856 1719 948 1772 καὶ
987 1722 1085 1790 τῆς
1126 1718 1405 1787 φάρυγγος
1433 1715 1630 1778 αὐτοὺς
1664 1724 1689 1753 ι
1720 1713 2024 1782 ἐξαρπάσαι

367 1800 461 1853 τοῦ
489 1801 752 1867 διαϐόλου,
786 1806 880 1858 καὶ⁵
909 1805 1044 1873 πρὸς
1085 1804 1183 1874 τὴν
1227 1804 1325 1873 τῆς
1359 1801 1562 1873 ἀρετῆς
1607 1800 1723 1853 ὁδὸν
1753 1814 2022 1868 χειραγω-

367 1885 567 1955 γῆσαι;
596 1885 747 1957 Ὀσῳ
792 1889 900 1960 γὰρ
946 1889 1093 1959 ψυχὴ
1140 1890 1389 1959 σώματος
1436 1887 1738 1958 κρείσσων,
1787 1883 2024 1953 τοσούτῳ

361 1972 475 2025 ςῶν
512 1975 755 2043 χρήμασι
788 1974 1120 2044 βοηθούντων
1148 1977 1257 2037 τοῖς
1293 1973 1563 2043 δεομένοις
1595 1966 1736 2025 οῦτοι
1763 1969 2024 2039 μειζόνων

367 2058 642 2122 ἀξιοῦνται
671 2059 779 2111 τῶν
809 2061 1051 2130 άμοιϐῶν
1085 2062 1133 2113 οί
1169 2060 1255 2112 διά
1282 2060 1382 2128 τῆς
1409 2058 1780 2129 παραινέσεως
1807 2057 1898 2108 καὶ
1926 2056 2023 2124 τῆς

369 2147 624 2215 συνεχοῦς
643 2147 983 2209 διδασκαλίας
1003 2148 1124 2211 τοὺς
1160 2146 1434 2218 ῥᾳθύμους
1453 2147 1546 2198 καὶ
1566 2142 2023 2205 ἀναπεπτωκότας

367 2231 654 2296 ἀνάγοντες
681 2232 774 2284 ἐπὶ
799 2233 898 2302 τὴν
925 2232 1138 2286 εὐθεῖαν
1168 2233 1307 2295 όδον,
1332 2233 1426 2286 καὶ
1459 2229 1764 2292 δεικνύντες
1791 2229 1890 2298 τῆς
1925 2229 2022 2297 μὲν

368 2318 562 2381 κακίας
591 2319 650 2371 τὸ
671 2319 925 2386 δυσειδὲς,
954 2321 1052 2390 τῆς
1073 2320 1129 2374 δὲ
1157 2320 1296 2374 κατά
1321 2320 1451 2374 Θεὸν
1475 2318 1674 2390 ἀρετῆς
1699 2316 1798 2387 τὴν
1824 2314 2023 2385 πολλὴν

365 2404 665 2474 εὐμορφίαν
689 2406 737 2460 δ.

404 2513 464 2560 ε’.
481 2507 664 2562 Ταῦτα
678 2509 856 2562 τοίνυν
874 2511 1085 2564 ἅπαντα
1103 2508 1321 2574 εἰδότες,
1341 2509 1446 2580 πρὸ
1464 2507 1572 2562 τῶν
1583 2507 1754 2564 ἀλλων
1771 2507 2022 2561 ἀπάντων

365 2605 472 2658 τῶν
501 2605 768 2674 βιωτικῶν
797 2606 924 2677 περὶ
953 2607 1051 2676 τῆς
1083 2607 1223 2661 κατά
1253 2607 1431 2676 ψυχὴν
1459 2605 1730 2676 σωτηρίας
1765 2602 2020 2670 διαλεγώ-

365 2697 503 2766 μεθα
542 2697 654 2760 τοῖς
691 2696 951 2767 πλησίον,
1000 2698 1080 2761 είς
1122 2697 1326 2767 ταύτην
1359 2698 1556 2760 αὐτοὺς
1601 2698 1881 2764 ἐνάγοντες
1923 2693 2022 2762 τὴν

364 2792 650 2865 μέριμναν.
697 2793 1003 2863 ’Δγαπητὸν
1056 2793 1192 2864 γάρ,
1226 2793 1541 2865 ἀγαπητὸν,
1582 2793 1820 2862 συνεχῶς
1852 2792 2022 2845 ταῦτα

365 2888 728 2960 ίνηχουμένην
764 2889 862 2959 τὴν
907 2887 1086 2960 ψυχὴν
1132 2887 1425 2957 δυνηθῆναι
1467 2889 1780 2955 ἀνενεγκεῖν
1815 2888 1879 2939 ἐκ
1922 2887 2021 2955 τῆς

365 2977 600 3031 ἀϐύσσου
628 2977 736 3031 τῶν
773 2979 958 3032 κακῶν
985 2978 1094 3032 τῶν
1129 2981 1185 3031 ἐν
1212 2977 1290 3048 τῷ
1321 2977 1470 3048 μέσῳ
1504 2977 1904 3047 στρεφομένων,
1929 2976 2022 3028 καὶ

365 3065 743 3134 περιγενέσθαι
777 3066 874 3136 τῆς
911 3065 1020 3117 τῶν
1054 3065 1241 3119 παθῶν
1269 3064 1718 3128 ἐπαναστάσεως,
1767 3063 1908 3131 άπερ
1947 3061 2024 3114 δι-

363 3152 570 3222 ηνεκῶς
604 3153 879 3224 πολιορκεῖ
925 3152 1022 3224 τὴν
1065 3154 1334 3224 ἡμετέραν
1381 3152 1580 3222 ψυχήν.
1603 3152 1710 3203 Kal
1746 3150 1834 3204 διά
1865 3149 2024 3202 τοῦτο

361 3239 518 3307 χρεία
541 3241 669 3309 ἡμῖν
713 3240 910 3309 πολλῆς
933 3240 1034 3310 τῆς
1063 3241 1386 3309 ἀγρυπνίας,
1426 3238 1613 3309 ἐπειδὴ
1644 3239 1737 3292 καὶ
1770 3236 2022 3307 διηνεκὴς

363 3328 493 3395 ἡμῖν
524 3326 669 3378 ὲστιν
700 3328 727 3379 6
750 3327 1000 3396 πόλεμος.
1033 3327 1126 3378 καὶ
1155 3327 1444 3397 ἀνακωχὴν
1465 3325 1718 3378 οὐδέποτε
1747 3324 1886 3394 ἔχων
1905 3341 1917 3354 ·
1942 3323 2022 3376 διὸ

362 3411 455 3462 καὶ
494 3411 702 3473 Παῦλος
729 3412 910 3478 ἔλεγεν
948 3413 1213 3479 Ἐφεσίοις
1241 3412 1467 3482 γράφων
1485 3428 1500 3443 ⁸
1532 3412 1654 3464 Οὐκ
1682 3413 1852 3463 ἐστιν
1878 3409 2022 3478 ἡμῖν

363 3499 400 3563 ὴ
424 3498 586 3564 πάλη
619 3498 766 3565 πρὸς
789 3495 930 3566 alga
954 3499 1055 3550 και
1082 3498 1297 3565 σάρκα,
1327 3497 1488 3550 ἀλλὰ
1507 3495 1656 3563 πρὸς
1683 3496 1788 3560 τὰς
1811 3496 2018 3563 ἀρχὰς,

363 3582 479 3653 ['20]
510 3583 659 3650 πρὸς
693 3585 795 3648 τὰς
826 3582 1134 3649 ἐξουσίας,
1176 3585 1323 3649 πρὸς
1355 3581 1496 3646 τοὺς
1537 3579 2018 3648 κοσμοκράτορας

361 3670 467 3722 τοῦ
507 3671 767 3733 σκότους
798 3668 905 3721 τοῦ
933 3666 1147 3732 αἰῶνος
1188 3668 1422 3729 τούτου,
1459 3665 1607 3733 πρὸς
1656 3666 1727 3719 τὰ
1762 3681 2021 3734 πνευμα-

362 3755 495 3808 τικὰ
520 3753 628 3821 τῆς
652 3755 942 3822 πονηρίας
962 3755 1032 3806 ἐν
1055 3754 1178 3818 τοῖς
1199 3753 1595 3820 ἐπουρανίοις.
1628 3750 2017 3822 Μὴ’νομίσητε,

363 3840 518 3907 φησὶ,
540 3841 629 3892 τὸν
654 3841 881 3910 τυχόντα
901 3842 1034 3910 ἡμῖν
1065 3839 1380 3911 προκεῖσθαι
1409 3837 1594 3906 ἀγῶνα
1617 3855 1630 3868 ⁵
1650 3839 1712 3891 οὐ
1734 3839 1868 3908 πρὸς
1892 3840 2020 3908 ὀμο-

366 3930 536 3994 γενεῖς
561 3929 689 3996 ἡμῖν
719 3930 865 3982 ἐστιν
904 3930 936 3998 ἡ
967 3929 1133 3998 πάλη,
1157 3928 1277 3980 οὐδὲ
1304 3927 1486 3997 ἑξίσης
1516 3929 1647 3996 ἡμῖν
1679 3929 1793 3978 ἔστι
1823 3927 1889 3979 τὰ
1919 3927 2020 3996 τῆς

366 4015 734 4084 παρατάξεως.
786 4015 896 4068 Kal
926 4017 1033 4086 γάρ
1081 4014 1290 4085 σώματι
1350 4013 1852 4084 συμπεπλεγμένοι,
1900 4018 2019 4078 ταῖς

359 4101 670 4170 ἀσωμάτοις
704 4101 952 4153 παλαίειν
983 4101 1242 4170 δυνάμεσι
1267 4101 1744 4172 προστετάγμεθαο
1780 4099 1914 4152 ἀλλά
1943 4102 2017 4172 μὴ

350 4186 604 4254 ὖείσητε⁹
643 4188 691 4238 εί
720 4187 826 4257 γὰρ
860 4187 951 4240 καὶ
1003 4186 1287 4257 ἀνώμαλος
1329 4191 1361 4257 ὴ
1406 4188 1587 4258 μάχη,
1635 4185 1770 4238 ἀλλά
1811 4187 2016 4257 μεγάλη

365 4271 466 4325 τῶν
513 4273 690 4326 ὃπλων
736 4273 841 4325 τῶν
883 4272 1166 4343 ἡμετέρων
1217 4276 1248 4343 ή
1286 4274 1532 4343 δύναμις.
1589 4274 1867 4342 Ἐπήγαγε
1912 4274 2018 4345 γάρ

366 4360 640 4429 μονονουχὶ
671 4359 862 4427 λέγων,
893 4360 1079 4429 ἐπειδὴ
1110 4359 1308 4427 ἔγνωτε
1342 4360 1451 4411 τῶν
1490 4360 1763 4430 πολεμίων
1793 4360 1889 4431 τὴν
1915 4362 2016 4430 φύ-

365 4462 467 4511 σιν,
495 4447 567 4518 μὴ
599 4448 964 4516 καταπέσητε,
996 4448 1129 4517 μηδὲ
1155 4448 1466 4518 ναρκήσητε
1504 4447 1639 4518 πρὸς
1672 4449 1769 4518 τὴν
1805 4450 1979 4516 πάλην
1999 4468 2011 4481 ·

364 4534 499 4586 ἀλλά
529 4537 628 4586 Διὰ
656 4534 829 4588 τοῦτο
859 4535 1186 4588 ἀναλάϐετε
1207 4533 1321 4601 τὴν
1345 4537 1688 4589 πανοπλίαν
1709 4536 1814 4590 τοῦ
1844 4537 2013 4602 Θεοῦ,

363 4619 510 4685 πρὸς
545 4620 609 4672 τὸ
646 4620 938 4674 δύνασθαι
966 4619 1120 4690 ὑμᾶς
1149 4620 1368 4688 στῆναι
1397 4623 1544 4688 πρὸς
1580 4622 1682 4686 τὰς
1706 4622 2007 4690 μεθοδείας

364 4705 466 4757 τοῦ
496 4703 794 4758 διαϐόλου.
824 4706 1020 4758 Πολλαὶ
1052 4706 1160 4775 γάρ
1188 4717 1209 4743 ε
1241 4710 1295 4758 αἱ
1328 4707 1514 4758 τούτου
1549 4708 1838 4776 μεθοδεῖαι,
1870 4709 2014 4761 τοῦτ’

365 4790 508 4842 ἐστιν
533 4791 659 4854 ὁδοὶ,
679 4791 746 4843 δι’
768 4787 842 4844 ὧν
869 4790 1239 4855 ὑποσκελίζειν
1261 4793 1532 4862 ἐπιχειρεῖ
1566 4795 1691 4855 τοὺς
1715 4795 2016 4865 ῥᾳθυμοτέ-

365 4892 514 4946 ρους,
547 4878 638 4928 καὶ
661 4877 741 4929 δεῖ
767 4877 968 4939 ταύτας
995 4877 1237 4948 ἀκριϐῶς
1267 4878 1611 4942 ἐπίστασθαι,
1646 4879 1785 4933 ὥστε
1819 4880 2012 4949 διαφυ-

361 4965 480 5029 γεῖν
509 4963 670 5016 αὑτοῦ
711 4964 809 5026 τάς
838 4965 1025 5028 λαϐάς,
1061 4966 1154 5017 καὶ
1186 4965 1457 5034 μηδεμίαν
1483 4965 1630 5034 αὑτῴ
1666 4967 2014 5036 παρείσδυσιν

362 5047 602 5115 ἀφιέναι,
629 5049 761 5102 ἀλλά
789 5050 880 5101 καὶ
906 5049 1147 5118 γλώττης
1177 5050 1459 5118 ἀκρίϐειαν
1484 5051 1895 5116 ἐπιδείκνυσθαι,
1919 5054 2013 5105 καὶ

358 5132 649 5201 ὀφθαλμῶν
706 5136 1038 5202 ἀσφάλειαν,
1086 5136 1179 5187 καὶ
1212 5135 1447 5197 διανοίας
1498 5137 1876 5207 καθαρότητα,
1924 5141 2014 5192 καὶ

347 5219 622 5286 διηνεκῶς
654 5219 941 5286 ἐναγώνιον
965 5217 1122 5283 εἶναι,
1163 5221 1414 5290 καθάπερ
1447 5220 1634 5290 θηρίου
1663 5225 1804 5286 τινὸς
1838 5227 2015 5279 ἐπιόν-

362 5322 472 5367 τος,
513 5306 604 5356 καὶ
624 5306 963 5375 λυμήνασθαι
996 5309 1124 5375 ἡμῖν
1153 5308 1570 5379 ἐπιχειροῦντος.
1608 5311 1704 5362 Διά
1732 5312 1837 5383 γάρ
1857 5313 2014 5366 τοῦτο

355 5391 512 5458 ,καὶὴ
548 5392 925 5464 οὐρανομήκης
954 5395 1135 5464 ἐκείνη
1165 5395 1327 5465 ψυχὴ,
1366 5398 1393 5448 6
1428 5396 1532 5448 τῶν
1564 5395 1731 5448 ἐθνῶν
1766 5397 2014 5451 διδάσκα-

362 5477 470 5540 λος,
505 5478 536 5545 η
572 5477 783 5542 γλῶττα
815 5479 908 5547 τῆς
939 5481 1283 5549 οἰκουμένης,
1324 5483 1351 5534 6
1384 5481 1524 5552 ὑπὲρ
1559 5482 1658 5551 τῆς
1696 5483 1804 5534 τῶν
1835 5483 2012 5553 μαθη-

423 5631 449 5660 ⁸
472 5632 550 5678 Sic
572 5631 719 5679 Savil.
745 5631 869 5692 Reg.
892 5641 942 5681 el
961 5633 1160 5684 Coislin.
1183 5651 1192 5692 ;
1223 5636 1396 5684 Morel.
1420 5636 1581 5684 αὑτοῦ.

426 5693 450 5729 δ
469 5694 694 5758 Δ(λιι-ἱιιιιυιῖ·
721 5707 833 5740 mss.
859 5695 941 5740 τήν
969 5699 1141 5753 πολλὴν
1167 5699 1381 5746 εὐωδίαν.
1410 5698 1536 5749 Infra
1567 5700 1765 5748 (Iuislin.
1791 5706 1871 5758 τῆς
1891 5702 2013 5749 κατὰ.

361 5753 513 5810 ψυχὴν
531 5753 709 5812 ἀρετῆς.

429 5817 447 5840 "
475 5813 673 5862 C'Jlshn.
702 5815 843 5860 πόσαι
879 5814 983 5875 γάρ.

2137 421 2441 488 τευομένων
2475 423 2748 494 σωτηρίας
2786 423 2999 478 ἅπαντα
3032 424 3568 494 πραγματευόμενος,
3607 422 3799 484 εἰπὼν,

2149 506 2502 561 Ἀναλάσετε
2531 509 2643 576 τὴν
2661 513 3005 565 πανοπλίαν
3020 509 3122 564 τοῦ
3147 509 3313 575 Θεοῦ,
3345 511 3504 563 πάλιν
3528 512 3796 581 ἐπήγαγε,

2136 590 2400 645 πάντοθεν
2437 596 2585 662 ἡμᾶς
2622 597 3004 667 περιφράττων
3027 636 3041 661 ,
3077 597 3170 670 καὶ
3201 595 3533 666 ἀχειρώτους
3572 595 3797 666 ἐργαζό-

2138 692 2316 744 μενος,
2369 679 2512 733 οῦτω
2556 681 2761 750 λέγων’
2815 682 3002 750 Στῆτε
3049 678 3162 736 οὖν
3201 680 3646 751 περιεζωσμένοι
3683 679 3798 748 τὴν

2135 764 2338 832 έσφὺν
2372 767 2542 836 ὑμῶν
2568 768 2639 822 ἐν
2668 769 2935 835 ἀληθεία,
2975 772 3074 825 καί
3107 767 3505 838 ἐνδυσάμενοι
3548 769 3652 822 τόν
3686 765 3797 821 θώ-

2125 866 2287 916 ρακα
2316 851 2427 920 τῆς
2455 855 2711 920 πίστεως
2732 852 2781 921 δ,
2823 856 2919 908 καί
2954 855 3402 924 ὑποδησάμενοι
3429 856 3566 920 τοὺς
3602 851 3798 918 πόδας

2131 937 2202 990 ὲν
2221 938 2530 1008 ἑτοιμασίᾳ
2552 941 2658 994 τοῦ
2685 943 3036 1011 εὐαγγελίου
3065 940 3176 1010 τῆς
3194 930 3458 1010 είρήνὴς,
3484 940 3579 994 ἐπὶ
3603 937 3798 992 πᾶσιν
3870 933 3878 940 ’

2132 1023 2536 1093 ἀναλαϐόντες
2563 1029 2671 1081 τόν
2713 1031 2930 1096 θυρεὸν
2963 1028 3074 1095 τῆς
3105 1028 3382 1093 πίστεως,
3418 1028 3489 1082 ἐν
3523 1019 3571 1091 ᾧ
3615 1023 3799 1090 δυνή-

2131 1117 2318 1167 σεσθε
2349 1113 2546 1168 πάντα
2579 1116 2648 1170 τὰ
2670 1116 2828 1182 βέλη
2857 1116 2963 1169 τοῦ
2993 1115 3259 1184 πονηροῦ
3295 1114 3368 1168 τὰ
3400 1112 3798 1180 πεπυρωμένα

2130 1199 2366 1262 σϐέσαι,
2394 1201 2490 1253 καὶ
2526 1199 2648 1266 thr‘
2670 1202 3141 1269 xspms;a.1a/ar
3158 1201 3264 1254 τοῦ
3297 1199 3589 1268 σωτηρίου
3614 1197 3797 1261 δέξα-

2129 1288 2260 1347 σθε,
2296 1287 2394 1338 καί
2424 1287 2537 1353 τὴν
2556 1287 2857 1356 μάχαιραν
2880 1287 2984 1340 τοῦ
3019 1289 3381 1357 Πνεύματος,
3420 1287 3453 1340 ὅ
3475 1287 3605 1339 ἐστι
3626 1283 3798 1351 ῥῆμα

2132 1371 2300 1426 Θεοῦ.
2319 1367 2472 1435 Εἶδες
2502 1375 2676 1427 πάντα
2696 1375 2763 1426 τὰ
2794 1373 2928 1444 μέλη
2958 1375 3104 1436 ὅπως
3134 1369 3485 1444 περιέφραξε,
3503 1369 3799 1423 καὶικαθάο

2131 1474 2237 1527 περ
2267 1475 2352 1521 τις
2381 1459 2461 1520 είς
2489 1459 2723 1528 πόλεμόν
2751 1475 2870 1512 τινα
2900 1459 3111 1530 μέλλων
3135 1459 3446 1528 ἐξαγαγεῖν,
3471 1456 3614 1511 οὕτω
3645 1456 3797 1527 πρῶ-

2127 1560 2220 1595 τον
2252 1544 2349 1613 μὲν
2377 1547 2444 1615 τῇ
2475 1543 2618 1615 ζώνῃ
2664 1545 3019 1614 ἠσφαλίσατο,
3052 1544 3194 1598 ὥστε
3223 1543 3441 1598 εὔκολον
3482 1539 3620 1597 εἶναι
3663 1544 3798 1612 ἡμῖν

2129 1629 2218 1681 τὸν
2247 1629 2466 1700 δρόμον,
2499 1629 2688 1683 ἔπειτα
2738 1631 2829 1684 τὸν
2858 1630 3082 1701 θώρακα
3112 1631 3357 1684 ἐνέδυσεν
3377 1670 3393 1696 ,
3439 1630 3526 1682 ἵνα
3568 1630 3644 1699 μὴ
3689 1628 3798 1680 ὑπὸ

2129 1716 2236 1767 τῶν
2283 1715 2451 1785 βελῶν
2479 1715 2865 1789 πληττώμεθα,
2909 1718 3005 1771 καὶ
3050 1717 3176 1782 τοὺς
3222 1718 3384 1780 πόδας
3435 1717 3794 1786 ἠσφαλίσατο,

2129 1801 2224 1853 καὶ
2252 1801 2585 1871 πανταχόθεν
2608 1805 2673 1872 τῇ
2696 1804 2874 1856 πίστει
2895 1805 3286 1874 περιέφραξεν;
3315 1803 3458 1873 Αὕτη
3481 1803 3608 1872 γὰρ,
3628 1803 3795 1872 αὕτη.

2131 1888 2283 1956 φησὶ,
2314 1890 2410 1941 καὶ
2438 1889 2507 1941 τὰ
2535 1889 2663 1959 βέλη
2692 1888 2785 1942 τοῦ
2821 1891 3058 1960 πονηροῦ
3094 1890 3160 1942 τά
3194 1889 3564 1961 πεπυρωμένα
3603 1887 3797 1939 σϐέσαι

2128 1973 2434 2044 δυνήσεται.
2465 1976 2599 2029 Τίνα
2644 1975 2702 2028 δέ
2735 1977 2850 2028 ἐστι
2891 1974 2984 2029 τοῦ
3018 1975 3263 2029 διαϐόλου
3311 1975 3380 2028 τά
3412 1975 3572 2045 βέλη;
3602 1974 3669 2025 Δί
3701 1991 3798 2025 πο-

2128 2060 2290 2128 νηραὶ
2333 2060 2641 2130 ἐπιθυμίαι,
2672 2062 2721 2113 οί
2766 2061 3066 2132 ἀκάθαρτοι
3112 2062 3379 2133 λογισμοὶ,
3411 2060 3482 2114 τά
3529 2059 3677 2129 πάθη
3727 2059 3799 2111 τὰ

2127 2145 2369 2214 ὀλέθρια,
2410 2146 2601 2216 θυμὸς,
2636 2147 2937 2216 βασκανία,
2967 2148 3186 2217 φθόνος.
3228 2148 3397 2219 ὀργὴν
3436 2149 3619 2216 μῖσος.
3653 2161 3796 2215 χρη-

2131 2231 2316 2300 μάτων
2360 2231 2623 2302 ὲπιθυμία
2670 2234 2762 2285 καὶ
2808 2235 2841 2303 ἡ
2883 2234 3015 2304 άλλη
3048 2234 3234 2288 ἅπασα
3269 2233 3529 2304 ῥᾳθυμία.
3570 2230 3797 2292 Ταῦτα,

2129 2316 2314 2385 φησὶν,
2351 2320 2567 2371 ἅπαντα
2597 2319 2788 2372 σϐέσαι
2817 2319 3109 2390 δυνήσεται
3132 2321 3165 2389 ἡ
3214 2321 3456 2390 μάχαιρα
3493 2318 3586 2369 τοῦ
3623 2316 3800 2369 Πνεύο

2131 2420 2320 2472 ματος.
2362 2405 2473 2458 Καὶ
2513 2406 2566 2458 τί
2608 2405 2752 2474 λέγω
2795 2405 3018 2472 σϐέσαι;
3068 2406 3177 2459 Kal
3209 2405 3306 2476 τὴν
3348 2403 3586 2473 κεφαλὴν
3624 2402 3798 2471 αὐτὴν

2126 2490 2219 2541 τοῦ
2249 2491 2506 2560 πολεμίου
2532 2492 2827 2562 ἀποτεμεῖν
2854 2492 3162 2562 δυνὴσεται.
3193 2488 3344 2555 Εἶδες
3377 2490 3492 2552 πῶς
3520 2487 3798 2556 ὲνεύρωσε

2125 2575 2251 2637 τοὺς
2282 2575 2790 2647 μαθητευομένους;
2830 2577 2949 2641 πῶς
2987 2577 3158 2648 κηροῦ
3190 2577 3606 2648 μαλακωτέρους
3634 2574 3798 2654 ὄντας

2127 2662 2344 2732 σιδήρου
2380 2663 2765 2735 στερῥοτέρους
2803 2667 3130 2737 εἰργάσατος
3182 2665 3396 2734 Ἐπειδὴ
3431 2663 3538 2732 γάρ
3565 2663 3698 2731 ἡμῖν
3729 2661 3796 2713 οὐ

2128 2748 2264 2818 πρὸς
2293 2744 2429 2819 αἷμα
2454 2751 2548 2803 καὶ
2578 2751 2756 2819 σάρκα
2779 2752 2808 2804 6
2837 2752 3087 2820 πόλεμος,
3117 2751 3253 2804 ἀλλά
3289 2751 3423 2822 πρὸς
3451 2748 3547 2811 τὰς
3570 2747 3799 2818 ἀσωμά-

2126 2851 2253 2896 τους
2284 2834 2563 2906 δυνάμεις,
2612 2837 2698 2890 διά
2731 2837 2889 2890 τοῦτο
2925 2837 3045 2890 οὐδὲ
3090 2837 3158 2890 τά
3209 2836 3349 2890 ὅπλα
3395 2838 3523 2906 ἡμῖν
3554 2833 3797 2904 σαρκικὰ

2127 2921 2471 2990 περιέθηκεν,
2502 2922 2637 2975 ἀλλά
2682 2924 2858 2976 πάντα
2907 2922 3287 2992 πνευματικὰ,
3320 2923 3414 2975 καὶ
3450 2920 3620 2983 οὕτως
3656 2922 3798 2972 ἀπο.

2129 3006 2430 3073 στίλϐοντα,
2477 3006 2616 3060 ὥστε
2652 3009 2784 3079 μηδέ
2813 3010 2912 3079 τὴν
2952 3009 3017 3062 ὲκ
3068 3009 3272 3062 τούτων
3305 3009 3497 3078 αίγλην
3545 3009 3794 3075 ἐνεγκεῖν

2127 3091 2386 3144 δύνασθαι
2417 3093 2510 3144 τὸν
2547 3093 2781 3162 πονηρὸν
2816 3095 3018 3146 ἐκεῖνον
3055 3094 3302 3164 δαίμονα.

2199 3195 2313 3267 [ει]
2333 3201 2393 3258 ς’.
2413 3194 2650 3249 Τοιαῦτα
2668 3195 2845 3248 τοίνυν
2861 3196 3000 3250 ὅπλα
3015 3197 3194 3251 ἐνδεδυ
3203 3197 3352 3268 μένοι
3383 3197 3458 3269 μὴ
3477 3197 3796 3268 φνρίττωμεν

2124 3291 2223 3358 τὴν
2252 3291 2448 3361 πάλην,
2481 3291 2618 3362 μηδὲ
2657 3293 2757 3362 τὴν
2787 3291 3101 3362 συμπλοκὴν
3143 3294 3450 3363 φεύγωμεν,
3489 3295 3624 3347 ἀλλά
3655 3297 3795 3366 μηδέ

2127 3388 2477 3459 ῥαθυμῶμεν.
2529 3390 2738 3458 Ὠσπερ
2777 3389 2883 3460 γάρ
2923 3391 3200 3460 νηφόντων
3232 3390 3388 3461 ἡμῶν
3415 3392 3516 3444 οὐκ
3554 3391 3620 3445 ἀν
3661 3409 3796 3445 ποτε

2127 3484 2462 3554 περιγένοιτο
2497 3488 2526 3538 6
2559 3485 2794 3556 πονηρὸς
2832 3486 3040 3556 δαίμων
3083 3489 3287 3551 ἐκεῖνος
3327 3487 3424 3558 τῆς
3457 3488 3566 3540 τῶν
3612 3487 3797 3554 ὃπλων

2124 3579 2424 3648 δυνάμεως,
2469 3581 2564 3635 ἐὰν
2609 3580 2923 3652 βουλώμεθα
2969 3582 3147 3654 ἄκυρα
3193 3583 3358 3636 αὐτοῦ
3409 3585 3630 3657 ποιῆσαι
3675 3586 3794 3640 :5:-

2127 3676 2492 3744 μηχανήματα
2514 3691 2525 3703 ·
2555 3674 2725 3740 οὕτως
2751 3676 2844 3730 ἐὰν
2874 3679 3226 3749 ῥαθυμῶμεν,
3251 3679 3399 3732 οῦδὲν
3430 3681 3561 3750 ’ἡμῖν
3597 3680 3795 3750 ὄφελος

2125 3767 2299 3833 ἔσται,
2328 3767 2423 3822 τοῦ
2475 3771 2730 3840 πολεμίου
2769 3772 2868 3842 τῆς
2914 3773 3188 3845 ἡμετέρας
3219 3775 3490 3845 σωτηρίας
3527 3777 3794 3846 διηνεκῶς

2122 3864 2506 3932 ἑγρηγορότος,
2539 3866 2635 3920 καὶ
2666 3868 2842 3919 πάντα
2874 3868 3013 3921 κατά
3044 3869 3143 3939 τῆς
3179 3870 3450 3940 σωτηρίας
3479 3871 3637 3940 ἡμῶν
3669 3871 3784 3924 δια-

2125 3952 2524 4019 πραττομένου.
2561 3954 2912 4024 ,Πανταχόθεν
2947 3955 3124 4008 τοίνυν
3169 3957 3478 4026 όπλίζωμεν
3521 3959 3751 4019 ἑαυτοὺς
3773 3998 3789 4022 ,

2126 4038 2216 4089 καὶ
2263 4039 2525 4108 ῥημάτων
2577 4041 2902 4109 φειδόμενοι,
2947 4042 3040 4093 καὶ
3078 4043 3417 4112 πραγμάτων
3460 4043 3791 4114 ἀπεχόμενοι

2120 4133 2230 4184 τῶν
2265 4133 2521 4202 βλάπτειν
2573 4136 2719 4204 ἡμᾶς
2754 4135 3063 4204 δυναμένων
3085 4175 3099 4200 ,
3136 4139 3227 4190 καὶ
3265 4137 3402 4208 μετά
3434 4138 3532 4207 τῆς
3573 4140 3792 4210 ἀποχῆς

2120 4218 2229 4271 τῶν
2255 4219 2580 4290 βρωμάτων,
2606 4221 2698 4273 καὶ
2725 4223 2823 4290 τῆς
2848 4221 3011 4291 ἄλλης
3035 4223 3252 4294 ἀρετῆς,
3273 4225 3366 4277 καὶ
3385 4224 3484 4294 τὴν
3508 4227 3636 4297 περὶ
3663 4229 3790 4291 τοὺς

2122 4307 2359 4377 πένητας
2393 4306 2672 4375 δαψίλειαν
2712 4308 3176 4379 ἐπιδεικνυώμεθα
3209 4309 3255 4375 ί,
3296 4311 3496 4375 ειδότες
3541 4313 3640 4383 ὅση
3685 4313 3789 4384 τῆς

2124 4393 2250 4463 περὶ
2290 4393 2510 4456 τούτους
2549 4393 2844 4464 θεραπείας
2895 4396 3027 4464 ἡμῖν
3070 4396 3308 4449 κείσεται
3347 4399 3380 4467 ἡ
3412 4399 3784 4464 ἀνταπόδοσις.

2132 4478 2196 4530 '0
2237 4479 2345 4547 γὰρ
2390 4479 2610 4544 ἐλεῶν,
2650 4483 2816 4549 φησὶ,
2860 4480 3127 4549 πτωχόν,
3168 4481 3413 4542 δανείζει
3457 4482 3598 4549 Θεῷ.
3643 4486 3788 4556 Ὅρα

2119 4566 2331 4620 δανείου
2381 4568 2542 4633 φύσιν
2595 4567 2750 4636 ξένην
2806 4567 2897 4620 καὶ
2947 4567 3262 4639 παράδοξον.
3293 4571 3517 4640 Ἕτερός
3567 4574 3716 4626 ἐστιν
3759 4577 3788 4627 6

2121 4655 2431 4724 λαμϐάνων,
2479 4655 2573 4707 καὶ
2618 4654 2803 4724 ἕτερος
2841 4658 2870 4706 6
2905 4655 2984 4723 τῷ
3029 4655 3223 4725 δανείῳ
3256 4657 3446 4709 ἑαυτὸν
3486 4659 3788 4712 ὑπεύθυνον

2121 4740 2381 4801 καθιστάς
2400 4756 2412 4769 ⁶
2447 4741 2540 4791 καὶ
2565 4740 2624 4792 οὐ
2675 4740 2834 4793 τοῦτο
2862 4740 3042 4810 μόνον,
3083 4741 3194 4794 ἀλλ’
3237 4742 3314 4794 ὅτι
3345 4743 3437 4796 ἐπὶ
3461 4745 3652 4798 τούτου
3689 4746 3786 4799 τοῦ

2119 4827 2327 4879 δανείου
2359 4827 2459 4878 οὐκ
2489 4826 2634 4878 ἐστιν
2667 4827 3060 4897 ἀγνωμοσύνην
3088 4827 3405 4898 ὑποστῆναι,
3435 4831 3554 4884 οὐδὲ
3592 4833 3786 4903 ἑτέραν

2118 4913 2240 4965 τινὰ
2284 4912 2502 4982 ζημίαν.
2536 4913 2670 4966 Οὐδέ
2720 4913 2860 4982 γὰρ,
2897 4913 3144 4984 καθάπερ
3176 4913 3440 4979 ἐνταῦθα,
3488 4917 3785 4989 ἑκατοστὴν

2123 4999 2281 5068 μόνον
2310 4999 2646 5066 ὑπισχνεῖται
2673 4998 2863 5050 δώσειν
2885 5001 2931 5065 ⁸,
2957 4999 3092 5052 άλλά
3121 5001 3648 5056 ἑκατονταπλασίονα
3673 5005 3784 5060 τῶν

2118 5086 2429 5154 διδομένων,
2470 5085 2564 5137 καὶ
2593 5084 2713 5137 οὐδὲ
2744 5084 2905 5154 μέχρι
2935 5085 3127 5140 τούτου
3169 5087 3402 5154 ἵσταται,
3435 5089 3570 5143 ἀλλά
3611 5091 3785 5146 ταῦτα

2123 5173 2218 5240 μὲν
2241 5174 2297 5223 ὲν
2331 5171 2408 5239 τῷ
2431 5171 2679 5241 παρόντι,
2702 5171 2794 5222 καὶ
2833 5173 2888 5222 ὲν
2913 5171 2989 5241 τῷ
3021 5171 3268 5241 μέλλοντι
3297 5174 3350 5226 δὲ
3379 5174 3522 5246 ζωὴν
3544 5178 3782 5234 αἰώνιον.

2122 5258 2227 5310 Kal
2257 5256 2348 5309 ἐπὶ
2405 5256 2503 5327 μὲν
2536 5256 2628 5309 τοῦ
2681 5259 2941 5328 παρόντος
2975 5258 3088 5326 βίου
3137 5262 3188 5312 εί
3224 5279 3307 5324 τις
3353 5265 3484 5331 ἡμῖν
3518 5264 3784 5334 ὑπέσχετο

2118 5346 2433 5398 διπλασίονα
2469 5347 2625 5416 μόνον
2657 5344 2768 5397 τῶν
2815 5347 3101 5416 διδομένων
3136 5349 3225 5416 ὑφ’
3267 5350 3425 5420 ἡμῶν
3457 5356 3781 5422 παρασχεῖν,

2120 5435 2411 5505 προθύμως
2451 5435 2515 5487 ἂν
2542 5434 2756 5489 ἃπασαν
2785 5435 2940 5505 ἡμῶν
2974 5438 3068 5508 τὴν
3102 5438 3333 5510 ὓπαρξιν
3363 5443 3782 5512 προσηκάμεθα,

2181 5574 2206 5612 ἀ
2229 5576 2426 5639 Cpislin.
2452 5575 2530 5622 τὸν
2558 5577 2748 5639 θώρακα
2771 5585 2853 5633 τῆς
2879 5580 3192 5635 δικαιοσύνης.

2187 5637 2310 5703 μεὶς
2330 5639 2560 5703 quinqpq
2589 5637 2704 5686 mss.
2731 5645 2776 5703 ει
2814 5641 2962 5703 Savil.
2992 5642 3157 5689 Morel.
3202 5661 3211 5688 :
3261 5642 3514 5703 δυνάμεως,
3556 5645 3659 5692 ἀλλ’
3685 5645 3781 5694 ἰὰν

2124 5700 2505 5762 βουλώμεθα,καὶ
2535 5698 2684 5760 ἄκυρα
2703 5700 2847 5746 αὐτοῦ
2877 5705 3132 5762 ποιήσομεν
3157 5704 3234 5750 τά.

2194 5760 2209 5822 ί
2235 5758 2445 5822 μοιδεδι-ι.
2475 5765 2522 5804 (ιι
2550 5758 2744 5809 (ὶυὶνιὶη.
2770 5758 3136 5822 ἐπιδεικνύμεθα.

2190 5821 2210 5860 ε
2237 5819 2354 5880 Heg.
2387 5828 2439 5868 cl
2462 5822 2656 5870 Coislin.
2684 5825 2975 5884 ὑπισχνεῖται
3007 5819 3158 5873 δόσιν.
3193 5825 3286 5874 Alii
3315 5827 3494 5874 6037.22'.
