4038 6428
244 372 308 429 37
1391 364 1455 420 IN
1494 364 1646 420 CAP.
1691 362 1728 421 I.
1769 362 2016 421 CENES.
2060 362 2291 420 HOMIL.
2337 363 2421 420 lll.
3484 376 3554 433 33

244 482 315 537 ab
340 495 523 536 errore
543 476 608 531 ad
622 478 919 541 veritatem,
940 476 1032 537 ait,
1056 474 1448 540 mauuduxcrit,
1468 476 1549 530 vel
1572 491 1600 527 a
1621 484 1842 545 peccato

244 574 312 628 ad
347 580 594 628 virtutem
625 571 925 640 proximum
956 568 1241 629 induxerit,
1276 582 1372 636 pro
1403 568 1537 620 virili
1572 576 1721 635 parte
1744 566 1833 619 liu-

242 681 403 719 mana
434 679 519 718 me
546 663 803 717 imitatur.
835 662 1045 717 Etenim
1067 660 1179 731 ipse
1205 674 1325 714 cum
1350 660 1491 714 Dens
1510 661 1597 720 sit,
1620 668 1841 728 prOpter

241 755 377 809 nihil
402 755 543 808 aliud
572 762 808 807 nostram
832 752 1003 807 induit
1031 766 1269 815 carnem,
1294 759 1350 805 et
1378 760 1596 820 propter
1620 749 1839 803 humani

238 845 456 914 generis
498 844 725 898 salutem
769 842 941 898 factus
966 852 1048 897 est
1087 841 1267 897 homo.
1300 840 1408 897 Sed
1447 840 1573 909 quid
1614 855 1717 911 ego
1743 854 1840 893 no—

239 946 409 989 stram
452 935 596 987 illum
626 933 864 988 induisse
906 948 1121 1002 carnem
1151 933 1293 998 dico,
1333 942 1633 1001 eteteraque
1659 931 1837 985 omnia

235 1026 565 1080 sustinuisse
611 1026 863 1089 humana,
894 1023 1108 1093 quando
1144 1023 1303 1077 etiam
1332 1036 1552 1077 crucem
1581 1022 1837 1091 suscepit,

236 1128 295 1169 ut
317 1131 413 1171 nos
436 1124 654 1187 peccato
680 1115 941 1170 obnoxios
963 1130 991 1169 a
1019 1114 1302 1170 maledicto
1330 1115 1621 1169 liberaret?
1652 1114 1716 1168 Et
1738 1113 1839 1169 hoc

235 1223 451 1276 qucque
498 1206 691 1261 Paulus
740 1206 956 1273 clamat,
1001 1206 1229 1261 dicens:
1282 1204 1510 1259 Christus
1557 1221 1649 1258 nos
1690 1203 1840 1258 rede-

234 1301 331 1352 mit
380 1316 413 1352 a
461 1299 729 1353 maledicto
775 1299 918 1369 legis,
962 1302 1128 1370 [actus
1178 1314 1270 1366 pro
1323 1296 1467 1351 nobis
1514 1296 1839 1350 maledictum

236 1389 383 1462 (Gal.
419 1391 471 1446 5.
501 1391 614 1460 i3).
642 1390 697 1446 Si
728 1391 888 1460 igitur
916 1391 1051 1459 ipse,
1074 1391 1162 1460 qui
1196 1390 1333 1443 Deus
1363 1400 1447 1444 est
1470 1400 1525 1444 et
1554 1388 1839 1444 ineﬂ'abilis

234 1482 524 1547 essentiae,
569 1481 641 1537 ob
694 1482 1078 1552 benignitatem
1122 1482 1443 1537 iuell'abilem
1497 1483 1611 1539 haec
1658 1482 1837 1538 omnia

234 1581 461 1640 prepter
504 1586 604 1627 nos
645 1580 699 1627 et
738 1582 957 1641 propter
998 1572 1226 1627 salutem
1267 1582 1507 1628 nostram
1552 1574 1833 1644 suscepit:

233 1662 366 1731 quid
398 1677 505 1717 non
552 1677 583 1716 a
635 1662 790 1718 nobis
818 1678 1032 1734 aequum
1058 1672 1141 1718 est
1167 1673 1423 1734 pnestare
1449 1680 1574 1735 erga
1600 1679 1715 1730 eos,
1748 1667 1836 1735 qui

230 1754 448 1823 cognati
474 1761 600 1809 sunt
624 1768 687 1810 ac
708 1754 945 1810 membra
978 1766 1182 1818 nostra,
1205 1765 1263 1810 ut
1289 1767 1505 1825 ereptos
1523 1772 1615 1811 eos
1640 1773 1705 1811 ex
1726 1758 1839 1812 dia-

234 1843 342 1896 bnli
391 1842 655 1908 faucibus,
686 1844 741 1897 in
770 1844 907 1898 viam
951 1844 1169 1899 virtutis
1197 1844 1561 1900 inducamus?
1601 1846 1736 1901 Nam
1782 1856 1840 1902 ut

233 1934 416 1988 anima
456 1946 687 2003 corpore
714 1934 1053 2003 praestantior
1081 1944 1181 2000 est,
1218 1936 1287 1990 ita
1320 1937 1403 2001 iis,
1430 1936 1520 2006 qui
1549 1937 1832 2007 indigenti-

233 2025 335 2081 bus
381 2026 645 2096 pecunias
691 2036 746 2082 et
790 2026 1067 2083 facultates
1119 2028 1489 2098 suppeditant,
1546 2030 1839 2100 majoribus

231 2118 473 2185 prcemiis
520 2114 665 2189 digni
711 2128 837 2186 sunt
878 2118 937 2185 ii,
983 2119 1070 2189 qui
1118 2119 1462 2174 admonendo
1496 2129 1551 2174 et
1581 2121 1835 2177 continue

232 2209 482 2265 docendo
508 2210 561 2264 in
590 2210 730 2265 viam
760 2222 964 2266 rectam
993 2211 1213 2279 supinus
1240 2220 1293 2265 et
1310 2212 1526 2268 desides
1556 2212 1834 2280 inducunt,

230 2299 591 2353 monstrando
616 2300 696 2353 eis
729 2310 785 2355 et
806 2300 1057 2354 vitiorum
1086 2299 1484 2356 deformitatem
1515 2341 1531 2368 ,
1563 2312 1617 2358 et
1638 2302 1843 2359 divinae.

232 2391 450 2445 virtutis
476 2405 722 2462 magnam
751 2390 1199 2467 pulchritudinem
1224 2391 1263 2445 ³.

301 2484 354 2538 5.
390 2481 611 2538 Mor-alis
662 2484 967 2539 exhortatio.
1012 2514 1083 2523 —
1129 2485 1253 2539 llaec
1294 2484 1454 2554 igitur
1484 2485 1663 2539 omnia
1702 2500 1826 2542 cum

226 2574 487 2641 sciamus,
513 2591 623 2645 pra:
647 2577 895 2631 omnibus
922 2577 1043 2631 aliis
1062 2576 1219 2646 hujus
1246 2578 1366 2631 vita:
1387 2578 1531 2631 curis
1561 2578 1629 2632 de
1657 2578 1832 2634 salute

227 2668 423 2721 animm
456 2668 728 2737 proximos
767 2668 1123 2738 alloquamur,
1156 2668 1403 2723 eamdem
1434 2670 1537 2723 illis
1577 2669 1832 2724 sollicitu-

227 2759 409 2813 dinem
437 2759 761 2828 iugerentes.
793 2759 1038 2829 Optabile
1067 2760 1211 2814 enim
1240 2799 1257 2825 ,
1290 2760 1520 2829 optabile
1554 2761 1730 2829 plane,
1777 2769 1836 2815 ut

228 2847 429 2913 anima,
464 2848 551 2902 cui
599 2846 715 2902 haec
752 2848 1008 2902 continuo
1058 2848 1416 2912 inculcantur,
1449 2850 1620 2918 possit
1648 2849 1835 2904 reduci

224 2950 296 2992 ex
336 2937 535 3007 abysso
562 2937 851 3004 malorum,
882 2937 934 2990 in
968 2952 1194 3008 quorum
1229 2937 1409 2993 medio
1456 2953 1754 3005 versamur,
1782 2948 1839 2994 et

224 3042 578 3097 compescere
619 3028 907 3084 all'ectuum
934 3068 950 3093 ,
996 3030 1086 3097 qui
1140 3038 1404 3097 perpetuo
1449 3028 1686 3083 animam
1740 3043 1839 3084 no-

229 3127 398 3172 stram
441 3117 717 3183 infestant.
761 3118 1131 3173 rebellionem.
1162 3117 1368 3172 Idcirco
1413 3118 1568 3173 nobis
1592 3133 1729 3188 opus
1754 3128 1839 3175 est

227 3222 421 3276 magna
466 3208 760 3277 vigilantia,
796 3208 1052 3277 quoniam
1092 3216 1146 3262 et
1187 3209 1503 3264 continuum
1547 3210 1705 3265 nobis
1751 3220 1837 3266 est

230 3298 456 3362 bellum,
502 3306 559 3354 et
605 3299 834 3353 inducite
875 3298 1038 3353 nulla:
1070 3316 1083 3353 :
1116 3298 1344 3369 ideoque
1382 3298 1581 3354 Paulus
1622 3300 1837 3357 dicebat

229 3393 480 3463 Ephesiis
521 3393 763 3448 scribens
806 3411 819 3448 :
852 3392 973 3447 Non
1001 3402 1071 3448 est
1106 3394 1251 3448 nobis
1280 3394 1573 3449 colluctatio
1594 3396 1836 3451 adversus

226 3488 527 3553 sanguinem
556 3494 601 3538 et
645 3502 870 3552 carnem,
898 3486 988 3540 sed
1016 3487 1255 3541 adversus
1281 3487 1616 3558 principatus,
1646 3488 1832 3542 adver-

226 3594 312 3630 sm
335 3586 623 3645 potestates,
651 3578 893 3631 adversus
936 3578 1114 3630 mundi
1142 3578 1398 3643 dominos,
1430 3588 1645 3634 rectores
1692 3589 1834 3634 tene-

225 3667 433 3720 brarum
471 3668 642 3720 steculi
672 3668 846 3738 hujus,
879 3669 1125 3721 adversus
1153 3668 1445 3740 spirituales
1489 3672 1735 3737 nequitias
1781 3671 1834 3725 in

225 3757 506 3809 crrlrstibtts
533 3755 753 3826 (Ep/tes.
784 3757 837 3811 6.
871 3757 986 3825 1‘2).
1020 3757 1096 3812 Ne
1122 3758 1464 3825 existimetis,
1496 3759 1590 3824 ait,
1616 3760 1835 3830 vulgare

228 3845 383 3899 nobis
410 3855 681 3901 certamen
712 3849 934 3916 proponi
970 3864 982 3901 :
1015 3862 1120 3901 non
1152 3847 1413 3903 adversus
1462 3848 1705 3917 ejusdem
1733 3864 1833 3921 ge-

228 3938 372 3991 neris
401 3936 739 3993 adversarios
770 3939 924 3993 nobis
950 3946 1034 3993 est
1058 3946 1355 4005 certamen,
1389 3956 1564 4011 neque
1590 3957 1655 3995 ex
1678 3957 1834 4012 aequo

230 4030 501 4083 exercitus
528 4038 713 4083 noster
741 4029 1036 4084 instructus
1066 4039 1169 4085 est.
1200 4029 1309 4086 Nos
1339 4032 1481 4086 enim
1518 4034 1608 4102 qui
1639 4048 1835 4102 corpo-

228 4120 377 4175 ribus
402 4136 589 4176 sumus
617 4123 837 4187 annexi,
872 4124 922 4175 in
961 4136 1079 4177 acte
1106 4122 1356 4177 collocati
1389 4139 1594 4191 sumus,
1626 4135 1685 4179 ut
1708 4141 1832 4181 cum

232 4210 569 4280 incorporeis
594 4212 879 4267 virtutibus
911 4213 1264 4283 conﬂigamus
1295 4231 1308 4267 :
1335 4213 1431 4269 sed
1460 4230 1527 4269 ne
1560 4216 1830 4271 timeatis:

230 4317 355 4356 nam
381 4301 508 4356 licet
537 4303 815 4372 inaequalis
860 4302 931 4357 sit
972 4318 1170 4374 pug-aa,
1217 4318 1408 4373 magna
1442 4312 1620 4360 tamen
1649 4321 1834 4361 armo-

233 4408 354 4446 rum
383 4402 688 4446 nostrorum
710 4394 877 4447 virtus
903 4403 1006 4448 est.
1038 4394 1324 4465 Subjungit
1350 4396 1494 4449 enim
1522 4397 1658 4463 hinc,
1683 4399 1835 4465 quasi

229 4482 433 4539 diceret
457 4501 470 4536 :
496 4484 757 4551 Quoniam
774 4487 999 4539 novistis
1024 4485 1255 4542 hostium
1283 4498 1549 4553 naturam,
1574 4506 1641 4544 ne
1659 4492 1838 4546 animo

231 4575 545 4641 concidatis,
574 4591 640 4631 ne
668 4578 979 4646 torpescatis
997 4578 1060 4632 ad
1083 4594 1334 4647 pugnam;
1360 4580 1477 4645 sed,
1507 4580 1726 4651 Propter
1744 4582 1840 4637 hoc

229 4668 468 4734 suscipite
477 4678 786 4723 armaturam
804 4668 979 4737 Dei,ut
990 4672 1188 4736 possitis
1203 4672 1430 4725 resistere
1444 4672 1640 4726 insidiis
1652 4674 1841 4729 diaboli

232 4758 452 4829 (Ephes.
496 4761 549 4815 6.
580 4760 693 4829 11).
724 4758 901 4815 Multae
954 4763 1097 4815 enim
1140 4761 1257 4831 ejus
1304 4773 1430 4817 sunt
1465 4763 1693 4827 insidiaa,
1730 4763 1833 4821 hoc

232 4859 316 4904 est
347 4851 468 4914 viae,
501 4866 595 4918 per
632 4865 765 4920 quas
789 4851 1206 4921 negligentiores
1236 4854 1579 4923 supplantare
1605 4855 1793 4909 nititur
1820 4873 1836 4911 :

233 4953 367 5009 quas
408 4937 695 5009 diligenter
724 4955 1055 5009 cognoscere
1079 4955 1254 5009 Operm
1282 4944 1510 5011 pretium
1540 4952 1639 5008 est,
1673 4945 1741 4998 ita
1777 4955 1835 5000 ut

235 5030 549 5099 ell‘ugiamus
569 5028 685 5099 ejus
703 5038 947 5097 conatus,
970 5039 1025 5085 et
1045 5032 1249 5085 nullum
1274 5032 1375 5101 ipsi
1400 5034 1697 5103 ingressum
1719 5051 1844 5107 per-

235 5122 529 5175 mittamus.
546 5120 683 5187 Quin
700 5130 753 5175 et
769 5122 964 5191 lingua:
981 5121 1206 5191 diligens
1220 5121 1464 5179 habenda
1476 5135 1558 5180 est
1576 5126 1840 5195 custodia,

236 5223 287 5267 et
307 5213 443 5266 oculi
474 5212 749 5267 muniendi
775 5222 921 5279 sunt,
944 5224 997 5268 et
1025 5229 1173 5267 mens
1191 5216 1483 5285 purganda,
1509 5226 1562 5272 et
1580 5228 1840 5288 perpetuo

241 5304 303 5356 ad
338 5319 565 5373 pugnam
609 5313 828 5360 oaratos
860 5318 979 5357 esse
1026 5306 1301 5366 convenit.
1344 5308 1496 5375 quasi
1523 5308 1629 5361 fera
1659 5309 1838 5376 aliqua

242 5410 338 5449 nos
369 5394 623 5458 invadat,
655 5404 710 5448 et
734 5394 932 5449 lazdere
957 5404 1200 5449 conetur.
1238 5396 1466 5465 Propter
1494 5397 1637 5466 quod
1679 5398 1839 5452 etule-

241 5488 337 5541 stis
367 5488 453 5542 illa
472 5488 671 5553 anima,
699 5486 887 5542 doctor
909 5487 1166 5557 gentium,
1194 5488 1370 5558 lingua
1389 5489 1553 5552 orbis,
1583 5490 1713 5544 nihil
1737 5506 1837 5544 nor

245 5593 407 5649 agens
434 5594 531 5647 pro
558 5579 734 5634 salute
762 5579 1168 5650 discipulorum,
1200 5591 1482 5651 postquam
1516 5581 1668 5647 dixit,
1704 5582 1824 5636 Acci

308 5755 325 5784 '-
358 5758 577 5822 eumque
601 5764 728 5815 Mss,
754 5756 925 5806 bonum
944 5758 1159 5815 odorem,
1187 5770 1289 5818 pro,
1316 5754 1743 5819 pulchritudinem.

1955 485 2062 543 ptle
2080 484 2397 529 armaturam
2442 476 2536 531 Dei
2560 496 2578 541 ,'
2609 478 2802 534 iterum
2832 477 3071 551 subjicit,
3100 492 3155 539 et
3184 500 3285 540 nos
3313 488 3551 559 undique

1950 566 2216 631 muniens,
2273 577 2322 621 et
2375 569 2601 624 invictos
2648 570 2874 638 faciens,
2908 574 2987 630 sic
3010 573 3140 630 dicit
3178 595 3192 631 :
3230 577 3376 633 State
3395 581 3550 652 igitur

1947 657 2161 711 accincti
2208 660 2393 714 lumbis
2435 664 2609 716 vestris
2648 664 2700 718 in
2743 666 2981 734 veritate,
3012 676 3058 721 et
3084 668 3251 723 induti
3293 674 3548 727 thoracem

1947 748 2069 817 ﬁdei
2096 749 2135 813 ί,
2164 759 2211 803 et
2239 751 2450 805 calceati
2490 754 2640 822 pedes
2678 765 2865 810 vestros
2890 758 2942 811 in
2974 762 3349 829 prmparatione
3390 780 3546 817 evan-

1945 840 2066 909 gelii
2108 842 2266 910 pacis.
2316 842 2383 896 In
2431 844 2661 899 omnibus
2705 848 2945 903 assumite
2968 857 3167 903 scutum
3201 851 3343 917 ﬁdei,
3371 853 3425 906 in
3453 871 3550 921 quo

1946 932 2150 1001 possitis
2186 934 2357 987 omnia
2391 936 2492 990 tela
2536 938 2676 992 illius
2720 939 2882 1009 ignita
2906 943 3244 1013 exstinguere,
3274 954 3322 999 et
3345 947 3547 1015 galeam

1945 1021 2188 1075 salutaris
2218 1024 2448 1093 accipite,
2472 1034 2518 1079 et
2543 1027 2773 1095 gladium
2804 1027 3051 1097 Spiritus,
3082 1032 3219 1099 quod
3243 1043 3316 1087 est
3344 1036 3547 1089 verbum

1947 1111 2043 1167 Dei
2091 1111 2308 1184 (Ephes.
2350 1115 2401 1170 6.
2452 1116 2688 1188 14-17).
2739 1117 2931 1174 Vidisti
2986 1124 3257 1191 quomodo
3305 1126 3547 1180 omnium

1947 1204 2189 1258 membra
2234 1207 2555 1273 muniverit,
2586 1218 2641 1263 et
2666 1209 2817 1279 quasi
2858 1210 2910 1264 in
2944 1212 3185 1279 praslium
3235 1231 3546 1286 egressuros

1948 1293 2179 1363 primum
2206 1310 2341 1351 zona
2367 1296 2567 1367 cingat,
2594 1313 2702 1368 quo
2733 1301 3104 1369 expeditiores
3129 1305 3296 1360 simus
3336 1307 3403 1362 ad
3424 1323 3546 1363 cur-

1946 1398 2100 1451 sum;
2132 1385 2256 1439 dein
2298 1386 2484 1442 induat
2510 1402 2610 1443 nos
2651 1388 2892 1456 thorace,
2921 1408 2989 1447 ne
3017 1408 3046 1446 a
3071 1392 3265 1463 jaculis
3294 1398 3546 1453 vulnere-

1946 1490 2085 1541 mur,
2120 1475 2215 1531 sed
2239 1486 2293 1531 et
2319 1477 2483 1547 pedes
2513 1480 2758 1545 munivit,
2789 1489 2846 1535 et
2870 1482 3109 1553 undique
3135 1487 3367 1541 armavit
3396 1488 3543 1544 fide?

1948 1565 2095 1633 "me,
2130 1567 2226 1633 ait,
2275 1567 2391 1622 haec
2418 1568 2581 1637 ignita
2608 1569 2710 1625 tela
2741 1569 2914 1625 hostis
2949 1575 3294 1645 exstinguere
3325 1581 3542 1647 poterit.

1944 1656 2201 1723 Qumnam
2225 1666 2403 1712 autem
2423 1634 2549 1713 sunt
2580 1660 2684 1714 tela
2711 1660 2951 1717 diaboli?
2977 1634 3543 1737 Malmvconcu-pgceu-

1947 1747 2054 1812 tite,
2085 1747 2374 1803 immunda:
2391 1752 2765 1821 cogitationes,
2790 1756 3079 1824 perniciosi
3103 1756 3348 1823 atl'ectus,
3373 1758 3543 1827 furor,

1946 1837 2262 1906 invidentia,
2294 1840 2513 1907 invidia,
2539 1842 2638 1909 ira,
2663 1843 2870 1910 odium,
2894 1848 3136 1915 pecuniae
3156 1853 3544 1921 concupiscen-

1947 1931 2039 1997 tia,
2069 1940 2124 1986 et
2161 1940 2353 1988 caetera
2381 1936 2556 1990 omnis
2586 1935 2813 2005 ignavia.
2847 1937 2993 2003 Hac,
3020 1940 3113 2005 ait,
3142 1943 3321 1997 omnia
3346 1945 3547 1998 exstin-

1942 2036 2110 2091 guere
2150 2023 2342 2091 poterit
2380 2024 2595 2093 gladius
2635 2025 2883 2098 Spiritus.
2917 2027 2986 2085 Et
3010 2029 3138 2100 quid
3166 2033 3307 2099 dico,
3335 2038 3546 2089 exstin-

1944 2112 2147 2181 guere?
2194 2111 2368 2166 Etiam
2409 2114 2582 2183 ipsum
2628 2114 2799 2171 hostis
2840 2127 3000 2188 caput
3021 2128 3301 2190 amputare
3326 2123 3545 2179 valebit.

1950 2203 2137 2259 Vidisti
2181 2204 2453 2274 quomodo
2482 2206 2754 2263 roboravit
2785 2208 3076 2280 discipulos
3101 2213 3126 2267 ?
3153 2215 3426 2283 quomodo
3454 2232 3550 2272 eus

1943 2304 2099 2351 antea
2125 2310 2248 2351 cera
2273 2297 2570 2365 molliores,
2602 2299 2743 2354 ferro
2768 2299 3016 2357 fortiores
3038 2303 3213 2359 effecit
3234 2304 3258 2357 ?
3280 2305 3547 2372 Quoniam

1943 2388 2087 2443 enim
2114 2387 2270 2442 nobis
2294 2388 2489 2442 bellum
2507 2398 2610 2453 est,
2642 2404 2749 2445 non
2772 2390 3030 2447 adversus
3076 2408 3295 2452 carnem
3321 2407 3375 2452 et
3417 2412 3547 2452 sau-

1943 2478 2177 2548 guinem,
2198 2477 2292 2533 sed
2309 2478 2567 2534 adversus
2586 2480 2928 2549 incorporeas
2951 2482 3209 2540 virtutes:
3239 2486 3361 2541 ideo
3378 2503 3552 2557 neque

1943 2569 2247 2623 carnalibus
2269 2582 2368 2623 nos
2396 2570 2563 2625 armis
2579 2572 2826 2639 munivit,
2858 2572 2952 2628 sed
2979 2589 3128 2630 arma
3158 2587 3338 2632 nostra
3370 2581 3550 2635 omnia

1944 2660 2245 2730 Spiritualia
2292 2669 2437 2727 sunt,
2488 2663 2568 2718 sic
2609 2663 2895 2734 radiantia,
2945 2677 3003 2724 ut
3049 2682 3238 2725 eorum
3280 2670 3544 2744 fulgorem

1943 2751 2156 2808 daemon
2189 2755 2276 2809 ille
2302 2755 2475 2810 malus
2501 2755 2643 2813 ferre
2671 2766 2923 2828 nequeat.

2017 2847 2072 2900 6.
2105 2846 2327 2902 Talibus
2362 2848 2523 2918 igitur
2560 2850 2726 2905 armis
2753 2850 2921 2906 induti
2948 2894 2961 2915 ,
2992 2868 3060 2908 ne
3082 2855 3416 2928 horreamus
3445 2873 3546 2928 pu-

1944 2952 2127 3006 gnam,
2178 2954 2245 2993 ne
2288 2939 2553 3009 fugiamus
2590 2954 2982 3011 congressum;
3027 2924 3122 2999 sed
3168 2961 3344 3015 neque
3376 2924 3551 3019 ignavi

1948 3027 2141 3081 simus.
2172 3026 2307 3082 Nam
2360 3028 2519 3095 sicut,
2551 3029 2708 3085 nobis
2741 3030 3100 3101 vigilantibus,
3151 3036 3418 3106 malignus
3444 3039 3554 3093 dm-

1943 3132 2071 3171 mon
2102 3132 2394 3187 numquam
2420 3133 2694 3175 armorum
2727 3131 3035 3178 nostrorum
3075 3124 3255 3179 virtuti
3289 3129 3550 3196 praevale-

1946 3206 2045 3273 bit,
2073 3206 2119 3261 si
2153 3208 2479 3265 voluerimus
2508 3211 2689 3266 irritas
2712 3209 2892 3269 facere
2920 3214 3037 3283 ejus
3065 3216 3489 3275 machinationes
3508 3225 3550 3273 ¹;

1942 3292 2020 3348 sic
2073 3291 2121 3345 si
2166 3291 2384 3347 desides
2428 3294 2704 3361 fuerimus,
2762 3296 2910 3351 nulla
2950 3298 3107 3354 nobis
3155 3300 3357 3357 utilitas
3410 3306 3550 3370 erit;

1942 3382 2374 3454 quandoquidem
2397 3383 2646 3440 inimicus
2666 3386 2853 3441 salutis
2881 3396 3081 3444 nostra:
3112 3407 3403 3462 numquam
3426 3394 3554 3450 dor—

1943 3472 2113 3539 mitat,
2138 3482 2193 3528 et
2213 3475 2417 3543 omnia,
2446 3491 2567 3546 quas
2595 3476 2755 3532 saluti
2789 3488 2988 3535 nostra:
3022 3481 3239 3550 obsunt,
3270 3494 3545 3554 operatur.

1944 3562 2191 3633 Undique
2240 3564 2403 3635 igitur
2453 3580 2726 3623 armemus
2788 3583 2887 3625 nos
2935 3570 3082 3640 ipsos
3119 3614 3134 3640 ,
3187 3580 3244 3630 et
3286 3591 3315 3629 a
3370 3578 3554 3634 verbis

1945 3661 2329 3722 temperemus,
2361 3663 2416 3709 et
2455 3656 2524 3711 ab
2571 3658 2825 3726 operibus
2871 3661 3256 3733 abstineamus,
3309 3681 3427 3735 qua:
3454 3682 3555 3724 nos

1942 3742 2140 3797 laedere
2188 3754 2447 3812 possunt;
2501 3754 2555 3801 et
2603 3762 2727 3802 cum
2780 3748 3104 3805 abstinentia
3144 3767 3175 3806 a
3226 3754 3381 3819 cibis,
3441 3765 3551 3811 tum

1940 3832 2166 3886 aliarum
2196 3833 2451 3889 virtutum
2477 3874 2496 3903 ,
2544 3843 2655 3891 tum
2686 3837 3021 3895 liberalitatis
3050 3842 3104 3896 in
3135 3858 3397 3914 pauperes
3426 3863 3521 3918 spe

1940 3922 2114 3979 cimen
2142 3924 2493 3980 exhibeamus
2524 3944 2538 3980 :
2565 3927 2798 3984 scientes
2836 3940 3035 4000 quanta
3068 3932 3223 3989 nobis
3253 3951 3462 3992 merces
3484 3938 3555 3993 ob

1939 4027 2126 4068 curam
2155 4013 2261 4068 illis
2278 4015 2568 4069 exbibitam
2600 4019 2831 4087 reposita
2858 4020 2945 4074 sit.
2966 4020 3120 4086 Nam,
3145 4023 3249 4090 Qui
3268 4027 3551 4093 miseretur,

1941 4106 2052 4170 ait,
2099 4106 2344 4176 pauperi,
2396 4108 2673 4178 [teneretur
2716 4108 2825 4162 Deo
2881 4110 3078 4177 (Prov.
3110 4114 3199 4168 l9.
3232 4116 3357 4186 l7).
3422 4118 3558 4175 Vide

1943 4209 2122 4249 usura:
2148 4210 2326 4249 raram
2355 4204 2599 4251 naturam
2620 4238 2636 4264 ,
2669 4206 2725 4253 et
2752 4200 3145 4259 admirabilem.
3177 4205 3328 4262 Alius
3354 4220 3436 4281 est
3464 4212 3555 4281 qui

1942 4287 2156 4354 accipit,
2188 4296 2244 4342 et
2269 4288 2405 4343 alius
2425 4289 2515 4358 qui
2546 4302 2607 4344 se
2636 4290 2817 4347 dando
2846 4292 3039 4349 faenori
3066 4296 3356 4353 obnoxium
3388 4302 3511 4357 facit
3538 4320 3553 4369 ;

1944 4394 2120 4448 neque
2164 4380 2267 4434 hoc
2310 4380 2486 4435 solum
2522 4383 2896 4451 spectandum,
2945 4386 3039 4441 sed
3090 4389 3253 4444 etiam
3302 4392 3446 4460 quod
3502 4394 3555 4448 in

1948 4469 2051 4524 hoc
2100 4486 2275 4525 usura:
2313 4486 2512 4542 genere
2558 4488 2735 4543 neque
2766 4476 3031 4545 ingratum
3059 4478 3333 4547 animum,
3380 4498 3556 4554 neque

1947 4560 2114 4614 ullum
2138 4561 2279 4615 aliud
2302 4562 2557 4617 damnum
2573 4565 2937 4635 experiamur.
2963 4568 3145 4639 Neque
3172 4572 3337 4637 enim,
3362 4589 3554 4644 quem-

1945 4650 2234 4706 admodum
2267 4652 2374 4720 hic,
2416 4654 2764 4711 centesimam
2814 4657 2888 4729 (a)
2942 4661 3116 4716 solum
3149 4666 3433 4733 promittit,
3459 4668 3554 4723 sed

1947 4743 2200 4814 centuplo
2239 4745 2390 4813 plura
2420 4746 2585 4813 datis,
2620 4763 2721 4804 nec
2747 4750 2922 4805 solum
2954 4754 3207 4824 centuplo
3236 4755 3406 4825 plura,
3457 4759 3554 4814 sed

1947 4836 2065 4891 haec
2093 4837 2289 4893 dantur
2319 4838 2371 4893 in
2398 4841 2651 4909 praesenti
2694 4842 2821 4908 vita,
2876 4843 2930 4898 in
2977 4844 3157 4900 futuro
3208 4858 3389 4903 autem
3448 4850 3554 4905 vita

1948 4940 2171 4985 aeterna.
2229 4930 2295 4985 Et
2334 4932 2387 4985 in
2436 4934 2687 5002 praesenti
2737 4935 2952 5005 quidem
2982 4937 3107 5003 vita,
3152 4939 3198 4994 si
3235 4942 3356 5010 quis
3401 4943 3558 4997 nobis

1950 5022 2123 5076 solum
2152 5021 2380 5091 duplicia
2425 5022 2771 5091 polliceretur
2800 5042 2899 5095 pro
2935 5026 2999 5082 iis
3039 5044 3158 5098 qua:
3187 5045 3217 5084 a
3246 5032 3399 5085 nobis
3425 5032 3559 5087 dan-

1951 5125 2061 5183 tur,
2093 5114 2263 5185 parati
2301 5129 2545 5171 essemus
2577 5117 2651 5171 illi
2681 5132 2894 5173 omnem
2926 5130 3162 5176 nostram
3204 5123 3556 5181 substantiam

2017 5316 2035 5347 ι
2072 5313 2285 5370 Coislin.,
2310 5310 2526 5369 iustitia,
2554 5325 2659 5373 pro.
2686 5312 2821 5376 ﬁdei.

2017 5380 2039 5411 ³
2072 5376 2388 5450 sicqninque
2410 5381 2595 5450 διεξῄει
2619 5376 2762 5450 Sat-il.
2789 5385 2841 5444 tn
2878 5376 3042 5450 storm.
3065 5380 3315 5450 autem__ita
3341 5378 3558 5450 legetis.

1951 5445 2034 5506 tur
2059 5452 2073 5487 :
2107 5433 2281 5506 Virtuti
2304 5433 2601 5506 praevalebit,
2624 5437 2731 5494 sed,
2756 5437 2799 5487 si
2821 5438 3126 5497 voluerimus,
3148 5437 3314 5490 irritus
3329 5433 3560 5503 faciunttu

1952 5501 2061 5563 ejus
2082 5498 2477 5563 machinationes.

2020 5566 2093 5624 (a)
2122 5564 2440 5632 C_entesimam
2474 5566 2579 5629 (Gr.
2613 5569 2919 5632 ἑκατοστήν).
2957 5584 2975 5616 ‹
3014 5570 3234 5629 Alludit,
3263 5571 3426 5632 inquit
3459 5574 3537 5624 Ss.

1958 5625 2150 5695 vil.,.ad
2176 5641 2340 5695 usura
2372 5625 2535 5695 genus
2580 5625 2955 5695 usitatissimum
3001 5634 3177 5693 priscis
3216 5625 3527 5695 temporibus

1956 5688 2089 5747 quod
2114 5688 2672 5751 centesinta’dicebatur,
2702 5692 2833 5751 quod
2858 5688 3058 5741 centum
3084 5688 3338 5745 mensibus
3360 5708 3541 5746 sorteir

1958 5758 2192 5814 aequaret.
2228 5766 2245 5798 ι
2275 5750 2400 5803 Vide
2423 5752 2563 5803 Tomi
2592 5750 2738 5815 hujus
2762 5754 2904 5803 l’ra-f.
2930 5754 2956 5819 θ
2981 5754 3039 5804 ν.
