4038 6532
456 396 526 452 39
1212 378 1272 438 8.
1301 374 1578 436 JO.\NNIS
1613 366 2090 430 CllliYSOSTOMl
2130 367 2445 427 ARCHIEP.
2474 369 3009 432 CONSTANTINOP.

457 505 687 569 oll‘erte,
736 496 946 557 tametsi
988 508 1133 566 expc
1175 492 1327 548 multi
1356 488 1548 562 ingrati
1574 488 1704 553 sint,
1750 483 2039 552 multzeque

459 596 570 652 sint
589 604 874 649 avarorum
902 585 1137 645 fraudes.
1162 582 1370 640 Etenim
1399 578 1617 652 plurimi
1646 576 1735 648 qui
1764 572 1915 647 probi
1944 571 2041 626 ita-

460 687 673 750 bentur,
719 680 957 738 debitum
1002 674 1112 734 non
1145 675 1380 740 solvunt,
1407 670 1493 726 vel
1521 667 1663 741 quod
1692 665 1882 738 ingrati
1911 663 2041 729 sint,

461 777 545 834 rei
588 789 735 847 ιιι-νο
772 772 950 842 inopia
992 767 1328 842 prohibente.
1372 764 1529 820 Circa
1561 760 1838 817 Dominum
1863 765 2041 813 autem

455 868 699 925 omnium
724 864 855 921 nihil
884 850 1616 934 bujusmodlsuspicandum,
1657 849 1753 907 sed
1793 857 1849 905 et
1890 847 2041 919 capi-

455 961 581 1018 talis
608 972 815 1015 summa
844 955 1037 1010 intuta
1059 952 1164 1020 est,
1207 957 1265 1006 et
1287 945 1588 1017 antuplum
1613 943 1701 999 lric
1724 938 2047 1012 promittitur

448 1052 731 1116 dantibus,
767 1057 825 1105 et
852 1049 905 1103 in
954 1044 1191 1101 futurum
1235 1041 1343 1097 vita
1385 1048 1586 1095 atoma
1614 1034 1768 1091 nobis
1794 1044 2045 1089 reserva-

460 1157 569 1205 tur.
614 1144 748 1211 Quae
789 1141 950 1212 igitur
993 1137 1150 1193 nobis
1190 1132 1434 1191 defensio
1470 1131 1597 1195 erit,
1631 1129 1676 1184 si
1715 1125 2046 1197 negligentes

460 1236 733 1299 fuerimus.
765 1239 823 1289 et
848 1244 953 1285 non
969 1224 1409 1284 .festiuaverimus
1443 1217 1691 1291 centupla
1730 1230 1828 1287 pro
1863 1212 2048 1286 paucis

461 1329 726 1397 accipere,
769 1332 825 1380 et
854 1336 949 1393 pro
977 1315 1325 1387 pra‘sentibus
1352 1312 1548 1395 futura,
1572 1319 1630 1367 et
1652 1323 1749 1379 pro
1779 1317 2048 1377 temmra-

460 1417 601 1475 libus
617 1424 821 1473 eterna
846 1428 862 1479 ;
891 1410 985 1465 sed
1012 1406 1220 1479 placide
1247 1401 1501 1476 pecunias
1524 1399 1701 1472 januis
1725 1407 1783 1454 et
1812 1397 2050 1453 rec'tibus

463 1508 858 1569 iuclnserimus,
898 1511 955 1560 et
980 1498 1337 1571 indigentibus
1381 1509 1489 1551 non
1528 1490 1941 1563 expenderimus
1987 1502 2050 1544 ea

462 1614 583 1671 quat
603 1597 694 1671 jbi
740 1595 889 1651 nullo
944 1606 1046 1647 usu
1092 1599 1146 1647 et
1193 1596 1397 1644 temere
1432 1584 1634 1656 jaceat,
1684 1591 1743 1638 nt
1792 1582 1845 1636 in
1872 1578 2051 1634 futuro

464 1665 665 1747 smcufo
701 1700 888 1744 eorum
927 1680 1164 1740 subsidia
1199 1674 1575 1736 inveniamus?
1629 1672 1827 1739 Facite,
1858 1672 2048 1743 inquit,

465 1780 605 1835 uoltis
647 1777 836 1831 amicos
881 1790 944 1829 ea:
983 1784 1274 1827 manu
1307 1765 1585 1838 iniquitatis
1614 1780 1635 1818 :
1660 1772 1717 1819 ut
1759 1762 1877 1818 cunt
1913 1762 2050 1831 defe-

464 1869 657 1934 uritis,
695 1864 941 1934 recipiant
965 1876 1052 1917 eos
1080 1860 1133 1914 in
1156 1868 1349 1915 alma
1376 1854 1705 1911 tabernacula
1755 1851 1924 1924 (Luc.
1964 1851 2052 1909 ιϐ.

466 1959 549 2031 9).
594 1957 740 2022 Scio,
786 1956 983 2011 multos
1012 1966 1120 2006 non
1155 1948 1316 2006 modo
1340 1961 1447 2003 non
1471 1943 1783 2015 adstipulari
1811 1943 1898 2003 iis.
1938 1956 2057 2013 quae

466 2066 498 2105 a
528 2048 683 2105 nobis
706 2058 847 2102 nunc
872 2052 1001 2099 sunt
1027 2041 1195 2105 dicta,
1229 2037 1324 2095 sed
1361 2038 1524 2094 etiam
1551 2050 1615 2093 ea
1641 2043 1699 2091 ut
1729 2033 1976 2090 delirium
2004 2040 2061 2089 et

470 2138 699 2193 fabulam
744 2134 1045 2199 audientes,
1092 2128 1271 2185 verbis
1316 2128 1512 2183 nostris
1554 2124 1774 2180 minime
1817 2138 1939 2180 esse
1980 2132 2060 2179 at-

472 2240 672 2289 tentos.
696 2227 846 2286 Unde
873 2240 975 2296 ego
992 2222 1203 2280 crucior
1228 2231 1284 2278 et
1307 2219 1488 2287 doleo,
1512 2216 1653 2289 quod
1680 2231 1853 2288 neque
1881 2230 2060 2272 rerum

470 2318 823 2391 experientia,
876 2329 1051 2386 neque
1087 2320 1250 2368 tanta.
1287 2310 1381 2365 Dei
1425 2306 1829 2380 promissiones,
1886 2319 2063 2375 neque

472 2417 632 2469 timor
685 2412 983 2467 futurorum
1009 2447 1027 2474 ,
1089 2418 1265 2475 neque
1309 2401 1633 2475 quotidiana
1674 2399 2065 2454 admonitiones

474 2512 673 2559 nostra
710 2499 853 2571 apud
897 2498 1031 2554 tales
1058 2495 1345 2567 quidquam
1372 2491 1671 2564 proficiant.
1721 2489 1838 2546 Non
1888 2499 2063 2546 tanien

471 2590 719 2657 cessabo,
768 2589 941 2646 etiam.
981 2586 1081 2651 sic,
1128 2585 1198 2641 ab
1244 2583 1349 2639 hoc
1386 2580 1566 2638 dando
1604 2580 1853 2647 consilio,
1896 2580 2067 2636 donec

476 2699 573 2741 eos
618 2680 912 2751 frequentia
955 2676 1276 2733 moniton
1322 2682 1603 2744 superatos
1623 2713 1639 2739 ,
1702 2680 1935 2727 attentos
1982 2679 2037 2725 at

476 2790 581 2845 que
608 2771 888 2843 vigilantes
916 2765 1235 2829 reddidero,
1279 2772 1440 2833 atque
1481 2777 1547 2818 es
1586 2760 1805 2833 crapula
1835 2770 1890 2816 et
1916 2759 2063 2815 ebri-

444 2894 445 2897 η
478 2873 643 2930 etate,
668 2877 827 2933 quam
858 2859 911 2914 in
936 2856 1348 2914 obtenebratam
1375 2853 1590 2909 illorum
1630 2860 1866 2909 mentem
1894 2850 2066 2905 avidi-

481 2968 563 3011 tas
601 2952 945 3026 pecuniarum
987 2946 1207 3014 invexit,
1250 2960 1445 3001 eruere
1468 2943 1705 2999 valuere.
1746 2940 1874 2999 Scio
1891 2941 2068 3006 enim,

482 3050 595 3105 scio
637 3043 752 3100 fore
798 3050 857 3097 ut
896 3055 992 3111 per
1032 3038 1259 3110 gratiam
1290 3036 1383 3092 Dei
1421 3049 1726 3091 sermonum
1767 3041 2071 3090 nostrorum

486 3132 802 3207 frequentia,
850 3139 907 3187 et
950 3128 1141 3200 jejunii
1189 3126 1425 3207 studium
1475 3126 1621 3195 ipsos
1655 3125 1738 3181 vel
1766 3136 1943 3181 serua
1968 3122 2073 3177 dif-

486 3204 609 3283 liciii
636 3227 737 3281 hoc
763 3226 951 3279 morbo
972 3218 1201 3278 liberare
1223 3260 1241 3287 ,
1286 3204 1643 3289 perfectasque
1673 3216 1889 3273 sanitati
1915 3216 2072 3272 mu-

486 3328 635 3374 tuere
687 3314 885 3386 possit,
916 3320 977 3368 ut
1002 3321 1058 3368 et
1080 3311 1179 3381 ipsi
1207 3325 1237 3364 a
1263 3308 1571 3379 suppliciis,
1623 3323 1745 3379 quas
1790 3308 1856 3363 iis
1894 3314 2073 3379 parata

488 3418 633 3473 sunt,
669 3407 980 3472 liberentur,
1010 3412 1066 3459 et
1094 3416 1195 3457 nos
1224 3416 1254 3455 a
1282 3400 1496 3456 tristitia
1533 3414 1819 3467 eruamur,
1872 3409 1929 3456 et
1981 3415 2078 3470 pro

487 3496 733 3553 omnibus
770 3494 993 3566 gloriam
1041 3489 1337 3547 referamus
1390 3489 1499 3544 Deo
1526 3488 1694 3555 Patri,
1748 3497 1803 3546 et
1832 3488 1991 3557 Filio,
2022 3499 2079 3545 et

489 3586 711 3659 Spiritui
750 3594 954 3651 sancto,
988 3597 1129 3640 nunc
1156 3592 1213 3639 et
1255 3596 1488 3653 semper,
1534 3591 1590 3639 et
1637 3582 1692 3638 in
1736 3582 1932 3638 saecula
1979 3598 2082 3639 ste-

489 3681 749 3736 culorum.
792 3677 980 3732 Amen.

1081 3783 1362 3841 IIOMILIA
1407 3782 1496 3840 IV.

496 3899 637 3955 Dixit
655 3914 847 3969 quoque
872 3894 1007 3952 Deus
1038 3910 1058 3950 :
1084 3895 1202 3951 Fiat
1224 3894 1615 3949 firmamentum
1634 3895 1686 3950 in
1710 3895 1887 3951 medio
1904 3911 2081 3966 aquae,

564 4004 623 4049 et
643 3990 844 4047 dividat
870 3989 1008 4044 inter
1031 4000 1223 4058 aquam
1246 3995 1302 4044 et
1328 4000 1523 4057 aquam
1553 4004 1566 4042 :
1598 3991 1655 4043 et
1677 3985 1875 4043 factum
1898 3994 1983 4045 est
2011 3989 2084 4043 ita

566 4079 735 4152 (Gen.
770 4083 821 4135 l.
849 4078 945 4152 6).

575 4216 625 4270 ι.
670 4212 869 4267 Vidcns
910 4226 1031 4283 ego,
1080 4210 1434 4277 dilectissimi,
1480 4212 1713 4270 alacrem
1739 4222 1795 4270 et
1822 4215 2086 4285 quotidia-

504 4321 630 4362 num
660 4312 895 4361 vestrum
922 4311 1268 4371 conventum,
1314 4319 1559 4378 magnam
1590 4308 1825 4377 percipio
1845 4311 2088 4379 τοιιιρω-

504 4407 633 4460 tem,
671 4403 727 4451 et
765 4392 1015 4449 clementi
1042 4393 1151 4449 Deo
1177 4393 1401 4464 gloriam
1425 4388 1494 4451 de
1523 4394 1762 4466 profectu
1788 4408 1970 4454 vestro
1998 4414 2089 4455 re-

410 4498 415 4507 ‘
506 4485 707 4542 ferendi
748 4484 911 4539 linem
948 4499 1055 4539 non
1100 4483 1256 4540 facio.
1310 4484 1443 4541 Nam
1487 4486 1627 4543 sicut
1662 4490 1866 4544 esurire
1893 4505 2087 4561 corpo-

506 4576 633 4631 ralis
660 4574 903 4630 sanitatis
925 4573 1175 4629 indicium
1201 4584 1305 4641 est,
1324 4576 1393 4631 ita
1419 4588 1474 4632 et
1499 4578 1674 4633 studio
1700 4594 1891 4650 magno
1905 4582 2091 4638 audire

506 4668 689 4723 divina
734 4666 945 4736 eloquia
989 4666 1145 4721 bona:
1186 4666 1351 4721 animi
1394 4668 1711 4725 valetudinis
1737 4672 2090 4728 certissimum

507 4766 588 4811 est
617 4762 1015 4825 argumentum.
1040 4754 1163 4811 Ideo
1189 4764 1245 4811 et
1270 4756 1525 4813 Dominus
1552 4769 1732 4815 noster
1752 4759 1909 4818 Iesus
1932 4762 2095 4819 Chri-

512 4858 625 4903 stus
685 4847 737 4901 in
776 4846 890 4901 suis
936 4844 1365 4913 beatitudinibus,
1397 4863 1533 4918 quas
1565 4850 1617 4904 in
1644 4860 1827 4909 monte
1854 4856 2091 4924 protulit,

512 4939 720 4995 dicebat
746 4956 759 4991 :
786 4936 933 4992 Beati
958 4937 1044 5007 qui
1068 4939 1289 4992 esuriant
1313 4947 1359 4992 et
1378 4939 1553 4994 sitiunt
1570 4942 1842 5011 justitiam,
1860 4948 2096 5017 quoniam

516 5030 614 5098 ipsi
640 5028 1239 5099 saturabitnturUlauh.
1261 5031 1315 5088 5.
1348 5029 1424 5101 ϐ).
1457 5032 1586 5101 Quis
1619 5034 1777 5106 igitur
1807 5036 1967 5108 digne
2002 5054 2097 5097 vos

518 5119 735 5176 laudare
756 5120 954 5186 valeat,
993 5120 1085 5190 qui
1129 5123 1295 5177 semel
1334 5122 1403 5178 ab
1449 5125 1685 5180 omnium
1716 5126 1939 5183 Domino
1968 5129 2098 5187 bea-

517 5209 794 5264 titudinem
821 5210 1120 5278 accepistis,
1168 5219 1224 5266 et
1259 5212 1329 5267 ab
1373 5228 1441 5270 eo
1488 5214 1691 5270 inﬁnita
1733 5216 1869 5273 bona
1909 5234 2098 5289 exspe-

520 5299 724 5353 ctatis?
758 5299 807 5353 ls
834 5300 977 5372 enim
1024 5300 1231 5356 Domini
1275 5305 1444 5358 nostri
1484 5320 1602 5361 mos
1638 5315 1741 5372 est,
1787 5316 1847 5362 ut
1890 5313 2101 5378 quoties

523 5388 667 5443 videt
708 5390 936 5442 animam
978 5382 1217 5459 aliquam
1270 5393 1439 5448 multo
1496 5394 1764 5451 desiderio
1819 5400 2101 5473 studioque

526 5482 759 5535 maximo
824 5481 1191 5550 spiritualibus
1250 5484 1581 5554 inhiantem,
1626 5489 1916 5547 liberaliter
1960 5494 2102 5550 illam

3669 387 3779 444 ιιι

2152 482 2377 554 Draptcr
2424 499 2520 541 vos
2565 485 2729 551 enim,
2785 494 2843 542 et
2886 496 3104 557 propter
3136 492 3368 543 vestrum
3417 487 3765 559 profectum.

2147 560 2362 630 omnem
2405 574 2547 633 hunc
2586 575 2826 632 laborem
2868 576 3181 642 toleramus,
3228 586 3288 632 ut
3334 586 3391 634 et
3440 593 3539 634 vos
3581 577 3773 634 citius

2146 664 2215 721 ad
2255 665 2431 736 ipsum
2468 667 2679 723 virtutis
2720 666 2987 747 fastigium
3039 667 3360 736 ascendatis,
3402 668 3571 725 futuri
3619 670 3767 725 vita:

2147 755 2341 813 divina:
2375 757 2617 831 magistri
2663 758 2913 815 omnibus
2949 760 3041 830 qui
3070 774 3166 814 vos
3200 758 3515 829 respiciunt,
3545 766 3605 816 et
3645 774 3767 814 no—

2148 847 2231 904 bis
2274 848 2447 921 major
2480 848 2694 907 dicendi
2741 849 2932 905 ﬁducia
2973 849 3214 917 accedat,
3242 850 3332 922 qui
3358 849 3607 907 videmus
3636 865 3765 906 no.

2150 940 2204 997 in
2249 955 2465 1008 vanum,
2517 956 2619 998 nec
2660 941 2857 997 frustra
2903 957 3002 997 nos
3049 941 3331 1007 laborare;
3380 939 3479 997 sed
3503 941 3767 1012 quotidie

2146 1045 2335 1088 semen
2365 1031 2469 1088 hoc
2494 1032 2769 1102 spirituale
2796 1033 2850 1088 in
2877 1031 3029 1088 vobis
3065 1046 3333 1100 crescere,
3386 1046 3563 1103 neque
3606 1033 3765 1088 sicut

2152 1124 2206 1180 in
2250 1125 2534 1196 evangelio
2578 1125 2863 1180 seminanti
2908 1125 3109 1191 evenit,
3181 1125 3255 1180 ita
3298 1133 3354 1181 et
3398 1124 3556 1180 nobis
3607 1137 3759 1179 con-

2152 1218 2376 1288 tingere.
2422 1214 2499 1270 lbi
2549 1215 2695 1270 enim
2731 1228 2839 1270 una
2882 1223 3085 1270 tantum
3138 1229 3261 1285 pars
3284 1214 3441 1271 salva
3480 1213 3603 1282 fuit,
3637 1224 3762 1271 tres

2153 1307 2446 1377 perierunt.
2494 1305 2629 1374 Quia
2674 1319 2882 1373 semen,
2950 1304 3094 1376 quod
3143 1319 3300 1361 secus
3348 1306 3487 1361 viam
3526 1305 3756 1372 cecidit,

2152 1399 2272 1452 sine
2323 1393 2501 1450 fructu
2553 1395 2773 1461 mansit,
2825 1404 2880 1449 et
2924 1394 3069 1465 quod
3114 1395 3255 1449 inter
3308 1395 3522 1464 spinas,
3573 1394 3755 1450 ωηο-

2154 1494 2331 1542 catum
2379 1493 2496 1552 est;
2535 1484 2679 1557 quod
2730 1492 2911 1541 autem
2966 1485 3021 1540 in
3073 1493 3309 1554 petram,
3360 1484 3413 1538 in
3454 1479 3759 1554 'superticic

2155 1592 2399 1644 manens,
2443 1576 2677 1634 fructum
2725 1578 2920 1634 ali'erre
2962 1578 3430 1651 nequivit(MattIt.
3455 1578 3543 1633 l3.
3572 1575 3753 1646 L7):

2157 1671 2244 1726 hic
2285 1670 2341 1725 in
2391 1671 2562 1742 gratia
2615 1670 2710 1727 Dei
2752 1685 2878 1741 spes
2930 1680 3049 1736 est,
3110 1670 3262 1738 fore,
3321 1680 3378 1727 ut
3420 1685 3543 1726 cum
3588 1680 3759 1727 omne

2156 1764 2211 1820 in
2262 1772 2462 1820 terram
2528 1761 2722 1819 bonam
2765 1761 3054 1831 ceciderit,
3108 1762 3199 1817 alii
3240 1760 3467 1818 reddant
3520 1761 3756 1817 fructum

2156 1854 2488 1925 centuplum,
2517 1853 2605 1909 alii
2648 1851 3060 1923 sexagesimum,
3101 1853 3191 1907 alii
3244 1851 3597 1922 trigesimum.
3642 1850 3761 1907 lloc

2161 1954 2401 2003 nostram
2444 1946 2777 2002 alacritatem
2828 1943 2974 2000 foret
2997 1984 3013 2009 ,
3068 1943 3172 1999 hoc
3218 1952 3452 1999 mentem
3513 1943 3719 1998 excitat
3740 1984 3759 2011 ,

2161 2039 2305 2111 quod
2348 2039 2582 2095 sciamus
2626 2052 2733 2093 non
2782 2038 2836 2093 in
2880 2052 3111 2101 vanum,
3157 2051 3257 2092 nec
3307 2035 3503 2091 frustra
3550 2048 3767 2090 seruio-

2162 2144 2260 2185 nes
2288 2144 2387 2185 nos
2419 2128 2611 2194 facere,
2644 2127 2740 2183 sed
2785 2128 3010 2182 arrectis
3040 2126 3255 2182 auribus
3278 2135 3333 2182 et
3355 2126 3557 2181 intenta
3578 2133 3764 2180 mente

2166 2219 2307 2275 dicta
2343 2226 2524 2274 nostra
2552 2218 2742 2289 accipi.
2781 2219 2954 2287 Atque
2984 2216 3100 2272 hzec
3125 2233 3230 2271 non
3256 2216 3523 2272 adulando
3546 2216 3763 2271 caritati

2172 2320 2363 2365 vestra:
2385 2308 2527 2375 dico,
2567 2309 2661 2365 scd
2690 2308 2936 2378 conjecto
2963 2309 3288 2363 alacritatem
3310 2308 3466 2364 exiis
3489 2322 3613 2378 quae
3645 2306 3765 2363 beri

2165 2415 2197 2455 a
2228 2401 2383 2455 nobis
2409 2399 2551 2454 dicta
2580 2410 2722 2456 sunt.
2773 2398 3029 2454 Videbam
3058 2400 3201 2455 enim
3232 2414 3327 2456 vos
3352 2413 3544 2455 omnes
3576 2399 3768 2456 avidos

2168 2494 2426 2552 doctrina:
2452 2493 2522 2549 ab
2550 2509 2646 2550 ore
2674 2508 2796 2550 tneo
2827 2492 3144 2564 pendentes.
3192 2502 3248 2549 et
3273 2492 3452 2547 omnia
3481 2492 3768 2559 facientes,

2170 2602 2238 2643 ne
2265 2585 2392 2657 quid
2419 2599 2515 2642 vos
2542 2584 2806 2641 dictorum
2838 2574 3176 2655 printer-iret;
3225 2592 3483 2653 praeterea
3526 2583 3770 2639 continui

2171 2678 2385 2750 plausus
2423 2678 2664 2733 maxime
2691 2676 3046 2740 testabantur,
3091 2690 3189 2731 vos
3224 2676 3363 2731 dicta
3393 2675 3771 2746 magnasoln-

2173 2779 2315 2841 ptate
2356 2768 2650 2837 suscipere.
2726 2767 2828 2834 Qui
2876 2776 3054 2821 autem
3092 2765 3292 2837 aliquid
3343 2763 3537 2834 volupe
3579 2764 3771 2832 audit,

2171 2870 2378 2918 certum
2406 2869 2491 2917 est
2529 2860 2659 2915 illud
2700 2857 2962 2931 profunde
3007 2858 3063 2913 in
3107 2858 3286 2912 animo
3328 2857 3491 2928 ligere
3522 2873 3537 2911 :
3568 2856 3773 2927 ubique

2172 2951 2331 3007 altius
2373 2963 2663 3021 reponens,
2715 2949 2843 3005 facit
2885 2964 2955 3005 ne
2999 2947 3408 3005 eradideierive
3423 2956 3604 3016 queat.
3638 2946 3779 3016 Quis

2176 3042 2337 3113 igitur
2378 3040 2539 3112 digne
2580 3053 2678 3095 vos
2712 3038 2968 3105 laudare,
3016 3047 3073 3094 et
3109 3052 3209 3093 nos
3253 3035 3441 3093 beatos
3478 3034 3781 3107 praedicare

2179 3142 2381 3205 posset,
2428 3133 2519 3203 qui
2565 3133 2826 3187 inaures
2862 3131 3131 3201 loquimur
3176 3128 3545 3186 audientium?
3582 3127 3780 3184 Beatus

2179 3225 2345 3289 enim,
2375 3226 2470 3288 ait,
2506 3223 2596 3296 qui
2620 3223 2846 3293 loquitur
2867 3222 2922 3275 in
2949 3236 3098 3276 aures
3126 3220 3440 3275 audientium
3469 3218 3656 3293 (Eecli.
3678 3220 3777 3276 25.

2181 3315 2291 3386 12).
2320 3314 2432 3369 Hoc
2472 3313 2787 3384 praclarum
2824 3326 2961 3381 opus
2994 3312 3201 3381 jejunio
3241 3321 3518 3381 acceptum
3558 3310 3789 3379 refero,

2182 3406 2285 3461 hoc
2330 3402 2624 3461 remedium
2666 3404 2893 3459 salutem
2934 3410 3214 3473 operatum
3239 3409 3324 3458 est
3348 3402 3647 3458 animarum
3678 3417 3785 3457 no-

2183 3504 2435 3551 strarum.
2458 3493 2613 3561 Quod
2642 3492 2687 3548 si
2716 3494 2785 3548 ab
2814 3494 2966 3548 initio
2989 3494 3169 3549 statim
3200 3504 3403 3549 tantum
3431 3494 3587 3549 nobis
3612 3493 3786 3550 robur

2183 3585 2440 3651 ostendit,
2484 3584 2899 3654 procedentibus
2940 3584 3131 3640 diebus
3173 3595 3370 3656 quanta
3417 3571 3784 3655 exspectanda

2185 3679 2388 3734 utilitas
2414 3676 2688 3733 aflutural
2722 3675 2896 3734 Unum
2919 3676 3023 3733 hoc
3049 3692 3144 3733 vos
3169 3676 3414 3743 obsecro,
3445 3677 3510 3731 In
3530 3680 3708 3734 tintsre
3730 3688 3787 3734 et

2185 3782 2399 3827 tranare
2440 3770 2655 3826 salutem
2697 3778 2914 3825 uestram
2952 3769 3227 3838 operemiui
3279 3767 3448 3841 (Phil.
3476 3768 3532 3824 2.
3566 3769 3680 3841 12),
3725 3779 3790 3826 et

2186 3861 2391 3917 nullum
2415 3860 2616 3916 aditum
2646 3859 2924 3917 concedite
2953 3860 3171 3916 inimico
3193 3859 3380 3916 salutis
3408 3868 3623 3916 vestrae.
3645 3860 3785 3918 Nam

2188 3953 2376 4010 videns
2420 3967 2561 4009 nunc
2608 3953 2914 4024 spirituales
2962 3960 3169 4008 vestras
3213 3951 3445 4017 divitias,
3484 3951 3682 4007 insanit
3726 3963 3792 4009 et

2191 4046 2415 4113 ferocit,
2488 4055 2544 4101 et
2587 4046 2723 4101 sicut
2781 4046 2867 4102 leo
2919 4044 3135 4115 rugiens
3195 4044 3482 4109 circumit,
3533 4058 3787 4115 quarens

2190 4151 2350 4207 quem
2390 4135 2714 4204 devoret(l.
2746 4134 2859 4189 Pet.
2889 4136 2942 4189 5.
2973 4134 3049 4203 8).
3107 4132 3307 4188 Verum
3338 4134 3385 4189 si
3419 4133 3585 4189 sobrii
3615 4132 3785 4191 fueri-

2193 4240 2334 4291 mus,
2364 4224 2491 4279 nulli
2521 4223 2833 4295 pmvalebit
2870 4238 2964 4292 per
2986 4223 3211 4293 gratiam
3239 4223 3351 4279 Dei.
3566 4208 3569 4211 ’

2262 4315 2317 4370 2.
2370 4314 2518 4370 Talia
2545 4315 2686 4369 enim
2716 4322 2841 4368 sunt
2865 4328 3013 4369 arma
3037 4321 3216 4379 nostra
3242 4314 3557 4383 spiritualia,
3592 4314 3794 4383 quibus

2194 4420 2293 4460 nos
2340 4403 2509 4459 induit
2549 4402 2780 4473 Spiritus
2807 4404 2995 4472 gratia,
3036 4404 3174 4459 sicut
3218 4403 3334 4460 heri
3374 4405 3649 4460 caritatem
3690 4419 3791 4465 ve-

2197 4504 2361 4549 stram
2404 4493 2704 4549 docuimus.
2754 4490 2812 4547 Si
2839 4492 2997 4563 igitur
3028 4492 3110 4548 his
3136 4494 3392 4549 continuo
3418 4493 3655 4549 membra
3686 4509 3792 4550 no-

2198 4594 2310 4640 stra
2348 4584 2717 4647 municrimus,
2768 4583 2910 4638 nulla
2961 4584 3060 4639 tela
3107 4584 3179 4640 ab
3216 4586 3304 4640 illo
3348 4586 3541 4640 emissa
3581 4587 3646 4641 ad
3690 4600 3794 4641 nos

2197 4676 2503 4746 pertingere
2549 4681 2817 4743 poterunt,
2870 4674 2963 4726 sed
3014 4673 3165 4728 irrita
3218 4672 3306 4729 ad‘
3333 4674 3505 4743 ipsum
3554 4675 3792 4731 reditura

2197 4774 2325 4823 sunt
2352 4784 2365 4820 :
2398 4768 2678 4820 adamante
2706 4764 2850 4819 enim
2872 4763 3154 4819 solidiores
3180 4764 3271 4819 Dei
3294 4765 3460 4834 gratia
3480 4782 3577 4820 nos
3606 4766 3793 4833 allicit,

2200 4866 2257 4913 et
2281 4857 2327 4911 si
2356 4856 2619 4922 volumus,
2665 4855 2887 4911 omnino
2914 4855 3164 4926 invictos.
3207 4855 3389 4926 Itaque
3417 4858 3555 4912 sicut
3580 4857 3669 4926 qui
3700 4858 3796 4911 ad-

2201 4958 2469 5004 amantem
2513 4947 2704 5013 tundit,
2748 4947 2881 5019 nihil
2919 4946 3187 5002 adamanti
3230 4956 3409 5016 nocet,
3438 4947 3533 5003 sed
3560 4949 3793 5018 seipsum

2202 5040 2411 5110 fatigat,
2453 5048 2508 5094 et
2548 5034 2715 5094 robur
2742 5053 2899 5092 suum
2929 5037 3231 5104 imminuit;
3271 5046 3325 5091 et
3364 5038 3452 5107 qui
3490 5047 3675 5093 contra
3700 5039 3798 5092 sti-

2204 5132 2378 5187 mulos
2402 5129 2660 5195 calcitrat,
2692 5141 2819 5183 suos
2846 5128 3011 5198 pedes
3031 5137 3274 5183 cruentat
3298 5146 3312 5183 :
3335 5128 3389 5183 in
3414 5128 3554 5183 hunc
3579 5130 3795 5184 modum

2206 5238 2293 5278 res
2336 5236 2395 5276 se
2421 5220 2619 5275 habent
2645 5228 2843 5275 nostra:
2866 5234 2988 5274 cum
3014 5219 3199 5276 salutis
3226 5229 3425 5275 nostra:
3465 5220 3795 5288 adversario,

2207 5315 2253 5369 si
2278 5312 2462 5377 armis,
2514 5326 2633 5382 quae
2673 5296 2830 5366 nobis
2860 5310 3089 5381 Spiritus
3128 5311 3299 5366 sancti
3347 5311 3515 5380 gratia
3558 5311 3794 5373 exhibet.

2208 5408 2463 5461 continuo
2490 5420 2587 5460 nos
2615 5404 2938 5459 muniamus.
2987 5402 3153 5458 Tanta
3196 5404 3340 5459 enim
3382 5404 3592 5457 illorum
3635 5403 3799 5459 virtus

2210 5507 2313 5561 est,
2356 5506 2416 5552 ut
2454 5497 2631 5551 radios
2657 5495 2783 5551 inde
2819 5494 3145 5565 fulgurantes
3169 5494 3509 5549 adversarius
3535 5495 3801 5549 susﬁnere

529 5574 695 5642 gratia
734 5580 790 5626 et
838 5573 1101 5640 Opulentis
1151 5575 1309 5631 donis
1354 5578 1468 5634 suis
1519 5580 1827 5652 locupletet.
1878 5580 2029 5643 Unde
2054 5600 2109 5645 et
2214 5604 2319 5642 non
2360 5588 2548 5658 possit,
2591 5586 2687 5642 sed
2737 5586 2842 5641 illis
2895 5586 3034 5640 oculi
3074 5586 3190 5655 ejus
3236 5596 3594 5641 excmcentnr.
3673 5585 3801 5651 llis,

530 5664 630 5731 ego
658 5663 708 5717 in
738 5670 970 5718 vestram
996 5664 1274 5721 utilitatem
1299 5676 1355 5721 et
1396 5670 1799 5729 mdilicatiuuem
1829 5688 2104 5745 exspecto,

533 5762 585 5807 ut
630 5754 841 5810 uberior
892 5764 945 5810 ct
1006 5757 1159 5812 nobis
1211 5758 1465 5817 doctrinm
1517 5777 1694 5821 sermo
1764 5769 2103 5826 concedatur.

2214 5694 2417 5752 quaeso,
2464 5680 2629 5734 armis
2666 5693 2879 5746 semper
2924 5691 3023 5731 nos
3068 5676 3390 5743 muniamus,
3421 5687 3474 5731 ct
3501 5681 3579 5731 sic
3620 5676 3802 5730 muniti

2218 5773 2269 5827 in
2303 5769 2473 5827 forum
2500 5782 2597 5825 nos
2640 5770 3013 5826 conferamus:
3063 5768 3140 5825 sic
3188 5766 3325 5840 apud
3364 5769 3564 5825 amicos
3608 5770 3798 5837 simus,
