4038 6388
241 376 304 430 5‘)
1459 377 1523 434 IN
1563 376 1718 434 CAP.
1763 376 1780 430 Ι
1821 371 2068 430 GENES.
2113 373 2349 436 IIOMIL.
2387 378 2475 434 IV.
3649 379 3716 430 .10

233 492 367 547 ὅπου
399 491 569 564 πολλὴ
597 493 858 559 πολλάκις
889 496 922 566 ἡ
966 493 1355 566 ἀγνωμοσύνη,
1389 495 1582 548 πολλαὶ
1612 492 1722 547 τῶν
1766 490 1936 544 πλεο-ν

236 568 571 624 νεκτούντων
616 573 674 625 αἰ
725 573 1045 644 ὑπερϐολαί.
1096 575 1206 628 Καὶ
1259 573 1368 646 γὰρ
1413 573 1510 628 καὶ
1556 572 1668 625 τῶν
1718 570 1927 638 σφόδρα

232 649 473 719 γνησίων
520 651 708 705 πολλοὶ
737 653 859 706 οὐδὲ
899 653 1032 706 αὐτὸ
1071 653 1132 705 τὸ
1179 651 1459 706 δανεισθὲν
1505 653 1618 714 τοῖς
1668 648 1925 703 δεδωκόσι

233 725 548 796 παρέσχον,
599 729 634 799 ἢ
675 730 745 783 δι’
787 731 1182 802 ἀγνωμοσύνην
1222 729 1379 785 τοῦτο
1421 728 1840 800 ὑπομείναντες.
1888 726 1922 796 ἢ

236 803 334 857 καὶ
359 803 623 870 πολλάκις
656 808 762 861 ὑπὸ
795 809 986 873 πενίας
1020 808 1375 872 κωλυθέντες.
1421 807 1546 861 Ἐπὶ
1593 806 1651 860 δὲ
1683 804 1779 859 τοῦ
1811 804 1923 858 τῶν

234 882 489 935 ἁπάντων
519 886 792 938 Δεσπότου
827 886 982 940 οὐδὲν
1015 886 1223 940 τούτων
1259 887 1378 939 ἐστί
1410 884 1754 955 λογίσασθαι,
1784 881 1924 936 ἀλλά

231 960 326 1012 καὶ
359 961 421 1012 τὸ
451 959 662 1016 δάνειον
695 965 958 1035 ἀκέραιον
989 964 1162 1034 μένει,
1198 965 1292 1019 καὶ
1323 963 1466 1035 ὑπὲρ
1494 963 1604 1016 τῶν
1643 959 1923 1016 καταϐαλ-

227 1035 470 1107 λομένων
504 1039 1040 1096 ἑκατονταπλασίονα
1066 1045 1373 1114 παρασχεῖν
1399 1042 1742 1112 ὑπισχνεῖται
1783 1037 1922 1110 μετά

231 1115 410 1179 τοῦτο,
439 1120 535 1171 καὶ
567 1119 667 1189 τήν
705 1121 763 1172 ἐν
790 1119 869 1190 τῷ
895 1119 1143 1190 μέλλοντι
1174 1119 1322 1190 ζωὴν
1358 1121 1491 1190 ἡμῖν
1523 1117 1844 1189 ταμιεύεται
1868 1129 1915 1168 ιι.

231 1193 326 1258 Τίς
359 1191 453 1248 οὖν
487 1198 624 1266 ἡμῖν
671 1197 858 1251 λοιπὸν
894 1198 1164 1268 ἀπολογία
1212 1197 1461 1251 λείπεται
1515 1197 1591 1268 μὴ
1626 1196 1919 1250 σπεύδουσι

229 1273 328 1324 καὶ
382 1272 762 1344 ἐπειγομένοις
803 1277 926 1330 ἀντί
978 1277 1089 1332 τῶν
1133 1277 1332 1347 ὀλίγων
1382 1276 1918 1331 ἑκατονταπλασίονα

226 1350 434 1414 λαϐεῖν,
473 1351 570 1406 καὶ
611 1353 734 1406 ἀντὶ
777 1354 887 1408 τῶν
918 1357 1204 1428 παρόντων
1246 1357 1315 1411 τά
1345 1356 1634 1426 μέλλοντα,
1662 1357 1761 1409 καὶ
1794 1354 1918 1408 ἀντὶ

224 1429 335 1507 τῶν
367 1433 725 1503 προσκαίρων
753 1434 821 1488 τά
850 1434 1067 1501 αἰώνια,
1102 1435 1218 1490 ἀλλ’
1251 1435 1428 1507 ἡδέως
1456 1435 1650 1506 θύραις
1683 1435 1776 1488 καὶ
1815 1451 1915 1504 μο-

221 1505 370 1576 χλοῖς
417 1509 832 1566 ἐναποκλείουσι
886 1513 956 1567 τά
995 1505 1290 1586 χρήματα,
1327 1515 1424 1569 καὶ
1467 1505 1536 1566 οὐ
1568 1512 1916 1584 βουλομένοις

218 1587 362 1640 αὑτά
399 1586 496 1640 νῦν
545 1589 812 1660 προέσθαι
841 1594 957 1656 τοῖς
993 1592 1272 1662 δεομένοις
1321 1592 1388 1646 τὰ
1420 1591 1618 1654 ἀπλῶς
1654 1593 1749 1644 καὶ
1791 1591 1912 1663 εἰκῆ

217 1665 472 1736 κείμενα,
501 1667 590 1721 ῖνα
629 1670 686 1721 ἐν
720 1669 801 1740 τῷ
828 1670 1078 1742 μέλλοντι
1098 1670 1258 1726 αἰῶνι
1291 1670 1392 1741 τῆς
1425 1673 1557 1742 παρ’
1579 1670 1762 1724 αὐτῶν
1788 1687 1916 1742 προ-

218 1744 452 1810 στασίας
479 1747 917 1820 ἀπολαύσωμεν;
961 1749 1266 1816 Ποιήσατε
1286 1749 1397 1821 γάρ
1423 1749 1568 1819 ὑμῖν
1593 1749 1817 1818 φίλους
1845 1750 1914 1803 ἐκ

216 1821 327 1876 τοῦ
367 1825 623 1895 μαμωνᾶ
673 1825 784 1893 τῆς
827 1827 1089 1895 ἀδικίας,
1112 1829 1234 1892 ἵνα,
1267 1828 1415 1881 ὅταν
1444 1829 1787 1894 ἐκλείπητε,
1820 1827 1915 1882 δέ-

216 1905 444 1966 ξωνται
471 1903 621 1973 ὑμᾶς
659 1907 748 1970 εἰς
789 1906 896 1972 τὰς
940 1907 1225 1973 αἰωνίους
1261 1903 1464 1960 αὐτῶν
1499 1905 1761 1975 σκηνάς.
1803 1905 1914 1960 Καὶ

215 1977 358 2046 οἶδα,
386 1983 474 2035 δτι
515 1984 701 2052 πολλοὶ
735 1985 796 2038 οὐ
835 1986 998 2057 μόνον
1029 1986 1092 2039 οὑ
1127 1986 1447 2056 προσίενται
1489 1987 1560 2040 τά
1597 1987 1727 2058 παρ’
1753 1985 1914 2057 ἡμῶν

213 2058 512 2131 λεγόμενα,
531 2061 668 2117 ἀλλά
698 2064 794 2117 καὶ
823 2064 899 2127 ώς
925 2063 1093 2136 λῆρόν
1124 2082 1248 2118 τινα
1272 2066 1367 2119 καὶ
1394 2065 1565 2136 μῦθον
1595 2065 1909 2130 ἀκούοντες,

213 2140 280 2192 οὑ
319 2140 648 2211 προσέχουσι
690 2142 719 2182 δ
757 2145 874 2207 τοῖς
905 2144 1200 2215 ἡμετέροις
1230 2145 1434 2214 λόγοις.
1479 2143 1621 2198 ’Δλλ’
1661 2142 1775 2213 ἐγὼ
1819 2145 1912 2198 καὶ

210 2218 306 2272 διά
330 2217 492 2272 τοῦτο
532 2219 822 2291 δάκνομαι,
863 2223 958 2274 καὶ
1000 2221 1302 2293 ὀδυνῶμαι,
1333 2224 1416 2277 ότι
1452 2221 1577 2276 οὕτε
1616 2222 1724 2275 τῶν
1763 2239 1908 2292 πρα-

213 2297 448 2368 γμάτων
479 2298 512 2368 ἡ
541 2300 728 2370 πεῖρα,
768 2297 892 2352 οὔτε
933 2301 968 2369 ἡ
1010 2299 1250 2371 τοσαύτη
1282 2299 1378 2354 τοῦ
1415 2299 1552 2353 Θεοῦ
1588 2299 1905 2370 ὑπόσχεσις,

211 2374 339 2429 οὐτε
365 2378 395 2429 ό
424 2376 590 2444 φόϐος
617 2376 728 2429 τῶν
753 2377 1081 2448 μελλόντων,
1103 2377 1228 2432 οὐτε
1256 2380 1313 2433 αἰ
1347 2378 1468 2432 καθ’
1500 2379 1741 2447 ἐκάστην
1769 2377 1910 2448 ἡμέ-

212 2472 319 2524 ραν
351 2456 485 2524 παρ’
515 2456 675 2526 ἡμῶν
718 2459 1073 2528 παραινέσεις
1115 2458 1224 2510 τῶν
1268 2456 1528 2511 τοιούτων
1580 2456 1907 2510 καθικέσθαι

210 2532 562 2604 ἠδυνήθησαν
587 2545 636 2598 ε,
688 2536 785 2588 καὶ
829 2535 892 2589 οὐ
943 2535 1228 2606 παύσομαι
1280 2535 1404 2589 οὐδέ
1463 2534 1579 2607 [221
1621 2535 1765 2589 οὑτω
1808 2539 1908 2607 τῆς

209 2611 469 2683 τοιαύτης
505 2613 838 2684 συμϐουλῆς,
857 2614 1055 2688 μέχρις
1080 2614 1146 2668 ἀν
1169 2617 1236 2685 τῇ
1269 2613 1438 2685 πολλῇ
1472 2613 1726 2684 συνεχείᾳ
1757 2631 1907 2686 περι-

209 2691 468 2758 γενέσθαι
505 2692 738 2762 δυνηθῶ,
777 2694 872 2748 καὶ
895 2694 978 2758 είς
1006 2693 1170 2763 νῆψιν
1202 2694 1405 2757 αὐτοὺς
1438 2695 1689 2761 ἀγαγεῖν,
1717 2693 1812 2746 καὶ
1840 2696 1904 2746 ἐκ

207 2769 307 2822 τοῦ
330 2769 502 2841 κάρον
539 2771 635 2823 καὶ
663 2771 764 2843 τῆς
794 2771 988 2842 μέθης,
1025 2772 1090 2841 ἣν
1111 2775 1144 2842 ἡ
1174 2771 1283 2825 τῶν
1310 2771 1610 2842 χρημάτων
1639 2770 1905 2842 ἐπιθυμία

209 2849 416 2918 ἡνεγκε
445 2848 770 2904 σκοτώσασα
800 2849 893 2905 τὸν
926 2850 1209 2921 λογισμὸν,
1245 2851 1580 2918 ἀνενεγκεῖν.
1607 2845 1740 2904 Οἶδα
1768 2850 1901 2922 γὰρ,

207 2924 330 2980 οῖδα
359 2929 442 2981 δτι
474 2927 616 2998 μετὰ
644 2927 743 3000 τὴν
787 2928 885 2983 τοῦ
918 2927 1052 2983 Θεοῦ
1087 2928 1251 2999 χάριν
1273 2930 1368 2982 καὶ
1402 2929 1437 2998 ἡ
1467 2928 1578 2981 τῶν
1616 2930 1903 3000 ἡμετέρων

207 3005 387 3074 λόγων
426 3006 708 3077 συνέχεια,
742 3007 838 3061 καὶ
882 3009 916 3079 ἡ
971 3008 1120 3078 παρὰ
1166 3007 1266 3077 τῆς
1305 3007 1562 3077 νηστείας
1613 3007 1903 3078 ἐπιμέλεια

207 3085 499 3154 δυνὴσεται
529 3086 728 3149 αὐτοὺς
751 3085 851 3154 ὀψὲ
875 3085 1008 3154 γοῦν
1034 3103 1166 3139 ποτε
1197 3085 1508 3152 ἀπαλλάξαι
1533 3085 1629 3139 τοῦ
1657 3088 1901 3156 χαλεποῦ

207 3161 401 3215 τούτου
433 3164 760 3233 νοσήματος,
785 3163 880 3217 καὶ
905 3166 984 3226 είς
1013 3162 1228 3217 τελείαν
1255 3165 1470 3230 ὑγίειαν
1503 3165 1900 3235 ἐπαναγαγεῖν,

209 3241 298 3295 ἵνα
327 3243 424 3296 καὶ
448 3242 604 3295 αὐτοὶ
625 3242 726 3312 τῆς
765 3243 1155 3314 ἐπηρτημένης
1185 3244 1300 3306 τοῖς
1335 3242 1601 3307 τοιούτοις
1630 3245 1901 3316 τιμωρίας

208 3320 643 3392 ἐλευθερωθῶσι,
659 3322 754 3373 καὶ
775 3322 936 3392 ἡμεῖς
963 3322 1060 3391 τῆς
1086 3321 1326 3391 ἀθυμίας
1348 3321 1779 3394 ἀπαλλαγῶμεν,
1806 3324 1902 3378 καὶ

207 3400 352 3470 ὑπὲρ
384 3399 641 3453 ἀπάντων
681 3399 841 3465 δόξαν
886 3398 1303 3470 ἀναπέμψωμεν
1341 3400 1420 3471 τῷ
1460 3402 1634 3471 Πατρί
1680 3401 1776 3455 καὶ
1821 3402 1902 3473 τῷ

207 3476 326 3549 Υἱῷ
344 3478 438 3532 καὶ
465 3477 545 3547 τῷ
568 3477 709 3549 ἀγίῳ
732 3479 1033 3550 Πνεύματι,
1066 3477 1162 3532 νῦν
1189 3477 1283 3531 καὶ
1310 3479 1420 3546 ἀεὶ,
1445 3480 1539 3534 καὶ
1565 3482 1648 3544 εἰς
1669 3481 1796 3536 τοὺς
1817 3483 1901 3535 αἱ·

205 3557 355 3621 ῶνας
386 3557 496 3612 τῶν
524 3555 759 3612 αἰώνων.
801 3559 998 3629 Ἀμήν.

877 3675 1118 3728 ΟΜΙΛῙΑ
1158 3678 1228 3728 Δ’.

206 3760 320 3814 Καὶ
362 3757 536 3832 εἶπεν
577 3765 610 3817 ὀ
662 3763 802 3829 Θεό(
831 3780 844 3794 ο
886 3762 1202 3830 Γενηθήτω
1254 3761 1560 3832 στερέωμα
1619 3762 1691 3816 ἐν
1727 3764 1898 3831 μέσῳ

280 3829 391 3903 τοῦ
444 3832 698 3899 ὕδατος,
766 3833 865 3887 καί
935 3829 1111 3886 ἔστω
1153 3829 1503 3903 διαχωρίζῢν
1585 3829 1896 3903 ἀναμέσον

279 3900 502 3969 ὕδατος
529 3905 626 3960 καὶ
659 3903 910 3970 ὕδατος·
934 3903 1033 3956 καὶ
1063 3900 1304 3971 ἐγένετο
1335 3903 1546 3967 οὕτως.

279 3994 346 4041 α’.
389 3987 563 4061 Ὁρῶν
582 3991 767 4060 ὑμῶν,
794 3991 1102 4062 ἀγαπητοὶ,
1129 3989 1229 4062 τὴν
1253 3991 1392 4060 μετά
1427 3991 1741 4063 προθυμίας
1773 3995 1896 4049 καθ’

207 4065 451 4138 ἑκάστην
485 4069 696 4140 ἡμέραν
719 4069 954 4124 ἐνταῦθα
998 4069 1338 4134 συνέλευσιν,
1371 4071 1616 4142 μεγάλην
1652 4075 1898 4142 καρποῦ·

211 4162 313 4215 μαι
352 4147 455 4217 τὴν
487 4148 701 4220 ἡδονὴν,
750 4149 844 4202 καὶ
895 4148 957 4202 οὐ
1008 4147 1253 4218 παύομαι
1303 4147 1542 4216 δοξάζων
1575 4151 1667 4205 τὸν
1703 4152 1894 4221 φιλάν-

207 4223 598 4307 θρωπονῌΘεδν
633 4227 726 4280 ἐπὶ
751 4230 819 4297 τῇ
855 4229 1111 4307 προκοπῇ
1146 4229 1214 4296 τῇ
1241 4227 1507 4299 ὑμετέρᾳ.
1545 4229 1756 4303 Ὠσπερ
1785 4235 1896 4307 γὰρ

204 4303 270 4355 τὸ
314 4305 504 4373 πεινῇν
544 4307 866 4376 σωματικῆς
909 4304 1122 4372 εὐεξίας
1163 4307 1282 4358 ἐστὶ
1316 4310 1564 4377 σημεῖον,
1609 4309 1752 4364 οὑτω
1799 4303 1896 4367 καὶ

203 4381 269 4434 τὸ
299 4383 431 4454 περὶ
460 4384 559 4455 τὴν
591 4385 858 4456 ἀκρόασιν
901 4384 1008 4438 τῶν
1051 4384 1212 4438 θείων
1245 4384 1444 4454 λογίων
1490 4388 1890 4448 ἐσπουδακέναι

204 4459 308 4530 τῆς
356 4462 502 4516 κατὰ
549 4463 728 4536 ψυχὴν
778 4465 990 4534 ὑγιείας
1035 4465 1337 4534 τεκμήριον
1384 4465 1450 4518 ἀν
1497 4482 1583 4530 τις
1635 4469 1895 4538 μέγιστον

205 4540 515 4611 ποιήσαιτο.
547 4544 638 4596 Διὸ
682 4545 778 4598 καὶ
814 4547 842 4598 ό
880 4543 1086 4616 Κύριος
1128 4543 1288 4614 ἡμῶν
1325 4545 1533 4614 Ἰησοῦς
1565 4550 1803 4620 Χριστὸς
1835 4556 1895 4609 ἐν

202 4621 319 4703 τοῖς
349 4624 722 4703 μακᾼαρισμοῖς
757 4621 1010 4703 ἐκείνοις,
1052 4623 1166 4684 τοῖς
1206 4622 1299 4703 ἐπὶ
1327 4624 1424 4677 τοῦ
1463 4625 1625 4695 ὅρους
1664 4644 1895 4703 γεγενη-

207 4697 416 4778 μένοις,
451 4699 636 4768 ἐλεγε·
665 4700 951 4769 Μακάριοι
998 4703 1053 4754 οί
1097 4700 1425 4768 πεινῶντες
1463 4705 1561 4758 καὶ
1599 4697 1895 4778 διψῶντες

203 4775 321 4844 τὴν
347 4778 765 4847 δικαιοσύνην,
790 4779 878 4832 ὅτι
907 4779 1079 4834 αὐτοὶ
1115 4782 1660 4848 χορτασθήσονται.
1694 4785 1791 4850 Τίς
1824 4775 1892 4843 ἂν

202 4852 295 4939 οὖν
318 4858 463 4939 ὑμᾶς
479 4861 610 4939 κατ’
632 4859 789 4924 ἀξίαν
810 4860 1096 4913 ἐπαινέσαι
1119 4861 1396 4931 δυνηθείη,
1417 4863 1541 4926 τοὺς
1566 4863 1713 4932 ἅπαξ
1741 4870 1892 4939 παρὰ

202 4935 298 4989 τοῦ
322 4936 431 4988 τῶν
463 4938 720 4992 ἀπάντων
746 4939 1017 4991 Δεσπότου
1044 4939 1134 4990 τὸν
1166 4941 1516 5010 μακαρισμὸν
1538 4935 1889 5015 δεξαμένους,

205 5015 298 5067 καὶ
321 5015 390 5068 τά
415 5017 583 5086 μυρία
608 5017 1027 5087 προσδοκῶντας
1057 5018 1187 5086 παρ’
1211 5018 1376 5070 αὐτοῦ
1399 5020 1577 5087 ἀγαθά
1598 5039 1612 5087 ;
1639 5024 1894 5091 Τοιοῦτος

206 5099 314 5176 γάρ
344 5097 372 5149 ό
423 5097 692 5168 ἡμέτερος
730 5097 1038 5164 Δεσπότης·
1086 5097 1215 5148 ὅταν
1260 5097 1347 5168 ἴδῃ
1376 5098 1554 5168 ψυχὴν
1596 5103 1776 5172 πολλῷ
1813 5108 1892 5176 τῷ

203 5173 356 5244 πόθῳ
385 5176 480 5227 καὶ
512 5177 884 5249 ἐπι-τεταμένη
917 5179 982 5244 τῇ
1027 5176 1309 5248 προθυμίᾳ
1341 5180 1455 5240 τοῖς
1498 5173 1891 5250 πνευματικοῖς

204 5254 571 5322 προσιοῦσαν,
609 5254 1046 5323 ἐπιδαψιλεύεται
1093 5253 1191 5325 τὴν
1251 5261 1445 5326 χάριν,
1497 5259 1594 5312 καὶ¹
1630 5259 1891 5327 πλουσίας

203 5334 334 5401 παρ’
365 5334 564 5387 ἐαυτοῦ
594 5335 880 5406 χαρίζεται
907 5332 1006 5396 τάς
1032 5332 1258 5402 δωρεάς.
1285 5336 1444 5389 Ὅθεν
1481 5340 1766 5408 προσδοκῶ
1797 5344 1891 5396 καὶ

205 5411 335 5495 ἡμῖν
361 5414 448 5468 διὰ
486 5417 586 5487 τὴν
620 5416 892 5495 ὑμετέραν
917 5413 1241 5495 ἀᾼώφέλειαν
1285 5416 1503 5471 πλείονα
1531 5422 1888 5495 παρασχεθή-

208 5492 396 5546 σεσθαι
449 5495 548 5548 τὸν.
588 5495 688 5564 τῆς
731 5492 1078 5556 διδασκαλίας
1114 5494 1272 5561 λόγον
1320 5495 1402 5559 εἰς
1453 5492 1750 5571 οἰκοδομὴν
1787 5492 1890 5572 τῆς

203 5651 228 5694 ⁸
267 5590 292 5616 ⁸
323 5587 392 5637 lla
439 5591 590 5640 Savil.
629 5599 681 5639 et
705 5603 791 5638 sex
813 5604 926 5640 mss.
952 5588 1126 5638 Morel.
1155 5591 1274 5650 μετὰ
1302 5589 1389 5639 τοῦ
1413 5594 1555 5643 καὶ...
1583 5595 1888 5658 ένταμιεύεσ-

227 5666 296 5694 αι.

227 5666 277 5696 αι

265 5711 292 5779 If
320 5711 441 5779 130g.
465 5727 592 5760 unus
609 5715 664 5761 οὐ
686 5713 995 5779 προσέχουσι.
1018 5711 1219 5779 (ῖρὶειίςιἒ
1245 5714 1372 5779 οὑτω
1394 5718 1758 5779 προσδέχονται.

268 5776 289 5802 ⁸⁵
321 5773 506 5821 Omnes
533 5789 631 5822 mss
673 5773 894 5822 et'Sawl.
919 5774 1141 5829 ἡδυνήῡη.
1179 5773 1347 5823 ﬂore].
1375 5773 1696 5835 ἠδυνήθησαν.
1714 5779 1776 5830 ΕΙ.
1801 5782 1864 5829 Ita

203 5835 566 5884 restituendum
589 5848 648 5884 ex
670 5838 949 5893 conjectura
967 5839 1104 5882 notat
1123 5835 1351 5884 Savilius.

269 5895 294 5933 ἀ
317 5897 516 5964 (Eadm.
544 5898 784 5964 πλουσίως
800 5896 890 5964 τας
922 5895 1033 5964 παρξ
1061 5897 1241 5964 ἑαυτῶν
1276 5899 1516 5960 χαρίζεται
1547 5901 1744 5964 δωρεὰς,
1779 5905 1877 5952 ὅθεν

204 5959 546 6016 πεοσδοκωμεν
567 5959 644 6006 καὶ
665 5959 774 6018 ἡμῖν
797 5958 872 6005 διὰ
897 5959 980 6013 τὴν
1007 5958 1257 6019 ἡμετέραν.

2036 491 2309 562 ὑμετέρας
2336 493 2580 564 ἀγάπης.
2621 495 2716 547 Διὶ
2734 496 2876 565 ὑμᾶς
2907 494 3016 565 γὰρ
3052 496 3146 550 καὶ
3172 495 3274 566 τήν
3296 491 3579 564 προκοπὴν
3615 492 3717 561 τὴν

2031 567 2305 639 ὑμετέραν
2349 570 2567 624 ἅπαντα
2599 571 2791 626 τοῦτον
2821 573 2914 626 τὸν
2963 573 3124 627 πόνον
3160 572 3528 640 ὑπομένομεν.
3571 568 3714 623 ὥστε

2028 647 2126 700 καὶ
2173 648 2320 718 ὑμᾶς
2359 649 2496 720 πρὸς
2539 650 2710 721 αὐτὴν
2734 651 2836 720 τῆς
2867 651 3069 721 ἀρετῆς
3111 651 3212 720 τὴν
3238 650 3482 720 κορυφὴν
3519 647 3715 702 θάττον

2026 723 2382 797 ἀναδραμεῖν,
2412 728 2505 780 καί
2539 729 2672 782 πᾶσι
2713 731 2826 791 τοῖς
2855 731 2936 792 εἰς
2969 730 3116 798 ὑμᾶς
3157 727 3326 799 ὁρῶσι
3359 726 3715 792 διδασκάλους

2025 803 2280 871 γενέσθαι
2312 805 2412 876 τῆς
2447 807 2592 860 κατά
2632 807 2768 860 Θεδν
2822 807 3119 872 πολιτείας,
3156 807 3251 860 καὶ
3285 807 3436 877 ἡμᾶς
3471 807 3715 872 πλείονος

2025 880 2322 937 ἀπολαύειν
2375 884 2478 953 τῆς
2532 885 2890 958 παρρησίας,
2939 887 3185 958 ὁρῶντας
3231 886 3292 936 οὐ
3332 883 3549 956 μάτην,
3589 886 3713 939 οὐδὲ

2023 968 2144 1039 εἰκῆ
2201 971 2566 1041 πονουμένους
2622 974 2770 1044 ἡμᾶς
2795 1013 2809 1038 ,
2845 971 2983 1026 ἀλλά
3029 973 3153 1027 καθ’
3209 973 3449 1041 ἑκάστην
3497 973 3714 1045 ἡμέραν

2022 1047 2394 1119 αὐξανόμενον
2445 1051 2637 1104 τοῦτον
2669 1053 2762 1105 τὸν
2796 1052 3001 1120 σπόρον
3029 1053 3122 1105 τὸν
3165 1050 3577 1122 πνευματικὸν,
3617 1055 3714 1106 καὶ

2025 1125 2101 1196 μή
2127 1126 2384 1198 καθάπερ
2416 1129 2474 1180 ἐν
2505 1127 2584 1198 τῷ
2617 1129 2924 1201 εὐαγγελίῳ
2953 1130 3048 1184 ἐπὶ
3079 1129 3174 1184 τοῦ
3213 1131 3530 1200 σπείροντος
3553 1129 3714 1197 γέγο-

2021 1220 2132 1269 νεν,
2161 1204 2305 1259 οὑτω
2344 1207 2441 1260 καί
2487 1208 2574 1277 ἐφ’
2603 1207 2761 1278 ἡμῶν
2797 1220 2821 1248 ο
2855 1208 3150 1280 συμϐῆναι.
3195 1209 3345 1262 Ἐκεῖ
3376 1208 3476 1277 μέν
3513 1209 3624 1278 γὰρ
3655 1207 3713 1262 ἐν

2024 1284 2190 1356 μέρος
2229 1284 2485 1357 διεσώθη,
2531 1288 2626 1340 καὶ
2660 1285 2726 1340 τὰ
2769 1287 2895 1358 τρία
2931 1285 3318 1358 παραπώλετο.
3355 1287 3428 1338 Τὸ
3472 1286 3571 1356 μὲν
3602 1286 3713 1356 γὰρ

2017 1361 2131 1414 τῶν
2175 1365 2511 1435 σπερμάτων
2560 1364 2621 1418 τὸ
2671 1366 2822 1437 παρά
2859 1367 2958 1436 τὴν
2995 1365 3115 1420 ὁδὸν
3148 1363 3496 1436 καταϐληθὲν
3539 1365 3712 1434 ἀκαρ-

2020 1459 2120 1494 πον
2152 1441 2360 1513 ἔμεινε,
2403 1444 2466 1496 τὸ
2495 1445 2553 1497 δὲ
2588 1445 2696 1499 ὑπὸ
2737 1445 2848 1498 τῶν
2881 1443 3132 1498 ἀκανθῶν
3183 1443 3485 1512 ἀπεπνίγη,
3525 1443 3712 1514 ἕτερον

2016 1521 2072 1575 δὲ
2109 1523 2190 1587 εἰς
2217 1523 2318 1588 τάς
2349 1524 2557 1595 πέτρας
2589 1525 2956 1596 καταϐληθὲν,
2986 1524 3082 1578 καὶ
3121 1525 3216 1577 ἐπὶ
3259 1523 3359 1594 τῆς
3387 1523 3711 1592 ἐπιφανείας

2021 1603 2232 1669 μεῖναν,
2261 1603 2454 1656 οὐδένα
2490 1605 2706 1674 καρπὸν
2736 1605 2982 1673 ἐνεγκεῖν
3011 1601 3254 1674 ἡδυνὴοη
3278 1617 3292 1632 ·
3474 1601 3711 1654 ἐνταῦθα

2016 1677 2072 1731 δὲ
2098 1678 2189 1733 διὰ
2226 1681 2326 1751 τὴν
2369 1682 2462 1735 τοῦ
2501 1682 2638 1736 Θεοῦ
2675 1684 2838 1756 χάριν
2882 1681 3272 1755 προσδοκῶμεν
3309 1679 3528 1734 ἅπαντα
3562 1678 3582 1718 ί
3618 1680 3712 1734 τὸν

2019 1765 2224 1836 σπόρον
2271 1770 2352 1831 εἰς
2399 1764 2500 1834 τὴν
2548 1768 2721 1840 καλὴν
2755 1769 2860 1840 γῆν
2909 1767 3395 1838 καταϐεϐλῆσθαι,
3445 1767 3539 1823 καὶ
3582 1769 3711 1832 τούς

2019 1843 2121 1912 μὲν
2168 1849 2345 1902 ποιεῖν
2397 1848 2614 1916 ἑκατὸν,
2651 1851 2775 1913 τοὺς
2824 1849 2882 1905 δὲ
2917 1849 3216 1921 ἐξήκοντα,
3265 1847 3396 1910 τοὺς
3445 1846 3502 1900 δέ
3550 1846 3708 1917 τριά-

2015 1948 2201 2008 κοντα.
2250 1935 2422 1989 Τοῦτο
2475 1937 2635 2008 ἡμῶν
2681 1937 2780 2008 τὴν
2833 1935 3144 2008 προθυμίαν
3176 1932 3354 2000 αὔξει,
3398 1931 3561 1986 τοῦτο
3610 1933 3710 2004 τὴν

2013 2007 2253 2065 διάνοιαν
2278 2007 2557 2085 διεγείρει,
2595 2014 2658 2067 τὺ
2687 2007 2913 2076 εἰδέναι,
2949 2015 3032 2067 δτι
3063 2013 3163 2083 οὐχ
3211 2012 3399 2076 ἁπλῶς
3426 2010 3549 2064 οὐδέ
3585 2011 3708 2080 εἰκῆ

2011 2089 2140 2151 τοὺς
2180 2090 2374 2158 λόγους
2407 2093 2733 2164 προϊέμεθα,
2775 2093 2890 2147 ἀλλ’
2918 2094 3002 2146 ὅτι
3037 2090 3340 2162 νηφούσαις
3365 2091 3487 2152 ταῖς
3518 2089 3707 2152 ἀκοαῖς

2013 2175 2110 2227 καὶ
2164 2180 2542 2251 συντεταμένη
2584 2183 2651 2252 τῇ
2705 2181 2916 2253 διανοίᾳ
2974 2179 3044 2234 τά
3090 2179 3220 2250 παρ’
3261 2176 3421 2248 ἡμῶν
3461 2176 3706 2247 δέχεσθε.

2012 2253 2125 2305 Καὶ
2161 2256 2337 2311 ταῦτα
2368 2259 2430 2312 οὐ
2461 2258 2774 2313 κολακεύων
2805 2259 2962 2330 ὑμῶν
2999 2258 3098 2329 τὴν
3126 2258 3353 2329 ἀγάπην
3383 2255 3548 2324 λέγω,
3572 2254 3706 2310 ἀλλά

2012 2333 2410 2409 στοχαζόμενος
2454 2337 2554 2408 τὴν
2604 2337 2918 2409 προθυμίαν
2965 2338 3031 2390 ἐκ
3067 2337 3176 2390 τῶν
3209 2334 3336 2405 χθὲς
3378 2336 3510 2406 ἡμῖν
3555 2335 3705 2404 εἰρη-

2012 2411 2192 2482 μένων
2223 2415 2269 2470 ε.
2331 2405 2553 2489 Ἐώρων
2599 2405 2708 2488 γάρ
2770 2405 3018 2481 ἅπαντας
3067 2405 3523 2486 ἐκκρεμαμένους
3579 2414 3709 2482 περὶ

2008 2490 2106 2560 τὴν
2145 2490 2523 2558 διδασκαλίαν,
2563 2496 2658 2548 καὶ
2696 2495 2878 2549 πάντα
2924 2493 3243 2557 ποιοῦντας,
3286 2492 3430 2546 ὥστε
3468 2493 3606 2564 μηδὲ
3647 2491 3708 2544 τὸ

2006 2571 2172 2640 τυχὸν
2199 2570 2345 2641 ὑμᾶς
2381 2573 2490 2626 τῶν
2517 2573 2830 2644 λεγομένων
2862 2573 3284 2643 παραδραμεῖν·
3318 2572 3496 2634 ἄλλως
3525 2569 3583 2624 δέ
3612 2572 3708 2622 καὶ

2009 2648 2043 2718 ἡ
2085 2647 2197 2700 τῶν
2239 2649 2452 2720 κρότων
2481 2649 2734 2721 συνέχεια
2787 2651 3018 2722 μεγίστη
3048 2650 3330 2717 ἀπόδειξις
3365 2651 3583 2719 ἐγένετο
3608 2649 3706 2702 τοῦ

2010 2726 2133 2794 μεθ’
2172 2726 2367 2798 ἡδονῆς
2411 2728 2556 2799 ὑμᾶς
2604 2728 2859 2798 δέχεσθαι
2908 2728 2980 2782 τά
3018 2728 3314 2800 λεγόμενα.
3373 2729 3434 2781 '0
3475 2728 3532 2782 δέ
3584 2727 3706 2799 μεθ’

2007 2803 2200 2876 ἡδονῆς
2235 2804 2452 2860 ἀκούων
2487 2807 2654 2860 τινῶν
2694 2807 3027 2878 λεγομένων,
3071 2808 3231 2879 δῆλον
3267 2808 3352 2862 ὅτι
3395 2807 3488 2861 καὶ
3525 2807 3708 2878 ἐμπή-

2006 2898 2198 2950 γνυσιν
2239 2883 2381 2938 αὐτά
2408 2886 2475 2955 τῇ
2509 2885 2740 2957 διανοίᾳ,
2770 2885 2865 2938 καὶ
2905 2885 3271 2950 ἀνεξάλειπτα
3303 2884 3598 2956 ἐργάζεται
3626 2884 3707 2954 τῷ

2006 2963 2202 3015 πλάτει
2240 2963 2342 3034 τῆς
2373 2961 2615 3028 διανοίας
2654 2964 3130 3036 ἐναποτιθέμενος.
3174 2965 3276 3029 Τίς
3316 2965 3383 3019 ἀν
3429 2961 3524 3019 οὖν
3567 2963 3706 3035 πρὸς

2005 3039 2164 3106 ἀξίαν
2207 3042 2302 3094 καὶ
2349 3043 2494 3113 ὑμᾶς
2537 3043 2877 3110 ἐπαινέσειε,
2925 3044 3020 3096 καὶ
3063 3044 3216 3114 ἡμᾶς
3258 3044 3704 3114 μακαρίσειενκιι,

2004 3118 2088 3170 ὃτι
2123 3119 2204 3183 είς
2252 3114 2368 3173 ὦτα
2399 3121 2632 3194 λέγομεν
2673 3121 3021 3187 ἀκουόντωνς
3065 3120 3377 3192 Μακάριος
3421 3121 3554 3194 γὰρ,
3601 3139 3706 3193 φη·

2007 3197 2111 3261 σίν,
2141 3200 2174 3251 ὀ
2200 3197 2400 3268 λέγων
2434 3188 2678 3265 είς-ὦτα
2722 3201 3090 3256 ἀκουόντων.
3135 3188 3309 3254 Τοῦτο
3353 3188 3625 3270 νηστείας
3642 3188 3706 3255 τὸ

2004 3275 2380 3348 κατόρθωμα,
2437 3278 2598 3332 τοῦτο
2655 3281 2718 3331 τδ
2765 3281 3060 3350 φάρμακον
3105 3278 3204 3351 τὴν
3263 3278 3542 3351 σωτηρίαν
3593 3278 3704 3332 τῶν

2005 3355 2293 3424 ἡμετέρων
2341 3355 2530 3426 ψυχῶν
2586 3357 2904 3429 εἰργάσατο.
2954 3357 3113 3411 Εἰδέ
3157 3357 3217 3424 ἐξ
3267 3357 3445 3428 ἀρχῆς
3493 3358 3589 3410 καὶ
3636 3358 3704 3411 ἐκ

2005 3435 2312 3503 προοιμίων
2349 3436 2623 3510 τοσαύτην
2664 3440 2767 3508 τὴν
2807 3437 2963 3508 ἰσχὺν
2998 3437 3339 3502 ἐπεδείξατο,
3396 3435 3703 3507 προϊουσῶν

2002 3521 2113 3574 τῶν
2150 3523 2375 3594 ἡμερῶν
2431 3525 2605 3596 πόσην
2655 3525 2760 3597 χρὴ
2810 3525 3231 3597 προσδοκῆσαιί
3286 3525 3385 3595 τὴν
3431 3524 3704 3594 ὠφέλειαν

2004 3615 2423 3684 προσγίνεσθαι;
2450 3615 2627 3668 Μόνον
2651 3617 2830 3686 ὑμεῖς,
2855 3615 3181 3686 παρακαλῶ,
3203 3614 3367 3669 Μετὰ
3389 3616 3579 3684 φόϐου
3602 3614 3701 3667 καί

2002 3696 2225 3764 τρόμου
2281 3698 2400 3763 τὴν
2459 3695 2694 3749 ἑαυτῶν
2747 3697 3055 3766 σωτηρίαν
3105 3695 3555 3766 κατεργάζεσθε,
3606 3699 3701 3750 καί

2005 3775 2280 3846 μηδεμίαν
2336 3772 2693 3847 παρείσδυσιν
2743 3775 2862 3829 δότε
2910 3776 2990 3847 τῷ
3039 3775 3222 3846 ἐχθρῷ
3273 3775 3700 3848 τῆςσωτηρίας

2000 3853 2101 3923 τῆς
2131 3854 2431 3925 ὑμετέρας.
2463 3854 2639 3926 Ὁρῶν
2675 3853 2785 3925 γὰρ
2839 3854 2996 3925 ὑμῶν
3041 3854 3137 3907 νῦν
3189 3855 3284 3908 τὸν
3327 3852 3560 3908 πλοῦτον
3606 3856 3700 3908 τὸν

2002 3933 2408 4002 πνευματικὸν,
2480 3935 2694 4005 μέμηνε
2763 3935 2858 3986 καὶ
2914 3934 3228 4004 ἀγριαίνει,
3283 3935 3382 3988 καὶ
3443 3933 3699 4004 καθάπερ

2000 4011 2137 4065 λέων
2164 4012 2476 4083 ώρυόμενος
2507 4014 2860 4085 περιέρχεται
2887 4015 3069 4086 ζητῶν
3091 4015 3212 4068 τινα
3246 4015 3514 4086 καταπίῃ.
3554 4013 3697 4066 Ἀλλ’

1999 4094 2097 4148 ἐὰν
2140 4094 2424 4165 νήφωμεν,
2452 4094 2668 4158 οὐδενὸς
2697 4095 2986 4168 περιέσται
3002 4095 3091 4149 διά
3105 4095 3206 4165 τὴν
3237 4095 3331 4148 τοῦ
3352 4094 3490 4148 Θεοῦ
3510 4093 3693 4165 χάριν.

2073 4187 2138 4256 β’.
2157 4186 2393 4240 Τοιαῦτα
2415 4186 2527 4258 γὰρ
2547 4188 2705 4260 ἡμῶν
2742 4189 2813 4243 τά
2858 4188 2999 4243 ὅπλα
3018 4188 3088 4242 τὰ
3126 4186 3477 4258 πνευματικά
3499 4227 3512 4252 ,
3551 4189 3696 4259 ὅπερ

2001 4269 2150 4339 ἡμᾶς
2187 4268 2496 4341 ἐνέδυσενὴ
2528 4270 2621 4323 τοῦ
2655 4271 2977 4342 Πνεύματος
3009 4270 3246 4344 [χάρις.
3280 4270 3532 4338 καθάπερ
3567 4267 3696 4339 xu;

2000 4347 2321 4422 ἐδιδάξαμεν
2359 4347 2457 4420 τὴν
2508 4350 2781 4422 ὑμετέραν
2839 4351 3084 4420 ἀγάπην.
3115 4351 3212 4401 Ἂν
3250 4347 3433 4401 τοίνυν
3482 4347 3694 4410 τούτοις

1997 4427 2264 4506 ἓηνεκῶς
2288 4420 2440 4498 ὦμεν
2476 4420 2856 4500 πεφραγμένοι
2889 4428 3068 4482 πάντα
3099 4425 3166 4480 τά
3202 4425 3364 4496 μέλη,
3391 4424 3548 4479 οὐδὲν
3580 4423 3692 4478 τῶν

2000 4511 2091 4565 ὑπ’
2117 4513 2325 4590 ἐκείνου
2356 4515 2670 4586 ἀφιεμένων
2704 4515 2876 4587 βελῶν
2911 4515 3236 4570 καθικέσθαι
3273 4514 3433 4586 ἡμῶν
3469 4513 3683 4584 δυνήσει

1998 4608 2108 4657 ται,
2153 4591 2269 4645 ἀλλ’
2299 4592 2482 4664 ἄκυρα
2521 4594 2657 4665 πρὸς
2691 4595 2855 4649 αὐτὸν
2908 4593 3197 4666 ἐπανήξει·
3240 4595 3548 4664 ἀδάμαντος
3582 4594 3694 4664 γὰρ

1999 4676 2146 4745 ἡμᾶς
2177 4673 2568 4742 στερῤοτέρους
2595 4675 2627 4743 ἡ
2657 4675 2752 4728 τοῦ
2782 4674 2920 4728 Θεοῦ
2957 4676 3119 4747 χάρις
3153 4674 3530 4744 κατεσκεύασε
3551 4715 3563 4734 ,
3594 4676 3690 4727 καὶ

1998 4755 2177 4824 πάντῃ
2218 4751 2547 4816 ἀναλώτους,
2585 4753 2682 4807 ἐάν
2724 4754 3068 4826 βουλώμεθα.
3105 4754 3318 4824 Ὠσπερ
3368 4752 3461 4809 οὖν
3494 4757 3522 4806 ό
3556 4753 3688 4806 ἀδά-

2002 4851 2179 4906 μαντα
2203 4831 2382 4886 παίων
2416 4833 2625 4887 ἐκεῖνον
2662 4835 2758 4904 μὲν
2792 4833 3024 4903 ἔϐλαψεν
3053 4833 3229 4898 οὐδὲν,
3260 4834 3456 4888 ἐαυτοῦ
3488 4835 3546 4888 δὲ
3587 4836 3687 4904 τήν

2001 4915 2153 4983 ἰσχὺν
2194 4911 2437 4975 καθεῖλε,
2480 4911 2576 4964 καὶ
2619 4914 2648 4966 ὁ
2683 4913 2820 4983 πρὸς
2865 4914 3066 4983 κέντρα
3101 4913 3397 4978 λακτίζων,
3442 4915 3569 4977 τοὺς
3607 4917 3687 4967 οἰ-

1996 4998 2180 5059 κείους
2234 4994 2497 5063 αἱμάσσει
2538 4994 2738 5059 πόδας·
2775 4995 2920 5048 οὕτω
2958 4997 3022 5066 δὴ
3063 4999 3157 5050 καὶ
3199 4997 3285 5066 ἐφ’
3327 4999 3484 5068 ἡμῶν
3532 4997 3688 5051 ἔσται

1994 5081 2088 5132 καὶ
2127 5078 2222 5132 τοῦ
2254 5077 2517 5148 πολεμίου
2548 5078 2648 5149 τῆς
2683 5079 2959 5150 σωτηρίας
2991 5079 3093 5148 τῆς
3116 5081 3416 5151 ἡμετέρας,
3447 5079 3542 5133 ἐὰν
3574 5085 3687 5144 τοῖς

1995 5159 2181 5222 ὅπλοις
2230 5160 2342 5220 τοῖς
2377 5158 2683 5228 δεδομένοις
2735 5162 2870 5230 ἡμῖν
2903 5161 3052 5231 παρά
3096 5160 3195 5230 τῆς
3237 5159 3336 5213 τοῦ
3364 5159 3684 5231 Πνεύματος

1994 5241 2217 5312 χάριτος
2271 5240 2501 5300 ἑαυτοὺς
2553 5239 2818 5310 διηνεκῶς
2868 5241 3221 5311 φράττωμεν.
3269 5241 3520 5311 Τοσαύτη
3572 5244 3684 5314 γὰρ

1993 5320 2198 5373 τούτων
2232 5321 2266 5390 ἡ
2301 5319 2563 5391 δύναμις,
2615 5321 2690 5385 ὡς
2741 5321 2876 5393 μηδὲ
2928 5321 3025 5392 τὴν
3066 5319 3126 5385 ἐξ
3166 5322 3345 5374 αὐτῶν
3394 5322 3685 5394 ἀστραπὴν

1994 5400 2324 5470 ὑφίστασθαι
2350 5402 2443 5458 τὸν
2479 5402 2762 5474 πολέμιον,
2786 5402 2903 5456 ἀλλ’
2927 5401 3369 5473 ἀποτυφλοῦσθαι
3402 5405 3501 5467 τάς
3529 5405 3685 5473 ὑψεις

2060 5539 2084 5567 ⁸
2107 5536 2230 5598 Reg.
2257 5550 2386 5611 “pus
2406 5538 2483 5646 ii;
2498 5541 2639 5600 ἡμᾶς.
2658 5539 2782 5614 ιῃίτα
2805 5545 3000 5614 septem
3022 5551 3136 5610 gms.
3161 5547 3214 5588 et
3239 5538 3459 5589 Savilxb
3485 5540 3568 5600 μὲν
3591 5540 3682 5602 γὰρ

2064 5617 2088 5644 ν
2111 5615 2415 5646 σπεοιιατων.
2490 5601 2615 5646 orel.
2645 5618 2701 5646 το
2726 5618 2808 5646 un
2831 5617 2919 5646 γαο
2940 5617 3149 5646 manna.

1992 5600 2088 5668 τῶν
2111 5601 2415 5668 σπερμάτων.
2441 5600 2615 5668 ἣρω-εἰ.
2645 5601 2808 5668 τὸ-μὲν
2831 5600 2919 5662 γὰρ
2940 5601 3149 5662 σπέρμα.

2059 5659 2079 5698 ί
2105 5659 2302 5723 ςοίείίὶιι.
2329 5663 2674 5723 προσδοκῶμεν
2698 5659 2915 5716 ἅπαντες.

2060 5679 2074 5698 ³
2105 5679 2302 5709 μοιδηιι.
2329 5679 2586 5723 προσοοκω
2649 5680 2674 5707 ν
2698 5679 2915 5716 απαντες.

2058 5724 2083 5785 β
2111 5721 2234 5785 ng.
2259 5733 2387 5769 unus
2411 5729 2464 5769 ει
2483 5679 2682 5772 ίῖοἱδϊῗη.
2710 5723 2946 5785 χθὲςπαρ¹⁸
2971 5725 3110 5784 ἡμῶν
3131 5723 3201 5784 εἰρ

2056 5781 2083 5820 Ιι
2111 5783 2261 5845 ξένη.
2292 5788 2344 5830 et
2370 5788 2474 5830 [res
2513 5796 2627 5831 ma.
2657 5781 3023 5845 μακαρίσειεν...
3046 5781 3405 5844 ἐκθαυμάσειεν.

2061 5846 2076 5882 i
2107 5844 2189 5906 Sic
2213 5844 2365 5906 Sam.
2390 5850 2442 5892 ct
2467 5845 2606 5891 multi
2627 5857 2738 5906 mss.
2763 5844 2814 5892 lu
2841 5844 3013 5894 Morel.
3035 5846 3368 5906 προσδοκῆσαι
3388 5847 3576 5896 deerat.

2065 5907 2077 5953 ἱ
2116 5905 2444 5970 ξὶοῄεαγρὶᾈρι
2470 5917 2645 5970 omnes
2670 5905 2775 5954 fere
2810 5919 2948 5967 ωδε,
2976 5905 3122 5967 alque
3148 5910 3215 5955 ita
3256 5905 3381 5969 legit
3404 5908 3674 5970 Interpreu.

1998 5959 2168 6016 Morel.
2197 5968 2228 6018 ἠ
2254 5963 2340 6012 τοῦ
2368 5967 2570 6028 Πατρός.
