4038 6382
228 408 284 463 ιι
1404 375 1465 433 t-.\'
1506 358 1659 429 car.
1703 369 1743 423 ι.
1778 364 2023 422 manus.
2068 364 2298 421 nontL.
2346 364 2432 419 tv.
3444 370 3544 435 ,η

225 524 306 575 sic
354 530 517 586 opera
567 510 959 583 aggrediamur.
1032 500 1098 555 Et
1143 496 1267 568 quid
1321 492 1442 549 dico
1498 491 1548 542 in
1605 482 1827 586 forum?

228 578 406 667 Etiam
450 610 501 663 in
548 578 833 662 eceiesiani
877 602 1161 669 pergentes
1205 584 1450 645 instructi
1493 582 1599 637 illis
1642 578 1828 642 simus,

230 719 285 764 et
336 707 557 763 domum
608 699 919 759 redeuntes,
974 702 1029 747 et
1071 685 1425 749 dormientes,
1471 688 1526 736 et
1572 672 1829 745 evigilan-

230 809 333 861 tes,
389 808 563 865 neque
606 802 859 860 umquam
917 798 1011 855 per
1054 788 1222 836 totam
1267 775 1431 829 vitam
1466 778 1703 825 nostram
1744 763 1831 818 illa
1880 794 1883 795 ν

227 855 595 959 deponamus;
624 855 979 948 commigrant
1005 872 1149 929 enim
1180 866 1479 929 nobiscum,
1507 869 1564 916 et
1600 857 1667 911 ad
1691 855 1833 911 illam

232 947 397 1036 vitam
424 990 674 1047 magnum
704 947 912 1026 ﬁducita
942 965 1096 1021 nobis
1124 965 1497 1031 argumentum
1526 958 1670 1007 sunt.
1718 947 1835 1003 Non

232 1074 379 1127 enim
401 1072 535 1125 sicut
560 1065 832 1124 sensibilia
860 1075 1007 1116 arma
1028 1071 1222 1127 corpus
1247 1058 1469 1124 gravant
1502 1066 1515 1102 :
1541 1046 1636 1103 sed
1667 1043 1837 1099 levius

236 1164 469 1220 reddunt
511 1170 565 1214 et
613 1155 940 1226 expeditius,
990 1160 1052 1203 ac
1094 1144 1399 1205 sublimius,
1446 1140 1715 1206 roburque
1739 1151 1836 1191 au-

235 1264 366 1325 gent
397 1268 413 1306 :
451 1260 653 1305 tantum
681 1259 823 1300 cura:
847 1242 936 1308 sit,
964 1249 1020 1294 ut
1048 1240 1161 1308 ipsa
1183 1232 1420 1305 quotidie
1447 1230 1837 1297 abstergamus,

239 1317 309 1401 ita
355 1356 411 1399 ut
442 1340 636 1412 fulgida
669 1341 793 1400 sint,
820 1346 875 1392 et
904 1332 1066 1389 radiis
1094 1334 1368 1387 exercent
1396 1322 1580 1379 oculos
1624 1317 1837 1387 maligni

237 1435 527 1496 daemonis,
570 1430 747 1484 omnia
786 1434 971 1487 contra
1012 1420 1237 1476 salutem
1269 1424 1503 1470 nostram
1532 1405 1829 1464 machinan-

241 1529 331 1580 tis.
366 1528 496 1595 Age,
526 1521 775 1592 quoniam
816 1516 946 1572 satis
994 1525 1088 1566 vos
1114 1508 1279 1564 armis
1309 1501 1680 1566 instruximus,
1707 1512 1838 1553 con-

242 1630 453 1674 suetam
495 1628 636 1669 nunc
665 1610 815 1666 vobis
854 1620 1093 1661 mensam
1130 1611 1482 1672 apponamus,
1532 1603 1588 1649 et
1622 1606 1687 1647 ea
1723 1605 1842 1661 qua:

244 1713 551 1766 hesternam
604 1703 885 1758 lectionem
942 1703 1275 1767 sequuntur,
1332 1689 1587 1755 deinceps
1634 1680 1841 1738 caritati

242 1812 437 1857 vestrae
468 1807 849 1868 proponamus,
882 1802 1093 1844 rursum
1135 1780 1507 1839 admirabilem
1538 1775 1685 1830 illum
1717 1786 1847 1827 con-

246 1892 374 1946 vivii
408 1887 763 1944 exbibitorem
808 1882 1018 1936 beatum
1054 1876 1280 1940 Mosem,
1315 1882 1565 1938 magunum
1616 1861 1846 1949 prophe-

247 1994 379 2049 tam,
424 1983 577 2036 bona:
611 1977 768 2047 hujus
806 1971 1064 2029 doctrinas
1106 1967 1297 2022 ducem
1348 1961 1620 2015 facientes.
1651 1954 1846 2008 Videa-

248 2046 375 2129 mus
408 2072 563 2143 igitur
610 2046 852 2139 qua‘nam
903 2062 1010 2117 sint
1056 2074 1118 2113 ea
1149 2071 1268 2127 qua:
1312 2052 1471 2107 hodie
1504 2064 1603 2105 nos
1651 2046 1848 2101 docere

248 2165 380 2230 vult,
426 2136 483 2217 et
515 2136 800 2230 diligenter
835 2155 989 2209 dictis
1016 2152 1133 2221 ejus
1162 2145 1525 2202 attendamus.
1557 2140 1674 2195 Non
1702 2136 1847 2192 enim

246 2229 589 2310 snarvirtnle
621 2229 902 2320 loquitur,
961 2243 1055 2299 sed
1097 2251 1448 2311 qumcumque
1493 2232 1567 2288 illi
1620 2229 1849 2300 Spiritus

249 2350 419 2405 sancti
469 2347 639 2417 gratia
694 2343 942 2403 insonat,
982 2351 1046 2391 ea
1088 2348 1181 2404 per
1218 2344 1370 2387 suam
1416 2326 1686 2395 linguam,
1752 2320 1853 2375 do-

249 2441 421 2496 cendo
450 2439 738 2492 humanum
762 2445 954 2505 genus,
1002 2424 1220 2498 profert.
1270 2421 1654 2475 Consummato
1692 2412 1852 2483 igitur

249 2532 317 2586 de
370 2530 458 2584 die
489 2528 660 2598 primo
694 2503 964 2583 sermone,
1000 2524 1280 2588 postquam
1305 2510 1528 2565 formata
1560 2508 1680 2561 luce
1696 2503 1849 2569 dixit,

254 2623 471 2676 Factum
508 2629 578 2672 est
621 2630 840 2685 vespere,
893 2620 939 2665 et
988 2612 1178 2681 factum
1222 2612 1292 2659 est
1330 2616 1497 2663 mane,
1544 2598 1651 2651 dies
1697 2611 1849 2661 unus,

253 2716 445 2770 iterum
476 2711 603 2765 dicit
638 2725 650 2762 :
684 2708 738 2762 6.
784 2705 1021 2773 Dixitque
1060 2699 1197 2753 Deus
1248 2711 1266 2750 :
1312 2693 1433 2747 Fiat
1477 2692 1854 2762 ﬁrmamentum

252 2806 304 2858 in
349 2802 513 2856 medio
566 2814 748 2872 aqum,
812 2806 855 2849 et
919 2794 983 2848 sit
1042 2790 1357 2858 distinguens
1396 2784 1527 2837 inter
1572 2794 1759 2849 aquam
1808 2786 1854 2829 et

250 2912 455 2967 aquam.
520 2889 751 2947 Attende
802 2888 923 2954 hic,
979 2883 1294 2945 carissime,
1352 2876 1613 2931 doctrina:
1662 2885 1857 2927 conse—

252 2988 547 3057 quentiam.
580 2982 841 3050 Quoniam
892 2978 1035 3033 enim
1090 2982 1246 3029 antea
1299 2969 1454 3025 nobis
1502 2968 1672 3027 dixit.
1735 2972 1856 3033 post

254 3077 369 3132 caeli
417 3085 471 3130 et
518 3084 674 3129 terrae
727 3069 1051 3125 creationem
1106 3084 1119 3118 :
1173 3064 1328 3117 Terra
1356 3069 1522 3113 autent
1551 3066 1660 3112 erat
1692 3054 1856 3108 inuisi-

254 3168 371 3223 bilts
407 3176 454 3220 et
502 3163 881 3233 incomposita;
932 3168 989 3214 et
1027 3171 1246 3211 causam
1300 3150 1587 3221 apposuit,
1639 3156 1858 3218 propter

258 3261 358 3313 hoc
401 3256 565 3311 fuisse
613 3252 953 3316 invisibilem,
1004 3248 1130 3319 quia
1180 3244 1418 3301 tenebris
1455 3251 1508 3296 et
1554 3240 1710 3309 aquis
1760 3240 1860 3293 ob.

258 3350 535 3421 tegebatur
571 3364 586 3401 :
624 3346 801 3400 omnia
837 3343 981 3399 enim
1033 3350 1185 3395 erant
1227 3352 1363 3407 aqua
1412 3344 1467 3391 et
1506 3335 1763 3400 tenebrm,
1803 3340 1859 3387 et

259 3444 389 3498 nihil
438 3451 735 3513 praeterea;
797 3447 851 3491 et
902 3442 1083 3505 postea
1142 3440 1409 3503 praecepto
1464 3427 1675 3483 Domini
1734 3440 1855 3495 pro-

258 3536 471 3591 dnczam
518 3547 638 3587 esse
680 3530 851 3585 lucem
910 3527 1212 3595 factamque
1264 3521 1664 3577 distinctionem
1722 3518 1856 3573 lucis

261 3636 311 3681 et
369 3624 747 3685 tenebrarum;
818 3620 887 3672 ita
927 3627 983 3671 ut
1025 3617 1109 3670 illa
1148 3614 1253 3669 diei
1296 3610 1710 3681 appellationem
1763 3623 1858 3662 ac-

261 3715 486 3784 ceperit,
542 3713 657 3766 ha:c
698 3726 825 3765 vero
866 3708 1038 3763 noctis
1070 3723 1084 3760 :
1116 3707 1309 3759 iterum
1356 3717 1454 3756 nos
1488 3700 1685 3754 docere
1725 3698 1857 3763 vult,

262 3822 407 3871 eum,
443 3806 578 3859 sicut
605 3801 853 3857 tenebras
879 3797 1143 3867 separavit
1175 3794 1428 3864 producta
1456 3791 1597 3852 luce,
1620 3798 1676 3843 et
1702 3788 1862 3842 utris-

264 3913 366 3967 que
408 3908 699 3965 congruum
749 3889 1066 3945 vocabulum
1117 3885 1342 3951 indidit,
1391 3884 1462 3938 ita
1521 3890 1577 3937 et
1620 3880 1861 3934 multitu—

265 3989 445 4042 dinem
481 3996 741 4054 aquarum
788 3989 1057 4050 praecepto
1107 3988 1412 4045 segregare.

337 4078 390 4131 5.
436 4075 674 4128 Potentia
704 4066 797 4125 Dei
828 4070 1021 4123 nullam
1047 4083 1241 4121 moram
1286 4064 1546 4128 admittit;
1573 4062 1862 4131 ﬁrmamen-

270 4182 373 4225 tum
397 4169 519 4240 quid
534 4169 620 4233 sit,
652 4167 735 4220 vix
761 4164 880 4219 sciri
907 4168 1106 4233 potest;
1131 4158 1315 4212 multos
1342 4157 1492 4211 melos
1512 4170 1617 4209 esse
1643 4170 1744 4207 non
1774 4169 1867 4220 pu-

271 4272 342 4314 tut
397 4260 458 4314 D.
512 4258 922 4328 Chrysostomus.
958 4283 1029 4294 ——
1056 4253 1121 4306 Et
1163 4250 1285 4305 vide
1324 4246 1647 4303 ineffabilem
1679 4254 1863 4316 poten-

273 4353 421 4417 tiam,
442 4366 561 4421 qure
588 4362 804 4403 omnem
848 4346 1137 4399 humanam
1175 4340 1387 4397 excedit
1416 4339 1703 4394 rationem.
1734 4335 1869 4390 Nam

271 4445 443 4498 solum
468 4442 639 4511 jubet.
683 4448 737 4493 et
770 4437 980 4492 accedit
1018 4432 1161 4489 aliud
1190 4433 1602 4496 elementorum,
1634 4437 1688 4484 et
1728 4426 1870 4481 aliud

272 4535 499 4591 decedit.
528 4532 788 4601 Dixitque,
813 4530 907 4594 ait,
935 4528 1067 4581 Deus
1092 4541 1112 4580 :
1141 4524 1258 4578 Fiat
1282 4524 1659 4594 ﬁrmamentum
1690 4520 1745 4572 in
1769 4534 1874 4571 me-

274 4629 358 4683 dio
384 4641 549 4696 aqua,
578 4634 623 4678 et
646 4624 711 4677 sit
733 4622 1045 4690 distinguens
1070 4618 1199 4670 inter
1219 4632 1406 4685 aquam
1431 4622 1479 4667 et
1501 4627 1707 4682 aquam.
1732 4608 1872 4676 Quid

274 4730 377 4781 est,
408 4718 525 4771 Fiat
556 4712 973 4785 ﬁrmamentum?
1008 4708 1169 4776 Quasi
1192 4707 1311 4776 quis
1337 4705 1482 4760 dicat
1503 4703 1734 4757 humana
1768 4701 1875 4753 lin-

277 4830 374 4884 gua
406 4834 419 4867 :
452 4811 566 4865 Fiat
589 4808 763 4878 paries
790 4804 1005 4876 quidam
1034 4812 1089 4857 et
1113 4808 1321 4869 septum
1346 4799 1398 4852 in
1430 4796 1607 4851 medio
1627 4792 1877 4849 dividens

278 4915 332 4959 ct
362 4902 755 4971 separationem
784 4896 1064 4951 inducens.
1104 4892 1173 4946 Et
1200 4900 1254 4945 ut
1278 4890 1456 4945 discas
1482 4901 1731 4958 magnam
1759 4884 1876 4939 ele-

282 5006 582 5051 mentorum
647 4987 1046 5052 obedientiam,
1110 4984 1574 5049 excellentemque
1625 4980 1877 5033 virtutem

280 5086 518 5157 Opiﬁcis,
557 5083 670 5137 ait:
696 5079 764 5133 Et
788 5079 981 5149 factum
1010 5085 1081 5130 est
1110 5076 1202 5128 ita.
1234 5072 1377 5127 Dixit
1421 5070 1618 5135 solum,
1664 5077 1715 5123 et
1746 5082 1881 5137 opus

282 5186 565 5246 sequutum
606 5182 707 5227 est.
742 5172 796 5224 7.
832 5168 896 5223 Et
927 5167 1063 5238 fecit,
1094 5166 1189 5228 ait,
1228 5164 1365 5217 Deus
1404 5163 1801 5231 ﬁrmamentum,
1834 5169 1881 5211 et

285 5268 453 5320 divisit
494 5263 632 5317 Deus
676 5262 806 5315 inter
831 5274 1039 5329 aquam,
1062 5272 1175 5327 qua:
1201 5265 1309 5310 erat
1338 5253 1429 5309 sub
1460 5254 1805 5320 ﬁrmamento,
1837 5260 1884 5303 et

285 5360 415 5411 inter
438 5370 645 5423 aquam,
686 5365 801 5421 quat
828 5358 933 5403 erat
977 5362 1129 5415 super
1163 5346 1557 5414 ﬁrmamentum.
1598 5341 1765 5396 Facto
1795 5340 1883 5393 ﬁr-

288 5455 581 5507 mamento,
613 5443 806 5512 inquit,
832 5438 992 5510 jussit
1016 5451 1181 5507 aquas
1204 5436 1337 5490 alias
1365 5433 1466 5488 sub
1488 5433 1885 5487 ﬁrmamentum

291 5536 441 5601 ferri,
473 5536 605 5589 alias
621 5543 800 5588 autem
828 5545 988 5599 supra
1016 5528 1236 5583 dorsum
1258 5541 1379 5581 esse
1408 5523 1751 5579 ﬁrmamenti.
1782 5522 1888 5577 Sed

291 5628 415 5699 quid
436 5627 647 5681 tandem
672 5639 793 5680 esse
810 5623 1053 5678 dicemus
1073 5622 1172 5675 hoc
1189 5618 1626 5673 ﬁrmamentum?
1651 5619 1887 5688 Aquam-

296 5739 361 5779 ne
404 5722 702 5785 densatam,
734 5717 819 5773 vel
848 5731 1028 5770 aerem
1068 5712 1354 5784 quemdam
1392 5711 1765 5779 convolutum,
1805 5712 1886 5767 vel

297 5816 449 5867 aliam
475 5812 860 5866 substantiam?
888 5808 1056 5864 Nemo
1083 5805 1421 5876 prudentium
1449 5803 1550 5859 hoc
1583 5814 1784 5858 temere
1808 5820 1890 5858 as-

1947 482 2297 536 severaverit.
2328 480 2551 550 Oportet
2593 481 2737 536 enim
2784 496 2972 554 magna
3018 484 3278 542 modestia
3307 498 3361 545 et
3389 503 3546 562 grato

1944 574 2126 627 animo
2164 589 2230 630 ea
2253 590 2373 644 qua:
2395 573 2650 631 dicuntur
2688 591 2717 630 a
2766 578 2918 633 nobis
2945 579 3136 649 accipi,
3171 590 3225 635 et
3268 598 3374 638 non
3405 584 3543 640 ultra

1945 675 2191 733 naturam
2214 675 2454 722 nostram
2476 669 2745 738 progredi,
2778 678 2833 725 et
2858 670 3084 725 scrutari
3109 687 3230 740 qua:
3255 688 3413 743 supra
3448 692 3549 731 nos

1945 773 2103 819 sunt:
2133 763 2227 818 sed
2256 763 2357 818 hoc
2384 766 2559 820 solum
2593 765 2735 821 scire
2773 776 2829 822 et
2869 775 3052 823 tenere
3078 769 3218 839 apud
3252 787 3369 837 nos,
3404 788 3545 842 prte-

1943 865 2101 925 cepto
2132 855 2341 911 Domini
2372 856 2689 926 pro’ductnm
2718 873 2840 913 esse
2869 859 3287 928 ﬁrmamentum,
3314 862 3365 918 in
3394 878 3549 932 sepa-

1948 948 2213 1002 rationem
2255 962 2537 1017 aquarum,
2584 950 2727 1019 quod
2758 951 2930 1005 valeat
2973 951 3105 1007 alias
3147 953 3248 1009 sub
3294 970 3353 1008 se
3381 957 3547 1009 conti-

1946 1056 2095 1103 nere.
2128 1041 2262 1095 alias
2286 1056 2415 1096 vero
2452 1056 2666 1097 sursum
2699 1046 2751 1097 in
2782 1042 2946 1098 dorso
2975 1058 3072 1099 suo
3101 1043 3243 1099 ferre
3267 1046 3545 1103 sublimes.

1945 1131 2000 1186 8.
2051 1131 2116 1185 Et
2158 1132 2376 1196 voravit,
2427 1133 2523 1201 ait,
2570 1132 2710 1187 Deus
2748 1134 3129 1202 ﬁrmamentum
3166 1138 3367 1190 calum.
3414 1114 3551 1195 Vide

1946 1221 2216 1291 quomodo
2267 1221 2456 1278 eadem
2514 1226 2898 1293 consequentia
2954 1226 3116 1280 etiam
3171 1242 3313 1282 nunc
3364 1227 3546 1283 divina

1946 1312 2221 1383 Scriptura
2254 1328 2347 1367 usa
2375 1322 2477 1369 est.
2508 1312 2642 1369 Nam
2682 1316 2820 1369 sicut
2846 1315 2982 1370 dixit
3025 1315 3165 1382 heri,
3200 1314 3320 1371 Fiat
3348 1319 3459 1385 lux,
3488 1328 3545 1374 et

1946 1412 2228 1474 postquam
2258 1402 2513 1472 producta
2550 1401 2811 1469 fuit,tunc
2834 1402 3066 1474 subjecit
3091 1427 3103 1463 :
3128 1407 3209 1464 Sit
3227 1411 3552 1477 distinguens

1948 1494 2081 1547 inter
2111 1493 2275 1547 lucem
2300 1504 2347 1548 et
2377 1496 2509 1549 inter
2534 1495 2783 1559 tenebras,
2826 1505 2883 1551 ct
2908 1498 2985 1552 sic
3010 1498 3184 1553 lucem
3216 1498 3357 1553 diem
3386 1515 3548 1554 voca-

1948 1586 2066 1640 vit:
2102 1586 2172 1640 ita
2218 1596 2269 1640 et
2306 1587 2465 1642 hodie
2503 1588 2676 1642 dixit:
2709 1586 2829 1642 Fiat
2871 1589 3249 1658 ﬁrmamentum
3293 1593 3346 1645 in
3388 1593 3552 1646 medio

1951 1694 2116 1750 aqua.
2146 1678 2276 1733 Dein
2300 1680 2439 1734 sicut
2465 1679 2536 1735 de
2566 1680 2684 1735 luce
2708 1679 2938 1746 dixerat,
2964 1681 3035 1734 ita
3060 1692 3114 1735 et
3138 1682 3223 1737 hic
3252 1682 3432 1738 docuit
3455 1699 3555 1738 nos

1952 1788 2107 1826 usum
2153 1772 2496 1838 firmamenti,
2554 1771 2623 1828 Ut
2672 1772 2889 1839 diuidat,
2952 1775 3047 1839 ait,
3092 1776 3225 1829 inter
3273 1792 3456 1845 aquam
3506 1786 3557 1831 et

1952 1880 2155 1936 aquam.
2192 1863 2259 1917 Et
2286 1872 2567 1933 postquam
2598 1862 2741 1919 hunc
2759 1867 2874 1931 ejus
2899 1879 3052 1919 usum
3080 1864 3391 1932 declaravit,
3429 1876 3554 1921 tunc

1952 1957 2091 2011 sicut
2118 1956 2221 2010 luci
2251 1970 2443 2009 nomen
2477 1954 2647 2017 dedit,
2694 1955 2763 2009 ita
2806 1964 2861 2010 et
2893 1955 3232 2011 ﬁrmamento
3269 1973 3425 2012 suum
3454 1973 3557 2011 no-

1956 2063 2077 2102 men
2110 2048 2384 2117 imposuit.
2436 2046 2502 2101 Et
2540 2048 2755 2113 vocavit,
2801 2048 2897 2115 ait,
2929 2049 3309 2119 ﬁrmamentum
3351 2051 3556 2116 caelum,

1956 2140 2057 2195 hoc
2083 2143 2225 2211 quod
2249 2140 2477 2196 videtur.
2500 2139 2869 2211 thuomodo,
2900 2142 3130 2211 inquies,
3160 2144 3345 2197 volunt
3372 2143 3556 2211 aliqui,

1957 2233 2125 2289 factos
2148 2233 2344 2288 multos
2372 2232 2567 2288 cados?
2596 2247 2703 2287 non
2729 2247 2797 2286 ex
2827 2232 3007 2287 divina
3043 2232 3318 2301 Scriptura
3349 2232 3450 2288 hoc
3478 2234 3560 2288 die

1956 2326 2226 2391 dicerunt,
2258 2325 2351 2380 sed
2376 2340 2440 2379 ex
2471 2325 2584 2379 suis
2616 2324 2912 2379 ratiociniis
2940 2324 3045 2380 hoc
3079 2324 3335 2380 inferunt.
3367 2326 3561 2382 Beatus

1956 2429 2135 2473 autem
2166 2418 2341 2474 Moses
2370 2418 2501 2472 nihil
2542 2418 2626 2472 his
2652 2418 2885 2488 amplius
2908 2421 3065 2474 docet
3094 2437 3108 2472 :
3144 2435 3264 2473 nam
3308 2429 3368 2473 ut
3404 2420 3557 2486 dixit,

1958 2510 2025 2564 In
2049 2510 2301 2579 principio
2323 2510 2441 2580 fecit
2477 2507 2615 2563 Deus
2642 2510 2826 2563 cretum
2855 2514 3126 2585 styli-ram
3158 2520 3256 2566 :et
3276 2512 3399 2566 dein
3429 2526 3561 2566 eau-

1958 2616 2073 2656 sam
2098 2601 2281 2656 docuit
2306 2616 2472 2670 quarc
2504 2609 2643 2654 terra
2674 2612 2818 2656 esset
2848 2600 3153 2667 invisibilis,
3199 2618 3391 2671 nempe
3419 2603 3563 2671 quod

1959 2694 2173 2748 obtecta
2195 2708 2225 2747 a
2250 2694 2486 2747 tenebris
2517 2704 2570 2749 et
2597 2694 2752 2764 aquis
2786 2692 3002 2766 abyssi;
3034 2704 3155 2764 post
3184 2694 3561 2751 formationem

1961 2783 2115 2851 lucis,
2144 2784 2333 2838 ordine
2360 2792 2414 2838 et
2442 2786 2828 2854 consequentia
2864 2784 3095 2855 quadam
3142 2796 3318 2852 utens,
3349 2787 3520 2856 inquit
3548 2804 3561 2841 :
3630 2840 3637 2847 ,

1965 2875 2029 2928 Et
2074 2875 2205 2929 dixit
2238 2874 2398 2940 Deus,
2447 2873 2572 2928 Fiat
2614 2876 3014 2944 ﬁrmamentum.
3052 2877 3253 2932 Deinde
3285 2888 3565 2947 postquam

1960 2963 2142 3019 docuit
2168 2964 2452 3035 diligenter
2478 2981 2632 3019 usum
2672 2966 2827 3020 istius
2844 2965 3191 3033 ﬁrmamenti,
3216 2972 3271 3023 et
3301 2969 3461 3035 dixit,
3496 2970 3566 3025 Ut

1960 3057 2289 3128 distingueret
2328 3058 2457 3111 inter
2477 3074 2664 3124 aquam
2693 3068 2739 3111 et
2769 3074 2975 3129 aquam,
3008 3060 3145 3113 istud
3179 3062 3350 3131 ipsum
3384 3062 3563 3115 ﬁrma-

1963 3158 2202 3204 mentum
2230 3150 2371 3219 quod
2398 3165 2658 3220 aquarum
2680 3152 3073 3221 separationem
3100 3152 3348 3219 faciebat,
3376 3156 3568 3210 cadum

1962 3243 2195 3296 vocavit.
2227 3242 2358 3309 Quis
2392 3241 2552 3311 igitur
2590 3249 2711 3311 post
2739 3251 2938 3296 tantam
2978 3241 3277 3297 doctrinam
3306 3243 3443 3299 feret
3475 3260 3571 3300 eos

1964 3338 2054 3407 qui
2081 3351 2145 3391 ex
2193 3350 2289 3391 sua
2319 3344 2499 3389 mente
2530 3335 2695 3405 loqui,
2730 3345 2785 3390 et
2822 3345 3011 3389 contra
3055 3334 3291 3390 divinam
3322 3336 3571 3406 Scriptu-

1965 3442 2080 3482 ram
2108 3427 2305 3482 multos
2331 3426 2495 3481 caelos
2517 3427 2698 3482 dicere
2728 3427 2966 3481 audent?
3006 3429 3077 3481 At
3103 3429 3351 3497 inquiunt
3385 3446 3398 3481 :
3432 3430 3570 3484 Ecce

1966 3518 2155 3574 beatus
2206 3518 2370 3573 David
2419 3518 2630 3572 laudem
2675 3519 2785 3573 Deo
2824 3518 3078 3583 offerens,
3116 3518 3250 3572 dixit
3285 3537 3299 3573 :
3342 3518 3572 3573 Laudate

1967 3628 2103 3676 eum,
2133 3612 2246 3665 cali
2273 3611 2513 3666 calorum
2540 3609 2714 3681 (Psal.
2739 3610 2861 3665 M8.
2888 3611 2964 3681 4).
2992 3610 3068 3665 Ne
3090 3610 3574 3675 turberis,dilccte,

1969 3719 2143 3774 neque
2172 3712 2328 3773 putes
2362 3717 2568 3757 sacram
2600 3702 2931 3771 Scripturam
2963 3702 3171 3773 sibiipsi
3215 3703 3409 3757 alicubi
3438 3718 3569 3757 con-

1971 3796 2187 3851 trariam
2226 3814 2237 3848 :
2269 3795 2365 3850 sed
2392 3795 2537 3850 disce
2566 3795 2741 3863 potius
2769 3793 3031 3847 dictorum
3058 3794 3335 3848 veritatem
3355 3837 3369 3861 ,
3412 3807 3469 3849 et
3495 3805 3576 3849 te-

1973 3904 2105 3945 nens
2148 3887 2433 3957 diligenter
2484 3886 2626 3939 illius
2666 3884 2991 3952 doctrinam,
3045 3885 3239 3940 obtura
3278 3900 3460 3947 aures.
3496 3887 3572 3942 illi

1972 3983 2242 4039 contraria
2267 3979 2590 4035 dicentibus.

2042 4077 2096 4130 ι.
2144 4070 2451 4127 Ptolemeus
2479 4079 2719 4123 convocat
2740 4066 2894 4123 LXX
2914 4066 3246 4138 lnterpretes.
3270 4097 3341 4109 —
3358 4067 3425 4123 Et
3445 4068 3573 4138 quid

1976 4166 2078 4221 hoc
2104 4166 2193 4231 sit,
2225 4162 2367 4235 quod
2397 4163 2577 4217 dicere
2622 4160 2768 4225 volo,
2799 4158 2980 4214 audite
3024 4174 3213 4227 magna
3257 4159 3576 4223 attentione,

1976 4269 2033 4316 ut
2060 4274 2129 4315 ne
2154 4258 2309 4313 facile
2331 4253 2649 4310 moveamiui
2674 4268 2704 4306 a
2735 4251 3037 4306 volentibus
3058 4251 3315 4320 quidquid
3348 4251 3399 4305 in
3428 4266 3581 4306 mcu-

1978 4362 2085 4408 tem
2114 4350 2320 4406 venerit
2350 4347 2551 4402 diccne.
2578 4346 2781 4401 Omnes
2806 4343 2972 4399 divini
3004 4342 3124 4395 libri
3158 4342 3367 4396 Veteris
3396 4342 3587 4395 Testa-

1979 4442 2145 4499 menti
2176 4441 2525 4497 Hebraeorum
2554 4438 2731 4505 lingua
2776 4434 2845 4488 ab
2893 4433 3045 4488 initio
3091 4432 3243 4487 fuere
3272 4433 3582 4502 compositi,

1978 4545 2033 4590 et
2062 4535 2116 4607 ip
2148 4536 2251 4587 hoc
2278 4530 2555 4585 nobiscum
2600 4525 2975 4581 consenserint
3012 4538 3225 4578 omnes.
3256 4520 3371 4576 Non
3403 4522 3589 4577 multis

1980 4635 2159 4679 autem
2187 4622 2343 4677 annis
2372 4629 2498 4675 ante
2532 4616 2823 4672 adventum
2852 4613 3053 4670 Christi
3083 4628 3180 4669 rex
3207 4612 3424 4683 quidam
3454 4612 3583 4667 Pto-

1982 4718 2200 4773 lemaeus
2230 4713 2331 4789 (a),
2365 4715 2417 4767 in
2440 4710 2759 4782 colligendis
2797 4708 2946 4763 libris
2972 4706 3262 4763 admodum
3286 4705 3585 4771 studiosus;

1984 4810 2167 4865 multis
2192 4808 2313 4861 aliis
2340 4804 2677 4871 diversisque
2710 4800 2935 4863 coactis,
2964 4814 3144 4868 operae
3167 4799 3397 4869 pretium
3425 4806 3586 4867 puta-

1983 4904 2062 4956 vit
2090 4894 2189 4956 hos
2213 4900 2376 4955 etiam
2419 4896 2587 4951 libros
2626 4890 2900 4961 colligere.
2937 4892 3012 4946 Ea
3040 4890 3109 4945 de
3136 4904 3296 4944 causa
3323 4888 3594 4959 quosdam

1985 4994 2292 5049 Iudaeorum
2340 4985 2917 5057 Jerosolymitanorum
2971 4982 3194 5047 accivit,
3238 4980 3326 5051 qui
3378 4994 3475 5034 eos
3531 4982 3586 5034 in

1987 5085 2228 5139 Grmcam
2257 5081 2490 5149 linguam
2515 5082 2789 5131 verterent
2815 5093 2827 5129 :
2858 5073 2999 5145 quod
3028 5074 3187 5127 etiam
3221 5071 3514 5141 perfectum
3540 5082 3601 5127 et

1987 5176 2289 5230 absolutum
2324 5170 2439 5224 fuit.
2474 5168 2695 5223 Factum
2720 5176 2899 5220 autem
2922 5173 3006 5219 est
3029 5165 3129 5219 hoc
3147 5164 3343 5218 divina:
3376 5164 3598 5233 dispen-

1992 5266 2215 5322 sationis
2246 5277 2403 5333 Opus,
2436 5268 2495 5316 ut
2522 5276 2626 5314 non
2669 5258 2843 5313 solum
2890 5255 3165 5310 llebraicm
3198 5255 3392 5325 lingua:
3416 5254 3604 5324 periti,

1996 5359 2089 5413 sed
2118 5366 2171 5413 et
2199 5369 2389 5409 omnes
2415 5352 2504 5423 qui
2536 5360 2705 5405 totum
2735 5348 2921 5401 orbem
2949 5345 3271 5409 inhabitant,
3295 5361 3361 5399 ex
3388 5345 3467 5399 eis
3494 5345 3606 5398 uti~

2056 5558 2128 5622 (η)
2164 5550 2557 5622 Ριριᾳιηωιιρηᾷε
2580 5540 3422 5622 quoblcloquitur-chrysamque
3449 5541 3609 5589 Phila-

1996 5603 2377 5683 (leij‘btts'fuisse
2401 5603 2577 5683 dicitur
2600 5603 2649 5683 in
2686 5603 3300 5683 Historia‘Aristem,.cujus
3333 5603 3477 5651 ﬁdem
3513 5617 3606 5651 ca:-

2001 5670 2204 5746 teraqne
2226 5680 2385 5746 omnia
2408 5676 2470 5745 ad_
2494 5670 3107 5746 versionemfeplttuqinta
3135 5671 3454 5746 Irltlerprettmr
3493 5679 3605 5735 pcr-

1998 5726 2203 5808 {$5365
2222 5726 2587 5808 exploravimus
2608 5736 2653 5782 in
2680 5726 3085 5782 t‘rmlitninaribus
3116 5726 3175 5776 ad
3202 5728 3417 5790 ttexapta
3436 5729 3607 5789 origo»

2006 5801 2083 5853 nis
2104 5814 2207 5859 cap-
2232 5798 2392 5854 δίιιυὶ
2416 5798 2526 5849 vide
2548 5798 2635 5846 sis.
