4038 6454
423 405 492 458 ιδ
1265 401 1323 456 5.
1353 398 1629 456 ,ΙΟΛΝΝἱδ
1670 393 2021 453 CHRYSOST

2134 395 2142 450 l
2183 392 2497 450 ARCIIIEP.
2539 393 3072 450 CONS'I'ANTINOP.

425 515 627 570 litatem
660 515 1016 584 perciperent.
1055 513 1316 583 Quodque
1354 510 1666 566 admirabile
1691 524 1753 564 ac
1789 519 2000 577 stupen-

422 605 550 659 dum
592 612 691 669 cst,
725 607 815 674 qui
863 605 992 660 illud
1031 605 1160 675 egit,
1209 617 1312 657 non
1347 601 1653 656 Judmorunt
1701 599 2008 669 religionem

422 693 748 758 sectabatur,
781 693 875 748 sed
903 693 1164 748 idolorum
1201 691 1364 754 cultui
1389 689 1600 745 deditus
1629 698 1766 752 erat,
1796 699 1850 742 et
1882 687 2011 756 ipsis

423 784 690 839 contraria
718 785 1000 839 sentiebat.
1032 784 1145 838 Hoc
1164 784 1306 838 enim
1329 782 1490 837 modo
1524 798 1584 836 se
1610 782 1808 837 habent
1834 781 2011 835 omnia

424 889 543 944 qua-
566 888 596 928 a
627 872 851 929 Domino
881 882 1067 928 nostro
1106 873 1508 944 dispensentur,
1543 882 1598 926 ut
1634 888 1726 942 per
1755 871 2011 926 adversa-

425 971 533 1021 rios
564 981 775 1035 semper
803 975 1049 1019 crescant
1081 965 1318 1021 veritatis
1345 974 1632 1035 praecepta.
1674 963 1799 1018 llmc
1833 971 2010 1017 autem

423 1073 530 1110 nan
561 1065 761 1111 temere
793 1065 985 1111 vestra
1025 1056 1234 1111 caritati
1265 1055 1616 1120 narraverim,
1660 1054 1754 1109 sed
1791 1061 1847 1107 ut
1874 1053 2013 1107 scire

425 1144 663 1214 possitis,
713 1157 820 1198 non
853 1144 954 1199 hac
999 1144 1200 1215 lingua,
1245 1151 1452 1209 nostra,
1499 1143 1733 1212 inquam,
1784 1142 1878 1196 sed
1911 1140 2012 1194 lle-

423 1233 628 1298 bralca,
649 1232 814 1288 fuisse
839 1233 938 1289 hos
958 1234 1122 1289 libros
1145 1233 1491 1302 compositos.
1517 1231 1707 1286 Dicunt
1733 1231 1896 1301 igitur
1924 1230 2012 1299 qui

424 1321 620 1393 lingua:
645 1321 765 1392 ejus
802 1323 1042 1392 apprime
1069 1322 1220 1393 gnari
1251 1329 1395 1388 sunt,
1433 1320 1552 1375 caeli
1592 1336 1788 1375 nomen
1821 1319 2012 1389 plurali

424 1427 654 1468 numero
695 1412 762 1467 ah
800 1411 1038 1467 Hebraeis
1066 1411 1270 1479 vocari,
1301 1410 1445 1480 quod
1483 1410 1807 1467 conﬁtentur
1848 1410 2011 1464 etiam

422 1503 511 1572 qui
543 1503 802 1574 Syrorum
833 1503 1065 1573 linguam
1087 1501 1283 1557 sciunt.
1311 1501 1378 1555 Et
1409 1516 1567 1556 nemo
1593 1516 1656 1556 ea
1680 1501 1858 1570 lingua
1883 1500 2016 1554 dicit

422 1591 634 1660 caelum,
663 1593 755 1648 sed
778 1592 915 1648 caeli.
943 1592 1120 1662 Atque
1146 1591 1346 1647 idcirco
1375 1591 1453 1647 sic
1473 1591 1672 1646 dictum
1703 1598 1787 1645 est
1810 1605 1840 1643 a
1862 1590 2018 1644 beato

428 1684 646 1752 Davide,
690 1682 814 1739 Caeli
849 1683 1086 1738 calorum
1111 1698 1129 1736 :
1156 1698 1262 1737 non
1309 1681 1452 1750 quod
1495 1681 1642 1734 multi
1696 1681 1807 1734 sint
1848 1679 2012 1735 cmli:

427 1790 531 1829 non
558 1775 701 1828 enim
737 1775 837 1827 hoc
870 1787 966 1825 nos
988 1771 1168 1826 docuit
1193 1771 1382 1824 beatus
1400 1768 1610 1831 Moses;
1639 1767 1733 1823 sed
1756 1768 1877 1838 quia
1902 1781 2019 1822 mos

423 1874 504 1917 est
547 1864 736 1932 lingua:
769 1849 1040 1916 llebraicre
1070 1875 1229 1915 unam
1262 1875 1375 1914 rem
1405 1860 1683 1914 nominare
1709 1858 1898 1929 plurali
1926 1873 2020 1913 nu-

425 1967 575 2007 mero
601 1951 677 2023 (a)
709 1969 720 2004 :
756 1951 874 2020 quia
907 1951 952 2005 si
993 1949 1144 2005 multi
1171 1957 1371 2017 essent,
1407 1965 1513 2003 non
1543 1949 1814 2003 omisisset
1840 1947 2010 2018 Spiri-

429 2052 516 2098 tus
554 2053 773 2098 sanctus
800 2058 896 2113 per
935 2043 1166 2112 linguam
1208 2040 1347 2095 beati
1398 2039 1620 2108 hujusce
1648 2037 1925 2108 prophetat
1962 2045 2020 2093 et

425 2135 650 2189 aliorum
681 2130 1050 2188 formationem
1090 2146 1189 2185 nos
1218 2130 1432 2184 docere.
1478 2128 1604 2183 Haec
1623 2127 1906 2196 diligenter
1931 2143 2023 2182 rc-

428 2223 617 2288 tinete,
650 2222 895 2285 obsecro,
933 2230 987 2271 ttt
1017 2218 1233 2287 possitis
1276 2216 1558 2270 obstruere
1587 2229 1679 2269 ora
1718 2219 1904 2270 eorum
1929 2214 2023 2285 qui

425 2312 698 2367 contraria
727 2309 1105 2365 ecclesiasticis
1143 2306 1403 2361 doctrinis
1443 2305 1695 2369 all'erunt,
1728 2314 1782 2359 et
1819 2303 1873 2358 in
1909 2313 2024 2359 tuto

427 2401 652 2456 videatis
679 2400 928 2455 virtutem
971 2413 1158 2452 eorum
1185 2412 1304 2467 qum
1353 2395 1406 2451 in
1438 2395 1714 2466 Scriptura
1741 2394 2025 2449 continen-

427 2504 533 2549 tur.
566 2491 699 2546 Nam
743 2490 944 2545 idcirco
985 2489 1300 2558 frequenter
1330 2487 1417 2541 hic
1464 2486 1784 2551 convenitis,
1831 2494 1886 2541 et
1926 2500 2026 2541 nos

426 2583 731 2637 uberiorem
756 2580 1061 2636 doctrinam
1086 2579 1568 2643 communicamus,
1592 2587 1649 2632 ut
1677 2578 1846 2646 parati
1908 2578 2024 2633 sitis

427 2673 576 2728 omni
599 2673 840 2743 poscenti
873 2685 969 2726 vos
995 2669 1262 2725 rationem
1293 2667 1524 2724 reddere
1553 2667 1628 2740 (l.
1665 2667 1781 2722 Pet.
1815 2669 1869 2722 5.
1909 2667 2022 2738 15).

428 2765 536 2820 Sed
561 2764 627 2818 ad
649 2762 1037 2833 consequentia
1063 2761 1371 2827 redeamus,
1403 2759 1448 2815 si
1477 2759 1669 2827 placet.
1707 2758 1763 2813 8.
1792 2757 1857 2811 Et
1887 2773 2027 2812 voca-

429 2857 517 2917 eit,
558 2855 672 2919 ait,
721 2852 864 2907 Deus
913 2852 1290 2921 ﬁrmamentum
1338 2848 1541 2903 caelum.
1578 2847 1647 2901 Et
1694 2847 1820 2901 vidit
1858 2845 2022 2913 Deus,

427 2947 566 3014 quod
589 2953 714 3000 esset
742 2945 948 2997 bonum.
980 2941 1215 2996 Attende
1233 2947 1492 3010 quantum
1520 2937 1603 2991 his
1630 2937 1809 2992 verbis
1839 2937 2026 2992 huma-

431 3055 514 3093 nie
539 3052 601 3092 se
619 3042 940 3104 attemperet
962 3032 1279 3087 inﬁrmitati.
1301 3030 1436 3086 Nam
1466 3032 1605 3084 sicut
1627 3029 1694 3084 de
1721 3030 1842 3084 luce
1861 3029 2023 3084 dixit:

442 3126 579 3181 Vidit
607 3127 744 3198 quod
769 3134 899 3180 esset
923 3123 1058 3178 bona
1086 3139 1106 3178 :
1131 3123 1201 3177 ita
1241 3131 1296 3178 et
1324 3138 1468 3176 nunc
1495 3120 1564 3176 de
1587 3121 1720 3177 casio
1743 3121 1896 3188 dicit,
1924 3121 2026 3178 hoc

429 3227 533 3284 est,
561 3217 630 3274 de
653 3217 988 3272 ﬁrmamento
1015 3232 1030 3269 :
1062 3215 1131 3268 Et
1156 3215 1300 3276 vidit,
1337 3214 1530 3283 inquit,
1562 3213 1718 3278 Deus,
1737 3214 1874 3283 quod
1902 3223 2028 3270 esset

429 3310 614 3364 bonum
635 3326 656 3364 :
676 3309 876 3364 docens
893 3323 996 3363 nos
1026 3321 1121 3377 per
1147 3305 1290 3360 istud
1317 3306 1639 3360 immensam
1668 3304 2027 3374 pulchritudi-

433 3415 552 3454 nem
581 3399 717 3468 ejus.
749 3398 879 3464 Quis
907 3397 1053 3452 enim
1087 3411 1192 3450 non
1221 3395 1630 3465 obstupesceret
1663 3405 1824 3464 atque
1854 3395 2028 3450 adrni-

431 3498 640 3544 raretur
659 3487 802 3559 quod
835 3488 1235 3542 ﬁrmamentum
1282 3493 1432 3540 tanto
1475 3493 1719 3556 tempore
1759 3487 2028 3556 vigentem

431 3587 611 3633 servet
637 3577 1112 3648 pulchritudinem,
1154 3583 1208 3630 et
1234 3574 1376 3645 quod
1402 3584 1660 3646 quantum
1689 3576 2032 3646 progreditur

432 3680 666 3741 tempus,
696 3677 900 3723 tantum
928 3677 1189 3738 augeatur
1216 3676 1272 3722 et
1307 3666 1691 3737 pulchritudo?
1721 3666 1858 3734 Quid
1883 3668 2027 3723 enim

431 3761 729 3829 speciosius
751 3775 837 3824 eo,
861 3758 1004 3830 quod
1032 3759 1240 3813 laudem
1266 3760 1334 3814 ab
1377 3759 1492 3828 ipso
1531 3758 1738 3829 Opiﬁce
1785 3759 2031 3829 accepit?

434 3853 565 3908 Nam
596 3854 639 3908 si
670 3867 772 3908 nos
800 3851 1036 3906 hominis
1061 3865 1200 3920 opus
1225 3850 1472 3905 videntes
1493 3851 1823 3918 absolutum,
1852 3851 2029 3906 admi-

435 3960 615 4000 rantur
632 3947 874 4015 ﬁguram,
898 3942 1082 4005 situm,
1108 3939 1582 4011 pulchritudinem,
1603 3943 2028 4012 proportionem,

433 4038 776 4107 elegantiam,
820 4035 1032 4103 aliaque
1063 4033 1244 4088 omnia
1273 4049 1287 4086 :
1317 4032 1459 4102 quod
1501 4032 1700 4086 factum
1741 4042 1827 4087 est
1861 4049 1891 4087 a
1919 4034 2032 4089 Deo

434 4128 555 4204 quis
580 4127 741 4198 digne
773 4124 1020 4189 laudarit,
1057 4124 1357 4193 praesertim
1393 4138 1515 4177 cum
1558 4123 1626 4178 ab
1659 4124 1775 4193 ipso
1803 4124 2031 4179 Domino

438 4218 650 4272 laudem
698 4216 938 4285 accepit?
975 4215 1102 4269 Haec
1127 4214 1269 4274 enim
1300 4213 1440 4268 dicta
1482 4212 1555 4267 ita
1585 4223 1731 4282 sunt,
1775 4223 1833 4268 ut
1860 4230 1920 4271 se
1946 4227 2030 4272 at-

439 4307 766 4376 t’cinperaret
818 4313 1016 4360 nostrae
1063 4303 1368 4373 fragilitati,
1424 4302 1738 4375 videbisque
1790 4305 1894 4361 hoc
1938 4322 2033 4377 per

438 4396 676 4466 singulas
717 4403 992 4451 creaturas
1015 4392 1144 4461 dici,
1188 4404 1243 4449 et
1289 4395 1357 4448 ita
1399 4387 1582 4449 mullis
1621 4404 1777 4450 antea
1818 4399 2034 4454 saeculis

439 4489 707 4560 proﬂigari
743 4503 930 4544 ausum
979 4502 1189 4552 eorum,
1234 4487 1322 4556 qui
1354 4487 1586 4556 linguam
1615 4500 1768 4543 suam
1825 4493 2032 4547 acuturi

436 4594 590 4638 erant
619 4591 804 4637 contra
834 4580 1102 4650 opiﬁcium
1132 4579 1249 4646 Dei,
1283 4588 1336 4633 et
1360 4579 1556 4635 dicturi
1582 4596 1595 4633 :
1629 4580 1806 4647 Quare
1825 4649 1828 4652 ,
1849 4582 1952 4638 hoc
1979 4594 2033 4639 et

438 4677 540 4732 hoc
565 4675 758 4730 factum
785 4684 863 4728 est
880 4675 905 4727 τ
929 4672 1075 4726 Talia
1110 4672 1272 4740 igitur
1290 4671 1527 4726 dicturos
1553 4679 1678 4726 ante
1702 4675 2027 4742 comprimit,

436 4769 660 4824 dicens:
687 4765 751 4819 Et
777 4766 902 4819 vidit
936 4764 1074 4818 Deus
1097 4762 1234 4833 quod
1258 4770 1384 4816 esset
1425 4762 1630 4815 bonum.
1664 4763 1888 4830 Quando
1933 4782 2031 4821 au-

440 4870 546 4915 tem
585 4857 761 4924 audis,
793 4857 938 4912 Vidit
966 4856 1106 4909 Deus
1144 4861 1198 4908 et
1239 4852 1494 4916 laudavit,
1538 4853 1773 4922 intelligo
1802 4854 2029 4921 dictum,

442 4957 599 5020 prout
625 4949 843 5018 dignum
884 4945 1062 5001 estde
1109 4944 1222 4999 Deo
1256 4943 1421 5011 loqui.
1457 4942 1588 4997 Nam
1633 4944 1720 5014 qui
1760 4946 2031 5014 produxit,

439 5041 600 5095 etiam
627 5039 936 5109 priusquam
968 5035 1244 5099 formaret,
1269 5031 1471 5087 sciebat
1495 5032 1787 5089 formanda:
1815 5037 1889 5090 rei
1919 5038 2034 5105 pul-

438 5131 839 5195 chritudinem;
891 5128 983 5183 sed
1033 5126 1155 5197 quia
1207 5139 1306 5179 nos
1351 5123 1595 5178 homines
1632 5125 1800 5196 (tanta
1848 5141 2034 5183 sumus

440 5222 808 5276 imbecillitate
840 5217 1181 5286 circumdati)
1231 5215 1388 5269 aliter
1424 5214 1528 5270 hoc
1574 5217 1876 5288 intelligere
1923 5235 2029 5275 non

439 5314 734 5385 potuimus,
778 5313 909 5367 idco-
945 5312 1025 5365 sic
1056 5308 1256 5365 direxit
1295 5306 1433 5362 beati
1465 5310 1742 5376 prephetre
1773 5311 2030 5381 linguam,

441 5416 497 5460 ut
539 5405 605 5459 ad
636 5403 985 5460 erudiendum
1014 5400 1307 5455 humanum
1353 5413 1522 5470 genus
1562 5408 1706 5455 tanta
1747 5403 2035 5460 verborum

441 5507 681 5552 uteretur
709 5493 1082 5550 crassitudine.

503 5615 578 5670 (a)
611 5609 843 5657 calorum
889 5621 1069 5657 nomen
1115 5606 1348 5655 heliraiee
1383 5607 1572 5658 om.
1618 5608 1815 5656 Unicum
1862 5607 2033 5658 (zelum

440 5669 644 5735 admittit
665 5673 1043 5735 chrysostouius,
1072 5679 1123 5719 et
1141 5669 1405 5735 respondet
1425 5679 1725 5735 argumento
1749 5683 1810 5717 ex
1838 5670 2035 5735 ljsalmis

440 5734 663 5790 deducto,
687 5731 785 5794 quo
812 5733 978 5794 plures
1018 5731 1316 5791 comprobari
1360 5731 1584 5782 videntur
1624 5733 1748 5794 caeli;
1775 5732 1866 5780 sed
1905 5738 2035 5781 tacet

434 5795 636 5847 I'uuluut
658 5801 840 5856 raptum
865 5807 1022 5857 usque
1047 5796 1104 5843 ad
1127 5798 1324 5843 tertium
1359 5795 1549 5845 caelum.

2077 776 2272 848 Icebat

3648 397 3732 452 ss

2188 507 2243 562 5.
2285 505 2511 572 Quando
2557 506 2713 575 igitur
2741 506 2992 562 sublevas
3026 506 3235 572 oculus,
3267 516 3323 562 et
3350 518 3566 576 spectas
3595 509 3725 564 cadi

2116 596 2591 665 pulchritudinem,
2623 597 3064 666 magnitudinem,
3097 597 3400 660 utilitatem,
3431 605 3559 653 tunc
3589 599 3724 653 inde

2114 687 2182 742 ad
2227 687 2487 758 Opiﬁcem
2532 686 2804 753 ascende,
2847 689 2988 744 sicut
3034 698 3090 744 et
3123 690 3337 757 sapiens
3362 689 3583 760 quidam
3633 691 3724 747 di-

2321 793 2334 829 :
2383 775 2467 831 Ea:
2526 776 2874 846 magnitudine
2928 787 2975 830 et
3033 779 3410 848 pulchritudine
3459 790 3724 835 creaturo-

2115 881 2231 918 rum
2276 867 2494 920 universi
2535 866 2781 923 Conditor
2816 882 2905 936 per
2943 869 3321 936 proportionem
3358 871 3728 926 consideratur

2121 955 2276 1026 (Sup.
2311 958 2397 1012 l3.
2429 957 2505 1028 5).
2539 957 2606 1012 Et
2645 957 2766 1012 vide
2793 958 2953 1012 etiam
2982 973 3046 1012 ex
3087 957 3277 1014 horum
3319 962 3717 1017 elementorum

2118 1045 2458 1112 fortnatione,
2503 1057 2700 1118 quanta
2741 1049 2813 1103 sit
2854 1048 3064 1104 Domini
3109 1051 3182 1104 tui
3212 1052 3400 1106 virtus.
3443 1052 3576 1107 Nam
3629 1057 3716 1108 cui

2118 1149 2280 1205 sagax
2304 1145 2360 1191 et
2389 1137 2587 1206 probus
2631 1149 2715 1192 est
2742 1139 2974 1206 animus,
3020 1139 3068 1195 si
3095 1140 3324 1196 voluerit
3348 1141 3554 1212 singula
3587 1144 3717 1198 visi—

2121 1226 2244 1280 bilia
2272 1227 2498 1282 scrutari
2524 1241 2538 1291 ;
2567 1233 2624 1283 et
2661 1226 2788 1296 quid
2829 1228 2972 1294 dico,
3002 1231 3207 1301 singula
3235 1247 3355 1302 quae
3382 1231 3519 1288 facta
3549 1234 3719 1287 sunt?

2121 1331 2272 1370 suam
2305 1317 2474 1372 solam
2503 1317 2878 1374 formationem
2923 1321 2967 1375 si
2998 1331 3250 1378 accurate
3278 1324 3504 1380 voluerit
3531 1327 3716 1380 consi-

2123 1406 2335 1474 derare,
2367 1407 2565 1462 videbit
2587 1423 2651 1463 es
2682 1409 2860 1477 parvis
2900 1409 3006 1464 illis
3037 1411 3351 1467 immensam
3383 1419 3438 1473 et
3467 1413 3715 1471 ineﬁahi-

2121 1496 2226 1551 lem
2264 1497 2354 1551 Dei
2403 1498 2715 1568 potentiam.
2742 1499 2895 1565 Quod
2939 1500 2986 1556 si
3015 1501 3242 1556 visibilis
3285 1502 3397 1558 sola
3443 1503 3722 1560 sufﬁciunt

2123 1586 2277 1641 nobis
2313 1587 2378 1641 ad
2419 1588 2716 1672 docendam
2755 1591 3008 1660 potentiae
3048 1591 3352 1649 Conditoris
3394 1595 3724 1666 magnitudi-

2124 1689 2271 1740 nem,
2313 1676 2357 1728 si
2395 1686 2449 1730 et
2476 1677 2542 1730 ad
2571 1678 2863 1745 invisibiles
2894 1681 3102 1736 veneris
3129 1682 3375 1750 virtutes,
3402 1694 3457 1739 et
3483 1694 3722 1740 mentem

2125 1766 2429 1823 extenderis
2459 1767 2527 1823 ad
2570 1769 2880 1838 angelorum
2923 1771 3211 1839 exercitus,
3253 1771 3722 1843 archangelorum,

2125 1873 2479 1928 supernarum
2532 1858 2809 1925 virtutum,
2875 1861 3214 1928 thronorum,
3270 1862 3720 1930 dominationum,

2125 1949 2539 2018 principatuum,
2559 1956 2900 2017 potestatum,
2927 1949 3240 2017 Cherubim,
3271 1952 3552 2023 Seraphitn
3575 1971 3726 2025 :qna:

2128 2055 2302 2106 mens,
2326 2041 2415 2110 qui
2437 2055 2615 2096 sermo
2637 2041 2829 2110 poterit
2849 2057 3103 2098 enarrare
3130 2044 3576 2114 magniﬁcentiam
3605 2047 3724 2117 ejus

2128 2128 2489 2184 ineffabilem?
2536 2129 2666 2183 Nam
2714 2131 2758 2184 si
2814 2130 3001 2186 beatus
3054 2133 3313 2202 propheta
3361 2135 3546 2202 David,
3599 2152 3721 2192 cum

2127 2218 2532 2288 dispositionem
2577 2219 2865 2275 visibilium
2905 2221 3320 2289 considerasset,
3365 2225 3723 2293 exclamabat,

2130 2308 2354 2364 dicens:
2390 2308 2558 2375 Quam
2599 2311 2927 2380 magniﬁcam
2966 2323 3083 2364 sunt
3133 2327 3284 2382 opera
3326 2322 3436 2380 tua,
3469 2313 3728 2368 Domine!

2130 2399 2379 2454 omniain
2405 2401 2655 2471 sapientia
2683 2401 2848 2470 fecisti
2870 2400 3039 2470 (Psal.
3067 2401 3186 2457 105.
3214 2402 3309 2473 2-1)
3340 2420 3354 2458 :
3386 2405 3454 2470 si,
3483 2406 3723 2476 inquam,

2131 2489 2213 2543 vir
2240 2496 2389 2543 tanto
2416 2490 2613 2560 Spiritu
2645 2491 2917 2560 prmditus,
2946 2500 3000 2547 et
3040 2491 3228 2562 dignus
3259 2493 3491 2560 habitus,
3533 2498 3619 2551 cui
3648 2498 3730 2552 in—

2129 2589 2277 2635 certa
2302 2589 2357 2634 et
2381 2582 2586 2636 occulta
2613 2582 2891 2651 sapientia:
2910 2583 3104 2638 divinat
3125 2583 3614 2653 manifestarentur,
3647 2589 3728 2644 sic

2129 2669 2466 2725 exclamabat
2497 2687 2512 2726 :
2543 2671 2670 2741 quid
2712 2671 3015 2728 diceremus
3054 2688 3152 2729 nos
3193 2675 3285 2746 qui
3313 2685 3455 2731 terra
3503 2687 3560 2732 et
3593 2679 3732 2733 cinis

2131 2777 2339 2830 sumus,
2385 2772 2441 2820 et
2465 2762 2725 2820 debemus
2753 2766 3011 2822 continuo
3039 2767 3244 2822 vultum
3291 2769 3633 2838 submittere,
3677 2780 3732 2827 ct

2131 2855 2517 2927 obstupescere
2551 2856 2924 2913 universorum
2973 2857 3184 2913 Domini
3222 2859 3547 2918 ineffabilem
3576 2863 3731 2919 beni-

2131 2946 2433 3016 gnitatem?
2503 2946 2571 3002 Et
2607 2947 2735 3016 quid
2778 2948 2898 3003 dico
2965 2948 3315 3019 prophetam?
3365 2951 3560 3009 Beatus
3618 2951 3735 3023 ipse

2133 3036 2351 3104 Paulus,
2372 3037 2549 3092 anima
2577 3037 2664 3093 illa
2709 3038 2777 3093 ad
2812 3039 2973 3094 caelos
3003 3055 3172 3110 usque
3197 3041 3464 3109 sublimis,
3504 3057 3734 3113 corpore

2131 3132 2517 3200 circumdatus,
2549 3142 2754 3190 etcum
2805 3134 3136 3205 incorporeis
3161 3135 3447 3192 virtutibus
3493 3146 3735 3205 certans,

2134 3225 2189 3279 in
2217 3233 2359 3280 terra
2390 3226 2692 3292 ambulans,
2723 3237 2777 3282 et
2807 3228 2970 3281 animi
2999 3228 3178 3283 studio
3205 3228 3392 3284 cadum
3421 3244 3738 3299 peragrans,

2133 3331 2254 3371 cum
2297 3318 2349 3372 in
2399 3333 2558 3372 unam
2588 3327 2792 3386 partem
2824 3319 3282 3388 diSpcnsationum
3333 3320 3426 3375 Dei
3471 3322 3740 3377 incideret

2138 3405 2229 3476 (de
2275 3405 2476 3462 ludatis
2515 3416 2572 3463 et
2617 3409 2908 3478 gentilibus
2946 3409 3164 3479 loquor,
3209 3409 3352 3480 quod
3397 3411 3470 3465 illi
3516 3411 3739 3480 quidem

2135 3498 2316 3567 ejecti,
2346 3499 2398 3552 hi
2420 3509 2598 3554 autem
2629 3500 2680 3554 in
2703 3500 2878 3554 locum
2907 3500 3121 3556 illorum
3151 3501 3434 3557 introducti
3457 3503 3739 3571 fuissent),

2135 3597 2189 3642 et
2219 3603 2403 3643 secum
2444 3588 2729 3654 dubitaret,
2777 3599 2832 3647 et
2877 3593 3207 3648 internorum
3250 3593 3526 3648 oculorum
3562 3595 3737 3648 verti-

2135 3679 2260 3747 gine
2289 3679 2577 3748 laboraret,
2627 3683 2963 3748 exclamavit,
3007 3684 3232 3740 dicens:
3271 3684 3316 3740 0
3355 3686 3574 3741 altitudo
3605 3685 3742 3739 divi-

2138 3769 2324 3823 tiarum
2350 3778 2396 3824 et
2422 3772 2705 3840 sapientiae,
2734 3783 2780 3826 et
2808 3774 3032 3828 scientia:
3061 3773 3179 3841 Dei,
3206 3791 3358 3845 quam
3389 3775 3744 3830 inseratubilia

2137 3871 2256 3916 sunt
2284 3863 2480 3930 iudicia
2507 3864 2636 3933 ejus,
2670 3874 2718 3917 et
2758 3865 3128 3936 investigabites
3165 3867 3261 3921 vite
3288 3867 3397 3937 ejus
3429 3866 3608 3936 (Rom.
3644 3867 3738 3921 Η.

2137 3951 2267 4022 33)!
2301 3951 2408 4008 Sed
2458 3951 2544 4008 hic
2587 3954 2818 4010 libenter
2847 3955 3081 4024 rogarim
3131 3971 3248 4023 eos,
3281 3956 3370 4026 qui
3403 3955 3471 4012 de
3507 3971 3742 4026 genera-

2139 4045 2286 4098 tione
2319 4043 2439 4099 Filii
2470 4044 2563 4100 Dei
2592 4046 2857 4101 curiosius
2885 4046 3192 4117 exqttirttnt,
3221 4056 3276 4101 et
3302 4046 3473 4100 sancti
3504 4046 3740 4116 Spiritus

2139 4135 2452 4205 dignitatem
2505 4136 2719 4192 auferre
2759 4145 2965 4192 tentant
3009 4156 3022 4192 :
3066 4135 3222 4192 Unde
3262 4137 3431 4202 vobis,
3488 4137 3740 4201 obsecro,

2141 4235 2308 4281 tanta:
2337 4227 2577 4282 audacia:
2608 4227 2917 4283 temeritas?
2938 4243 2969 4282 a
2995 4243 3099 4297 qua
3127 4227 3426 4282 temeritate
3457 4227 3508 4280 in
3537 4236 3742 4282 tantam

2139 4319 2322 4374 ruistis
2364 4319 2665 4372 insaniam?
2707 4319 2840 4373 Nam
2871 4319 2915 4373 si
2946 4319 3142 4373 Paulus
3188 4317 3278 4372 ille
3328 4325 3509 4372 tantus
3537 4326 3592 4372 et
3618 4319 3746 4374 talis

2137 4407 2334 4476 judicia
2357 4408 2492 4478 ejus,
2527 4407 2629 4464 hoc
2653 4420 2755 4476 est,
2779 4409 3206 4479 dispensationes
3225 4417 3280 4464 et
3298 4408 3738 4479 gubernationcs,

2143 4498 2508 4556 inscrutabilia
2536 4513 2657 4554 esse
2681 4498 2811 4554 dicit
2840 4517 2853 4552 :
2884 4508 2939 4553 et
2964 4514 3070 4553 non
3109 4498 3239 4554 dicit
3270 4497 3737 4568 incomprehensi—

2139 4589 2288 4657 bilia,
2326 4590 2423 4645 sed
2453 4590 2839 4656 inscrutabilia,
2885 4591 2954 4644 ita
2983 4599 3040 4644 ut
3078 4590 3306 4644 scrutari
3335 4604 3397 4644 ea
3428 4603 3587 4644 nemo
3617 4603 3744 4658 pos-

2139 4683 2244 4748 sit;
2286 4690 2343 4737 et
2386 4681 2785 4751 investigahiles
2834 4681 2964 4736 dicit
3006 4682 3122 4736 vias
3165 4681 3313 4750 ejus;
3361 4681 3554 4735 iterum
3597 4680 3740 4735 idem

2140 4775 2344 4840 dicens,
2376 4775 2487 4830 vias
2528 4775 2776 4830 mandata
2807 4789 3005 4830 vocans
3035 4783 3089 4828 et
3130 4783 3392 4844 prtecepta
3421 4791 3436 4829 :
3466 4773 3741 4843 quomodo

2141 4883 2236 4922 vos
2266 4869 2615 4923 substantiam
2647 4853 2814 4938 ipsam
2841 4867 3110 4937 Unigeniti
3135 4867 3397 4922 curiosius
3432 4868 3739 4936 explorare,

2141 4970 2196 5016 et
2229 4961 2462 5032 Spiritus
2489 4961 2660 5016 sancti
2691 4961 3026 5030 dignitatem,
3075 4968 3332 5029 quantum
3376 4962 3428 5013 in
3458 4961 3610 5014 vobis
3635 4971 3742 5026 est,

2142 5055 2460 5109 imminuere
2485 5053 2692 5108 audetis
2718 5052 2829 5125 (a)?
2860 5052 3060 5117 Videte,
3092 5051 3447 5114 dilectissimi,
3478 5062 3744 5121 quantum

2143 5147 2340 5202 malum
2379 5146 2451 5198 sit
2479 5160 2585 5199 non
2614 5144 2899 5213 diligenter
2928 5142 3206 5197 attendere
3239 5143 3305 5195 ad
3332 5158 3392 5196 ea
3425 5158 3543 5212 qua:
3571 5144 3622 5196 in
3653 5143 3741 5196 di-

2143 5238 2280 5291 vinis
2303 5237 2593 5306 Seripturis
2623 5244 2747 5289 sunt
2767 5243 3038 5289 contenta.
3072 5233 3134 5286 Hi
3163 5233 3304 5287 enim
3333 5234 3376 5288 si
3408 5250 3529 5287 cum
3561 5237 3740 5303 sagaci

2140 5341 2195 5388 et
2227 5332 2390 5401 proba
2420 5340 2599 5385 mente
2628 5327 2926 5382 doctrinam
2957 5327 3150 5381 divina)
3176 5324 3467 5394 Scriptura:
3494 5325 3742 5393 accepis-

2140 5435 2280 5491 sent,
2317 5433 2373 5478 et
2413 5437 2518 5478 non
2547 5434 2642 5476 sua
2675 5435 2739 5475 ex
2768 5419 2986 5489 proprio
3011 5416 3294 5473 ratiocinio
3321 5416 3740 5487 excogitassent,

2203 5601 2275 5663 (a)
2308 5601 2533 5649 Haeretiei
2569 5599 2650 5662 qui
2680 5598 2996 5663 substantiam
3019 5595 3265 5663 Unigenitt
3305 5592 3544 5663 curiosms
3568 5590 3742 5660 exple).-

2140 5655 2329 5720 raliaiit,
2356 5669 2407 5710 et
2428 5655 2629 5724 Spiritus
2651 5661 2802 5710 sancti
2831 5655 3126 5724 dignitatem
3163 5655 3464 5724 minuebant,
3512 5655 3734 5724 Ancum-1'

2143 5736 2282 5776 erant
2322 5717 2373 5772 et
2413 5717 2946 5784 atacedoniaiii.120iit}a
2975 5720 3237 5767 Anomueos
3282 5717 3737 5784 nitiltas__oratioues

2146 5787 2311 5837 habuit
2332 5787 2693 5848 cltrysostutnus
2713 5783 2977 5832 Antiochia!
3000 5790 3050 5830 et
3072 5782 3496 5839 Constanttuowli.
