4038 6378
242 308 309 368 ιε
1389 308 1452 366 IN
1488 307 1645 367 CAP.
1686 306 1729 363 l.
1768 303 2015 363 GENES.
2058 302 2290 362 HOIIIL.
2332 304 2421 362 IV.
3482 305 3554 365 46

239 422 547 495 neutiquam
598 422 651 479 in
692 431 899 481 tantam
951 423 1226 479 venissent
1273 424 1585 478 amentiam.
1629 420 1697 475 At
1740 432 1840 476 nos

240 530 415 586 neque
439 517 512 571 sit
543 529 822 572 cessemus
849 516 1042 571 divina:
1061 516 1353 587 Scriptum:
1382 513 1684 570 testimonia
1712 512 1842 582 ipsis

236 606 496 677 objicere.
540 617 595 663 et
630 624 792 664 aures
840 620 1050 664 nostsz
1077 609 1144 663 ad
1173 608 1492 679 pestilentes
1520 623 1707 663 eorum
1748 605 1842 661 dov

236 705 440 760 ctriaas
468 705 739 777 ohsepire.

310 796 366 852 ϐ.
396 795 501 853 Sed
538 798 721 853 nescio
758 796 1029 869 quomodo
1059 799 1255 853 iterum
1279 796 1350 852 ah
1383 795 1593 867 impetu
1640 802 1842 850 oratto~

240 888 326 941 nis
358 889 410 943 in
440 889 554 945 iure
598 891 773 947 evecti
820 905 1007 944 sumus
1028 930 1044 955 ,
1077 899 1131 944 ct
1166 904 1196 944 a
1221 898 1477 945 coiitcxtu
1500 888 1795 943 excidimus
1826 903 1843 941 :

244 980 368 1034 ideo
400 982 592 1038 iterum
618 983 685 1039 ad
724 984 899 1053 priora
924 984 1107 1040 redeat
1133 998 1332 1040 sermo.
1374 981 1440 1037 Et
1469 981 1695 1043 saeuit,
1734 980 1844 1045 ait,

243 1072 385 1128 Deus
420 1075 796 1145 ﬁrmmitum
856 1076 1073 1139 calum,
1117 1086 1165 1131 el
1194 1076 1319 1132 vidit
1360 1073 1503 1131 Deus
1546 1073 1685 1146 quod
1718 1082 1847 1127 esset

244 1164 429 1219 bonum
492 1164 561 1219 Et
586 1169 777 1238 factum
798 1180 878 1223 est
906 1183 1128 1237 uespere,
1154 1176 1201 1221 et
1231 1166 1423 1239 factum
1443 1175 1518 1221 est
1538 1180 1716 1231 mane,
1741 1165 1849 1219 dies

245 1254 518 1310 secundus.
540 1257 918 1328 Appellationo
943 1259 1113 1314 indita
1153 1258 1493 1314 ﬁrmamento
1513 1299 1528 1321 ,
1555 1264 1612 1312 et
1635 1255 1850 1311 laudato

243 1362 432 1417 opere,
462 1347 623 1405 linem
654 1349 909 1421 imposuit
950 1350 1056 1407 diei
1088 1350 1331 1407 secundo
1350 1392 1366 1417 ,
1394 1359 1449 1405 et
1470 1349 1643 1405 dixit:
1673 1345 1741 1401 Et
1767 1351 1850 1417 fa-

244 1449 381 1491 ctum
408 1448 481 1494 est
526 1456 767 1511 vespere,
792 1452 837 1497 et
872 1445 1068 1515 factum
1113 1453 1189 1498 est
1215 1460 1400 1509 tuane,
1427 1442 1535 1498 dies
1576 1442 1849 1497 secundus.

248 1529 436 1585 Vidisti
461 1542 657 1602 quanta
677 1534 949 1605 diligentia
976 1549 1075 1590 nos
1094 1534 1273 1600 docet,
1308 1534 1470 1590 linem
1498 1534 1634 1589 lucis
1659 1548 1851 1603 vespe-

246 1637 361 1675 r.un
410 1637 635 1689 vocans,
663 1633 717 1679 et
756 1625 916 1680 finem
960 1626 1134 1681 noctis
1184 1640 1379 1691 mane,
1420 1635 1476 1681 et
1505 1635 1675 1681 totum
1722 1624 1849 1679 illud

244 1711 390 1767 diem
415 1754 430 1778 ,
460 1721 521 1769 ut
561 1730 630 1770 ne
654 1728 898 1773 erremus
925 1733 1025 1773 nos
1044 1760 1059 1783 ,
1087 1733 1263 1790 neque
1295 1728 1543 1789 putemus
1568 1733 1850 1788 vesperam

247 1804 409 1856 linem
451 1818 574 1860 esse
620 1805 767 1874 diei,
816 1808 912 1863 sed
960 1809 1243 1865 manifeste
1292 1810 1526 1865 sciamus
1576 1810 1853 1881 utriusque

248 1895 482 1962 spatium
512 1912 677 1953 unum
722 1897 865 1955 diem
897 1900 1159 1973 implere?
1187 1901 1255 1957 Et
1280 1917 1505 1973 vespere
1528 1902 1688 1959 linem
1719 1901 1853 1958 lucis

250 1991 399 2039 recte
438 1988 558 2057 quis
605 1987 837 2057 dixerit,
903 2005 1062 2045 mane
1105 1999 1326 2058 autem,
1382 1991 1485 2047 hoc
1539 2001 1653 2057 est,
1690 1990 1852 2046 finem

249 2074 456 2141 noctis,
498 2077 950 2148 complementum
999 2080 1130 2137 diei.
1175 2080 1289 2137 Hoc
1332 2082 1478 2137 enim
1520 2084 1635 2137 vult
1673 2080 1851 2137 divina

248 2165 526 2238 Scriptura
558 2168 926 2239 manifestare,
957 2172 1145 2229 dicens
1171 2192 1185 2228 :
1217 2172 1283 2229 Et
1308 2176 1501 2247 factum
1524 2183 1598 2230 est
1626 2191 1848 2246 vespere,

249 2268 297 2311 et
348 2259 543 2326 factum
569 2269 642 2315 est
685 2278 870 2327 istane,
911 2263 1019 2317 dies
1058 2264 1331 2319 secundus.
1379 2264 1545 2322 Forte
1590 2266 1854 2336 prolixius

249 2363 557 2405 sermonem
580 2353 941 2422 extendimus,
976 2370 1081 2411 non
1107 2356 1229 2412 data
1254 2334 1420 2428 opera
1438 2399 1454 2423 ,
1485 2334 1677 2413 sed'ab
1701 2358 1816 2429 ipsa
1835 2401 1851 2423 ,

252 2450 310 2495 ιιι
355 2442 561 2499 dixerit
594 2446 859 2517 quispiam
881 2490 897 2514 ,
926 2448 1212 2503 verborum
1255 2450 1637 2520 consequentia
1662 2491 1678 2518 ,
1704 2450 1852 2521 quasi

250 2532 439 2604 rapido
478 2536 710 2607 quodam
738 2554 897 2595 amne
940 2540 988 2594 vi
1018 2539 1297 2596 abstracti.
1339 2540 1558 2612 Vosque
1588 2541 1747 2611 hujus
1773 2541 1850 2596 rei

250 2639 412 2681 causa
454 2630 614 2695 estis,
643 2630 734 2700 qui
779 2647 972 2702 magna
1014 2647 1137 2688 cum
1167 2634 1443 2705 voluptate
1488 2634 1630 2689 dicta
1668 2646 1853 2690 nostra

250 2718 466 2772 auditis.
511 2719 655 2776 Nihil
686 2723 830 2779 enim
868 2729 947 2780 sie
990 2726 1229 2781 excitare
1258 2735 1436 2797 potest
1461 2726 1731 2783 dicentem
1754 2769 1770 2793 ,
1800 2738 1854 2783 et

250 2809 637 2865 sententiarum
684 2827 932 2883 magnam
980 2816 1193 2886 copiam
1248 2816 1324 2870 illi
1365 2816 1597 2885 afferre,
1649 2827 1705 2872 ut
1754 2834 1853 2873 au-

250 2896 485 2953 ditorum
512 2900 785 2957 alacritas.
811 2904 877 2958 Et
901 2905 1040 2959 sicut
1066 2906 1241 2975 supini
1265 2916 1319 2961 et
1347 2906 1563 2961 desides
1582 2908 1855 2964 auditores

250 2989 413 3043 etiam
443 2992 669 3046 multum
702 2994 917 3065 eloquio
945 2996 1210 3051 valentem
1243 2996 1472 3052 reddunt
1501 2999 1808 3068 segniorem
1837 3016 1850 3055 :

250 3079 325 3134 ita
353 3095 448 3136 vos
475 3097 569 3150 per
612 3083 704 3139 Dei
744 3086 973 3155 gratiam
997 3126 1015 3152 ,
1044 3086 1255 3142 etiamsi
1284 3087 1414 3141 muti
1460 3102 1705 3143 essemus
1736 3089 1855 3157 plus

250 3187 410 3241 quam
430 3172 633 3243 lapides
657 3175 697 3243 ‘,
721 3175 953 3247 possetis
982 3186 1220 3232 nostrum
1243 3185 1517 3248 stuporem
1539 3178 1851 3245 emendare,

250 3276 305 3318 et
328 3267 744 3323 somnolentiam
776 3268 1046 3325 discutere
1065 3310 1081 3335 ,
1113 3285 1414 3341 coget-eque
1434 3280 1494 3326 ut
1523 3270 1767 3327 dieanms
1789 3287 1853 3327 ea

252 3374 373 3429 qua:
403 3358 555 3414 vobis
597 3360 942 3427 conducunt,
974 3372 1029 3417 et
1071 3362 1139 3417 ad
1180 3371 1418 3418 vestram
1462 3363 1854 3419 institutionem

252 3452 546 3518 pertinent.
587 3453 851 3522 Quoniam
884 3455 1043 3525 igitur
1072 3455 1208 3510 tales
1250 3455 1417 3521 estis,
1451 3465 1637 3525 utpote
1666 3471 1695 3509 a
1746 3455 1854 3510 lico

251 3547 397 3602 docti
423 3588 438 3610 .
465 3559 520 3603 et
562 3548 855 3604 secundum
902 3547 1117 3603 beatum
1164 3548 1422 3615 Paulum,
1452 3550 1679 3621 potestis
1718 3550 1855 3605 alios

252 3646 553 3700 admonere
583 3642 761 3714 (Rom.
787 3643 874 3698 15.
902 3644 993 3713 ιι)
1019 3663 1035 3700 :
1056 3659 1173 3716 age,
1196 3647 1557 3705 obsecramus
1578 3666 1696 3719 vos,
1718 3662 1777 3707 ut
1799 3655 1845 3709 si

257 3752 355 3805 per
392 3734 538 3805 quod
579 3734 753 3800 aliud,
799 3735 1036 3791 maxime
1086 3752 1185 3807 per
1213 3736 1413 3807 jejunii
1454 3746 1694 3811 tempus.
1730 3759 1846 3799 ma-

256 3841 421 3896 gnam
449 3826 587 3879 bene
634 3825 851 3880 vivendi
904 3840 1093 3880 curam
1136 3828 1376 3897 geratis,
1434 3844 1536 3884 nec
1572 3830 1662 3885 ftat
1691 3834 1845 3891 vobis

258 3931 443 3973 sermo
471 3914 818 3981 fastidiosus,
853 3914 899 3972 si
922 3916 1255 3987 quotidiede
1277 3918 1484 3976 eisdem
1518 3922 1841 3994 loquamur:

252 4009 443 4063 eadem
470 4010 615 4063 enim
653 4008 834 4064 dicere
878 4009 1007 4064 mihi
1043 4009 1259 4079 quidem
1285 4025 1393 4064 non
1417 4024 1582 4082 grave
1606 4053 1621 4076 ,
1652 4026 1851 4068 secun-

250 4098 381 4153 dum
411 4098 623 4153 beatum
650 4098 894 4165 Paulum,
925 4099 1079 4155 vobis
1107 4108 1287 4155 autem
1311 4110 1482 4156 tutum
1507 4102 1766 4174 (Philipp.
1794 4106 1848 4160 3.

255 4194 333 4258 ι).
359 4191 423 4260 0,
445 4206 510 4245 us
529 4191 673 4246 enim
716 4191 877 4247 habet
916 4191 1092 4246 anima
1119 4202 1300 4247 nostra
1323 4233 1340 4259 ,
1370 4194 1553 4265 segnis
1596 4210 1716 4249 cum
1750 4196 1847 4263 sit,

250 4281 503 4336 centinua
545 4280 933 4337 admonitione.
978 4282 1045 4337 Et
1084 4282 1223 4338 sicut
1261 4298 1456 4354 corpus
1487 4285 1590 4341 hoc
1612 4288 1850 4356 quotidie

251 4386 388 4443 opus
414 4371 571 4427 habet
589 4373 853 4443 corporali
876 4374 1152 4442 alimento,
1178 4383 1236 4430 ut
1263 4391 1331 4432 ne
1350 4376 1401 4430 in
1428 4392 1673 4448 magnam
1691 4380 1847 4449 ψει-ἰ-

251 4463 491 4518 tudinem
512 4463 772 4532 incidens,
791 4464 1117 4521 nihilfacere
1138 4468 1304 4537 possit
1324 4490 1337 4525 :
1358 4470 1428 4523 ita
1446 4479 1500 4525 et
1518 4471 1695 4526 anima
1716 4486 1850 4541 opus

252 4556 412 4611 habet
448 4556 711 4625 spirituali
742 4558 864 4613 cibo
884 4601 899 4626 ,
927 4568 983 4615 et
1021 4561 1220 4629 optima
1248 4562 1369 4616 vita:
1411 4564 1617 4619 ratione
1641 4606 1656 4630 ,
1692 4574 1748 4619 ut
1795 4567 1847 4620 in

248 4649 695 4705 «totusuetudiuem
724 4650 955 4721 aliquam
978 4652 1239 4707 bonorum
1272 4657 1587 4723 perveniens
1610 4698 1623 4721 ,
1655 4658 1846 4713 invicta

246 4742 311 4793 sit
334 4782 350 4805 ,
379 4748 435 4793 et
458 4741 712 4796 resistere
739 4743 908 4811 possit
933 4742 1148 4813 maligni
1179 4743 1346 4799 hostis
1398 4746 1622 4801 insidiis.

320 4832 372 4885 'l.
403 4823 619 4884 Herulis
642 4832 947 4895 cohortatio;
966 4832 1167 4887 Iudicis
1178 4836 1436 4905 jejunium
1466 4854 1566 4891 non
1587 4841 1847 4909 proderat,-

246 4932 495 4995 numnum
512 4925 697 4979 bonum
712 4925 776 4979 sit
792 4926 1111 4979 inimicorum
1133 4926 1676 4996 dilectio.-—Qnotidie
1689 4933 1847 5003 igitur

246 5018 363 5085 ejus
383 5018 631 5072 virtutem
649 5033 875 5088 operose
888 5032 1161 5083 curemus,
1184 5029 1240 5075 et
1256 5036 1353 5074 nos
1371 5021 1514 5090 ipSns
1530 5026 1846 5079 examinan-

248 5116 329 5162 ινδ
348 5147 364 5171 ,
398 5122 688 5177 numquam
710 5107 1054 5175 deﬁciamus;
1081 5109 1429 5165 rationarium
1450 5129 1663 5184 quoque
1690 5116 1847 5171 nobis

248 5198 597 5255 conlieZanms
618 5215 802 5255 eorum
826 5216 943 5271 qua:
977 5202 1293 5273 accipimus,
1315 5212 1573 5259 eteorum
1603 5222 1723 5276 qua:
1747 5223 1845 5262 ex-

249 5292 564 5360 pendimus,
590 5292 844 5362 quidnam
878 5292 1081 5349 utiliter
1097 5304 1151 5347 et
1172 5294 1308 5350 bene
1330 5296 1529 5366 loquuti
1560 5298 1757 5363 sinms,
1790 5308 1845 5354 et

244 5384 387 5454 quod
412 5384 641 5439 (otiosum
669 5384 893 5439 verbum
923 5384 1328 5454 protulerimus,
1360 5396 1414 5440 et
1445 5389 1665 5453 iterum,
1708 5390 1838 5459 quid

248 5477 378 5531 utile
417 5490 516 5545 per
538 5489 699 5531 aures
730 5477 781 5530 in
827 5476 1061 5531 animam
1090 5476 1538 5533 intromiscrimus
1557 5518 1573 5545 ,
1604 5489 1655 5535 et
1684 5480 1837 5551 quid,

246 5568 387 5640 quod
411 5570 793 5626 detrimentum
823 5570 1019 5625 aﬂ'erre
1050 5570 1236 5641 possit.
1268 5569 1533 5627 Praeterea
1563 5581 1617 5627 et
1648 5573 1840 5644 lingua:

244 5700 349 5799 ml;
362 5688 809 5807 ῗὲιὶἰόεἶιςηιιθιιιοι·
835 5695 937 5737 uss.
980 5686 1182 5743 habtutt.
1220 5688 1408 5740 etiamsi
1448 5689 1699 5752 inferiores
1721 5705 1843 5743 θεω-

1953 416 2168 491 regulas
2191 418 2398 492 aliquas
2426 428 2483 477 et
2508 434 2745 479 canones
2767 436 3035 496 ponamus
3056 465 3070 492 ,
3096 421 3170 480 ita
3197 435 3255 481 ut
3283 425 3433 497 prius
3461 442 3550 483 ru-

1953 514 2225 570 mincutur
2248 523 2307 571 et
2337 514 2704 586 ponderentur
2728 516 2892 573 verba
2915 556 2934 584 ,
2963 525 3020 574 et
3056 526 3240 589 postea
3268 520 3550 590 proferan-

1950 613 2038 659 tur
2079 620 2395 672 sermones;
2424 615 2659 664 mentem
2700 621 2835 664 vero
2884 608 2955 665 ita
2981 610 3362 670 instituemus.
3396 622 3455 665 ut
3482 627 3551 669 ne

1948 696 2077 769 quid
2103 696 2423 755 damnosum
2453 706 2684 771 promat,
2710 708 2765 757 et
2782 700 2829 756 si
2856 699 2995 757 forte
3020 700 3219 773 aliquid
3243 700 3349 757 tale
3378 700 3551 757 forin-

1950 802 2107 846 secus
2136 789 2415 860 inferatur,
2448 791 2500 847 id
2529 792 2710 848 statim
2748 802 2809 849 ut
2846 792 3176 864 superﬂuum
3198 802 3255 849 et
3283 794 3556 865 pernicio-

1952 898 2071 937 sum
2098 897 2479 952 amovcamus,
2505 894 2565 941 et
2606 884 2653 942 sl
2695 885 3021 943 intrinsecus
3074 896 3343 954 nascatur,
3372 888 3554 943 statim

1953 972 2039 1044 pia
2061 974 2387 1049 cogitatione
2412 975 2541 1031 illud
2570 976 2837 1049 fugemus,
2865 988 2919 1033 et
2945 993 3013 1034 ne
3040 978 3415 1035 existimemus
3445 980 3559 1033 itte-

1951 1062 2096 1118 diam
2127 1081 2298 1136 usque
2325 1066 2391 1121 ad
2420 1082 2697 1136 vesperam
2723 1066 2790 1123 ad
2831 1067 3057 1124 salutem
3088 1069 3243 1131 nobis
3284 1069 3557 1128 snflleere.

1953 1154 2086 1210 Nam
2107 1157 2152 1212 si
2196 1159 2466 1227 perversis
2504 1159 2712 1215 Jndteis
2740 1160 2955 1217 diccbat
2992 1161 3256 1232 benignus
3302 1162 3558 1218 Dominus

1956 1262 2052 1317 per
2078 1249 2393 1318 prophetam
2425 1267 2441 1305 :
2474 1249 2605 1305 Ecce
2642 1252 2767 1307 anni
2813 1254 3141 1325 septuaginta
3164 1267 3184 1308 :
3205 1254 3449 1325 numquid
3466 1255 3557 1326 je—

1953 1337 2222 1405 iunacis-tis
2270 1339 2393 1393 mihi
2425 1340 2686 1411 jejunium
2707 1342 2734 1397 ι
2760 1340 2826 1397 ει
2872 1344 2920 1398 si
2942 1344 3260 1400 comederitis
3286 1354 3335 1399 et
3371 1345 3557 1399 biberi-

1955 1433 2038 1496 tis,
2068 1449 2237 1487 nonne
2256 1449 2342 1490 ros
2370 1435 2706 1491 comeditis“
2732 1434 2952 1492 bibitis!
2982 1435 3111 1492 "ac
3152 1438 3277 1492 dicit
3306 1437 3558 1493 Dominus

1955 1527 2275 1597 omnipotens
2296 1543 2316 1579 :
2338 1526 2605 1582 Iudicium
2621 1529 2824 1599 justum
2854 1528 3091 1601 judico“
3110 1571 3125 1593 ,
3158 1529 3559 1585 misericordiam

1956 1627 2001 1672 et
2031 1618 2402 1672 miserationem
2432 1620 2589 1690 [acim
2633 1620 2977 1690 unusquisque
3011 1638 3126 1675 cum
3158 1622 3394 1691 proximo
3418 1638 3513 1675 suo
3538 1636 3561 1677 :

1955 1719 2002 1763 et
2040 1708 2265 1772 viduam,
2296 1720 2343 1763 et
2369 1711 2659 1781 orphanuut
2682 1751 2697 1774 ,
2720 1724 2765 1766 et
2793 1712 3058 1775 advenam,
3088 1724 3133 1767 et
3160 1730 3431 1784 pauperem
3454 1730 3558 1769 non

1956 1801 2260 1872 Oppriauut's
2291 1816 2311 1856 .‘
2338 1812 2386 1856 et
2424 1807 2618 1855 malum
2655 1804 3002 1873 unusquisque
3040 1816 3257 1859 oestrum
3290 1822 3412 1875 erga
3448 1807 3559 1877 fra-

1958 1901 2085 1945 trem
2109 1908 2260 1946 suum
2296 1909 2397 1947 non
2425 1894 2607 1964 cogitet
2632 1895 2685 1948 in
2723 1894 2961 1950 cordibus
2981 1896 3086 1949 suis
3113 1894 3300 1968 (Zaclt.
3331 1898 3386 1952 7.
3419 1898 3475 1953 5.
3502 1898 3557 1952 6.

1956 1982 2014 2039 9.
2045 1983 2158 2054 10).
2192 1983 2249 2039 Si
2276 1984 2435 2055 igitur
2464 1986 2567 2040 illis
2594 1987 2682 2057 qui
2714 1986 2767 2041 in
2799 1986 2985 2041 mnhra
3027 1989 3285 2043 sedebant
3326 1996 3381 2043 ιιι
3411 1998 3560 2044 tene-

1958 2075 2070 2131 bris
2092 2090 2339 2132 errorum
2380 2075 2526 2132 aflixi
2550 2088 2704 2134 erant
2729 2120 2746 2145 ,
2781 2078 2911 2134 nihil
2936 2081 3191 2150 proderat
3222 2081 3396 2136 solum
3414 2080 3560 2152 jeju-

1958 2168 2127 2233 nium,
2158 2183 2282 2225 cum
2310 2168 2425 2225 lucc
2462 2169 2599 2225 bona
2626 2186 2791 2240 opera
2828 2186 2933 2226 non
2957 2172 3193 2228 facerent
3212 2215 3226 2237 ,
3255 2183 3311 2228 et
3339 2189 3370 2228 e
3396 2173 3560 2228 cordo

1960 2258 2159 2314 malum
2185 2274 2312 2330 erga
2341 2261 2643 2330 proximum
2688 2277 2793 2316 nou
2816 2261 3099 2318 elimiuare
3141 2272 3194 2328 t,
3227 2264 3436 2332 qualem
3466 2264 3561 2320 Ita-

1959 2352 2121 2407 bituri
2146 2366 2245 2407 nos
2271 2366 2458 2407 sumus
2482 2352 2851 2410 defensionem
2883 2397 2899 2421 ,
2928 2369 2958 2408 a
2988 2356 3182 2426 quibus
3212 2356 3413 2426 majora
3442 2358 3562 2412 exi-

1958 2454 2176 2516 guntur,
2206 2457 2259 2502 et
2287 2462 2395 2502 non
2417 2448 2592 2503 solum
2626 2446 2742 2503 lucc
2761 2450 2936 2504 lacere
2958 2450 3228 2519 juhcmnr,
3257 2449 3351 2504 sed
3379 2459 3434 2505 et
3464 2450 3563 2506 ini-

1959 2540 2129 2595 micos
2171 2540 2396 2611 diligere
2420 2582 2436 2606 ,
2466 2551 2519 2596 et
2548 2556 2644 2598 eos
2689 2540 2997 2599 demereri!
3025 2543 3153 2614 quid
3194 2542 3349 2609 ιΙίιο,
3375 2543 3563 2599 deme-

1958 2633 2063 2687 reri
2095 2630 2245 2704 (Luc.
2268 2633 2323 2688 6.
2356 2632 2492 2705 27)?
2525 2635 2632 2689 imo
2653 2633 2815 2690 etiam
2841 2649 2939 2705 pro
2966 2635 3096 2706 ipsis
3124 2636 3405 2691 Donninnm
3437 2651 3563 2707 pre-

1958 2726 2100 2789 cari,
2135 2734 2189 2780 et
2227 2740 2385 2781 orare
2412 2735 2468 2780 ut
2511 2726 2703 2781 salutis
2752 2726 2966 2782 illorum
3010 2742 3195 2783 curam
3231 2728 3423 2796 gerat?
3453 2728 3564 2785 lloc

1959 2817 2104 2871 enim
2137 2816 2293 2871 nobis
2327 2818 2665 2887 potissimum
2698 2817 2751 2872 itt
2800 2816 2892 2872 die
2920 2817 3012 2872 illo
3052 2818 3279 2874 terribili
3332 2818 3564 2889 patroci~

1961 2906 2194 2973 nahi'ur,
2226 2916 2282 2963 et
2314 2908 2612 2978 redemptio
2653 2910 2885 2963 maxima
2927 2911 3034 2964 erit
3084 2921 3423 2980 peccatorum
3466 2926 3563 2963 no-

1960 3010 2193 3053 strorum
2220 3040 2235 3059 ,
2268 2999 2312 3052 si
2362 3000 2441 3053 sic
2486 3000 2665 3054 allecti
2714 2998 2979 3056 fuerimus
3025 3000 3284 3055 adversus
3315 3000 3563 3056 inimicos

1962 3102 2195 3146 nostros.
2240 3090 2389 3145 Licet
2419 3091 2564 3147 enim
2594 3107 2845 3163 maguum
2904 3091 2978 3147 sit
3015 3101 3071 3147 et
3098 3091 3322 3145 arduum
3362 3106 3562 3161 pra-cc-

1960 3194 2109 3255 ptum
2134 3226 2150 3249 ,
2180 3185 2225 3240 si
2257 3194 2433 3240 tamen
2461 3186 2741 3255 praemium
2771 3186 2976 3256 cogites
3004 3185 3299 3256 repositum
3343 3196 3563 3240 strenuo

1962 3277 2013 3331 id
2057 3276 2512 3347 exsequentibus,
2543 3273 2679 3331 nihil
2730 3277 2953 3331 omnino
2996 3276 3297 3339 videbitur,
3344 3278 3557 3331 etiamsi

1958 3370 2117 3425 valde
2131 3369 2354 3425 arduum
2373 3370 2461 3423 sit.
2474 3368 2754 3435 Quodnam
2773 3366 2975 3424 esthoc
2988 3370 3012 3424 '!
3026 3367 3087 3424 Si
3102 3372 3196 3422 hoc
3207 3368 3446 3438 (extritis,
3466 3368 3562 3433 ait,

1958 3465 2149 3519 similes
2175 3464 2315 3518 eritis
2344 3462 2494 3518 Patri
2519 3473 2680 3517 oestro
2701 3503 2717 3528 ,
2759 3463 2849 3533 qui
2891 3463 2944 3516 iu
2972 3463 3112 3516 aclis
3156 3472 3227 3515 est
3256 3460 3473 3531 (Matth.
3504 3460 3561 3515 5.

1958 3554 2053 3623 45)
2105 3553 2173 3608 Et
2218 3564 2274 3607 ttt
2307 3555 2639 3607 manifestius
2680 3551 2824 3607 hunc
2853 3567 3159 3607 sermonem
3193 3552 3349 3606 nobis
3377 3551 3563 3607 decla-

1959 3654 2042 3699 ret
2060 3684 2077 3710 ,
2099 3643 2337 3700 subdidit
2364 3687 2379 3708 .
2411 3645 2543 3712 Quia
2564 3643 2723 3698 solent
2750 3661 2899 3699 suum
2924 3644 3046 3699 oriri
3073 3646 3195 3715 facit
3226 3662 3379 3716 super
3401 3645 3564 3699 malos

1958 3747 2006 3790 et
2058 3736 2250 3802 bonos,
2294 3745 2339 3790 et
2386 3737 2514 3807 pluit
2563 3753 2715 3808 super
2757 3736 2919 3803 iustos
2962 3746 3009 3789 et
3048 3736 3287 3808 injustas.
3333 3734 3564 3791 lutitaris

1956 3828 2124 3895 enim,
2155 3830 2347 3898 inquit,
2379 3845 2474 3897 pro
2519 3830 2769 3884 humanis
2795 3829 2999 3883 viribus
3044 3829 3231 3884 Deum.
3263 3828 3393 3883 Nam
3424 3830 3564 3883 sit-ut

1958 3920 2050 3975 ille
2098 3936 2204 3974 non
2232 3920 2409 3974 solum
2435 3921 2595 3989 justis
2619 3960 2636 3985 ,
2676 3919 2771 3975 sed
2794 3929 2846 3975 ct
2869 3918 2936 3975 iis
2962 3920 3051 3989 qui
3082 3920 3219 3973 mala
3265 3930 3561 3989 operantur

1956 4013 2125 4068 solem
2157 4013 2287 4067 oriri
2342 4011 2499 4075 facit,
2529 4020 2580 4067 et
2610 4011 2841 4082 plutiam
2880 4020 2935 4066 et
2982 4012 3180 4066 imbres
3220 4026 3430 4066 attunos
3453 4028 3559 4065 non

1960 4106 2114 4161 bonis
2156 4106 2331 4162 solum
2369 4106 2705 4174 suppeditat,
2734 4105 2828 4160 sed
2856 4113 2911 4159 et
2940 4104 3201 4173 improbis
3234 4124 3247 4160 :
3276 4105 3353 4159 sic
3380 4116 3431 4159 ct
3464 4115 3517 4159 ιιι
3542 4144 3559 4170 ,

1956 4200 1999 4254 si
2033 4215 2139 4253 non
2171 4200 2344 4253 solum
2372 4198 2657 4268 diligentes
2684 4198 2947 4268 tediligis,
2971 4196 3064 4251 sed
3092 4199 3163 4252 eti
3186 4215 3253 4251 .m
3284 4198 3553 4262 inimicos,

1960 4308 2055 4356 pro
2085 4292 2220 4345 virili
2263 4291 2546 4345 Dominum
2581 4301 2727 4344 tmtm
2770 4290 3019 4345 imitaris.
3058 4290 3243 4343 Vidisti
3288 4290 3558 4359 quomodo

1958 4386 2009 4437 in
2061 4399 2373 4452 Suprcmum
2408 4384 2620 4437 culmen
2653 4383 2984 4437 cduxiteum
3032 4385 3119 4455 qui
3166 4383 3301 4435 hanc
3343 4383 3556 4451 operati

1956 4477 2097 4529 Valet
2144 4475 2441 4529 virtutem?
2469 4474 2851 4529 Verumtamen
2896 4488 2966 4529 ne
3010 4473 3379 4528 difﬁcultatem
3424 4475 3499 4529 rei
3539 4476 3554 4507 ¹

1953 4572 2127 4625 solum
2184 4571 2668 4641 cogites,dilccte.
2703 4568 2797 4623 sed
2854 4569 3000 4637 prius
3051 4579 3280 4638 supputa
3338 4578 3554 4630 tecum.

1954 4673 2154 4735 quanto
2202 4664 2409 4718 honore
2448 4665 2749 4734 dignaudus
2793 4662 2911 4718 sis:
2945 4670 3000 4716 et
3028 4660 3143 4715 luce
3196 4660 3415 4715 honoris
3458 4677 3555 4715 oc-

1953 4758 2100 4813 casio
2132 4758 2249 4812 leve
2300 4758 2394 4811 tibi
2446 4756 2605 4810 faciat
2630 4754 2888 4826 quidquid
2925 4769 3092 4823 grave
3138 4763 3221 4808 cst
3250 4763 3305 4808 et
3351 4768 3553 4809 onero-

1953 4866 2095 4905 smn.
2122 4852 2315 4904 Annon
2364 4863 2458 4917 pro
2486 4846 2747 4901 benciicio
2789 4844 3131 4908 habendum,
3159 4844 3303 4914 quod
3340 4844 3556 4899 occasio

1954 4943 2046 4995 tibi
2076 4942 2379 5012 prrebcatur
2395 4938 2522 4993 dum
2570 4938 2787 4992 inimico
2817 4936 3089 4991 benefacis
3110 4978 3125 5000 ,
3157 4946 3212 4989 ιιι
3242 4935 3556 5005 aperiantur

1955 5036 2046 5089 tibi
2071 5036 2249 5103 janua:
2290 5031 2499 5086 ﬁducia:
2531 5029 2779 5086 veniendi
2823 5028 2887 5083 ad
2925 5029 3128 5095 Deum,
3160 5038 3233 5083 υια
3257 5027 3551 5082 redimendi

1956 5136 2170 5197 precata
2223 5126 2356 5179 tua?
2390 5126 2457 5180 At
2487 5125 2625 5179 forte
2656 5123 2929 5178 inimicum
2978 5121 3159 5175 ulcisci
3184 5130 3281 5186 ,Act
3308 5135 3432 5175 eum
3458 5119 3549 5188 qui

1955 5219 2108 5272 malis
2153 5227 2204 5271 te
2229 5216 2396 5271 allicit
2434 5216 2651 5285 paribus
2680 5215 2761 5269 vel
2807 5214 3100 5281 majoribus
3146 5214 3299 5281 plecti
3335 5210 3451 5266 vis?
3485 5208 3552 5265 Et

1953 5309 2077 5379 quid
2112 5308 2234 5362 inde
2262 5307 2553 5372 commodi,
2582 5322 2705 5361 cum
2738 5321 2911 5375 neque
2944 5314 2997 5359 ιιι
3019 5304 3217 5375 aliquid
3249 5304 3371 5358 inde
3400 5302 3550 5359 utili-

1954 5404 2080 5458 tatis
2110 5401 2390 5457 habiturus
2434 5401 2509 5455 sis
2534 5441 2547 5465 ,
2570 5399 2663 5454 sed
2696 5412 2910 5469 propter
2935 5400 3034 5453 hoc
3082 5401 3157 5453 sis
3183 5412 3372 5469 poenas
3396 5396 3555 5453 datu-

1957 5511 2045 5551 rus
2099 5495 2239 5564 apud
2295 5491 2627 5549 horrendum
2668 5492 2796 5547 illud
2845 5490 3107 5555 trihun:d,
3154 5498 3213 5544 ut
3264 5484 3355 5560 qui
3404 5489 3553 5557 leges

1955 5588 2085 5642 tanti
2119 5587 2313 5656 iudicis
2340 5585 2710 5641 obliteraveris
2735 5594 2789 5639 ct
2819 5581 3145 5653 infregeris?
3176 5580 3272 5636 Dic
3292 5623 3306 5649 ,
3335 5593 3435 5636 oro
3456 5619 3472 5646 ,
3504 5582 3553 5637 si

2024 5749 2036 5780 ¹
2073 5748 2143 5796 sic
2167 5744 2272 5795 fere
2296 5758 2483 5795 omnes.
2515 5742 2612 5802 Alii,
2638 5740 2870 5799 mzmduti,
2898 5754 3001 5804 Iro,
3027 5742 3119 5790 rei.
