4038 6378
507 316 574 371 6⁵1
1207 315 1265 371 5.
1305 315 1582 372 JOANNIS
1620 316 2095 375 CllllYSOSTOMI
2137 317 2457 378 AllClllEP.
2496 319 3036 379 CONSTANTINOP.
3723 317 3794 375 48

505 463 597 505 rex
628 448 820 520 aliquis
861 458 1106 506 terrenus
1153 449 1323 521 legem
1366 451 1661 519 pOSlliSSCI,
1697 463 1754 507 nt
1780 454 1860 509 vel
1907 453 2086 507 inimi-

506 557 691 597 corum
717 554 1023 598 nostrorum
1052 556 1234 598 curam
1277 558 1524 612 geramus
1548 583 1565 609 ,
1592 545 1672 598 vel
1703 555 1875 599 morte
1903 545 2089 608 punia-

504 649 646 702 mur,
678 649 856 689 annon
907 643 1048 690 metu
1095 635 1281 689 mortis
1308 637 1602 705 corporalis
1627 651 1815 691 attines
1839 652 2087 692 accurre-

503 737 624 781 rent
650 727 717 781 ad
747 726 1068 797 implendam
1096 727 1293 798 legem?
1315 727 1523 796 Quanta
1547 730 1705 800 igitur
1719 731 2090 786 criminatione

503 818 696 889 dignus
727 819 882 874 inerit
909 818 955 874 is
975 860 991 884 ,
1020 819 1111 890 qui
1139 818 1210 874 ob
1257 822 1588 891 corporalem
1637 831 1862 877 mortem
1891 865 1904 885 .
1930 837 2088 892 quam

504 910 703 980 alioqui
735 921 935 965 natura;
962 913 1257 968 necessitas
1281 912 1485 978 all'eret,
1515 914 1693 968 omnia
1714 914 1965 984 amplecti
1989 929 2086 984 pa-

504 1009 672 1064 ratus,
692 1003 958 1070 proposita
988 1013 1166 1058 autem
1197 1018 1351 1073 paena
1376 1004 1561 1058 mortis
1581 1043 1597 1068 ,
1629 1017 1749 1073 qua:
1779 1003 1976 1057 nullam
2005 1005 2089 1057 in-

502 1090 709 1142 venerit
750 1091 1208 1155 consolationem,
1245 1092 1419 1146 minus
1464 1101 1613 1147 curat
1662 1093 1831 1161 legem
1859 1092 1926 1147 ab
1974 1094 2088 1146 uni.

503 1193 782 1234 versarunt
812 1181 1033 1236 Domino
1061 1181 1264 1236 latam?

571 1267 625 1325 8.
653 1269 761 1325 Sed
789 1270 892 1325 mei
931 1270 1128 1327 oblitus
1164 1285 1285 1326 sum
1314 1314 1329 1337 ,
1355 1272 1480 1327 dum
1505 1273 1619 1328 hsce
1647 1272 1835 1344 loquor
1868 1273 1929 1327 iis
1951 1316 1966 1339 ,
1997 1275 2086 1345 qui

500 1373 601 1414 nec
641 1358 1093 1418 benefacientihus
1133 1378 1315 1432 parem
1349 1365 1571 1434 gratiam
1618 1364 1935 1433 rependunt.
1961 1364 2088 1433 Quis

501 1448 662 1519 igizur
683 1449 905 1520 posthac
926 1469 957 1508 e
979 1454 1245 1523 supplicio
1266 1453 1358 1508 illo
1382 1470 1478 1508 nos
1509 1453 1720 1523 eripiet,
1745 1456 1957 1524 quando
1982 1472 2085 1509 non

490 1541 673 1595 solum
694 1542 762 1597 ab
783 1541 884 1598 hoc
913 1545 1165 1600 mandato
1189 1546 1343 1616 longe
1382 1545 1642 1600 distamus
1663 1586 1676 1606 ,
1705 1545 1798 1599 sed
1826 1561 1995 1615 neque
2024 1563 2085 1600 ea

499 1631 723 1687 facimus
773 1649 892 1704 qua:
940 1636 1247 1704 publicani?
1301 1634 1362 1690 Si
1404 1637 1538 1689 enim
1579 1635 1789 1704 diligitis
1828 1637 2087 1706 diligentes

500 1738 621 1788 nos,
643 1723 718 1777 ait
743 1764 758 1786 ,
790 1725 912 1793 quid
955 1727 1125 1796 magni
1153 1726 1363 1795 facitis!
1404 1743 1570 1780 nonne
1596 1736 1641 1780 et
1688 1727 1945 1798 publicani
1993 1729 2089 1781 Iu'c

499 1815 633 1869 idem
661 1817 855 1886 [eiciunt
885 1817 1095 1891 (Matth.
1119 1819 1173 1874 5.
1215 1819 1354 1888 £6)?
1401 1817 1534 1874 Cum
1572 1819 1730 1889 igitur
1774 1836 1945 1888 neque
1990 1822 2090 1873 hoc

501 1919 538 1957 a
561 1920 595 1958 n
619 1905 714 1961 ibis
747 1908 864 1972 liat,
895 1923 1013 1977 qua:
1054 1910 1242 1963 salutis
1285 1919 1481 1964 nostra:
1523 1909 1687 1980 spes?
1732 1911 1855 1965 Ideo
1885 1927 1996 1975 oro,
2025 1926 2091 1966 ne

501 1996 1136 2056 simusimnu’sericordes
1153 2000 1192 2064 ¹,
1207 1999 1299 2054 sed
1323 2011 1535 2055 nostras
1550 2002 1898 2070 cegitationes
1917 2003 2090 2057 dome-

506 2102 627 2143 mus
649 2127 664 2152 ,
693 2099 747 2144 et
768 2091 992 2160 primum
1017 2089 1228 2157 quidem
1254 2089 1372 2145 disc
1405 2106 1524 2145 mus
1544 2091 1756 2146 vincere
1783 2108 1818 2162 p
1848 2093 2088 2147 oxiunm

499 2178 831 2245 caritate,et
855 2180 1146 2235 secutidum
1178 2180 1392 2236 beatum
1420 2180 1751 2252 apostolum,
1793 2184 1952 2237 alium
1977 2184 2091 2239 sin-

499 2268 608 2336 guli
639 2283 699 2324 se
738 2269 939 2327 honore
969 2272 1394 2341 pra-stantiorcm
1437 2275 1757 2329 arbitrantes
1781 2272 2001 2347 (Philip.
2031 2275 2086 2329 2.

504 2359 586 2426 5),
619 2360 670 2413 in
694 2359 797 2416 hoc
825 2361 962 2416 vinci
992 2378 1097 2418 non
1126 2363 1378 2430 feramus,
1408 2364 1502 2418 sed
1530 2365 1804 2419 vincamus
1842 2373 1894 2419 et
1934 2381 2091 2435 snpe-

495 2464 708 2516 remus,
732 2452 825 2508 sed
843 2462 894 2509 et
917 2453 1171 2522 majorem
1198 2464 1250 2509 et
1267 2448 1642 2509 ferventiorcm
1665 2470 1787 2525 erga
1810 2455 2091 2526 diligentes

504 2544 749 2602 allectum
778 2546 1225 2604 demonstremus.
1257 2547 1368 2603 Hoc
1417 2547 1558 2603 cnim
1591 2548 1822 2603 maxime
1852 2547 2089 2602 omnium

500 2637 667 2691 vitam
699 2646 934 2693 nostram
961 2639 1200 2694 continet
1223 2648 1278 2694 et
1300 2646 1618 2705 conservat,
1649 2648 1704 2694 et
1733 2639 1833 2693 hoc
1859 2653 1890 2692 a
1920 2638 2090 2693 brutis

503 2726 739 2800 ferisque
785 2730 1045 2786 distamus
1068 2773 1083 2796 ,
1105 2731 1246 2801 quod
1297 2735 1562 2802 possimus
1581 2772 1599 2799 ,
1648 2733 1693 2787 si
1724 2733 2050 2789 voluerimus
2075 2773 2089 2798 ,

508 2829 889 2890 congruentem
917 2821 1072 2877 nobis
1099 2835 1420 2878 conservare
1444 2822 1690 2878 ordinem
1713 2863 1728 2888 ,
1756 2831 1810 2878 et
1848 2837 2091 2892 magnam

505 2924 631 2964 cum
663 2911 919 2979 proximis
943 2911 1280 2966 concordiam
1301 2911 1557 2968 exhibere
1581 2929 1595 2964 :
1627 2911 1820 2967 deinde
1850 2926 1977 2967 vero
2003 2927 2094 2966 co-

505 3001 818 3070 gitatZonem
860 3011 1095 3057 nostram
1140 3017 1422 3067 coercere,
1465 3018 1526 3057 ac
1553 3003 1906 3057 truculentam
1951 3002 2092 3056 illam

511 3094 675 3146 trram
705 3134 718 3154 ,
754 3093 883 3146 iram
912 3093 1065 3159 dico,
1103 3093 1376 3148 lancinare
1402 3134 1416 3157 ,
1444 3108 1506 3148 ac
1537 3092 1796 3147 tremendi
1826 3092 1968 3148 illius
1998 3093 2091 3146 tri-

513 3181 722 3236 bunalis
750 3182 1024 3236 horrorem
1052 3183 1148 3252 ipsi
1175 3193 1581 3253 repraesentare,
1608 3182 1855 3253 illamque
1879 3182 2096 3250 docere,

515 3273 560 3325 si
589 3272 778 3327 adduci
813 3274 982 3343 possit
1008 3283 1062 3328 ut
1091 3274 1319 3328 inimicis
1346 3275 1719 3328 reconcilietur
1738 3317 1751 3338 ,
1782 3273 1895 3329 fore
1919 3283 1977 3327 ut
2005 3273 2103 3327 bo-

517 3363 601 3416 nis
631 3362 934 3432 ingentibus
963 3364 1284 3429 cmnulelur;
1316 3365 1399 3418 sin
1440 3372 1618 3418 autem
1661 3365 1711 3417 in
1757 3363 2100 3418 contentione

515 3463 821 3518 perseveret
841 3494 854 3512 ,
873 3454 1021 3521 gravi
1052 3453 1313 3524 supplicio
1345 3453 1611 3523 puniatur.
1646 3453 1828 3523 Neque
1851 3455 1993 3509 enim
2017 3463 2097 3507 te-

518 3556 666 3597 mere
691 3553 742 3597 et
768 3543 1027 3597 inutiliter
1056 3552 1266 3612 tempus
1287 3544 1592 3613 expendere
1619 3558 1717 3598 nos
1745 3552 1974 3613 oportet,
2005 3543 2100 3598 sed

514 3633 736 3702 singulis
762 3634 949 3689 diebus
978 3644 1031 3689 et
1083 3635 1228 3690 horis
1261 3644 1386 3691 ante
1425 3636 1615 3693 oculos
1645 3645 1856 3690 nostros
1903 3651 2099 3706 prepo-

520 3737 651 3778 nere
683 3723 892 3778 Domini
925 3724 1223 3794 judicium;
1255 3735 1308 3780 et
1330 3741 1447 3797 quae
1473 3727 1582 3780 sint
1624 3741 1685 3780 ea
1713 3741 1833 3796 qua:
1857 3740 2101 3796 magnam

521 3816 674 3868 nobis
705 3816 946 3870 tiduriam
968 3816 1158 3872 alTerre
1183 3825 1396 3887 queant,
1421 3832 1664 3887 quasnam
1692 3817 1816 3871 item
1841 3832 1961 3887 quae
1989 3833 2102 3887 pm-

525 3919 644 3956 nam
674 3903 920 3959 inferant.
952 3907 1121 3976 Atque
1144 3906 1256 3962 ha‘e
1301 3909 1369 3960 ita
1400 3917 1673 3962 versantes
1702 3907 1755 3961 in
1796 3912 1992 3962 nostris
2017 3924 2107 3963 co-

511 3995 867 4063 gitationibus
892 4037 907 4063 ,
935 4012 1246 4065 superemus
1273 3997 1495 4052 allectus
1513 4035 1531 4063 ,
1557 4011 1965 4067 compcscamus
1985 4013 2105 4053 car-

525 4085 608 4138 nis
629 4086 893 4152 lascivias,
913 4095 966 4141 ct
990 4089 1391 4153 mortilicemus,
1414 4088 1706 4143 secundum
1735 4088 1948 4144 beatum
1973 4090 2104 4143 Pau-

526 4177 656 4241 lum,
689 4176 914 4231 Membra
958 4187 1126 4233 nostra
1152 4194 1264 4249 quia
1291 4188 1407 4232 sunt
1450 4194 1601 4249 super
1628 4189 1813 4234 terram
1836 4221 1851 4245 ,
1880 4182 2105 4250 fornica-

526 4270 710 4322 tionem
740 4309 756 4334 ,
817 4269 1189 4322 immunditiam
1218 4308 1236 4336 ,
1291 4269 1591 4335 mollitiem,
1652 4272 2108 4340 concupiscentiam

517 4360 711 4412 malum
738 4358 913 4427 (Colax
936 4380 1072 4418 sena.
1089 4363 1140 4416 5.
1166 4360 1240 4426 5),
1276 4360 1509 4416 furorem
1535 4402 1559 4428 ,
1579 4361 1847 4414 avaritiam
1867 4403 1882 4426 ,
1915 4376 2105 4415 vanam

514 4451 765 4517 gloriam,
782 4451 1299 4520 invidentiamQuod
1315 4454 1358 4508 si
1378 4453 1460 4508 his
1473 4453 1838 4508 aﬂ'ectionibus
1853 4469 1950 4508 nos
1962 4472 2108 4508 mur-

515 4557 645 4598 suos
676 4543 1084 4612 reddiderimus,
1121 4547 1190 4600 ita
1236 4557 1292 4601 ut
1337 4547 1387 4600 in
1419 4546 1574 4600 nobis
1613 4547 1742 4601 nihil
1769 4549 1974 4616 operari
2015 4563 2103 4601 va-

526 4633 685 4698 leant,
705 4637 993 4703 poterimus
1010 4639 1250 4706 accipere
1266 4638 1464 4692 fruetus
1479 4636 1822 4709 Spiritus,qui
1839 4647 1961 4692 sunt
1975 4640 2112 4694 Cari-

527 4735 625 4793 tas,
648 4726 909 4795 gaudium,
929 4745 1050 4795 pax,
1074 4729 1447 4798 longanimitas,
1471 4729 1768 4800 benignitas,
1799 4729 2014 4793 bonitas,
2047 4733 2114 4796 ﬁ-

512 4817 635 4879 ta’es,
653 4820 1000 4874 mansuetudo.
1018 4821 1318 4874 continentia
1336 4823 1351 4890 (
1363 4820 1478 4875 Gal.
1498 4822 1548 4876 5.
1565 4821 1682 4891 22).
1701 4821 1814 4877 Hoc
1827 4820 2113 4877 Christiani

519 4906 597 4961 ab
625 4908 821 4964 infideli
853 4909 1134 4984 discrimen
1178 4911 1244 4964 sit
1281 4929 1293 4963 :
1325 4911 1407 4966 bis
1448 4912 1734 4982 signaculis
1775 4911 2111 4967 internosca-

520 5013 670 5062 snnr,
705 5013 769 5051 ne
791 4999 900 5052 sola
930 5000 1284 5070 appellatione
1308 5016 1585 5066 ornemur,
1611 5017 1781 5073 neque
1808 5002 1989 5057 habitu
2020 5019 2115 5057 ex-

526 5097 687 5140 terno
728 5087 970 5143 inllemur
1002 5101 1058 5145 et
1083 5092 1460 5161 superbiamus
1484 5134 1497 5154 ,
1529 5093 1635 5146 imo
1662 5093 1785 5147 licet
1811 5093 2113 5162 possidere-

520 5192 652 5231 snus
680 5180 854 5232 omnia
880 5220 896 5245 ,
925 5196 1041 5249 qua:
1087 5196 1228 5235 nunc
1266 5183 1612 5248 enumeravi,
1647 5197 1714 5238 ne
1744 5183 2114 5252 superbiamus

527 5283 812 5338 umquam,
852 5269 958 5323 imo
1003 5273 1169 5340 magis
1222 5288 1317 5326 nos
1367 5273 1726 5328 humiliemns.
1775 5272 1941 5338 Nam,
1990 5276 2112 5325 Cum

534 5363 704 5416 omnia
734 5363 967 5431 feceritis,
1001 5363 1093 5429 ait,
1125 5364 1276 5418 dirile
1309 5381 1324 5418 :
1352 5365 1499 5421 Servi
1526 5365 1733 5421 inutiles
1756 5382 1930 5420 smnus
1961 5365 2114 5438 (Luc.

534 5454 623 5507 {7.
659 5446 749 5521 10)
801 5453 853 5509 Si
883 5455 952 5510 ita
975 5455 1186 5510 solliciti
1211 5465 1445 5510 nostram
1472 5459 1691 5512 salutem
1725 5456 2111 5522 curaverimus,

599 5611 611 5639 θ
647 5607 732 5673 ttie
753 5605 953 5675 multum
975 5610 1158 5675 variant
1175 5609 1488 5675 exemplaria.
1509 5610 1644 5659 Savil.
1670 5620 1717 5659 el
1739 5608 1951 5658 Culliert.
1976 5623 2114 5675 unus,

536 5679 591 5713 ne
615 5670 759 5714 simtu
787 5670 940 5730 iouini
963 5670 1093 5718 cirth
1116 5673 1484 5721 observatiottmn
1507 5683 1856 5720 nmn.tn!o:‘ttm.
1907 5681 1946 5716 t.
1970 5672 2073 5718 istm
2099 5709 2110 5729 ,

535 5741 590 5778 ut:
607 5729 872 5797 put-ligantis
888 5731 1036 5782 simus
1055 5732 1247 5783 sintitcs.
1269 5732 1447 5795 \torcl.,
1461 5746 1516 5784 nc
1536 5736 1682 5784 simus
1701 5733 1831 5784 immi
1845 5734 2114 5784 .t'z'it'ci'dcs.

2207 436 2501 504 poterimus
2523 445 2578 491 et
2602 435 2756 490 nobis
2782 436 2911 505 ipsis
2947 433 3202 505 prodesse
3234 435 3541 506 plurimum,
3567 445 3618 492 et
3647 453 3679 491 a
3712 436 3789 492 lu-

2205 536 2321 580 taro
2345 528 2604 597 supplicio
2631 527 2762 598 eripi
2787 567 2803 592 ,
2826 537 2882 582 et
2905 527 2970 581 iis
3003 528 3092 598 qui
3122 542 3222 582 nos
3249 527 3514 593 viderint,
3545 529 3790 598 magistri

2199 633 2318 673 essi-
2358 634 2535 674 rerum
2570 619 2776 674 utilium
2809 637 2822 672 :
2853 629 2910 674 ut
2953 619 3242 690 diligenter
3270 629 3456 675 exacta
3509 620 3609 675 hae
3633 622 3746 675 vita
3774 663 3786 686 ,

2197 721 2547 777 assequamur
2572 723 2714 775 eam,
2743 724 2862 779 quae
2893 709 2945 763 in
2969 708 3149 764 futuro
3178 710 3376 765 sa‘culo
3397 712 3520 778 erit,
3543 711 3787 781 benigni-

2199 805 2386 866 tatem,
2413 816 2570 870 qnam
2587 800 2739 857 nobis
2763 801 3012 856 omnibus
3034 800 3294 858 concedat
3308 803 3474 872 gratia
3501 811 3557 859 et
3576 804 3788 857 miseri-

2197 891 2379 946 cordia
2405 893 2612 948 Domini
2640 894 2808 949 nostri
2832 893 2956 948 Jesu
2983 892 3204 960 Christi,
3226 907 3349 948 cum
3369 909 3479 964 quo
3507 894 3649 948 Patri
3666 895 3789 964 glo-

2199 983 2297 1048 ria,
2327 984 2629 1053 imperium,
2655 984 2828 1040 honor
2845 985 2898 1040 in
2928 986 3121 1041 sa‘cula
3138 986 3478 1044 steculorum.
3497 989 3666 1042 Amen
3686 988 3789 1056 (α).

2763 1094 3042 1151 IIOMILIA
3085 1095 3151 1151 γ.

2201 1220 2264 1274 Et
2300 1221 2425 1275 dixit
2456 1220 2499 1274 ι)
2531 1239 2589 1277 us
2621 1241 2634 1276 :
2663 1221 3031 1292 Congregctur
3065 1235 3200 1292 aqua
3228 1238 3350 1293 qum
3380 1222 3483 1278 sub
3505 1223 3639 1278 cado
3666 1233 3750 1277 est
3777 1263 3794 1288 ,

2199 1312 2248 1366 in
2274 1314 2735 1383 congregationem
2755 1330 2804 1368 tn
2825 1328 2931 1378 am,
2955 1322 3009 1368 et
3025 1323 3276 1383 appareat
3293 1312 3437 1367 arida
3460 1311 3616 1384 (Gen.
3643 1315 3692 1368 ι.
3715 1316 3797 1380 9),

2272 1444 2320 1496 Ι.
2347 1442 2613 1512 Scriptura
2635 1445 2941 1514 anrifodtnis
2967 1454 3314 1513 comparatur.
3337 1471 3408 1485 —-
3428 1444 3539 1514 Age
3558 1452 3613 1497 ct
3635 1443 3796 1497 hodie

2195 1549 2260 1589 ex
2291 1534 2431 1589 beati
2460 1535 2667 1591 Moseos
2699 1538 2880 1591 verbis
2901 1537 3204 1592 convivium
3237 1537 3561 1591 instruamus
3600 1547 3796 1591 vestra:

2195 1627 2437 1691 caritati,
2467 1637 2522 1681 et
2545 1642 2664 1695 qua:
2699 1644 2726 1680 a
2760 1627 2989 1682 Domino
3021 1627 3110 1682 die
3143 1628 3301 1682 tertio
3328 1627 3464 1682 facta
3493 1628 3600 1681 sint
3621 1667 3638 1692 ,
3669 1627 3797 1680 dili-

2195 1725 2383 1785 genter
2396 1715 2818 1770 consideremus.
2843 1715 2973 1770 Nam
2999 1716 3044 1771 si
3073 1716 3105 1770 ii
3122 1716 3282 1787 quiin
3300 1714 3621 1772 auril‘odinis
3643 1716 3797 1770 Iaho-

2197 1816 2311 1860 rant
2340 1804 2413 1879 (b)
2435 1849 2450 1873 ,
2477 1807 2564 1862 ubi
2597 1822 2758 1862 vrnas
2782 1808 3039 1876 quasdam
3072 1817 3311 1864 ramenta
3342 1823 3452 1878 pra:
3481 1824 3542 1864 se
3560 1807 3799 1863 ferentes

2195 1898 2488 1968 conspicati
2531 1899 2718 1954 tulerint
2747 1942 2760 1962 ,
2793 1916 2822 1953 τι
2858 1900 3111 1954 fodiendo
3141 1915 3246 1956 non
3277 1901 3582 1969 desistunt,
3626 1903 3799 1956 donec

2196 2004 2316 2060 qua:
2332 1990 2546 2046 obstant
2560 1992 2878 2058 amoverim,
2899 2001 2953 2046 et
2972 1993 3023 2045 in
3047 1990 3366 2061 profundum
3383 1993 3798 2054 descendentis.

2197 2095 2327 2151 opes
2349 2081 2472 2136 inde
2497 2097 2715 2152 magnas
2749 2083 3086 2153 perceperint
3112 2100 3126 2136 :
3155 2083 3324 2138 multo
3363 2084 3532 2153 magis
3567 2099 3667 2137 nos
3691 2100 3798 2137 non

2196 2171 2310 2225 auri
2329 2181 2565 2227 ramenta
2583 2173 2929 2244 inquirentes,
2949 2172 3044 2229 sed
3063 2173 3467 2228 inenarrabilem
3486 2175 3798 2229 thesaurum

2198 2265 2510 2320 inventuros
2530 2276 2829 2336 sperantes,
2849 2266 3006 2321 decet
3027 2265 3263 2336 quotidie
3287 2265 3434 2320 illum
3453 2266 3799 2336 investigare,

2207 2368 2265 2411 ut
2295 2359 2472 2412 multis
2503 2359 2864 2429 Spiritualihus
2888 2358 3089 2413 divitiis
3123 2355 3247 2413 inde
3273 2357 3538 2422 collectis,
3578 2357 3800 2412 domum

2201 2449 2502 2502 redeamus.
2521 2448 2650 2502 Nam
2672 2449 2777 2504 illic
2803 2448 3016 2519 quidem
3034 2449 3234 2504 divitiae
3259 2448 3543 2504 sensibiles
3568 2448 3804 2502 dominis

2196 2539 2307 2592 suis
2339 2539 2646 2609 frequenter
2669 2539 2958 2594 multorum
2988 2538 3349 2610 periculorum
3375 2553 3536 2595 causa
3561 2537 3802 2601 ΐιιρηιιιι,

2200 2636 2255 2682 et
2295 2637 2419 2682 ante
2448 2628 2684 2702 pericula
2714 2629 2930 2685 brevem
2965 2630 3290 2699 voluptatem
3326 2628 3634 2699 prmbentes
3660 2628 3801 2692 illis,

2200 2719 2383 2773 statim
2428 2718 2709 2772 avolarunt
2732 2758 2748 2784 ,
2776 2717 2860 2774 vel
2888 2719 3235 2789 sycophantiis
3277 2717 3652 2773 insidiantibus
3673 2759 3687 2780 ,
3717 2717 3804 2771 vel

2201 2808 2422 2867 furibus.
2455 2809 2540 2864 vel
2571 2809 2867 2864 latronibus
2892 2808 3123 2880 parietes
3141 2808 3562 2879 rll‘ringcntibns,
3594 2810 3678 2863 vel
3706 2825 3808 2862 eu-

2201 2898 2448 2953 stodibus
2474 2897 2682 2953 famulis
2709 2898 3122 2968 surripientibus
3149 2939 3164 2962 ,
3202 2907 3257 2954 et
3287 2899 3405 2970 fuga
3444 2900 3805 2956 elabentibus.

2203 2991 2302 3046 llic
2345 3000 2523 3045 autem
2551 2990 2680 3045 nihil
2711 2991 2815 3046 tale
2855 2991 3111 3062 suspicari
3145 2991 3302 3046 l'cet:
3334 2991 3490 3061 diripi
3519 2993 3664 3046 enim
3690 2993 3807 3063 spi-

2207 3083 2417 3137 ritualis
2444 3083 2543 3138 iste
2570 3082 2850 3137 thesaurus
2894 3082 3105 3151 nequit,
3140 3091 3193 3135 et
3226 3081 3314 3136 ubi
3343 3081 3395 3135 in
3427 3084 3809 3151 pronqtnariis

2205 3174 2400 3229 mentis
2425 3182 2619 3228 nostra:
2650 3172 2966 3228 reconditus
3008 3171 3196 3236 fuerit,
3226 3172 3294 3227 ah
3323 3173 3572 3228 omnibus
3600 3173 3808 3228 insidiis

2205 3276 2286 3321 est
2316 3282 2535 3322 securus
2561 3281 2573 3318 :
2600 3265 2760 3320 modo
2807 3279 2912 3319 non
2959 3279 3056 3334 per
3084 3263 3352 3334 ignaviam
3391 3264 3568 3318 locum
3614 3264 3808 3320 demus

2208 3357 2256 3410 ei
2287 3357 2376 3425 qui
2424 3357 2573 3410 illum
2604 3355 2760 3410 nobis
2791 3355 3004 3410 auferre
3037 3356 3206 3425 cupit.
3238 3354 3676 3425 Quandoquidem
3705 3355 3808 3410 ini-

2208 3448 2377 3503 micus
2409 3456 2611 3512 noster,
2641 3448 2928 3517 malignus,
2955 3447 3172 3517 inquam
3196 3488 3211 3513 ,
3242 3447 3452 3503 dmmon
3471 3490 3484 3509 ,
3511 3462 3632 3502 cum
3665 3448 3812 3504 videt

2206 3541 2505 3609 quempiam
2555 3539 2859 3608 spirituales
2912 3538 3191 3608 collegisse
3245 3537 3456 3592 divitias
3487 3579 3504 3606 ,
3563 3537 3694 3592 furit
3749 3549 3808 3594 et

2206 3632 2452 3686 dentibus
2483 3628 2658 3685 fremit
2685 3670 2697 3691 ,
2727 3630 3056 3699 multumque
3097 3629 3312 3698 vigilat,
3343 3638 3400 3681 ut
3440 3637 3804 3697 opportunum

2210 3732 2417 3793 tempus
2444 3730 2655 3791 captet,
2685 3737 2792 3793 quo
2828 3722 2992 3776 furari
3023 3730 3184 3791 queat
3213 3721 3410 3792 aliquid
3449 3737 3513 3774 ex
3544 3722 3687 3775 intus
3717 3738 3809 3776 re-

2213 3813 2464 3868 conditis.
2492 3811 2706 3867 Nullum
2751 3821 2931 3866 autem
2953 3810 3298 3865 commodum
3331 3810 3404 3864 illi
3435 3819 3642 3879 tempus
3683 3823 3764 3866 est
3790 3853 3809 3877 ,

2213 3913 2565 3974 prmterquam
2595 3903 2720 3956 dum
2750 3902 2923 3972 ignavi
2953 3915 3138 3956 sumus
3172 3918 3185 3954 :
3221 3900 3340 3956 ideo
3369 3911 3621 3971 perpetua
3654 3902 3813 3956 initiis

2212 3996 2479 4066 vigilantia
2508 4010 2641 4063 opus
2676 4003 2759 4048 est
2798 3993 2863 4046 ad
2895 3992 3254 4047 excludendas
3278 3991 3417 4044 illius
3437 3990 3810 4046 incursiones.

2214 4087 2344 4143 Nam
2385 4100 2481 4141 eos
2521 4100 2659 4155 quos
2705 4084 2897 4138 viderit
2927 4081 3220 4136 admodum
3261 4081 3471 4135 sobrios
3496 4090 3552 4135 et
3580 4082 3769 4150 vigiles
3795 4125 3811 4147 ,

2212 4192 2334 4231 cum
2361 4175 2530 4230 semel
2555 4182 2716 4243 atque
2743 4173 2934 4226 iterum
2979 4185 3262 4241 aggressus
3285 4209 3301 4233 ,
3323 4170 3529 4224 irritum
3553 4183 3814 4225 conatum

2212 4267 2390 4331 videt,
2433 4265 2687 4335 relinquit
2728 4262 2944 4317 tandem
2976 4261 3182 4331 pudore
3221 4259 3478 4321 allectus,
3511 4275 3708 4330 gnarus
3752 4276 3816 4314 se

2218 4359 2346 4413 nihil
2377 4357 2638 4426 pronz'ere
2657 4396 2673 4422 ,
2704 4355 2748 4409 si
2781 4353 2834 4407 in
2862 4352 3103 4407 custodia
3131 4351 3540 4421 perstitrrimns.
3580 4350 3815 4407 l‘roinde

2214 4465 2333 4504 cum
2363 4449 2596 4502 sciamus
2628 4461 2721 4514 per
2753 4454 2917 4498 totam
2951 4443 3088 4498 hanc
3127 4443 3290 4496 vitam
3322 4443 3475 4496 nobis
3495 4445 3813 4497 certandum

2217 4534 2358 4600 esse;
2395 4541 2470 4592 Sit!
2496 4552 2595 4590 nos
2621 4550 2889 4589 armemus
2909 4574 2924 4598 ,
2955 4535 3104 4604 quasi
3134 4542 3451 4604 prmsentem
3478 4547 3691 4599 semper
3721 4539 3815 4587 La-

2219 4633 2434 4684 bramns
2462 4629 2754 4690 inimicum,
2785 4628 2870 4696 qui
2900 4626 3100 4696 absque
3122 4625 3518 4680 intermissione
3536 4625 3808 4692 observet,

2220 4737 2343 4773 mnu
2391 4720 2675 4787 aliquando
2721 4717 2799 4769 vel
2849 4732 3031 4785 pmrum
3084 4716 3475 4782 dormitantes,
3527 4716 3812 4770 insidiandi

2219 4813 2549 4867 occisionem
2576 4813 2623 4864 ei
2656 4811 3013 4881 prodit-amns.

2303 4905 2547 4958 l’iaticnm
2575 4905 2641 4956 ad
2664 4905 2816 4956 vitam
2846 4905 3074 4970 futuram
3101 4900 3243 4954 nobis
3279 4899 3674 4970 comparandum
3699 4910 3773 4954 est
3791 4941 3811 4966 ,

2267 5007 2339 5068 (τι)
2373 5006 2620 5058 Conclusio
2641 5006 2851 5057 homilize
2891 5009 2938 5055 in
2973 5013 3079 5069 Mss.
3108 5013 3159 5054 et
3181 5006 3322 5056 Savil.
3347 5009 3500 5058 variat
3523 5022 3609 5069 pro
3632 5023 3790 5060 more.

2202 5067 2499 5132 "meantem
2524 5071 2744 5132 apposite
2770 5076 2904 5132 notat
2937 5067 3173 5132 Savilins;
3217 5085 3240 5113 ι
3264 5069 3370 5132 Mira
3413 5079 3490 5118 est
3516 5067 3698 5130 ubique
3738 5073 3789 5121 in

2202 5130 2432 5181 clausulis
2467 5129 2765 5180 honidiarum
2803 5129 3119 5178 inmnstantia
3160 5131 3205 5176 in
3231 5129 3375 5192 Codd.
3415 5136 3548 5188 ωδε..-
3576 5129 3794 5192 ideoque

2205 5207 2290 5242 eas
2314 5206 2409 5242 non
2433 5192 2590 5241 semel
2614 5204 2639 5238 a
2663 5192 2836 5240 scribis
2857 5193 3032 5251 potius,
3059 5203 3202 5252 quam
3243 5191 3305 5237 ab
3335 5194 3544 5242 auctoris
3581 5191 3794 5241 ceretuo

2205 5263 2374 5304 eualas
2396 5255 2556 5314 putavi
2585 5267 2594 5301 :
2624 5261 2677 5300 ut
2701 5266 2792 5300 non
2819 5253 2986 5301 insette
3010 5251 3121 5299 tmhi
3147 5251 3324 5314 fecisse
3350 5252 3600 5302 videantur
3631 5255 3793 5302 Vero-

2205 5331 2344 5365 nens.
2371 5310 2488 5362 tida.
2514 5315 2828 5374 thrysostomi
2857 5315 2902 5360 iu
2930 5315 3069 5374 Epist.
3087 5310 3305 5361 Pauliuas
3317 5320 3559 5372 auctores,
3581 5318 3662 5376 qui
3681 5328 3795 5365 cum

2207 5390 2407 5446 ventum
2435 5381 2592 5446 estad
2628 5379 2764 5446 illud,
2795 5380 2954 5443 grati:
2994 5389 3039 5429 et
3081 5380 3423 5446 misericordia
3447 5420 3458 5440 ,
3501 5387 3654 5446 χάριτι
3699 5390 3780 5435 καὶ

2215 5444 2544 5504 φιλανθρωπίᾳ,
2573 5441 2758 5501 reliqua
2785 5441 2870 5503 pro
2902 5446 3099 5491 letteris
3124 5444 3329 5493 arbitrio
3352 5441 3598 5508 explenda
3625 5452 3780 5496 reitn-

2205 5510 2383 5566 quuuL
2426 5518 2446 5550 ι

2269 5572 2337 5640 (b)
2374 5574 2487 5618 ttinc
2509 5573 2812 5640 desumptum
2839 5582 2911 5622 est
2940 5575 3122 5640 initium
3141 5576 3352 5624 ltelnilizr
3376 5576 3501 5625 illius
3522 5593 3632 5640 qu.e
3667 5582 3797 5632 inter

2206 5648 2242 5690 s;
2265 5636 2363 5680 uria
2398 5647 2439 5679 δ.
2486 5636 2630 5699 Allmtt
2651 5637 2714 5681 ull
2754 5652 2795 5692 υ,
2819 5641 2979 5681 ltS‘i‘l'l
3006 5638 3355 5692 en'rum‘m'tur,
3385 5648 3434 5687 et
3470 5636 3613 5699 quam
3639 5644 3797 5693 edidi-

2210 5710 2313 5766 Itttts
2348 5705 2478 5740 Ιυιιιι
2515 5695 2548 5741 Il
2591 5710 2638 5755 in
2661 5712 2796 5741 ιιιιιιη
2841 5701 2869 5740 λ
2901 5700 3078 5744 Ιι.1.ι.ιδίί
3124 5713 3166 5760 ι».
3203 5700 3304 5748 illi.
3338 5701 3441 5760 ljus
3470 5695 3654 5752 litlltum
3692 5716 3792 5766 est,

2215 5759 2330 5818 ιίστ.ιι;
2356 5771 2388 5805 εἰ
2412 5783 2470 5814 vv"
2496 5784 2640 5818 ιεηιτι·
2675 5785 2730 5818 ῃ.
2755 5784 2992 5816 gum-usto.
