4038 6374
238 450 305 505 ,9
1383 414 1446 470 IN
1483 410 1636 468 cae.
1681 410 1721 467 ι.
1762 408 2006 468 cenes.
2049 405 2282 465 noun.
2326 404 2392 464 v.
3465 414 3539 470 ω

213 560 584 611 exercitatione
609 561 851 603 virtutum
878 551 925 599 et
950 539 1160 598 assidua
1179 550 1499 611 peccatorum
1530 532 1811 605 confessio-

224 641 501 698 u.-;\on
519 637 667 694 vides
693 634 1015 708 pecuniosos
1030 631 1167 696 illos,
1189 644 1312 686 cum
1333 626 1563 683 hostium
1582 630 1826 679 metuunt

228 734 614 797 incursionem,
636 737 836 801 quanta
862 724 1069 783 scilicet
1090 738 1221 779 cura
1248 736 1336 777 res
1357 732 1482 774 suas
1501 712 1827 772 custodiant?

230 825 363 878 .‘iam
393 824 480 877 alii
507 820 647 877 seris
673 828 729 875 et
756 816 1031 889 repagulis
1053 814 1247 886 januas
1274 811 1538 872 muniunt,
1572 817 1628 861 nt
1653 820 1746 862 cas
1772 803 1825 859 in

228 929 346 971 toto
366 914 632 972 collucent
652 929 666 967 :
690 912 779 968 alii
805 912 859 967 in
882 919 1079 965 terram
1104 904 1459 969 abscondunt,
1489 902 1560 957 ita
1585 909 1637 955 ut
1668 912 1829 954 nemo

226 1009 369 1063 seire
396 1007 562 1078 possit
599 1005 687 1060 ubi
715 1004 941 1061 lateant.
971 1000 1170 1058 Eadem
1199 997 1475 1069 diligentia
1498 1004 1555 1053 et
1588 1008 1687 1050 nos
1712 994 1827 1046 col-

229 1099 428 1155 lectam
457 1098 713 1153 virtutum
738 1109 925 1167 gazam
947 1091 1221 1150 custodire
1247 1104 1343 1161 par
1361 1096 1463 1152 est,
1488 1096 1545 1143 et
1569 1100 1676 1141 non
1704 1092 1830 1137 ante

228 1190 476 1248 ninnium
503 1189 689 1245 oculos
736 1199 1041 1259 proponere
1064 1226 1081 1251 ,
1109 1181 1205 1239 sed
1242 1181 1297 1237 in
1326 1178 1591 1235 tutissimo
1634 1173 1831 1231 mentis

232 1285 601 1356 promptuario
628 1296 891 1353 reponere
914 1320 932 1345 ,
960 1289 1015 1334 et
1036 1291 1228 1334 omnes
1254 1288 1448 1346 rapere
1476 1270 1709 1326 volentis
1745 1268 1829 1321 in-

228 1376 401 1431 sidias
428 1374 747 1439 excludere,
778 1380 837 1427 ut
864 1386 985 1427 cum
1016 1384 1046 1423 a
1077 1366 1330 1440 praedone
1356 1373 1524 1421 tutam
1550 1376 1668 1417 eam
1712 1373 1834 1415 δον-ι

231 1466 541 1521 vavcrimus
564 1505 581 1532 ,
607 1465 677 1520 sit
702 1462 858 1518 nobis
886 1461 1133 1516 viaticum
1164 1457 1231 1513 ad
1262 1456 1491 1513 futuram
1516 1453 1680 1509 vitam
1708 1449 1834 1506 hinc

231 1556 609 1627 migrantibus.
654 1553 866 1610 Etenim
891 1552 1028 1607 sicut
1055 1549 1092 1605 ii
1118 1548 1209 1620 qui
1239 1547 1293 1603 in
1319 1554 1459 1603 terra
1485 1542 1656 1599 aliena
1685 1549 1831 1608 sunt,

229 1647 453 1719 quando
481 1649 533 1702 in
563 1646 790 1718 patriam
821 1658 974 1699 suam
1004 1642 1184 1700 redire
1217 1638 1440 1711 cupiunt
1464 1680 1479 1703 ,
1504 1636 1675 1692 multo
1700 1642 1836 1690 tem-

234 1755 371 1811 pore
416 1740 669 1812 paulatim
716 1737 934 1794 student
961 1744 1015 1792 et
1058 1742 1251 1791 curant
1295 1741 1501 1788 tantum
1547 1726 1839 1784 corradere

234 1832 413 1888 viatici
440 1874 457 1900 ,
501 1840 759 1903 quantum
802 1829 871 1885 ad
901 1829 1001 1885 vite
1044 1824 1431 1899 longitudinem
1470 1823 1552 1879 eis
1591 1820 1838 1878 sufficere

234 1935 405 1997 queat
428 1964 444 1991 ,
474 1933 531 1979 ut
562 1938 630 1979 ne
661 1922 867 1978 incuria
893 1919 1036 1977 fume
1077 1919 1285 1991 seipsos
1309 1915 1536 1989 perdant
1565 1932 1578 1971 :
1609 1916 1679 1970 ita
1705 1928 1837 1970 sane

234 2020 417 2074 lacere
457 2026 511 2072 et
550 2031 649 2071 nos
693 2023 949 2083 oportet,
988 2013 1110 2084 quia
1141 2010 1405 2083 peregrini
1444 2008 1532 2065 hic
1572 2023 1757 2064 sumus
1784 2014 1840 2063 et

231 2109 459 2165 advena:
486 2152 499 2172 .
545 2116 602 2162 ut
627 2106 1002 2178 provideamus
1027 2113 1075 2161 et
1124 2100 1643 2174 reponamusnobis
1682 2096 1841 2169 spiri-

232 2201 458 2256 tualium
489 2199 742 2253 virtutum
768 2197 958 2252 viatica
984 2213 1000 2251 :
1030 2204 1087 2249 ut
1106 2193 1320 2266 quando
1334 2191 1656 2266 pmceperit
1675 2190 1832 2246 nobis

234 2292 499 2349 Dominus
519 2291 571 2346 in
601 2300 837 2345 nostram
866 2287 1048 2345 redire
1076 2288 1322 2359 patriam,
1357 2284 1524 2357 parati
1564 2283 1755 2350 simus,
1784 2289 1842 2339 et

230 2383 340 2438 alia
362 2384 575 2454 quidem
597 2382 875 2438 uobiscum
899 2379 1204 2446 allevamus,
1237 2378 1340 2435 alia
1360 2386 1542 2434 autem
1564 2376 1675 2449 jam
1697 2389 1837 2448 prob

233 2473 402 2529 missa
433 2471 749 2528 habeamus.
782 2471 984 2527 [lorum
1006 2469 1149 2525 enim
1170 2468 1484 2524 viaticorum
1510 2466 1633 2523 talis
1653 2475 1841 2521 natura

232 2576 342 2630 est,
368 2575 429 2620 ut
456 2579 517 2621 ea
548 2579 667 2635 qua
695 2580 793 2635 per
821 2564 1084 2619 bonorum
1115 2560 1485 2629 operationem
1507 2558 1840 2615 voluerimus

232 2664 363 2712 ante
406 2670 506 2710 nos
553 2656 881 2726 promittere
905 2694 922 2722 ,
969 2668 1093 2709 cum
1141 2653 1268 2708 illuc
1309 2666 1410 2707 nos
1436 2650 1795 2722 prasvenerint
1820 2690 1839 2716 ,

230 2747 428 2816 ianuas
454 2746 608 2801 nobis
636 2745 881 2816 aperiant
925 2744 1133 2800 fiducia:
1160 2743 1227 2798 ad
1255 2743 1537 2799 Dominum
1565 2751 1621 2798 et
1650 2742 1852 2797 introi--

235 2847 350 2892 tmn
376 2836 608 2902 facilem,
636 2845 691 2891 et
718 2836 920 2906 absque
949 2849 1185 2907 pavore,
1210 2842 1267 2891 et
1296 2849 1543 2905 magnam
1570 2832 1711 2905 apud
1740 2832 1840 2888 .lu-

231 2926 411 2984 dicem
443 2925 862 2982 benevolentiam
891 2926 1195 2981 concilient.

305 3017 363 3073 Ξ.
398 3018 463 3072 Et
506 3027 564 3072 ut
590 3016 770 3072 discas
796 3057 811 3080 ,
838 3015 1038 3072 dilecte
1059 3056 1075 3081 ,
1107 3014 1223 3070 haec
1252 3016 1305 3069 in
1338 3016 1481 3069 hunc
1522 3029 1585 3069 se
1624 3012 1843 3068 modum

236 3108 456 3171 habere,
479 3108 669 3176 collige
696 3105 841 3173 hinc,
858 3105 999 3176 quod
1021 3106 1113 3175 qui
1129 3104 1424 3160 liberaliter
1442 3103 1845 3175 eleemosynatn

236 3199 477 3268 impertit
496 3238 512 3263 ,
542 3206 601 3253 et
627 3196 714 3252 hic
743 3210 867 3251 cum
900 3196 1040 3273 bona
1082 3194 1413 3249 conscientia
1442 3202 1721 3259 versatur,
1752 3194 1841 3248 ubi

236 3292 360 3344 ltin-
387 3288 673 3343 translatus
704 3286 883 3353 fuerit,
916 3301 1164 3357 magnam
1190 3285 1331 3356 apud
1359 3284 1602 3342 Iudicem
1633 3286 1845 3342 miseri-

233 3380 475 3436 cordiam
504 3379 775 3444 inveniat,
805 3388 969 3449 atque
996 3378 1150 3433 beata
1178 3378 1265 3433 illa
1294 3378 1457 3434 verba
1482 3394 1602 3433 cum
1632 3382 1843 3436 ceteris

233 3472 417 3527 audiat
444 3491 458 3526 :
502 3470 697 3537 Venite,
725 3470 971 3526 benedicti
999 3470 1178 3526 Patris
1214 3472 1313 3526 mei
1331 3513 1346 3538 ,
1376 3472 1590 3542 accipite
1611 3474 1663 3527 in
1685 3478 1843 3529 luere-

232 3566 445 3620 ditatent
472 3582 705 3637 regnum,
734 3565 871 3637 quod
890 3565 1027 3621 vobis
1053 3575 1400 3636 purpuratum
1430 3574 1503 3621 est
1538 3582 1569 3618 tt
1604 3568 1843 3621 constitu-

234 3660 371 3714 tione
400 3657 578 3711 mundi
597 3673 614 3711 :
633 3657 752 3727 quia
787 3658 974 3713 θεινὴὶ
992 3698 1007 3723 ,
1057 3665 1103 3711 et
1130 3656 1343 3712 dedistis
1378 3657 1505 3712 mild
1534 3659 1842 3713 manducare

234 3750 463 3824 (Matth.
489 3749 580 3805 25.
607 3750 697 3805 δι.
731 3749 858 3818 35).
889 3748 1122 3818 ldipsum
1150 3758 1300 3805 certe
1340 3759 1394 3802 et
1420 3748 1473 3803 in
1516 3748 1637 3803 aliis
1666 3748 1839 3803 virtu-

237 3842 380 3897 tibus
406 3841 720 3912 contiugere
747 3840 1009 3895 invenias.
1040 3839 1130 3895 Sic
1159 3849 1213 3895 et
1250 3839 1303 3894 in
1348 3837 1692 3895 confessione
1717 3853 1843 3909 pec-

233 3942 478 3987 catorum
504 3972 521 3997 ,
552 3941 608 3986 et
650 3931 703 3986 iu
746 3930 1061 3987 assiduitate
1104 3929 1427 4001 fervoreque
1472 3931 1839 4001 prccationum

241 4034 562 4078 eventurum
608 4030 710 4078 est.
758 4021 985 4091 Quando
1025 4021 1169 4077 enim
1215 4022 1269 4076 in
1318 4022 1567 4091 praesenti
1596 4021 1700 4076 vita
1748 4037 1845 4091 per

234 4114 629 4169 etnifessionem
662 4123 875 4183 peccata
906 4114 1154 4180 abluere,
1189 4123 1244 4170 et
1272 4114 1641 4169 remissionem
1672 4130 1703 4169 a
1736 4114 1842 4169 Do-

245 4214 394 4263 mino
422 4208 632 4278 assequi
676 4206 1007 4278 potuerimus
1032 4246 1047 4272 ,
1091 4207 1354 4261 abibimus
1385 4206 1510 4261 illuc
1554 4222 1583 4259 a
1612 4207 1845 4275 peccatis

238 4298 377 4369 puri,
408 4309 462 4353 et
487 4314 755 4368 magnam,
781 4313 900 4369 qua:
927 4308 1053 4353 tunc
1077 4296 1233 4352 nobis
1256 4297 1563 4366 donabitur,
1597 4298 1842 4353 lidueiatn

238 4391 596 4445 inveniemus.
624 4388 807 4459 Neque
822 4388 1093 4444 enimfieri
1124 4397 1297 4458 potest
1318 4396 1377 4443 ut
1404 4388 1486 4453 iis,
1515 4389 1604 4460 qui
1635 4389 1685 4443 in
1710 4405 1845 4460 pra:-

235 4484 373 4539 senti
402 4485 505 4536 vita
536 4491 751 4551 peccata
780 4497 884 4537 non
914 4481 1143 4537 abluerit
1161 4524 1175 4545 ,
1210 4490 1391 4551 postea
1420 4482 1843 4538 consolationem

234 4576 467 4645 aliquant
502 4575 606 4629 illic
636 4574 950 4628 inventurus
975 4574 1063 4627 sit.
1097 4572 1162 4627 In
1190 4574 1389 4643 inferno
1416 4575 1580 4640 enini,
1610 4574 1705 4639 ait,
1734 4574 1847 4642 quis

234 4666 555 4736 conﬁtebitur
579 4666 667 4720 tibi
692 4665 711 4738 (
732 4665 881 4721 Psaf.
909 4666 962 4722 ϐ.
984 4664 1018 4721 6
1041 4666 1099 4737 )l
1130 4667 1195 4720 Et
1225 4667 1414 4721 merito
1439 4684 1451 4719 :
1481 4665 1583 4721 hoc
1603 4666 1745 4720 enim
1764 4675 1847 4721 est

236 4760 531 4816 stadiorum
560 4767 791 4829 tempus,
826 4768 879 4815 et
907 4757 1269 4825 conﬂictuum,
1299 4767 1353 4813 et
1371 4759 1755 4815 certaminum:
1783 4759 1849 4813 il-

239 4854 329 4910 lud
358 4868 485 4909 vero
505 4867 846 4917 coronarum,
862 4852 1146 4915 mercedis,
1163 4860 1217 4908 et
1234 4853 1598 4922 prmmiorum.
1618 4852 1848 4909 Proinde

238 4947 506 4998 certemus
530 4943 657 4996 dum
687 4941 861 4997 adhuc
886 4943 937 4995 in
959 4941 1131 4996 stadio
1149 4957 1443 5007 versamur,
1477 4958 1542 4998 ne
1566 4952 1837 5013 tempore,

237 5051 345 5105 quo
361 5048 578 5089 corona:
605 5042 660 5089 et
698 5034 939 5088 laborum
972 5034 1188 5104 prtemia
1226 5046 1507 5089 sumuntur
1528 5077 1543 5101 ,
1576 5037 1716 5091 inter
1752 5051 1848 5092 eos

240 5129 429 5191 simus,
460 5127 549 5195 qui
583 5125 789 5195 pudore
816 5123 1157 5191 afficientur;
1191 5126 1284 5182 sed
1317 5126 1461 5183 inter
1489 5142 1583 5183 eos
1608 5129 1697 5197 qui
1724 5144 1846 5183 cum

240 5218 429 5273 fiducia
447 5218 710 5287 capitibus
732 5231 963 5273 coronas
982 5217 1267 5288 excipient.
1292 5218 1402 5274 lloc
1420 5222 1681 5289 procemio
1706 5221 1848 5291 apud

238 5309 516 5364 caritatem
535 5320 763 5363 vestram
780 5323 887 5364 non
913 5318 1137 5376 temere,
1156 5325 1328 5380 neque
1344 5310 1398 5365 in
1416 5327 1607 5367 vanum
1627 5312 1845 5368 utimur:

238 5399 335 5456 sed
354 5398 596 5469 quotidie
617 5399 685 5455 de
706 5399 859 5456 bonis
880 5400 1131 5469 operibus
1152 5416 1248 5457 vos
1263 5403 1557 5458 admonere
1578 5406 1844 5473 cupimus,

240 5501 299 5547 nt
326 5490 589 5562 perfecti,
616 5491 974 5546 consummati
1001 5533 1015 5557 ,
1057 5492 1450 5564 virtutibusque
1479 5495 1703 5565 prmdita
1741 5496 1848 5551 vita

240 5584 564 5653 spectabilcs
596 5583 879 5652 facti,sitis
900 5583 1395 5656 irreprehensibiles
1422 5598 1473 5643 et
1505 5589 1721 5655 sinceri,
1745 5591 1848 5644 im-

242 5676 495 5731 tnacnlati
529 5675 619 5730 filii
651 5676 742 5731 Dei
777 5692 791 5731 :
822 5687 875 5732 et
903 5674 1123 5733 luceatis
1143 5678 1283 5735 sicut
1305 5679 1585 5735 luminaria
1616 5681 1668 5735 in
1692 5698 1850 5736 mun-

240 5770 312 5825 do
340 5811 354 5830 .
400 5783 703 5824 sermonem
740 5769 863 5824 vita:
894 5767 1155 5826 habentes
1184 5772 1236 5827 in
1278 5772 1448 5827 nostri
1477 5772 1846 5842 gloriationem

242 5860 296 5917 io
317 5861 406 5917 die
426 5860 643 5928 Christi,
679 5869 734 5915 ιιι
757 5860 838 5917 vel
870 5861 985 5919 solo
1010 5872 1226 5934 aspectu
1257 5864 1320 5920 iis
1353 5863 1605 5936 prodesse
1632 5863 1847 5935 possitis

1934 531 2023 602 qui
2046 529 2323 599 vobiscum
2348 539 2650 601 versantur,
2681 540 2736 587 ut
2760 541 2953 589 vestra:
2972 531 3262 606 spiritualis
3292 532 3538 603 fragran-

1933 622 2020 677 tim
2043 664 2059 687 ,
2094 632 2391 694 vestraeque
2415 624 2634 692 Optima
2659 622 2783 680 vita:
2810 624 3034 681 rationis
3053 639 3122 681 ex
3149 622 3540 681 vestriscollo-

1932 714 2072 784 quiis
2098 713 2228 769 ﬁant
2255 714 2577 787 participes.»
2591 716 2803 773 Etenim
2826 716 2979 773 sicut
3008 715 3378 789 impnoborum
3406 731 3545 773 eon-

1940 807 2173 864 suetudo
2184 806 2551 866 familiaribus
2562 846 2566 849 -
2578 810 2707 867 suis
2725 810 2950 867 multmn
2976 819 3155 878 nocet,
3184 809 3541 880 quemadm-

1934 899 2061 955 dum
2102 901 2289 958 beatus
2323 901 2521 959 Paulus
2549 902 2760 975 inquit:
2789 901 3139 971 Corrumpunt
3180 901 3338 957 bonos
3374 916 3541 956 mores

1933 991 2189 1064 colIania
2216 1008 2373 1063 praua
2397 993 2417 1065 (
2440 995 2491 1050 ί.
2524 993 2645 1050 Cur.
2679 994 2766 1051 ιδ;
2798 993 2870 1052 53
2893 996 2912 1066 )
2935 1010 2951 1049 :
2975 992 3055 1050 sic
3078 1002 3134 1050 et
3160 992 3428 1049 bonorum
3459 989 3542 1046 fa-

1937 1084 2219 1143 miliaritas
2256 1102 2360 1143 una
2390 1087 2731 1144 versantibus
2757 1087 2994 1143 maxima
3037 1086 3318 1143 commoda
3360 1086 3539 1143 affert.

1936 1178 2297 1247 Quamobrem
2345 1180 2609 1253 benignus
2658 1180 2916 1237 Dominus
2954 1188 3137 1236 noster
3180 1178 3321 1235 inter
3369 1177 3542 1234 malos

1938 1270 2398 1340 permisit‘bonos
2439 1275 2623 1329 vivere
2649 1314 2663 1340 ,
2700 1281 2759 1329 ut
2805 1271 3035 1343 improbi
3079 1272 3285 1327 lucrum
3325 1268 3546 1343 aliquod

1938 1360 2172 1417 habeant
2196 1377 2260 1418 ex
2290 1378 2352 1419 ea
2378 1363 2803 1433 consuetudine,
2836 1378 2937 1419 nec
2974 1378 3192 1433 semper
3218 1362 3269 1417 in
3296 1377 3391 1418 sua
3418 1376 3543 1434 per-

1940 1462 2191 1509 maneant
2228 1454 2435 1511 malitia
2477 1472 2491 1509 :
2535 1453 2635 1511 sed
2670 1455 2856 1512 bonos
2897 1455 3154 1511 continuo
3190 1466 3315 1511 ante
3354 1453 3544 1511 oculos

1939 1553 2266 1614 spectantes,
2294 1545 2493 1618 aliquid
2521 1547 2763 1603 utilitatis
2783 1563 2850 1604 ex
2871 1562 3059 1604 eorum
3079 1547 3288 1618 capiant
3318 1544 3547 1603 familia-

1941 1635 2118 1691 ritate.
2149 1633 2318 1691 Tanta
2346 1637 2489 1693 enim
2515 1638 2729 1695 virtutis
2756 1639 2992 1710 potentia
3017 1646 3097 1695 est
3119 1678 3134 1703 ,
3168 1647 3222 1693 ut
3257 1650 3546 1693 reverean-

1942 1736 2030 1784 tur
2068 1738 2123 1784 et
2165 1729 2391 1785 multum
2415 1729 2634 1786 laudent
2675 1746 2796 1787 eam
2820 1770 2843 1797 ,
2886 1730 3048 1788 etiam
3077 1729 3168 1801 qui
3199 1728 3289 1784 illa
3335 1735 3544 1784 carent.

1940 1818 2091 1875 Sicut
2131 1828 2188 1876 et
2214 1820 2398 1876 vitium
2434 1822 2599 1878 etiam
2635 1821 2794 1878 abiis
2813 1865 2829 1890 ,
2853 1822 2944 1895 qui
2975 1822 3100 1878 mali
3126 1828 3286 1888 sunt,
3316 1809 3559 1877 subinde-

1942 1919 2221 1967 accusatur
2248 1920 2307 1969 et
2331 1912 2570 1983 carpitur
2590 1930 2603 1967 :
2621 1912 2760 1969 adeo
2779 1912 2967 1970 vitium
2988 1912 3239 1969 omnibus
3261 1919 3347 1968 est
3373 1910 3550 1967 mani-

1941 2000 2137 2059 festum
2165 2012 2221 2059 et
2262 2006 2602 2075 perspicuum
2629 2046 2643 2070 ,
2673 2020 2847 2078 neque
2875 2006 3043 2061 ullum
3091 2019 3342 2075 umquam
3391 2002 3552 2061 facile

1942 2094 2182 2166 reperias
2222 2095 2314 2167 qui
2355 2096 2521 2152 libere
2564 2098 2762 2153 malum
2806 2112 2867 2154 se
2906 2095 3379 2168 esse-profiteatur
3408 2113 3424 2151 :
3452 2094 3555 2150 sed

1944 2186 2086 2258 quod
2114 2188 2309 2243 mirum
2356 2196 2442 2245 est
2463 2229 2479 2256 ,
2525 2188 2743 2258 ipsimet
2777 2204 2841 2245 ea
2868 2231 2884 2257 ,
2910 2204 3033 2261 quae
3071 2188 3327 2260 operibus
3372 2186 3551 2244 facere

1949 2287 2229 2344 attentam,
2260 2280 2444 2335 verbis
2468 2280 2606 2335 mala
2631 2294 2753 2336 esse
2779 2278 3038 2347 fatentur,
3065 2294 3131 2336 ac
3156 2278 3428 2351 plerisque
3451 2292 3551 2335 oc-

1944 2373 2085 2428 culta
2102 2387 2226 2430 esse
2245 2373 2465 2430 vellent.
2494 2373 2647 2441 Quod
2672 2383 2727 2430 et
2750 2374 2925 2446 ipsum
2948 2374 3149 2430 divinm
3165 2372 3553 2431 misericordia:

1945 2473 2047 2527 est,
2077 2480 2197 2536 quze
2228 2464 2505 2519 hominum
2533 2465 2717 2535 generi
2742 2465 3033 2532 concessit,
3066 2473 3124 2520 ut
3144 2465 3431 2536 unicuique
3455 2479 3554 2521 no-

1945 2565 2116 2610 strum
2146 2556 2361 2612 insitum
2390 2556 2460 2611 sit
2480 2556 2849 2628 incorruptum
2872 2554 3147 2627 judicium»
3163 2556 3514 2613 conscientiae
3532 2596 3549 2621 .

1946 2646 2088 2718 quod
2110 2656 2357 2703 accurate
2380 2655 2558 2718 potest
2580 2662 2608 2701 a
2633 2646 2776 2702 male
2797 2648 2995 2703 bonum
3018 2648 3333 2704 discernere
3356 2664 3371 2713 ;
3394 2648 3561 2720 idque

1948 2737 2286 2809 potissimum
2330 2754 2545 2794 omnem
2588 2738 2745 2794 nobis
2784 2737 3155 2795 defensionem
3186 2739 3364 2807 tollit,
3408 2739 3557 2819 quod

1948 2843 2054 2883 non
2087 2843 2181 2899 per
2210 2828 2563 2899 ignorantiam
2606 2828 2659 2883 in
2691 2839 2907 2899 peccata
2951 2828 3249 2885 incidamus
3272 2869 3289 2895 ,
3336 2829 3432 2886 sed
3457 2828 3555 2902 per

1946 2922 2140 2977 animm
2165 2921 2426 2978 desidiam
2451 2932 2505 2978 et
2532 2921 2744 2978 virtutis
2771 2930 3156 2994 contemptum.

2018 3016 2073 3069 3.
2115 3013 2241 3070 ll;ec
2270 3014 2495 3086 singulis
2521 3014 2667 3071 horis
2693 3025 2881 3070 nostro
2899 3030 3178 3073 versemus
3194 3016 3401 3083 animo,
3435 3031 3553 3072 ma.

1946 3123 2104 3177 gnam
2154 3108 2342 3163 salutis
2386 3116 2586 3163 nostra:
2638 3107 2895 3164 habentes
2942 3107 3396 3176 sollicitudinem»,
3446 3124 3551 3177 ne,

1948 3206 2305 3270 pra-tereunte
2343 3207 2606 3270 tempore,
2652 3198 2983 3272 ignorantes,
3027 3200 3185 3257 nobis
3229 3200 3359 3270 ipsis
3385 3203 3554 3258 maxi-

1948 3304 2093 3344 mum
2136 3288 2433 3345 inferamus
2474 3288 2753 3345 damnum.
2800 3289 2905 3345 Sed
2950 3290 3334 3361 prowniorum
3379 3292 3551 3347 satis:

1946 3380 2225 3436 audiamus
2250 3388 2429 3436 autem
2450 3423 2467 3444 ,
2499 3380 2543 3436 si
2575 3380 2768 3451 placet,
2800 3396 2921 3451 qua:
2949 3392 3003 3437 et
3028 3381 3188 3437 hodie
3228 3398 3325 3438 nos
3353 3381 3555 3439 docere

1947 3473 2062 3528 vult
2087 3473 2317 3543 Spiritus
2342 3473 2511 3529 sancti
2538 3474 2709 3545 gratia
2738 3489 2833 3545 per
2862 3475 3000 3531 beati
3030 3474 3194 3531 Musis
3217 3476 3469 3547 linguam.
3493 3474 3550 3533 9.

1950 3564 2017 3619 Et
2046 3566 2201 3631 dixit,
2222 3565 2415 3636 inquit,
2448 3563 2586 3621 Deus
2607 3582 2626 3621 :
2652 3566 2997 3638 Congregetur
3018 3582 3153 3637 aqua
3176 3583 3290 3637 qua:
3314 3567 3407 3623 sub
3427 3568 3555 3624 celo

1948 3670 2051 3723 est,
2084 3658 2144 3713 in
2179 3660 2619 3729 congregationem
2665 3676 2843 3726 unam,
2891 3669 2937 3713 et
2980 3670 3226 3729 appareat
3270 3661 3439 3717 arida.
3489 3660 3555 3716 Et

1947 3752 2141 3820 factum
2162 3750 2349 3803 estita.
2380 3747 2512 3805 Vide
2536 3747 2657 3815 hic,
2685 3749 2911 3804 obsecro
2930 3790 2943 3813 .
2970 3749 3167 3807 dilecte
3189 3794 3200 3811 .
3225 3752 3469 3809 ordinem
3498 3765 3547 3808 et

1947 3839 2385 3910 consequentiam
2426 3839 2705 3908 optimam.
2738 3838 2871 3908 Quia
2915 3840 3124 3896 dixerat
3164 3841 3215 3897 in
3254 3844 3549 3914 principio:

1948 3930 2109 3985 Terra
2136 3945 2245 3986 erat
2268 3931 2534 3986 invisibilis
2562 3941 2609 3986 et
2646 3932 3009 4002 incomposita,
3040 3949 3107 3988 co
3146 3936 3286 4004 quod
3318 3936 3551 3991 tenebris

1949 4032 2004 4077 et
2030 4022 2184 4093 aquis
2202 4022 2549 4094 obtegeretur
2573 4041 2587 4077 :
2614 4031 2669 4078 et
2692 4022 2886 4079 deinde
2911 4026 3169 4096 prmccpit
3190 4026 3278 4083 die
3294 4029 3551 4094 secundo,

1951 4125 2007 4167 ut
2054 4122 2198 4169 esset
2252 4114 2688 4181 ﬁrmamentum,
2746 4123 2801 4169 et
2845 4130 3109 4185 aquarum
3157 4119 3550 4186 separationem

1950 4203 2094 4270 fecit,
2124 4207 2437 4277 vocavitque
2480 4206 2878 4262 firmamentum
2914 4208 3102 4263 cmlum
3134 4226 3147 4263 :
3177 4226 3317 4265 nunc
3357 4212 3552 4267 iterum

1948 4297 2107 4354 docet
2132 4312 2267 4365 nos,
2305 4312 2365 4353 se
2401 4298 2490 4354 die
2521 4299 2681 4353 tertio
2710 4300 3029 4369 prtecepissc
3069 4316 3224 4372 aqua:
3245 4345 3260 4369 ,
3288 4319 3409 4373 quae
3454 4306 3556 4360 sub

1948 4390 2113 4455 caelo,
2143 4389 2245 4445 hoc
2281 4397 2395 4457 est,
2425 4390 2786 4457 ﬁrmamento,
2820 4399 2876 4445 ut
2906 4390 2963 4445 in
2983 4406 3139 4446 unam
3182 4396 3551 4467 congregatio-

1950 4498 2075 4538 nem
2117 4484 2460 4549 convcniret,
2506 4492 2561 4539 et
2604 4483 2779 4539 locum
2823 4483 3011 4548 daret,
3059 4494 3218 4555 atque
3270 4499 3553 4557 appareret

1949 4574 2135 4629 arida:
2182 4583 2237 4631 et
2278 4574 2483 4630 factum
2503 4583 2587 4629 est
2625 4574 2718 4628 ita.
2747 4574 2881 4643 Quia
2917 4575 3063 4631 enim
3108 4577 3287 4632 omnia
3334 4578 3550 4649 impleta

1950 4672 2107 4721 erant
2138 4666 2293 4736 aquis
2315 4707 2330 4732 ,
2349 4665 2505 4736 jussit
2533 4665 2585 4720 in
2612 4681 2773 4721 unam
2799 4670 3267 4737 congregationem
3291 4684 3551 4741 aquarum

1952 4755 2350 4811 multitudinem
2376 4756 2695 4821 concedere.
2721 4766 2777 4811 ιιι
2804 4758 2883 4813 sic
2910 4770 3190 4830 appareret
3218 4761 3388 4816 arida.
3417 4761 3553 4818 Vide

1950 4846 2221 4917 quomodo
2272 4848 2527 4919 paulatim
2588 4848 2730 4903 illius
2782 4848 2939 4906 nobis
2994 4851 3443 4921 pulchritudinem
3499 4865 3555 4909 et

1951 4950 2197 4995 ornatum
2225 4939 2477 4995 ostendit.
2510 4940 2574 4995 Et
2617 4944 2808 5012 factum
2844 4950 2945 5007 est,
2972 4942 3081 5008 ait,
3114 4943 3202 4996 ita.
3230 4943 3514 5011 Quomodo
3532 4948 3557 5000 i

1951 5032 2099 5090 Sicut
2152 5043 2476 5104 pnnceperat
2529 5033 2803 5089 Dominus.
2868 5033 3007 5089 Dixit
3051 5035 3265 5102 solum,
3313 5043 3371 5092 et
3419 5052 3555 5109 opus

1952 5125 2335 5195 sultsequutum
2384 5133 2486 5179 est.
2535 5124 2649 5180 Hoc
2683 5126 2825 5180 enim
2870 5125 3139 5195 peculiare
3189 5126 3279 5181 Dei
3339 5137 3440 5193 est,
3489 5137 3549 5183 ut

1952 5217 2246 5273 secundum
2278 5216 2605 5271 voluntatem
2636 5232 2787 5272 suam
2822 5228 3097 5273 creaturas
3128 5205 3452 5275 moderetur.
3487 5217 3555 5273 Et

1953 5318 2259 5380 congregata
2296 5316 2366 5363 est
2384 5348 2401 5373 ,
2430 5308 2631 5378 inquit,
2663 5325 2795 5378 aqua
2818 5324 2934 5378 qua
2956 5309 3047 5365 sub
3072 5311 3198 5364 cwlo
3216 5352 3229 5373 ,
3259 5311 3311 5364 in
3336 5326 3555 5382 congre-

1954 5400 2177 5471 gationes
2208 5415 2349 5466 suos,
2396 5408 2443 5453 et
2491 5401 2733 5469 apparuit
2779 5399 2949 5454 arida.
2994 5400 3455 5467 Quemadmodum
3484 5400 3561 5458 de

1949 5493 2072 5547 luce
2099 5492 2298 5547 dictum
2328 5500 2412 5547 est
2434 5531 2451 5558 ,
2480 5491 2621 5561 quod
2652 5507 2773 5547 cum
2815 5502 2998 5547 essent
3034 5492 3232 5562 ubique
3279 5492 3519 5550 tenebrte
3539 5533 3558 5560 .

1951 5584 2169 5657 jusserit
2198 5584 2417 5654 produci
2446 5584 2619 5640 lucem
2640 5626 2656 5652 ,
2689 5593 2743 5641 et
2770 5586 3163 5656 separatioocm
3196 5584 3384 5641 fecerit
3422 5587 3557 5643 lucis

1953 5691 2015 5733 ac
2037 5677 2399 5742 tenebrarum,
2422 5685 2477 5733 et
2499 5678 2635 5732 hanc
2662 5678 2909 5734 tribuerit
2928 5677 3054 5745 diei,
3071 5673 3209 5731 istas
3228 5686 3359 5729 vero
3378 5675 3525 5733 nocti
3548 5691 3559 5740 ;

1953 5770 2197 5827 similiter
2228 5770 2427 5825 dictum
2457 5779 2573 5838 est,
2601 5770 2742 5842 quod
2787 5782 2913 5828 cum
2949 5769 3205 5841 produxit
3240 5768 3555 5827 firmamen-

1956 5873 2089 5933 tum,
2116 5879 2373 5937 aquarum
2402 5864 2532 5921 alias
2558 5863 2889 5936 superiorem
2913 5863 3087 5921 locum
3110 5878 3400 5935 occupare,
3423 5868 3554 5925 alia:
