4038 6430
491 390 557 453 τι
1143 395 1201 452 S.
1240 392 1515 453 JOANNIS
1549 387 2020 450 CllllYSOSTOlll
2065 386 2382 448 AltClllEl’.
2420 393 2953 452 CONSTANTINOP.
3683 396 3758 452 π

493 515 670 562 autem
693 507 794 563 sub
820 506 1154 564 firmamento
1184 525 1304 566 esse
1327 509 1545 579 jusserit
1566 528 1580 564 :
1605 510 1680 566 sic
1704 518 1758 565 et
1784 523 1922 563 nunc
1950 506 2067 562 illas

497 600 638 666 ipsas
676 613 874 670 aquas,
901 615 1019 670 qua:
1064 600 1165 655 sub
1204 599 1540 655 ﬁrmamento
1584 601 1772 663 erant",
1829 600 1878 654 in
1907 611 2066 653 unam

495 693 957 761 rtillgl't‘galioncm
972 691 1124 762 jubet
1147 693 1310 756 coire,
1334 703 1387 748 ut
1410 701 1663 762 appareat
1681 692 1845 754 arida,
1870 704 1923 747 et
1946 704 2074 750 tunc

500 780 623 833 huic
651 783 809 835 etiam
839 796 992 837 suum
1033 795 1225 837 nomen
1262 783 1534 853 imponat;
1576 786 1710 838 sicut
1746 783 1815 838 de
1857 782 1973 836 luce
2015 790 2070 836 ct

501 869 736 926 tenebris
762 871 958 927 dictum
983 884 1082 928 est.
1112 873 1439 947 Congregatw
1460 877 1589 930 enim
1612 885 1753 942 sunt,
1781 876 1889 940 ait,
1925 890 2071 946 aqua

499 978 612 1030 quia
637 964 727 1017 sub
753 966 877 1019 mlo
898 976 1062 1032 erant,
1090 968 1146 1021 in
1174 970 1577 1039 congregationes
1600 984 1736 1032 suas,
1763 978 1808 1022 et
1836 969 2073 1038 apparuit

500 1055 687 1108 arida:
739 1055 824 1110 10.
871 1066 917 1108 et
961 1059 1148 1112 vocavit
1191 1058 1328 1113 Deus
1367 1061 1563 1113 aridam
1609 1069 1812 1113 terram.
1843 1060 2070 1122 Vidisti,

501 1143 711 1205 dilecte,
736 1146 1002 1213 quomodo
1035 1149 1171 1203 Deus
1193 1159 1404 1214 terram,
1432 1166 1552 1219 qua:
1583 1151 1857 1206 invisibilis
1885 1162 1996 1205 erat
2019 1162 2074 1205 et

505 1232 871 1303 incomposita,
901 1245 955 1290 et
992 1238 1138 1304 aquis
1177 1239 1325 1307 quasi
1377 1240 1723 1296 velamlnibns
1761 1241 2073 1311 quibusdam

503 1321 867 1392 nbtegebatur,
891 1326 1222 1394 despoliavit,
1247 1336 1304 1380 ut
1326 1328 1404 1383 sic
1425 1329 1621 1392 dicam,
1650 1339 1703 1385 et
1726 1330 1913 1386 faciem
1937 1329 2080 1385 illius

506 1413 660 1468 nobis
691 1417 1020 1482 monstravit,
1044 1418 1258 1486 proprio
1280 1420 1438 1473 etiam
1469 1421 1682 1475 nomine
1704 1420 1988 1491 imposito?
2009 1418 2077 1473 lat

506 1507 932 1577 congregationes,
961 1509 1069 1574 ait,
1113 1525 1356 1580 aquarum
1397 1512 1586 1564 vocarit
1631 1512 1812 1564 maria.
1861 1511 2000 1564 Ecce
2025 1519 2080 1565 et

505 1611 656 1667 aqua:
685 1613 874 1654 nomen
905 1615 1059 1654 suum
1088 1602 1287 1655 sortite
1315 1612 1456 1655 sunt.
1479 1601 1608 1656 Nam
1637 1601 2077 1670 quemadmodum

503 1687 742 1758 optimus
773 1690 958 1746 artifex
996 1701 1110 1746 arte
1149 1708 1242 1746 sua
1285 1707 1377 1746 vas
1415 1693 1625 1762 aliquod
1667 1691 1923 1755 facturus,
1973 1708 2077 1745 non

508 1791 662 1835 antea
684 1781 758 1835 illi
784 1797 973 1837 nomen
1005 1784 1247 1852 imponit,
1267 1784 1436 1838 donec
1459 1785 1728 1840 absolvat:
1756 1784 1825 1837 ita
1851 1793 1903 1837 et
1933 1783 2081 1837 beni-

507 1883 644 1939 gnus
686 1870 934 1924 Dominus
959 1873 1170 1926 nomina
1200 1874 1476 1927 element's
1514 1887 1619 1927 non
1649 1882 1798 1927 antea
1837 1873 2082 1942 ἰιιψοηίῑ,

507 1960 678 2015 donec
712 1975 773 2015 ea
808 1962 861 2015 in
897 1964 1119 2033 propriis
1148 1963 1277 2018 locis
1305 1979 1403 2018 suo
1429 1973 1690 2034 pra‘cepto
1716 1974 1893 2034 ponat.
1926 1965 2082 2033 Igitur

510 2061 786 2122 postquam
813 2061 952 2108 terra
978 2070 1169 2109 nomen
1208 2070 1359 2109 suum
1387 2057 1608 2126 accepit,
1640 2066 1694 2112 et
1719 2056 1783 2110 ad
1817 2058 2080 2125 propriam

513 2141 733 2194 formam
781 2143 1057 2211 pervenit,
1093 2145 1251 2198 etiam
1293 2161 1443 2214 aqua:
1486 2155 1817 2214 congregata:
1869 2147 2084 2215 proprio

511 2230 766 2285 vocabulo
804 2233 1084 2287 nominata:
1125 2243 1267 2288 sunt.
1312 2233 1512 2287 Vocavit
1538 2234 1710 2301 enim,
1742 2235 1852 2304 ait,
1876 2251 2084 2304 congre-

509 2321 732 2390 μισήσητε
776 2337 1023 2388 aquarum
1061 2324 1240 2376 maria.
1286 2323 1530 2380 Subdidit
1582 2326 1812 2381 iterum:
1860 2325 1921 2379 Et
1963 2327 2083 2379 vidit

513 2411 648 2466 Duas
671 2414 804 2482 quod
833 2415 1037 2471 bonum.
1067 2415 1195 2472 Nam
1219 2417 1339 2487 quia
1369 2416 1595 2472 hmnana
1633 2428 1816 2473 natura
1846 2418 2085 2473 imbecil-

512 2503 577 2556 lis
623 2513 726 2566 est,
773 2513 828 2558 et
882 2519 1043 2573 opera
1098 2506 1190 2561 Dei
1237 2506 1396 2577 digne
1435 2507 1650 2563 laudare
1696 2523 1800 2561 non
1840 2516 2083 2576 poterat,

514 2609 887 2663 pneoccnpans
913 2594 1086 2650 divina
1117 2595 1387 2668 Scriptura
1417 2607 1684 2667 acceptam
1715 2599 1783 2653 ab
1810 2598 1923 2667 ipso
1955 2597 2084 2666 Opi-

513 2682 611 2739 dce
635 2684 839 2739 laudem
863 2701 958 2741 nos
987 2685 1159 2742 docet.

580 2777 634 2831 4.
678 2775 839 2845 Igitur
873 2777 1084 2847 quando
1121 2777 1320 2843 discis,
1372 2778 1466 2849 ipsi
1505 2778 1779 2834 Conditori
1818 2789 2086 2834 eieaturas

513 2866 678 2922 bonas
706 2869 846 2923 visas
873 2883 1024 2935 esse,
1077 2870 1331 2940 majorem
1360 2870 1572 2940 quidem
1600 2871 1651 2925 in
1679 2871 1890 2924 modum
1914 2871 2088 2925 admi-

513 2959 648 3013 reris
669 2975 884 3016 nceesse
901 2970 981 3016 est
1004 2978 1020 3026 ;
1048 2961 1177 3016 nihil
1198 2972 1372 3018 tamen
1394 2965 1458 3017 ad
1481 2963 1688 3018 laudem
1710 2972 1762 3018 et
1787 2961 2085 3018 encomiunt

513 3052 738 3120 amplius
771 3053 959 3109 afferre
987 3056 1206 3122 poteris.
1235 3054 1415 3108 Talem
1445 3056 1586 3108 enim
1633 3055 1850 3108 sortitus
1888 3069 1949 3108 es
1981 3053 2086 3108 lto-

516 3142 737 3208 minum,
763 3144 852 3212 qui
881 3143 1139 3211 ejusmodi
1168 3158 1328 3212 opera
1360 3143 1503 3206 facit,
1530 3159 1650 3214 qua:
1675 3161 1702 3195 a
1735 3143 1887 3198 nobis
1917 3157 2088 3212 neque

514 3232 715 3287 laudari
755 3235 881 3287 satis
904 3242 1147 3302 possunt.
1177 3233 1457 3301 Quomodo
1480 3233 1620 3289 enim
1666 3249 1912 3304 umquam
1959 3222 2091 3302 opus

515 3329 607 3383 Dei
656 3344 752 3397 pro
790 3329 1043 3400 dignitate
1093 3331 1308 3387 laudare
1356 3343 1533 3402 posct
1581 3332 1806 3387 humana
1865 3333 2091 3388 natura?

515 3419 779 3473 Ca‘tcmm
807 3435 902 3488 per
920 3435 980 3475 ea
1006 3437 1124 3490 qlia:
1159 3421 1564 3490 subiunguntur,
1593 3422 1871 3478 considera
1901 3423 2087 3477 ineffa-

518 3509 675 3563 bilem
700 3508 790 3563 Dei
815 3511 1014 3580 egregii
1035 3511 1250 3566 artificis
1279 3512 1611 3582 sapientiam.
1643 3513 1927 3582 Postquam
1947 3513 2089 3568 enim

515 3601 669 3655 nobis
692 3613 924 3670 apertam
951 3613 1104 3658 teme
1131 3604 1315 3658 faciem
1342 3602 1671 3665 monstravit,
1701 3612 2094 3670 consequenter

515 3706 614 3747 suo
643 3702 908 3762 prmcepto
929 3693 1203 3748 decentem
1230 3695 1278 3749 ei
1306 3694 1548 3750 concedit
1567 3695 1823 3764 speciem,
1853 3707 1905 3749 et
1924 3696 2090 3749 semi-

516 3797 642 3836 num
669 3782 922 3836 varietate
947 3783 1060 3851 ejus
1086 3782 1309 3836 adornat
1339 3783 1544 3839 faciem.
1578 3785 1662 3841 Il,
1690 3782 1756 3837 Et
1783 3785 1910 3838 dixit
1930 3827 1942 3846 ,
1976 3786 2048 3839 ait
2071 3824 2089 3851 ,

516 3872 697 3928 Deus:
741 3872 991 3929 (lcrminet
1038 3884 1172 3927 terra
1221 3874 1422 3928 herbam
1459 3875 1608 3945 faeni,
1641 3876 1892 3929 seminans
1928 3892 2091 3930 semen

515 3963 788 4018 secundum
806 3981 962 4035 genus
981 3973 1026 4017 et
1048 3950 1425 4019 similitudinem
1441 3980 1460 4019 :
1480 3975 1527 4019 et
1555 3966 1746 4034 lignum
1767 3966 2091 4036 frugiferum,

516 4057 705 4126 faciens
741 4057 959 4126 fructum
983 4097 997 4120 ,
1024 4058 1169 4126 cujus
1211 4074 1378 4111 semen
1426 4058 1476 4112 in
1517 4058 1784 4127 semetipso
1817 4058 2092 4110 secundant

515 4141 912 4211 similitudidem,
936 4148 1206 4201 secundum
1233 4164 1388 4218 genus
1412 4165 1560 4218 super
1581 4157 1784 4201 terram.
1811 4147 1874 4201 Et
1904 4151 1969 4218 [at
1985 4157 2090 4199 tum

514 4249 588 4293 est
613 4241 704 4294 ita.
733 4238 869 4306 Quid
895 4249 989 4293 est
1032 4239 1160 4293 illud
1187 4281 1202 4304 ,
1238 4239 1302 4291 Et
1331 4241 1518 4310 factum
1547 4248 1617 4293 est
1654 4240 1766 4293 ita?
1794 4239 2048 4307 Prmcepil
2075 4281 2089 4303 ,

518 4328 722 4392 inquit,
755 4328 1040 4391 Dominus,
1071 4338 1128 4382 et
1161 4327 1336 4382 statim
1373 4337 1509 4382 terra
1545 4343 1672 4381 suos
1701 4340 1883 4398 partus
1919 4338 2092 4381 matu-

517 4433 658 4480 rans.
692 4419 756 4472 ad
785 4421 1046 4475 seminum
1077 4436 1293 4490 germen
1320 4419 1546 4488 seipsam
1577 4419 1875 4474 adornavit.
1909 4419 1995 4471 12.
2025 4417 2090 4472 Et

516 4511 722 4576 protulit
770 4520 902 4563 terra
948 4511 1150 4563 herbam
1194 4509 1315 4578 [mni
1337 4550 1352 4570 ,
1404 4509 1595 4578 inquit,
1638 4509 1890 4563 seminans
1929 4525 2093 4563 semen

513 4601 786 4655 secundum
810 4616 986 4671 genus,
1013 4611 1058 4655 et
1085 4601 1360 4654 secundum
1387 4601 1762 4654 similitudinem
1783 4617 1803 4654 :
1830 4608 1876 4653 et
1901 4600 2092 4671 lignum

516 4691 816 4762 frugiferam
841 4691 1033 4760 faciens
1059 4692 1280 4759 {rm-tam
1301 4729 1317 4754 ,
1343 4690 1489 4760 cujus
1517 4706 1683 4744 unica
1712 4707 1858 4744 suum
1885 4691 1937 4742 in
1982 4690 2093 4757 ipso

515 4781 788 4834 secundum
828 4798 986 4850 genus
1011 4798 1161 4850 super
1190 4791 1394 4834 terram.
1440 4779 1536 4834 llic
1577 4779 1938 4835 animadverte
1960 4819 1974 4842 ,
2008 4779 2091 4832 di-

519 4871 677 4937 lecte,
704 4872 972 4942 quomodo
995 4872 1158 4926 verbo
1186 4871 1390 4926 Domini
1417 4873 1593 4926 omnia
1626 4871 1760 4925 facta
1786 4880 1906 4924 sunt
1935 4885 2095 4939 super

517 4972 732 5016 terram.
765 4961 878 5016 Non
935 4963 1080 5016 enim
1119 4973 1232 5016 erat
1279 4962 1437 5016 homo
1465 4961 1555 5032 qui
1606 4971 1935 5032 operaretur,
1988 4974 2092 5015 non

517 5061 748 5105 aratrum
773 5093 790 5118 ,
821 5067 926 5105 non
968 5052 1126 5105 bomn
1152 5053 1461 5120 cooperatio
1482 5093 1498 5119 ,
1525 5068 1632 5108 non
1669 5051 1810 5106 aliud
1829 5051 2090 5120 ejusmodi

515 5143 747 5197 studium
778 5160 794 5197 :
823 5143 916 5198 sed
955 5144 1126 5198 solum
1175 5143 1374 5198 audivit
1420 5153 1762 5219 pneceptum,
1808 5153 1863 5198 et
1913 5147 2092 5198 statim

515 5231 657 5300 quod
701 5246 852 5285 suum
882 5241 995 5286 erat
1037 5233 1179 5287 fecit.
1223 5232 1296 5287 Ex
1325 5248 1430 5303 quo
1464 5233 1740 5299 discimus,
1762 5233 1922 5289 etiam
1954 5248 2095 5288 nunc

517 5337 691 5391 neque
733 5338 915 5377 curam
959 5325 1306 5392 agricolarum
1333 5367 1348 5390 ,
1395 5340 1565 5396 neque
1609 5324 1880 5391 laborem,
1925 5341 2096 5396 neque

515 5415 649 5470 alias
692 5414 747 5470 in
795 5415 1037 5470 colendis
1082 5417 1225 5485 agris
1267 5432 1570 5479 a'rumnas,
1628 5414 1892 5471 fructuum
1944 5416 2099 5472 nobis

520 5515 831 5578 proventum
883 5523 1168 5579 proruere;
1200 5507 1292 5562 sed
1339 5517 1462 5562 ante
1493 5509 1605 5563 tunc
1643 5508 1821 5562 omnia
1875 5509 2093 5562 verbum

520 5600 650 5666 Dei,
681 5598 821 5669 quod
858 5600 925 5653 ab
969 5602 1118 5656 initio
1154 5600 1225 5654 ad
1271 5609 1464 5655 terram
1512 5601 1708 5657 factum
1749 5610 1850 5656 est.
1878 5601 2018 5666 Quin
2043 5611 2097 5656 et

519 5693 751 5752 futuram
789 5694 1040 5763 ingratam
1094 5694 1364 5752 hominum
1418 5704 1649 5750 mentem
1698 5695 1969 5765 corrigens
2013 5692 2095 5748 di-

515 5786 637 5845 vina
696 5786 1010 5857 Scriptura,
1056 5787 1333 5858 diligenter
1378 5785 1555 5843 omnia
1604 5784 1756 5845 nobis
1804 5782 2094 5844 secundum

2174 506 2417 563 ordinem
2447 508 2702 564 factorum
2732 519 2946 573 narrat,
2976 519 3032 563 ut
3059 519 3357 578 compescat
3397 510 3757 566 temeritatem

2173 607 2228 652 et
2262 597 2605 655 deliramenta
2633 615 2818 654 eorum
2844 600 2931 669 qni
2974 598 3220 668 figunenta
3256 612 3350 653 sua
3388 599 3666 654 venditant
3699 609 3756 656 et

2173 688 2353 744 dicere
2372 689 2589 754 audent,
2611 690 2738 744 solis
2756 689 3131 757 coeperatione
3149 690 3214 743 ad
3242 688 3502 745 fructuum
3525 704 3758 758 proven-

2175 786 2286 834 tum
2314 794 2450 848 opus
2477 795 2616 834 esse.
2646 779 2782 835 Sunt
2808 791 2857 834 et
2898 779 3009 845 alii,
3039 781 3127 850 qui
3157 779 3271 834 iure
3307 778 3466 834 astris
3490 779 3758 849 aliquibus

2173 869 2476 926 adscribere
2503 870 2738 924 nituntur
2769 869 2863 940 (η).
2895 869 3179 937 Propterea
3207 870 3365 924 docet
3398 885 3495 925 nos
3523 869 3759 938 Spiritus

2173 971 2411 1027 sanctus,
2439 971 2560 1016 ante
2598 961 2962 1016 formationem
2991 960 3179 1015 borum
3220 962 3603 1015 elementorum
3643 975 3759 1014 ser-

2177 1053 2318 1107 moni
2340 1062 2391 1107 et
2417 1061 2682 1122 percepto
2705 1054 2793 1108 Dei
2821 1053 3274 1121 obtemperantem
3303 1050 3547 1110 tellurem
3575 1051 3756 1104 omnia

2176 1143 2378 1198 semina
2416 1141 2665 1207 edidisse,
2713 1144 2857 1196 nullo
2901 1144 3006 1197 alio
3042 1143 3107 1196 ad
3150 1143 3579 1212 conparationem
3623 1155 3761 1208 opus

2178 1233 2478 1288 habentem.
2506 1233 2813 1289 Suﬂiciebat
2849 1234 2989 1287 enim
3024 1235 3073 1287 ei
3119 1247 3213 1301 pro
3253 1229 3505 1287 cornibus
3535 1231 3758 1286 verbum

2180 1325 2348 1380 illud:
2397 1324 2647 1379 Germinrt
2685 1334 2820 1379 terra
2863 1325 3066 1377 herbam
3094 1323 3234 1392 fatui.
3277 1320 3533 1388 Quocirca
3562 1321 3759 1402 divitiae

2179 1416 2464 1486 Scriptura:
2494 1416 2709 1486 vestigia
2750 1430 3057 1485 sequamur,
3093 1430 3261 1484 neque
3289 1414 3521 1466 feramus
3547 1427 3644 1466 eos
3669 1412 3760 1479 qui

2181 1508 2403 1562 adversa
2441 1508 2547 1562 illis
2576 1518 2775 1562 temere
2805 1507 3080 1584 blateratu.
3111 1506 3242 1561 Nam
3279 1505 3485 1560 etiarnsi
3514 1505 3761 1558 homines

2184 1606 2376 1652 terram
2408 1608 2712 1668 operentur,
2739 1597 3166 1667 etjumcntormn
3195 1595 3390 1650 auxilio
3414 1594 3676 1656 fruantur,
3707 1603 3764 1647 et

2181 1705 2424 1760 magnam
2469 1699 2625 1745 terrae
2655 1705 2836 1745 curam
2881 1689 3126 1748 habeant.
3167 1693 3274 1747 etsi
3309 1701 3497 1755 magna
3537 1685 3608 1738 sit
3643 1684 3761 1737 caeli

2184 1782 2491 1851 temperies,
2522 1791 2570 1836 et
2603 1781 2780 1835 omnia
2823 1780 2924 1834 alia
2953 1787 3292 1838 concurrant,
3339 1777 3437 1830 nisi
3468 1786 3622 1829 nutus
3655 1775 3764 1826 Do-

2184 1873 2311 1927 mini
2337 1871 2589 1935 accedat,
2618 1870 2794 1926 omnia
2824 1869 2924 1924 alia
2956 1869 3145 1923 frustra
3173 1878 3224 1922 et
3253 1867 3304 1920 in
3333 1881 3528 1920 vanum
3547 1863 3761 1919 cedent.

2185 1974 2236 2020 et
2266 1963 2396 2018 nihil
2441 1962 2681 2033 proficiet
2717 1962 2888 2032 quivis
2935 1960 3084 2015 labor
3119 1968 3170 2014 et
3213 1959 3398 2021 sudor,
3432 1958 3532 2013 nisi
3576 1971 3768 2010 manus

2189 2056 2393 2110 Domini
2423 2069 2652 2124 superno
2694 2053 2928 2122 adjuvet,
2972 2060 3025 2107 et
3062 2050 3439 2120 perfectiOnem
3485 2050 3569 2102 bis
3609 2049 3770 2102 rebus

2188 2147 2402 2201 tribuat.
2428 2147 2556 2214 Quis
2587 2161 2693 2200 non
2717 2145 3113 2214 obstupesceret
3134 2151 3188 2196 et
3210 2141 3562 2195 admiraretur
3582 2180 3596 2203 ,
3619 2139 3764 2208 cogi-

2189 2245 2303 2290 tans
2331 2236 2598 2306 quomodo
2628 2236 2846 2290 verbum
2888 2234 3095 2288 Domini
3134 2233 3302 2301 illud,
3349 2231 3600 2286 Germiuct
3637 2239 3772 2283 terra

2186 2327 2389 2380 herbam
2418 2329 2559 2398 ρειαί,
2588 2328 2638 2380 in
2665 2327 2775 2396 ipsa
2805 2327 3004 2380 viscera
3029 2335 3183 2378 terra:
3204 2323 3511 2387 descendat,
3535 2331 3588 2374 et
3618 2321 3769 2390 quasi

2187 2421 2482 2475 admirabili
2510 2420 2736 2491 quodam
2767 2420 2940 2490 peplo,
2965 2429 3120 2476 terra:
3150 2419 3334 2474 faciem
3365 2418 3522 2473 variis
3550 2415 3774 2470 ﬂoribus

2188 2510 2451 2565 adornet?
2474 2496 2767 2581 Videreque
2789 2520 2904 2565 erat
2928 2511 3102 2566 subito
3129 2517 3343 2574 terram,
3372 2525 3489 2579 qum
3515 2517 3669 2561 antea
3695 2508 3772 2559 in-

2191 2601 2374 2656 formis
2401 2612 2454 2655 ct
2491 2601 2686 2656 inculta
2712 2612 2826 2655 erat
2850 2643 2865 2666 ,
2894 2612 3092 2654 tantam
3130 2600 3399 2668 accepisse
3426 2597 3774 2667 pniebritmli-

2189 2705 2333 2754 nem,
2366 2699 2424 2743 ut
2459 2690 2610 2760 quasi
2643 2705 2763 2744 cum
2802 2691 2935 2745 eaalo
2972 2698 3224 2744 certaret.
3259 2687 3390 2742 Nam
3416 2688 3553 2741 sicut
3578 2686 3772 2740 cavlum

2190 2780 2346 2848 paulo
2371 2790 2492 2849 post
2532 2779 2825 2835 ornandum
2856 2789 2968 2834 erat
3005 2790 3268 2833 astrorum
3297 2778 3576 2841 varietate,
3605 2777 3682 2829 sic
3720 2784 3775 2828 et

2192 2870 2346 2925 tellus
2371 2871 2558 2926 florum
2591 2871 2864 2941 multijuga
2895 2871 3152 2925 varietate
3175 2870 3493 2928 ornabatur,
3523 2868 3590 2920 ita
3625 2876 3682 2918 ut
3721 2875 3775 2919 rt

2192 2961 2374 3030 Opifex
2421 2962 2474 3016 in
2519 2960 2725 3016 laudem
2763 2964 2878 3031 ejus
2923 2968 3330 3032 prorumperet:
3375 2959 3570 3014 etenim
3611 2955 3773 3021 Vidit,

2190 3054 2295 3118 ait,
2325 3052 2479 3116 Deus,
2506 3052 2642 3122 quod
2667 3063 2792 3106 esset
2821 3052 3023 3106 bonum.

2264 3147 2319 3201 5.
2363 3145 2545 3199 Vidisti
2589 3144 2856 3215 quomodo
2894 3159 2987 3213 per
3031 3142 3250 3213 singula
3289 3156 3406 3212 qnze
3449 3143 3583 3196 facta
3613 3149 3775 3204 sunt,

2194 3236 2438 3292 ostendat
2461 3236 2758 3291 laudantem
2780 3231 3053 3303 Opificem,
3078 3243 3136 3288 ut
3153 3233 3398 3288 homines
3422 3240 3625 3301 postea,
3659 3232 3777 3286 iure

2193 3326 2388 3391 edocti,
2414 3342 2478 3380 ex
2505 3326 2760 3381 creaturis
2785 3325 2850 3380 ad
2887 3325 3192 3380 Creatorem
3236 3323 3615 3378 recurrerent?
3640 3322 3774 3376 Nam

2194 3418 2239 3473 si
2265 3426 2524 3473 creatura:
2563 3415 2864 3487 bnjusmodi
2895 3416 2999 3470 sint
3021 3457 3036 3479 ,
3065 3422 3123 3470 ut
3145 3414 3211 3468 ab
3237 3413 3450 3468 bomine
3480 3428 3580 3484 pro
3603 3413 3777 3483 digni-

2197 3518 2304 3564 tate
2342 3508 2540 3563 laudari
2581 3516 2882 3578 nequeant:
2923 3506 3049 3577 quid
3092 3505 3160 3560 de
3197 3505 3388 3575 opilice
3437 3505 3553 3574 ipso
3595 3504 3778 3559 dicere

2193 3600 2315 3669 quis
2335 3600 2566 3669 poterit?
2592 3599 2655 3653 Et
2679 3599 2844 3663 sidit,
2862 3599 2933 3652 ait
2949 3640 2963 3660 ,
2992 3597 3130 3652 Deus
3153 3597 3288 3666 quod
3309 3606 3433 3651 esset
3454 3597 3658 3650 bonum.
3688 3597 3775 3650 i3.

2196 3694 2264 3746 Et
2292 3697 2479 3762 factum
2508 3702 2579 3747 est
2604 3708 2801 3762 vespere
2823 3732 2837 3754 ,
2868 3697 2917 3745 el
2946 3693 3135 3762 factum
3163 3699 3234 3744 est
3255 3706 3422 3752 mane,
3445 3689 3552 3743 dies
3578 3691 3776 3742 tertius.

2197 3784 2355 3840 Vides
2374 3784 2643 3855 quomodo
2673 3782 2914 3838 iterando
2943 3782 3244 3852 frequenter
3265 3781 3583 3844 doctrinam,
3610 3782 3778 3832 menti

2197 3885 2389 3930 ιιοςιτςιι
2428 3875 2692 3930 dictorum
2724 3875 2828 3928 vim
2864 3874 3084 3944 infigere
3113 3871 3258 3926 vult?
3303 3869 3595 3940 Oportebat
3632 3869 3777 3922 enim

2195 3967 2409 4022 dcere:
2446 3967 2508 4020 Et
2537 3967 2701 4020 factus
2727 3974 2809 4019 est
2840 3963 2957 4019 dies
2987 3964 3196 4018 tertius.
3225 3962 3330 4015 Sed
3355 3959 3476 4014 vide
3509 3957 3782 4028 quomodo

2196 4058 2264 4113 de
2289 4058 2507 4127 singulis
2534 4057 2720 4112 diebus
2747 4059 2824 4112 sic
2849 4057 2991 4111 dicat
3016 4075 3027 4109 :
3059 4054 3126 4109 Et
3154 4055 3345 4124 factum
3370 4061 3441 4106 est
3467 4066 3668 4121 vespere
3685 4090 3704 4115 ,
3733 4062 3782 4104 et

2196 4155 2386 4223 factum
2424 4159 2495 4204 est
2534 4166 2698 4213 omne,
2746 4151 2851 4204 dies
2898 4149 3109 4202 tertius:
3153 4163 3258 4201 non
3304 4145 3636 4214 simpliciter,
3681 4158 3783 4198 nec

2195 4242 2397 4314 absque
2424 4257 2618 4298 causa:
2649 4240 2745 4296 sed
2777 4256 2843 4295 ne
2872 4240 3113 4295 ordinem
3148 4236 3534 4293 confundamus
3558 4277 3574 4301 ,
3605 4249 3784 4305 neque

2196 4344 2441 4404 putemus
2485 4348 2706 4405 vespera
2752 4333 3032 4403 ingruente
3083 4331 3240 4385 linem
3279 4328 3547 4398 accepisse
3595 4325 3782 4390 diem;

2194 4426 2288 4484 sed
2330 4428 2562 4483 sciamus
2602 4438 2878 4492 vesperam
2919 4423 3076 4477 finem
3119 4437 3240 4477 esse
3284 4420 3435 4485 lucis,
3482 4429 3534 4474 et
3585 4420 3787 4488 prittci~

2197 4521 2338 4590 pium
2367 4519 2576 4574 noctis:
2608 4532 2764 4572 mane
2802 4524 2978 4569 autem
3023 4513 3180 4568 finem
3222 4512 3426 4578 noctis,
3461 4517 3516 4565 et
3540 4511 3785 4580 campie-

2198 4619 2433 4666 mentmn
2457 4609 2584 4664 diei.
2609 4608 2720 4662 lloc
2739 4608 2878 4661 enim
2901 4606 3095 4660 docere
3117 4619 3216 4657 nos
3238 4603 3349 4656 vnlt
3376 4603 3563 4657 beatus
3584 4601 3782 4666 Moses,

2197 4703 2378 4758 dicens
2402 4719 2416 4756 :
2448 4699 2517 4754 Et
2541 4699 2728 4769 factum
2750 4707 2822 4752 est
2850 4713 3070 4768 vespere,
3101 4705 3147 4749 et
3177 4698 3366 4765 factum
3391 4701 3462 4747 est
3488 4708 3654 4754 mane,
3673 4692 3786 4747 dies

2197 4795 2388 4847 tertius.
2417 4793 2484 4846 Et
2502 4806 2569 4846 ne
2592 4790 2824 4854 mireris,
2851 4788 3066 4850 dilecte,
3091 4786 3136 4840 si
3159 4785 3271 4841 lucc
3295 4799 3437 4854 stupe
3457 4793 3508 4837 et
3527 4783 3788 4838 continuo

2197 4885 2336 4939 dicat
2384 4883 2559 4938 divina
2609 4881 2901 4950 Scriptura.
2948 4877 3004 4933 Si
3052 4877 3193 4932 enim
3242 4885 3362 4946 post
3407 4883 3606 4930 tantam
3652 4873 3785 4927 dicti

2201 4977 2547 5047 frequentiam
2574 4973 2740 5030 ειυύωὶ
2780 4971 2954 5028 adhuc
2979 4984 3168 5026 errore
3194 4966 3545 5038 przcoccupati
3567 5007 3582 5030 ,
3611 4981 3784 5020 esea:-

2199 5080 2319 5125 cato
2337 5069 2500 5126 corde
2520 5064 2872 5126 contendunt,
2895 5071 2951 5117 et
2970 5076 3244 5130 vesperam
3273 5059 3480 5113 initium
3511 5057 3788 5125 sequentis

2199 5161 2304 5216 diei
2346 5175 2466 5216 esse
2510 5160 2795 5228 opinantur
2821 5155 2931 5225 (b),
2971 5152 3300 5222 deeipientes
3345 5149 3685 5215 semetipsos,
3731 5158 3788 5202 et

2199 5253 2375 5307 adhuc
2404 5251 2456 5306 in
2485 5249 2673 5304 mnbra
2703 5246 2928 5309 sedent,
2963 5244 3182 5299 veritate
3209 5241 3456 5296 omnibus
3485 5239 3743 5308 patefacta
3770 5281 3785 5302 ,

2200 5354 2252 5399 et
2281 5343 2345 5397 ad
2375 5342 2644 5396 lucernam
2685 5336 2955 5399 assident,
2982 5335 3097 5388 sole
3129 5332 3346 5402 justitia:
3389 5341 3557 5384 totum
3599 5329 3786 5383 orbum

2201 5434 2432 5503 undique
2454 5433 2769 5491 illustrante,
2795 5428 2893 5482 nisi
2918 5434 3059 5479 tanta
3086 5423 3354 5492 diligentia
3377 5432 3427 5476 et
3449 5419 3792 5484 accuratione

2201 5525 2494 5590 docuisset,
2525 5521 2682 5592 aliqui
2730 5531 2837 5575 tam
2882 5515 3189 5572 indociliuni
3236 5512 3634 5567 contentionem
3684 5508 3788 5564 fer-

2201 5627 2337 5674 rent.

2263 5729 2336 5786 ta)
2369 5734 2511 5779 Erant
2531 5739 2615 5782 aut
2639 5727 2780 5774 astris
2802 5731 2948 5773 terra:
2972 5722 3198 5786 regimen
3224 5719 3576 5769 adscriberent.
3606 5775 3632 5786 μ’
3687 5772 3718 5786 __
3760 5775 3768 5783 .

2533 5772 3248 5851 dicebautivesperam'iuitium
3273 5793 3384 5832 esse
3409 5775 3664 5842 sequentis
3673 5772 3788 5826 diei.
