4038 6402
295 413 366 469 53
876 410 883 416 ‘
1459 407 1523 468 IN
1559 408 1713 465 car.
1756 404 1796 462 ι.
1835 403 1887 462 c:

1997 403 2079 461 εδ.
2124 404 2353 467 llOMlL.
2394 402 2483 466 VI.
3550 409 3622 469 ω

370 524 672 583 “hortatio
696 525 765 579 ad
787 522 1234 596 obtemperant-tu
1257 519 1561 593 Scripturis,
1590 530 1641 575 et
1676 517 1745 573 ad
1775 519 1885 587 glu-

296 619 431 675 riatl
454 617 874 677 contemnendam
897 632 916 681 ;
945 614 1113 687 gloria
1137 615 1363 671 humo
1388 615 1618 670 uirtutem
1645 612 1892 683 sequitur.

291 739 369 754 —
394 712 461 767 At
493 710 568 765 illi
608 708 821 781 quidem
856 708 1108 765 amentite
1143 724 1258 765 suae
1292 707 1509 781 prtemia
1544 713 1895 777 exspectent:

294 815 397 858 nos
423 807 624 863 autem,
666 799 863 871 quibus
902 798 1169 855 donatum
1198 807 1283 855 est
1313 797 1445 855 solis
1474 796 1696 868 justitite
1733 793 1901 851 radiis

294 892 575 960 illustrari,
601 891 901 948 divinarum
922 890 1318 963 Scripturarum
1341 890 1604 947 doctrinas
1622 888 1899 959 obtempe-

292 1002 515 1045 mus:
543 997 599 1043 et
625 986 767 1042 hunc
789 995 1383 1067 canonemquuentes,
1405 999 1535 1040 sana
1562 982 1812 1054 dogmata
1844 981 1898 1037 in

293 1077 492 1134 mentis
516 1086 715 1133 nostra
742 1077 1109 1148 promptuario
1137 1089 1480 1146 reponamus,
1503 1083 1558 1130 et
1581 1088 1685 1129 una
1709 1086 1896 1128 eorum

292 1183 481 1224 curam
499 1207 516 1232 ,
545 1175 602 1224 et
639 1177 837 1224 nostra
862 1166 1053 1223 salutis
1079 1181 1327 1238 magnam
1356 1164 1770 1222 sollicitudinem
1806 1178 1900 1235 ge-

294 1270 479 1316 rentes
501 1302 517 1325 ,
547 1274 612 1317 ea
638 1274 757 1330 quae
780 1260 975 1315 anima:
1011 1267 1209 1315 nostra
1244 1260 1526 1315 sanitatem
1568 1257 1785 1321 ltedunt,
1818 1254 1900 1310 fu-

293 1349 523 1420 giamus,
565 1349 637 1405 ab
676 1348 980 1421 hujusmodi
1019 1349 1272 1406 erunibus
1319 1349 1471 1420 quasi
1516 1364 1547 1404 a
1583 1346 1899 1419 perniciosis

294 1440 571 1496 veneficiis
588 1440 937 1496 abstinentes.
964 1439 1129 1495 Ilulto
1148 1439 1321 1511 majus
1348 1438 1491 1495 enim
1514 1437 1617 1494 hoc
1637 1438 1896 1493 damnum

292 1542 399 1595 est,
444 1540 500 1586 et
544 1539 692 1586 tanto
728 1530 923 1601 majus,
954 1542 1157 1601 quanto
1187 1530 1364 1586 anima
1411 1543 1642 1600 corpore
1682 1528 1894 1583 melior.

295 1621 389 1677 Illa
418 1624 560 1679 enim
591 1637 795 1678 venena
819 1623 1154 1694 corporalem
1184 1622 1323 1679 hanc
1350 1632 1577 1678 mortem
1602 1620 1893 1677 inducunt:

294 1717 411 1772 tneo
452 1725 632 1772 autem
678 1717 964 1773 sanitatem
1002 1717 1198 1773 anitnre
1242 1716 1585 1780 oﬂendentia,
1635 1723 1894 1771 mternam

292 1806 450 1861 trutinis
502 1814 732 1862 mortem
786 1807 1033 1863 alferunt.
1086 1806 1344 1875 Qotenam
1398 1815 1579 1863 autem
1625 1814 1753 1861 sunt
1804 1804 1894 1861 illa

292 1895 453 1953 nobis
477 1897 492 1929 '
523 1896 863 1967 perniciosa?
886 1897 1044 1954 Ilulta
1082 1908 1137 1954 et
1164 1898 1334 1964 varia,
1365 1898 1597 1953 maxime
1619 1905 1799 1952 autem
1824 1896 1894 1952 ad

292 1988 583 2045 humanam
640 1990 865 2060 gloriam
921 2000 1166 2062 spectare
1217 2000 1273 2047 et
1324 1990 1536 2048 nescire
1590 2005 1711 2047 eam
1762 2004 1896 2045 con-

288 2087 553 2136 temnere.
585 2080 696 2137 lloe
719 2083 863 2137 enim
904 2083 1193 2138 multorum
1230 2081 1385 2137 nobis
1427 2081 1686 2137 malorum
1730 2094 1893 2138 causa

287 2182 373 2228 est
400 2180 502 2227 τρι
524 2172 569 2227 si
594 2189 729 2244 quas
757 2174 1063 2244 spirituales
1093 2174 1356 2229 habemus
1379 2173 1615 2242 divitias,
1644 2188 1738 2230 eas
1762 2188 1892 2229 eva-

287 2271 437 2330 enat,
463 2273 518 2319 et
547 2264 775 2319 utilitate
799 2306 814 2330 ,
846 2281 965 2336 quze
990 2282 1055 2321 es
1083 2267 1165 2321 eis
1198 2266 1315 2336 capi
1348 2272 1559 2336 potest,
1586 2280 1685 2320 nos
1719 2264 1891 2319 desti-

289 2356 411 2411 tuit.
465 2356 603 2425 Quid
658 2357 819 2428 igitur
864 2356 1025 2414 fuerit
1077 2357 1277 2415 damno
1334 2357 1438 2414 hoc
1493 2356 1891 2429 perniciosius?

286 2446 729 2520 Quandoquidem
773 2448 825 2505 id
853 2458 1099 2520 prarstat,
1142 2458 1202 2506 ut
1240 2465 1272 2505 a
1306 2450 1462 2505 nobis
1490 2450 1704 2505 avolent
1727 2449 1889 2505 etiam

287 2554 351 2594 ea
382 2554 501 2609 qua:
547 2554 646 2594 nos
686 2538 881 2596 habere
906 2547 1175 2612 putamus.
1207 2540 1299 2597 Sic
1342 2540 1645 2597 Pharisteus
1672 2541 1760 2597 ille
1790 2557 1891 2611 pu-

289 2628 504 2683 blicano
530 2631 706 2684 minor
739 2628 909 2685 factus
934 2638 1050 2697 est,
1082 2646 1147 2687 eo
1171 2632 1313 2702 quod
1344 2632 1539 2702 lingua:
1573 2647 1686 2687 sua:
1723 2631 1893 2701 impe-

288 2735 411 2777 rare
444 2736 551 2775 non
592 2721 761 2792 potuit
789 2720 939 2793 (Luc.
980 2724 1111 2796 l8):
1160 2723 1254 2779 sed
1298 2739 1394 2794 per
1434 2724 1577 2779 illam
1616 2723 1757 2778 sicut
1796 2738 1893 2793 per

290 2810 579 2869 fenestram
609 2813 840 2884 aliquam
868 2830 1057 2871 omnes
1090 2815 1305 2870 divitias
1346 2832 1471 2871 suas
1503 2814 1712 2871 ell'udit.
1743 2814 1888 2871 Tan-

289 2914 401 2959 tum
432 2914 517 2961 est
545 2905 719 2961 inanis
738 2906 922 2977 gloria:
947 2906 1164 2963 malum.

359 2996 413 3051 ι
457 2994 589 3060 Die,
621 2995 886 3065 obsecro,
929 2996 1098 3065 mihi,
1129 3012 1226 3053 cur
1266 3007 1322 3055 et
1363 3013 1465 3069 qua
1509 3000 1578 3054 de
1621 3014 1779 3054 causa
1818 2997 1888 3053 ita

290 3084 567 3140 hominum
599 3085 756 3141 laude
796 3088 1034 3143 teneris?
1058 3087 1244 3143 Nescis
1267 3129 1283 3153 ,
1323 3087 1465 3159 quod
1495 3088 1625 3143 sicut
1659 3088 1844 3143 umbra
1869 3129 1886 3153 ,

286 3186 343 3231 ct
369 3179 413 3232 si
437 3178 566 3250 quid
594 3179 681 3233 illa
715 3178 891 3245 vilius,
922 3179 993 3233 ita
1017 3179 1230 3234 illorum
1259 3179 1373 3234 laus
1403 3179 1456 3234 in
1485 3194 1665 3235 acrem
1695 3177 1887 3233 diffusa

287 3268 614 3324 evanescat?
641 3267 888 3338 Alioquin
915 3268 1224 3324 inconstans
1249 3276 1305 3323 et
1329 3268 1586 3324 mutabile
1607 3279 1690 3323 est
1715 3268 1889 3324 homi-

289 3373 417 3412 num
442 3373 634 3430 genus.
680 3369 735 3414 et
766 3358 839 3413 illi
869 3358 968 3430 ipsl
994 3360 1266 3426 eumdem,
1293 3376 1452 3431 quem
1480 3375 1622 3416 nunc
1648 3360 1887 3426 laudant,

290 3468 397 3505 non
441 3451 611 3505 multo
650 3461 767 3521 post
809 3451 1158 3520 vituperant:
1198 3451 1344 3522 quod
1384 3452 1436 3507 in
1483 3454 1750 3509 sententia
1795 3453 1886 3509 Dei

291 3560 586 3614 tuunqunn
632 3544 905 3600 usuvenit.
936 3543 1015 3600 Ne
1042 3544 1201 3615 igitur
1233 3545 1301 3599 ita
1331 3544 1679 3616 desipiamus,
1711 3561 1780 3602 ne
1804 3555 1887 3602 tc-

290 3652 440 3691 mere
478 3646 533 3692 et
570 3636 773 3707 absque
812 3635 985 3693 fructu
1014 3636 1259 3692 fallamus
1287 3652 1386 3699 nos
1416 3638 1579 3705 ipsos.
1624 3637 1758 3693 Nam
1786 3640 1889 3696 etsi

290 3726 488 3781 homno
515 3725 768 3797 quiddam
800 3729 1048 3795 facimus,
1075 3744 1182 3783 non
1207 3738 1388 3784 autem
1420 3739 1638 3800 propter
1668 3730 1768 3784 hoc
1794 3745 1886 3784 so-

291 3818 402 3871 lum
426 3818 651 3888 aginms,
681 3827 740 3874 ut
764 3818 1073 3875 mandatum
1104 3819 1314 3876 Domini
1343 3821 1511 3876 nostri
1544 3821 1885 3891 impleamus,

288 3910 447 3982 eique
482 3911 581 3967 soli
625 3913 821 3983 cogniti
852 3912 1019 3968 simus
1042 3955 1059 3979 ,
1087 3913 1324 3969 laborem
1363 3914 1505 3971 hunc
1535 3914 1730 3972 frustra
1761 3934 1887 3973 sus-

288 4002 516 4073 cipimus
536 4046 551 4067 ,
587 4020 791 4075 nosque
822 4005 1092 4075 privanius
1146 4004 1319 4061 fructu
1342 4046 1359 4074 ,
1388 4022 1545 4078 quem
1583 4007 1709 4064 inde
1734 4024 1885 4063 asse-

288 4097 379 4167 qui
425 4096 631 4152 liceret.
684 4096 814 4152 Nam
865 4098 910 4155 is
956 4099 1044 4169 qui
1093 4109 1153 4154 ut
1191 4099 1263 4154 ab
1305 4099 1612 4156 hominibus
1658 4101 1884 4172 gloriam

289 4199 530 4251 venetur.
556 4190 683 4261 quid
711 4191 836 4246 boni
858 4202 1135 4261 operatur,
1164 4193 1279 4249 sive
1305 4209 1367 4248 ea
1400 4194 1501 4248 frui
1530 4195 1745 4265 poterit,
1773 4195 1887 4253 sive

290 4298 431 4347 non;
459 4296 604 4351 sepe
629 4282 771 4337 enim
794 4292 848 4337 et
867 4282 955 4353 qui
982 4292 1197 4353 propter
1220 4283 1434 4340 inanem
1458 4286 1683 4357 gloriam
1704 4288 1883 4342 omnia

290 4370 451 4437 facit,
480 4372 641 4427 etiam
682 4374 795 4443 ipsa
823 4373 1143 4440 frustratur;
1189 4376 1305 4433 sive
1332 4377 1491 4448 igitur
1516 4394 1577 4433 ea
1612 4380 1844 4449 potiatur
1864 4423 1879 4445 ,

286 4457 400 4517 sive
428 4478 533 4516 non
554 4502 571 4528 ,
597 4464 731 4517 satis
777 4462 863 4518 hic
893 4465 1261 4523 retributionis
1295 4470 1535 4540 accepit,
1564 4480 1620 4526 et
1655 4473 1723 4528 ibi
1753 4473 1881 4528 nihil

287 4552 514 4622 accipiet
541 4554 904 4624 pnetniorum.
934 4554 1112 4624 Quare
1142 4556 1283 4615 hoc?
1310 4560 1443 4628 Quia
1476 4562 1767 4632 pra-ferens
1795 4562 1881 4617 fu-

286 4641 420 4697 turis
462 4644 791 4717 Ipmsentia,
833 4654 890 4701 et
922 4645 1051 4715 justi
1096 4646 1297 4704 Judicis
1342 4651 1550 4706 calculo
1594 4653 1880 4710 humanam

281 4731 529 4802 gloriam,
560 4732 833 4805 indignum
864 4750 924 4791 se
964 4737 1138 4793 reddit
1173 4740 1260 4809 qui
1286 4756 1316 4797 a
1342 4741 1527 4801 indice
1566 4744 1873 4801 bonoretur.

280 4821 479 4878 Contra
507 4823 552 4878 si
583 4834 800 4895 propter
827 4824 929 4882 hoc
955 4828 1127 4883 solum
1159 4845 1445 4900 operemur
1473 4836 1748 4903 spirituale
1777 4838 1878 4891 ali-

280 4912 422 4981 quod
453 4914 653 4970 honum
680 4955 695 4977 ,
725 4926 782 4970 ut
819 4918 1121 4986 placeamus
1147 4924 1300 4977 oculo
1328 4926 1400 4979 illi
1428 4928 1527 4981 soli
1554 4969 1567 4993 ,
1597 4930 1685 4999 qui
1714 4930 1878 5000 sopiri

280 5005 479 5069 nescit,
504 5012 558 5059 et
583 5004 671 5058 cui
700 5006 838 5060 nuda
869 5015 924 5063 et
951 5021 1130 5077 aperta
1158 5023 1282 5068 sunt
1307 5018 1485 5071 omnia
1530 5037 1546 5072 :
1577 5030 1630 5075 et
1661 5021 1877 5077 thesau-

279 5108 372 5149 rus
402 5104 588 5150 noster
614 5097 666 5150 in
694 5105 807 5151 tuto
832 5099 954 5162 erit,
977 5108 1031 5155 et
1057 5101 1378 5176 incorruptte
1409 5124 1506 5163 nos
1535 5127 1743 5169 merces
1765 5130 1879 5169 ma-

280 5186 512 5251 nebunt,
544 5196 599 5241 et
637 5205 701 5242 es
749 5189 860 5257 ipsa
901 5206 1085 5247 earum
1119 5198 1267 5250 suavi
1296 5201 1694 5269 exspectatione
1722 5206 1877 5262 nobis

279 5277 445 5331 multa
467 5280 769 5335 consolatio
788 5283 909 5344 erit,
928 5283 1055 5339 dum
1081 5285 1131 5339 in
1155 5298 1366 5358 prompt
1389 5294 1540 5359 tario,
1559 5296 1699 5364 quod
1717 5314 1877 5353 nemo

275 5368 510 5439 diripere
538 5372 727 5439 poterit
753 5414 765 5436 ,
804 5374 891 5427 illa
922 5374 1077 5429 nobis
1112 5380 1256 5432 salva
1294 5385 1590 5439 emtoditur
1616 5403 1825 5445 merces
1857 5410 1871 5448 :

278 5460 386 5515 imo
432 5462 673 5527 sequitur
715 5464 877 5518 etiam
919 5466 1086 5535 gloria
1129 5466 1380 5527 humana.
1430 5474 1581 5531 Tunc
1609 5481 1751 5535 enim
1784 5482 1873 5539 illa

278 5550 447 5605 multo
470 5550 685 5605 uberius
708 5553 950 5620 fruimur,
973 5557 1187 5625 quando
1206 5575 1322 5615 eam
1342 5563 1685 5638 despicimus,
1705 5586 1874 5643 quan-

275 5643 348 5701 do
389 5659 510 5701 eam
552 5660 658 5700 non
689 5648 974 5717 quaerimus
998 5691 1012 5716 ,
1045 5653 1259 5721 quando
1287 5671 1406 5714 eam
1442 5675 1549 5717 non
1580 5674 1867 5723 sectamur.

346 5827 367 5862 ⁵
398 5826 542 5879 sarit.
567 5834 621 5879 et
638 5828 830 5894 quidam
850 5836 945 5882 llas
964 5870 978 5891 ,
1001 5831 1149 5887 tabis.

2009 513 2074 572 Et
2122 516 2248 589 quid
2290 517 2542 583 miraris,
2570 517 2619 575 si
2661 516 2765 578 hoc
2803 516 3021 577 eveniat
3066 518 3135 577 iis
3176 519 3269 593 qui
3309 522 3616 593 spiriutatcs

2006 607 2360 680 philosophos
2398 619 2603 682 agunt,
2631 624 2755 667 cum
2793 619 2853 668 et
2892 611 3045 667 multi
3089 625 3278 669 eorum
3321 614 3412 685 qui
3453 613 3616 686 hujus

2006 697 2191 754 mundi
2232 698 2410 757 studia
2445 710 2739 768 sectantur,
2769 716 2868 759 eos
2904 702 3139 759 maxime
3177 714 3528 762 contemnant
3554 717 3611 763 et

2003 788 2324 862 despiciant,
2353 794 2445 864 qui
2472 793 2542 850 ab
2566 793 2872 851 hominibus
2893 794 3121 866 gloriam
3143 806 3393 867 qutun-unt
3412 838 3428 863 ,
3460 797 3609 854 inve-

2006 887 2230 956 niesque
2253 884 2322 942 ab
2346 886 2596 943 omnibus
2618 885 2860 944 dicteriis
2889 887 3085 944 incessi
3119 902 3218 945 eos
3243 888 3336 961 qui
3363 888 3619 945 humana:

2004 977 2190 1050 gloria:
2220 978 2467 1036 inhiant?
2491 980 2631 1051 Quid
2661 980 2821 1053 igitur
2848 981 3103 1038 miserius
3124 980 3301 1051 nobis,
3328 982 3419 1053 qui
3447 982 3611 1053 spiri-

2006 1069 2165 1125 tualia
2195 1080 2465 1127 sectamur
2482 1113 2499 1140 ,
2525 1072 2570 1128 si
2597 1072 2803 1129 similes
2833 1072 2938 1129 illis
2956 1113 2973 1138 ,
2998 1072 3260 1130 celebrari
3287 1074 3356 1131 ab
3383 1073 3615 1129 homini-

2004 1159 2106 1216 bus
2125 1161 2427 1232 cupiamus,
2448 1174 2502 1219 et
2525 1163 2571 1218 si
2594 1179 2711 1218 non
2727 1172 2810 1219 sat
2831 1162 2986 1220 fuerit
3009 1164 3167 1221 nobis
3181 1180 3215 1220 a
3238 1165 3349 1222 Deo
3370 1165 3571 1222 laudari
3586 1166 3614 1221 τ

2003 1250 2146 1307 sicut
2163 1262 2220 1307 et
2249 1251 2443 1309 Paulus
2468 1253 2597 1311 dicit
2632 1271 2647 1309 :
2676 1254 2835 1326 Cujus
2866 1256 3032 1328 gloria
3062 1272 3164 1311 una
3191 1256 3568 1313 eskoodnibus
3588 1299 3607 1325 ,

2003 1345 2094 1398 sed
2134 1360 2199 1399 ea:
2244 1344 2350 1400 Deo
2380 1345 2577 1416 (Rom.
2613 1345 2668 1401 2.
2710 1345 2822 1419 29)
2889 1347 3005 1403 Non
3048 1347 3199 1404 vides
3225 1389 3242 1414 ,
3280 1348 3510 1414 dilecte,
3555 1350 3608 1404 in

2002 1433 2348 1499 Circensibus
2372 1436 2533 1507 ludis,
2562 1437 2835 1510 quomodo
2867 1437 2900 1493 ii
2929 1439 3018 1510 qui
3045 1454 3215 1510 etjuos
3244 1440 3469 1509 agitant,
3500 1454 3609 1495 non

2002 1525 2292 1583 advertunt
2343 1529 2586 1600 plausum
2631 1540 2685 1586 et
2734 1530 2972 1587 favorem
3014 1530 3197 1603 populi
3238 1531 3527 1589 assidentis
3553 1543 3606 1589 et

2001 1620 2371 1691 acclamantis,
2398 1638 2572 1694 neque
2595 1638 2664 1680 ea
2687 1638 2753 1679 eo
2780 1624 2968 1695 plausu
2996 1624 3323 1694 voluptatem
3348 1624 3565 1695 capiunt
3590 1643 3603 1679 :

2001 1711 2097 1768 sed
2125 1712 2193 1768 ad
2225 1728 2389 1768 unum
2430 1716 2604 1770 solum
2631 1724 2876 1786 spectant
2913 1713 3297 1785 Imperatorem
3328 1715 3382 1771 iu
3428 1713 3607 1771 modio

1999 1802 2302 1871 sedentem,
2326 1811 2383 1860 et
2405 1804 2471 1860 ad
2501 1814 2690 1861 autum
2720 1806 2867 1862 illius
2889 1808 3249 1875 attendentes,
3275 1814 3440 1864 totam
3467 1808 3607 1862 mul-

2001 1895 2283 1951 titudiuem
2312 1896 2657 1969 despiciunt,
2686 1906 2743 1954 et
2771 1907 2898 1954 tunc
2922 1900 3097 1955 solum
3124 1898 3307 1954 animo
3333 1900 3605 1956 extollun-

2001 1995 2108 2053 tur,
2127 2003 2247 2044 eum
2265 1988 2357 2045 ille
2373 2003 2470 2045 eos
2484 1991 2863 2046 eoronaverit?
2886 1990 2997 2046 llos
3017 1990 3178 2062 igitur
3196 2000 3255 2046 et
3272 2000 3326 2047 tu
3344 1992 3599 2059 imitatus,

1998 2095 2106 2136 son
2147 2083 2322 2155 magni
2353 2083 2611 2139 monteuti
2655 2081 2818 2140 facito
2848 2084 3125 2140 hominum
3166 2083 3362 2140 famam
3385 2126 3400 2149 ,
3430 2100 3605 2155 neque

2002 2181 2223 2244 propter
2264 2189 2383 2230 eam
2426 2175 2676 2232 virtutem
2715 2186 2974 2233 exerceas
2998 2218 3014 2244 ,
3048 2175 3142 2233 sed
3172 2192 3202 2230 a
3239 2176 3387 2247 justo
3417 2176 3609 2233 Judice

1996 2264 2317 2323 seruandam
2342 2275 2615 2337 exspecta,
2640 2276 2697 2323 et
2719 2267 2786 2323 ad
2815 2268 2959 2323 illius
2984 2277 3171 2323 nututn
3201 2268 3438 2324 intentus
3461 2279 3601 2324 esto.

1996 2355 2087 2413 Sic
2112 2374 2327 2413 omnem
2360 2359 2524 2413 vitam
2556 2367 2701 2414 tuam
2729 2358 2980 2430 dispenso
2998 2400 3013 2425 ,
3044 2368 3099 2414 ut
3122 2369 3177 2415 et
3202 2358 3290 2416 hic
3316 2359 3605 2414 continen-

1998 2457 2082 2503 ter
2109 2449 2248 2505 bona
2288 2464 2387 2519 spe
2426 2450 2663 2520 pascaris
2685 2490 2702 2519 ,
2733 2459 2790 2506 et
2828 2450 2935 2506 illic
2961 2450 3179 2507 :eternis
3209 2452 3386 2508 fruare
3412 2452 3565 2507 bonis
3584 2490 3601 2517 ,

1995 2553 2118 2610 qua:
2157 2548 2213 2593 ut
2243 2553 2342 2593 nos
2369 2554 2560 2595 onum
2586 2553 2972 2610 assequamur,
3002 2538 3131 2595 faxit
3161 2540 3330 2612 gratia
3356 2552 3410 2597 et
3438 2542 3602 2597 mise-

1994 2631 2226 2687 ricordia
2270 2632 2478 2687 Domini
2521 2632 2689 2687 nostri
2729 2631 2855 2689 Jcsu
2885 2633 3084 2689 Christi
3110 2675 3126 2699 ,
3157 2649 3283 2689 cum
3314 2649 3423 2705 quo
3458 2634 3603 2690 Patri

1993 2732 2049 2779 et
2078 2722 2300 2794 Spiritui
2335 2732 2525 2779 sant-to
2550 2726 2617 2779 sit
2644 2725 2814 2797 gloria
2841 2767 2855 2789 ,
2885 2740 2936 2782 e:
2972 2726 3257 2797 imperium
3292 2735 3349 2783 cl
3389 2727 3561 2782 honor
3583 2768 3601 2795 ,

1993 2828 2139 2870 nunc
2159 2824 2215 2869 et
2240 2829 2487 2885 semper,
2516 2825 2570 2870 et
2597 2815 2651 2871 in
2682 2817 2878 2871 sa-eula
2907 2818 3251 2873 smculorum.
3283 2819 3476 2874 Amen.

2587 2930 2870 2986 IIOMILIA
2915 2932 3002 2988 VI.

1996 3043 2061 3098 Et
2084 3042 2220 3097 dixit
2247 3041 2392 3098 Deus
2420 3060 2434 3099 :
2468 3040 2623 3097 Fiant
2649 3043 2930 3097 luorinaria
2959 3045 3014 3098 in
3040 3044 3362 3113 [irritamento
3393 3044 3509 3101 ccli
3530 3047 3600 3100 ad

2064 3133 2491 3189 illatmnatiouem
2516 3149 2669 3203 super
2694 3145 2881 3188 terram
2925 3176 2941 3203 ,
2968 3145 3024 3190 ut
3051 3134 3281 3190 dividant
3307 3137 3438 3190 inter
3465 3136 3600 3191 diem

2064 3237 2110 3281 et
2139 3228 2272 3281 inter
2293 3236 2511 3291 nectent,
2538 3235 2586 3280 et
2614 3226 2714 3280 sint
2741 3226 2792 3281 in
2815 3227 2964 3297 signa
2987 3268 3004 3295 ,
3030 3239 3078 3282 et
3104 3228 3159 3283 in
3187 3237 3416 3299 tempora
3437 3270 3453 3295 ,
3476 3239 3523 3283 et
3545 3230 3598 3283 in

2065 3319 2192 3387 dies,
2223 3319 2351 3373 etin
2377 3334 2539 3373 annos
2561 3316 2715 3392 (Gen.
2752 3319 2802 3373 l.
2838 3318 2949 3390 η).

2065 3454 2119 3510 l.
2165 3453 2299 3510 Volo
2336 3453 2549 3509 solizam
2590 3461 2821 3509 tractare
2859 3452 3157 3509 doctrinam
3183 3496 3198 3517 ,
3226 3461 3284 3510 et
3322 3463 3510 3525 torpeo
3536 3471 3601 3512 ac

1992 3546 2278 3600 detrecto:
2308 3553 2545 3600 mentem
2589 3544 2733 3599 enim
2778 3559 2951 3599 meam
2997 3543 3239 3601 confudit
3280 3554 3337 3601 et
3375 3555 3597 3601 contur-

1993 3637 2141 3693 bavit
2180 3636 2566 3707 superveniens
2610 3636 2842 3691 tristitiae
2883 3635 3056 3691 nubes
3088 3654 3101 3691 :
3134 3636 3243 3691 imo
3283 3652 3389 3691 non
3424 3638 3598 3693 solum

1994 3726 2254 3793 tristitiat,
2284 3726 2381 3782 sed
2408 3732 2458 3782 et
2487 3726 2579 3781 ira:
2599 3766 2615 3791 ,
2642 3726 2713 3780 ita
2744 3734 2803 3781 ut
2830 3725 3065 3780 nesciam
3094 3724 3221 3796 quid
3249 3725 3547 3781 faciendum
3580 3744 3594 3781 :

1993 3828 2227 3875 mentem
2270 3819 2413 3875 enim
2443 3828 2672 3890 occupat
2700 3817 2990 3875 hzesitatio.
3042 3817 3177 3873 Cum
3204 3818 3349 3873 enim
3377 3819 3555 3889 cogito
3578 3858 3597 3886 ,

1992 3926 2089 3966 vos
2115 3926 2331 3966 omnem
2364 3910 2509 3965 illam
2539 3919 2778 3965 nostram
2807 3907 3130 3974 doetrinam,
3153 3918 3208 3964 et
3231 3908 3598 3979 quotid‘anam

1990 4002 2411 4059 admoniiouem
2451 4002 2518 4058 ad
2563 4001 2834 4057 modicum
2879 4000 3075 4057 diaboli
3120 4000 3305 4056 ﬂatum
3336 4001 3596 4057 oblivioni

1992 4096 2275 4152 tradidisse
2299 4138 2315 4163 ,
2341 4105 2397 4151 et
2441 4095 2508 4151 ad
2539 4095 2836 4151 satanicum
2877 4094 3027 4150 illum
3068 4105 3374 4165 equesuem
3409 4093 3594 4149 ludum

1989 4201 2180 4242 omnes
2207 4186 2574 4255 concurrisse,
2604 4202 2707 4259 qua
2738 4185 3014 4241 alacritate
3055 4196 3248 4256 potero
3273 4186 3463 4241 iterum
3491 4186 3591 4241 do-

1989 4280 2216 4335 ctrinam
2248 4278 2460 4335 tmdere
2484 4320 2499 4344 ,
2526 4294 2647 4335 cum
2685 4276 2864 4347 priora
2892 4285 2999 4332 tam
3032 4278 3140 4332 cito
3168 4278 3350 4331 animo
3374 4276 3592 4333 excide-

1988 4369 2133 4425 rint?
2177 4370 2287 4425 Iloc
2314 4370 2457 4426 enim
2485 4378 2567 4425 est
2595 4368 2736 4440 quod
2768 4368 3103 4438 potissimum
3144 4383 3229 4421 me
3259 4376 3509 4438 torquet,
3537 4379 3592 4422 et

1987 4463 2053 4517 ad
2099 4464 2230 4517 iram
2275 4472 2578 4518 commovet
2604 4502 2618 4526 ,
2661 4460 2803 4532 quod
2834 4475 2956 4515 cum
3000 4469 3182 4515 nostra
3227 4459 3591 4515 admonitione

1989 4555 2343 4611 reverentiam
2371 4556 2531 4610 etiam
2550 4596 2565 4621 ,
2588 4570 2747 4625 quam
2768 4568 2938 4607 sacrae
2962 4551 3397 4622 Qitadragcsimm
3422 4551 3590 4606 ὐιοιιρ-

1989 4646 2073 4711 tis,
2107 4662 2171 4700 ex
2203 4647 2383 4700 animo
2406 4654 2587 4701 vestro
2616 4643 2772 4700 simul
2803 4644 3070 4713 ejeceritis
3091 4683 3108 4709 ,
3138 4658 3341 4714 vosque
3368 4644 3445 4697 sic
3470 4643 3523 4698 di
3543 4664 3590 4695 ι-

1988 4735 2093 4790 boli
2126 4736 2328 4791 retibus
2354 4734 2703 4791 introlveritis.
2733 4734 3013 4801 Quomodo
3034 4734 3153 4804 quis
3182 4734 3396 4804 poterit.
3425 4734 3591 4789 etiam

1984 4828 2069 4882 cui
2097 4843 2291 4884 saxeus
2311 4828 2521 4883 animus
2536 4869 2551 4891 ,
2579 4835 2785 4883 tantum
2811 4835 3175 4896 contemptum
3200 4842 3305 4881 non
3326 4829 3589 4898 gravatim

1984 4919 2167 4977 ferre?
2196 4922 2403 4977 Pudore
2430 4920 2659 4989 aflicior,
2686 4922 2925 4987 credite;
2955 4932 3011 4977 et
3035 4922 3317 4989 erubesco,
3350 4937 3472 4977 cum
3502 4922 3584 4975 vi.

1982 5012 2086 5067 deo
2110 5028 2208 5069 nos
2231 5016 2422 5068 frustra
2446 5012 2713 5079 laborare,
2736 5023 2791 5069 et
2812 5014 2863 5068 in
2892 5026 3038 5083 petra
3061 5022 3357 5069 sementem
3376 5012 3587 5083 jacere.

1983 5108 2053 5161 At
2082 5107 2213 5162 mihi
2241 5107 2455 5177 quidem
2486 5108 2599 5163 sive
2627 5106 2765 5161 dicta
2814 5121 2932 5162 mea
2958 5107 3186 5162 audiatis
3212 5147 3227 5171 ,
3257 5107 3369 5160 sive
3397 5105 3585 5161 audire

1981 5203 2377 5268 contcnmatis,
2422 5215 2633 5257 merces
2681 5216 2796 5256 mea
2840 5202 3043 5272 integra
3089 5202 3211 5257 erit.
3255 5201 3385 5256 Nam
3423 5215 3587 5255 omne

1980 5292 2120 5362 quod
2150 5308 2326 5347 meum
2352 5303 2491 5360 erat,
2524 5293 2622 5350 feci
2654 5312 2667 5349 :
2696 5294 2977 5365 pecuniam
3006 5292 3361 5355 dinumeravi,
3391 5291 3580 5346 admo-

1983 5386 2216 5440 nitiones
2241 5385 2458 5441 adhibui
2485 5405 2499 5442 :
2522 5387 2687 5443 timeo
2711 5397 2910 5454 autem,
2934 5395 2989 5442 et
3009 5388 3199 5441 anxius
3226 5401 3366 5450 sum,
3392 5399 3457 5439 ne
3480 5383 3583 5439 hoc

1981 5478 2135 5532 vobis
2172 5476 2238 5532 ad
2275 5478 2533 5548 majorem
2578 5480 2973 5535 accusationem
3016 5479 3189 5534 cedat.
3226 5477 3417 5533 Servus
3446 5475 3583 5529 enim

1978 5570 2095 5635 ille,
2124 5570 2219 5634 ait,
2250 5571 2337 5640 qui
2363 5572 2458 5625 scit
2502 5571 2810 5627 voluntatem
2849 5572 3041 5626 domini
3078 5572 3192 5635 sui,
3213 5579 3259 5623 et
3287 5586 3387 5623 non
3418 5570 3542 5640 facit
3562 5611 3579 5635 ,

1980 5660 2235 5730 vapulabit
2262 5662 2433 5717 multis
2466 5661 2617 5734 (Luc.
2650 5663 2738 5719 19..
2770 5661 2885 5735 47).
2916 5662 3129 5719 Nullum
3155 5661 3299 5716 enim
3325 5660 3578 5730 cuiquam

1979 5765 2211 5808 vestrum
2242 5754 2307 5809 ad
2352 5754 2705 5825 ignorantiam
2733 5757 2835 5813 erit
2864 5755 3126 5826 refugium
3154 5796 3170 5821 ,
3202 5770 3324 5811 cum
3357 5768 3455 5808 nos
3482 5767 3577 5807 ea-

1981 5845 2099 5903 Jem
2141 5846 2377 5919 quctidie
2422 5847 2763 5919 insonemus,
2804 5858 2857 5906 et
2896 5849 3242 5906 ostendamus
3282 5844 3577 5902 diabolieos
