4038 6412
478 385 549 444 85
1240 383 1295 442 S.
1336 381 1610 441 lO.\.\'.\'|S
1646 380 2065 440 CHRYSOSTO!

2169 381 2489 441 ARClllEP.
2526 382 3065 442 CONSTANTINOP.
3697 382 3776 439 56

480 500 717 570 laqueos,
749 511 796 551 ct
827 514 1069 570 magnam
1099 500 1307 555 virtutis
1336 497 1664 566 facilitatem,
1695 499 1740 553 si
1772 509 1947 553 tamen
1977 498 2057 549 vi-

475 592 611 661 giles
645 605 768 647 esse
801 591 1144 646 voluerimus.
1191 592 1272 646 Au
1317 589 1530 644 nescitis
1554 602 1648 646 eos
1689 589 1777 659 qui
1806 587 1886 652 sie
1910 601 2061 642 suam

480 684 704 736 salutem
735 682 1026 753 negligunt,
1059 690 1112 735 et
1130 679 1413 750 aliquando
1443 679 1547 734 huc
1571 678 1808 746 veniunt,
1830 678 2064 748 aliquan-

486 772 559 828 do
585 785 762 828 autem
796 775 846 828 in
874 774 1173 830 da-monutn
1199 772 1330 827 retia
1357 787 1415 826 se
1443 771 1705 842 injiciuut,
1733 786 1768 828 a
1789 770 2064 842 Scriptura

479 864 656 919 divina
688 865 908 919 canibus
949 863 1284 933 comparari?
1329 862 1498 919 Homo
1531 864 1671 919 enim
1695 901 1713 928 ,
1741 861 1948 932 inquit,
1979 861 2063 929 qui

478 957 782 1008 convenitur
807 971 839 1006 α
866 964 1068 1025 peccato
1093 971 1216 1020 suo,
1243 965 1289 1009 et
1329 957 1510 1010 iterum
1535 955 1587 1008 in
1626 953 1848 1023 idipsum
1890 953 2021 1007 redit
2047 993 2062 1018 ,

479 1045 661 1099 similis
697 1055 768 1098 est
804 1045 922 1097 cani
961 1045 1030 1097 ad
1070 1045 1310 1100 vomitum
1341 1061 1487 1100 «aut
1523 1043 1950 1116 redeunti(Proa.
1971 1042 2064 1100 26.

483 1133 593 1205 ll).
627 1134 784 1189 Vides
810 1135 893 1189 cui
920 1135 1124 1190 similes
1151 1134 1274 1190 facti
1313 1134 1548 1205 suntqui
1588 1134 1653 1189 ad
1693 1134 1934 1190 illicitum
1966 1133 2067 1191 hoc

481 1225 843 1297 spectaculum
891 1225 1279 1281 occurrerunt?
1321 1224 1434 1280 Non
1481 1225 1706 1281 audistis
1751 1223 2020 1280 Christum
2047 1265 2063 1291 ,

482 1315 750 1371 dicentem
783 1334 796 1369 :
829 1316 1006 1370 Omnis
1035 1317 1122 1387 qui
1144 1317 1285 1369 audit
1314 1316 1406 1371 hos
1435 1332 1686 1370 sermones
1713 1332 1869 1380 meos,
1891 1326 1939 1369 et
1966 1331 2066 1370 non

483 1405 609 1476 facit
635 1423 719 1461 eos
738 1448 752 1471 ,
780 1407 958 1460 similis
989 1407 1084 1460 erit
1109 1407 1216 1461 viro
1241 1407 1396 1462 stulto
1413 1448 1430 1473 ,
1458 1407 1545 1476 qui
1567 1407 1835 1478 cdiﬁcuvit
1861 1407 2067 1461 domum

483 1515 628 1553 suam
655 1514 806 1568 super
833 1515 1042 1552 arenam
1058 1513 1079 1564 ,°
1119 1513 1167 1554 ct
1206 1509 1443 1554 venerunt
1469 1501 1683 1569 [lumina
1705 1540 1720 1564 ,
1749 1508 1796 1554 ct
1823 1501 2068 1570 ﬂaverant

483 1591 617 1647 acuti
637 1601 738 1658 ,-ct
766 1592 1022 1646 irruertmt
1058 1593 1110 1646 in
1142 1591 1348 1646 domum
1374 1592 1547 1656 illam,
1579 1602 1626 1645 ct
1663 1590 1874 1659 cecidit,
1902 1600 1948 1646 et
1972 1591 2070 1663 fuit

483 1684 634 1738 ruina
670 1683 808 1738 illius
837 1701 1021 1755 magna
1048 1683 1259 1755 (Matth.
1289 1684 1341 1738 7.
1369 1683 1458 1738 26.
1487 1682 1626 1753 27)?
1655 1683 1837 1754 Atqui
1867 1682 1933 1736 ad
1959 1683 2067 1738 cir-

484 1788 676 1829 censes
715 1773 868 1828 ludos
896 1773 1103 1836 ierunt,
1133 1774 1224 1828 illo
1262 1774 1418 1844 longe
1441 1772 1734 1830 deteriores
1761 1773 1882 1830 facti
1922 1785 2065 1830 sunt.

488 1863 630 1919 Illius
669 1865 812 1919 enim
837 1864 1028 1919 domus
1054 1863 1259 1934 dejecta
1284 1874 1364 1920 cst
1387 1905 1402 1931 ,
1434 1864 1529 1920 sed
1557 1875 1677 1936 post
1708 1864 1936 1922 validam
1968 1866 2070 1920 im-

486 1954 782 2024 pulsionem
816 1972 830 2009 :
875 1955 1094 2011 ﬂumina
1133 1958 1275 2011 enim
1323 1968 1379 2012 et
1422 1967 1611 2012 ventos
1649 1957 1820 2025 dixit,
1864 1973 1971 2013 non
2017 1965 2074 2013 ut

487 2055 768 2102 ventorum
808 2048 1039 2117 impetus
1066 2057 1119 2102 et
1145 2063 1401 2119 aquarum
1434 2048 1797 2106 multitudines
1834 2049 2060 2117 indicet,

487 2138 584 2194 sed
627 2149 684 2194 ut
728 2140 1075 2194 tenutlionum
1118 2140 1424 2195 violentiam
1465 2142 1730 2207 insinuet;
1769 2151 1822 2196 et
1862 2143 2072 2197 ruinam

487 2229 680 2284 domus
703 2271 718 2292 ,
750 2245 858 2284 non
899 2237 957 2284 ut
987 2230 1290 2285 sensibilcm
1329 2230 1544 2285 domum
1575 2231 1927 2302 imagincmur
1957 2250 1970 2286 :
2006 2231 2074 2288 de

484 2319 662 2374 anima
692 2319 835 2376 enim
882 2334 1060 2376 set-mo
1099 2329 1219 2387 est,
1251 2336 1369 2393 qua:
1411 2322 1660 2391 gravibus
1697 2322 2072 2379 amictionibus

487 2414 736 2485 dejicitur
759 2456 777 2484 ,
807 2432 978 2488 neque
1004 2417 1106 2473 illis
1143 2417 1393 2473 resistere
1429 2426 1638 2487 potest;
1686 2418 1740 2472 in
1769 2433 1865 2472 vos
1893 2429 2072 2474 autem

491 2521 664 2577 neque
710 2516 900 2562 ventus
941 2506 1179 2574 afflavit,
1223 2523 1394 2578 neque
1433 2509 1577 2564 ﬂuvii
1621 2509 1930 2573 irruerunt;
1978 2509 2073 2564 sed

491 2597 769 2654 dumtaxat
808 2600 980 2655 tenuis
1017 2601 1259 2670 qua-dam
1287 2615 1416 2656 aura
1446 2595 1708 2656 diabolica
1736 2602 1992 2670 spiravit,
2018 2611 2075 2658 et

489 2706 680 2747 omnes
715 2707 812 2746 vos
849 2692 1129 2748 subvertit.
1175 2692 1311 2762 Quid
1355 2693 1455 2749 hac
1496 2694 1796 2765 insipientia
1837 2694 2072 2750 deterius

488 2779 683 2836 fuerit?
710 2796 827 2851 qua:
848 2781 1036 2851 jejunii
1065 2782 1302 2838 utilitas?
1323 2783 1429 2849 dic,
1456 2798 1582 2849 oro;
1613 2783 1755 2854 quod
1783 2784 1984 2838 lucrum
2007 2799 2073 2839 ex

490 2871 589 2926 hac
631 2872 1081 2943 congregatione?
1122 2872 1252 2940 Quis
1281 2890 1388 2930 nou
1429 2883 1485 2930 et
1522 2889 1617 2930 vos
1640 2874 1979 2946 deplorarct,
2020 2885 2075 2930 et

489 2977 588 3017 nos
618 2963 842 3018 miseros
867 2963 1110 3019 diceret?
1139 2963 1248 3021 Vos
1271 3005 1288 3032 ,
1321 2965 1532 3036 inquam
1558 3006 1574 3032 ,
1605 2964 1725 3036 quia
1751 2967 1927 3020 omnia
1952 2980 2072 3035 quae

486 3054 812 3123 collegistis,
840 3055 997 3110 simul
1023 3055 1283 3112 effudistis
1302 3098 1318 3124 ,
1345 3067 1399 3113 et
1420 3057 1612 3129 januas
1646 3059 1841 3114 mentis
1878 3067 2071 3114 vestra:

486 3160 653 3217 pravo
676 3145 906 3202 dzemcni
931 3149 1216 3218 aperuistis
1233 3189 1251 3217 ,
1280 3161 1335 3205 ut
1366 3151 1534 3206 facilis
1559 3151 1607 3206 ei
1635 3151 1810 3207 aditus
1835 3159 1980 3208 esset
2006 3151 2073 3206 ad

487 3235 785 3292 offerendas
812 3253 1002 3295 omnes
1030 3250 1236 3296 vestras
1259 3242 1564 3311 spirituales
1585 3242 1832 3309 divitias;
1863 3259 1960 3300 nos
1981 3259 2075 3300 ve-

490 3342 551 3382 ro
576 3327 802 3383 miseros
826 3330 945 3399 quis
966 3331 1089 3400 jure
1112 3331 1326 3402 dixerit,
1351 3311 1492 3404 quod
1517 3334 1586 3389 ita
1611 3333 1834 3391 mortuis
1854 3334 2072 3392 auribus

486 3419 872 3476 concionemnr
892 3463 908 3488 ,
940 3438 1003 3479 ac
1027 3432 1225 3479 tantam
1250 3423 1511 3495 iacturam
1537 3425 1794 3483 faciamus
1812 3468 1826 3490 .
1855 3438 1910 3482 et
1937 3444 2071 3500 quo-

487 3509 614 3566 tidie
633 3510 976 3576 scminantes,
1001 3513 1204 3568 nullum
1229 3515 1507 3585 percipere
1531 3515 1757 3571 fructum
1783 3516 2069 3587 possimus.

485 3599 621 3656 Num
643 3601 742 3657 hac
761 3603 872 3657 sola
893 3603 962 3660 de
979 3618 1137 3659 causa
1162 3613 1269 3660 tam
1285 3589 1516 3662 studiosi
1540 3607 1592 3662 in
1613 3608 1841 3664 dicendo
1861 3624 2069 3678 sumus,

485 3703 543 3746 ut
571 3707 728 3748 aures
758 3703 964 3750 vestras
989 3695 1341 3765 oblectemus,
1368 3699 1450 3754 vel
1473 3698 1615 3771 quod
1640 3700 1839 3756 laudari
1862 3717 1893 3757 a
1919 3703 2070 3758 vobis

481 3784 797 3853 enpiamus?
822 3784 932 3840 Nisi
975 3785 1178 3842 lucrum
1208 3788 1359 3844 vobis
1394 3789 1464 3844 sit
1495 3806 1562 3845 cx
1599 3792 1934 3847 sermonibus
1956 3793 2071 3848 'no—

485 3875 613 3931 stris
636 3915 652 3939 .
682 3875 851 3930 satius
877 3875 1032 3931 fuerit
1070 3893 1168 3933 nos
1206 3877 1426 3948 posthac
1454 3879 1631 3936 silere.
1680 3879 1884 3937 Nollent
1924 3883 2069 3938 enim

485 3965 635 4020 vobis
658 3966 875 4036 majoris
899 3967 1252 4023 damnationis
1272 3984 1430 4025 causa
1457 3970 1591 4026 fieri.
1617 3971 1905 4028 Enimvero
1932 3975 2070 4029 sicut

483 4058 782 4127 negotiator
801 4099 816 4122 ,
846 4058 936 4127 qui
975 4074 1096 4114 cum
1123 4061 1303 4116 multis
1335 4063 1619 4118 mercibus
1641 4071 1696 4118 et
1719 4063 1910 4133 opibus
1933 4079 2064 4120 cono

483 4149 715 4218 gregalis
745 4164 934 4203 navem
963 4149 1282 4219 impleverit,
1315 4154 1490 4208 subito
1512 4165 1627 4209 orta
1653 4165 1990 4226 tempestate,
2011 4167 2080 4228 et

484 4239 805 4306 praevalente
827 4247 1103 4294 ventorum
1124 4241 1373 4297 violentia
1389 4283 1405 4307 ,
1429 4259 1603 4299 mersa
1627 4260 1746 4301 cum
1768 4247 2069 4304 vectoribus

483 4342 640 4395 nave,
667 4329 724 4384 lit
751 4329 999 4387 omnibus
1025 4331 1328 4389 miserabile
1363 4336 1748 4404 spectaculum,
1776 4338 1949 4394 nudus
1974 4355 2065 4396 re-

482 4428 646 4488 ponte
668 4434 931 4491 apparens
953 4463 970 4488 ,
997 4432 1052 4478 et
1080 4433 1198 4494 post
1229 4425 1481 4494 plurimas
1508 4426 1896 4500 immensasque
1921 4432 2062 4488 divi-

481 4509 584 4563 tias
606 4511 658 4565 in
683 4520 975 4567 extremam
999 4516 1244 4572 redactus
1271 4528 1578 4589 egestatem,
1610 4519 1678 4575 ita
1708 4531 1759 4578 et
1789 4524 2060 4580 vobiscum

477 4602 722 4659 diabolus
752 4620 891 4661 nunc
914 4607 1044 4679 egit.
1073 4607 1204 4663 Nam
1231 4610 1352 4680 quia
1384 4612 1586 4668 invenit
1611 4629 1796 4673 navem
1826 4627 2056 4672 vestram

477 4693 807 4763 spiritualcm
835 4697 1015 4752 multis
1039 4698 1238 4754 divitiis
1264 4711 1554 4770 oneratam,
1581 4713 1635 4759 et
1655 4705 1781 4760 vidit
1805 4707 2059 4777 grandem

484 4784 814 4855 thesaurum,
842 4803 1000 4859 quem
1041 4806 1109 4846 ex
1146 4791 1364 4861 jejuniis
1401 4804 1456 4850 et
1498 4798 1766 4852 continuis
1803 4799 2059 4857 doctrinis

476 4875 726 4947 colligere
755 4879 996 4947 potuistis
1024 4898 1038 4934 :
1065 4883 1213 4951 quasi
1242 4892 1556 4955 tempestate
1584 4890 1828 4959 quapiam
1859 4891 2058 4946 immis-

481 4982 536 5022 sa
568 5008 583 5034 ,
615 4967 800 5024 inutile
841 4981 896 5026 et
942 4972 1295 5041 perniciosum
1341 4976 1468 5032 illud
1514 4990 1760 5050 equestre
1785 4993 2055 5040 certauen

478 5059 598 5114 dico
621 5101 637 5127 ,
672 5077 769 5132 per
807 5063 933 5119 illud
978 5065 1147 5137 ipsum
1189 5069 1435 5125 omnibus
1463 5086 1556 5128 vos
1594 5071 1790 5130 divitiis
1818 5075 2058 5133 destituit

478 5163 522 5207 et
553 5154 817 5222 spoliavit.

545 5245 600 5297 2.
657 5245 782 5302 Scio
828 5261 914 5303 me
962 5249 1356 5309 vehementiore
1397 5254 1756 5328 increpatione
1795 5261 1866 5316 uti
1893 5303 1908 5328 ,
1959 5263 2052 5318 sed

473 5342 781 5409 ignoscatis,
807 5356 940 5396 oro:
967 5343 1036 5399 ita
1063 5347 1258 5416 quippe
1276 5348 1463 5405 dolens
1491 5352 1668 5406 anima
1694 5353 1845 5409 solet.
1871 5355 2052 5427 Neque

479 5432 612 5484 enim
642 5447 707 5487 ex
739 5435 950 5489 mimico
980 5446 1195 5506 pectore
1220 5439 1334 5496 haec
1363 5441 1551 5512 loquor
1570 5485 1586 5511 ,
1615 5444 1710 5498 sed
1739 5462 1802 5501 ex
1829 5448 2051 5505 sollicita

477 5521 742 5593 vestrique
761 5527 1117 5582 amantissima
1138 5529 1310 5583 anima
1336 5547 1350 5583 :
1375 5543 1659 5603 propterea
1681 5551 1747 5590 ex
1771 5541 2052 5596 severitate

475 5613 668 5684 aliquid
700 5617 911 5672 remitto
931 5659 947 5683 ,
974 5629 1028 5673 ct
1052 5621 1173 5691 quia
1201 5622 1348 5677 ulcus
1377 5640 1600 5694 serpens
1626 5625 1838 5683 cohibni
1864 5671 1878 5693 ,
1911 5632 2050 5686 eari-

475 5714 630 5759 tatem
657 5718 883 5762 vestram
913 5711 1099 5766 iterum
1124 5713 1258 5768 bona
1285 5730 1380 5785 spe
1409 5718 1646 5774 animare
1674 5721 1795 5774 volo
1816 5761 1830 5786 ,
1862 5736 1927 5777 ne
1950 5724 2046 5778 dc-

490 5793 738 5858 speretis,
774 5808 874 5849 nec
899 5797 1136 5855 animum
1167 5801 1566 5870 dcspondeatis.
1599 5810 1715 5868 Non
1745 5813 1885 5870 enim
1913 5814 2052 5871 sicut,

2171 496 2222 551 in
2249 498 2596 555 sensibilibus
2625 499 2801 564 rebus,
2833 500 2904 554 ita
2930 510 2985 556 et
3011 499 3098 556 hic
3123 515 3219 556 usu
3245 501 3455 566 evenit;
3480 499 3590 555 illic
3617 515 3772 554 nam-

2167 603 2275 657 que
2316 589 2362 646 is
2405 589 2498 661 qui
2543 605 2611 646 ex
2654 589 2855 663 divitiis
2890 590 2944 645 in
2973 591 3560 646 extremam'redactus
3607 589 3776 644 fuerit

2169 678 2403 751 inepiam
2427 721 2443 747 ,
2471 682 2618 738 brevi
2658 696 2751 737 eas
2783 697 3033 752 reparare
3065 683 3286 752 nequit;
3335 681 3421 736 hic
3458 689 3638 735 autem
3671 696 3772 751 per

2172 771 2591 829 misericordiam
2619 774 2737 840 Dei,
2765 775 2809 829 si
2837 774 2995 829 modo
3013 758 3369 829 eoinlemnare
3395 773 3530 828 facta
3554 783 3767 837 nostra,

2171 871 2223 917 et
2249 863 2360 933 jam
2389 865 2580 921 sistere
2602 865 2861 935 ignaviam
2890 865 3236 924 voluerimus.
3262 864 3555 934 poterimus
3581 864 3769 920 statim

2169 953 2238 1008 ad
2263 956 2542 1028 pristinam
2571 957 2949 1018 abundantiam
2979 958 3174 1013 redire.
3204 957 3349 1012 Talis
3376 956 3520 1011 enim
3550 965 3634 1010 est
3660 956 3770 1009 Do-

2171 1045 2350 1101 minus
2390 1055 2577 1102 nostcr
2598 1088 2614 1114 ,
2648 1056 2860 1118 tamque
2891 1047 3200 1119 magnificus
3229 1057 3284 1102 et
3314 1046 3550 1101 liberalis
3582 1063 3594 1099 :
3624 1061 3662 1100 ιι
3702 1046 3774 1101 do

2171 1144 2225 1190 et
2270 1137 2465 1192 clamat
2504 1152 2600 1208 per
2647 1139 3000 1209 prophetam,
3046 1137 3230 1193 dicens
3269 1153 3287 1192 :
3337 1134 3608 1191 Voluntate
3649 1135 3773 1190 nolo

2171 1236 2384 1280 mortem
2409 1228 2686 1297 peccatoris
2705 1268 2722 1294 ,
2748 1228 2838 1283 scd
2865 1238 2920 1281 ut
2947 1238 3284 1292 concedatur,
3312 1237 3359 1284 ct
3386 1229 3519 1282 vivat
3549 1226 3766 1300 (Exerit.

2175 1317 2260 1372 l8.
2302 1317 2375 1374 25
2395 1317 2434 1388 ).
2464 1318 2587 1374 Seio
2613 1335 2707 1374 vos
2733 1319 2869 1390 frugi
2898 1319 3143 1374 homines
3166 1334 3288 1375 esse
3309 1361 3326 1386 ,
3357 1329 3411 1375 et
3437 1319 3644 1390 lapsum
3674 1332 3770 1373 ve-

2171 1418 2341 1462 strmn
2371 1410 2780 1479 p.-rsentiscere.
2811 1409 2929 1465 Non
2957 1418 3135 1465 autem
3164 1424 3324 1480 parva
3349 1409 3416 1464 ad
3446 1409 3660 1464 virtutis
3687 1425 3773 1463 rc-

2173 1498 2343 1554 ditum
2384 1500 2466 1554 via
2494 1507 2605 1565 est,
2637 1501 2777 1556 scire
2808 1511 3147 1571 peccatorum
3174 1499 3615 1571 magnitudinem.
3647 1497 3770 1555 .lam

2122 1638 2136 1655 ,
2175 1607 2244 1646 ne
2267 1592 2388 1663 quis
2429 1591 2558 1648 mihi
2599 1594 2790 1650 iterum
2816 1594 3066 1650 diabolici
3097 1593 3241 1649 illius
3267 1592 3468 1649 erroris
3496 1591 3658 1646 verba
3685 1592 3770 1646 af-

2175 1680 2308 1737 ferat
2330 1723 2346 1749 ,
2371 1683 2553 1738 dicens
2593 1703 2606 1739 :
2636 1685 2803 1750 Quale
2832 1695 3106 1755 peccatum
3131 1695 3248 1750 est,
3279 1684 3460 1740 videre
3487 1691 3772 1739 currentes

2173 1777 2381 1844 equos?
2407 1776 2461 1829 Si
2492 1775 2725 1830 volucris
2767 1775 3055 1846 prudenter
3092 1776 3271 1832 oquia
3301 1775 3511 1832 discere
3543 1792 3666 1846 qum
3699 1775 3770 1829 ibi

2176 1863 2330 1930 fiunt,
2370 1863 2610 1921 invenies
2646 1867 2826 1920 omnia
2860 1881 2926 1922 ex
2965 1867 3201 1921 satanica
3239 1867 3553 1937 operatione
3585 1865 3772 1934 prodi-

2174 1969 2236 2009 re
2261 1954 2357 2024 (ιι).
2389 1953 2506 2010 Νοη
2536 1956 2677 2011 enim
2703 1957 2949 2013 videntur
2974 1958 3073 2013 soli
3101 1956 3223 2028 equi
3251 1967 3527 2013 currentes
3547 2000 3562 2024 ,
3591 1956 3687 2011 sed
3718 1968 3772 2012 et

2175 2047 2441 2103 clamores
2464 2090 2478 2114 ,
2509 2058 2562 2104 et
2593 2049 2934 2120 blasphemia:
2959 2091 2975 2117 ,
3003 2058 3058 2105 et
3083 2049 3232 2104 multi
3272 2049 3628 2119 intempestivi
3657 2064 3774 2104 ser-

2176 2153 2364 2194 mones
2390 2138 2677 2195 audiuntur
2698 2181 2714 2206 ,
2745 2149 2800 2196 et
2828 2141 3080 2196 mulieres
3105 2141 3408 2211 prostituta:
3447 2140 3501 2194 in
3533 2139 3772 2195 medmm

2177 2230 2477 2299 prodeunt,
2507 2241 2562 2286 et
2600 2241 2909 2301 spectantur
2947 2232 3137 2287 molles
3174 2241 3228 2287 et
3265 2230 3555 2287 effeminati
3597 2233 3772 2302 pueri.

2175 2318 2309 2374 Num
2340 2334 2499 2390 parva
2531 2321 2624 2377 tibi
2657 2321 2770 2377 lucc
2800 2322 3066 2389 videntur,
3095 2332 3147 2377 ct
3173 2338 3295 2393 qua:
3323 2322 3389 2377 ad
3415 2323 3656 2392 captivas
3680 2322 3773 2376 ab-

2175 2409 2449 2466 ducendas
2472 2413 2678 2468 animas
2705 2428 2892 2484 parum
2923 2413 3157 2468 faciant?
3183 2413 3314 2468 Nam
3336 2413 3379 2469 si
3409 2413 3613 2468 fortuiti
3641 2429 3773 2470 con-

2177 2511 2368 2555 ventus
2395 2501 2638 2559 incautos
2663 2517 2808 2574 sa-pc
2835 2504 3264 2574 supplantarunl,
3291 2513 3345 2560 ct
3374 2503 3425 2558 in
3456 2503 3773 2573 perditionis

2178 2591 2495 2661 profundum
2513 2611 2654 2665 sirpe
2676 2604 2976 2662 traxerunt,
2992 2596 3116 2666 quid
3139 2595 3424 2652 verisimile
3433 2606 3512 2652 est
3525 2597 3772 2653 accidere

2177 2681 2304 2747 illis,
2337 2684 2425 2754 qui
2455 2684 2581 2742 illuc
2603 2701 2665 2741 ea
2694 2687 2763 2741 dc
2791 2702 2953 2740 causa
2982 2687 3221 2751 veniunt,
3249 2697 3301 2742 ct
3330 2689 3515 2742 oculos
3547 2700 3770 2756 [meum

2175 2771 2372 2829 illicitis
2397 2775 2544 2831 hisce
2569 2776 2974 2846 spcctaculis,ct
3001 2777 3122 2832 imle
3150 2776 3365 2846 perfecti
3394 2777 3620 2832 adulteri
3650 2777 3769 2832 dts-

2174 2867 2414 2922 cedunt?
2459 2868 2727 2939 Benignns
2765 2870 2910 2924 enim
2959 2869 3213 2924 Dominus
3261 2879 3441 2925 noster
3465 2870 3646 2924 sciens
3672 2886 3770 2924 na-

2175 2971 2349 3015 turam
2381 2968 2615 3015 nostram
2635 2961 2908 3016 tcntationi
2939 2961 3256 3031 expositam,
3278 2969 3332 3014 et
3358 2960 3622 3014 da-monis
3643 2975 3768 3013 ver-

2174 3059 2348 3105 sutam
2394 3059 2451 3105 et
2495 3051 2695 3104 variam
2743 3051 3037 3118 malitiam,
3093 3050 3228 3105 bene
3277 3065 3377 3104 nos
3428 3050 3676 3104 nmnicns
3719 3059 3770 3105 ct

2177 3139 2614 3211 inexpugnabiles
2651 3141 2874 3196 reddere
2913 3140 3100 3196 volens
3123 3181 3140 3208 ,
3173 3140 3344 3212 legem
3387 3142 3523 3195 hanc
3553 3141 3732 3211 posuit
3756 3183 3770 3206 ,

2174 3232 2359 3288 dicens
2391 3251 2405 3288 :
2440 3233 2540 3300 Qui
2567 3234 2768 3303 inspicit
2795 3235 3052 3288 mulierem
3079 3243 3131 3288 nt
3152 3234 3471 3305 concupiscat
3499 3251 3638 3304 eam,
3652 3235 3769 3304 jam

2175 3324 2492 3379 adulteratus
2516 3334 2589 3379 est
2613 3341 2724 3379 eam
2749 3327 2802 3380 in
2831 3326 2983 3380 corde
3008 3325 3338 3395 simulauit.
3363 3327 3418 3383 5.
3445 3326 3541 3398 28)
3560 3369 3576 3395 ,
3608 3328 3766 3382 adul~

2177 3416 2368 3472 torium
2397 3427 2826 3472 consummatum
2857 3417 3097 3474 vocando
3125 3425 3402 3488 aspectqu
3431 3434 3553 3474 cum
3581 3420 3767 3476 curio-

2173 3508 2332 3563 sitate
2377 3508 2593 3564 factum.
2640 3509 2718 3564 Ne
2748 3509 2906 3580 igitur
2933 3509 3018 3564 die
3049 3510 3182 3564 ultra
3213 3526 3227 3564 :
3256 3510 3393 3577 Quid
3423 3511 3544 3565 mali
3573 3527 3640 3566 ex
3673 3512 3764 3566 illa

2175 3596 2637 3668 frequentatione?
2684 3599 2824 3653 istud
2871 3600 3041 3669 ipsum
3088 3601 3231 3654 enim
3275 3600 3457 3657 videre
3499 3617 3764 3672 equorum

2173 3697 2448 3763 certamen
2472 3729 2488 3754 ,
2514 3687 2706 3742 sufficit
2735 3688 2800 3742 ad
2829 3689 3048 3743 multam
3077 3689 3367 3760 perniciem
3392 3691 3585 3746 animae
3626 3692 3766 3747 infc-

2173 3777 2415 3833 rendam.
2439 3777 2572 3834 Nam
2603 3794 2724 3834 eum
2757 3780 2808 3834 in
2837 3779 3038 3835 inutilia
3057 3821 3072 3847 ,
3101 3788 3154 3836 et
3178 3795 3242 3837 ea
3266 3796 3388 3852 qua:
3412 3783 3603 3838 anima:
3632 3783 3765 3841 nihil

2171 3869 2495 3939 conducunt,
2518 3872 2612 3928 sed
2639 3882 2692 3927 ct
2718 3872 2975 3928 damnosa
3002 3885 3155 3942 sunt,
3179 3884 3389 3946 tempus
3409 3876 3730 3933 insnmimns
3749 3922 3766 3945 ,

2171 3965 2526 4031 altercamur,
2556 3975 2611 4020 et
2655 3967 2933 4022 innumera
2979 3968 3138 4022 verba
3161 4010 3178 4036 ,
3209 3977 3265 4024 et
3304 3984 3426 4041 qua
3466 3971 3609 4041 loqui
3655 3987 3764 4028 non

2171 4064 2421 4126 Oportet,
2452 4055 2719 4126 loquimur
2747 4076 2759 4111 :
2790 4073 2949 4129 quam
2979 4058 3294 4115 habebimus
3320 4059 3532 4116 veniam
3552 4063 3576 4113 ἲ
3599 4078 3763 4132 quam

2171 4145 2613 4202 excusationem?
2664 4148 2731 4202 Et
2760 4147 2845 4203 hic
2870 4148 3082 4219 quidem
3111 4150 3157 4204 si
3192 4149 3348 4218 paulo
3377 4151 3634 4220 prolixius
3661 4152 3764 4207 do-

2170 4254 2378 4306 cemus,
2407 4239 2558 4294 multi
2590 4249 2903 4295 succensent
2929 4251 2983 4296 et
3011 4256 3153 4312 :rgre
3179 4240 3373 4305 ferunt,
3400 4251 3455 4297 et
3484 4243 3767 4299 infirmita-

2172 4340 2276 4388 tem
2315 4334 2559 4403 Corporis
2595 4342 2648 4389 et
2677 4332 2886 4389 labores
2918 4342 3214 4403 prmtexunt
3237 4374 3254 4400 ,
3286 4333 3411 4390 licet
3446 4334 3765 4394 admirabile

2167 4423 2328 4492 hujus
2355 4424 2534 4494 templi
2568 4433 2764 4480 tectum
2794 4425 3014 4479 multum
3045 4425 3284 4490 soletur;
3316 4426 3444 4481 nihil
3474 4428 3614 4480 enim
3646 4445 3763 4482 ntu-

2166 4516 2334 4572 lestizc
2355 4518 2493 4585 parit
2514 4516 2702 4588 frigus,
2724 4516 2808 4571 vel
2829 4517 3025 4587 pluvia,
3049 4527 3140 4572 aut
3163 4527 3441 4571 ventorum
3460 4521 3722 4588 asperitas
3743 4540 3758 4584 ;
3811 4527 3817 4534 '

2166 4608 2271 4663 illic
2301 4625 2452 4673 vero,
2484 4609 2602 4664 licet
2628 4609 2852 4664 multum
2883 4610 3276 4678 eom‘pluantur,
3307 4623 3335 4663 a
3367 4610 3539 4664 ventis
3564 4612 3762 4667 validis

2165 4709 2443 4760 vexentur.
2465 4711 2518 4755 et
2538 4701 2717 4755 calore
2733 4701 2863 4754 solis
2879 4701 3157 4771 aliquando
3174 4709 3420 4766 metuent,
3442 4715 3546 4755 non
3570 4718 3756 4770 unam,

2167 4807 2340 4861 neque
2377 4791 2513 4846 duas
2554 4801 2757 4845 tantum
2798 4792 2959 4845 horas
2982 4832 2997 4856 ,
3031 4791 3122 4846 sed
3170 4793 3362 4846 lmnam
3401 4792 3505 4846 diei
3550 4804 3756 4862 partem

2165 4894 2462 4947 ιὍι-εςιιιιιιτ,
2481 4892 2534 4937 ει
2556 4897 2726 4954 neque
2747 4898 2909 4939 senex
2932 4898 3096 4939 canos
3119 4898 3244 4937 SUOS
3265 4894 3558 4947 NVCI'CIUI',
3581 4900 3758 4956 neque

2158 4973 2410 5043 juvenem
2443 4976 2600 5044 pudet
2623 4976 2690 5030 ad
2715 4991 2968 5031 canorum
2997 4975 3322 5030 irritamenta
3352 4976 3430 5032 ire
3451 4976 3585 5033 :vsed
3609 4988 3752 5033 tanta

2161 5079 2242 5123 est
2278 5067 2389 5122 hate
2419 5068 2662 5137 deceptio
2684 5110 2700 5136 ,
2732 5077 2790 5123 ut
2813 5083 2934 5122 cum
2964 5069 3231 5137 voluptate
3261 5066 3377 5123 hare
3400 5083 3522 5125 esca
3549 5071 3753 5125 anima-

2165 5173 2279 5214 rum
2308 5158 2636 5225 admittatur,
2664 5172 2762 5212 nec
2788 5158 3073 5228 cogitetur,
3094 5156 3409 5215 damnosam
3438 5157 3575 5214 hanc
3600 5159 3752 5215 volu-

2163 5260 2359 5320 ptatem
2401 5251 2614 5314 brevem
2653 5264 2775 5304 esse
2809 5259 2862 5304 et
2903 5249 3277 5319 temporariam
3301 5290 3319 5318 ,
3349 5248 3589 5306 dolorem
3620 5265 3750 5307 vero

2163 5354 2512 5413 perpetuum,
2563 5352 2616 5396 et
2656 5341 2890 5411 graviter
2930 5349 3297 5395 accusaturam
3339 5343 3746 5397 conscientiam.

2165 5431 2331 5488 Video
2357 5434 2499 5488 enim
2527 5447 2665 5488 nunc
2693 5432 2990 5502 aliquorum
3023 5431 3203 5494 facies,
3231 5441 3284 5487 et
3311 5432 3554 5502 conjecto
3573 5433 3748 5502 qualis

2157 5527 2350 5580 anima!
2379 5541 2563 5579 eorum
2590 5535 2758 5580 status
2777 5565 2793 5590 ,
2824 5534 3126 5594 quantaque
3156 5538 3295 5578 nunc
3322 5523 3632 5596 pmnitenlia
3663 5531 3747 5578 te-

2159 5627 2404 5674 neautur.
2440 5617 2636 5673 Verum
2669 5633 2735 5674 ne
2766 5618 2952 5672 itcrtmt
2983 5618 3036 5672 in
3062 5616 3248 5672 eadem
3277 5617 3547 5686 recidat‘is,
3572 5632 3747 5688 neque

2218 5824 2293 5878 (al
2328 5821 2381 5872 lu
2403 5822 2537 5872 Circo
2559 5821 2714 5884 turpia
2736 5817 3012 5884 spectacula
3035 5815 3385 5868 offerebantur.
