4038 6378
241 326 311 381 51
1434 306 1500 364 IN
1536 302 1693 362 CAP.
1724 300 1767 358 I.
1805 295 2056 358 CENES.
2098 292 2333 351 llOlill...
2376 288 2465 347 Vl.
2846 276 2849 279 ⁷
3496 286 3565 345 σε

240 456 363 517 post
396 446 861 501 tantamnostram
887 431 1308 491 admonitionem
1339 426 1533 483 iterum
1559 421 1625 477 ad
1652 418 1841 476 diabo-

244 512 344 591 lira
375 535 462 589 illa
489 531 718 588 concilia
756 537 811 584 et
842 522 1148 597 spectacula
1176 518 1408 576 curratis
1430 557 1447 584 ,
1482 512 1847 570 necessarium

242 636 325 681 est
356 640 452 680 vos
475 620 765 679 obtestari.
816 616 1001 688 Neque
1028 613 1170 669 enim
1197 623 1412 680 semper
1440 602 1657 676 expedit
1686 602 1848 672 pltar-

241 733 397 775 maca
436 715 571 770 leuia
596 711 857 767 adhibere
886 727 903 766 :
928 706 1023 764 sed
1046 702 1262 776 quando
1288 700 1441 757 ulcus
1466 695 1728 754 curationi
1760 707 1845 748 re-

242 810 423 872 sistit,
468 812 680 877 oportet
711 802 944 857 violenta
983 807 1038 853 et
1065 790 1350 852 mordacis
1385 790 1675 845 admovere
1701 826 1718 854 ,
1740 797 1849 856 quo

243 900 437 955 morbo
459 891 982 961 occttrraturcitius.

315 990 370 1046 5.
406 989 618 1044 Discant
654 986 813 1055 igitur
839 993 1029 1038 omnes
1052 976 1137 1033 bis
1164 972 1480 1032 criminibus
1504 966 1721 1027 obnoxii
1751 1006 1768 1033 ,
1801 963 1848 1020 si

247 1090 368 1151 post
405 1080 542 1135 hanc
585 1088 823 1133 nostram
852 1069 1276 1128 admonitionem
1317 1065 1372 1121 in
1418 1078 1481 1119 ea
1526 1057 1847 1132 negligentia

247 1172 562 1231 manserint,
592 1184 698 1223 non
730 1167 1052 1222 toleraturos
1080 1173 1214 1225 nos,
1239 1155 1340 1215 sed
1366 1154 1570 1227 legibus
1593 1151 1850 1208 ecclesia-

247 1263 398 1319 sticis
418 1276 634 1324 usuros,
658 1267 717 1312 et
743 1269 933 1326 magna
959 1249 1298 1308 vehementia
1321 1247 1597 1312 docturos,
1631 1258 1699 1299 ne
1727 1243 1849 1297 talia

246 1354 473 1428 posthac
519 1350 890 1412 committunt,
943 1359 1078 1401 neve
1121 1351 1271 1399 tanto
1306 1348 1625 1408 watemptn
1669 1334 1849 1390 divina

245 1446 467 1502 audiant
488 1442 718 1512 eloquia.
753 1440 878 1495 Ilaec
904 1448 1083 1493 autem
1112 1450 1218 1490 non
1243 1434 1312 1488 de
1336 1429 1588 1488 omnibus
1614 1428 1701 1483 hic
1720 1442 1851 1481 con-

245 1536 483 1611 gregalis
517 1534 671 1602 dico,
703 1531 797 1589 sed
834 1530 904 1587 de
932 1528 1057 1584 huic
1074 1526 1257 1597 culpas
1282 1520 1552 1580 obnoxiis.
1590 1518 1852 1575 Omnibus

245 1631 464 1702 quidem
495 1626 796 1698 loquimur;
836 1621 931 1679 sed
967 1634 1125 1677 suum
1151 1617 1425 1673 auditores
1450 1614 1651 1685 quique
1676 1623 1852 1665 reme-

246 1723 395 1778 dium
420 1719 635 1792 capiant
661 1731 831 1773 :reus
858 1714 1075 1786 quidem
1121 1718 1179 1766 ut
1214 1725 1244 1765 a
1284 1707 1481 1764 delicto
1508 1704 1766 1770 desistat,
1798 1708 1854 1757 et

249 1830 357 1870 non
386 1815 521 1869 ultra
547 1809 948 1883 progrediatur,
970 1804 1073 1861 sed
1102 1802 1281 1859 studio
1299 1814 1405 1857 suo
1424 1798 1661 1868 seipsum
1698 1809 1854 1851 revo-

246 1916 357 1972 cet,
379 1916 435 1963 ct
456 1912 632 1961 errata
660 1902 925 1971 corrigat;
952 1898 1204 1953 innoxius
1223 1907 1353 1948 vero
1370 1891 1575 1946 cautior
1594 1890 1683 1942 fiat
1705 1896 1763 1941 ut
1786 1899 1854 1939 ne

247 1998 512 2069 capiatur,
539 2009 674 2049 neve
699 1989 985 2061 aliquando
1014 2002 1138 2043 reus
1164 1986 1273 2039 llat.
1301 1981 1569 2039 thterum
1591 1990 1647 2034 ut
1669 1993 1738 2032 ex
1769 1990 1854 2031 re-

249 2091 352 2146 bus
374 2088 502 2159 ipsis
523 2096 715 2143 vestrc
738 2083 945 2139 caritati
973 2079 1410 2151 persuadeamus,
1432 2090 1497 2130 ex
1530 2086 1714 2127 amore
1740 2077 1855 2125 stn-

249 2181 448 2253 dioque
475 2180 639 2235 vestri
658 2177 809 2234 hunc
835 2185 1076 2231 nostrum
1101 2170 1267 2226 animi
1291 2169 1531 2225 dolorem
1556 2164 1851 2236 profectum

249 2287 391 2337 esse,
416 2283 472 2327 et
497 2284 596 2325 nos
619 2268 686 2324 ad
713 2268 830 2323 hzre
858 2265 1081 2321 dicenda
1112 2262 1370 2333 impulsos
1395 2274 1517 2315 esse
1545 2256 1686 2326 quod
1718 2255 1863 2310 mul-~

250 2375 363 2420 tum
393 2362 553 2419 saluti
582 2370 772 2417 vestrae
798 2360 1113 2415 timeremus
1143 2372 1159 2410 :
1189 2369 1287 2425 age
1333 2354 1525 2408 iterum
1570 2364 1670 2405 nos
1709 2349 1855 2419 ipsos

251 2454 395 2512 bona
434 2468 530 2524 spe
563 2451 827 2516 foventes,
856 2460 1167 2504 consuetam
1199 2445 1351 2501 vobis
1390 2457 1720 2514 apponamus
1750 2439 1852 2495 do-

248 2546 503 2611 ctrinam,
536 2544 874 2601 declarantes
917 2550 1215 2611 paternam,
1243 2552 1402 2609 quam
1430 2550 1555 2606 erga
1585 2547 1683 2587 vos
1707 2531 1853 2603 geri-

250 2656 394 2707 mus,
423 2637 848 2695 benevolentiam
879 2652 893 2689 :
923 2633 1018 2690 sed
1037 2674 1054 2700 ,
1096 2648 1215 2699 oro,
1259 2629 1544 2701 diligenter
1578 2626 1733 2681 dictis
1761 2639 1857 2677 au-

252 2731 500 2798 scultate,
533 2739 591 2785 ιιι
627 2727 831 2799 majore
862 2741 981 2781 cum
1012 2724 1188 2779 fructu
1211 2723 1429 2777 domum
1470 2718 1645 2774 redire
1674 2716 1851 2771 l'ceat.

246 2822 442 2894 Opem
474 2820 700 2891 pretium
748 2826 927 2873 autem
962 2824 1066 2883 est,
1114 2828 1177 2871 ea
1214 2828 1336 2884 quae
1374 2825 1516 2866 nunc
1558 2811 1691 2865 lecta
1730 2814 1856 2863 sunt

241 2914 458 2969 caritati
514 2921 707 2966 vestras
759 2908 955 2963 dicere.
999 2907 1088 2961 Η.
1140 2904 1209 2959 Et
1244 2904 1395 2970 dixit,
1441 2905 1629 2973 inquit,
1667 2903 1809 2959 Deus
1836 2924 1855 2960 :

254 3005 414 3060 Fiant
441 3003 715 3059 luminaria
758 3002 809 3054 in
850 3000 1170 3067 lineamenta
1200 2994 1311 3049 τιειί
1337 2995 1405 3047 ad
1431 2994 1853 3049 illaminalionem

248 3112 409 3164 super
431 3106 636 3155 terram,
660 3090 965 3145 utdiridant
992 3091 1120 3141 inter
1141 3087 1276 3139 diem
1305 3096 1350 3139 et
1378 3088 1510 3139 inter
1540 3096 1757 3141 noctem.
1790 3087 1854 3140 Et

254 3186 354 3239 sint
382 3186 435 3237 in
460 3183 628 3255 signa,
650 3192 702 3235 et
728 3181 779 3234 in
807 3191 1055 3250 tempora,
1082 3187 1135 3231 et
1162 3178 1212 3230 in
1238 3178 1365 3241 dies,
1395 3187 1441 3230 et
1471 3175 1523 3230 iu
1549 3193 1735 3231 annos.
1764 3178 1851 3232 l5.

256 3275 325 3332 Et
363 3277 464 3331 sint
504 3275 573 3330 ad
612 3272 1032 3330 illuminationem
1073 3270 1125 3323 in
1168 3269 1487 3337 ﬁrmamento
1515 3268 1627 3321 cali
1658 3284 1676 3321 :
1700 3270 1772 3322 ita
1798 3280 1855 3323 ut

253 3367 455 3421 latrant
474 3381 626 3435 super
645 3372 850 3417 terram.
880 3358 949 3414 Et
972 3363 1163 3432 factum
1185 3369 1258 3412 est
1280 3359 1373 3411 ita.
1400 3357 1691 3429 Postquam
1711 3360 1852 3413 enim

255 3456 371 3512 lteri
408 3470 515 3510 nos
553 3452 736 3508 docuit
776 3452 965 3507 beatus
1011 3449 1207 3514 Moses,
1255 3448 1525 3518 quamde
1570 3447 1851 3502 informem

253 3556 455 3603 terram
482 3544 755 3600 ornaverit
782 3541 1018 3597 universi
1045 3539 1305 3597 Conditor
1332 3538 1512 3594 herbis
1532 3580 1545 3602 ,
1579 3547 1633 3593 et
1661 3540 1851 3593 [lorum

250 3638 510 3694 varietate
531 3677 546 3701 ,
581 3644 636 3691 et
672 3634 935 3690 seminum
964 3632 1229 3703 germine,
1264 3629 1421 3685 hodie
1450 3646 1754 3685 sermonem
1784 3628 1851 3684 ad

250 3738 501 3785 ornatum
547 3726 665 3782 cazli
710 3726 889 3781 vertit.
938 3723 1074 3779 Nam
1121 3722 1259 3777 sicut
1308 3731 1447 3777 terra
1491 3731 1714 3776 ornatur
1760 3736 1854 3790 per

241 3834 315 3875 ea
356 3834 475 3892 qua:
508 3832 575 3872 ex
620 3816 733 3887 ipsa
776 3814 1124 3886 proveniunt,
1152 3814 1231 3869 sic
1268 3813 1457 3867 omium
1499 3812 1601 3869 hoc
1643 3812 1848 3870 visibile

244 3913 449 3969 clarius
476 3920 531 3968 et
556 3908 805 3982 fulgidius
827 3908 974 3974 fecit,
997 3916 1266 3962 astrorum
1292 3907 1545 3961 varietate
1571 3906 1700 3961 illud
1726 3908 1850 3963 hinc

246 4004 377 4061 inde
404 4005 770 4074 distinguens,
810 4001 1106 4072 pratsertim
1133 3998 1451 4054 formatione
1475 3997 1704 4053 duorum
1739 4014 1853 4053 ma-

246 4114 476 4170 gnorum
504 4098 867 4161 luminarium,
892 4094 1043 4160 solis,
1072 4094 1286 4165 inquam
1313 4135 1327 4157 ,
1360 4102 1415 4146 et
1454 4093 1614 4147 inme.
1650 4092 1737 4148 lii.
1783 4090 1850 4146 Et

252 4192 368 4263 fecit
399 4190 553 4258 Deus,
580 4191 674 4256 ait,
694 4190 795 4244 duo
815 4188 1092 4244 luminaria
1113 4204 1319 4259 magna,
1340 4188 1590 4241 luminare
1609 4202 1850 4257 magnum

249 4292 306 4336 ιιι
332 4292 565 4353 mmet
594 4282 717 4349 diei,
738 4292 784 4336 et
811 4281 1063 4335 luminare
1090 4280 1258 4333 minus
1280 4288 1334 4332 ut
1359 4289 1589 4345 prmesset
1616 4279 1771 4344 nocti,
1801 4286 1849 4331 et

250 4372 441 4429 stellas.
492 4370 677 4426 Vidisti
717 4370 1031 4440 sapientiam
1076 4368 1333 4438 Opiﬁcis?
1384 4367 1525 4423 Dixit
1570 4369 1763 4431 solum,
1795 4377 1849 4423 et

248 4463 569 4533 productum
618 4470 702 4517 est
751 4460 853 4517 hoc
905 4460 1223 4515 admirabile
1271 4460 1638 4524 elementum,
1682 4460 1847 4513 solem

248 4554 392 4610 dico.
442 4553 596 4610 llunc
641 4553 784 4610 enim
819 4562 974 4607 vocat
1019 4552 1281 4606 luminare
1324 4566 1609 4621 magnum,
1638 4560 1688 4605 et
1720 4549 1849 4605 dicit

250 4647 305 4716 ip
335 4660 424 4699 um
448 4643 643 4699 factum
669 4658 812 4709 esse,
834 4653 889 4698 ut
920 4644 1101 4714 prmsit
1121 4642 1248 4698 diei.
1278 4642 1372 4698 Sol
1394 4644 1536 4697 enim
1563 4642 1847 4697 clariorem

246 4735 390 4789 dicm
437 4734 623 4801 eflicit,
668 4734 895 4789 rutilans
943 4749 1108 4789 aureo
1151 4749 1249 4789 suo
1281 4733 1471 4803 jubare
1500 4743 1554 4788 et
1582 4733 1765 4795 radiis,
1794 4743 1847 4787 et

246 4827 485 4898 quntidie
512 4826 746 4897 speciem
776 4839 928 4879 suam
956 4825 1314 4893 vigesccntem
1340 4824 1650 4889 ostendens,
1682 4834 1736 4877 et
1766 4826 1840 4877 si-

249 4918 359 4972 mul
395 4928 555 4988 atque
594 4930 751 4971 mane
787 4922 1010 4971 exortus
1051 4914 1231 4982 fuerit,
1261 4931 1421 4970 omne
1446 4916 1665 4970 ltominu
1690 4934 1719 4967 ιι
1748 4930 1843 4986 ge-

247 5025 349 5066 nus
372 5010 438 5065 ad
466 5026 685 5065 suorum
708 5023 932 5078 operum
955 5006 1127 5062 studia
1153 5009 1413 5063 excitans.
1448 5007 1614 5075 llujus
1646 5006 1846 5062 formo-

246 5102 457 5155 sitatem
483 5100 765 5157 declarans
800 5099 987 5154 beatus
1014 5098 1210 5165 David,
1241 5099 1412 5168 inquit
1443 5116 1457 5153 :
1488 5096 1557 5152 Et
1582 5099 1689 5166 ipse
1713 5109 1845 5152 tam-

244 5209 397 5254 quam
435 5208 651 5262 sponsus
692 5190 952 5263 egrediens
994 5192 1057 5244 de
1097 5190 1319 5245 thalamo
1348 5207 1462 5256 suo,
1492 5190 1760 5245 exsultabit
1787 5201 1846 5245 ut

246 5288 391 5357 gigas
422 5284 488 5335 ad
510 5282 811 5336 currendum
836 5282 1005 5345 riam;
1032 5298 1063 5334 a
1092 5297 1287 5335 summa
1307 5281 1430 5336 ca'lo
1454 5298 1680 5352 rgrcssus
1711 5283 1759 5351 ej
1767 5299 1845 5349 us,

246 5386 291 5429 et
318 5391 555 5428 occursus
599 5376 713 5446 ejus
751 5388 907 5443 usque
938 5370 1009 5426 ad
1043 5388 1292 5426 sumntum
1319 5372 1429 5426 ca'li
1459 5372 1633 5443 (Psal.
1667 5372 1755 5427 l8.
1788 5373 1842 5427 6.

246 5466 323 5528 7).
355 5463 516 5518 Vides
544 5461 814 5532 quomodo
854 5462 971 5532 ejus
1015 5463 1483 5533 pulchritudinem,
1516 5473 1570 5519 ct
1618 5464 1669 5517 in
1717 5478 1843 5531 ope-

247 5556 416 5612 rando
445 5552 780 5610 velocitatem
808 5554 1134 5609 declaravit?
1168 5554 1400 5610 Dicenda
1427 5554 1593 5621 enim,
1627 5554 1668 5607 Α
1695 5570 1835 5608 stun-

248 5664 326 5699 ιιιο
352 5650 473 5699 creto
501 5660 729 5716 egressus
756 5646 884 5714 ejus,
914 5654 958 5698 et
984 5661 1224 5701 occursus
1262 5646 1374 5714 ejus
1413 5661 1571 5715 usque
1605 5646 1672 5697 ad
1707 5661 1845 5698 suat-

246 5756 381 5793 mum
406 5740 533 5805 arti,
562 5736 879 5809 signiﬁcavit
907 5736 1080 5800 nobis,
1108 5735 1377 5808 quomodo
1409 5737 1461 5792 in
1492 5752 1596 5791 uno
1629 5746 1837 5805 tempo-

1958 418 2034 469 ris
2063 418 2339 467 momento
2380 423 2479 479 per
2513 413 2684 463 totum
2718 403 2905 461 orbem
2934 400 3211 469 discurrit,
3232 410 3285 458 et
3312 416 3343 455 a
3373 402 3566 458 finibus

1956 509 2010 565 itt
2037 508 2171 563 lines
2193 504 2375 561 radios
2402 502 2583 569 mittit,
2603 499 2831 556 multum
2855 497 3097 554 utilitatis
3121 506 3400 568 pra'staas.
3430 493 3566 551 Nam

1957 614 2062 656 non
2104 598 2278 653 solum
2318 595 2581 661 calefacit,
2615 592 2716 651 sed
2756 601 2811 649 et
2846 591 3097 653 arefacit;
3140 597 3197 646 et
3243 604 3350 643 non
3392 589 3566 643 solum

1956 692 2199 754 arefacit,
2221 688 2316 750 sed
2343 696 2399 744 et
2427 687 2626 751 adurit,
2648 684 2955 755 multosque
2975 682 3110 737 alios
3130 690 3189 738 et
3210 680 3389 735 varios
3412 679 3567 735 nobis

1955 797 2084 839 usus
2110 780 2332 851 prrehct,
2360 789 2521 849 atque
2544 775 2681 832 adeo
2706 789 2959 845 magnum
2988 782 3075 829 est
3099 769 3417 827 miraculum
3444 769 3565 826 ele-

1954 886 2193 932 utentum
2222 872 2325 929 hoc
2343 914 2357 937 ,
2387 885 2561 943 neque
2586 878 2670 926 est
2691 870 2782 941 qui
2811 867 2996 923 laudes
3024 866 3142 938 ejus
3172 882 3270 937 pro
3297 864 3562 939 dignitate

1955 966 2346 1040 prmdicarcrit.
2376 964 2501 1020 llzcc
2517 973 2696 1019 autem
2718 961 2859 1027 dico,
2880 969 2935 1017 et
2957 974 3208 1015 sermone
3226 960 3557 1015 elementmn

1952 1059 2175 1123 extollo,
2208 1073 2316 1112 non
2361 1064 2420 1111 ut
2466 1057 2518 1108 ιιι
2562 1068 2631 1109 eo
2676 1053 2960 1118 subsistas,
2988 1050 3202 1114 dilecte,
3233 1048 3328 1103 ιιι-ιι
3361 1060 3416 1105 ιιι
3442 1049 3569 1106 inde

1955 1150 2234 1215 ascendas,
2255 1160 2310 1203 et
2338 1148 2389 1202 in
2412 1146 2663 1202 elementi
2685 1144 2944 1215 Opiﬁcetn
2964 1142 3373 1197 admirationem
3394 1150 3569 1196 trans-

1958 1242 2120 1297 feras.
2151 1239 2283 1295 Nam
2306 1247 2506 1310 quanto
2527 1237 2701 1306 majus
2720 1233 3023 1291 ostenditur
3042 1232 3393 1290 elementum.
3414 1238 3568 1288 tanto

1957 1333 2131 1403 majus
2156 1339 2485 1386 monstratur
2506 1327 2727 1401 Opificis
2758 1325 3098 1382 miraculum.

2028 1428 2084 1482 4.
2116 1424 2351 1480 Stultitia
2370 1421 2695 1477 adorantium
2721 1420 2915 1484 solem;
2938 1434 3030 1473 cur
3056 1426 3169 1489 post
3194 1415 3401 1471 tertium
3425 1414 3563 1468 disits

1955 1518 2034 1573 sol
2066 1515 2318 1572 conditus.
2340 1544 2411 1555 —
2436 1514 2634 1570 Verum
2673 1512 2904 1585 gentiles
2939 1510 3268 1567 admirantes
3296 1522 3348 1566 et
3374 1508 3565 1566 obstu-

1960 1617 2236 1679 pescentes
2262 1616 2469 1662 tantum
2497 1606 2844 1671 elementum,
2876 1603 3099 1660 ulterius
3127 1604 3431 1673 perspicere
3456 1615 3565 1657 non

1958 1710 2264 1775 potuerunt,
2306 1716 2481 1772 neque
2525 1700 2646 1769 ejus
2690 1697 3036 1754 Conditorem
3070 1694 3439 1758 laudaverunt.
3467 1693 3565 1751 sed

1958 1795 2013 1850 in
2044 1795 2317 1849 elemento
2352 1791 2822 1862 conquieseentes,
2855 1789 3029 1859 ipsum
3072 1802 3171 1858 pro
3219 1786 3323 1843 deo
3362 1786 3565 1841 habue-

1958 1895 2080 1941 runt
2104 1903 2117 1938 ε
2142 1892 2425 1956 propterea
2466 1892 2521 1938 et
2568 1882 2757 1937 beatus
2800 1879 2996 1936 Paulus
3034 1879 3165 1934 dicit
3197 1896 3210 1909 ·
3239 1876 3305 1933 Et
3344 1876 3567 1933 venerati

1957 1988 2095 2042 sunt,
2128 1975 2490 2045 colueruutqus
2528 1982 2813 2028 creaturam
2853 1971 3048 2042 magis,
3084 1986 3237 2041 quam
3273 1968 3566 2026 Creatorem

1958 2068 2135 2137 (llam.
2171 2068 2220 2121 l.
2247 2067 2363 2139 25).
2409 2064 2548 2133 Quid
2588 2065 2733 2120 enim
2786 2062 3125 2133 insipientius
3164 2060 3287 2128 illis,
3323 2062 3411 2131 qui
3457 2074 3564 2115 non

1961 2166 2249 2227 polucruttl
2291 2173 2356 2212 ex
2399 2156 2661 2211 creaturis
2689 2168 2981 2225 agnoscere
3021 2152 3353 2215 Creatorem.
3386 2151 3479 2207 sed
3512 2152 3565 2206 in

1960 2259 2165 2304 tantum
2198 2256 2556 2318 pervenerunt
2584 2262 2825 2301 errorem
2844 2286 2859 2311 ,
2892 2256 2949 2298 111
2986 2254 3288 2300 creaturam
3319 2255 3372 2299 Cl
3398 2245 3567 2299 factu-

1960 2358 2074 2397 ram
2116 2343 2167 2395 in
2200 2340 2443 2395 ordinem
2472 2338 2746 2394 Creatoris
2773 2336 3076 2393 referrent?
3117 2337 3455 2407 QuaprOpter
3478 2336 3565 2391 di-

1960 2436 2081 2487 vina
2110 2432 2384 2503 Scriptura
2409 2431 2710 2502 praevidens
2739 2444 3035 2501 propensos
3055 2428 3121 2485 ad
3140 2444 3388 2485 errorem
3417 2428 3567 2499 igna~

1958 2542 2075 2593 vos,
2115 2528 2271 2580 docet
2316 2540 2433 2590 nos,
2478 2534 2597 2595 post
2639 2524 2855 2579 tertium
2895 2523 3039 2579 diem
3090 2522 3192 2577 hoc
3238 2524 3565 2578 etetnentnm

1957 2634 2081 2675 esse
2129 2618 2444 2683 conditum,
2496 2625 2780 2688 postquam
2832 2625 2975 2671 terra
3024 2614 3311 2687 omnigcna
3356 2614 3564 2670 semina

1962 2713 2202 2783 protulit,
2236 2721 2291 2766 et
2318 2727 2474 2766 suum
2507 2712 2717 2779 accepit
2744 2720 2994 2764 ornatum
3024 2727 3035 2764 :
3069 2717 3129 2763 ut
3173 2708 3302 2762 nulli
3345 2706 3567 2777 posthac

1959 2805 2137 2859 dicere
2158 2797 2334 2867 liceat,
2366 2804 2482 2858 sine
2506 2802 2636 2857 solis
2655 2801 3042 2872 cooperatione
3069 2815 3175 2855 non
3204 2807 3567 2855 maturescere

1961 2897 2137 2968 fruges
2168 2907 2221 2952 et
2255 2906 2543 2967 proventus
2574 2904 2752 2951 terrae.
2802 2894 3005 2949 Idcirco
3031 2892 3271 2948 declarat
3297 2891 3387 2947 tibi
3416 2898 3567 2947 ante-

1959 3005 2117 3059 quam
2141 2989 2221 3044 sel
2251 2992 2596 3053 formaretur,
2627 2988 2807 3040 omnia
2842 2985 3003 3040 fuisse
3024 2983 3261 3055 impleta,
3294 2992 3348 3037 nt
3375 2997 3444 3037 ne
3466 2982 3566 3039 soli

1961 3081 2223 3135 fructuum
2270 3088 2559 3150 proventus
2599 3078 2909 3141 adscrihas,
2955 3075 3049 3131 sed
3098 3076 3337 3131 omnium
3385 3074 3563 3145 opiﬁci

1963 3173 2094 3238 Deo,
2122 3172 2209 3243 qui
2241 3172 2370 3227 dixit
2402 3172 2469 3227 ab
2495 3171 2647 3225 initio
2680 3188 2695 3225 :
2727 3168 2985 3223 Ger-minet
3024 3177 3158 3221 terra
3184 3167 3390 3221 herbam
3419 3165 3565 3237 (cui.

1928 3250 1931 3253 ’
1958 3266 2111 3330 Quod
2136 3265 2179 3320 si
2209 3264 2459 3330 dixerint,
2490 3263 2622 3318 solis
2656 3260 2985 3317 iunctionem
3024 3261 3185 3316 etiam
3211 3258 3412 3330 aliquid
3436 3273 3567 3329 ope-

1961 3358 2089 3421 rari,
2125 3366 2183 3413 ιιι
2223 3356 2427 3412 fructus
2461 3364 2848 3416 maturescunt.
2882 3368 3058 3424 neque
3094 3368 3192 3424 ego
3231 3350 3564 3406 contradico.

1959 3451 2091 3505 Νιιιιι
2123 3451 2259 3505 sicut
2284 3450 2328 3505 si
2355 3449 2644 3518 agricolam
2666 3448 2839 3501 dicam
2862 3445 3144 3515 cooperari
3170 3442 3239 3499 ad
3268 3453 3429 3499 term
3452 3442 3566 3497 cul-

1960 3552 2092 3604 tum.
2123 3557 2227 3597 non
2254 3542 2375 3597 ideo
2404 3541 2711 3596 universum
2736 3540 2911 3594 tribuo
2931 3537 3202 3610 agricolae,
3230 3537 3326 3592 sed
3352 3535 3564 3592 etiamsi

1960 3636 2003 3687 is
2034 3635 2337 3689 sexcenties
2359 3648 2513 3688 suum
2541 3642 2663 3703 agat
2688 3629 2949 3694 officium,
2969 3629 3071 3684 nisi
3101 3629 3146 3683 is
3171 3628 3262 3699 qui
3292 3641 3392 3682 suo
3422 3642 3566 3681 tnauo

1957 3729 2084 3783 dato
2121 3728 2190 3783 ab
2230 3727 2381 3782 initio
2429 3735 2627 3781 terram
2673 3724 2739 3779 ad
2789 3722 3061 3779 faciendos
3088 3721 3289 3778 fructos
3316 3721 3563 3776 idoneam

1960 3820 2102 3884 fecit,
2135 3819 2201 3874 ad
2230 3818 2331 3873 hoc
2358 3834 2477 3873 eam
2505 3831 2719 3887 quoque
2742 3830 2961 3870 movere
2985 3813 3133 3880 νι-ὶὶι,
3166 3812 3294 3867 nihil
3324 3811 3565 3882 proficiet

1958 3913 2141 3967 multis
2179 3909 2454 3965 laboribus
2486 3925 2500 3963 :
2531 3907 2781 3963 similiter
2817 3906 2959 3971 dico,
2989 3904 3199 3961 etiamsi
3228 3918 3349 3959 cum
3380 3902 3565 3958 labore

1956 4005 2140 4061 rustici
2180 4004 2453 4073 conspiret
2492 4001 2621 4056 solis
2647 4010 2702 4055 et
2728 4001 2869 4054 luna:
2893 3998 3136 4069 Operatio
3156 4039 3171 4063 ,
3198 4005 3255 4051 et
3282 3996 3396 4050 ca-li
3423 4005 3562 4051 tem-

1957 4100 2154 4168 peries,
2179 4110 2352 4165 neque
2371 4094 2449 4149 sic
2472 4094 2755 4148 utilitatem
2776 4092 3010 4161 aliquam
3033 4088 3171 4155 fore,
3198 4090 3297 4144 nisi
3325 4101 3561 4159 superne

1956 4192 2075 4245 illos
2104 4188 2324 4244 dextera
2354 4183 2562 4243 Domini
2588 4183 2860 4254 adiuverit
2894 4200 2908 4239 :
2938 4182 3037 4236 hac
3061 4190 3239 4235 autem
3278 4196 3438 4234 manu
3467 4195 3562 4233 ra-

1957 4281 2061 4335 lida
2085 4281 2305 4350 jurante
2325 4278 2485 4333 etiam
2503 4274 2772 4334 elementa
2800 4273 3087 4344 plurimum
3110 4273 3411 4327 conferunt.
3438 4270 3563 4326 llu‘e

1957 4374 2120 4442 probe
2151 4371 2409 4426 memoria
2442 4378 2707 4435 tenentes,
2751 4365 3080 4437 compescite
3118 4380 3215 4419 eos
3257 4364 3344 4435 qui
3390 4362 3563 4417 adhuc

1954 4478 2137 4517 errare
2164 4463 2365 4526 volunt,
2398 4469 2451 4515 et
2488 4476 2594 4515 non
2637 4460 2939 4524 concedite,
2976 4468 3033 4514 ttt
3078 4456 3348 4513 Creatoris
3391 4453 3563 4509 honor

1955 4565 2215 4611 creatum
2247 4554 2589 4610 concedatur.
2639 4554 2938 4623 Eapropter
2972 4562 3025 4607 et
3065 4552 3247 4607 divina
3286 4548 3562 4621 Scriptura

1956 4663 2061 4701 non
2088 4646 2261 4700 solum
2295 4643 2742 4716 pulchritudinem
2771 4643 2883 4713 ejus
2908 4684 2923 4708 ,
2956 4652 3010 4696 et
3038 4641 3481 4711 magnitudinem,
3509 4649 3563 4695 et

1956 4739 2239 4793 utilitatem
2283 4736 2545 4803 ostendit,
2577 4735 2805 4790 dicemlo
2837 4755 2849 4789 :
2886 4734 3033 4790 Sicut
3079 4750 3315 4805 sponsus,
3344 4743 3419 4795 et.
3456 4731 3563 4787 Es-

1955 4832 2161 4886 sultabit
2186 4831 2316 4885 sicut
2343 4834 2488 4902 gigas
2529 4828 2598 4883 ad
2636 4827 2943 4883 currendum
2978 4826 3147 4891 rium;
3174 4826 3269 4881 sed
3300 4835 3355 4881 et
3390 4825 3558 4880 imbe-

1955 4924 2231 4979 cillitatem
2259 4921 2695 4991 debilitatemque
2720 4921 2758 4975 ί.
2803 4919 2943 4975 Audi
2979 4919 3123 4974 enim
3160 4918 3286 4989 quid
3325 4916 3448 4972 alibi
3482 4915 3563 4972 di-

1954 5026 2041 5069 cat
2074 5031 2087 5068 :
2122 5013 2257 5080 Quid
2281 5015 2386 5068 sole
2408 5012 2667 5067 lucidius?
2696 5011 2862 5066 ethoc
2890 5010 3061 5080 deﬁcit
3105 5008 3293 5077 (Eccli.
3325 5009 3410 5063 17.
3443 5007 3559 5079 30).

1954 5107 2032 5163 Ne
2060 5114 2109 5161 te
2135 5105 2408 5176 decipiat,
2449 5104 2640 5175 inquit,
2667 5102 3031 5175 spectaculum
3065 5120 3079 5155 :
3109 5116 3228 5154 nam
3259 5100 3303 5153 si
3334 5098 3563 5155 voluerit

1952 5202 2211 5258 Conditor
2242 5202 2530 5270 imperare,
2559 5199 2709 5269 quasi
2747 5212 3036 5268 numquam
3070 5194 3246 5257 fuerit,
3277 5195 3347 5248 ita
3378 5193 3561 5263 dispa-

1955 5297 2112 5351 rcbit.
2162 5295 2286 5348 llzcc
2326 5294 2368 5346 si
2419 5292 2809 5347 intellexissent
2847 5289 3113 5362 gentiles,
3157 5287 3463 5357 neutiquam
3507 5288 3561 5341 in

1956 5398 2162 5446 tantum
2206 5384 2517 5440 incidissent
2554 5398 2825 5448 errorem,
2866 5382 2962 5439 sed
2997 5390 3141 5437 recte
3168 5377 3463 5445 vidissent,
3491 5392 3558 5432 ex

1987 5492 2323 5537 t'eaturarum
2365 5479 2819 5549 contemplatione
2858 5493 2952 5547 par
2989 5489 3108 5529 esse
3144 5472 3209 5527 ad
3247 5470 3558 5527 Creatorem

1954 5570 2271 5627 ascendere.
2317 5570 2537 5640 Propter
2580 5568 2683 5624 hoc
2720 5576 2911 5638 quarto
2950 5565 3038 5620 die
3078 5563 3246 5619 solem
3286 5558 3447 5623 fecit,
3472 5574 3561 5616 ~ne

2018 5686 2033 5717 ί
2073 5692 2199 5738 lure.
2217 5684 2302 5734 sed
2316 5688 2361 5732 et
2385 5680 2628 5733 imbecilli:
2648 5688 2756 5730 :tcm
2777 5678 3302 5740 tleltilitatemquc,qu:e
3326 5675 3377 5724 in
3393 5671 3546 5723 \torel.

1953 5746 2181 5803 deerant.
2207 5750 2255 5796 iu
2281 5749 2473 5796 ca‘tet'is
2495 5746 2753 5793 habentur.
