4038 6378
518 305 592 368 59
1225 310 1280 367 Β.
1321 308 1596 367 JOANNIS
1631 306 2104 368 CIIRYSOSTOMI
2143 307 2463 367 ARClIlEP.
2505 311 3040 376 CONSTANTINOP.
3729 320 3804 382 tit)

520 431 674 488 putes
701 421 847 476 illum
875 420 981 476 diei
1008 430 1301 478 auctorem.
1331 421 1461 476 Nam
1490 423 1628 492 quod
1657 422 1724 478 de
1745 421 2036 478 seminibus
2067 435 2095 472 a

521 511 676 564 nobis
705 511 906 566 dictum
935 521 1040 577 est,
1067 511 1210 566 etde
1234 512 1322 568 die
1351 512 1470 566 licet
1496 514 1696 578 dicere,
1721 528 1912 581 ueinpe
1941 511 2101 564 fuisse

522 613 632 655 tres
658 603 771 657 dies
795 611 920 659 ante
946 603 1075 658 Solis
1098 602 1491 658 formationem.
1521 604 1690 657 Voluit
1721 615 1898 658 autem
1927 599 2104 656 Donni-

523 708 624 745 nns
649 701 704 747 et
729 708 822 761 per
852 693 951 748 hoc
979 694 1300 748 elementum
1329 693 1612 748 clariorem
1637 693 1742 748 diei
1773 695 1945 747 lucem
1975 691 2102 746 red-

523 780 651 836 dere
674 799 686 833 :
709 782 757 834 id
784 782 922 851 quod
945 791 1002 837 et
1027 782 1095 837 de
1119 783 1311 839 minori
1339 785 1608 847 luminari,
1634 785 1732 838 hoc
1759 793 1857 846 est.
1888 783 1956 838 de
1983 784 2103 837 luna

524 875 860 928 dixerimus:
893 872 1046 929 facta:
1098 875 1238 929 enim
1281 886 1407 931 sunt
1453 885 1559 930 tres
1598 885 1780 930 noctes
1823 885 1945 928 ante
1989 874 2105 942 ejus

525 961 916 1017 formationem.
959 966 1206 1020 Attamen
1249 975 1301 1019 et
1344 965 1458 1020 bac
1497 965 1747 1034 producta
1775 980 1923 1019 suam
1952 965 2105 1017 alfert

523 1053 803 1108 utilitatem
838 1056 1096 1124 :dissipat
1131 1056 1273 1111 enim
1313 1057 1484 1111 noctis
1523 1055 1791 1121 tenebras,
1815 1064 1873 1109 et
1902 1055 2101 1114 ferme,

521 1152 581 1197 ut
608 1145 676 1197 ita
707 1144 900 1211 dicatn,
927 1144 1112 1200 eadem
1135 1163 1251 1214 qua
1262 1147 1346 1201 sol
1365 1147 1477 1216 ipse
1498 1145 1616 1200 facit
1638 1161 1762 1216 erga
1784 1147 1883 1199 alia
1905 1145 2102 1199 omnia.

526 1232 617 1288 Sol
648 1234 788 1287 enim
815 1234 1092 1288 ordinatus
1115 1217 1198 1288 est
1222 1235 1289 1290 ad
1319 1237 1421 1291 hoc
1455 1235 1524 1290 Ut
1549 1245 1784 1306 prwesset
1811 1235 1912 1289 diei
1935 1276 1950 1298 ,
1983 1234 2104 1288 luna

526 1331 729 1388 autem,
759 1321 826 1378 Ut
848 1334 1080 1394 praesset
1101 1326 1253 1378 nocti.
1282 1325 1418 1393 Quid
1447 1334 1529 1379 est
1559 1324 1626 1380 Ut
1652 1335 1882 1395 pra'esset
1906 1325 2022 1386 diei,
2054 1333 2109 1378 et

528 1409 596 1466 Ut
644 1423 875 1481 praesset
916 1415 1091 1469 nocti?
1131 1414 1486 1479 Potestatem,
1521 1416 1725 1485 inquit,
1756 1416 1986 1483 accepit,
2018 1415 2107 1469 illc

524 1501 737 1568 quidem
765 1501 892 1565 dici,
922 1501 1036 1556 Ιιωο
1064 1517 1190 1557 vero
1213 1503 1383 1558 noctis
1402 1543 1418 1568 ,
1449 1512 1508 1557 ut
1532 1504 1610 1557 sol
1638 1503 1778 1558 diem
1808 1505 1919 1558 suis
1949 1503 2108 1557 radiis

526 1592 804 1646 clariorem
829 1593 1050 1658 reddat;
1082 1593 1203 1649 luna
1226 1604 1405 1650 autem
1435 1605 1490 1648 ut
1515 1595 1758 1666 dispellat
1791 1597 2034 1651 tenebras
2053 1608 2109 1650 et

527 1682 799 1737 hominum
828 1685 1010 1754 generi
1039 1685 1236 1739 lumine
1268 1700 1366 1739 suo
1395 1684 1698 1741 facultatem
1729 1687 1964 1757 praebeat
1998 1687 2109 1739 suis

528 1774 751 1841 negotiis
768 1775 1006 1828 vamndi.
1039 1775 1188 1830 Tunc
1213 1777 1355 1829 enim
1375 1779 1544 1830 viator
1564 1776 1810 1832 fidentius
1833 1777 1934 1831 iter
1962 1777 2104 1842 facit,

525 1872 580 1914 et
624 1873 782 1915 nauta
824 1865 998 1918 navim
1027 1865 1180 1934 regit,
1205 1874 1260 1919 et
1284 1865 1450 1920 maria
1478 1868 1615 1935 trajit
1631 1867 1693 1934 it,
1716 1876 1770 1922 ct
1794 1883 1890 1921 sua
1919 1870 2110 1938 cuique

528 1950 724 2017 studia,
748 1967 975 2024 suasque
1003 1965 1147 2010 artes
1185 1966 1327 2011 metu
1370 1958 1544 2026 posito
1577 1960 1972 2028 aggrediuntur.
2006 1961 2103 2014 De-

527 2042 652 2097 inde
693 2053 970 2114 postquam
1002 2060 1100 2098 nos
1130 2046 1307 2100 docuit
1341 2048 1561 2102 istorum
1601 2049 1936 2104 lutninariutn
1969 2052 2110 2104 utili-

526 2140 712 2195 tatem,
741 2133 907 2203 inquit
938 2153 950 2188 :
987 2135 1071 2189 l7.
1107 2133 1172 2187 Et
1198 2137 1387 2190 stellas.
1431 2137 1497 2190 Et
1525 2139 1691 2208 posuit
1729 2137 1866 2193 Deus
1905 2140 2021 2193 illus
2057 2142 2108 2194 in

527 2222 844 2290 [irritamento
882 2227 1029 2290 caeli,
1067 2228 1137 2279 ita
1179 2237 1232 2280 stt
1279 2229 1479 2281 luceant
1519 2246 1669 2301 super
1711 2241 1912 2296 terram,
1947 2231 2029 2286 i8.
2063 2243 2110 2285 et

527 2315 731 2383 pra'sint
752 2315 850 2369 diei
874 2332 939 2369 ac
954 2317 1105 2381 nocti,
1125 2328 1172 2370 et
1194 2329 1423 2388 separent
1447 2319 1578 2373 inter
1600 2321 1764 2374 lucem
1793 2332 1840 2374 et
1860 2321 2106 2377 tenebras.

598 2405 650 2458 5.
689 2403 1020 2461 Pnlcltritndo
1049 2418 1096 2461 et
1121 2409 1309 2463 utilitas
1329 2411 1441 2463 mli
1454 2426 1476 2476 ;
1512 2411 1684 2465 omnia
1717 2422 1919 2483 prapter
1948 2414 2112 2466 homi-

525 2509 636 2547 nem
661 2504 828 2548 creata
851 2505 1077 2548 ειυιι.-
1104 2497 1477 2553 Animadverte
1510 2498 1593 2553 hic
1613 2511 1868 2571 quantum
1898 2510 1953 2556 et
1983 2503 2108 2556 ista-

526 2597 646 2636 rum
677 2598 829 2638 usum
861 2585 1014 2640 nobis
1037 2585 1345 2642 declaravit.
1383 2586 1561 2643 Posuit
1582 2582 1719 2658 illas,
1740 2591 1927 2661 inquit,
1946 2593 1997 2646 in
2017 2593 2110 2662 ﬁr-

525 2685 774 2729 mamento
789 2678 919 2731 acti.
943 2677 1078 2744 Quid
1096 2689 1198 2747 est,
1222 2677 1436 2734 Posuit?
1457 2681 1719 2751 Numquid
1740 2683 1886 2752 quasi
1909 2683 2113 2740 diceret

527 2763 738 2833 aliquis,
765 2764 941 2821 Fixit?
971 2768 1158 2823 Absit:
1185 2768 1425 2825 videmus
1449 2771 1591 2826 enim
1622 2771 1766 2843 ipsas
1791 2787 1932 2842 saspe
1955 2775 2110 2829 unico

529 2857 789 2924 temporis
844 2867 1117 2912 momento
1170 2876 1419 2930 magnum
1467 2864 1696 2920 transire
1745 2867 2007 2935 spatium,
2055 2876 2110 2922 et

524 2959 810 3015 numquam
860 2947 1061 3007 inuno
1102 2949 1221 3005 loco
1267 2961 1430 3021 stare,
1475 2955 1569 3009 sed
1605 2968 1784 3021 suum,
1820 2972 1976 3026 quem
2008 2957 2110 3011 illis

527 3031 780 3088 Dominus
808 3039 1081 3106 pra‘ccpit,
1108 3053 1322 3094 cursum
1352 3042 1626 3111 perlicere.
1651 3043 1794 3112 Quid
1822 3046 1978 3113 igitur
2003 3055 2106 3112 est,

530 3120 749 3177 Posuit?
790 3124 845 3178 ld
880 3136 976 3191 est,
1011 3128 1286 3196 imperavit
1313 3140 1367 3185 ut
1394 3131 1520 3200 ipsa:
1544 3141 1725 3188 essent
1750 3133 1800 3186 in
1829 3135 1981 3188 ca'lo.
2014 3134 2108 3188 Et-

525 3213 669 3267 enim
715 3214 814 3270 boc
857 3232 919 3269 ex
961 3217 1186 3274 decursu
1222 3222 1515 3292 Scriptura:
1544 3224 1720 3280 licebit
1748 3226 1954 3286 videre.
1987 3228 2108 3297 quia

523 3304 647 3358 alibi
675 3306 803 3360 dicit
832 3323 846 3358 :
881 3305 1057 3361 Posuit
1081 3309 1214 3365 Dens
1240 3314 1402 3366 Adam
1425 3317 1474 3367 in
1496 3317 1735 3384 paradiso
1756 3316 1911 3384 '(Gen.
1947 3318 2000 3372 2.
2026 3319 2107 3388 8),

527 3409 631 3449 non
657 3396 798 3466 quod
830 3397 1060 3454 infixerit
1078 3416 1198 3454 eum
1230 3404 1495 3471 paradiso,
1517 3405 1611 3460 sed
1630 3407 1774 3475 quod
1795 3410 2110 3477 praei-perit

524 3494 584 3539 ut
607 3496 748 3540 esset
777 3487 828 3540 in
863 3491 1124 3557 paradiso.
1156 3492 1414 3549 Similiter
1433 3505 1486 3549 et
1511 3497 1576 3550 de
1597 3499 1770 3554 stellis
1793 3500 2105 3568 dixerimus,

528 3575 818 3644 imperasse
848 3593 1039 3649 neu-pc
1066 3581 1142 3635 eis
1175 3590 1230 3635 ut
1255 3586 1512 3640 essentia
1541 3585 1873 3643 llrmamcnto
1897 3592 2034 3657 czt'li,
2058 3601 2110 3646 et

528 3679 682 3718 suum
714 3666 890 3720 lumen
918 3683 1079 3737 super
1115 3682 1307 3727 terram
1337 3676 1662 3731 emitterent.
1694 3679 2108 3748 Animadverte,

524 3755 767 3816 obsecro.
792 3756 1003 3825 dilecte,
1036 3761 1350 3829 quibusnam
1377 3766 1540 3834 pratis
1556 3777 1609 3821 ct
1631 3767 1800 3822 hortis
1823 3769 2110 3838 jucundius

532 3861 638 3899 non
679 3848 835 3902 luerit
863 3863 1105 3919 spectare
1134 3854 1185 3907 in
1215 3855 1389 3910 media
1416 3869 1570 3913 iiucte
1597 3861 1785 3915 exulum
1817 3862 1987 3917 stellis
2020 3863 2110 3916 di-

526 3938 869 4003 stincttun,et
893 3942 1164 3998 stellarum
1192 3945 1446 4003 varietate
1470 3952 1619 4020 quasi
1650 3951 1869 4007 tioribus
1895 3954 2112 4024 quibus-

529 4029 651 4082 dam
671 4045 1016 4100 conspersum
1040 4044 1093 4089 et
1112 4047 1379 4104 ornatum,
1411 4042 1634 4095 multum
1662 4043 1794 4098 lucis
1818 4059 1980 4114 super
2005 4056 2108 4101 ter-

528 4136 640 4175 ram
685 4122 997 4179 elfundere?
1039 4126 1169 4181 Nam
1212 4139 1266 4184 et
1311 4130 1363 4184 in
1410 4131 1512 4187 hoc
1555 4133 1814 4189 ordinatze
1857 4145 2013 4202 sunt,
2057 4149 2113 4192 ut

529 4214 738 4267 luceant
763 4229 924 4285 super
949 4226 1141 4274 terram
1166 4262 1177 4281 .
1207 4231 1260 4274 et
1289 4223 1504 4289 prursint
1530 4223 1637 4278 diei
1669 4238 1732 4280 ac
1759 4226 1933 4291 nocti,
1965 4228 2106 4297 quod

527 4304 846 4373 generaliter
866 4316 918 4360 et
943 4306 1010 4362 de
1032 4309 1234 4378 magnis
1258 4310 1606 4367 luminat-ibus
1624 4314 1824 4370 dictum
1844 4325 1946 4370 est.
1975 4317 2107 4372 Nam

528 4403 806 4464 νοδῑιιιιιιηι
833 4397 1014 4452 docuit
1052 4415 1150 4454 nos
1173 4442 1188 4467 ,
1228 4403 1494 4472 quomodo
1527 4405 1748 4461 formata
1777 4407 1975 4463 fuerint
2003 4409 2110 4464 duo

532 4489 809 4544 luminaria
840 4506 1051 4562 magna,
1090 4502 1144 4547 et
1180 4495 1349 4550 stella:
1375 4513 1390 4549 :
1418 4497 1486 4552 de
1528 4499 1778 4554 omnibus
1820 4501 1871 4554 in
1911 4517 2110 4572 genere

528 4577 676 4642 dicit,
711 4578 771 4632 Et
797 4582 998 4649 prarsint
1021 4584 1118 4636 diei
1143 4600 1204 4635 ac
1228 4586 1382 4649 nocti,
1401 4595 1448 4639 et
1470 4598 1701 4654 separent
1727 4591 1856 4642 inter
1883 4592 2041 4645 lucem
2063 4605 2109 4646 el

532 4669 778 4724 tenebras.
820 4671 1105 4728 Enimvero
1142 4675 1278 4729 sicut
1308 4676 1537 4731 interdiu
1568 4678 1735 4733 stella:
1761 4680 1812 4734 in
1841 4682 1973 4735 cmlo
2003 4698 2108 4737 non

531 4762 775 4816 videntur
817 4763 1115 4818 discurrere
1150 4766 1394 4828 (illarqu
1422 4769 1562 4822 enim
1593 4783 1743 4823 usum
1776 4770 1952 4826 lumen
1983 4773 2112 4827 solis

531 4853 693 4908 undta
720 4854 962 4911 claritate
988 4856 1230 4927 obtegit),
1265 4859 1334 4912 ita
1363 4875 1534 4931 neque
1564 4873 1721 4917 noctu
1749 4864 1830 4918 sol
1859 4878 2108 4935 apparet,

527 4946 823 5003 suiliciente
850 4947 970 5002 luna
997 4963 1093 5002 suo
1124 4950 1325 5005 lumine
1363 4952 1429 5005 ad
1468 4953 1807 5010 illustrandas
1832 4960 2001 5012 noctis
2030 4968 2108 5014 tc-

530 5039 723 5094 ncbras
753 5057 767 5093 :
791 5055 976 5094 verum
1006 5041 1268 5097 elementa
1289 5060 1512 5115 qua:qu
1538 5047 1672 5102 intra
1700 5063 1825 5105 suos
1852 5053 2110 5108 terminos

534 5138 768 5197 manent,
796 5139 850 5186 et
879 5145 1162 5202 numquam
1191 5149 1342 5189 suam
1374 5151 1676 5194 mensuram
1709 5145 2107 5213 transgrediun-

531 5232 615 5275 tur
639 5240 653 5277 :
676 5224 769 5278 sed
795 5223 1194 5295 dispositionem
1217 5238 1270 5283 et
1290 5229 1529 5285 ordinem
1556 5232 1760 5288 Domini
1783 5239 2105 5304 custodiunt,

529 5329 792 5383 suumque
816 5331 950 5386 opus
979 5318 1197 5373 faciunt.
1240 5320 1371 5387 Quis
1409 5334 1585 5398 autem
1622 5327 1723 5380 alia
1750 5333 1924 5382 omnia
1953 5344 2111 5384 enar-

530 5409 746 5471 raverit,
789 5425 907 5477 qua:
948 5411 1136 5466 horum
1181 5414 1517 5471 luminarium
1565 5428 1619 5473 et
1663 5421 1936 5475 stellarum
1983 5439 2108 5478 usus

532 5501 766 5556 lminano
794 5507 1250 5574 generi'confert?
1295 5510 1408 5565 Sint
1443 5512 1606 5578 enim,
1640 5496 1826 5584 inquit,
1853 5517 1904 5568 in
1941 5519 2103 5588 signa,

520 5607 567 5646 et
605 5595 654 5647 in
687 5605 931 5664 tempora,
959 5609 1004 5651 et
1029 5599 1227 5666 indies,
1254 5613 1302 5654 et
1331 5603 1381 5654 in
1410 5619 1589 5657 annos.
1630 5604 1765 5671 Quid
1793 5609 1908 5661 est?
1939 5607 2002 5662 In
2035 5612 2103 5663 si-

535 5701 635 5754 gna
668 5697 711 5741 et
737 5687 787 5741 in
817 5700 1058 5761 tempore,
1089 5703 1135 5748 et
1169 5695 1219 5748 in
1246 5695 1369 5761 dies,
1398 5705 1442 5750 et
1470 5697 1520 5750 in
1549 5697 1749 5754 annos?
1777 5698 1974 5757 Docere
2004 5721 2099 5760 nos

2214 423 2321 478 vult
2350 425 2526 480 divina
2553 428 2821 498 Scriptura
2843 471 2858 494 ,
2889 428 3077 482 horum
3103 444 3314 484 cursum
3345 431 3621 486 scientiam
3646 434 3806 488 notus

2211 525 2508 587 temporum
2538 518 2802 587 conferre,
2831 521 3222 577 vicissitudines
3247 525 3683 587 contetsionnm,
3713 543 3803 579 uu-

2211 624 2418 663 merum
2447 611 2675 672 dierum.
2697 613 2820 666 anni
2841 614 3163 669 curriculum
3193 625 3281 669 :et
3307 631 3372 670 ex
3406 617 3486 672 bis
3516 633 3807 686 [assumas

2209 697 2524 768 dignoscere
2551 704 2747 756 omnia.
2794 702 3000 758 Etenim
3029 703 3353 774 gubernator
3370 707 3437 760 ad
3461 708 3654 761 borum
3682 723 3807 760 rur-

2210 803 2327 841 sum
2371 801 2640 860 spectans,
2688 802 2742 847 et
2783 792 2834 847 in
2879 794 3066 848 cadum
3113 794 3368 860 intentus,
3411 796 3808 868 dtifgentenpia

2209 878 2422 934 discens
2466 884 2665 948 omnia,
2694 883 2941 953 navigare
2981 885 3184 955 incipit,
3218 888 3380 942 maria
3412 890 3622 955 transit,
3655 900 3712 946 et
3752 891 3807 945 in

2211 968 2528 1025 densissima
2564 983 2741 1038 nocte,
2774 976 2899 1030 visis
2922 977 3096 1030 stellis
3115 978 3131 1009 ³
3165 979 3341 1032 navim
3368 980 3600 1052 dirigere
3625 993 3684 1037 et
3707 998 3809 1038 sua

2210 1071 2325 1115 arte
2367 1064 2597 1119 salutem
2627 1064 2996 1135 navigantibus
3024 1068 3153 1124 dare
3178 1071 3338 1125 solet.
3368 1070 3458 1128 Sic
3483 1081 3538 1128 et
3559 1073 3802 1144 agricola

2211 1165 2275 1205 ex
2307 1151 2412 1206 illis
2438 1153 2597 1208 discit
2625 1156 2840 1224 quando
2865 1166 3105 1226 oporteat
3133 1161 3339 1214 semina
3369 1172 3526 1216 teme
3551 1164 3811 1219 commit-

2213 1254 2345 1308 tere,
2377 1245 2592 1316 quando
2623 1255 2817 1302 terram
2841 1249 3132 1317 pastinare,
3156 1258 3213 1305 et
3239 1265 3419 1316 arare,
3450 1253 3670 1322 quando
3703 1253 3806 1309 fal-

2213 1353 2328 1391 ccm
2355 1354 2552 1392 acuere
2578 1348 2633 1392 ut
2663 1338 2839 1408 fruges
2865 1340 3122 1398 demetat.
3154 1341 3270 1396 Non
3301 1357 3466 1412 pauca
3492 1345 3615 1400 vita!
3646 1345 3810 1415 hujus

2212 1430 2491 1482 commoda
2539 1440 2835 1500 temporum
2877 1430 3126 1497 scientia,
3169 1432 3377 1486 dierum
3418 1447 3708 1500 numerus,
3753 1445 3811 1489 et

2212 1520 2338 1573 anui
2367 1520 2598 1575 circulus
2635 1521 2866 1576 alit-runt
2896 1539 2910 1576 :
2946 1523 3214 1592 multaque
3258 1524 3312 1578 iu
3362 1524 3428 1579 iis
3471 1524 3808 1595 deprehcmli

2215 1624 2431 1680 possent
2472 1614 2536 1666 ad
2580 1613 2860 1670 fovendam
2900 1614 3187 1670 humanam
3215 1616 3377 1671 vitam
3418 1616 3592 1684 utilia,
3633 1634 3811 1687 neque

2213 1711 2296 1756 est
2342 1704 2431 1772 qni
2473 1714 2660 1760 exacte
2707 1719 2990 1762 recensere
3029 1706 3233 1776 singula
3281 1707 3492 1776 possit:
3522 1722 3587 1762 es
3623 1708 3813 1777 paucis

2217 1803 2394 1847 tamen
2422 1806 2651 1865 quantus
2689 1811 2876 1852 eorum
2914 1797 2984 1852 sit
3020 1812 3148 1852 usus
3180 1797 3590 1868 conjectandum
3620 1807 3728 1863 est,
3754 1810 3814 1853 et

2214 1903 2337 1940 eum
2365 1886 2606 1943 admirati
2634 1888 2890 1945 fuerimus
2915 1897 3208 1957 creaturas,
3244 1905 3432 1946 earum
3458 1889 3649 1961 Opifex
3673 1907 3808 1961 quo-

2215 1993 2316 2047 que
2345 1978 2648 2033 adorandus
2690 1991 2743 2034 et
2785 1979 3140 2037 celebrandus
3161 1991 3244 2037 est
3269 2000 3284 2038 :
3315 1982 3652 2052 suspicienda
3683 1984 3811 2038 item

2217 2069 2500 2124 ineffabilis
2528 2071 2666 2124 illius
2694 2071 3013 2143 benignitas,
3041 2089 3200 2145 quam
3231 2089 3359 2146 erga
3390 2074 3680 2130 humanum
3711 2092 3810 2146 ge.

2217 2175 2316 2213 nus
2359 2159 2606 2215 exhibuit
2637 2180 2650 2216 :
2678 2165 2873 2233 quippe
2911 2175 3130 2235 propter
3174 2164 3245 2219 nil
3285 2165 3428 2220 aliud
3471 2165 3587 2220 lucc
3628 2171 3811 2220 (millia

2217 2253 2483 2320 produxit.
2510 2269 2671 2324 quam
2709 2268 2925 2327 propter
2973 2257 3243 2312 hominem
3287 2274 3446 2328 quem
3491 2275 3598 2315 non
3640 2262 3813 2315 multo

2216 2353 2336 2413 post
2362 2346 2510 2415 quasi
2540 2362 2716 2417 regem
2744 2357 2798 2402 et
2828 2350 3119 2419 principem
3149 2351 3396 2406 erunibus
3425 2367 3455 2406 a
3490 2367 3548 2409 se
3576 2354 3812 2408 conditis

2216 2437 2564 2506 praefecturas
2590 2450 2727 2492 erat.
2754 2439 2817 2492 lz‘t
2842 2441 2982 2507 uidit,
3009 2443 3106 2508 ait,
3134 2441 3267 2496 Dens
3285 2445 3420 2512 quod
3441 2454 3568 2498 esset
3596 2447 3806 2502 bonum.

2219 2527 2375 2581 Vides
2404 2529 2627 2598 singulis
2654 2530 2839 2584 diclms
2869 2532 3150 2587 ostendere
3175 2533 3408 2588 d.vinam
3438 2535 3772 2605 Scripturam
3791 2578 3810 2602 ,

2217 2617 2329 2674 Deo
2366 2621 2578 2688 placere
2618 2631 2914 2686 creaturas,
2955 2632 3010 2677 nt
3047 2639 3262 2679 omnem
3295 2637 3535 2695 amputet
3562 2629 3811 2683 liceasio-

2216 2726 2339 2767 nem
2370 2729 2554 2769 corum
2576 2757 2590 2781 ,
2619 2717 2706 2787 qui
2737 2715 3132 2785 reprehendere
3160 2719 3358 2772 audent
3380 2735 3440 2773 ea
3475 2736 3594 2790 qua:
3623 2723 3693 2775 ab
3720 2722 3812 2775 illo

2214 2815 2335 2859 sunt
2371 2806 2548 2861 facta?
2590 2806 2741 2874 Quod
2779 2809 2921 2864 enim
2963 2810 3119 2880 hujus
3160 2811 3234 2864 rei
3275 2812 3445 2881 gratia
3486 2828 3812 2882 unoquoque

2213 2897 2302 2954 die
2340 2899 2612 2969 Scriptura
2652 2900 2829 2955 divina
2873 2901 2975 2956 hoc
3023 2902 3303 2973 significet,
3331 2919 3397 2959 ex
3424 2908 3808 2975 censi-quentia

2215 2989 2555 3044 manifestum
2585 3003 2686 3047 est.
2721 2991 3031 3047 Sufllciebat
3055 2994 3197 3048 enim
3226 2995 3295 3050 de
3320 2995 3570 3052 omnibus
3595 3009 3807 3051 (δι-αιιιι-

2215 3079 2289 3132 ris
2314 3079 2482 3135 semel
2509 3079 2688 3136 dicere
2706 3122 2721 3148 ,
2751 3083 2929 3136 oniiiia
2956 3100 3305 3154 quamcumque
3327 3085 3452 3141 fecit
3472 3127 3487 3150 ,
3516 3102 3640 3142 esse
3669 3087 3810 3144 bona

2217 3172 2370 3227 valde
2399 3190 2413 3226 :
2446 3173 2542 3229 sed
2571 3175 2748 3230 sciens
2776 3186 2970 3246 quanta
2998 3178 3068 3231 sit
3092 3178 3349 3232 mentium
3374 3190 3679 3236 nostrarum
3722 3183 3808 3238 in-

2215 3263 2458 3331 ﬁrmitas,
2482 3264 2788 3337 singillatim
2817 3266 2919 3323 hoc
2945 3267 3087 3332 facit,
3109 3277 3165 3322 ut
3185 3268 3361 3324 discas
3387 3270 3649 3340 sapientia
3677 3255 3811 3342 quii-

2212 3357 2336 3411 dam
2389 3358 2616 3424 solerti,
2665 3369 2721 3414 ct
2775 3359 3099 3430 benignitate
3152 3361 3488 3419 inenarrabili
3545 3365 3806 3434 producta

2215 3447 2378 3503 fuisse
2399 3450 2597 3503 munia.
2631 3450 2716 3505 19.
2751 3451 2813 3504 Et
2839 3453 3031 3521 factum
3056 3460 3146 3519 est,
3177 3453 3364 3523 inquit,
3391 3470 3613 3524 vespere,
3643 3467 3688 3509 et
3721 3460 3804 3526 fa-

2212 3549 2346 3593 ctum
2376 3550 2449 3593 est
2474 3558 2653 3609 tuane,
2689 3543 2798 3596 dies
2825 3553 3058 3614 quartus.
3093 3544 3379 3615 Postquam
3405 3547 3547 3599 enim
3575 3547 3812 3602 absolvit

2213 3640 2461 3686 ornatum
2491 3633 2630 3698 caeli,
2662 3643 2715 3688 et
2741 3635 2910 3689 stellis
2939 3635 3066 3689 illud
3095 3635 3387 3701 decoravit,
3409 3635 3626 3708 duoque
3653 3639 3810 3694 lumi-

2215 3723 2361 3776 naria
2393 3739 2581 3793 magua
2606 3724 2875 3794 produxit.
2911 3725 3071 3779 linem
3101 3723 3207 3778 diei
3241 3726 3524 3795 imposuit;
3549 3740 3603 3785 et
3629 3728 3807 3784 dixit:

2216 3812 2286 3868 Et
2312 3818 2497 3883 {actum
2523 3827 2593 3870 est
2622 3834 2841 3888 uespere,
2872 3828 2918 3872 et
2940 3819 3136 3888 factum
3153 3829 3226 3872 cst
3248 3834 3414 3884 mane,
3438 3820 3548 3874 dies
3572 3835 3804 3890 quartus.

2219 3905 2349 3960 V'ide
2375 3921 2481 3976 quo
2508 3918 2660 3976 pacto
2685 3917 2738 3962 et
2761 3909 2861 3963 hoc
2890 3925 2985 3979 per
3003 3909 3239 3979 singulos
3258 3910 3375 3964 dies
3393 3922 3805 3979 commemorat,

2215 3998 2391 4052 divina
2421 3999 2669 4067 dogmata
2709 3999 2971 4071 frequenti
3012 4000 3376 4057 admonitione
3399 4011 3610 4074 nostra:
3641 4008 3806 4059 tt‘teuti

2217 4090 2435 4159 inligere
2465 4092 2669 4145 videns.

2287 4183 2338 4237 6.
2384 4183 2917 4238 Moralisexhortatio.
2953 4215 3023 4225 —
3066 4184 3190 4239 Hmc
3233 4185 3392 4255 igitur
3433 4187 3611 4240 omnia
3657 4190 3807 4257 quasi

2217 4274 2479 4343 insculpta
2511 4277 2802 4330 retinentes
2839 4276 2891 4329 in
2923 4277 3204 4333 latitudine
3234 4279 3446 4344 cordis,
3501 4279 3776 4348 quonein

2213 4368 2445 4437 gentiam
2476 4384 2688 4422 onmem
2715 4369 3067 4431 excutiamus,
3087 4385 3215 4424 sana
3244 4379 3495 4424 accurate
3526 4378 3807 4425 tenemur:

2214 4460 2480 4528 dogmata,
2515 4471 2674 4528 atque
2695 4475 2787 4513 eos
2807 4461 2898 4528 qui
2925 4459 3107 4528 gentili
3127 4475 3312 4514 errore
3342 4473 3801 4529 prmoccupautur.

2214 4551 2360 4603 οιιιιιί
2393 4550 2802 4604 niansuctudine
2828 4550 3138 4614 doceamus,
3192 4565 3258 4604 ne
3301 4549 3546 4605 ordinem
3575 4553 3805 4605 confun-

2215 4640 2365 4700 dant,
2393 4657 2564 4710 neque
2593 4642 2777 4695 relicto
2801 4640 3059 4695 Creatore
3091 4652 3369 4696 creaturas
3393 4640 3621 4697 adorent
3641 4682 3657 4705 ,
3685 4659 3806 4711 qua!

2214 4731 2284 4784 ob
2311 4739 2546 4783 nostram
2574 4730 2800 4784 salutem
2842 4739 2899 4786 ct
2944 4732 3224 4784 utilitatem
3277 4732 3430 4785 hictze
3476 4740 3621 4786 sunt.
3669 4731 3804 4787 Nam

2215 4820 2314 4875 etsi
2343 4821 2536 4876 millies
2557 4819 2932 4890 dirumpantur
2972 4821 3224 4890 gentiles,
3275 4831 3452 4876 tamen
3488 4823 3630 4876 clara
3675 4839 3805 4878 ινα-ο

2213 4912 2409 4979 clamo,
2464 4921 2684 4982 propter
2738 4911 3028 4965 lunnauum
3060 4927 3230 4978 genus
3287 4911 3400 4965 ha‘c
3441 4912 3619 4966 omnia
3665 4913 3802 4967 facta

2212 5017 2368 5070 esse;
2403 5003 2502 5057 sibi
2529 5004 2669 5057 enim
2697 5001 2971 5056 sufficiens
3011 5002 3191 5070 opifex
3230 5003 3378 5057 nullo
3401 5004 3624 5058 istorum
3670 5019 3805 5074 opus

2213 5093 2443 5149 habebat
2474 5112 2486 5147 :
2516 5095 2608 5149 sed
2638 5105 2696 5147 ut
2717 5109 2840 5163 erga
2869 5111 2964 5147 nos
2990 5109 3139 5148 suam
3191 5095 3571 5164 benignitatem
3613 5107 3802 5150 oSIen-

2213 5187 2382 5252 deret,
2417 5188 2530 5240 hazc
2550 5188 2728 5240 omnia
2761 5186 3026 5254 produxit,
3047 5186 3424 5240 demonstrans
3476 5197 3677 5257 quanto
3707 5189 3804 5240 lio-

2213 5295 2340 5332 nore
2367 5286 2720 5348 prosequatur
2749 5277 3038 5330 humanum
3069 5291 3257 5346 genus,
3287 5286 3344 5331 ut
3371 5278 3452 5330 his
3491 5279 3799 5332 manuducti

2211 5370 2449 5426 debitam
2481 5369 2579 5440 ipsi
2606 5369 2973 5423 adorationem
3005 5369 3316 5424 referamus.
3375 5370 3600 5436 Quanta:
3656 5374 3800 5425 enim

2211 5462 2448 5516 stultitia:
2477 5472 2558 5516 est
2582 5472 2706 5515 ante
2730 5460 2977 5530 pulchras
3000 5473 3274 5517 creaturas
3303 5464 3650 5532 procumbere
3671 5475 3720 5518 et
3749 5468 3801 5518 in

2213 5556 2316 5610 illis
2343 5555 2657 5618 consistere,
2690 5567 2786 5608 uec
2817 5555 3059 5609 attollere
3089 5557 3281 5609 mentis
3310 5556 3491 5610 oculos
3538 5556 3603 5610 ad
3651 5556 3804 5611 illum

2280 5715 2294 5744 ι
2329 5711 2538 5772 Coisliu.,
2553 5712 2701 5774 juxta
2725 5711 2969 5764 stellarum
2993 5710 3282 5774 mulionem.
