4038 6374
258 334 326 393 σί
1421 326 1487 383 IN
1526 326 1682 382 CAP.
1715 324 1754 379 ι.
1799 322 1859 378 Gl

1971 321 2045 378 IS.
2094 325 2317 383 liOMlL.
2370 327 2482 387 VII.
3508 343 3579 400 GI

257 448 349 521 qui
364 462 455 504 eas
466 445 739 518 producit,
758 458 931 516 neque
952 442 1114 498 Paulo
1130 441 1353 499 credere
1368 441 1568 497 dicenti
1586 458 1599 493 :
1621 440 1646 493 Ι
1656 437 1866 493 nvisibi-

256 541 330 596 lia
348 541 486 595 illius
496 538 830 594 “creatione
843 536 1019 591 utendi
1039 553 1128 605 per
1143 550 1326 607 eaquw
1336 535 1473 605 facta
1488 530 1869 587 suntintellccza

249 630 778 701 pervidenturmom.
797 632 823 686 i
835 668 851 685 .
868 627 983 701 20)!
999 627 1135 697 Quid
1148 618 1651 693 dicis,1t'omo?Cum
1670 625 1868 729 videris

254 722 471 788 crium,
502 720 788 776 admiraris
814 720 932 791 ejus
958 720 1371 787 formositatem,
1397 728 1665 773 astrorum
1694 720 1869 771 varie—

260 824 449 879 laletn,
475 812 743 867 claritatis
764 811 1153 868 eminentiam?
1180 811 1257 867 Ne
1275 810 1347 865 ibi
1368 809 1650 871 subsistas,
1673 809 1767 864 sed
1796 807 1864 863 ad

255 903 517 974 Opiﬁccnt
550 905 727 973 ipsum
756 912 899 958 tuam
928 902 1159 959 extende
1186 911 1423 957 mentem
1454 919 1468 956 :
1504 902 1555 956 in
1586 908 1862 970 stuperent

263 1009 318 1053 te
340 1012 531 1053 rursus
552 997 774 1067 conjicit
792 998 885 1052 lux
918 997 1071 1063 solis,
1103 1004 1158 1051 et
1173 994 1458 1050 admiraris
1479 993 1861 1064 cjusmultipli-

256 1102 374 1142 cem
406 1102 599 1142 usum:
631 1098 688 1143 et
711 1088 839 1159 quia
866 1087 1016 1144 vides
1068 1087 1247 1143 radios
1294 1087 1626 1142 illustrantes
1677 1086 1866 1142 oculos

257 1186 403 1241 tuos.
431 1178 719 1235 admiraris
739 1178 993 1235 elementi
1030 1178 1524 1251 pulchritudinem?
1550 1178 1656 1234 Sed
1689 1194 1863 1249 neque

256 1267 347 1322 hic
375 1268 675 1335 subsistas;
708 1269 817 1325 imo
839 1268 939 1326 hoc
965 1271 1164 1341 cogita,
1194 1270 1241 1325 si
1266 1280 1513 1326 creatura
1534 1277 1645 1324 tam
1694 1268 1863 1324 admi-

256 1357 445 1412 rabilis
463 1367 564 1422 est,
588 1367 642 1414 et
658 1375 818 1430 supra
836 1360 1075 1416 omnium
1097 1361 1402 1432 Opinionem
1429 1372 1483 1419 et
1503 1362 1857 1431 intellectum,

252 1447 497 1518 quantus
518 1461 601 1506 est
627 1452 721 1522 qui
748 1452 920 1523 ipsam
947 1456 1065 1510 solo
1090 1454 1258 1510 verbo
1283 1465 1337 1510 et
1366 1464 1638 1525 przecepto
1665 1454 1863 1525 produ-

255 1541 374 1596 xit?
400 1541 637 1611 ldipsuni
664 1553 721 1598 et
747 1543 816 1599 de
868 1552 1014 1600 terra
1063 1553 1243 1601 tecum
1288 1546 1569 1602 considera
1600 1565 1615 1603 :
1644 1547 1862 1619 quando

255 1630 457 1688 videris
484 1649 604 1689 eam
630 1634 851 1691 floribus
867 1637 1071 1701 ornari,
1102 1637 1243 1693 sicut
1269 1638 1649 1694 vestimentum
1677 1638 1859 1695 multis

248 1722 531 1780 coloribus
557 1724 892 1793 distinctum,
913 1727 1062 1782 varia
1086 1726 1376 1784 herbarum
1416 1737 1597 1800 segete
1625 1729 1863 1801 undique

251 1812 367 1883 tegi
396 1829 411 1865 :
445 1829 512 1870 ne
527 1816 708 1871 virtuti
722 1826 879 1871 terrm
893 1816 1242 1875 adscrihasea
1257 1835 1377 1889 qua:
1400 1834 1465 1875 ex
1483 1820 1596 1891 ipsa
1626 1834 1863 1877 nascun-

254 1913 369 1971 tur,
395 1920 573 1978 neque
590 1904 723 1963 solis
746 1909 829 1964 vel
857 1908 999 1965 Iunce
1016 1911 1421 1980 cooperationi;
1452 1912 1549 1969 sed
1574 1912 1743 1983 probe
1762 1927 1861 1969 co-

248 1996 367 2067 gita
396 1997 560 2053 Deum
586 2007 712 2056 ante
739 1999 954 2056 illorum
978 2004 1309 2058 creationem
1330 2003 1533 2062 dixisse
1558 2006 1858 2076 dumtaxat,

258 2085 525 2143 Produc:
551 2099 686 2145 terra
710 2091 919 2146 habent
936 2093 1083 2162 fati,
1112 2104 1169 2150 et
1196 2105 1324 2151 mox
1348 2110 1569 2152 omnem
1596 2104 1759 2154 terra:
1783 2098 1863 2154 fa—

256 2181 399 2237 ciem
413 2191 658 2238 ornatam
670 2184 855 2241 fuisse.
877 2184 933 2242 Si
951 2184 1069 2243 hac
1096 2187 1320 2257 singulis
1347 2188 1538 2245 diebus
1579 2191 1860 2247 nobiscum

260 2289 559 2342 versemus,
574 2276 672 2346 ipsi
685 2276 826 2348 grati
840 2281 1067 2346 erimus,
1086 2288 1142 2334 et
1157 2278 1387 2336 Domino
1397 2290 1455 2340 ut
1467 2281 1643 2352 decet,
1660 2284 1774 2339 imo
1802 2293 1862 2339 ut

254 2374 459 2422 nostra
474 2366 618 2422 vires
631 2367 831 2437 ferunt,
862 2368 1085 2440 gloriam
1112 2368 1382 2427 dabimus.
1414 2372 1651 2429 Gloriam
1676 2382 1860 2429 autem

254 2457 360 2530 ipsi
377 2459 693 2526 tribuemus,
714 2475 819 2516 non
830 2476 932 2532 per
948 2461 1051 2519 hoc
1062 2464 1259 2532 solum,
1294 2465 1391 2521 sed
1414 2473 1473 2525 et
1490 2481 1587 2539 per
1601 2466 1859 2537 optimam

255 2549 447 2616 vitam,
468 2550 515 2605 si
537 2551 712 2607 nonin
737 2553 926 2608 eadem
951 2562 1170 2625 peccata
1186 2554 1509 2624 recidamus,
1530 2557 1626 2614 sed
1643 2558 1859 2630 longum

256 2642 378 2697 vale
399 2641 642 2699 dicentes
666 2642 951 2701 diabolicis
977 2645 1336 2716 illusionihus,
1368 2647 1609 2721 diligenti
1636 2652 1861 2721 posthac

252 2734 587 2801 attentione,
618 2735 897 2808 multoque
926 2737 1131 2806 studio,
1162 2748 1218 2795 et
1237 2741 1487 2797 continua
1517 2742 1860 2801 confessione

255 2840 547 2899 supernam
576 2826 1011 2886 benevolentiam
1034 2832 1196 2889 nobis
1220 2833 1595 2891 conciliemus.
1649 2835 1861 2893 Sufficit

255 2922 403 2975 enim
431 2918 508 2974 illi
532 2917 607 2973 ob
632 2934 886 2991 magnam
916 2935 1070 2977 suam
1113 2922 1566 2993 misericordiam,
1601 2936 1660 2981 ut
1703 2926 1856 2983 desi-

253 3018 463 3066 stamus
487 3025 517 3063 a
540 3012 793 3082 peccatis.
824 3012 882 3069 Si
908 3014 1054 3070 enim
1082 3016 1187 3071 hoc
1214 3018 1584 3086 statuerimus,
1607 3019 1768 3077 facile
1804 3028 1860 3076 et

252 3100 323 3154 ad
356 3099 619 3156 bonorum
658 3116 885 3173 operum
911 3105 1180 3162 actionem
1224 3107 1586 3177 impellamur.
1614 3109 1695 3165 Ne
1714 3112 1856 3182 quis,

253 3193 507 3261 obsecro,
542 3193 763 3263 posthac
785 3196 837 3250 in
866 3197 1201 3254 circensibus
1251 3198 1391 3257 ludis
1438 3212 1731 3274 appareat,
1792 3221 1861 3262 ne

253 3284 378 3353 quis
406 3284 458 3338 in
478 3286 869 3342 conventiculis
890 3287 1289 3359 intempestivis
1330 3290 1436 3347 diei
1479 3304 1683 3363 partem
1722 3295 1859 3351 dila-

252 3376 441 3445 pidct;
470 3391 536 3431 ne
557 3378 677 3446 quis
699 3378 936 3434 talorum
965 3380 1114 3446 ludo,
1149 3390 1202 3435 et
1227 3382 1450 3438 clamori
1477 3385 1568 3455 qui
1596 3385 1720 3442 inde
1750 3388 1859 3442 ori-

251 3475 344 3520 tur
371 3479 435 3521 ac
456 3466 674 3537 reliquae
704 3468 958 3537 perniciei
989 3472 1212 3541 posthac
1263 3487 1323 3530 se
1368 3475 1681 3532 admisceat.
1727 3479 1859 3547 Qua:

253 3556 403 3611 enim
438 3557 639 3612 utilitas
662 3558 875 3629 jejunii,
908 3561 1017 3628 dic,
1040 3563 1267 3620 obsecro
1293 3608 1307 3631 ,
1357 3567 1403 3621 si
1435 3576 1546 3622 toto
1592 3569 1680 3625 die
1723 3570 1858 3626 nihil

251 3648 520 3715 comedis,
550 3649 690 3705 ludis
718 3661 897 3707 autem
923 3655 1167 3720 tesseris,
1196 3664 1249 3713 et
1267 3659 1504 3728 nugaris,
1532 3674 1675 3730 saepe
1694 3663 1856 3717 etiam

255 3739 469 3809 pejeras
498 3750 553 3795 et
574 3739 941 3813 blasphemas,
972 3755 1026 3801 et
1055 3748 1126 3802 ita
1178 3755 1347 3804 totum
1396 3751 1620 3807 insumis
1662 3753 1805 3809 diem
1833 3755 1857 3809 ἲ

252 3827 355 3897 Ne,
384 3829 636 3900 obsecro,
669 3849 737 3889 ne
768 3836 838 3889 ita
871 3837 1203 3907 negligentes
1234 3840 1403 3895 simus
1433 3842 1485 3895 in
1508 3845 1858 3916 nostraipso-

254 3938 375 3977 rum
408 3924 608 3990 salute;
646 3927 774 3996 quin
808 3931 986 3998 potius
1011 3944 1190 3987 sermo
1228 3941 1415 3989 noster
1467 3937 1537 3991 sit
1585 3937 1653 3991 de
1694 3940 1855 4009 spiri-

254 4014 515 4082 tualibus,
545 4025 601 4071 et
624 4018 819 4074 librum
853 4020 1093 4077 divinum
1123 4024 1355 4096 accipiat
1383 4027 1577 4099 aliquis
1606 4030 1661 4084 in
1686 4033 1858 4086 mani-

255 4103 379 4171 bus,
402 4110 820 4181 convocatisque
861 4114 1139 4183 proximis,
1169 4132 1263 4187 per
1287 4119 1465 4173 divina
1509 4122 1723 4194 eloquia
1780 4126 1856 4179 ri-

252 4208 346 4265 get
367 4206 589 4253 ctsuam
620 4210 675 4255 et
699 4204 1042 4269 praesentium
1074 4218 1310 4263 mentem
1337 4229 1349 4264 ε
1376 4222 1431 4266 ut
1459 4213 1536 4267 sic
1566 4214 1857 4271 diabolicas

261 4290 489 4345 insidias
517 4292 757 4365 effugere
787 4297 1079 4368 valeamus,
1109 4317 1335 4374 magnos
1356 4309 1641 4377 percipere
1665 4309 1854 4380 jejunii

253 4380 486 4451 fructus,
505 4395 561 4441 et
588 4387 689 4442 frui
715 4389 1046 4460 benignitate
1067 4394 1182 4461 Dei,
1214 4398 1387 4465 gratia
1410 4408 1464 4454 et
1496 4401 1854 4458 miserationi-

255 4475 357 4530 bus
383 4478 642 4548 unigeniti
668 4481 791 4537 Filii
813 4484 951 4554 ejus.
1004 4502 1126 4544 cum
1171 4505 1281 4560 quo
1336 4492 1480 4547 Patri
1531 4504 1586 4549 et
1631 4495 1854 4566 Spiritui

252 4580 444 4624 sancto
463 4570 533 4627 sit
558 4572 747 4643 gloria,
774 4576 1080 4648 imperium,
1100 4581 1292 4649 honor,
1319 4600 1463 4641 nunc
1490 4595 1547 4643 et
1597 4603 1813 4661 semper
1833 4634 1851 4660 ,

254 4669 313 4715 et
340 4660 393 4716 in
424 4664 616 4718 saeuiat
643 4669 984 4725 saeculorum.
1014 4674 1207 4729 Amen.

844 4783 1122 4843 HUMlLIA
1149 4789 1258 4848 VII.

256 4865 323 4923 Et
347 4866 484 4923 dixit
503 4869 644 4926 Deus
670 4893 682 4928 :
718 4871 954 4931 Educant
979 4897 1125 4949 aquae
1149 4885 1350 4954 reptilia
1374 4890 1660 4946 animarum
1682 4894 1853 4949 viven-

326 4959 474 5026 tium.
501 4972 548 5014 et
576 4964 803 5019 volatilia
824 4967 1045 5023 volantia
1071 4989 1223 5042 super
1246 4987 1433 5032 terram
1462 4986 1739 5038 secundum
1766 4990 1857 5055 ﬁr-

326 5062 635 5106 mamentum
662 5056 794 5122 caeli,
824 5070 870 5112 et
896 5060 1089 5128 factum
1117 5078 1190 5119 est
1217 5068 1327 5138 sic(
1355 5069 1482 5126 Gen.
1536 5076 1583 5128 Ι.
1615 5075 1729 5147 ευ).
1786 5079 1854 5134 Et

326 5142 447 5210 fecit
472 5140 608 5196 Deus
633 5154 737 5200 cete
761 5164 965 5219 magna,
1004 5164 1049 5205 et
1080 5172 1275 5211 omnem
1294 5161 1516 5217 animant
1551 5167 1855 5223 animalium

326 5234 606 5303 reptilinm,
654 5254 768 5305 qum
813 5244 1163 5309 produxerunt
1193 5267 1337 5318 aqua:
1364 5257 1637 5313 secundant
1669 5277 1854 5330 genera

327 5340 420 5376 sua
444 5324 463 5393 (
491 5322 626 5378 Ibid.
658 5328 722 5383 21
759 5328 800 5401 ).

329 5456 380 5510 1.
402 5454 549 5510 Dicta
569 5458 621 5512 in
648 5463 951 5529 pracedenti
970 5465 1197 5525 Homilia
1213 5475 1408 5545 mitigat
1432 5495 1450 5543 ;
1476 5494 1649 5537 avocat
1676 5503 1707 5538 η
1723 5487 1855 5544 Indis

247 5547 599 5606 Circensibus.
632 5582 703 5592 —
728 5554 851 5611 Heri
877 5574 972 5613 eos
999 5562 1088 5630 qui
1116 5563 1182 5618 ad
1212 5573 1476 5637 equestris
1509 5574 1615 5629 ludi
1646 5591 1856 5647 specta-

254 5640 432 5694 culum
456 5642 719 5711 abierant,
753 5650 882 5702 satis
914 5653 1345 5725 perstrinximus,
1374 5640 1739 5727 demonstra-ta
1773 5690 1854 5731 eis

256 5729 477 5801 jmturtc
531 5753 691 5809 quam
736 5739 978 5802 iecerunt
1025 5751 1389 5822 magnitudine
1420 5775 1433 5813 :
1468 5777 1659 5835 nempe
1712 5729 1853 5840 quod

1977 438 2311 506 spiritualem
2337 441 2651 501 thesaurum
2679 461 2738 501 ex
2754 448 2969 519 jejunio
2999 452 3284 509 collectum
3307 457 3469 514 simul
3496 462 3582 520 ef-

1975 528 2231 597 fuderint,
2260 542 2314 589 et
2337 550 2404 590 ex
2447 552 2639 609 magna
2666 538 2991 597 abundantia
3024 543 3076 599 in
3105 557 3410 604 extremam
3460 552 3582 609 ino-

1974 620 2115 692 piam
2138 623 2316 679 subito
2362 627 2570 698 seipsos
2613 630 2977 699 conjeccrint.
3022 638 3158 707 Age,
3192 638 3399 698 leniore
3422 641 3586 701 hodie

1974 722 2188 768 utamur
2205 716 2467 785 remedio,
2496 726 2554 775 et
2574 718 2790 776 illorum
2822 724 3117 793 spiritualia
3150 730 3395 800 vulnera,
3426 740 3579 805 quasi

1972 806 2217 862 membra
2238 818 2421 864 nostra
2453 821 2657 879 essent,
2680 814 2981 887 obligemus
3007 835 3022 872 :
3055 824 3180 891 quia
3205 834 3262 879 et
3284 823 3397 879 heri
3424 841 3582 897 aspe-

1973 895 2115 951 riora
2143 899 2502 957 medicamina
2535 901 2916 975 imposuimus,
2942 924 3047 964 non
3083 922 3137 965 ut
3161 927 3378 983 quoquo
3419 918 3582 971 modo

1973 990 2289 1047 maestitiam
2317 992 2661 1062 inferremus,
2690 1012 2756 1053 ac
2781 998 3024 1055 dolorem
3073 1017 3394 1075 augeremns
3416 1050 3431 1074 ,
3489 1012 3584 1064 sed

1972 1089 2031 1134 ut
2057 1081 2397 1138 vehementia
2429 1084 2523 1141 illa
2553 1087 2706 1142 ulcus
2750 1088 2926 1159 ipsum
2957 1094 3222 1164 attingere
3271 1111 3582 1166 possemus.

1972 1169 2187 1227 Etenim
2213 1174 2427 1240 medici,
2457 1186 2513 1233 et
2556 1188 2735 1250 patres
2779 1181 2860 1237 sic
2903 1183 3082 1241 facere
3129 1199 3529 1247 consueverunt
3566 1211 3579 1245 :

1972 1266 2168 1322 medici
2193 1268 2338 1323 enim
2382 1272 2614 1341 primum
2660 1289 2944 1347 apponunt
2988 1282 3373 1352 cataplasmata
3415 1289 3586 1358 magis

1970 1353 2232 1425 efficacia,
2282 1368 2339 1415 et
2364 1360 2486 1417 dein
2513 1374 2672 1435 rupto
2694 1367 2876 1424 ulcere
2902 1369 3107 1427 leuiora
3134 1373 3421 1432 admovent
3448 1396 3461 1433 :
3484 1353 3586 1449 pa-

1973 1452 2085 1502 tres
2112 1460 2327 1522 queque
2350 1467 2472 1509 cum
2504 1456 2736 1514 viderint
2760 1458 2901 1517 ﬁlios
2921 1476 3050 1520 suos
3068 1464 3439 1537 incompositis
3460 1486 3582 1527 mo-

1972 1537 2142 1607 ribus,
2178 1542 2330 1611 prius
2368 1546 2606 1615 graviter
2654 1550 2973 1609 verberibus
3015 1557 3332 1628 corripiunt,
3365 1571 3421 1617 et
3456 1564 3582 1619 dein

1974 1629 2267 1689 admonent
2289 1644 2345 1691 et
2366 1636 2670 1697 hortantur.
2693 1641 2809 1700 Hoc
2834 1646 2999 1702 modo
3053 1658 3109 1705 et
3165 1667 3285 1720 nos,
3336 1658 3585 1726 quamvis

1974 1719 2100 1778 heri
2122 1725 2519 1788 vehementiori
2540 1749 2792 1793 sermone
2822 1740 2900 1794 usi
2918 1740 3198 1812 fuerimus,
3220 1719 3384 1805 hodie
3403 1757 3585 1811 tamen

1970 1812 2225 1873 blandius
2253 1821 2411 1878 vobis
2432 1823 2776 1896 loquemur‘,
2834 1840 2891 1886 et
2930 1832 3074 1890 sicut
3119 1848 3303 1893 nostra
3334 1841 3581 1902 membra

1946 1908 2302 1967 “curabimus.
2323 1912 2457 1969 Nam
2477 1925 2535 1971 ut
2555 1918 2827 1988 profectus
2842 1932 3023 1980 vester
3042 1926 3304 1997 majorem
3326 1929 3585 2001 loquendi

1970 1998 2223 2058 ﬁduciam
2244 2004 2403 2061 nobis
2425 2008 2702 2080 conciliat,
2748 2020 2804 2069 et
2829 2015 3127 2087 spiritualis
3155 2032 3342 2079 noster
3362 1998 3583 2081 thesau-

1969 2107 2065 2149 rus
2090 2102 2196 2163 est,
2213 2096 2259 2151 si
2291 2111 2389 2153 vos
2412 2114 2702 2159 cernamus
2725 2104 2781 2162 in
2821 2109 3196 2179 spiritualihus
3248 2115 3583 2177 incrementa

1970 2187 2580 2253 eapere,etvirtutibus
2629 2208 2757 2252 esse
2811 2201 3167 2273 conspicuos,
3199 2214 3362 2277 atque
3402 2209 3471 2264 ab
3518 2210 3584 2267 iis

1968 2288 2095 2345 qua
2124 2290 2323 2335 nocere
2352 2281 2556 2351 valent,
2585 2284 2740 2342 vobis
2781 2303 3012 2348 cavere:
3042 2295 3123 2350 sic
3164 2296 3383 2367 quando
3429 2300 3584 2358 video

1971 2380 2092 2423 mus
2120 2382 2215 2424 vos
2234 2371 2595 2443 supplantari,
2623 2384 2680 2435 et
2703 2378 2988 2440 diabolicis
3018 2385 3358 2446 illusionihus
3386 2391 3573 2453 sedum

1971 2462 2027 2551 et
2050 2455 2269 2527 subjici,
2292 2464 2548 2519 mmstitia
2572 2466 2882 2539 implemur,
2899 2482 2954 2528 et
2971 2475 3144 2545 pudor
3169 2481 3409 2551 quidam,
3434 2488 3585 2542 utsic

1976 2543 2175 2613 dicam,
2225 2551 2462 2609 animam
2502 2567 2743 2615 nostram
2792 2543 3044 2635 occupat.
3097 2543 3232 2626 Nam
3282 2543 3581 2637 secundum

1970 2637 2189 2697 beatum
2207 2641 2459 2711 Paulum,
2487 2647 2634 2705 Tune
2661 2668 2754 2709 nos
2781 2654 3015 2729 visimus,
3041 2660 3088 2716 si
3104 2677 3194 2720 sos
3214 2667 3363 2722 statis
3384 2667 3439 2723 in
3472 2667 3583 2726 Do-

1970 2730 2111 2785 mino
2136 2730 2227 2803 (Ι.
2259 2732 2439 2791 Thess.
2472 2739 2528 2796 '5.
2551 2738 2641 2814 8).

2045 2820 2211 2892 Igitur
2233 2832 2292 2880 ut
2318 2825 2563 2897 perfecti,
2585 2842 2645 2887 et
2672 2835 2865 2906 repleti
2892 2838 3169 2899 intellectu
3187 2887 3212 2913 ,
3262 2848 3341 2904 sic
3385 2864 3576 2912 eorum

1970 2925 2091 2979 qua:
2116 2921 2261 2969 retro
2286 2925 2414 2972 sunt
2441 2918 2860 2997 obliviscamini,
2898 2939 2956 2987 ut
2979 2933 3047 2988 ad
3074 2949 3137 2991 ea
3164 2952 3287 3007 quae
3314 2951 3443 2998 ante
3484 2960 3582 3001 vos

1970 3008 2097 3054 sunt
2121 3003 2437 3062 enitamiui:
2474 3016 2530 3064 et
2556 3008 2759 3070 fmdera
2784 3032 2905 3087 quae
2929 3034 3051 3078 cum
3076 3003 3290 3085 Christo
3335 3030 3531 3091 iniistis
3559 3079 3579 3107 ,

1971 3102 2250 3174 renovata,
2270 3096 2490 3154 stabilia
2516 3112 2571 3157 et
2602 3105 2855 3164 inviolata
2886 3114 3113 3181 posthac
3160 3124 3431 3181 custodite
3465 3144 3480 3181 :
3511 3096 3576 3183 ac

1972 3183 2267 3285 prudenter
2282 3187 2583 3248 intercluso
2598 3193 2881 3257 diabolicis
2898 3207 3387 3272 machinationibus
3404 3217 3577 3285 aditu,

1970 3272 2333 3369 subsequente
2354 3283 2533 3339 studio
2565 3284 2880 3359 inscriptam
2912 3296 3067 3353 vobis
3120 3299 3344 3360 desidiae
3392 3272 3579 3369 macri:

1972 3362 2079 3419 iam
2108 3366 2424 3441 abstergite,
2453 3372 2663 3432 devicta
2680 3379 3058 3455 intempestiva
3090 3390 3176 3446 illa
3198 3404 3252 3449 et
3274 3362 3576 3466 perniciosa

1971 3463 2363 3520 consuetudine
2395 3482 2408 3517 :
2438 3475 2493 3522 et
2518 3471 2772 3541 cogitate,
2803 3490 2909 3531 non
2936 3477 3041 3536 hoc
3054 3483 3227 3539 solum
3249 3463 3415 3558 grave
3431 3506 3577 3565 esse,

1969 3550 2111 3619 quod
2138 3553 2225 3622 qui
2254 3554 2347 3609 illo
2363 3557 2645 3617 conﬂuunt
2680 3605 2695 3629 ,
2736 3582 2991 3639 magnum
3016 3574 3116 3630 sibi
3148 3550 3403 3636 damnum
3430 3550 3574 3641 asci:

1971 3836 2277 3897 versantur,
2305 3842 2364 3887 et
2405 3832 2675 3907 frequenti
2720 3841 2968 3903 doctrina
3022 3849 3360 3925 imbuuntur,
3413 3863 3573 3921 simul

1969 3918 2042 3973 ibi
2071 3935 2407 3995 comparere,
2438 3940 2493 3984 et
2521 3931 2622 3987 sibi
2644 3939 2985 3998 commisceri
3003 3986 3016 4010 ,
3042 3953 3315 4017 quomodo
3355 3972 3441 4012 res
3473 3977 3573 4015 no-

1968 4021 2111 4108 stras
2123 4030 2223 4108 pro
2246 4016 2653 4091 deceptionihus
2678 4044 2787 4085 non
2816 4016 3111 4107 habebunt,
3126 4053 3185 4097 et
3213 4061 3319 4101 non
3343 4049 3483 4106 idem
3507 4054 3574 4108 de

1969 4106 2218 4162 omnibus
2249 4111 2404 4167 nobis
2428 4117 2885 4186 suspicabuntur?
2913 4106 3106 4187 Annon
3142 4136 3301 4194 audis
3356 4106 3571 4203 beatum

1970 4195 2191 4253 Paulum
2234 4201 2635 4278 admonentem,
2681 4223 2737 4269 et
2782 4221 3153 4280 consulentem
3205 4231 3349 4288 clara
3403 4251 3569 4293 voce:

1969 4291 2166 4363 Absque
2177 4294 2484 4396 o/I‘endicuio
2509 4307 2701 4377 estote(
2723 4310 2774 4363 1.
2800 4311 2919 4365 Cor.
2944 4315 3030 4370 10.
3054 4319 3125 4372 52
3149 4319 3214 4393 )?
3244 4324 3467 4396 Deinde,
3502 4291 3570 4390 ne

1969 4392 2123 4453 putes
2170 4384 2240 4441 de
2282 4392 2483 4445 nostris
2514 4401 2721 4451 tantum
2744 4399 3057 4474 admonere,
3080 4384 3254 4482 deque
3284 4415 3350 4471 iis
3376 4384 3466 4488 qui

1968 4474 2157 4530 eodem
2189 4477 2380 4535 ordine
2402 4483 2560 4551 positi
2597 4499 2741 4555 sunt,
2795 4492 3033 4551 subdidit
3064 4516 3077 4553 :
3107 4474 3184 4556 Εί
3224 4474 3427 4563 Iudicis
3447 4553 3462 4577 ,

1968 4567 2233 4635 gentibus;
2261 4579 2315 4625 et
2347 4574 2560 4630 tandem
2586 4579 2816 4649 adjecit:
2850 4584 2917 4638 Et
2966 4587 3208 4646 Ecclesia:
3256 4595 3367 4651 Dei.
3426 4567 3571 4661 limit

1969 4657 2112 4712 enim
2140 4659 2211 4714 ita
2235 4662 2392 4719 obest
2419 4677 2475 4721 et
2506 4681 2663 4724 nocet
2692 4675 2931 4744 religioni
2966 4692 3187 4749 nostrae,
3247 4699 3302 4742 ut
3341 4692 3574 4749 oﬂ'eudi-

1968 4751 2075 4807 culi
2096 4769 2283 4810 ansam
2313 4760 2556 4827 prarbere
2578 4762 2903 4823 infidelibus.
2952 4771 3085 4827 Nam
3125 4780 3341 4846 quando
3390 4786 3573 4846 vident

1969 4842 2177 4913 aliquos
2217 4862 2251 4903 e
2280 4853 2481 4905 nostris
2502 4856 2695 4910 virtute
2715 4862 3055 4930 conSpicuos,
3084 4842 3247 4939 hujus
3270 4875 3390 4929 vita:
3417 4894 3573 4949 nego.

1971 4935 2039 4987 tia
2062 4945 2117 4990 et
2141 4952 2343 4995 curase
2365 4944 2579 5000 sublimi
2608 4960 2959 5009 contemnere
2983 4998 2999 5025 ,
3046 4975 3112 5014 ex
3166 4962 3232 5019 iis
3277 4966 3367 5022 alii
3418 4935 3568 5037 quasi

1971 5028 2349 5101 pratfocautur,
2398 5037 2487 5091 alii
2510 5040 2845 5101 admirantur
2875 5058 2929 5103 et
2968 5051 3383 5129 obstupescunt,
3428 5028 3570 5134 quod

1971 5136 2091 5175 cum
2131 5124 2373 5193 ejusdem
2401 5141 2561 5202 atque
2598 5135 2674 5191 illi
2705 5148 2910 5198 naturm
2959 5146 3087 5213 sint,
3119 5124 3225 5207 non
3255 5155 3443 5211 eadem
3488 5173 3570 5213 ta-

1970 5227 2092 5266 men
2124 5215 2223 5284 ipsi
2240 5220 2641 5289 aggrediantur.
2667 5228 2867 5287 Verum
2900 5239 3115 5305 quando
3144 5244 3225 5296 vel
3255 5246 3562 5317 aliquantu-

1970 5304 2079 5359 lum
2106 5308 2326 5366 desidia:
2365 5324 2419 5368 et
2469 5319 2806 5392 negligentiae
2834 5304 3051 5399 vident,
3109 5340 3286 5391 statim
3335 5304 3571 5412 linguam

1970 5411 2238 5456 exacuunt
2262 5404 2421 5460 simul
2451 5422 2636 5466 contra
2667 5431 2768 5470 nos
2792 5433 3002 5491 omnes,
3058 5436 3111 5481 et
3140 5443 3204 5484 ex
3264 5404 3439 5489 unius
3473 5437 3573 5493 de-

1973 5492 2099 5547 licto
2133 5503 2298 5550 totam
2329 5499 2758 5564 Christianorum
2788 5524 3003 5582 gentem
3048 5523 3336 5581 mstimant.
3384 5527 3569 5601 Nequa

1974 5579 2057 5637 llic
2086 5585 2311 5654 gradum
2335 5591 2551 5663 sistunt,
2575 5598 2671 5654 sed
2698 5579 2881 5658 statim
2912 5606 3174 5667 adversus
3201 5628 3364 5686 caput
3409 5579 3566 5681 suum

1968 5724 2684 5855 Γιέῗιὲῒεσῖίὺὺίξῗᾶιξηη
2711 5739 2984 5812 iaciamur,
3006 5764 3112 5815 βω,
3150 5755 3442 5824 loquemur;
3479 5776 3568 5820 eu-
