4038 6378
525 332 596 387 63
1263 328 1322 384 S.
1349 326 1624 386 JOANNIS
1650 325 2087 384 CilRYSOSTOM

2204 326 2473 386 RCIllEP.
2501 330 2757 390 ΓωδτΑ
2767 335 3030 394 ΝΤΙῘῖΟΡ.

526 438 822 510 loquentes,
847 439 920 494 oh
940 454 1216 495 servorum
1248 439 1506 495 desidiam
1546 439 1707 494 etiam
1757 453 2096 494 communem

525 529 806 585 Dominum
831 531 1200 601 blasphctmre
1228 532 1446 597 andem,
1498 539 1552 585 et
1578 539 1768 601 putant
1811 530 2102 584 velamenta

521 634 764 676 errorum
787 638 1006 682 suorum
1030 639 1151 680 esse
1171 625 1398 679 aliorum
1422 624 1690 679 inertiam.

598 713 658 771 1.
687 715 842 784 Quod
863 726 1038 772 autem
1072 717 1173 772 hoc
1193 717 1425 772 maxime
1452 716 1806 786 periculosum
1829 715 1900 770 sit
1925 714 1991 769 iis
2011 713 2098 784 qui

523 802 871 874 blasphemia
889 807 1222 863 occasionem
1251 806 1508 876 pmhent,
1537 806 1812 860 audiamus
1867 803 2102 874 prophe-

522 905 628 950 tam
669 897 1006 962 clamantem,
1065 907 1119 952 et
1159 913 1230 953 ex
1281 912 1510 968 persona
1539 896 1628 952 Dei
1658 894 1923 950 dicentem
1955 911 1971 948 :
2015 892 2102 949 Vw

526 988 676 1053 labis,
699 989 818 1058 quia
847 997 1050 1059 propter
1075 1004 1161 1043 vos
1190 1003 1370 1042 nomen
1415 1002 1580 1041 meum
1622 985 1998 1054 blasphematur
2047 985 2098 1037 in

519 1079 748 1148 gentibus
772 1077 908 1149 (lsai
927 1118 941 1132 .
965 1079 1056 1135 52.
1083 1079 1118 1134 5
1143 1078 1185 1148 ).
1214 1077 1473 1134 Terribile
1499 1076 1601 1131 hoc
1627 1077 1848 1131 verbum
1875 1086 1956 1131 est
1980 1117 1996 1140 ,
2045 1084 2101 1129 et

521 1167 748 1223 horrore
779 1169 1016 1237 plenum.
1055 1166 1143 1222 Vat
1170 1168 1309 1222 enim
1333 1165 1462 1221 illud
1485 1174 1570 1221 est
1597 1166 1744 1236 quasi
1769 1165 2099 1235 deplorantis

521 1273 639 1321 eos,
663 1260 750 1328 qui
776 1259 1094 1328 supplicium
1144 1258 1273 1313 illud
1318 1257 1628 1316 inevitabile
1666 1255 1894 1311 subituri
1951 1264 2096 1309 sunt.

518 1351 689 1406 Porro
708 1352 848 1406 sicut
868 1366 963 1407 eos
987 1352 1078 1422 qui
1123 1366 1218 1422 per
1258 1366 1410 1407 suam
1457 1350 1836 1422 negligentiam
1882 1363 2095 1404 causam

515 1441 623 1497 illis
653 1442 891 1510 prmbent
917 1440 1320 1512 blasphemandi
1367 1440 1558 1512 ingens
1601 1455 1756 1510 paula
1807 1447 1989 1494 manet
2033 1452 2098 1493 ac

518 1531 894 1587 condemnatio
920 1547 935 1586 :
967 1532 1036 1586 ita
1065 1547 1096 1586 e
1117 1531 1330 1586 diverso
1363 1535 1620 1585 virtutum
1658 1528 1910 1584 studiosis
1949 1527 2096 1582 mille

524 1639 845 1680 coronarum
861 1625 1078 1678 materia
1099 1633 1334 1694 paratur.
1362 1622 1505 1678 istud
1526 1623 1696 1691 ipsum
1717 1619 1921 1675 doces»
1934 1617 2095 1677 Chri-

513 1723 650 1780 stus,
681 1715 929 1769 dicebat:
961 1713 1260 1768 Luceatlaa:
1275 1721 1439 1768 uestra
1477 1727 1651 1765 coram
1700 1710 2002 1774 hominibus,
2038 1720 2092 1762 at

513 1804 714 1858 rideant
741 1820 896 1873 opera
925 1812 1090 1859 acstra
1111 1803 1257 1868 bona,
1282 1810 1327 1858 et
1355 1802 1642 1873 gloriﬁcent
1667 1801 1869 1856 Patrem
1880 1811 2095 1857 uestrum

510 1895 598 1966 qui
647 1896 702 1950 in
731 1895 865 1950 cadis
890 1905 962 1950 est
992 1893 1205 1965 (Matth.
1236 1895 1288 1948 5.
1322 1893 1393 1952 l6
1418 1894 1461 1961 ).
1487 1892 1619 1948 Nam
1650 1891 2092 1963 quemadmodum

512 1985 591 2040 illi
612 1986 910 2055 aliquorum
940 1985 1128 2040 inertia
1155 1984 1368 2051 oli'ensi,
1399 1984 1631 2058 linguam
1661 1993 1860 2038 acuunt
1906 1994 2092 2038 comm

514 2075 796 2132 Dominum
821 2085 1058 2131 nostrum
1085 2091 1100 2128 :
1130 2074 1230 2141 sic,
1260 2075 1452 2146 inquit,
1476 2075 1522 2130 si
1549 2076 1802 2137 virtutem
1839 2090 2092 2134 exercue-

511 2166 648 2234 ritis,
678 2167 767 2237 qui
803 2165 1030 2221 videriut
1055 2181 1149 2220 vos
1173 2166 1434 2230 homines,
1467 2179 1573 2226 non
1606 2180 1699 2223 vos
1723 2172 1936 2224 tantum
1972 2168 2090 2223 lau-

513 2256 738 2324 dabunt,
766 2256 858 2311 sed
887 2270 1006 2311 cum
1049 2262 1428 2328 conspexerint
1447 2273 1610 2328 opera
1634 2265 1809 2315 vestra
1841 2259 2087 2322 lucentia,

509 2356 564 2404 et
592 2348 758 2405 facies
786 2357 989 2407 vestras
1017 2348 1370 2413 illustrantia,
1422 2349 1492 2404 ad
1538 2349 1711 2421 gloria
1754 2349 2089 2407 adiciendum

511 2437 727 2496 Patrem
748 2451 984 2496 vestrum
1017 2440 1184 2511 quiin
1204 2440 1350 2496 cadis
1369 2451 1472 2505 est,
1501 2449 1885 2510 prorumpent;
1935 2454 2088 2494 eum-

508 2546 613 2602 que
643 2531 745 2587 hoc
769 2531 837 2586 ab
866 2531 970 2587 illis
999 2529 1110 2595 fiet,
1133 2545 1347 2587 rursum
1369 2540 1550 2586 nostra
1573 2530 1790 2600 pratuia
1813 2530 2083 2600 augebun-

509 2635 614 2689 tur,
637 2632 692 2680 et
718 2625 882 2678 multa
914 2623 1068 2679 nobis
1089 2622 1227 2678 bona
1247 2621 1510 2677 concedet
1539 2621 1680 2677 Deus
1701 2662 1721 2690 ,
1759 2635 1829 2679 eo
1851 2620 1992 2691 quod
2021 2620 2089 2674 ah

508 2713 615 2766 illis
643 2712 906 2769 laudetur.
958 2711 1060 2767 Eos
1087 2712 1229 2767 enim
1268 2712 1356 2779 qui
1383 2727 1461 2765 me
1484 2713 1796 2781 gloriﬁcant,
1827 2712 1924 2779 ait,
1973 2713 2089 2783 glo-

504 2805 713 2875 ri/icabo
738 2805 756 2877 (
780 2807 830 2860 ι.
859 2805 988 2872 Reg.
1015 2805 1069 2860 2.
1101 2803 1170 2860 30
1199 2802 1239 2877 ).
1282 2802 1422 2858 Nihil
1453 2803 1612 2874 igitur
1665 2818 1775 2859 non
1820 2817 2042 2873 agamus
2067 2843 2085 2870 ,

502 2898 705 2966 dilecti,
739 2906 799 2953 ut
824 2895 1156 2969 gloriﬁcetur
1181 2896 1439 2952 Dominus
1465 2905 1668 2962 noster,
1692 2907 1746 2951 et
1771 2896 2085 2951 nullisimns

503 2988 804 3045 oli‘endiculi
837 2989 1069 3047 occasio.
1100 2989 1154 3044 ld
1180 2989 1323 3059 quod
1350 2998 1608 3060 perpetuo
1654 3003 1752 3043 nos
1789 2988 1949 3043 docet
1975 3004 2087 3043 nia-

509 3080 679 3148 gister
704 3079 849 3132 orbis
872 3079 1061 3134 beatus
1082 3078 1299 3145 Paulus,
1323 3078 1450 3133 dum
1479 3080 1555 3132 sic
1579 3079 1654 3132 ait
1682 3096 1695 3131 :
1729 3077 1790 3132 Si
1819 3078 1960 3131 cibus
2007 3081 2086 3148 of-

507 3169 665 3232 fendit
694 3173 901 3238 fratrem
943 3185 1125 3236 meum,
1178 3184 1451 3240 numquam
1497 3169 1550 3222 in
1594 3177 1841 3222 aternum
1884 3183 2086 3221 carnem

498 3260 759 3314 comedam
787 3259 862 3330 (l.
891 3257 1008 3314 Cor.
1035 3259 1091 3316 8.
1124 3261 1195 3317 15
1224 3261 1264 3330 ).
1293 3260 1361 3314 Et
1390 3259 1582 3314 iterum
1623 3259 1678 3313 in
1703 3258 1810 3313 alio
1832 3257 1951 3312 loco
1998 3258 2082 3312 in,

499 3351 648 3419 quit:
682 3349 769 3403 Sic
816 3360 982 3404 autem
1029 3361 1293 3418 peccantes
1320 3351 1376 3403 in
1405 3353 1610 3420 fratres,
1660 3358 1708 3403 et
1753 3350 2081 3418 percutientcs

497 3443 755 3512 inﬁrmam
776 3460 946 3497 eorum
968 3445 1342 3510 conscientiam,
1371 3444 1425 3498 in
1445 3445 1701 3500 Christum
1725 3445 1975 3514 peccatis(
2001 3443 2079 3499 Ib.

497 3550 545 3587 ν.
575 3533 640 3588 12
664 3534 708 3604 ).
729 3535 884 3591 Minae
910 3535 1014 3591 illa:
1034 3535 1380 3591 vehementes
1404 3543 1550 3601 sunt,
1568 3543 1622 3590 et
1641 3549 1886 3603 magnam
1901 3549 2081 3590 secum

497 3624 1000 3680 condemnationem
1024 3625 1273 3680 afferunt.
1321 3625 1397 3680 Ne
1423 3624 1684 3694 opineris,
1749 3625 1954 3694 inquit,
1989 3627 2082 3680 da-

501 3731 684 3770 mnum
719 3716 818 3770 hoc
845 3716 911 3770 ad
940 3716 1090 3769 illum
1142 3717 1229 3786 qui
1257 3715 1542 3771 oﬂ'enditur
1572 3716 1745 3770 solum
1775 3717 2076 3785 pertinere;

499 3806 688 3859 transit
711 3806 870 3860 etiam
899 3805 965 3860 ad
1021 3805 1294 3860 Christum
1323 3806 1516 3875 ipsmn,
1548 3807 1638 3876 qui
1669 3814 1887 3875 propter
1935 3807 2081 3860 illum

498 3895 782 3950 crucifixus
801 3905 901 3950 est.
937 3895 1100 3966 Igitur
1127 3897 1170 3950 si
1199 3897 1453 3950 Dominus
1491 3906 1613 3950 tuus
1667 3903 1886 3968 propter
1932 3896 2082 3952 illum

501 3987 739 4057 cruciligi
772 4003 876 4042 non
907 3987 1211 4054 recusavit;
1240 4003 1347 4042 non
1375 3997 1429 4042 tu
1456 3989 1636 4043 omnia
1663 3987 1808 4044 feres
1833 4003 1902 4045 ne
1926 4002 2082 4059 quam

503 4077 740 4131 semdali
771 4079 1111 4133 occasionem
1140 4079 1216 4132 illi
1249 4078 1528 4147 przcbeas?
1563 4079 1675 4134 lloc
1700 4079 1899 4149 ubique
1938 4079 2086 4134 inve-

501 4168 618 4221 nies
635 4167 780 4220 illum
797 4166 1070 4237 discipulis
1086 4167 1366 4223 consilium
1385 4168 1511 4222 dare
1534 4189 1547 4224 :
1569 4169 1671 4222 hoc
1685 4170 1825 4223 enim
1846 4177 1930 4224 est
1943 4170 2082 4239 quod

499 4259 661 4312 vitam
685 4268 919 4312 nostram
936 4269 1240 4314 conservat.
1273 4260 1561 4330 PrOpterea
1584 4269 1638 4315 et
1668 4261 1799 4316 alibi
1843 4262 2084 4317 scribens

499 4349 730 4414 dicebat,
758 4347 838 4402 Ne
865 4366 978 4419 qum
1017 4360 1182 4404 vestra
1216 4360 1332 4405 sunt
1374 4351 1687 4405 considerate
1736 4351 1952 4423 singuli,
1997 4353 2085 4407 sed

498 4456 613 4510 qua
632 4442 847 4495 aliorum
877 4442 894 4512 (
917 4441 1111 4514 Philip.
1138 4443 1193 4498 2.
1219 4445 1248 4500 4
1281 4441 1325 4517 );
1345 4451 1399 4499 el
1428 4444 1618 4500 iterum
1645 4444 1752 4501 alio
1768 4445 1887 4501 loco
1913 4463 1926 4500 :
1961 4445 2086 4501 0m-

501 4531 587 4584 nia
616 4531 738 4583 mihi
764 4530 929 4596 licent,
963 4533 1051 4585 sed
1066 4549 1165 4586 non
1193 4535 1364 4587 omnia
1383 4534 1639 4602 ardiﬁcant
1682 4535 1701 4604 (
1725 4535 1772 4590 ι.
1823 4535 1944 4594 Cor.
1993 4537 2079 4592 10.

497 4622 568 4677 23
596 4623 636 4692 ).
665 4622 826 4677 Vides
847 4624 1193 4693 apostolicam
1211 4627 1564 4696 sapientiam?
1617 4626 1841 4681 Etiamsi
1885 4628 2042 4682 liceat
2065 4669 2078 4691 ,

499 4714 692 4784 inquit,
721 4715 846 4768 mihi
872 4715 1074 4785 aliquid
1098 4715 1296 4780 facere,
1324 4716 1562 4787 nihilque
1587 4717 1711 4772 hinc
1751 4717 1882 4772 mihi
1903 4718 2081 4774 damni

498 4803 723 4861 accedat
749 4821 762 4856 :
795 4804 890 4860 sed
922 4807 1044 4876 quia
1079 4807 1179 4861 hoc
1209 4821 1313 4862 non
1342 4807 1493 4876 juvat
1525 4807 1591 4862 ad
1636 4809 1864 4878 proximi
1919 4809 2086 4862 a-difi-

499 4894 787 4958 eationem,
818 4909 1156 4964 nequaquam
1189 4897 1290 4952 hoc
1313 4897 1491 4953 facere
1517 4899 1889 4954 sustinuerim.
1919 4899 2084 4955 Vides

497 4987 729 5040 animam
759 4999 856 5040 nos
878 4996 1166 5054 amantem,
1189 4990 1458 5058 quomodo
1476 5005 1731 5061 nusquam
1759 4991 1900 5062 quod
1925 5007 2080 5046 suum

497 5085 582 5131 est
610 5077 818 5146 qua-rit,
849 5075 943 5131 sed
987 5079 1232 5134 omnibus
1277 5081 1450 5136 modis
1503 5082 1776 5150 ostendit,
1826 5084 2080 5139 virtutem

499 5168 658 5236 longe
708 5169 993 5222 maximam
1033 5168 1176 5224 illam
1207 5185 1347 5236 esse,
1381 5186 1628 5240 magnam
1659 5187 1841 5228 curam
1886 5189 2078 5245 gerere

502 5268 559 5314 nt
586 5260 861 5329 proximus
881 5260 1210 5316 :edilicetnr?
1240 5261 1385 5328 llaec,
1414 5263 1663 5330 obsecro,
1696 5264 1876 5319 omnia
1903 5265 2082 5321 scien-

503 5363 582 5407 tes
609 5353 973 5417 observemus,
995 5367 1383 5424 caveamusquc
1408 5354 1476 5410 ab
1522 5355 1586 5409 iis
1610 5370 1728 5425 qua:
1756 5355 2079 5425 spiritualem

501 5442 756 5495 virtutum
780 5451 1079 5496 nostrarum
1105 5442 1410 5496 thesaurum
1441 5443 1787 5512 pessumdare
1816 5453 2038 5514 possunt
2063 5462 2076 5498 :

499 5541 554 5588 et
581 5532 710 5587 nihil
738 5547 988 5602 umquam
1033 5531 1309 5596 faciamus,
1359 5548 1468 5603 quo
1505 5534 1758 5589 damnum
1811 5534 2080 5605 quodlibet

501 5625 744 5696 proximo
773 5624 1048 5680 inferatur.
1085 5625 1196 5681 Hoc
1223 5625 1365 5680 enim
1393 5635 1448 5681 et
1493 5636 1768 5696 peccatum
1798 5635 1975 5696 auget,
2025 5637 2082 5684 et

502 5718 714 5786 mritis
740 5712 894 5773 nobis
913 5715 1123 5774 adducit
1145 5717 1484 5790 supplicium.
1511 5716 1696 5792 Neque
1711 5718 1792 5774 vel
1807 5719 2078 5791 vulgarem

3739 338 3812 395 66

2212 439 2444 508 aliquem
2475 453 2900 508 contemnamus.
2954 447 3138 520 frigida
3185 451 3300 506 lucc
3329 450 3492 505 verba
3523 451 3808 506 dicentes:

2220 528 2356 595 Quid
2389 547 2506 586 mea
2539 534 2718 604 refert,
2746 538 2791 592 si
2812 538 3112 594 offendatur
3140 540 3230 596 ille
3257 541 3417 596 talis?
3449 541 3586 611 Quid
3612 541 3755 597 dicis
3789 583 3806 607 ,

2205 635 2390 690 qum
2407 625 2487 680 te?
2497 627 2639 693 Quid.
2651 639 2738 683 tua
2752 629 2940 685 refert?
2954 629 3042 687 Sic
3059 640 3199 686 tuam
3213 631 3411 704 fulgere
3423 633 3588 690 vitam
3607 650 3808 704 praco-

2205 713 2283 780 pit
2299 712 2562 780 Christus,
2583 727 2640 772 ut
2653 733 2760 773 non
2777 721 2948 775 solum
2961 721 3264 778 videntibus
3281 730 3334 778 te
3347 722 3422 778 sis
3435 724 3809 792 admirationi,

2204 801 2300 856 sed
2329 814 2385 858 ut
2409 805 2665 864 Dominus
2693 817 2814 864 tuus
2853 810 3223 884 gloriﬁcetur(
3241 813 3427 869 lauit.
3463 815 3517 871 5.
3550 817 3618 872 16
3650 818 3708 888 ):
3747 827 3805 873 tu

2205 906 2334 948 vero
2361 898 2583 951 omnino
2602 901 2928 956 contrarium
2955 901 3090 972 agis,
3123 912 3178 958 et
3222 917 3321 973 pro
3343 904 3513 974 gloria
3536 905 3804 961 Deiblas-

2214 980 2462 1049 phemias
2483 982 2748 1042 introduci
2775 1004 2958 1051 curas,
2985 1000 3043 1046 et
3068 993 3170 1048 hoc
3191 993 3525 1049 contemnis?
3551 994 3797 1050 Hoccine

2207 1069 2370 1126 fuerit
2395 1075 2589 1128 anima:
2606 1077 2726 1146 piae,
2752 1080 3001 1151 legesque
3026 1081 3233 1138 divinas
3257 1093 3406 1139 recte
3429 1084 3691 1140 scientia?

2275 1163 2330 1218 3.
2358 1163 2621 1219 Ceterum
2661 1169 2706 1221 si
2745 1171 2864 1237 quis
2891 1174 3040 1239 prius
3065 1171 3182 1229 haec
3227 1189 3295 1228 ex
3335 1174 3474 1229 mala
3502 1184 3802 1229 consuetu-

2206 1251 2333 1308 dine
2359 1253 2540 1310 dicere
2563 1256 2751 1312 solitus
2778 1257 2956 1324 fuerit,
2983 1272 3229 1330 suscepta
3259 1278 3402 1318 nunc
3428 1263 3802 1319 admonitione

2203 1354 2405 1408 nostra,
2431 1343 2674 1414 desistat,
2694 1363 2810 1413 oro,
2833 1349 2901 1404 ab
2915 1350 3114 1405 illicitis
3131 1352 3496 1421 hujtscemodi
3527 1357 3796 1410 sermoni-

2201 1431 2322 1496 bus,
2350 1445 2403 1488 et
2439 1436 2517 1490 sic
2541 1438 2718 1491 omnia
2761 1437 2940 1496 facere
2967 1441 3180 1496 suideat
3198 1481 3212 1504 ,
3240 1450 3299 1496 ut
3327 1458 3500 1513 aesque
3524 1447 3592 1499 ab
3633 1445 3797 1498 oculo

2202 1524 2291 1578 illo
2334 1525 2426 1594 qui
2463 1542 2750 1596 numquam
2777 1530 2982 1598 sopitur
3016 1531 3103 1586 vel
3133 1534 3365 1597 caecum,
3395 1549 3569 1603 neque
3603 1549 3633 1589 a
3661 1551 3799 1589 ctus-

2198 1613 2420 1669 scientia
2445 1629 2539 1670 sua
2565 1617 2966 1686 condemnetur,
2997 1636 3172 1692 neque
3197 1637 3327 1687 eos,
3367 1624 3459 1694 qui
3487 1638 3548 1680 se
3575 1627 3758 1680 vident
3775 1669 3794 1692 ,

2200 1702 2252 1759 in
2283 1701 2639 1775 blasphemias
2669 1707 2928 1766 adversus
2954 1710 3240 1768 Dominum
3278 1712 3516 1769 inducat.
3557 1714 3710 1785 Quod
3741 1720 3794 1774 si

2198 1801 2340 1848 Ianua
2366 1795 2602 1851 adhibita
2639 1798 2885 1858 cautione
2921 1799 3296 1870 dispensemus
3338 1822 3402 1863 ea
3442 1823 3562 1877 quae
3607 1822 3794 1864 nostra

2201 1897 2345 1951 sunt,
2372 1888 2540 1943 multa
2563 1888 2805 1950 fruentur
2834 1892 3046 1951 Domini
3067 1898 3369 1962 clementia,
3397 1909 3452 1954 et
3476 1900 3677 1955 diaboli
3702 1901 3793 1953 in-

2198 1977 2359 2037 sidias
2387 1979 2722 2054 eﬂugiemus.
2763 1983 2897 2041 Cum
2924 1985 3119 2042 viderit
3159 1989 3302 2042 enim
3343 2001 3443 2043 nos
3477 1989 3556 2042 ita
3579 1989 3795 2045 sobrios

2197 2080 2257 2127 et
2278 2073 2483 2146 vigiles,
2510 2084 2565 2131 et
2591 2077 2902 2146 cogitaverit
2929 2090 2989 2132 se
3016 2091 3234 2148 operam
3262 2076 3509 2148 perdere,
3537 2078 3796 2134 abscedet

2196 2172 2252 2216 et
2278 2163 2652 2218 occultabitur.
2684 2165 2795 2220 Sed
2821 2174 2906 2221 sat
2932 2164 3094 2222 fuerit
3114 2168 3500 2235 prommiorum
3525 2185 3540 2222 :
3571 2182 3671 2237 age
3691 2183 3789 2221 ca-

2194 2255 2338 2309 ritati
2362 2269 2554 2311 vestra:
2577 2256 2863 2327 propositis
2903 2256 2970 2311 iis
2993 2271 3112 2327 que
3149 2257 3285 2312 lecta
3315 2264 3486 2324 sunt,
3514 2257 3796 2328 spirituale

2193 2346 2496 2402 convivium
2523 2360 2874 2418 apparemus:
2902 2357 2960 2404 et
2985 2348 3144 2405 hodie
3171 2348 3470 2417 videamus,
3500 2349 3628 2420 quid
3656 2351 3786 2405 ὕεια

2197 2447 2280 2496 tus
2323 2436 2532 2503 loses,
2575 2438 2685 2494 imo
2719 2437 2950 2508 Spiritus
2990 2448 3208 2497 sanctus
3256 2454 3351 2509 per
3390 2439 3512 2508 ejus
3551 2439 3792 2510 linguam

2193 2525 2386 2583 dooere
2411 2541 2509 2582 nos
2543 2525 2690 2591 velit.
2720 2527 2856 2596 Quid
2886 2528 3065 2598 itaque
3088 2529 3164 2583 ait
3180 2529 3209 2583 τ
3235 2529 3328 2586 30.
3361 2528 3432 2583 Et
3457 2527 3586 2584 dicit
3610 2528 3748 2584 Dus
3769 2545 3793 2585 :

2193 2615 2429 2671 Educant
2456 2631 2601 2687 aqua
2626 2618 2826 2688 reptitia
2851 2617 3454 2683 animarum-uiuentium,
3485 2627 3534 2673 et
3562 2619 3794 2673 volatilia

2193 2708 2413 2762 uolantia
2421 2723 2574 2776 super
2584 2716 2770 2763 terram
2783 2708 3060 2764 secundum
3071 2708 3439 2777 ﬂammeolum
3451 2708 3584 2763 ccli.
3602 2707 3668 2762 Et
3686 2709 3792 2776 [ao-

2193 2809 2299 2853 tum
2314 2801 2494 2854 estita.
2514 2797 2646 2854 Vide
2663 2800 3042 2872 benignitatem
3066 2799 3294 2865 Domini,
3312 2799 3580 2870 quomodo
3596 2799 3791 2854 ordine

2191 2891 2422 2959 quodam
2463 2901 2518 2946 et
2557 2892 2937 2964 consequentia
2975 2906 3136 2947 omne
3173 2891 3442 2961 opificium
3486 2905 3643 2945 suum
3690 2905 3793 2946 nos

2189 2981 2396 3038 doceat.
2425 2982 2580 3038 Prius
2603 2985 2783 3039 docuit
2811 2999 2932 3049 nos,
2958 2981 3228 3052 quomodo
3256 2981 3324 3036 ad
3355 2980 3620 3036 fructuum
3654 2997 3786 3052 pro-

2191 3082 2381 3128 ventus
2419 3088 2518 3128 suo
2556 3073 2806 3129 mandato
2833 3081 3028 3128 terram
3055 3073 3406 3128 excitaverit:
3453 3081 3660 3142 postea,
3695 3073 3788 3128 ubi

2193 3161 2377 3217 docuit
2401 3163 2626 3219 duorum
2657 3163 2995 3219 luminarium
3022 3162 3417 3230 formationem,
3447 3165 3697 3234 apposuit
3732 3173 3792 3219 et

2191 3254 2470 3309 stcllamm
2536 3255 2863 3320 varietatem,
2928 3269 3025 3324 per
3074 3269 3209 3324 quas
3273 3255 3389 3310 caeli
3443 3252 3790 3325 pulchritudo

2189 3342 2328 3400 theta
2370 3352 2454 3401 est
2476 3345 2710 3402 clarior:
2756 3345 2914 3401 hodie
2951 3349 3286 3402 continenter
3313 3346 3380 3401 ad
3405 3361 3570 3417 aquas
3606 3357 3791 3403 trans-

2190 3434 2264 3496 it.
2317 3444 2372 3490 et
2420 3436 2652 3490 ostendit
2695 3437 2886 3503 nobis,
2944 3451 3195 3492 sermone
3257 3445 3312 3493 et
3365 3447 3634 3508 prmeepto
3685 3455 3790 3496 suo

2189 3540 2256 3579 ex
2309 3525 2460 3596 aquis
2514 3526 2645 3596 ipsis
2699 3528 2925 3581 viventia
2980 3528 3229 3583 animalia
3295 3528 3575 3599 prodiisse.
3633 3529 3784 3586 Edu-

2187 3627 2304 3671 cant
2341 3619 2482 3673 enim
2503 3659 2519 3685 ,
2548 3621 2654 3686 ait,
2681 3635 2827 3690 aqua:
2864 3621 3063 3694 reptilia
3092 3623 3376 3678 animarum
3401 3624 3672 3680 uiuentium
3690 3665 3706 3688 ,
3735 3634 3788 3681 et
3813 3680 3816 3681 ν

2187 3710 2414 3764 volatilia
2442 3713 2663 3765 uolantia
2690 3729 2855 3782 super
2879 3722 3066 3768 terram
3094 3715 3369 3769 secundum
3409 3716 3788 3782 ﬁrmamentum

2188 3803 2317 3856 cteli.
2357 3802 2486 3870 Quis
2511 3799 2710 3869 seruio,
2741 3820 2945 3875 quaeso,
2971 3807 3211 3860 miraculi
3253 3806 3563 3876 dignitatem
3606 3817 3787 3877 potest

2188 3892 2434 3962 assequi?
2473 3907 2592 3962 qute
2633 3893 2809 3963 lingua
2848 3895 2916 3949 ad
2952 3893 3169 3965 Opitlcis
3205 3897 3467 3966 prmeonia
3513 3897 3786 3955 sufﬁciet?

2193 3981 2334 4038 Dixit
2357 3979 2561 4037 tantum
2582 4025 2598 4052 ,
2627 3982 2882 4040 Geminet
2907 3995 3040 4040 terra
3062 4003 3081 4040 :
3109 3996 3163 4041 et
3186 3988 3362 4060 statim
3391 3988 3533 4043 illam
3562 3989 3630 4044 ad
3661 4005 3788 4060 par-

2191 4083 2302 4128 tum
2328 4073 2614 4130 excitavit:
2646 4091 2786 4151 nunc
2806 4077 2972 4133 dicit:
3002 4077 3236 4132 Educant
3259 4095 3427 4148 aqua.
3458 4078 3592 4134 Vide
3621 4096 3784 4151 quam

2189 4173 2485 4220 consonant
2533 4149 2834 4237 praecepta:
2885 4167 3011 4234 illic,
3051 4166 3343 4235 Germinct;
3380 4170 3496 4237 hic,
3551 4149 3792 4229 Educaut

2189 4271 2355 4326 aqua,
2397 4258 2598 4327 inquit,
2632 4260 2832 4330 reptilia
2858 4260 3140 4314 animarum
3169 4262 3456 4316 viventium.
3488 4262 3620 4318 Nam
3649 4265 3789 4321 sicut

2187 4345 2254 4402 de
2283 4356 2423 4402 terra
2451 4348 2583 4402 dixit
2610 4350 2803 4416 solum,
2836 4349 3090 4406 Germinet
3110 4366 3130 4405 :
3155 4360 3208 4406 et
3236 4352 3380 4406 varia
3404 4367 3526 4406 mox
3558 4367 3622 4408 ac
3646 4355 3789 4409 mul-

2190 4437 2352 4508 tiplex
2382 4437 2593 4501 ﬂorum,
2622 4439 2929 4507 herbarum,
2953 4450 3007 4497 et
3035 4442 3301 4497 seminum
3327 4444 3574 4513 apparuit
3603 4446 3781 4515 copia,

2189 4544 2399 4605 unoque
2424 4530 2590 4586 verbo
2619 4531 2872 4601 producta
2898 4542 3022 4587 sunt
3046 4534 3223 4588 omnia
3252 4550 3266 4589 :
3295 4535 3374 4589 sic
3398 4543 3453 4589 et
3481 4534 3568 4590 hic
3604 4535 3742 4592 dixit
3768 4555 3784 4594 :

2190 4615 2424 4673 Educant
2449 4635 2594 4688 aqua
2615 4622 2817 4690 reptilia
2842 4622 3126 4676 animarum
3155 4623 3422 4678 uiuentium
3440 4665 3454 4691 ,
3483 4634 3530 4679 et
3555 4625 3787 4683 volatilis

2189 4713 2411 4765 uolantia
2435 4728 2587 4780 super
2626 4722 2810 4766 terram
2836 4714 3110 4768 secundum
3139 4715 3511 4784 ﬁrmamentum
3541 4715 3658 4771 ccli
3684 4729 3710 4775 :
3731 4725 3789 4774 et

2189 4803 2446 4856 continuo
2489 4809 2568 4856 tot
2595 4803 2862 4872 reptilium
2899 4805 3301 4876 volatiliumque
3332 4822 3532 4878 genera
3559 4809 3798 4870 condita

2189 4902 2333 4960 sunt,
2359 4901 2487 4963 quot
2514 4909 2687 4964 neque
2716 4911 2964 4952 sermone
2990 4898 3257 4955 recenseri
3287 4911 3528 4970 possunt.
3559 4901 3628 4957 Et
3655 4917 3783 4960 ver-

2191 4987 2313 5042 bum
2341 4987 2553 5058 quidem
2585 4989 2749 5045 breve
2776 4997 2877 5053 est,
2905 4991 3230 5060 verbumque
3258 5007 3444 5060 unum,
3467 5009 3666 5064 genera
3689 5011 3782 5052 au-

2191 5089 2296 5134 tem
2317 5081 2622 5136 animalium
2647 5081 2859 5136 diversa
2889 5091 2943 5137 et
2968 5084 3132 5137 varia.
3158 5083 3262 5138 Sed
3287 5085 3431 5140 nullo
3453 5097 3677 5157 stupore
3707 5097 3788 5144 te-

2190 5172 2386 5238 nearis,
2415 5172 2646 5229 dilecte:
2676 5172 2898 5228 verbum
2929 5174 3069 5228 enim
3097 5185 3212 5230 erat
3243 5176 3370 5243 Dei,
3399 5187 3454 5233 et
3481 5193 3662 5235 sermo
3697 5181 3783 5252 ip-

2194 5263 2305 5318 sius
2331 5264 2395 5318 iis
2423 5278 2542 5336 qua:
2566 5263 2764 5319 ﬂebant
2800 5264 3200 5321 subsistentiam
3227 5266 3446 5337 largitus
3481 5279 3583 5326 est.
3618 5270 3785 5328 Vides

2189 5357 2458 5427 quomodo
2484 5358 2660 5413 omnia
2689 5373 2758 5414 ex
2797 5359 2964 5414 nihilo
2993 5371 3050 5414 ut
3091 5371 3272 5417 essent
3313 5362 3572 5433 producta
3619 5363 3792 5420 sunt!

2188 5447 2339 5503 vides
2367 5463 2524 5517 quam
2552 5448 2832 5519 diligenter
2855 5450 3083 5506 doceat?
3111 5451 3262 5510 vides
3284 5463 3480 5524 quanta
3501 5468 3561 5510 se
3583 5464 3785 5510 attem-

2190 5536 2464 5607 peratlone
2491 5537 2556 5592 ad
2581 5539 2748 5594 nostri
2775 5541 2989 5610 generis
3017 5541 3370 5597 humilitatem
3404 5543 3660 5599 Dominus
3685 5544 3781 5601 dc-

2191 5631 2400 5688 mittat?
2424 5630 2574 5689 Unde
2601 5633 2742 5689 enim
2764 5648 2865 5689 nos
2890 5635 3003 5689 hmo
3035 5644 3142 5690 tam
3181 5647 3427 5692 accurate
3453 5636 3662 5693 discere
3690 5653 3785 5708 po-

2195 5724 2504 5796 tuissemus,
2522 5725 2622 5784 nisi
2645 5727 2758 5798 ipse
2781 5739 2973 5798 magna
2989 5735 3044 5784 et
3065 5727 3317 5785 ineliabili
3343 5726 3670 5800 benignitate
3690 5752 3790 5798 sua
