4038 6380
244 424 322 483 εκ
630 459 632 463 ,
1462 399 1529 458 IN
1565 396 1716 456 CAP.
1761 391 1804 450 I.
1844 388 1873 448 ί

1984 388 2090 446 ES.
2133 384 2369 444 1103111..
2402 383 2513 442 νη.
3491 379 3561 432 Hi

243 533 538 588 humanum
567 539 736 599 genus
757 538 853 596 per
877 520 1152 595 prepbetm
1177 517 1412 588 linguam
1437 513 1633 568 docere
1659 509 1845 599 digna-

243 634 331 678 tus
355 632 522 688 esset,
551 598 609 672 ut
632 618 772 673 scire
797 616 1064 688 possimus
1093 620 1148 667 et
1168 623 1346 664 rerum
1370 613 1671 662 creaturam
1702 598 1850 656 ordi-

1959 519 2023 557 ex
2061 502 2212 574 aquis
2240 502 2366 558 talia
2395 499 2686 557 animantia
2725 498 3016 572 produxit;
3057 501 3439 574 benignitatem
3468 520 3567 562 an-

1958 602 2088 661 tem,
2117 593 2242 664 quia
2267 601 2326 648 ut
2350 607 2412 648 ca
2452 591 2722 664 produxit,
2754 593 3024 662 propriam
3051 594 3132 649 eis
3158 594 3437 666 regionem
3477 605 3568 653 at-a

243 726 394 776 nem,
412 720 471 766 et
497 682 772 765 Creatoris
797 682 1116 777 potentiam,
1148 709 1204 756 et
1230 696 1500 770 quomodo
1529 706 1710 750 sermo
1728 690 1864 760 ejus
1951 684 2180 777 tribuit,
2196 682 2512 777 immensam
2552 682 2716 737 maris
2743 690 2949 752 partem
2977 682 3084 737 illis
3120 682 3455 752 decernens,
3491 688 3568 744 ita

242 801 298 856 in
329 814 464 869 opus
502 798 716 864 exierit,
763 805 818 853 ct
846 795 1068 852 verbum
1109 793 1227 863 ejus
1261 786 1658 846 subsistentiam
1700 793 1756 840 et
1781 780 1850 838 ad

241 889 618 944 exsistcntiam
644 885 926 941 transitum
955 881 1217 940 creaturis
1240 876 1563 951 prmbueritl

320 979 375 1033 ι.
403 976 510 1033 Cur
546 985 750 1034 tantum
791 975 1020 1031 otvlinem
1046 974 1098 1027 in
1125 971 1395 1026 creationis
1429 966 1719 1023 narratione
1742 979 1850 1018 ser-

247 1067 624 1124 rata-Verum
643 1076 769 1123 sont
784 1065 1040 1120 insensati
1059 1060 1321 1129 nonnulli,
1340 1060 1430 1132 qui
1445 1066 1636 1129 etpost
1651 1063 1854 1110 tantam

246 1157 550 1214 doctrinam
573 1157 834 1213 increduli
853 1171 971 1212 esse
997 1155 1214 1220 audent,
1239 1152 1500 1223 faterique
1520 1151 1708 1206 nolunt
1732 1163 1855 1204 esse

247 1252 482 1322 aliquem
513 1251 736 1306 istorum
772 1249 1059 1306 visibilium
1088 1246 1332 1318 opiﬁcem
1357 1261 1372 1299 :
1399 1242 1492 1300 sed
1518 1242 1607 1297 alii
1631 1241 1844 1312 quidem

250 1343 472 1399 fortuito
497 1341 585 1397 illa
609 1357 672 1398 ac
709 1355 806 1413 per
834 1356 897 1398 se
922 1343 1043 1397 esse
1066 1340 1248 1394 dicunt
1266 1378 1280 1405 ,
1310 1336 1398 1392 alii
1425 1347 1554 1392 vero
1579 1349 1645 1391 ex
1669 1333 1853 1402 subja-

250 1441 409 1489 conte
427 1431 662 1503 quadam
704 1433 928 1488 materia
951 1445 1074 1486 esse
1117 1428 1258 1485 facta
1285 1427 1636 1483 contendunt.
1661 1423 1856 1479 Consi-

251 1525 383 1582 dera
410 1533 603 1595 quanta
630 1524 829 1579 diaboli
859 1524 1055 1586 illusio,
1080 1520 1349 1591 quomodo
1369 1517 1571 1572 abusus
1600 1523 1684 1571 est
1713 1513 1855 1570 facili

251 1616 528 1670 erroribus
575 1613 926 1669 servientium
970 1610 1306 1666 credulitate.
1347 1609 1643 1677 Eapropter
1670 1605 1859 1660 beatus

252 1704 450 1769 loses,
490 1705 693 1774 Spiritu
734 1703 916 1759 divino
951 1699 1200 1767 afﬂatus,
1249 1708 1392 1754 tanta
1439 1695 1714 1766 diligentia
1760 1707 1861 1749 nos

256 1795 438 1862 docet,
469 1811 537 1849 ne
564 1793 704 1850 idem
733 1803 788 1849 et
824 1793 980 1847 nobis
1011 1793 1256 1856 eveniat;
1289 1788 1385 1844 sed
1421 1790 1653 1842 sciamus
1683 1786 1860 1840 maui-

255 1887 394 1942 l’estc
435 1894 494 1941 et
530 1895 897 1940 creaturarum
943 1883 1219 1946 ordinem,
1242 1889 1298 1937 ct
1329 1878 1602 1951 quomodo
1634 1891 1862 1948 quaeque

215 2035 222 2042 ,
257 1986 453 2031 creatis
481 1976 607 2030 sint.
635 1973 749 2030 Nisi
774 1973 918 2029 enim
947 1981 1146 2027 nostra:
1175 1970 1362 2026 salutis
1377 1983 1560 2024 curam
1589 1966 1865 2023 habuisset

260 2067 426 2134 Deus,
467 2076 520 2121 et
551 2067 622 2120 ita
664 2064 948 2120 direxisset
979 2061 1253 2133 propheta:
1291 2060 1559 2132 linguam,
1588 2058 1719 2113 satis
1746 2063 1866 2112 erat

255 2156 464 2215 dixisse
503 2173 518 2211 :
565 2156 715 2212 Fecit
742 2155 891 2211 Deus
923 2154 1113 2210 cretum
1151 2160 1208 2208 et
1242 2160 1461 2220 terram,
1503 2157 1560 2206 ‘et
1599 2162 1784 2216 mare,
1811 2155 1867 2204 et

261 2248 593 2305 utintantia:
640 2262 816 2320 neque
856 2259 1078 2302 necesse
1102 2255 1220 2302 erat
1255 2254 1315 2300 ut
1353 2251 1580 2315 poneret
1620 2240 1866 2298 ordinem

260 2339 495 2407 dierum,
528 2353 701 2409 neque
730 2337 858 2410 quid
901 2338 1104 2408 primo,
1142 2346 1202 2392 et
1239 2334 1368 2406 quid
1403 2332 1642 2390 secundo
1668 2332 1867 2387 factum

262 2431 444 2487 (tuerit.
475 2429 582 2486 Sed
622 2438 679 2485 ut
718 2429 939 2500 ingratis
981 2439 1036 2485 et
1062 2428 1203 2484 male
1229 2423 1582 2482 sentientibus
1610 2423 1753 2479 nulla
1782 2437 1871 2479 re-

262 2523 596 2593 linqueretur
612 2523 933 2588 excusatio,
983 2522 1056 2576 ita
1094 2519 1373 2590 distinguit
1398 2516 1682 2573 manifesto
1707 2524 1763 2573 et
1788 2515 1868 2571 la-

262 2627 474 2672 etorum
503 2613 772 2682 ordinem,
793 2621 850 2670 et
874 2612 1082 2669 dierum
1117 2625 1422 2674 numerum,
1457 2616 1513 2666 et
1549 2609 1730 2663 omnia
1772 2620 1873 2662 nos

262 2706 428 2764 docet
463 2720 588 2761 cum
634 2719 825 2777 magna
867 2702 1345 2774 attemperatione,
1372 2709 1432 2757 ut
1469 2699 1683 2771 cognita
1723 2697 1872 2755 omni

262 2799 491 2856 veritate
509 2839 526 2865 ,
554 2813 662 2853 non
695 2796 835 2854 ultra
860 2811 1046 2853 eorum
1083 2793 1359 2852 erroribus
1385 2790 1752 2857 attendamus,
1779 2788 1873 2860 qui

265 2890 448 2946 omnia
476 2889 548 2945 ab
570 2904 630 2946 se
657 2887 954 2959 excogitata
979 2887 1311 2958 loquuntur,
1342 2881 1438 2938 sed
1465 2882 1699 2937 sciamus
1725 2871 1879 2934 Con-

265 2982 460 3038 ditoris
477 2981 651 3038 nostri
671 2978 1088 3036 inenarrabilem
1115 2974 1434 3048 potentiam.
1461 2971 1532 3029 Et
1559 2974 1752 3043 factum
1773 2979 1876 3037 est,

267 3072 461 3144 inquit,
492 3073 584 3127 ita.
617 3071 758 3128 [itit
780 3088 795 3125 :
820 3069 1062 3125 Edere.“
1089 3082 1238 3139 aqua
1257 3065 1462 3137 reptilia
1478 3065 1772 3119 uitiatarum
1792 3061 1882 3116 τι-

265 3169 526 3230 om,
556 3173 604 3218 et
641 3162 877 3217 coletilia
914 3159 1140 3215 volatilia
1178 3173 1337 3226 super
1372 3165 1560 3210 terram
1597 3153 1879 3209 secundum

268 3255 800 3326 Mutati,
825 3262 881 3309 et
905 3249 1296 3320 obtemperavit
1319 3247 1669 3313 elementum,
1694 3253 1751 3301 et
1772 3244 1877 3300 im-

271 3347 434 3417 pluvit
449 3351 806 3416 proneptem.
837 3341 906 3398 Et
929 3346 1125 3413 factum
1151 3349 1248 3408 est,
1283 3339 1475 3410 inquit,
1495 3337 1628 3393 sicut
1655 3336 1878 3406 impera-

268 3437 342 3492 uit
374 3433 649 3491 Dentium.
688 3433 786 3490 2i.
810 3430 882 3487 Et
903 3433 1025 3505 fecit
1054 3430 1197 3486 Deus
1236 3437 1342 3484 cete
1364 3443 1573 3500 magna,
1602 3435 1652 3482 et
1677 3440 1878 3481 omnem

269 3529 499 3586 man
525 3525 826 3580 ataimaliunt
865 3521 1122 3595 reptilittm
1138 3561 1154 3588 ,
1194 3535 1312 3592 quat
1350 3519 1701 3590 produxerunt
1734 3529 1884 3588 aqua

269 3619 549 3675 multum
572 3632 759 3688 genere
782 3631 899 3684 sua,
919 3623 970 3669 et
990 3628 1140 3669 omne
1165 3611 1368 3668 volatile
1395 3618 1667 3681 pertractant
1695 3623 1877 3664 secun-

271 3710 398 3765 dum
431 3724 607 3777 genus.
638 3706 706 3761 Et
733 3706 856 3761 sidit
884 3703 1027 3761 Dens
1050 3703 1189 3775 ἀμοά
1213 3711 1384 3759 essent
1404 3701 1562 3756 bona.
1587 3700 1684 3757 ΞΕ.
1712 3697 1881 3753 Bene-

271 3800 501 3872 dicitque
521 3815 584 3853 ea
619 3796 781 3865 Deus,
813 3797 1021 3851 dicens:
1047 3794 1267 3851 Crescite
1294 3803 1340 3849 et
1366 3791 1804 3864 multiplicamini,
1835 3797 1882 3844 ct

272 3889 480 3962 implete
501 3906 662 3960 aquas
687 3889 928 3956 mari-tat,
955 3896 1003 3942 et
1030 3886 1264 3942 volatilia
1298 3884 1701 3954 multiplicemur
1729 3897 1885 3952 super

279 3993 492 4038 ten-am.
520 3980 721 4036 lterum
758 3979 867 4048 hic,
897 3993 1103 4051 quaeso,
1131 3977 1434 4046 considera,
1466 3984 1662 4046 quanta
1692 3975 1764 4030 sit
1790 3990 1882 4029 sa-

275 4072 476 4144 pientia
503 4071 753 4141 Spiritus.
783 4069 917 4126 Nam
936 4083 1057 4125 cum
1081 4067 1219 4123 dixit
1245 4069 1435 4124 beatus
1470 4066 1663 4129 Moses,
1697 4063 1764 4118 Et
1802 4068 1882 4136 fn-

277 4173 415 4217 ctam
443 4163 636 4226 estita,
667 4160 823 4219 docet
863 4174 964 4216 nos
989 4159 1288 4217 minutatim
1331 4157 1536 4213 addens
1576 4166 1632 4213 et
1654 4157 1881 4212 dicens:

278 4251 349 4309 Et
374 4255 493 4325 fecit
521 4252 659 4308 Deus
685 4262 789 4308 cete
812 4268 1020 4324 magna,
1039 4260 1092 4306 et
1119 4267 1317 4306 omnem
1339 4251 1562 4304 animant
1586 4249 1885 4303 animalium

277 4345 534 4416 reptilittm
558 4359 671 4415 quae
691 4344 1042 4415 produxerunt
1068 4356 1217 4410 aqua!
1240 4341 1522 4397 secundum
1549 4356 1736 4412 genera
1753 4356 1877 4406 sua,

279 4446 328 4491 et
373 4452 522 4491 omne
565 4433 769 4488 volatile
815 4443 1086 4503 pennatam
1130 4432 1408 4486 secundant
1434 4448 1615 4504 genus.
1653 4431 1724 4486 Et
1763 4432 1886 4485 uidit

279 4525 422 4580 Deus
445 4525 579 4595 quod
608 4534 770 4578 essent
790 4524 941 4578 bona.
974 4523 1072 4578 Hic
1098 4523 1277 4579 denuo
1302 4526 1662 4578 temeritatem
1704 4523 1884 4576 omnia

279 4618 484 4689 almae
528 4617 735 4673 ratimie
778 4617 1221 4671 deblateruntium
1267 4615 1596 4685 comprimit.
1643 4613 1777 4669 Nam
1829 4622 1888 4668 ut

279 4710 462 4766 nullus
508 4708 691 4764 dicere
737 4707 925 4777 possit,
968 4705 1136 4777 Cujus
1180 4707 1346 4776 gratia
1375 4715 1492 4762 cete
1540 4704 1676 4760 facta
1719 4704 1887 4760 sunt?

277 4816 439 4872 quam
469 4800 626 4854 nobis
662 4798 940 4854 utilitatem
973 4798 1297 4854 conferunt?
1332 4797 1467 4867 quid
1506 4796 1774 4852 commodi
1819 4811 1884 4851 ex

277 4907 472 4949 eorum
501 4891 816 4946 creatione?
845 4892 1042 4948 idcirco
1065 4899 1349 4960 postquam
1377 4889 1546 4945 dixit:
1576 4888 1723 4945 Fecit
1750 4888 1886 4943 Deus

276 4994 381 5038 cete
423 4997 631 5053 mayua,
669 4990 723 5035 et
760 4997 960 5035 omnem
1002 4982 1223 5033 animum
1260 4981 1561 5034 animalium
1603 4981 1882 5050 neptilium.

277 5084 326 5129 et
346 5075 583 5130 solatilia
603 5089 623 5128 :
649 5074 827 5127 statim
859 5071 1098 5126 addidit:
1131 5073 1193 5124 Et
1225 5071 1346 5124 vidit
1385 5071 1527 5124 Deus
1560 5072 1698 5139 quod
1723 5081 1886 5125 essent

280 5169 432 5220 bona.
461 5166 623 5233 Quasi
645 5165 883 5220 diceret:
914 5163 990 5217 Ne
1019 5164 1141 5232 quia
1172 5175 1225 5217 tu
1252 5163 1512 5219 rationem
1555 5164 1767 5232 ignoras
1806 5163 1891 5217 la-

280 5269 512 5322 ctorum,
537 5257 748 5327 opiiicia
767 5257 1072 5325 vituperare
1096 5256 1440 5326 aggrediaris.
1470 5256 1675 5311 Audisti
1707 5257 1888 5310 Domi-

283 5365 409 5404 num
439 5348 894 5417 pronuntiantem,
937 5357 997 5400 et
1041 5345 1306 5400 dicentem
1337 5346 1425 5400 illa
1467 5359 1587 5400 esse
1627 5347 1765 5400 bona
1795 5366 1807 5400 :
1836 5355 1888 5401 et

282 5439 553 5510 quomodo
577 5447 630 5492 tu
654 5438 925 5492 insaniens
943 5438 1118 5490 dicere
1149 5437 1332 5502 audes,
1356 5437 1534 5504 Quare
1557 5436 1695 5490 facta
1726 5438 1889 5490 sunt?

283 5530 436 5599 quasi
475 5529 802 5599 superﬂuum
843 5529 1077 5597 ipsarum
1107 5542 1364 5582 accusans
1399 5528 1713 5596 opiﬁcium?
1756 5529 1888 5583 Nam

287 5625 328 5674 si
347 5622 603 5676 cordatus
628 5635 798 5686 esses,
825 5633 1007 5689 posses
1032 5622 1190 5673 etiam
1224 5636 1287 5674 ex
1322 5620 1507 5674 iturum
1540 5620 1811 5675 creatione
1837 5631 1890 5673 et

289 5712 579 5780 potentiam
623 5710 831 5765 Domini
877 5718 931 5763 et
959 5710 1279 5764 ineffabilem
1325 5709 1706 5780 benignitatem
1735 5712 1890 5765 addi-

285 5813 440 5854 scere
472 5822 483 5857 :
516 5803 803 5874 potentiam
840 5802 1076 5871 quidem,
1111 5803 1228 5873 quia
1251 5818 1502 5857 SCJ'UIOIIC
1541 5811 1594 5858 et
1619 5817 1888 5873 piamepto

1960 783 2018 831 ut
2041 773 2243 829 nemini
2274 781 2501 844 possent.
2521 788 2754 839 nocere;
2781 773 2875 829 sed
2900 784 3186 832 versentur
3209 776 3263 831 in
3309 779 3444 833 mari
3465 819 3480 844 ,
3499 789 3571 836 et

1958 865 2040 931 sui
2068 864 2377 934 spectaculo
2401 863 3129 935 supereminentemOpiﬂcis
3150 868 3442 935 potentiam
3470 867 3576 926 do-

1959 964 2149 1023 ceant,
2190 955 2503 1025 nullumque
2528 951 2762 1010 humano
2786 956 2972 1025 generi
3012 956 3266 1013 danmum
3310 959 3591 1018 inierant;

1960 1047 2043 1102 An
2081 1060 2298 1116 parvam
2336 1054 2492 1116 putas
2518 1045 2862 1118 benignitatis
2899 1055 3130 1118 partem,
3161 1051 3427 1120 geminam
3470 1052 3566 1108 tibi

1962 1140 2246 1196 utilitatem
2285 1138 2413 1195 hinc
2452 1138 2693 1196 exoriri?
2727 1139 2942 1195 Etenim
2984 1155 3176 1211 sapere
3220 1143 3464 1200 volentes
3501 1146 3575 1200 ad

1966 1231 2066 1287 Dei
2097 1230 2339 1286 notitiam
2366 1229 2733 1296 introducunt,
2761 1239 2817 1287 et
2846 1231 3165 1302 stupendum
3191 1232 3446 1290 exhibent
3475 1234 3579 1290 be—

1963 1324 2240 1393 nignitatis
2278 1325 2398 1394 ejus
2421 1323 2868 1396 magnitudinem,
2898 1325 3042 1395 quod
3071 1325 3141 1380 ab
3164 1340 3351 1383 eorum
3397 1343 3566 1384 nocu-

1963 1417 2162 1472 mentis
2204 1418 2496 1472 bumanutn
2532 1431 2704 1488 genus
2749 1417 3076 1474 liberaverit.
3108 1418 3295 1491 Neque
3319 1423 3463 1477 enim
3501 1423 3580 1479 ob

1965 1519 2205 1566 nostram
2226 1509 2515 1567 dumtaxat
2536 1510 2818 1567 utilitatem
2846 1527 2910 1567 ea
2931 1513 3109 1568 omnia
3136 1512 3276 1570 facta
3302 1525 3450 1582 sunt,
3473 1517 3572 1573 sed

1965 1613 2019 1660 et
2063 1603 2135 1659 ob
2176 1606 2492 1660 immensam
2537 1604 2706 1676 ipsius
2745 1604 3240 1675 m1gnilicentiam:
3280 1607 3383 1663 alia
3426 1610 3575 1666 enim

1967 1705 2187 1766 propter
2228 1705 2465 1752 nostram
2495 1696 2778 1753 utilitatem
2809 1696 2968 1764 fecit,
3013 1697 3115 1752 alia
3161 1708 3383 1770 propter
3420 1715 3575 1757 suam

1968 1787 2440 1859 magniﬁcentiam,
2472 1795 2529 1843 ut
2557 1788 2727 1858 magis
2752 1787 3353 1859 Factoris.pra:dieetur
3379 1802 3540 1862 puten
3557 1823 3582 1836 --

1971 1885 2042 1938 tia
2072 1883 2115 1938 ί.
2141 1882 2274 1938 Cum
2297 1881 2451 1938 audis
2474 1881 2678 1952 itaque,
2717 1879 2856 1936 Vidit
2883 1879 3027 1938 Deus
3051 1883 3188 1954 quod
3215 1896 3377 1939 essent
3404 1884 3533 1940 bona
3557 1901 3578 1941 :

1970 1989 2039 2029 ne
2064 1973 2209 2029 ausis
2249 1974 2387 2028 ultra
2416 1972 2613 2028 divinat
2635 1973 2924 2044 Scripturae
2959 1974 3350 2043 contradicere,
3386 1991 3450 2032 ac
3483 1991 3577 2031 tu-

1970 2068 2164 2122 riosius
2191 2067 2481 2138 inquirere,
2501 2065 2789 2138 dicereque
2812 2084 2825 2121 :
2857 2066 3037 2136 Quare
3054 2067 3193 2124 Deus
3216 2068 3317 2124 hoc
3340 2070 3426 2125 vel
3449 2071 3577 2125 illud

1969 2157 2096 2213 fecit
2114 2157 2138 2213 ἳ
2158 2156 2228 2211 Et
2257 2158 2513 2212 benedixit
2534 2158 2628 2211 illa
2653 2156 2814 2224 Deus,
2849 2157 3040 2227 inquit.
3072 2168 3120 2212 et
3157 2159 3289 2214 dicit
3310 2175 3330 2214 :
3359 2159 3586 2216 Crescite

1972 2257 2017 2302 et
2045 2247 2480 2318 multiplicamini,
2509 2257 2556 2302 et
2587 2247 2792 2319 implete
2817 2264 2976 2318 aquas
2998 2249 3216 2305 marium
3238 2267 3259 2304 :
3283 2261 3327 2305 ct
3353 2252 3587 2306 rolntilie

1973 2339 2374 2408 multiplicemur
2400 2355 2553 2409 super
2570 2349 2778 2393 terram.

2044 2433 2102 2489 li.
2141 2430 2265 2486 lltcc
2291 2440 2374 2486 est
2413 2431 2525 2501 ipsa
2562 2429 2898 2497 benedictio,
2928 2439 2981 2485 ut
3011 2445 3206 2503 magno
3230 2447 3460 2489 numero
3490 2433 3587 2488 illa

1975 2524 2293 2595 augeantur.
2326 2522 2458 2578 Nam
2485 2522 2608 2593 quin
2641 2522 2882 2578 viventes
2903 2531 3170 2578 creatur-aa
3197 2533 3351 2579 erant
3377 2525 3584 2579 anilita-

1977 2617 2079 2683 lia,
2109 2616 2427 2686 velebatque
2455 2615 2547 2672 illa
2575 2621 2834 2687 perpetuo
2863 2630 3083 2672 manere
3101 2657 3116 2681 ,
3145 2616 3272 2671 ideo
3301 2617 3539 2673 subdidit
3566 2636 3588 2674 :

1976 2706 2048 2762 Et
2077 2707 2330 2764 benedixit
2353 2706 2448 2762 illa
2474 2706 2609 2761 Deus
2628 2748 2643 2772 ,
2676 2716 2723 2760 et
2748 2706 2878 2760 dixit
2905 2722 2923 2761 :
2951 2705 3171 2766 Crescite
3196 2717 3244 2761 et
3274 2707 3586 2779 multiplica-

1977 2801 2127 2856 mini.
2167 2799 2406 2856 Verbum
2435 2799 2581 2855 enim
2620 2797 2753 2853 illud
2787 2812 2960 2868 usque
3000 2798 3054 2853 in
3093 2806 3414 2869 praesentem
3444 2799 3593 2854 diem

1978 2891 2070 2950 iﬁa
2112 2899 2433 2959 conservat,
2472 2899 2528 2947 ct
2568 2897 2776 2946 tantum
2823 2889 3082 2959 praeteriit
3123 2899 3369 2961 tempus,
3413 2906 3596 2960 neque

1980 3000 2145 3041 unum
2174 2984 2366 3041 horum
2393 2998 2564 3054 genus
2603 2983 2943 3039 imminutum
2971 2990 3075 3039 est.
3112 2983 3247 3038 Nam
3288 2983 3593 3040 benedictio

1982 3077 2112 3142 Dei,
2139 3083 2197 3131 et
2238 3075 2464 3132 verbum
2499 3074 2636 3129 illud
2665 3090 2681 3131 ε
2713 3073 2932 3128 Crescite
2970 3083 3019 3130 et
3059 3073 3502 3145 multiplicamini,
3533 3085 3592 3129 ut

1981 3166 2340 3222 subsisterent
2366 3174 2424 3221 et
2451 3164 2711 3220 durarent
2752 3164 2860 3219 illis
2894 3164 3146 3221 conwiit.
3177 3165 3273 3222 23.
3301 3165 3370 3220 Et
3397 3169 3588 3237 factum

1981 3269 2086 3322 est,
2117 3258 2322 3330 inquit,
2349 3272 2588 3327 vespere,
2615 3266 2666 3311 et
2693 3259 2887 3328 factum
2910 3266 2984 3310 est
3009 3272 3192 3324 mane,
3220 3257 3328 3312 dies
3363 3258 3587 3327 quintus.

1989 3348 2148 3404 Vides
2172 3346 2442 3418 quomodo
2469 3346 2646 3402 divina
2675 3347 2952 3418 Scriptura
2979 3347 3164 3403 docuit
3188 3362 3288 3404 nos
3305 3388 3322 3413 ,
3353 3363 3474 3420 quae
3501 3350 3594 3405 dit:

1984 3442 2173 3512 quinto
2190 3449 2370 3498 creata
2396 3441 2504 3497 sint
2524 3440 2813 3496 animantia
2828 3440 2854 3494 ἲ
2877 3438 2983 3496 Sed
3011 3455 3298 3513 parumper
3316 3452 3586 3513 exspecta,

1984 3544 2040 3591 et
2082 3535 2276 3592 iterum
2324 3533 2531 3591 videbis
2579 3533 2789 3590 Domini
2834 3533 2910 3590 tui
2957 3535 3360 3606 benignitatem.
3407 3536 3592 3610 Neque

1984 3630 2128 3687 enim
2162 3643 2336 3700 aquas
2366 3627 2548 3684 solum
2588 3627 2901 3683 animalium
2944 3628 3298 3698 productione
3340 3629 3597 3686 fecundas

1988 3723 2134 3786 fecit,
2162 3719 2257 3777 sed
2286 3719 2467 3776 denuo
2498 3720 2760 3790 praecipit.
2792 3728 2852 3774 ut
2878 3734 2948 3775 ex
2974 3727 3117 3775 terra
3149 3720 3424 3777 terrestria
3464 3737 3591 3792 pro-

1985 3812 2254 3868 ducantur
2291 3811 2565 3866 auimalia.
2603 3809 2719 3866 Non
2748 3809 2848 3865 abs
2875 3825 2936 3866 re
2964 3811 3164 3881 quippe
3189 3811 3294 3866 erit
3320 3809 3481 3866 hodie
3509 3820 3596 3865 at-

1988 3905 2195 3976 tingere
2235 3918 2299 3960 ca
2341 3918 2462 3973 quas
2502 3902 2592 3957 die
2631 3911 2785 3958 sexto
2830 3911 2958 3957 sunt
2979 3895 3156 3957 Tacta.
3197 3902 3288 3958 24.
3326 3901 3396 3956 Et
3432 3902 3593 3965 dicit.

1989 3997 2193 4067 inquit,
2223 3993 2366 4050 Deus
2393 4011 2413 4050 :
2439 3993 2703 4048 Producat
2726 4002 2863 4048 terra
2895 3995 3121 4050 animum
3147 3996 3389 4049 viventem
3418 4009 3597 4050 serun-

1989 4089 2110 4142 dum
2153 4104 2312 4159 genus
2331 4129 2346 4153 ,
2374 4086 2728 4159 quadrupedes
2752 4128 2766 4154 ,
2794 4095 2844 4141 et
2882 4086 3086 4157 reptilia
3105 4128 3120 4153 ,
3153 4097 3201 4142 et
3237 4087 3420 4141 bestias
3445 4104 3598 4157 super

1990 4191 2180 4237 terram
2209 4198 2230 4236 :
2254 4189 2304 4234 et
2333 4195 2515 4252 pecora
2533 4221 2547 4245 ,
2581 4188 2627 4234 et
2656 4180 2830 4234 omnia
2867 4179 3070 4248 reptilia
3109 4188 3259 4235 terre
3278 4222 3291 4244 ,
3321 4181 3598 4234 secundum

1989 4291 2164 4346 genus.
2197 4271 2265 4327 Et
2294 4275 2486 4344 factum
2514 4281 2586 4327 est
2622 4274 2718 4328 sic.
2760 4270 2898 4326 Vide
2936 4273 3207 4341 quomodo
3236 4282 3374 4328 terra
3407 4274 3599 4330 iterum

1993 4367 2262 4436 duplicem
2289 4365 2447 4420 nobis
2473 4363 2662 4419 aderat
2688 4363 2944 4431 fructum,
2969 4374 3025 4420 et
3049 4365 3300 4420 mandato
3329 4364 3602 4420 dominica

1991 4455 2282 4511 ministret.
2331 4454 2481 4510 Tunc
2521 4453 2740 4518 quidem
2792 4458 3058 4509 seminum
3106 4454 3273 4509 edidit
3318 4456 3598 4525 germina,

1991 4563 2134 4604 nunc
2159 4557 2335 4603 autem
2355 4550 2376 4579 ¹
2408 4548 2637 4602 viventia
2661 4547 2936 4612 animalia,
2963 4547 3336 4618 quadrupedes
3361 4559 3415 4604 et
3440 4549 3604 4621 repti-

1992 4642 2082 4706 lia,
2113 4654 2308 4710 pecora
2336 4647 2392 4695 et
2416 4639 2576 4695 teras.
2609 4639 2749 4695 Ecce
2777 4638 2919 4710 quod
2950 4653 3110 4710 supra
3137 4640 3245 4695 dixi
3287 4641 3478 4697 iterum
3507 4641 3598 4697 de-

1991 4734 2263 4801 claratur;
2295 4748 2491 4803 nempe
2530 4733 2696 4787 Deum
2726 4748 2834 4787 non
2860 4734 3039 4787 omnia
3069 4733 3134 4788 ad
3171 4745 3412 4789 nostrum
3445 4750 3599 4791 usum

1992 4828 2312 4898 produxisse
2334 4867 2351 4888 ,
2379 4823 2477 4881 'sed
2518 4835 2696 4880 tamen
2739 4825 2806 4879 ad
2843 4825 3130 4895 quamdam
3163 4825 3451 4881 utilitatem
3469 4825 3510 4884 ⁸.
3545 4837 3603 4881 ut

1992 4920 2237 4976 videntes
2275 4918 2485 4988 copiam
2522 4926 2578 4972 et
2612 4917 3005 4972 multitudinem
3044 4920 3162 4986 ejus
3191 4928 3558 4973 creaturarum
3584 4961 3601 4986 ,

1994 5013 2214 5085 Opiﬁcis
2237 5013 2484 5067 virtutem
2513 5011 2979 5081 obstupescamus,
3000 5022 3056 5066 et
3082 5013 3316 5067 sciamus
3341 5014 3601 5082 sapientia

1995 5105 2224 5175 quadam
2266 5112 2321 5159 et
2367 5102 2718 5158 beneﬁcentia
2773 5101 3123 5157 inenarrabili
3172 5113 3389 5174 propter
3438 5104 3602 5158 futuri

1999 5199 2230 5252 hominis
2261 5198 2522 5251 honorem
2542 5194 2566 5226 ⁸
2595 5193 2774 5249 omnia
2809 5210 2929 5251 esse
2960 5195 3240 5264 producta.

2060 5317 2076 5348 ί
2114 5318 2187 5365 sic
2208 5314 2349 5363 savii.
2376 5321 2436 5376 et,
2450 5312 2646 5376 quidam
2669 5319 2806 5372 Mss;
2829 5309 2995 5360 Morel.
3012 5323 3148 5370 vero,
3175 5317 3226 5360 ut
3246 5310 3513 5373 prcedch
3535 5310 3610 5372 βι-

1996 5379 2141 5428 cloris
2163 5376 2238 5440 sui
2261 5375 2536 5439 potentiam.
2755 5439 2760 5440 γ
2854 5434 2883 5440 __
3095 5435 3110 5440 ,
3174 5438 3179 5440 _
3280 5438 3284 5440 _
3480 5433 3490 5440 .

2061 5443 2079 5469 ²
2110 5434 2450 5500 00islih.,__....
2497 5448 2609 5500 qtllB
2653 5439 2790 5486 sexto
2829 5434 2911 5484 die
2949 5442 3057 5484 sunt
3081 5435 3245 5500 facta;
3269 5438 3382 5483 tunc
3406 5434 3605 5500 quidem

1995 5499 2232 5550 seminum
2257 5496 2391 5561 dedit
2409 5496 2648 5561 germina,
2673 5510 2799 5561 nunc
2823 5501 3000 5561 autem,
3028 5497 3216 5561 caussis
3235 5496 3551 5557 lutet-mutis.

2063 5566 2083 5595 ⁸
2113 5557 2478 5619 Verisimilitér,
2503 5559 2641 5609 locus
2686 5558 2770 5606 ille
2806 5559 3037 5618 snperius
3064 5557 3312 5619 dictorum
3337 5557 3605 5618 resumptio

2001 5634 2092 5683 est,
2121 5635 2172 5674 et
2197 5625 2275 5673 hic
2299 5618 2525 5672 eumdem
2543 5634 2745 5683 sensum
2765 5633 2823 5669 ac
2844 5632 2989 5681 supra
3019 5618 3201 5683 ctione
3223 5618 3396 5683 debet,
3422 5630 3606 5683 nouitio

2001 5679 2125 5736 hunc
2152 5701 2164 5735 :
2194 5693 2349 5735 Deum
2371 5697 2463 5750 non
2479 5681 2646 5750 omnia
2667 5679 2974 5750 adflasti-am
2990 5680 3240 5730 utilitatem
3275 5679 3606 5746 prodidisse,

2000 5751 2085 5800 sed
2109 5755 2150 5797 rt
2177 5754 2373 5806 propter
2396 5745 2547 5806 ipsius
2569 5741 2996 5806 nmqniﬁccntimn.

2067 5813 2087 5842 δ
2120 5804 2332 5868 tunsam,
2352 5804 2550 5872 promer
2574 5804 2776 5870 910mm
2799 5804 2914 5854 inde
2939 5809 3215 5855 stantium
