4038 6386
504 372 573 430 ιτ
1203 365 1260 420 s.
1298 359 1576 419 JOANNIS
1609 348 2076 415 cnnvsosrout
2115 313 2432 406 suculae.
2471 349 2996 406 coxsnxrrxor.
3703 354 3775 410 ca

571 488 655 542 E3
675 491 896 557 {amnt
916 492 961 537 et
974 498 1091 550 εει-ρ
1100 483 1278 535 attinnt
1298 476 1590 547 corporibus
1605 490 1718 545 qua:
1739 473 1927 528 utilitas
1946 471 2074 525 oria-

501 572 878 632 tur.—-%5.cEt
898 571 1036 643 fecit,
1063 570 1248 640 inquit,
1273 566 1413 621 Deus
1435 565 1616 621 bestias
1642 575 1788 619 terra
1805 561 2077 619 secundum

499 682 654 735 genus
682 681 850 732 suum,
878 673 926 718 et
955 677 1134 731 pecora
1160 658 1432 714 secundum
1458 673 1616 726 genus
1643 671 1814 720 suum,
1838 662 1886 708 et
1909 651 2077 707 omnia

497 757 699 827 "milia
719 763 866 808 terra:
888 751 1157 808 urendum
1178 765 1331 819 genus
1353 764 1521 802 ruunt.
1548 747 1614 802 Et
1639 747 1760 801 uidit
1783 743 1918 798 Deus
1941 742 2075 812 quod

499 854 664 899 essent
686 843 835 899 bona.
864 860 885 895 ι
912 841 1010 898 Ubi
1036 854 1176 902 nunc
1194 847 1317 894 sunt
1339 839 1427 909 qui
1449 838 1627 893 dicere
1645 835 1877 890 audent:
1901 834 2075 902 Quare

497 933 661 1001 ferte,
705 947 867 1005 quare
915 931 1122 1000 reptilia
1163 938 1342 986 creata
1381 928 1546 984 sunt?
1579 925 1807 981 Audiam
1843 921 2073 978 divinam

496 1024 821 1093 Seripturam
845 1021 1110 1077 dicentem
1137 1039 1152 1075 :
1179 1018 1245 1073 Et
1271 1019 1392 1072 uidit
1417 1018 1551 1072 Deus
1576 1016 1711 1087 quod
1738 1024 1900 1070 essent
1921 1013 2068 1068 bona.

497 1117 622 1182 Die,
651 1115 909 1178 obsecro,
943 1113 1057 1182 ipse
1083 1112 1172 1181 qui
1201 1111 1396 1165 creavit
1417 1107 1597 1164 laudat
1622 1105 1788 1173 facta,
1816 1116 1872 1162 et
1898 1113 1952 1160 tu
1980 1119 2075 1159 au-

497 1207 592 1262 des
633 1203 1061 1275 reprehendere?
1090 1203 1309 1270 Quantae
1346 1214 1452 1254 non
1490 1198 1594 1254 hoc
1631 1199 1789 1253 fuerit
1815 1196 2074 1252 insanire?

495 1299 627 1367 Quia
656 1306 712 1354 et
734 1299 786 1352 in
813 1295 1107 1352 seminibus
1131 1304 1186 1350 et
1211 1295 1263 1349 in
1289 1292 1483 1363 plantis
1508 1307 1612 1346 non
1641 1290 1811 1344 solum
1838 1289 2074 1343 fructuo-

492 1404 581 1445 sas
606 1390 844 1454 arbores,
871 1386 965 1442 sed
990 1396 1044 1442 et
1080 1386 1388 1457 sylvestres,
1413 1392 1468 1439 et
1490 1381 1734 1447 steriles;
1767 1390 1819 1434 et
1843 1394 1951 1433 non
1979 1392 2070 1432 so-

495 1487 601 1539 lum
637 1483 849 1539 inutiles
877 1482 1104 1545 herbas,
1135 1479 1229 1536 sed
1257 1487 1312 1534 et
1351 1477 1644 1548 incognitas
1682 1474 1836 1529 nobis
1875 1471 2074 1541 profert

491 1586 634 1630 terra
657 1615 674 1641 ,
712 1588 858 1643 saepe
889 1574 1052 1628 etiam
1095 1571 1281 1626 noxias
1311 1587 1324 1623 :
1358 1568 1452 1623 sed
1491 1575 1766 1638 propterea
1805 1578 1911 1622 non
1948 1569 2073 1616 sunt

489 1664 853 1733 vituperandae
880 1669 1138 1718 creaturae
1167 1679 1179 1714 :
1208 1659 1338 1713 nihil
1361 1657 1502 1712 enim
1532 1664 1731 1711 temere
1757 1662 1849 1708 aut
1876 1652 2072 1707 frustra

491 1753 775 1808 formatum
804 1760 901 1806 est.
930 1751 1072 1806 Sane
1108 1763 1280 1819 neque
1318 1747 1527 1802 laudem
1565 1746 1702 1816 apud
1729 1744 2071 1800 Conditorem

489 1844 832 1907 invenissent,
857 1842 956 1896 nisi
982 1839 1049 1896 ad
1069 1840 1347 1896 utilitatem
1369 1840 1598 1908 aliquam
1621 1837 1847 1893 condita:
1871 1844 2069 1892 essent.

489 1934 672 2004 itaque
701 1935 834 1988 sicut
874 1935 931 1988 in
965 1932 1244 1989 arboribus
1270 1946 1378 1986 non
1407 1946 1593 1986 omnes
1628 1929 1912 1984 fructuosa:
1931 1969 1946 1994 ,
1977 1927 2071 1983 sed

488 2035 544 2078 et
579 2022 919 2079 infructuosa:
960 2022 1139 2077 multa:
1167 2037 1180 2073 :
1212 2029 1442 2074 attamen
1473 2019 1576 2074 illae
1606 2019 1734 2088 ipsa:
1758 2033 1865 2072 non
1895 2017 2070 2072 mino-

489 2127 604 2166 rem
631 2113 804 2178 nobis,
831 2127 987 2181 quam
1015 2111 1295 2166 fructuosa:
1323 2108 1618 2172 utilitatem,
1651 2121 1872 2176 eamque
1897 2106 2067 2164 admi-

489 2200 710 2254 rabilem
737 2242 750 2263 ,
781 2210 836 2254 et
865 2201 1025 2268 quieti
1058 2209 1252 2254 nostra:
1291 2199 1612 2256 servientem
1637 2197 1917 2252 conferunt
1945 2214 1958 2250 :
1984 2205 2068 2250 et-

488 2291 630 2343 enim
680 2305 744 2344 ex
791 2289 919 2357 ipsis
965 2289 1228 2354 aedilicia,
1267 2296 1320 2343 et
1365 2287 1527 2343 multa
1568 2289 1669 2342 alia
1717 2285 1784 2340 ad
1834 2285 2067 2356 quietem

489 2391 726 2436 nostram
769 2381 1085 2450 pertinentia
1116 2379 1431 2436 fabricamus
1461 2396 1474 2431 :
1506 2386 1561 2433 et
1585 2378 1801 2433 omnino
1829 2377 1958 2432 nihil
1986 2385 2070 2431 est

487 2472 627 2542 Quod
669 2488 773 2527 non
815 2473 1019 2527 ratione
1057 2473 1229 2542 aliqua
1275 2471 1557 2529 formatum
1597 2471 1692 2532 sit.
1725 2470 1930 2527 etiamsi
1970 2468 2067 2522 hu-

487 2580 642 2630 mana
687 2575 871 2620 natura
914 2565 1090 2623 omnia
1131 2566 1219 2620 illa
1257 2573 1501 2619 accurate
1534 2563 1674 2621 scire
1706 2578 1811 2618 non
1850 2563 2018 2632 possit
2050 2578 2064 2616 :

487 2654 711 2724 proinde
745 2656 883 2711 sicut
913 2656 965 2713 in
994 2655 1275 2715 arboribus
1297 2696 1313 2721 ,
1344 2654 1414 2711 ita
1443 2664 1498 2709 et
1526 2654 1580 2711 in
1609 2653 1924 2710 animalibus
1961 2652 2070 2708 alia

487 2744 700 2814 quidem
730 2744 795 2800 ad
825 2745 1000 2799 cibum
1031 2757 1266 2800 nostrum
1296 2745 1579 2814 pertinent,
1609 2744 1709 2805 alia
1735 2743 1804 2800 ad
1829 2743 2067 2801 ministe-

485 2834 645 2888 rium.
672 2834 925 2889 Ferarum
956 2835 1080 2889 item
1110 2842 1164 2889 et
1196 2833 1460 2903 reptilium
1487 2848 1684 2904 genera
1712 2848 1820 2894 non
1848 2849 2065 2904 parvam

484 2926 640 2985 nobis
665 2935 918 2996 praestant
947 2926 1245 2992 utilitatem.
1270 2933 1326 2984 et
1349 2926 1394 2985 si
1424 2925 1541 2995 quis
1563 2926 1686 2986 velit
1709 2939 1862 2995 equo
1883 2926 2065 2986 animo

483 3016 779 3087 intelligere
796 3059 812 3084 ,
846 3018 1081 3075 inveniet
1105 3017 1263 3072 etiam
1291 3031 1464 3080 nunc,
1493 3029 1616 3073 eum
1645 3016 1940 3085 principatu
1967 3031 2064 3070 oo-

483 3122 603 3162 rom
627 3107 698 3174 ob
718 3109 874 3178 primi
903 3108 1138 3178 parentis
1163 3106 1573 3165 inubedieutiam
1596 3105 1830 3161 destituti
1855 3119 2058 3170 sumus,

483 3212 728 3268 magnam
770 3213 838 3259 el,
879 3198 985 3258 illis
1023 3195 1180 3253 nobis
1229 3197 1510 3258 utilitatem
1552 3195 1849 3264 provenire.
1897 3193 2057 3254 Multa

485 3287 630 3343 enim
669 3287 792 3342 inde
822 3287 1084 3356 colligunt
1121 3285 1345 3350 melici,
1369 3300 1490 3354 qua:
1515 3284 1582 3340 ad
1613 3293 1911 3341 nostrorum
1938 3299 2060 3340 eor-

483 3390 672 3452 porum
701 3376 1017 3435 medicinam
1045 3385 1102 3432 et
1135 3377 1414 3433 sanitatem
1452 3376 1767 3435 conducant.
1815 3377 2061 3446 Alioquin

484 3467 648 3525 etiam
672 3466 794 3537 quid
821 3467 1124 3525 documenti
1153 3481 1217 3523 ex
1247 3465 1477 3524 ferarum
1502 3467 1870 3535 productione,
1896 3481 2064 3532 quan-

483 3558 554 3612 do
581 3557 718 3613 sicut
740 3557 1028 3615 domestica
1054 3557 1299 3618 animalia
1319 3598 1334 3618 ,
1363 3558 1441 3612 sic
1466 3567 1520 3612 et
1553 3557 1643 3612 illa
1676 3558 1775 3614 sub
1801 3565 2064 3627 potestate

487 3645 663 3711 futura
691 3655 844 3708 eram
865 3645 1121 3710 hominis,
1145 3660 1255 3706 non
1281 3646 1446 3701 multo
1472 3655 1591 3710 post
1616 3646 1920 3703 formandi?
1948 3647 2061 3718 Hoc

482 3739 628 3793 enim
656 3737 961 3798 nuncdico.

555 3829 609 3884 6.
637 3827 707 3884 Ut
731 3837 906 3883 autem
935 3828 1110 3905 discas
1139 3830 1375 3885 omnium
1413 3824 1620 3884 Domini
1657 3832 2059 3897 supereminen-

483 3928 592 3974 tem
618 3918 1021 3980 beneﬁcentiam
1041 3959 1058 3988 ,
1088 3935 1250 3990 quam
1273 3936 1393 3990 erga
1424 3930 1662 3975 nostrum
1689 3935 1854 3990 genus
1882 3923 2060 3975 decla-

479 4017 604 4079 rat,
656 4018 936 4080 postquam
984 4012 1236 4080 expandit
1281 4013 1504 4076 ctelum,
1547 4013 1783 4069 extendit
1825 4022 2017 4068 terram
2043 4054 2060 4082 ,

481 4099 721 4159 condidit
745 4100 1133 4162 firmamentum
1153 4140 1170 4166 ,
1203 4111 1257 4156 ut
1282 4103 1432 4172 quasi
1460 4112 1667 4172 septum
1692 4104 1903 4173 aliquod
1928 4104 2063 4158 divi-

477 4190 687 4246 sionem
716 4189 854 4244 inter
884 4203 1050 4259 aquas
1073 4198 1127 4246 et
1153 4204 1315 4259 aquas
1345 4189 1539 4248 faceret
1566 4209 1580 4242 :
1607 4193 1798 4248 deinde
1829 4203 1883 4247 ut
1903 4195 2063 4262 jussit

483 4294 740 4356 aquarum
771 4278 886 4338 fieri
918 4280 1384 4350 eongregationes,
1416 4296 1505 4335 eas
1546 4285 1707 4338 maria
1747 4285 2055 4356 appellavit,

480 4353 684 4425 aridam
721 4378 895 4430 autem
926 4377 1122 4429 terram
1142 4411 1157 4436 ,
1185 4385 1346 4443 quam
1373 4381 1552 4440 postea
1579 4353 1835 4430 seminum
1865 4377 2058 4432 herba-

482 4474 706 4529 rumque
732 4468 988 4527 proventu
1011 4460 1236 4520 ornavit.
1260 4460 1491 4530 Indeque
1519 4465 1723 4519 transiit
1745 4466 1809 4521 ad
1833 4467 2060 4525 duorum

485 4562 796 4617 magnorum
822 4547 1158 4603 luminarium
1195 4547 1585 4616 formationem,
1616 4562 1670 4606 et
1695 4553 1759 4607 ad
1789 4556 2060 4614 stellarum

482 4643 826 4705 varietatem,
864 4643 1056 4712 quibus
1100 4642 1539 4711 pulchritudinem
1586 4646 1702 4701 εωιί
1740 4650 2058 4706 ornatiorem

482 4733 754 4799 reddidit;
801 4744 983 4803 postea
1029 4743 1204 4788 autem
1253 4749 1372 4790 eum
1420 4750 1484 4792 ex
1533 4737 1681 4807 aquis
1731 4739 2064 4807 produxisset

481 4823 729 4890 aquatilia
768 4824 1052 4880 animantia
1090 4833 1145 4880 et
1181 4825 1444 4891 volatilia,
1470 4842 1587 4896 quae
1621 4828 1863 4886 volarent
1899 4845 2060 4902 super

485 4921 680 4968 terram
710 4913 1000 4968 secundum
1025 4915 1410 4971 firmamentum
1436 4919 1572 4984 caeli,
1598 4918 1813 4990 impleto
1831 4926 2064 4995 quinque

481 5003 687 5059 dierum
720 5020 967 5071 numero,
991 5008 1242 5076 quoniam
1272 5009 1546 5077 oportebat
1574 5019 1628 5065 et
1656 5015 1924 5069 terrestria
1948 5020 2065 5071 ani-

485 5094 642 5148 mah'a
685 5094 901 5149 formari
932 5114 946 5150 :
976 5098 1251 5166 imperavit
1279 5107 1337 5152 ut
1373 5107 1428 5155 et
1464 5101 1574 5168 ipsa
1608 5102 1910 5168 ederentur,
1939 5121 2062 5162 eum

482 5199 547 5238 ea
572 5194 694 5253 Quae
717 5185 782 5239 ad
811 5185 1008 5250 cibum,
1038 5196 1147 5240 tum
1173 5201 1234 5242 ea
1261 5204 1377 5256 quae
1399 5189 1464 5243 ad
1492 5190 1838 5247 ministerium
1862 5196 2064 5251 condu-

484 5273 658 5328 cibilia
680 5313 698 5339 ,
723 5290 823 5330 nec
851 5290 956 5330 non
991 5275 1116 5331 ferte
1157 5287 1212 5333 et
1249 5279 1451 5348 reptilia
1475 5321 1489 5346 ,
1516 5280 1743 5351 denique
1767 5285 1854 5340 ubi
1884 5289 2062 5342 omnia

484 5377 582 5415 suo
626 5373 814 5417 ornatu
852 5367 1112 5430 excoluit,
1144 5376 1199 5422 et
1234 5371 1568 5425 convenienti
1611 5372 1796 5429 ordine
1835 5378 2064 5434 visibilia

483 5451 770 5520 disposuit,
799 5464 852 5506 ct
880 5469 1118 5511 mensam
1148 5457 1346 5528 largam
1385 5461 1658 5530 instruxit,
1683 5465 1846 5520 variis
1869 5477 1922 5521 et
1947 5483 2065 5527 om-

485 5542 690 5610 nigenis
718 5543 963 5598 refertam
995 5547 1186 5604 eduliis
1207 5589 1222 5613 ,
1250 5551 1562 5621 cupiamque
1598 5563 1652 5607 et
1689 5569 1819 5624 opes
1860 5556 2061 5614 baben-

488 5641 595 5716 tem
620 5672 633 5695 ,
663 5643 716 5686 et
741 5633 889 5704 quasi
915 5637 1033 5705 quis
1055 5637 1196 5693 dicat
1226 5641 1421 5710 regiam
1449 5683 1466 5708 ,
1492 5643 1723 5713 undique
1761 5658 1987 5716 superne
2009 5659 2064 5706 et

489 5713 696 5773 inferne
733 5725 890 5780 variis
929 5727 1098 5784 modis
1125 5731 1493 5800 splendidam,
1521 5743 1644 5791 tunc
1675 5713 1886 5790 tandem
1919 5736 2059 5795 illum

2181 463 2376 520 format
2395 465 2485 535 qui
2512 465 2594 522 his
2617 465 2862 521 omnibus
2891 466 3146 523 fruiturus
3171 479 3332 535 esset,
3361 472 3448 528 cui
3471 473 3780 534 visibilium

2179 555 2415 610 omnium
2446 564 2758 626 potestatem
2785 557 2976 618 tradat.
3001 569 3055 614 et
3075 561 3307 616 ostendit
3327 572 3528 633 quanto
3552 565 3772 635 dignius

2178 646 2387 702 caeteris
2406 647 2651 705 erunibus
2675 648 2870 703 animal
2895 647 3112 718 formet,
3135 653 3562 723 quandoquidem
3585 657 3772 726 przeci-

2180 737 2290 804 pit,
2321 739 2498 798 omnia
2523 754 2643 811 quae
2672 740 2806 794 facta
2831 748 2983 796 erant
3010 742 3112 797 sub
3144 743 3285 800 illius
3316 760 3437 802 esse
3460 747 3688 818 imperio
3713 761 3772 804 et

2179 836 2460 897 potestate.

2250 919 2467 976 Marciis
2495 923 2806 989 exhortatio;
2834 923 3108 979 Gentilium
3135 928 3354 982 omnia
3379 930 3430 983 in
3459 934 3767 986 animalium

2177 1028 2442 1080 rerumque
2465 1014 2636 1068 vilium
2665 1015 2821 1068 cultu.
2849 1045 2920 1056 -—
2948 1017 3142 1071 Verum
3173 1035 3240 1073 ne
3279 1020 3485 1090 longius
3512 1035 3770 1079 excurrat

2177 1103 2378 1172 oratio,
2405 1105 2490 1159 his
2512 1107 2746 1160 contenti
2777 1106 2963 1170 dictis,
2993 1109 3048 1162 in
3073 1121 3383 1180 sequentem
3413 1113 3556 1168 diem
3599 1131 3767 1185 repo-

2175 1209 2365 1250 namus
2391 1209 2452 1249 ea
2478 1210 2597 1265 quae
2625 1197 2893 1265 pertinent
2927 1196 2996 1252 ad
3035 1198 3402 1259 formationem
3431 1203 3767 1262 admirabilis

2177 1283 2334 1355 hujus
2379 1287 2622 1342 animalis
2641 1289 2912 1344 rationalis
2931 1299 2986 1345 et
3007 1293 3247 1361 animati,
3271 1295 3502 1352 hominis
3521 1299 3764 1369 inquam,

2175 1391 2317 1432 nunc
2353 1387 2660 1433 consuetam
2686 1379 3100 1438 admonitionem
3126 1383 3471 1452 adhibentes,
3502 1387 3575 1443 ita
3607 1399 3664 1444 ut
3693 1407 3768 1448 ne

2175 1466 2438 1523 dictorum
2468 1471 2722 1526 memoria
2749 1471 2992 1527 elabatur
3018 1491 3035 1528 :
3067 1475 3161 1530 sed
3199 1491 3263 1531 ex
3298 1476 3547 1534 omnibus
3573 1480 3766 1536 visibi-

2175 1557 2314 1612 libus
2341 1558 2408 1613 ad
2437 1559 2813 1616 celebrandum
2845 1562 3126 1618 Dominum
3158 1581 3256 1620 nos
3290 1567 3434 1636 ipsos
3466 1571 3764 1640 erigamus.

2175 1647 2326 1716 Quod
2365 1659 2540 1705 autem
2577 1654 2820 1722 assequi,
2853 1662 2909 1707 et
2933 1665 3298 1711 creaturarum
3327 1659 3564 1714 omnium
3589 1664 3764 1717 ratio-

2176 1753 2296 1793 nem
2331 1741 2785 1810 comprehendere
2830 1753 2937 1798 non
2983 1747 3285 1814 possimus,
3315 1749 3369 1804 id
3397 1766 3466 1806 ne
3501 1753 3572 1808 sit
3603 1754 3767 1810 nobis

2177 1831 2562 1889 incredulitatis
2587 1835 2797 1890 occasio
2815 1877 2830 1902 ,
2862 1837 2956 1893 sed
2984 1840 3160 1907 potius
3185 1840 3253 1894 ad
3285 1841 3618 1900 referendam
3648 1846 3765 1902 Deo

2175 1923 2397 1993 gloriam
2428 1924 2848 1982 incitamentum.
2879 1929 3102 1996 Quando
3130 1933 3271 1988 enim
3303 1933 3483 1990 deficit
3507 1938 3645 1992 ratio
3663 1980 3680 2006 ,
3705 1949 3767 1993 et

2174 2027 2329 2068 mens
2368 2028 2473 2068 non
2508 2024 2778 2086 estcaan
2799 2058 2814 2084 ,
2841 2019 3014 2088 cogita
3041 2035 3198 2090 quam
3226 2037 3446 2094 magnus
3469 2034 3554 2080 est
3580 2025 3768 2081 Domi-

2174 2119 2274 2158 nus
2301 2113 2422 2160 tuus
2444 2148 2460 2174 ,
2491 2116 2545 2162 et
2571 2122 2637 2163 ex
2667 2108 2767 2164 hoc
2795 2110 2912 2181 ipso
2930 2152 2946 2176 ,
2973 2112 3114 2181 quod
3145 2121 3288 2168 tanta
3313 2116 3384 2171 sit
3411 2116 3526 2186 ejus
3557 2118 3722 2173 virtus
3742 2160 3761 2186 ,

2175 2203 2232 2248 ut
2255 2210 2426 2264 neque
2452 2197 2710 2254 rationem
2735 2206 2932 2255 eorum’
2944 2216 3062 2271 quae
3091 2203 3157 2259 ab
3181 2204 3277 2260 illo
3305 2206 3442 2261 facta
3472 2216 3596 2263 sunt
3617 2211 3765 2267 scire

2173 2299 2447 2353 queamus.
2478 2286 2591 2342 Hoc
2617 2288 2774 2345 fuerit
2799 2291 2937 2361 grati
2963 2293 3161 2360 animi,
3192 2297 3292 2352 hoc
3320 2299 3511 2354 sobria:
3541 2301 3759 2356 mentis.

2177 2373 2436 2440 Quoniam
2471 2387 2524 2430 et
2555 2379 2778 2446 gentiles
2807 2381 2883 2435 sic
2907 2394 3255 2451 erraverunt,
3284 2389 3392 2441 suis
3421 2391 3760 2458 cogitationi-

2173 2462 2273 2518 bus
2302 2464 2478 2519 omnia
2510 2467 2905 2535 permittentes,
2938 2481 2991 2525 et
3015 2472 3083 2526 ad
3109 2473 3527 2531 imbecillitatem
3554 2489 3760 2537 natura:

2171 2565 2283 2608 sua)
2324 2569 2432 2609 non
2469 2557 2813 2625 respicientes
2835 2599 2851 2626 ,
2896 2561 2990 2617 sed
3026 2579 3147 2632 quae
3181 2566 3318 2621 ultra
3352 2579 3562 2638 captum
3597 2583 3757 2628 suum

2171 2655 2326 2701 erant
2352 2647 2704 2719 imaginantes
2727 2692 2742 2716 ,
2773 2663 2828 2709 et
2851 2653 3078 2710 limitum
3109 2671 3326 2715 suorum
3352 2659 3486 2715 lines
3512 2667 3712 2734 egressi
3737 2715 3748 2730 ,

2171 2738 2330 2792 etiam
2368 2753 2397 2792 a
2440 2755 2532 2794 sua
2576 2741 2834 2811 dignitate
2864 2745 3198 2802 exciderunt.
3244 2749 3376 2805 Nam
3415 2753 3503 2822 qui
3548 2757 3760 2812 ratione

2172 2827 2406 2899 insigniti
2432 2830 2734 2901 huiusmodi
2770 2835 3055 2904 primatum
3081 2853 3400 2909 acceperant
3425 2858 3455 2897 a
3477 2843 3755 2915 Crantore,

2173 2927 2357 2989 utpote
2383 2923 2628 2978 omnibus
2659 2939 2779 2994 qua:
2811 2925 2915 2991 sub
2952 2927 3136 2984 oculos
3164 2930 3362 2986 cadunt
3386 2939 3650 2992 creaturis
3669 2939 3757 2993 di-

2168 3012 2381 3080 gniores
2404 3053 2419 3078 ,
2442 3011 2502 3067 lli
2538 3016 2813 3072 in-tantam
2850 3018 3231 3079 duurditatem
3257 3022 3467 3081 deducti
3497 3037 3620 3083 sunt
3645 3073 3660 3096 ,
3687 3036 3758 3087 ut

2171 3114 2350 3165 «nes,
2377 3102 2578 3169 simias,
2604 3115 2659 3159 et
2678 3107 2997 3176 crocodilos,
3020 3119 3075 3165 et
3101 3110 3185 3167 his
3206 3111 3430 3169 frediora
3458 3118 3754 3177 adnverint.

2169 3191 2239 3246 Et
2263 3192 2392 3262 quid
2415 3193 2538 3250 dico
2565 3195 2719 3250 bruta
2748 3199 3039 3264 animalia?
3067 3201 3213 3258 Multi
3249 3218 3434 3261 eorum
3463 3209 3519 3263 to
3542 3218 3758 3268 mm

2167 3290 2443 3351 stuporem
2469 3291 2525 3340 et
2551 3289 2840 3345 amentiam
2865 3289 3203 3360 inciderunt,
3234 3303 3294 3349 ut
3314 3302 3372 3350 et
3396 3297 3550 3365 allis,
3585 3305 3640 3354 et
3669 3300 3757 3359 Μς

2169 3370 2355 3428 viliora
2381 3373 2580 3429 colant.
2608 3376 2897 3446 Propterea
2925 3381 3185 3451 propheta
3221 3383 3349 3440 illos
3375 3387 3754 3460 subhﬂicaus,

2172 3464 2342 3536 inquit
2363 3479 2379 3521 τ
2401 3465 2733 3535 Campantus
2752 3479 2825 3524 ut
2839 3471 3472 3546 jumentis't'usipiaui‘us,
3499 3477 3758 3540 et-‘aimr'la

2170 3557 2336 3624 factus
2362 3565 2434 3609 est
2471 3556 2577 3611 tua
2606 3556 2774 3625 (Paul.
2801 3559 2888 3616 ts.
2917 3561 3033 3634 at).
3062 3563 3165 3632 Qui
3191 3567 3417 3636 ratione,
3448 3571 3640 3642 inquit,
3671 3575 3757 3629 in-

2170 3645 2394 3716 signitus
2421 3657 2614 3704 eratet
2643 3659 2784 3705 tanta
2812 3654 3068 3722 sapientia
3105 3658 3376 3726 praditus,
3409 3663 3455 3716 is
3481 3664 3648 3720 brutis
3671 3668 3754 3722 fa-

2166 3747 2285 3794 ctus
2314 3747 2397 3794 est
2425 3740 2616 3795 similis
2639 3783 2653 3808 ,
2686 3741 2822 3799 forte
2847 3753 2904 3799 et
2939 3745 3190 3804 deterior.
3223 3750 3316 3805 Illa
3353 3753 3493 3807 enim
3518 3795 3536 3819 ,
3566 3766 3754 3826 utpote

2167 3828 2564 3894 irrationabilia,
2592 3832 2751 3890 nullis
2780 3837 2952 3903 pinnis
2979 3838 3204 3894 obnoxia
3235 3853 3420 3909 erunt;
3451 3846 3540 3914 qui
3569 3857 3752 3904 autem

2167 3919 2371 3973 ratione
2414 3921 2614 3988 pollet,
2644 3922 2686 3975 si
2717 3924 2768 3977 in
2799 3924 3009 3980 illorum
3050 3928 3295 3985 inciderit
3325 3933 3706 3993 absurditatem
3731 3981 3755 4008 ,

2168 4010 2358 4064 merito
2384 4025 2569 4080 pronas
2597 4013 2736 4080 luet,
2768 4015 3004 4087 ingratus
3029 4033 3149 4075 cum
3178 4024 3249 4077 sit
3288 4033 3408 4093 post
3436 4034 3512 4081 tot
3541 4028 3750 4086 beneﬂ-

2167 4114 2269 4156 eta.
2297 4099 2430 4156 Hinc
2453 4101 2679 4194 denique
2704 4115 2757 4160 et
2783 4106 2983 4176 lapides
3003 4119 3054 4165 et
3081 4112 3219 4182 ligna
3239 4113 3370 4169 deos
3393 4121 3750 4194 appellarunt,

2167 4200 2222 4245 et
2261 4191 2375 4246 haec
2418 4193 2638 4248 visibilia
2679 4196 2937 4253 elementa
2985 4200 3115 4257 deos
3157 4204 3448 4264 eiecerunt
3483 4214 3648 4282 :quia

2168 4282 2333 4336 semel
2362 4297 2392 4335 a
2419 4292 2561 4342 recta
2589 4286 2673 4340 via
2699 4288 3034 4358 aberrarunt,
3067 4293 3119 4348 in
3152 4309 3391 4369 praeceps
3424 4300 3662 4375 ivcrunt,
3692 4319 3750 4365 et

2169 4372 2220 4426 in
2249 4373 2465 4428 malitia:
2490 4375 2808 4444 profundum
2835 4381 3155 4438 inciderunt.

2239 4465 2290 4518 7.
2319 4463 2698 4522 Verumtamen
2728 4484 2826 4525 nos
2851 4485 3022 4541 neque
3041 4475 3118 4529 sic
3138 4475 3205 4532 de
3231 4479 3401 4534 salute
3425 4482 3632 4540 illorum
3655 4488 3752 4545 αδ

2166 4570 2460 4624 speremus,
2492 4560 2587 4613 sed
2615 4561 2898 4619 aﬁ'erentes
2927 4566 2976 4619 id
3006 4568 3145 4636 quod
3177 4587 3339 4639 penes
3367 4590 3464 4631 nos
3490 4588 3592 4646 est,
3623 4595 3752 4638 eum

2166 4650 2309 4703 omni
2337 4650 2609 4706 alacritate
2635 4661 2689 4707 et
2711 4655 2956 4722 patientia
2985 4658 3085 4714 illis
3109 4660 3388 4731 loquamur
3412 4686 3426 4722 :
3448 4681 3753 4731 monstran-

2170 4747 2248 4792 tes
2275 4749 2386 4794 tum
2413 4742 2490 4795 rei
2516 4737 2895 4800 absurditatem
2912 4788 2928 4812 ,
2959 4755 3068 4802 tum
3095 4748 3272 4807 damni
3310 4759 3624 4825 gravitatem
3650 4805 3666 4831 ,
3695 4776 3752 4822 ot

2171 4847 2454 4901 numquam
2481 4833 2549 4888 de
2587 4834 2798 4891 illorum
2838 4840 3009 4895 salute
3037 4842 3747 4915 despondeamus'ammum.

2174 4921 2447 4980 Probabile
2476 4925 2617 4980 eriim
2648 4938 2751 4995 est,
2782 4929 2924 4994 fore,
2948 4942 3005 4987 ut
3031 4939 3285 5005 temporis
3312 4950 3590 5011 pregressu
3623 4965 3750 5017 per-

2171 5012 2519 5078 suadeantur,
2548 5017 2779 5073 maxime
2820 5021 2864 5073 si
2907 5036 3003 5076 nos
3045 5024 3114 5079 ita
3149 5026 3422 5096 vivamus,
3451 5043 3509 5087 ut
3548 5012 3750 5096 nullam

2173 5103 2299 5172 ipsis
2326 5105 2655 5173 praebeamus
2689 5111 3018 5179 repugnandi
3047 5129 3252 5170 ansam.
3281 5118 3428 5175 Multi
3456 5126 3596 5180 enim
3627 5129 3751 5182 illo-

2171 5209 2286 5247 rum
2326 5209 2444 5248 cum
2489 5196 2717 5252 viderint
2763 5209 3063 5257 nostrorum
3099 5206 3306 5277 aliquos
3343 5214 3504 5268 verbo
3534 5219 3750 5286 quidem

2170 5291 2224 5336 et
2245 5285 2498 5340 vocabulo
2517 5285 2847 5345 Christianos
2869 5294 3143 5362 appellari.
3167 5309 3417 5357 ueterum
3441 5305 3577 5360 sicut
3608 5310 3753 5377 ipsos

2171 5391 2392 5444 rapere,
2430 5379 2670 5446 pecuniae
2708 5381 2927 5451 cupidos
2967 5400 3119 5450 esse,
3160 5389 3436 5459 invidere,
3476 5397 3750 5466 insidiari,

2169 5465 2320 5520 dolos
2360 5476 2605 5531 nectere,
2634 5470 2841 5540 aliaque
2876 5477 3052 5529 omnia
3089 5476 3264 5536 facere
3287 5521 3304 5548 ,
3333 5489 3566 5554 crapulae
3598 5465 3753 5544 vctu?

2173 5548 2407 5627 ptatique
2431 5573 2617 5612 vacare
2637 5601 2652 5624 ,
2684 5563 2882 5616 monita
2917 5576 3090 5619 nostra
3124 5585 3226 5623 non
3258 5572 3394 5628 ultra
3427 5548 3751 5648 admittunt,

2172 5651 2264 5706 sed
2293 5666 2468 5704 omnia
2499 5663 2673 5706 nostra
2708 5651 2968 5708 fallaciam
2995 5659 3315 5728 existimant,
3349 5677 3401 5720 et
3432 5667 3618 5722 iisdem
3649 5673 3753 5726 cria

2174 5741 2548 5798 minationibus
2577 5759 2761 5800 omnes
2787 5761 2907 5802 esse
2934 5749 3206 5806 obnoxios.
3237 5754 3421 5826 Cogita
3447 5759 3630 5828 igitur,
3652 5763 3752 5818 ob-
