4038 6380
228 435 307 497 os
637 404 651 415 ’
1340 425 1409 483 tu
1444 425 1599 485 car.
1640 423 1681 480 ι.
1721 418 1967 481 oms.
2012 419 2249 479 unum
2288 418 2442 479 ναι·
3480 422 3555 480 rs

228 562 408 616 sacro,
430 549 646 621 quantis
669 543 751 603 illi
767 543 913 617 uigni
940 543 1048 601 sint
1072 540 1374 613 suppliciis,
1400 537 1833 611 quandoquidem

229 657 350 701 non
372 644 545 699 solum
566 640 683 696 sibi
714 639 844 711 ipsis
872 634 1359 707 inexstingnibilem
1398 633 1575 703 ignem
1612 644 1835 687 coacer-

228 748 394 805 vant,
428 736 523 793 scd
549 744 603 791 et
634 732 752 788 aliis
779 740 1028 787 auctores
1050 736 1177 785 sunt
1202 735 1261 782 ut
1290 726 1342 781 in
1371 739 1557 781 errore
1582 737 1837 795 perseve-

232 836 470 894 rent,et-
487 843 554 881 ne
582 824 832 880 virtutem
861 820 1157 885 addiscant,
1190 818 1444 875 obturcnt
1478 832 1662 883 aures,
1688 824 1742 870 et
1768 814 1837 869 ad

234 921 354 977 lucc
380 921 432 975 in
472 931 633 973 eausa
667 924 824 982 sunt,
860 914 1104 971 utetiam
1135 912 1387 968 virtutum
1418 910 1643 966 studiosi
1675 923 1837 962 accuo

232 996 460 1078 letatur,—
471 1018 526 1065 et
552 1006 1034 1079 reprehendantur,
1066 1011 1124 1060 et
1146 1001 1291 1074 quod
1315 1001 1553 1057 omnium
1581 998 1837 1070 gravissi-

235 1119 405 1167 mum,
429 1117 528 1174 per
554 1101 701 1171 ipsos
726 1097 986 1153 Dominus
1008 1092 1431 1164 blasphematur.
1460 1090 1620 1145 Vides
1642 1097 1839 1159 quanta

236 1195 457 1253 malitiae
485 1191 784 1265 pernicies?
810 1189 962 1244 vides
990 1184 1262 1259 quomodo
1287 1199 1395 1240 non
1426 1183 1631 1253 vulgari
1667 1196 1841 1251 penu:

236 1286 503 1342 obnoxios
530 1298 591 1339 se
618 1282 967 1344 constituant,
996 1278 1086 1348 qui
1117 1277 1315 1333 malum
1344 1283 1639 1340 sectantur,
1667 1272 1762 1328 sed
1788 1278 1843 1326 et

236 1377 412 1433 multo
450 1374 814 1445 gravissima),
846 1369 891 1425 si
925 1367 1186 1440 supplicia
1231 1380 1331 1436 pro
1369 1364 1616 1419 omnibus
1658 1360 1842 1417 luituri

235 1479 385 1533 sunt,
413 1483 519 1522 non
547 1467 719 1521 solum
748 1478 844 1536 pro
868 1476 963 1518 sua
989 1459 1309 1530 perditione,
1336 1457 1430 1513 sed
1457 1466 1511 1511 et
1535 1470 1633 1527 pro
1656 1469 1841 1509 erran-

239 1562 373 1617 tium
403 1559 659 1617 seandalo
678 1597 693 1621 ,
720 1566 776 1612 et
803 1570 902 1626 pro
931 1553 1306 1609 criminatione
1343 1549 1633 1621 proborum
1666 1546 1843 1601 homi-

237 1668 393 1717 num,
422 1660 478 1708 et
506 1665 604 1721 pro
641 1645 971 1719 blasphemia
1003 1646 1055 1700 in
1085 1642 1295 1700 Deum?
1324 1642 1451 1698 Haec
1480 1639 1641 1712 igitur
1664 1638 1844 1694 omnia

236 1744 577 1817 aigitemus,
624 1753 725 1796 nec
767 1749 1007 1794 nostram
1058 1735 1287 1790 salutem
1335 1732 1665 1803 negligamus
1701 1747 1715 1783 :
1747 1726 1843 1783 sed

237 1850 436 1906 magna
472 1833 628 1888 nobis
655 1832 724 1886 sit
752 1845 877 1886 cura
914 1839 974 1884 ut
1014 1827 1311 1884 secundum
1352 1824 1519 1879 Deum
1556 1822 1803 1877 vivamus
1825 1860 1842 1885 ,

239 1928 476 1983 scientes
523 1937 623 1977 nos
667 1921 790 1975 inde
833 1916 1068 1975 maxime
1114 1917 1197 1972 vel
1242 1911 1714 1978 condemnandos,
1758 1909 1845 1964 vel

238 2018 385 2073 illius
412 2011 766 2071 beneﬁcentia
794 2007 1113 2080 dignandos.
1158 2006 1250 2061 Sic
1285 1998 1445 2077 igitur
1472 2002 1651 2058 omnia
1681 2000 1845 2056 facia-

238 2123 364 2164 mus
387 2146 402 2170 ,
429 2112 490 2160 ut
523 2110 578 2157 et
605 2116 706 2157 nos
731 2101 783 2155 in
813 2115 945 2171 pura
972 2097 1301 2154 conscientia
1329 2108 1638 2160 versemur,
1668 2100 1725 2147 et
1752 2101 1847 2146 eos

240 2198 333 2269 qui
363 2196 540 2252 adhuc
562 2199 780 2256 errant,
806 2196 994 2246 nostro
1020 2185 1314 2242 secundum
1345 2185 1512 2241 Deum
1538 2183 1663 2237 vita:
1688 2178 1848 2269 iustis

241 2267 363 2345 tuto
397 2286 467 2342 ad
499 2284 780 2341 veritatem
825 2279 1280 2343 manuducamus,
1321 2284 1379 2331 ut
1412 2289 1512 2346 per
1548 2287 1649 2328 nos
1674 2280 1729 2327 et
1754 2267 1848 2325 alii

239 2391 435 2436 omnes
458 2376 549 2447 qui
574 2372 729 2429 nobis
748 2378 1224 2433 eonoumerantur,
1248 2365 1388 2422 bona
1413 2365 1552 2419 fama
1576 2361 1842 2426 fruantur,

215 2480 302 2533 .et
322 2478 451 2526 ante
483 2466 664 2523 omnia
698 2462 1029 2536 gloriﬁeetur
1054 2459 1315 2516 Dominus
1340 2468 1526 2513 noster
1542 2495 1560 2523 ,
1590 2462 1646 2510 et
1674 2450 1848 2523 majo-

238 2575 360 2621 rem
387 2559 556 2616 nostri
574 2572 759 2615 curam
784 2562 961 2628 gerat.
988 2553 1119 2609 Nam
1144 2566 1267 2609 cum
1291 2551 1347 2608 in
1374 2562 1475 2607 nos
1499 2547 1852 2618 respicientes

242 2652 493 2709 homines
515 2650 723 2705 lucrum
747 2644 1132 2718 reportabant,
1159 2652 1215 2699 et
1237 2641 1450 2697 laudem
1481 2640 1536 2696 in
1570 2638 1738 2695 Deum
1764 2651 1852 2693 re-

242 2743 455 2809 ferent,
484 2738 611 2797 inde
647 2746 706 2795 et
741 2753 843 2793 nos
880 2736 1001 2807 plus
1036 2733 1234 2791 divina:
1267 2731 1455 2804 gratim
1479 2742 1848 2800 assequemur.

243 2835 386 2906 Quid
406 2833 555 2890 enim
582 2832 795 2888 beatius
822 2828 1040 2884 homine
1060 2828 1154 2898 qui
1191 2824 1272 2883 sic
1297 2825 1429 2881 vivit
1446 2864 1462 2889 ,
1490 2831 1554 2879 ut
1572 2831 1626 2877 et
1652 2822 1744 2893 qui
1773 2820 1854 2876 vll-

243 2928 378 2986 dent
394 2926 798 2997 obstupescunt,
819 2930 876 2978 et
892 2920 1091 2987 dicant,
1116 2918 1300 2976 Gloria
1320 2916 1442 2983 tibi,
1467 2915 1643 2980 Deus;
1664 2913 1852 2983 quales

244 3029 372 3079 suat
390 3014 680 3074 Cluistiani
702 3015 717 3070 l
740 3020 993 3085 quantam
1016 3024 1130 3083 prae
1148 3024 1209 3066 se
1225 3008 1403 3064 lerunt
1421 3002 1813 3079 philosophiam
1832 3001 1849 3057 ι

244 3105 523 3181 quomodo
544 3104 845 3175 despiciunt
871 3099 1193 3174 praemia!
1223 3095 1495 3169 quomoth
1518 3093 1698 3150 omnia
1721 3091 1853 3163 ipsis

244 3197 437 3255 umbra
458 3203 517 3252 et
538 3193 807 3252 somnium
827 3197 1164 3261 reputantur,
1181 3196 1239 3243 et
1257 3186 1388 3242 nulli
1412 3182 1702 3239 visibilium
1725 3186 1854 3235 suat

243 3286 427 3354 aﬂxi;
456 3283 552 3343 sed
577 3284 755 3339 omnia
784 3278 1107 3350 transigunt,
1134 3276 1275 3334 sicut
1296 3276 1332 3331 ii
1355 3276 1446 3347 qui
1464 3274 1522 3331 in
1548 3282 1691 3330 terra
1714 3269 1851 3327 alie-

243 3392 317 3437 na
362 3383 526 3449 agunt
556 3370 861 3447 peregrini,
886 3380 944 3428 et
967 3366 1207 3441 quotidie
1232 3368 1465 3440 migrare
1499 3380 1566 3422 es
1608 3364 1710 3420 hac
1743 3362 1852 3419 vita

244 3470 474 3542 cupiunt
511 3475 567 3523 et
606 3464 901 3522 anhelant!
940 3462 1205 3531 Quantam
1248 3470 1405 3532 putas
1431 3458 1596 3516 verba
1634 3454 1753 3513 hac
1783 3454 1852 3511 iis

244 3560 447 3633 quisic
470 3556 678 3625 vivunt,
702 3554 867 3611 etiam
891 3552 979 3609 hic
1002 3567 1037 3609 a
1061 3552 1172 3608 Deo
1200 3549 1506 3608 mercedem
1527 3547 1761 3604 all‘erre?
1784 3545 1855 3602 Et

246 3649 394 3721 quod
417 3647 575 3704 valde
601 3643 918 3701 admirabile
944 3658 1008 3699 ac
1033 3640 1379 3712 stupendum,
1407 3640 1569 3696 etiam
1596 3639 1634 3694 ii
1659 3636 1749 3709 qui
1774 3645 1854 3693 ta-

247 3742 321 3797 lia
345 3740 418 3797 de
439 3736 596 3794 nobis
617 3734 880 3807 iudicant,
906 3733 1055 3790 brevi
1082 3732 1152 3788 ab
1182 3745 1370 3788 errore
1393 3729 1678 3796 desistent,
1703 3736 1760 3786 et
1783 3727 1851 3782 ad

248 3833 531 3888 veritatem
558 3828 828 3883 redibunt.
856 3824 971 3881 lloe
1003 3838 1134 3880 vero
1170 3832 1424 3895 quantam
1455 3820 1564 3876 illic
1602 3818 1851 3875 ﬁduciam

248 3921 477 3985 ’σει-ιι,
507 3918 639 3974 nulli
681 3931 788 3972 non
831 3915 1174 3971 manifestum
1206 3923 1309 3968 est.
1352 3910 1583 3967 Proinde
1621 3908 1853 3965 scientes

250 4025 353 4068 nos
379 4021 437 4067 et
462 4010 534 4065 de
572 4008 722 4063 luem
758 4014 815 4062 et
850 4007 920 4061 de
955 4004 1154 4060 damno
1188 4001 1559 4075 proximorum
1590 4001 1852 4057 rationem

250 4102 475 4157 daturos
498 4112 654 4162 esse,
681 4097 760 4153 sic
785 4098 947 4151 vitam
978 4102 1217 4149 nostram
1248 4093 1589 4148 instituamus
1612 4132 1627 4155 ,
1659 4099 1716 4146 ut
1746 4105 1856 4146 non

252 4191 430 4247 solum
475 4188 630 4244 nobis
666 4185 895 4243 sufﬁciat
917 4227 933 4254 ,
963 4184 1058 4241 sed
1088 4195 1140 4241 et
1170 4183 1291 4239 aliis
1320 4183 1445 4239 inde
1471 4183 1730 4238 doctrina:
1758 4196 1855 4236 oc-

253 4286 403 4340 casio
439 4282 698 4347 accedat,
732 4288 793 4337 ut
820 4289 874 4335 ct
905 4279 993 4334 hic
1022 4292 1268 4349 magnam
1299 4276 1391 4331 Dei
1433 4275 1659 4347 gratiam
1701 4274 1857 4328 nobis

256 4376 641 4441 conciliemus,
670 4382 725 4430 et
753 4374 806 4429 in
837 4372 1017 4428 futuro
1047 4371 1139 4425 Dei
1177 4370 1504 4439 benignitate
1534 4368 1679 4433 large
1705 4366 1855 4421 frua-

256 4479 400 4533 mur,
422 4468 590 4537 g'ratia
617 4474 674 4521 et
694 4461 1125 4520 miserationibus
1150 4460 1406 4533 unigeniti
1432 4459 1549 4528 ejus
1572 4456 1715 4524 Filii,
1738 4457 1858 4527 qui-

258 4574 383 4614 cum
411 4557 561 4614 Patri
591 4556 749 4612 simul
777 4564 1067 4624 sanctoque
1096 4553 1316 4622 Spiritui
1346 4551 1415 4606 sit
1441 4550 1609 4622 gloria
1634 4591 1648 4615 ,
1680 4549 1855 4618 impe-

261 4652 421 4716 rium,
446 4651 637 4716 honor,
660 4660 801 4703 nunc
818 4653 874 4701 et
892 4658 1125 4715 semper,
1149 4652 1202 4699 et
1222 4642 1273 4697 in
1296 4641 1492 4697 saecula
1514 4641 1853 4697 saeculorum;

258 4740 453 4797 .hnen.

832 4846 1111 4903 HOMILIA
1155 4842 1288 4901 Vlll.

260 4962 333 5024 ει
352 4964 493 5021 dixit
510 4962 650 5017 Deus
675 4982 691 5016 :
719 4960 993 5015 Faciamus
1014 4961 1265 5013 hominem
1284 4958 1561 5013 secundum
1585 4957 1858 5029 imaginem

334 5066 563 5112 nostram
600 5065 646 5109 et
687 5053 965 5111 secundum
1006 5048 1433 5107 similitudinem:
1463 5059 1508 5104 et
1536 5051 1860 5104 dominentur

342 5149 567 5220 piscibus
592 5145 747 5199 maris
768 5186 783 5210 ,
809 5153 857 5197 et
882 5142 1170 5198 volatilibus
1196 5140 1310 5199 ειειὶ
1332 5182 1349 5208 ,
1376 5151 1425 5196 et
1470 5140 1731 5209 pecoribus
1749 5179 1767 5206 ,
1810 5148 1859 5193 et

335 5239 507 5293 bestiis
528 5278 542 5301 ,
589 5245 633 5289 et
664 5236 909 5289 universae
932 5243 1081 5288 terra
1102 5273 1118 5296 ,
1160 5243 1205 5287 et
1229 5233 1458 5287 omnibus
1487 5230 1748 5303 reptilibus
1772 5248 1859 5285 re-

341 5328 571 5402 pentibus
598 5343 752 5397 super
778 5336 962 5380 terram
990 5323 1150 5397 (Gai.
1179 5324 1231 5379 1.
1260 5324 1331 5380 26
1352 5324 1392 5398 ).

339 5464 392 5517 l.
434 5464 547 5530 Age
585 5468 641 5515 et
683 5458 875 5524 hodie,
906 5459 1029 5528 quia
1069 5458 1274 5513 alacres
1314 5457 1428 5513 lteri
1475 5474 1596 5527 qua:
1626 5460 1859 5513 diximus

266 5553 490 5609 audistis
510 5592 525 5617 ,
558 5566 677 5620 qua:
706 5565 894 5605 recens
922 5550 1057 5604 lecta
1085 5558 1245 5615 sunt,
1274 5551 1480 5605 caritati
1514 5561 1701 5605 vestrae
1733 5566 1859 5619 pro-

266 5659 551 5715 ponamus,
584 5644 730 5711 prius
760 5651 936 5697 tamen
964 5658 1060 5697 vos
1086 5644 1428 5697 cohortantes
1452 5684 1466 5710 ,
1496 5653 1554 5696 ut
1579 5644 1860 5711 diligenter

266 5734 581 5790 auscultatis
611 5748 670 5787 ea
699 5749 815 5803 quze
846 5734 1115 5798 dicuntur,
1147 5742 1204 5788 et
1226 5748 1343 5803 quae
1370 5734 1517 5803 prius
1546 5733 1684 5787 dicta
1713 5744 1855 5799 sunt,

266 5830 406 5885 bene
433 5829 486 5883 in
517 5838 695 5883 mente
725 5835 898 5881 vestra
944 5827 1244 5898 reponatis,
1276 5837 1332 5882 ut
1362 5842 1431 5883 ne
1469 5826 1663 5883 frustra
1693 5836 1743 5881 et
1775 5828 1859 5880 in-

1940 553 2154 595 cassum
2190 520 2432 595 lzmorem
2474 545 2684 595 tantum
2714 538 2970 595 ferantus.
3001 532 3116 595 Hoc
3142 539 3286 595 enim
3313 539 3553 598 sttalinm

1942 639 2185 686 nostrum
2215 639 2330 695 est,
2364 639 2424 687 ut
2448 630 2554 686 vim
2595 645 2659 686 ac
2701 645 2920 687 sensum
2953 646 3142 688 eorum
3180 646 3312 702 qua
3350 633 3550 703 scripta

1940 721 2050 775 sint
2071 730 2320 776 accurata
2350 722 2535 777 sciatis
2558 722 2764 792 :‘atque
2785 723 2857 778 ita
2882 731 3072 777 utnon
3098 722 3273 777 solum
3300 723 3549 788 teneatis,

1943 811 2039 867 sed
2067 821 2121 867 et
2150 811 2383 867 aliorum
2426 813 2665 882 magistri
2697 812 2815 867 sitis
2834 854 2850 879 ,
2883 821 2942 867 ut
2969 812 3224 883 possitis,
3254 813 3551 868 secundum

1946 901 2163 957 beatum
2206 901 2466 967 Paulum,
2498 915 2637 956 unus
2678 902 2905 957 alterum
2949 900 3218 958 mdiﬁcare
3246 901 3267 973 (
3292 903 3343 963 Ι,
3371 901 3560 969 τίκτε-τ

1943 989 1998 1045 5.
2033 990 2154 1060 ll).
2181 989 2315 1045 Nam
2346 991 2390 1045 si
2418 1005 2515 1046 vos
2539 990 2875 1061 proieceritis
2900 991 2955 1047 in
2985 991 3234 1055 Domino,
3267 999 3323 1047 et
3364 992 3416 1046 in
3446 991 3551 1062 διιίέ

1949 1081 2219 1135 ritualium
2270 1080 2517 1136 doctrina
2566 1083 2799 1153 aliquem
2846 1082 3145 1153 profectum
3189 1070 3557 1151 ostenderitis,

1948 1171 2111 1227 etiam
2142 1186 2241 1226 nos
2272 1171 2472 1241 ingenti
2502 1171 2753 1231 amcietis
2786 1174 2994 1230 laetitia.
3032 1168 3161 1231 Haec
3185 1173 3329 1230 enim
3370 1185 3556 1230 nostra

1946 1263 2109 1318 fuerit
2135 1272 2244 1317 tota
2278 1264 2603 1333 prosperitas
2624 1305 2639 1330 ,
2666 1273 2723 1320 et
2748 1279 2957 1319 summa
2998 1263 3282 1321 festivitas.
3314 1264 3443 1332 Qua
3466 1281 3560 1319 ito-

1946 1362 2056 1407 stra
2082 1368 2218 1421 spes,
2251 1353 2330 1407 vel
2357 1353 2630 1423 gaudium.
2660 1352 2738 1408 vel
2761 1369 2973 1420 corona,
3006 1343 3212 1423 inquit,
3239 1354 3562 1440 glqriatiouis

1954 1443 2031 1515 (1.
2059 1444 2236 1500 Thess.
2259 1443 2316 1499 2.
2343 1443 2432 1515 £9)
2456 1445 2481 1498 ?
2509 1461 2682 1500 annon
2702 1453 2750 1500 et
2775 1461 2882 1512 res,
2914 1455 2969 1500 et
2990 1455 3226 1501 vestrum
3258 1446 3561 1512 secundum

1949 1536 2119 1591 Deum
2151 1535 2587 1592 incrementum?
2626 1536 2828 1592 Omnes
2868 1537 3013 1592 enim
3043 1536 3325 1601 doctores,
3355 1536 3446 1606 qui
3478 1537 3561 1590 vi-

1948 1625 2079 1681 dent
2104 1625 2397 1695 discipulos
2429 1627 2666 1695 priorum
2696 1626 2994 1682 lectionum
3028 1626 3346 1686 memoriam
3373 1626 3563 1680 animo

1949 1718 2087 1773 bene
2120 1726 2304 1772 tenere
2323 1757 2341 1783 ,
2373 1716 2731 1787 operibusque
2759 1717 2892 1788 ipsis
2934 1717 3165 1772 fructum
3196 1716 3431 1787 aliquem
3462 1730 3560 1771 ex-

1952 1808 2142 1864 hibere
2162 1849 2177 1875 ,
2211 1808 2416 1877 majore
2443 1808 2719 1864 alacritate
2743 1820 2795 1863 et
2826 1810 3163 1879 sequentium
3195 1809 3561 1879 cognitionem

1950 1899 2214 1971 prtebcut.
2260 1900 2328 1955 Et
2357 1915 2456 1955 nos
2505 1915 2720 1970 quoque
2748 1911 2949 1971 quanto
2986 1900 3157 1973 magis
3195 1912 3431 1958 mentem
3462 1916 3560 1956 vea

1953 1998 2120 2044 stram
2162 1990 2334 2061 erigi,
2386 2000 2442 2045 et
2484 1990 2811 2047 desiderium
2863 2006 3144 2059 crescere,
3190 1995 3565 2064 rationemque

1950 2080 2063 2135 alas
2099 2092 2377 2137 assumere
2420 2081 2703 2149 videmus,
2736 2091 2887 2138 tanto
2924 2083 3217 2141 alacriores
3259 2084 3565 2152 reddimur,

1952 2180 2011 2225 ut.
2056 2171 2363 2227 uberiorem
2407 2170 2706 2227 doctrinam
2736 2187 3122 2244 proponamus.
3168 2176 3382 2244 Quanto
3421 2176 3565 2232 enim

1954 2262 2077 2332 plus
2106 2261 2259 2319 vobis
2302 2263 2675 2334 profundimus
2706 2264 3030 2321 ﬂuentorum
3076 2264 3271 2322 borum
3311 2267 3567 2339 spirituao

1954 2353 2085 2409 lium
2106 2394 2122 2422 ,
2153 2363 2304 2411 tanto
2333 2356 2489 2411 nobis
2518 2367 2574 2412 et
2617 2356 2815 2412 ﬂuenta
2842 2366 2970 2413 sunt
3009 2359 3282 2427 auctiora,
3310 2360 3579 2416 nimirum

1953 2454 2179 2518 propter
2204 2446 2625 2505 aediﬁcationem
2646 2456 2901 2514 vestram,
2933 2458 2986 2505 et
3016 2461 3239 2521 propter
3262 2459 3572 2509 vestrarum

1952 2539 2259 2594 animarum
2290 2537 2576 2593 utilitatem
2606 2556 2621 2594 :
2650 2553 2760 2594 non
2789 2541 2934 2594 enim
2956 2541 3007 2595 in
3038 2540 3141 2596 hac
3166 2556 3328 2598 causa
3354 2544 3569 2600 contin-

1949 2630 2031 2701 sit
2080 2629 2132 2686 id
2182 2629 2325 2699 quod
2374 2630 2427 2685 in
2483 2631 2754 2701 pecuniis.
2799 2630 2911 2688 Illic
2953 2633 3098 2689 enim
3146 2636 3237 2707 qui
3285 2646 3573 2708 argentum

1953 2721 2133 2777 vicino
2158 2721 2517 2778 dinumeravit
2538 2763 2554 2790 ,
2597 2722 2869 2779 imminuit
2895 2738 3047 2781 suam
3081 2725 3473 2795 substantiam,
3514 2737 3571 2786 et

1954 2822 2154 2883 quanto
2180 2813 2301 2885 plus
2326 2822 2596 2883 numerat,
2624 2822 2783 2871 tanto
2807 2815 2985 2872 minus
3014 2818 3255 2888 possidet
3284 2820 3567 2892 pectinis:

1956 2901 2045 2957 lrlc
2064 2910 2249 2959 autem
2298 2904 2458 2973 plane
2486 2918 2645 2961 secus
2682 2905 2878 2977 agitur.
2926 2905 3076 2963 Tunc
3112 2909 3258 2964 enim
3288 2909 3573 2968 facultates

1955 3003 2160 3050 nostrae
2204 2994 2324 3065 plus
2365 3005 2719 3064 accrescunt,
2768 3006 2896 3053 tunc
2938 2999 3255 3069 spirituales
3303 3000 3390 3056 ba
3434 3004 3568 3072 opes

1955 3084 2128 3154 magis
2146 3093 2431 3156 augentur,
2454 3086 2672 3158 quando
2698 3085 2919 3144 bam-ire
2936 3086 3245 3147 volentibus
3265 3091 3569 3150 doctrinam

1957 3171 2255 3229 liberaliter
2280 3173 2677 3244 profundimus.
2707 3176 2874 3248 igitur
2909 3180 3033 3249 quia
3079 3178 3182 3235 hoc
3208 3180 3367 3238 nobis
3394 3182 3572 3252 majo-

1958 3273 2080 3317 rum
2110 3261 2419 3321 divitiarum
2461 3278 2624 3322 eausa
2665 3274 2751 3323 est
2773 3306 2791 3331 ,
2838 3275 2897 3323 et
2922 3281 3021 3324 vos
3062 3268 3429 3339 spiritualibus
3465 3274 3574 3327 alb-

1959 3353 2161 3411 mentis
2204 3356 2390 3412 satiari
2442 3372 2551 3413 non
2593 3352 2857 3429 potestis,
2903 3374 3005 3433 age
3034 3361 3312 3421 videamus
3349 3364 3479 3437 quid
3516 3374 3575 3424 es

1958 3443 2119 3501 hodie
2147 3446 2340 3502 beatus
2362 3445 2542 3504 Moses
2570 3448 2625 3504 in
2653 3448 2738 3504 his
2761 3465 2883 3521 qua
2911 3450 3052 3508 lecta
3077 3462 3206 3509 sunt
3227 3468 3329 3511 nos
3356 3454 3571 3527 doceat,

1956 3536 2070 3593 imo
2096 3535 2225 3609 quid
2253 3538 2422 3608 gratia
2452 3538 2685 3609 Spiritus
2710 3553 2807 3611 per
2833 3540 2955 3611 ejus
2992 3540 3228 3615 linguam
3273 3545 3428 3601 nobis
3454 3560 3574 3603 orno

1956 3625 2116 3683 nibus
2142 3626 2309 3683 ditat.
2336 3627 2431 3683 26.
2459 3626 2530 3683 Et
2553 3628 2705 3695 dixit,
2735 3630 2939 3702 inquit,
2967 3631 3109 3688 Deus
3129 3650 3151 3689 :
3171 3632 3452 3693 Faciamus
3478 3638 3575 3691 Ιοοι

1959 3718 2150 3773 enim
2172 3717 2455 3774 «cundum
2479 3720 2753 3791 imaginem
2778 3731 3024 3788 nostram,
3052 3733 3100 3778 et
3127 3726 3406 3781 secundum
3430 3728 3573 3782 aimb-

1958 3807 2249 3862 litudinem.
2298 3807 2381 3865 Ne
2429 3810 2748 3880 simpliciter
2800 3812 2916 3868 hac
2968 3813 3111 3870 dicta
3162 3825 3569 3886 praetereamus,

1957 3898 2250 3963 carissimi,
2281 3898 2376 3955 sed
2407 3899 2774 3971 disquiramus
2801 3903 2962 3959 verba
2989 3905 3199 3976 singula
3218 3948 3233 3972 ,
3263 3917 3318 3963 et
3353 3910 3405 3963 in
3438 3924 3568 3979 pros

1959 3990 2183 4047 fundum
2212 3989 2605 4048 descendentes
2623 4034 2639 4060 ,
2672 3994 2780 4048 vim
2808 3994 2866 4049 in
2888 3994 3181 4052 breviculis
3210 3997 3360 4054 hisce
3388 4000 3570 4057 verbis

1960 4083 2216 4139 latentem
2247 4083 2656 4155 investigemus.
2684 4085 2820 4141 Nam
2868 4088 2993 4143 licet
3034 4103 3201 4158 pauca
3244 4091 3352 4145 sint
3381 4092 3565 4161 verba,

1960 4189 2189 4244 magnus
2218 4182 2395 4230 tamen
2423 4174 2710 4232 thesaurus
2731 4186 2815 4233 est
2842 4178 2895 4231 in
2922 4179 3027 4233 illis
3052 4181 3384 4249 reconditus,
3406 4192 3571 4252 atque

1959 4266 2115 4323 decet
2138 4276 2371 4323 attentos
2399 4277 2454 4324 et
2476 4269 2667 4340 vigiles
2695 4285 2801 4324 non
2832 4270 2886 4325 in
2914 4272 3201 4341 superﬁcie
3228 4285 3393 4331 stare.
3425 4277 3569 4346 Quo-

1960 4360 2106 4413 niam
2137 4367 2193 4413 et
2230 4359 2265 4413 ii
2296 4360 2385 4429 qui
2418 4361 2703 4415 seusibiles
2732 4362 2831 4422 hos
2876 4360 3157 4418 thesauros
3195 4365 3432 4423 effodere
3468 4383 3588 4424 eoo"

1961 4462 2193 4519 nantur,
2224 4467 2331 4508 non
2362 4452 2414 4507 in
2446 4452 2606 4521 plano
2630 4462 2685 4508 et
2714 4454 2767 4507 in
2808 4455 3093 4524 superﬁcie
3136 4457 3310 4513 ’solutn
3355 4459 3565 4518 fodiunt

1962 4552 2126 4613 atque
2153 4544 2470 4614 perquirunt
2489 4584 2503 4606 ,
2534 4544 2627 4599 sed
2658 4545 2708 4597 in
2746 4544 3069 4614 profundum
3109 4548 3481 4620 descendunt,
3511 4564 3567 4609 et

1962 4635 2254 4705 penitiores
2281 4643 2440 4690 terrm
2470 4635 2620 4691 sinus
2644 4644 2954 4693 scrutantur
2983 4656 2997 4693 ι
3030 4648 3191 4710 atque
3220 4642 3289 4696 ita
3320 4653 3438 4700 arte
3468 4660 3565 4701 sua

1962 4740 2152 4781 aurum
2179 4739 2209 4780 a
2237 4733 2379 4781 terra
2420 4736 2737 4798 segregant,
2772 4729 2984 4785 tametsi
3021 4745 3166 4800 saepe
3194 4741 3315 4802 post
3355 4735 3566 4794 labores

1962 4815 2294 4886 sudoresque
2319 4818 2516 4871 multos
2540 4819 2628 4873 vix
2668 4834 2833 4889 pauca
2862 4819 3108 4891 quaedam
3149 4835 3395 4883 ramenta
3434 4828 3569 4885 all'eo

1963 4917 2109 4963 runt.
2140 4909 2239 4964 Hic
2262 4920 2441 4963 autem
2472 4911 2544 4965 nil
2580 4913 2683 4966 tale
2717 4920 2835 4981 est,
2862 4915 2956 4969 sed
2984 4914 3138 4971 labor
3165 4918 3375 4983 minor,
3407 4929 3461 4975 et
3490 4921 3568 4975 in-

1966 4998 2192 5055 eﬁ‘abilis
2218 5000 2454 5057 ubertas.
2483 5001 2621 5057 Nam
2648 5004 2947 5073 spiritualia
2984 5007 3165 5061 omnia
3196 5008 3254 5065 in
3278 5008 3420 5065 hunc
3438 5018 3563 5066 'mo-

1965 5092 2092 5149 dum
2122 5108 2182 5147 se
2213 5093 2432 5149 habent.

2034 5184 2092 5237 2.
2134 5183 2211 5239 Ne
2242 5184 2402 5254 igitur
2426 5185 2601 5241 simus
2642 5187 2939 5245 deteriores
2970 5189 3034 5244 iis
3070 5189 3160 5261 qui
3198 5190 3264 5245 ad
3296 5192 3572 5247 sensibilis

1966 5276 2175 5332 inhiant
2206 5295 2218 5331 :
2248 5277 2343 5333 sed
2375 5278 2708 5349 inquiramus
2736 5291 2789 5337 et
2813 5297 2912 5337 nos
2942 5282 3224 5353 diligenter
3254 5284 3567 5339 thesaurum

1966 5367 2111 5422 hunc
2153 5368 2485 5437 Spiritttalcm
2530 5370 2582 5423 in
2612 5372 2789 5426 verbis
2829 5373 2944 5428 istis
2982 5374 3313 5430 rceooditum
3336 5416 3351 5439 ,
3382 5382 3436 5427 et
3464 5376 3571 5443 pri-

1966 5475 2111 5514 mum
2142 5460 2420 5516 videamus
2446 5462 2571 5531 quid
2618 5480 2813 5518 novum
2861 5475 2916 5520 et
2959 5465 3331 5521 admirandum
3376 5466 3571 5522 dicat:

1970 5552 2091 5607 dein
2126 5569 2290 5622 quare
2330 5562 2472 5607 tanta
2502 5556 2785 5611 verborum
2819 5558 3114 5613 variatione
3158 5568 3339 5611 utatur
3382 5558 3570 5612 beatus

1969 5644 2057 5699 hie
2083 5645 2343 5714 prepheta
2366 5687 2380 5712 ,
2414 5647 2521 5700 imo
2549 5648 2810 5718 benignus
2840 5649 2978 5704 Deus
3016 5664 3109 5717 per
3137 5648 3450 5717 prophetam
3488 5647 3568 5703 lo-

1965 5752 2155 5807 quens.
2189 5737 2253 5791 Et
2276 5739 2349 5791 ait
2375 5759 2387 5794 :
2414 5738 2690 5794 Faciamus
2715 5741 2966 5794 hominem
2992 5740 3267 5794 secundum
3294 5740 3575 5807 imaginem

1969 5838 2216 5898 nostram,
2239 5838 2284 5883 et
2306 5830 2581 5884 secundum
2604 5830 3006 5886 similitudinem.
3031 5830 3210 5903 Nuper
3229 5845 3350 5885 cum
3376 5830 3570 5885 emitur.»
