4038 6372
479 401 543 459 ’11
1261 391 1314 446 S.
1355 385 1631 445 JOANNIS
1665 377 2138 442 CIIRYSOSTOMI
2178 375 2494 435 ARCIIIEP.
2535 376 3069 434 CONSTANTINOP.
3359 373 3371 386 ’
3686 375 3758 429 79.

482 529 786 585 terramque
836 510 1156 572 i’ormassct,
1204 504 1498 558 audivimus
1545 501 1690 553 illum
1743 496 2056 551 dicentem:

484 607 606 662 Fiat
648 607 739 660 lux
764 618 783 658 :
811 613 866 658 et
889 643 902 662 .
935 599 1054 658 Fiat
1097 599 1466 668 ﬁrmamentum
1507 593 1559 644 in
1589 589 1753 642 medio
1785 599 1967 649 aqua;
2004 591 2062 636 et

483 700 699 762 iterum,
727 694 1100 764 Congregmtur
1127 701 1270 757 aqua:
1318 686 1371 738 in
1405 680 1839 753 congregationem
1879 690 2056 739 unam,

480 799 528 842 et
554 795 798 857 appareat
836 783 982 835 arida
1005 795 1025 834 :
1049 787 1137 839 et,
1178 775 1330 830 Fiant
1372 772 1642 828 luminaria
1666 783 1687 824 :
1711 777 1794 834 et,
1827 765 2060 820 Educant

480 893 629 948 aqua
673 871 871 946 reptilia
918 871 1205 923 animantm
1247 866 1535 920 virentium.
1583 859 1768 915 Vidisti
1813 870 2062 948 sermone

482 947 598 1022 solo
627 973 679 1020 et
723 970 993 1032 praecepto
1031 973 1243 1014 onmem
1290 964 1583 1011 creaturam
1613 949 1844 1020 quinque
1872 947 2060 1001 diebus

481 1054 746 1110 formari?
792 1050 926 1106 Vide
978 1049 1134 1103 hodie
1185 1054 1380 1117 quanta
1427 1043 1708 1096 verborum
1754 1036 2057 1094 diversitas.

479 1145 596 1201 Non
622 1143 763 1198 enim
787 1142 896 1211 jam
922 1140 1085 1194 dicit:
1111 1137 1228 1192 Fiat
1255 1136 1412 1189 homo
1435 1151 1450 1187 :
1473 1132 1567 1186 sed
1594 1130 1757 1200 quid?
1785 1127 2061 1181 Faciamus

480 1235 732 1288 hominem
761 1228 1038 1285 secundum
1079 1229 1348 1297 imaginem
1395 1231 1651 1284 nostram,
1696 1228 1745 1274 et
1786 1217 2060 1271 secundum

479 1322 876 1378 similitudinem.
907 1317 1044 1385 Quid
1075 1316 1172 1370 hoc
1199 1313 1357 1367 novi?
1386 1311 1509 1380 quid
1539 1309 1736 1362 insoliti
1755 1309 1780 1361 ἵ
1805 1308 2057 1374 Quisnam

479 1415 570 1468 ille
596 1414 682 1471 cui
711 1409 1055 1473 formandus,
1085 1407 1151 1461 ad
1179 1419 1336 1476 quem
1379 1401 1674 1456 iaciendum
1698 1399 1884 1468 Opiﬁci
1915 1406 2059 1451 tanto

481 1505 704 1559 consilio
731 1511 785 1557 et
806 1498 1281 1568 circumspectione
1301 1493 1472 1564 Opus?
1499 1492 1572 1546 Ne
1597 1491 1826 1556 mireris,
1847 1490 2056 1542 dilecte.

481 1595 653 1649 llomo
682 1593 824 1646 enim
868 1591 1005 1643 inter
1035 1587 1258 1642 visibilis
1299 1583 1474 1637 omnia
1502 1581 1756 1648 dignitate
1785 1578 2054 1647 prmcellit,

479 1693 698 1752 propter
723 1694 881 1749 quem
907 1676 1120 1731 condita
1147 1681 1271 1727 sunt
1295 1672 1410 1725 lucc
1434 1669 1632 1732 omnia,
1657 1667 1866 1730 carlum,
1896 1676 2056 1730 terra,

478 1787 643 1832 mare,
676 1769 778 1833 sol,
807 1768 953 1832 luna,
981 1765 1168 1829 stellzc,
1199 1761 1406 1832 reptilia
1428 1801 1443 1826 ,
1470 1761 1728 1830 jumenta,
1763 1759 2017 1828 brutaque
2039 1758 2056 1789 ⁸

476 1861 724 1913 animalia
752 1857 951 1910 omnia.

547 1949 652 2003 Car
693 1950 938 2001 elementa
977 1954 1092 1998 ante
1134 1944 1384 1996 hominem
1426 1949 1612 1994 creata.
1653 1969 1724 1980 —
1767 1939 1831 1994 Et
1872 1953 2056 2007 quare,

479 2042 531 2094 in
555 2041 707 2107 ;nirs.
733 2039 934 2092 tardius
962 2049 1171 2090 creatus
1191 2043 1272 2088 est
1298 2036 1479 2095 homo,
1505 2033 1548 2085 si
1575 2034 1781 2086 cu’teris
1807 2031 2060 2099 dignitate

479 2130 746 2200 prastat?
781 2130 984 2182 Merito.
1018 2125 1146 2179 Nam
1175 2134 1228 2176 ut
1259 2124 1562 2193 ingressuro
1593 2125 1641 2176 in
1673 2125 1935 2176 civitatem
1964 2124 2058 2176 ali-

475 2237 634 2290 quant
683 2234 838 2288 rege,
891 2232 1066 2286 opem
1115 2215 1340 2285 pretium
1388 2224 1470 2268 est
1518 2215 1761 2283 przemitti
1805 2215 2057 2269 satellites

477 2315 716 2380 aliosque
745 2323 933 2362 clunes
957 2347 972 2370 ,
999 2318 1060 2360 ut
1103 2306 1235 2358 bene
1276 2304 1528 2358 adornata
1573 2305 1713 2370 regia
1744 2319 1834 2357 rex
1864 2303 1912 2355 in
1940 2318 2056 2356 eam

475 2402 724 2455 adveniat
754 2417 766 2452 :
796 2398 955 2452 simili
991 2395 1148 2449 modo
1178 2409 1319 2447 nunc
1357 2395 1505 2462 quasi
1549 2407 1728 2462 regem
1768 2403 1821 2446 et
1864 2393 2059 2460 princi-

478 2507 598 2560 pctlt
627 2491 854 2558 aliquem
883 2487 1044 2541 rebus
1073 2485 1298 2538 terrenis
1339 2483 1682 2551 prtelecturus
1701 2521 1719 2546 ,
1765 2482 1912 2550 prius
1937 2497 2056 2534 om-

477 2598 602 2636 nem
643 2582 783 2634 hunc
813 2586 1054 2632 ornatum
1086 2574 1389 2637 fabrica-vit,
1434 2582 1490 2626 et
1533 2571 1741 2625 tandem
1770 2571 1835 2625 iis
1880 2572 2056 2640 prtuli-

475 2671 726 2726 ciendum
777 2668 1047 2721 hominem
1094 2664 1380 2733 produxit,
1424 2663 1699 2716 declarans
1747 2662 1898 2716 lactis
1943 2662 2057 2716 istis

385 2790 387 2793 ι
473 2770 674 2831 quanto
717 2760 919 2812 honore
960 2755 1156 2831 animal
1207 2754 1307 2807 hoc
1368 2764 1736 2831 promittatur.
1766 2753 2056 2831 timorum

483 2829 742 2891 racemus
762 2833 865 2886 hoc
883 2830 1287 2894 locoindaeum,
1308 2837 1359 2884 et
1381 2829 1665 2885 videamus
1683 2829 1818 2900 quid
1834 2842 2060 2897 respons

480 2920 629 2981 deat,
652 2919 716 2972 ad
741 2933 904 2988 quem
924 2918 1064 2972 dixit
1084 2918 1260 2975 Deus:
1288 2917 1576 2974 Faciamus
1597 2921 2059 2983 hominemsscun-

481 3014 609 3065 dum
635 3012 930 3076 imaqinem
961 3015 1238 3067 nostram?
1276 3011 1492 3083 Scripta
1529 3013 1675 3066 enim
1702 3023 1830 3068 sunt
1873 3015 1985 3067 haec
2026 3027 2060 3068 tt

481 3099 634 3156 Moss
653 3140 668 3163 ,
707 3100 796 3154 cui
814 3114 888 3156 .se
920 3098 1145 3156 credere
1173 3099 1368 3155 dicunt
1400 3099 1622 3169 quidem
1648 3141 1664 3164 ,
1691 3115 1800 3155 non
1828 3099 2061 3153 credunt

483 3201 666 3246 autem
691 3209 706 3250 ε
731 3193 876 3247 sicut
895 3199 950 3246 et
971 3191 1227 3249 Christus
1254 3193 1466 3261 inquit:
1495 3191 1556 3246 Si
1583 3192 1865 3252 crederetis
1895 3189 2058 3256 dlosi,

476 3284 964 3353 crateretisutigue
985 3293 1034 3336 et
1055 3283 1181 3336 mihi
1201 3282 1384 3354 (Joan.
1403 3283 1456 3336 δ.
1477 3283 1590 3351 ιθ).
1615 3283 1718 3338 Sed
1743 3283 2059 3351 litemquiv

481 3374 605 3433 dem
629 3373 769 3443 apud
795 3375 921 3438 illos
940 3383 1313 3439 sunt,sensus
1331 3389 1463 3430 vero
1490 3374 1634 3443 apud
1661 3376 1868 3430 nos.Ad
1893 3385 2055 3444 quem

478 3467 658 3535 igitur
694 3466 904 3520 dictum
935 3475 1039 3526 est,
1071 3465 1359 3523 Faciamus
1381 3467 1668 3532 hominem,
1697 3476 1753 3524 et
1786 3477 1914 3524 cum
1949 3480 2059 3537 quo

483 3560 778 3618 consilium
815 3560 918 3614 hoc
949 3560 1137 3617 habuit
1169 3560 1618 3616 Dominus‘lNou
1650 3560 1796 3630 quod
1825 3558 2058 3615 consilio

481 3663 540 3708 et
587 3655 1031 3710 consideratione
1071 3669 1212 3722 opus
1257 3655 1497 3721 habeat;
1531 3654 1706 3718 absit;
1744 3655 1842 3710 sed
1887 3654 2058 3726 ﬁgura

479 3746 776 3802 verborum
802 3746 1084 3800 declarare
1108 3747 1302 3811 voluit,
1321 3762 1484 3816 quam
1504 3748 1857 3801 excellentem
1887 3747 2059 3804 hono-

478 3851 597 3890 rem
632 3836 862 3898 homini,
892 3838 985 3905 qui
1019 3837 1384 3900 formabatur,
1413 3838 1639 3891 tribuat.
1660 3839 1802 3904 Quid
1822 3854 1951 3908 ergo
1975 3840 2059 3892 di-

480 3939 616 3983 cunt
641 3928 693 3981 hi
719 3930 811 3999 qui
839 3929 1018 3982 adhuc
1041 3929 1242 3984 habent
1278 3933 1526 3986 velamen
1558 3939 1717 4000 super
1755 3933 1920 3986 corda
1959 3947 2058 3988 sua

480 4019 760 4088 positum,
810 4028 866 4072 et
909 4018 1043 4071 nihil
1082 4034 1273 4073 eorum
1305 4036 1432 4088 quas
1463 4021 1552 4074 hic
1590 4029 1720 4076 sunt
1762 4029 2055 4084 contenta.

481 4111 788 4180 intelligere
835 4110 1063 4164 volunt?
1098 4111 1176 4164 Ad
1213 4112 1462 4181 angelum
1509 4114 1592 4168 vel
1643 4114 2055 4184 archangelum,

481 4203 759 4272 inquiunt,
777 4204 894 4257 haec
915 4204 1059 4257 dicta
1086 4213 1234 4259 Sunt.
1252 4205 1295 4258 0
1318 4207 1608 4271 insaniam,
1629 4221 1661 4260 ο
1687 4221 1934 4277 magnam
1957 4207 2060 4260 ἰηι-

482 4295 800 4363 pudentiam
827 4296 838 4347 l
869 4293 931 4346 Et
955 4295 1231 4363 quomodo
1253 4295 1454 4349 rationi
1477 4306 1908 4352 consentaneum
1949 4307 2056 4364 est,

483 4387 628 4442 bone
653 4387 758 4451 vir,
785 4397 842 4441 ut
863 4389 1037 4458 angeli
1061 4389 1350 4442 consilium
1375 4390 1563 4443 ineant
1585 4405 1708 4444 cum
1732 4390 1987 4458 Domino,
2005 4401 2060 4447 et

483 4490 754 4536 creatura:
787 4496 909 4536 cum
937 4481 1235 4538 Creatore?
1280 4482 1398 4538 Non
1429 4484 1574 4538 enim
1610 4492 1694 4539 cst
1739 4485 2059 4556 angelorum

481 4574 779 4627 consilium
802 4575 954 4638 dare,
979 4577 1072 4628 sed
1105 4577 1385 4640 assistere,
1410 4585 1467 4630 et
1489 4578 1855 4632 ministerium
1883 4578 2059 4632 adim-

484 4667 654 4733 plere.
679 4665 747 4720 Et
766 4677 824 4720 ut
846 4667 1182 4734 discas,audi
1207 4670 1611 4724 vocalissimum
1630 4671 1846 4726 Esaiam
1869 4673 2056 4728 dicen-

485 4768 594 4812 tem
618 4759 686 4813 de
706 4762 962 4828 supernis
985 4760 1245 4830 angelicis
1273 4761 1600 4816 virtutibus:
1631 4762 1752 4817 Vidi
1776 4764 2058 4820 Cherubim

485 4854 684 4905 stantia
703 4869 734 4904 a
753 4853 950 4906 dextris
974 4853 1090 4918 Dei,
1110 4866 1155 4907 et
1185 4853 1487 4920 Seraphim,
1504 4865 1552 4908 et
1571 4855 1872 4926 oblegebant
1891 4857 2057 4926 [acies

484 4943 738 5011 pedesque
758 4959 880 4996 suos
904 4945 1005 4996 alis
1029 4943 1186 5012 (lsai.
1209 4943 1261 4996 6.
1284 4945 1361 5015 Ξ).
1383 4945 1537 5011 Quod
1563 4946 1682 5001 ideo
1709 4948 1907 5002 factum
1934 4964 2057 5005 esse

486 5035 702 5100 liquet,
727 5034 854 5103 quia
880 5034 1062 5104 fulgur
1084 5037 1386 5107 majestatis
1408 5039 1605 5094 divina:
1631 5039 1754 5094 inde
1775 5040 2058 5109 egrediens

486 5128 630 5180 l'crre
650 5141 759 5180 non
778 5127 1122 5195 possent,sed
1143 5137 1351 5183 starent
1369 5144 1492 5184 cum
1514 5131 1709 5186 timore
1732 5139 1782 5185 ct
1798 5139 2059 5184 tremore.

485 5217 697 5270 Etenim
722 5219 1003 5272 creaturis
1027 5219 1304 5284 peculiare
1327 5228 1410 5275 est
1437 5219 1666 5275 Domino
1689 5221 1970 5277 assistere.

556 5293 609 5347 3.
639 5292 855 5345 Arianos
877 5301 925 5344 et
963 5290 1508 5361 Anthmpomorphitas
1545 5290 1814 5344 insectatur
1841 5289 2063 5360 Chryso-

486 5397 697 5439 stamus.
721 5415 790 5426 —
810 5384 1005 5438 Verum
1034 5385 1106 5438 illi
1134 5384 1263 5438 nihil
1291 5399 1474 5438 eorum
1503 5397 1619 5451 qum
1641 5381 1922 5451 Scriptum
1943 5397 2062 5436 vcr-

489 5478 572 5530 his
600 5475 938 5528 continentur
980 5473 1334 5542 intelligentes
1359 5514 1375 5538 ,
1422 5481 1624 5527 temere
1661 5471 1799 5540 quod
1831 5471 2063 5524 occurrit

484 5569 753 5624 ell‘ntiunt.
785 5567 850 5620 Et
881 5567 1002 5621 ideo
1033 5565 1270 5620 refutatis
1299 5565 1508 5618 illorum
1539 5563 1899 5617 deliramentis
1923 5603 1937 5627 ,
1975 5561 2053 5614 di-

553 5702 567 5730 ¹
607 5704 850 5757 ἰδυυδίδδη
876 5697 1082 5760 rcptilia,
1109 5709 1216 5760 qua:
1237 5701 1420 5751 natant.
1449 5693 1713 5760 brulaquc;
1737 5692 1946 5750 Coislin.,
1981 5706 2058 5744 rc-

485 5761 642 5824 ptilta,
668 5769 709 5811 ct
734 5752 1184 5824 qnmmduenturjet
1207 5769 1315 5822 qua:
1336 5759 1518 5813 natant,
1545 5752 1792 5817 lautaque,
1820 5763 1919 5803 etc.

2171 503 2380 548 ciorum
2407 493 2600 548 veritas
2620 492 2874 547 Ecclesia:
2895 491 3020 548 (iliis
3041 489 3290 546 discenda
3313 502 3408 547 est.
3441 491 3575 560 Quis
3600 497 3763 565 igitur

2168 581 2276 647 hic,
2303 583 2369 635 ad
2388 596 2546 653 quem
2573 581 2763 651 inquit,
2790 579 3065 634 Faciamus
3091 581 3343 634 hominem
3360 582 3388 634 .9
3413 581 3546 648 Quis
3573 593 3758 639 autem

2166 673 2301 726 alius
2325 715 2341 741 ,
2373 689 2528 743 quam
2559 673 2648 728 ille
2676 671 2854 743 magni
2877 673 3088 727 consilii
3110 674 3333 743 angelus
3354 712 3369 736 ,
3404 675 3492 730 ille
3516 675 3758 730 admira-

2166 762 2290 817 bilis
2313 763 2666 828 consiliarius,
2695 771 2906 833 potens,
2933 762 3179 832 princeps
3209 764 3372 832 pacis,
3404 774 3558 832 pater
3591 765 3757 821 futuri

2171 855 2349 909 saeculi
2383 854 2536 926 (Isai.
2560 855 2614 913 9.
2641 855 2722 926 ti),
2749 854 3054 926 unigenitus
3076 854 3169 910 Dei
3196 855 3381 922 Filius,
3411 856 3549 910 Patri
3576 871 3758 926 :cqttr

2169 943 2233 998 lis
2255 947 2548 1001 secundum
2578 946 2948 1014 substantiam,
2976 960 3073 1016 per
3101 960 3261 1015 quem
3292 948 3466 1000 omnia
3496 948 3758 1017 producia

2165 1037 2334 1092 sunt?
2371 1037 2505 1093 Huic
2528 1038 2659 1093 dicit
2685 1056 2699 1093 :
2727 1037 3006 1093 Faciamus
3031 1039 3283 1092 hominem
3306 1039 3584 1092 secundum
3624 1041 3759 1092 ima-

2164 1130 2332 1198 ginem
2355 1138 2596 1196 nostram,
2621 1139 2670 1184 et
2692 1131 2968 1185 secundum
2991 1129 3394 1185 similitudinem.
3424 1130 3521 1184 Hic
3541 1133 3759 1186 Arianis

2165 1222 2376 1277 letalem
2406 1223 2612 1292 plagam
2655 1221 2862 1292 inﬂigit.
2906 1221 3023 1277 Non
3065 1223 3210 1278 enim
3254 1222 3567 1294 imperando
3592 1223 3754 1289 dixit,

2167 1310 2290 1377 Fac,
2319 1321 2377 1367 ut
2399 1311 2612 1368 subdito
2640 1320 2692 1368 et
2721 1312 2961 1367 infcriori
2983 1353 2999 1379 ,
3033 1311 3114 1366 vel
3143 1321 3202 1366 ut
3230 1312 3424 1367 minori
3455 1312 3751 1369 secundum

2164 1403 2474 1465 essentiam,
2501 1401 2595 1457 sed
2618 1417 2739 1457 eum
2766 1401 3071 1458 omnimoda
3094 1402 3418 1472 aequalitate,
3445 1401 3754 1458 Faciamus:

2164 1502 2218 1548 et
2261 1492 2402 1561 quod
2453 1493 2694 1562 sequitur
2747 1506 2931 1547 rursus
2982 1491 3379 1547 similitudinem
3439 1492 3755 1546 substantia

2164 1581 2417 1636 ostendit.
2443 1579 2720 1634 Faciamus
2741 1582 2907 1647 enim,
2931 1582 3025 1648 ait,
3050 1581 3302 1634 hominem
3327 1583 3601 1635 secuttdum
3623 1585 3754 1635 ima-

2163 1670 2330 1741 ginem
2355 1681 2599 1734 nostram,
2634 1679 2678 1724 et
2703 1671 2978 1723 secundum
3005 1671 3409 1723 similitudinem.
3441 1671 3634 1725 lterum
3665 1673 3754 1727 hic

2164 1761 2444 1830 insurgunt
2473 1760 2708 1814 haeretici
2737 1760 2848 1826 alii,
2880 1759 3130 1814 Ecclesia:
3157 1760 3400 1828 dogmata
3429 1761 3752 1830 impugnan-

2164 1859 2244 1904 tes
2268 1891 2283 1916 ,
2312 1863 2365 1904 et
2392 1850 2577 1904 dicunt
2602 1868 2616 1904 :
2650 1844 2789 1904 Ecc'c
2832 1849 2999 1914 dicit,
3032 1848 3325 1904 Secundum
3354 1850 3623 1920 imaginem
3651 1867 3750 1924 no-

2163 1952 2320 1994 stram
2354 1956 2373 1995 :
2401 1951 2456 1996 et
2496 1941 2622 1996 inde
2667 1940 2850 1996 volunt
2895 1940 3004 1995 Deo
3051 1939 3332 1994 humanam
3380 1939 3600 1994 formam
3652 1943 3752 1996 tri-

2165 2032 2330 2088 buere
2363 2050 2376 2084 :
2405 2032 2462 2086 id
2488 2031 2629 2101 quod
2659 2041 2913 2086 extremm
2943 2029 3103 2085 fuerit
3144 2031 3420 2097 amentitc,
3457 2041 3512 2086 ut
3541 2035 3616 2095 is,
3658 2036 3752 2102 qui

2167 2123 2332 2176 forma
2365 2123 2650 2193 specieque
2693 2130 2877 2186 caret,
2924 2130 2978 2174 et
3007 2119 3137 2174 nulli
3183 2121 3458 2176 mutationi
3487 2122 3754 2178 obnoxius

2164 2222 2245 2265 est
2268 2253 2281 2277 ,
2312 2213 2413 2266 sub
2443 2211 2728 2266 humanam
2759 2211 3028 2280 redigatur
3057 2210 3282 2266 formam
3305 2251 3320 2277 ,
3354 2219 3407 2266 et
3435 2211 3755 2280 incorporeo

2165 2303 2403 2357 membra
2425 2311 2480 2358 et
2507 2303 2824 2358 lineamenta
2846 2302 3220 2356 attribuantur.
3243 2301 3373 2368 Qua:
3395 2301 3519 2357 huic
3544 2303 3752 2357 insania

2165 2409 2262 2461 par
2304 2394 2498 2458 fuerit,
2548 2407 2667 2446 cum
2708 2407 2814 2447 non
2857 2391 3028 2445 solum
3061 2391 3194 2445 nihil
3223 2391 3356 2447 lucri
3400 2407 3429 2445 a
3459 2391 3755 2462 Scripturis

2163 2482 2419 2537 divinitus
2465 2482 2744 2550 inspiratis.
2781 2479 3048 2546 referant,
3090 2479 3184 2535 sed
3227 2488 3281 2534 et
3309 2481 3593 2549 plurimum
3627 2482 3754 2537 inde

2163 2571 2547 2625 olfendantur?
2574 2571 2744 2627 Simili
2775 2571 2917 2625 enim
2951 2569 3110 2624 modo
3138 2569 3310 2624 allecti
3339 2581 3491 2637 sunt,
3522 2582 3681 2643 atque
3704 2575 3755 2628 si

2163 2663 2249 2730 qui
2279 2662 2465 2715 morbo
2494 2661 2768 2727 laborant,
2800 2668 2856 2716 et
2882 2659 3247 2728 corporalibus
3276 2662 3444 2716 oculis
3470 2662 3756 2718 inllrman-

2164 2761 2268 2807 tur.
2320 2752 2384 2808 Ut
2415 2753 2556 2806 enim
2604 2752 2677 2806 illi
2715 2752 2782 2806 ob
2827 2751 3102 2806 oculorum
3133 2765 3353 2806 suorum
3385 2752 3754 2810 inﬁrmitatem

2163 2844 2294 2899 solis
2319 2844 2490 2898 lucem
2518 2857 2658 2914 :cgre
2687 2842 2893 2910 ierunt,
2924 2850 2978 2898 et
3008 2843 3135 2913 :cgri
3159 2844 3322 2899 etiam
3352 2843 3583 2912 optimos
3609 2845 3757 2899 salu-

2163 2936 2526 3004 berrimosque
2555 2936 2701 2989 cibos
2721 2945 3040 2990 aversantur
3073 2953 3087 2989 :
3121 2934 3190 2989 ita
3215 2944 3270 2990 et
3296 2935 3348 2988 hi
3374 2937 3548 2990 anima
3578 2952 3754 3006 agro-

2163 3035 2373 3091 tantes,
2421 3034 2472 3078 ct
2513 3025 2706 3080 mentis
2744 3024 2915 3078 oculis
2956 3023 3134 3093 capti,
3181 3024 3248 3077 ad
3294 3024 3470 3078 lumen
3513 3026 3754 3082 veritatis

2163 3119 2429 3186 respicere
2469 3132 2573 3170 non
2604 3124 2845 3185 possunt.
2880 3115 3084 3172 Idcirco
3111 3115 3606 3186 nostrolungeutes
3633 3133 3758 3172 mu-

2163 3224 2314 3272 nere,
2346 3223 2538 3264 tmnus
2563 3209 2642 3264 eis
2668 3210 2999 3279 porrigamus
3019 3249 3034 3275 ,
3066 3224 3362 3279 magnaque
3389 3211 3470 3268 eis
3497 3227 3756 3270 mattsueo

2163 3299 2346 3355 tudine
2373 3300 2672 3368 loquamur.
2712 3299 2846 3355 Nam
2874 3310 2928 3357 et
2957 3300 3143 3354 beatus
3171 3300 3369 3357 Paulus
3401 3303 3475 3356 ita
3503 3316 3604 3360 nos
3629 3318 3755 3359 mo-

2163 3391 2276 3444 nuit
2298 3389 2484 3444 dicens
2506 3409 2519 3442 :
2549 3388 2690 3445 litin
2714 3389 3106 3446 mansuetudine
3130 3391 3426 3447 erudiuntur
3446 3394 3753 3460 aduentu-ii,

2165 3478 2208 3534 si
2238 3482 2368 3548 forte
2389 3479 2473 3532 det
2500 3480 2570 3534 eis
2600 3477 2738 3532 Deus
2765 3480 3113 3549 penitentiam
3153 3482 3206 3534 in
3233 3483 3541 3551 agnitionem
3569 3485 3753 3538 uerita-

2163 3568 2245 3632 tis.
2277 3577 2325 3623 et
2350 3569 2420 3623 ad
2445 3569 2760 3624 sobrietatem
2788 3571 2969 3624 mentis
2996 3570 3204 3626 redeant
3238 3572 3301 3626 de
3329 3573 3506 3642 (aqua
3533 3574 3748 3642 diaboli,

2163 3675 2194 3713 a
2221 3675 2319 3730 qua
2360 3661 2545 3730 captivi
2591 3669 2854 3724 tenentur,
2897 3660 2966 3713 ad
2993 3661 3132 3714 illius
3165 3661 3468 3715 uoluntatem
3497 3663 3514 3731 (
3532 3663 3584 3718 2.
3608 3663 3746 3718 Tim.

2161 3751 2215 3804 2.
2247 3751 2317 3805 25
2334 3751 2375 3822 ).
2409 3749 2568 3806 Vides
2595 3750 2868 3820 quomodo
2897 3749 3073 3806 verbis
3102 3750 3390 3805 declaravit
3414 3792 3428 3816 ,
3475 3768 3568 3806 eos
3596 3756 3750 3822 quasi

2165 3841 2420 3895 ebrietate
2466 3840 2712 3909 quapiam
2759 3839 2980 3894 obrutos
3024 3840 3193 3896 esse?
3238 3839 3370 3894 Nam
3415 3842 3555 3910 quod
3598 3843 3748 3908 dicit,

2166 3930 2246 3982 Ad
2275 3931 2587 3984 sobrietatem
2616 3929 2797 3983 mentis
2843 3930 3050 3984 redeant
3078 3971 3093 3994 ,
3125 3929 3359 3984 ostendit
3401 3945 3494 3985 eos
3535 3933 3587 3985 in
3620 3949 3746 4000 pro-

2165 4019 2332 4074 l‘undo
2359 4021 2537 4091 aliquo
2561 4037 2768 4077 mersos
2795 4036 2937 4077 esse.
2967 4021 3033 4076 Et
3061 4023 3252 4075 iterum
3278 4061 3292 4086 ,
3329 4023 3479 4092 Capti
3500 4065 3515 4085 ,
3554 4025 3747 4094 inquit,

2166 4125 2195 4164 a
2222 4110 2455 4176 diabolo,
2480 4111 2630 4181 quasi
2656 4111 2876 4175 diceret,
2907 4119 3172 4180 tamquam
3201 4111 3408 4180 laqueis
3429 4113 3748 4182 quibusdam

2165 4201 2356 4256 irretitl
2382 4209 2524 4256 sunt.
2559 4200 2710 4256 Unde
2733 4204 2792 4255 et
2831 4199 2984 4254 nobis
3011 4214 3198 4270 magna
3225 4215 3360 4270 opus
3385 4211 3466 4256 est
3496 4218 3748 4259 mansue-

2166 4292 2347 4346 tudine
2372 4299 2427 4346 et
2468 4291 2720 4361 patientia
2745 4332 2759 4355 ,
2791 4299 2849 4344 ut
2887 4291 3155 4360 possimus
3182 4306 3276 4346 eos
3300 4294 3506 4363 eripere
3535 4303 3590 4349 et
3614 4296 3750 4350 edn-

2165 4395 2381 4438 cereex
2412 4381 2613 4450 laqueis
2652 4380 2870 4435 diaboli.
2906 4380 3152 4435 Dicamus
3193 4382 3353 4451 igitur
3388 4385 3465 4438 cis
3494 4402 3506 4436 :
3541 4385 3751 4456 Resipi-

2165 4475 2296 4528 scite
2341 4472 2642 4542 paulisper,
2690 4472 2909 4541 aspicite
2957 4473 3134 4528 lumen
3173 4474 3432 4542 justitiaz,
3463 4477 3752 4545 expendite

2166 4565 2439 4620 vobiscum
2465 4564 2746 4619 verborum
2775 4565 3186 4618 accuratinnem.
3230 4565 3415 4634 Neque
3455 4569 3598 4622 enim
3624 4583 3749 4624 cum

2168 4655 2296 4709 dicit
2318 4671 2330 4706 :
2349 4653 2619 4707 Faciamus
2643 4654 2890 4705 hominem
2913 4654 3184 4707 secundum
3205 4655 3475 4724 imaginem
3497 4667 3748 4724 nostrain,

2168 4754 2214 4800 et
2243 4743 2518 4799 secundum
2547 4743 2964 4808 similitudinem,
3001 4743 3084 4798 hic
3111 4759 3414 4798 sermonem
3445 4745 3621 4810 sistit,
3653 4748 3752 4802 sed

2169 4853 2263 4907 per
2291 4851 2351 4890 ea
2396 4851 2512 4905 qua:
2553 4835 2791 4904 adengit
2833 4833 3004 4903 palam
3036 4834 3188 4888 nobis
3233 4835 3389 4896 facit,
3438 4852 3544 4905 quo
3587 4851 3752 4892 sensu

2169 4942 2361 4982 nomen
2395 4927 2638 4996 imaginis
2665 4925 2920 4995 posuerit.
2951 4924 3084 4992 Quid
3115 4924 3254 4977 enim
3296 4925 3461 4978 dicit?
3493 4925 3555 4978 Et
3585 4927 3753 4980 domi-

2173 5028 2355 5072 nentur
2383 5018 2598 5087 piscibus
2627 5017 2782 5069 maris
2806 5057 2821 5080 ,
2867 5024 2914 5066 et
2941 5014 3224 5067 volatilibus
3253 5015 3363 5069 caeli
3384 5057 3400 5081 ,
3446 5027 3491 5069 ct
3521 5019 3754 5073 omnibus

2168 5108 2429 5179 rcptilibus
2451 5107 2731 5176 repentibus
2755 5123 2904 5176 super
2931 5115 3134 5161 terram.
3164 5103 3441 5176 Imaginem
3469 5123 3596 5176 ergo
3619 5107 3753 5164 dixit

2169 5200 2460 5255 secundum
2495 5199 2846 5266 principatum
2877 5207 2930 5251 et
2958 5198 3248 5251 dominium
3276 5238 3291 5263 ,
3320 5213 3423 5251 non
3454 5199 3748 5256 secundum

2169 5293 2310 5347 aliud
2342 5292 2609 5362 quidpiam
2637 5311 2650 5345 :
2679 5290 2876 5345 etenim
2909 5290 3049 5344 Deus
3095 5289 3215 5342 fecit
3250 5289 3516 5344 hominem
3551 5293 3750 5358 princi~

2172 5400 2291 5455 pem
2321 5383 2555 5437 omnium
2585 5396 2702 5449 qua:
2732 5389 2857 5433 sunt
2884 5395 3044 5448 super
3076 5391 3270 5434 terram
3292 5420 3307 5446 ,
3349 5392 3400 5433 et
3432 5380 3560 5434 nihil
3590 5397 3754 5449 super

2170 5485 2368 5528 terram
2402 5472 2616 5526 homine
2646 5470 2818 5539 majus
2859 5480 2975 5535 est,
3021 5470 3113 5524 sed
3144 5470 3318 5524 uuiiiia
3349 5469 3448 5524 sub
3492 5481 3754 5539 petestate

2171 5564 2313 5617 illius
2338 5571 2478 5614 sunt.

2243 5655 2293 5706 4.
2336 5651 2487 5716 Quod
2537 5650 2579 5703 si
2631 5661 2748 5719 post
2796 5659 2993 5703 taulam
3045 5650 3305 5703 dictorum
3355 5650 3754 5705 accurationctn

2174 5743 2344 5798 adhuc
2375 5758 2435 5797 ea
2464 5741 2601 5798 dicta
2631 5757 2749 5799 csse
2793 5741 3118 5796 contendant
3163 5741 3227 5796 de
3272 5741 3457 5798 formae
3501 5740 3752 5811 imagine.
