4038 6382
254 333 323 389 1s
1322 320 1389 380 av
1427 322 1582 381 CAP.
1623 324 1665 382 ι.
1706 320 1958 382 ceses.
2001 315 2235 377 uouit.
2274 316 2410 375 vui.
3494 321 3567 382 ιη

252 447 494 501 dicemus
518 443 601 501 eis
629 461 642 499 :
687 442 849 513 Igitur
879 441 1024 496 Deus
1065 454 1174 495 non
1219 438 1392 493 solum
1437 438 1602 493 homo
1623 479 1640 504 ,
1671 434 1766 492 sed
1796 443 1853 491 et

255 536 450 591 tnulier
474 536 617 601 erit;
662 536 785 604 quia
813 530 1056 587 eamdem
1104 531 1329 584 formam
1362 540 1587 598 uterque
1632 528 1851 583 habent.

256 625 455 681 Verum
491 625 596 680 hoc
636 621 927 678 absurdum
967 629 1131 676 esset.
1163 618 1303 675 Audi
1347 620 1490 674 enim
1520 617 1743 673 Paulum
1770 616 1852 672 di-

242 725 507 771 centem:
544 713 635 769 Vir
676 714 810 769 enim
857 729 960 766 non
987 710 1131 764 debet
1174 710 1343 765 velare
1377 718 1566 780 caput,
1606 708 1778 778 imago
1805 714 1856 761 et

253 806 423 877 gloria
469 803 564 857 Dei
604 804 851 859 assistens
897 817 917 856 :
963 801 1145 855 mulier
1195 810 1367 855 autem
1427 798 1592 870 gloria
1636 797 1734 851 viri
1782 806 1856 850 est

256 897 354 966 (i.
387 893 508 948 Cor.
546 893 635 949 il.
678 894 769 961 7).
800 892 895 946 Vir
941 892 1086 947 enim
1132 892 1399 960 imperat,
1443 889 1636 944 mulier
1675 898 1858 943 autem

258 985 498 1055 subjecta
528 994 650 1039 est:
682 983 821 1039 sicut
849 992 905 1038 et
930 982 1071 1038 Deus
1116 980 1183 1036 ab
1229 980 1383 1035 initio
1408 979 1475 1033 ad
1518 994 1637 1033 eam
1681 978 1853 1033 dixit:

256 1078 341 1133 Ad
368 1078 534 1130 cirum
557 1084 702 1129 tuum
730 1075 990 1129 convenio
1018 1083 1103 1127 tua
1128 1115 1143 1139 ,
1184 1081 1234 1127 et
1257 1073 1368 1143 ipse
1394 1071 1484 1125 tibi
1511 1068 1860 1124 dominabitur

258 1167 414 1228 (Gen.
445 1168 498 1223 3.
528 1166 643 1237 i6).
670 1166 804 1235 Quia
829 1166 974 1222 enim
1002 1164 1296 1221 secundum
1327 1162 1592 1218 rationem
1635 1158 1859 1215 dominii

254 1258 325 1313 ad
354 1257 641 1329 imaginem
678 1257 849 1313 factus
879 1266 962 1313 est
982 1296 998 1324 ,
1028 1270 1135 1311 non
1166 1255 1234 1311 ad
1266 1258 1493 1310 formam
1513 1295 1528 1321 ,
1571 1254 1655 1308 vir
1677 1261 1858 1307 autem

259 1349 570 1403 dominatur
614 1349 904 1415 omnibus,
935 1348 1131 1403 mulier
1158 1361 1291 1402 vero
1332 1344 1574 1415 subjecta
1618 1352 1702 1399 est
1730 1361 1743 1398 :
1776 1342 1858 1398 id-

254 1440 406 1494 circo
432 1439 563 1494 dicit
600 1439 669 1494 de
694 1440 810 1493 viro
839 1438 1067 1503 Paulus,
1102 1437 1245 1508 quod
1271 1438 1447 1507 imago
1489 1445 1544 1490 ot
1569 1434 1735 1506 gloria
1766 1432 1862 1489 Dei

259 1530 372 1596 sit,
404 1530 601 1585 mulier
626 1539 803 1585 autem
842 1531 1012 1601 gloria
1041 1529 1161 1583 viri.
1201 1527 1357 1595 Quod
1403 1527 1451 1582 si
1480 1526 1549 1583 de
1579 1528 1748 1581 forma
1778 1524 1863 1579 vel

262 1622 434 1694 figura
483 1622 744 1688 dixisset,
794 1638 901 1677 non
946 1622 1131 1692 utique
1176 1636 1238 1677 ea
1287 1620 1561 1676 divisisset
1606 1636 1622 1671 :
1672 1617 1863 1673 eadem

258 1715 407 1770 enim
440 1715 604 1786 figura
633 1724 717 1770 est
742 1713 841 1769 viri
870 1722 925 1769 et
964 1713 1229 1769 mulieris.
1261 1711 1451 1767 Vidisti
1484 1711 1696 1782 plenam
1727 1710 1866 1766 veri-

262 1806 475 1862 tatem?
521 1806 793 1877 quomodo
823 1806 1027 1861 nullum
1062 1803 1393 1859 defensionis
1419 1812 1741 1873 praetextum
1778 1816 1867 1856 re-

264 1900 460 1971 linquit
504 1900 570 1954 iis
596 1901 689 1971 qui
737 1900 935 1955 frustra
978 1897 1318 1968 impudentes
1360 1910 1483 1952 esse
1508 1893 1739 1950 volunt?
1767 1892 1869 1949 Ve-

263 1998 570 2047 rumtamen
600 1990 763 2047 etiam
795 1990 901 2045 illis
928 1990 1001 2045 ita
1030 2002 1090 2045 se
1116 1988 1435 2047 habentibus
1455 2027 1469 2052 ,
1496 2002 1567 2043 ne
1591 1998 1868 2041 cessemus

268 2098 463 2153 magm
489 2097 612 2139 cum
642 2082 864 2138 leuitate
891 2097 1014 2137 cum
1045 2081 1177 2152 ipsis
1204 2094 1386 2152 agere,
1415 2078 1479 2135 Si
1502 2084 1635 2151 {orte
1654 2078 1737 2133 det
1763 2076 1870 2131 illis

269 2173 412 2229 Deus
444 2174 787 2241 penitentiam
817 2173 888 2227 ad
910 2174 1221 2245 agnitionem
1264 2171 1490 2226 ueritatis
1520 2168 1614 2242 (3.
1645 2167 1780 2226 Tim.
1810 2168 1867 2224 9..

265 2264 339 2321 25
363 2268 406 2335 ).
436 2264 516 2321 Ne
542 2279 674 2337 ergo
692 2273 1084 2335 torpescamus,
1112 2263 1159 2319 si
1185 2277 1295 2333 quo
1320 2270 1481 2333 pacto
1509 2276 1606 2333 per
1628 2274 1873 2317 mansue-

274 2356 479 2412 tudinis
506 2356 744 2411 studium
773 2354 1043 2426 possimus
1081 2355 1229 2426 ipsos
1255 2354 1468 2425 eripere
1495 2368 1529 2409 a
1552 2352 1874 2423 deceptione

268 2446 509 2514 diaboli;
537 2455 613 2512 et,
639 2447 684 2503 si
711 2446 910 2518 placet,
938 2444 1271 2502 adducamus
1293 2445 1489 2501 iterum
1521 2444 1627 2501 illis
1653 2443 1874 2500 beatum

271 2538 521 2606 Paulum,
544 2539 638 2609 qui
660 2537 1080 2595 Atheniensibus
1105 2538 1185 2593 sic
1208 2535 1462 2595 diccbat:
1489 2535 1613 2593 Non
1638 2535 1875 2591 debemus

270 2627 566 2684 existimare
594 2645 723 2684 euro
742 2669 759 2696 ,
787 2629 866 2685 uel
890 2637 1099 2701 argento
1121 2669 1137 2693 ,
1168 2629 1248 2683 uel
1272 2628 1467 2699 lapidi,
1496 2626 1576 2683 uel
1602 2628 1878 2699 sculptura

274 2722 404 2775 artis
432 2720 513 2776 uel
540 2720 842 2776 inuentionis
886 2720 1106 2775 hominis
1132 2716 1341 2775 Numen
1385 2734 1494 2775 esse
1519 2718 1685 2773 simile
1718 2718 1873 2789 (Act.

270 2811 368 2869 17.
406 2809 543 2883 29).
590 2810 783 2867 Vidisti
831 2820 1031 2882 quanta
1076 2808 1350 2881 diligentia
1394 2824 1612 2866 omnem
1662 2808 1876 2863 illorum

273 2917 517 2960 errorem
560 2902 780 2975 sapiens
820 2900 1078 2973 magister
1116 2900 1515 2973 amputaverlt?
1555 2900 1674 2956 Non
1705 2899 1876 2956 solum

275 2992 423 3050 enim
470 3008 505 3051 a
546 2993 815 3064 corporali
859 3000 988 3063 typo
1029 2991 1264 3049 alienum
1316 2991 1447 3047 dicit
1486 2990 1695 3046 Numen
1720 3033 1737 3058 ,
1783 2990 1879 3046 sed

276 3098 459 3154 neque
486 3082 816 3155 quid-simile
846 3096 1005 3154 posse
1034 3082 1269 3137 humana
1310 3081 1634 3151 cogitatione
1674 3080 1877 3151 efﬁngi.

276 3173 407 3232 lianc
433 3174 662 3232 subinde
702 3174 811 3230 illis
848 3173 1091 3229 dicentes
1112 3212 1130 3238 ,
1164 3170 1300 3227 nihil
1326 3170 1470 3243 quod
1490 3185 1665 3243 penes
1691 3186 1788 3228 vos
1812 3172 1881 3227 sit

280 3263 526 3338 proferre
570 3262 961 3329 intermittatis,
1009 3262 1056 3318 si
1101 3262 1239 3319 forte
1278 3261 1505 3328 cedant,
1549 3261 1596 3317 si
1640 3260 1775 3316 forte
1813 3260 1881 3316 ad

279 3356 564 3411 veritatem
592 3354 864 3425 respicere
892 3353 1080 3410 velint.
1108 3352 1378 3408 Caeterum
1421 3361 1480 3407 ut
1517 3352 1587 3408 ab
1616 3350 1882 3409 benevola

282 3448 499 3505 illorum
543 3446 898 3503 instructione
928 3446 1082 3503 vobis
1110 3443 1480 3502 desistendum
1509 3459 1617 3501 non
1660 3454 1776 3512 est,
1810 3445 1883 3501 ita

282 3554 417 3607 oro,
460 3547 517 3594 ut
558 3539 807 3611 dogmata
853 3536 1216 3595 ecclesiastica
1263 3536 1434 3607 probe
1476 3536 1703 3593 teneatis
1726 3578 1741 3603 ,
1775 3552 1884 3592 non

281 3629 676 3687 confundentes
714 3630 980 3686 dictorum
1007 3630 1446 3701 consequentiam
1466 3671 1483 3694 ,
1511 3629 1607 3685 sed
1636 3644 1759 3684 cum
1789 3629 1887 3684 ,Ια-

284 3724 419 3781 dans
447 3733 506 3779 ut
532 3732 746 3795 oportet
773 3722 1042 3795 disputate
1061 3762 1077 3787 ,
1117 3736 1182 3777 ac
1205 3721 1601 3787 demonstrate,
1636 3720 1753 3777 hare
1778 3736 1886 3777 non

285 3830 406 3871 osse
433 3814 577 3871 dicta
602 3817 854 3885 cuiquam
874 3830 942 3871 ex
966 3813 1298 3869 administris
1320 3810 1623 3878 virtutibus,
1646 3811 1742 3867 sed
1770 3812 1887 3866 uni-

283 3908 465 3978 genito
492 3907 588 3964 Dei
633 3907 809 3974 Filio;
858 3905 1075 3962 Arionis
1112 3918 1326 3977 quoque
1371 3903 1497 3959 hinc
1540 3919 1723 3975 parem
1765 3903 1888 3959 Filii

284 4016 407 4055 eum
438 4000 598 4056 Patre
625 3999 938 4071 dignitatem
975 3998 1243 4064 indicate;
1276 3996 1373 4052 sed
1399 4005 1454 4053 et
1481 3998 1546 4053 iis
1574 3997 1666 4067 qui
1686 3996 1887 4051 huma-

289 4108 411 4146 nam
444 4092 667 4146 formam
689 4090 938 4146 Numinis
965 4090 1346 4161 imaginantur,
1370 4088 1543 4143 allatis
1569 4089 1621 4142 in
1653 4087 1889 4142 medium

290 4182 357 4237 iis
380 4198 500 4252 qua:
531 4198 559 4235 a
590 4182 745 4237 beato
774 4181 939 4237 Paulo
981 4190 1106 4237 sunt
1133 4180 1306 4246 dicta,
1338 4179 1556 4235 evellite
1587 4195 1681 4249 per
1708 4179 1893 4235 Eccle-

290 4274 384 4328 sia:
427 4273 679 4344 dogmata
722 4274 1055 4344 perniciosos
1093 4272 1312 4327 morbos
1354 4272 1523 4327 instar
1564 4272 1890 4327 zizaniorum

291 4365 649 4438 pullulantes,
693 4380 1019 4437 operamque
1062 4364 1184 4420 date
1223 4372 1281 4419 ut
1321 4364 1405 4435 pia
1445 4364 1687 4419 doctrina
1728 4364 1782 4419 in
1814 4364 1894 4420 eis

293 4457 566 4527 plantetur
589 4466 642 4512 et
672 4457 975 4513 roboretur.
1008 4456 1143 4512 Volo
1181 4457 1326 4513 enim
1348 4497 1364 4523 ,
1395 4464 1451 4512 et
1492 4470 1682 4527 precor
1706 4472 1894 4512 omnes

293 4561 389 4603 vos
414 4548 468 4602 in
495 4547 776 4603 doctorum
799 4548 989 4604 ordine
1012 4564 1132 4604 esse
1158 4566 1171 4603 :
1200 4558 1255 4604 et
1282 4564 1392 4603 non
1418 4549 1592 4604 solum
1621 4549 1895 4607 auditores

295 4649 607 4694 nostrorum
645 4653 766 4693 esse
811 4653 1159 4703 sermonum,
1201 4638 1297 4693 sed
1342 4649 1397 4694 et
1440 4639 1560 4695 aliis
1592 4639 1893 4694 doctrinam

296 4738 535 4784 nostram
570 4728 791 4799 afl'crre,
826 4731 1129 4800 piscarique
1154 4741 1396 4787 errantes
1420 4772 1436 4797 ,
1472 4741 1528 4785 ut
1555 4732 1607 4786 in
1636 4732 1775 4785 viam
1804 4746 1895 4787 re-

297 4821 462 4875 deant
491 4822 753 4886 veritatis,
788 4821 929 4875 sicut
953 4831 1008 4877 et
1036 4822 1232 4878 Paulus
1264 4823 1436 4893 inquit
1468 4840 1480 4875 :
1510 4822 1653 4878 Unus
1679 4824 1898 4878 alterunt

297 4913 514 4981 nidi/ica
544 4912 621 4984 (Ι.
648 4911 824 4967 Thess.
850 4913 904 4967 5.
934 4914 994 4969 11
1025 4914 1041 4981 )
1067 4931 1080 4974 ;
1116 4922 1190 4975 et,
1232 4912 1359 4969 Cum
1405 4916 1585 4967 timore
1610 4924 1656 4968 et
1684 4925 1901 4969 tremore

299 5003 515 5058 salutem
543 5012 762 5057 vestram
781 5003 1062 5073 operemini
1085 5002 1349 5073 (Philipp.
1375 5004 1431 5058 '2.
1464 5004 1576 5076 ii).
1602 5005 1693 5059 Sic
1714 5004 1901 5059 Eccle-

298 5095 375 5150 sia
404 5095 561 5150 nobis
586 5094 925 5150 multitudine
952 5096 1251 5165 augebitur,
1276 5105 1332 5151 et
1351 5110 1447 5150 vos
1468 5098 1684 5152 uberius
1712 5113 1903 5167 snper-

298 5204 364 5243 na
394 5189 645 5243 fruemini
677 5189 845 5260 gratia
870 5225 887 5257 ,
917 5204 1163 5259 magnam
1208 5190 1572 5245 membrorum
1596 5199 1899 5247 vestrorum

301 5296 486 5336 curam
518 5279 799 5336 habentes.

373 5374 429 5428 5.
469 5370 657 5443 Neque
710 5374 855 5426 enim
899 5372 1039 5427 Deus
1081 5372 1195 5427 vult
1223 5381 1285 5427 ut
1329 5371 1666 5430 Christianus
1723 5377 1904 5448 seipso

301 5471 509 5517 tantum
535 5470 821 5518 contentus
850 5463 940 5528 sit,
966 5464 1062 5520 sed
1104 5472 1163 5519 ut
1207 5464 1345 5520 alios
1389 5466 1618 5521 aedificet
1657 5481 1763 5523 non
1811 5482 1906 5539 per

302 5555 603 5610 doctrinam
631 5555 829 5623 solum,
860 5555 957 5610 sed
985 5565 1042 5611 et
1083 5572 1179 5626 per
1219 5558 1405 5627 vitam,
1439 5569 1493 5615 ct
1517 5561 1766 5617 versandi
1814 5578 1904 5617 ra—

302 5645 527 5700 tionem.
557 5646 699 5702 Nihil
735 5648 882 5702 enim
923 5647 1001 5703 sic
1043 5647 1096 5703 in
1139 5650 1383 5706 veritatis
1417 5652 1560 5707 viam
1586 5654 1820 5719 inducit,
1850 5664 1908 5710 ut

302 5737 581 5809 integritas
610 5740 731 5797 vita:
762 5756 779 5798 :
807 5754 932 5796 nam
962 5755 1135 5812 neque
1175 5751 1283 5798 tam
1308 5757 1374 5801 ea
1399 5744 1745 5807 considerant
1782 5768 1906 5826 qua:

1968 450 1998 489 a
2028 434 2183 489 nobis
2203 433 2477 501 dicuntur,
2518 447 2680 504 quam
2710 448 2830 505 qua:
2868 448 2899 489 a
2939 435 3094 490 nobis
3129 446 3377 508 aguntur.
3410 438 3479 496 Et
3510 452 3572 496 ut

1962 525 2104 580 scias
2133 540 2248 581 rem
2278 524 2350 580 ita
2378 538 2439 581 se
2464 524 2666 583 habere
2712 527 2881 599 (licet
2910 529 3210 584 sexcenties
3240 529 3421 587 verbis
3447 542 3570 586 tan-

1963 625 2075 671 tum
2110 616 2575 688 philosophemur,
2603 628 2659 676 et
2682 619 2751 675 de
2776 618 3092 691 injuriarum
3110 622 3379 680 ob'ivione
3394 624 3567 680 disse-

1961 720 2251 771 ramus,ac
2270 721 2392 762 cum
2427 716 2637 780 tempus
2683 708 2935 777 adfuerit,
2989 726 3108 766 eam
3156 714 3409 781 operibus
3460 731 3567 771 non

1962 797 2420 865 demonstremus,
2449 815 2557 855 non
2585 809 2792 857 tantum
2833 801 3131 871 proderunt
3171 805 3332 860 verba
3355 846 3369 871 ,
3399 820 3572 877 quan-

1965 896 2078 942 tum
2106 887 2379 944 nocebunt
2402 904 2595 959 opera;
2622 890 2705 945 sin
2738 902 2863 947 ante
2904 901 2959 947 et
2988 902 3108 961 post
3147 896 3311 951 verba
3345 910 3571 970 operum

1962 981 2236 1050 specimen
2268 981 2692 1049 exhibuerimns,
2728 982 2833 1039 tide
2865 984 3013 1054 digni
3051 984 3424 1053 habebiniur‘,
3449 1004 3570 1046 eum

1962 1072 2373 1128 admonebimus
2392 1073 2527 1129 alios
2546 1072 2615 1129 de
2646 1074 2711 1130 iis
2737 1090 2857 1145 quae
2876 1090 2972 1144 per
2999 1090 3164 1147 opera
3191 1078 3573 1147 adimplemus,

1964 1163 2088 1233 quia
2119 1174 2175 1219 et
2198 1162 2445 1220 Christus
2464 1165 2771 1235 hujusmodi
2802 1166 3048 1221 homines
3089 1167 3277 1223 beatos
3291 1170 3460 1237 dixit,
3498 1171 3577 1225 in-

1964 1254 2157 1323 quiens
2189 1252 2411 1311 :Beatus
2429 1258 2517 1327 qui
2541 1258 2735 1327 fecerit.
2770 1267 2818 1312 et
2845 1259 3072 1314 docuerit
3094 1258 3310 1331 (Matth.
3338 1262 3394 1317 5.
3429 1264 3495 1319 i9
3519 1269 3533 1332 )
3557 1283 3576 1321 :

1965 1345 2090 1400 vide
2137 1346 2409 1415 quomodo
2439 1362 2579 1418 opus
2610 1350 2998 1418 praeposuerit,
3030 1361 3085 1405 et
3130 1360 3316 1421 postea
3357 1354 3565 1411 doctri-

1970 1450 2116 1491 nam.
2150 1438 2362 1492 Atenim
2404 1440 2743 1509 prmeaiente
2768 1456 2955 1510 opere,
2985 1442 3193 1497 etiamsi
3240 1459 3346 1500 non
3374 1460 3575 1515 sequa-

1972 1536 2057 1582 tur
2080 1527 2344 1595 doctrina,
2377 1528 2655 1585 sul‘ﬁciunt
2677 1545 2841 1601 opera
2888 1532 3002 1601 ipsa
3043 1532 3215 1603 magis
3261 1549 3423 1605 quam
3468 1536 3574 1590 ulta

1970 1632 2073 1671 vox
2102 1617 2169 1673 ad
2198 1618 2499 1673 docendum
2526 1634 2623 1675 eos
2644 1621 2735 1691 qui
2769 1621 2822 1675 in
2851 1637 2951 1676 nos
2972 1623 3284 1695 respiciunt.

2044 1706 2262 1763 loralis
2285 1710 2573 1764 exhortatio
2596 1711 2667 1764 ad
2690 1726 2862 1766 verum
2872 1712 3152 1783 jejunium.
3184 1744 3257 1756 -—
3287 1715 3400 1771 Hoc
3417 1716 3581 1789 igitur

1972 1797 2174 1869 ubique
2201 1799 2574 1869 observemus,
2598 1810 2658 1856 ut
2682 1803 2832 1873 prius
2858 1804 3118 1873 operibus
3152 1806 3447 1863 doceamus
3471 1848 3487 1873 ,
3524 1818 3580 1863 et

1974 1898 2160 1961 postea
2200 1893 2542 1949 sermonibus
2576 1911 2590 1949 :
2622 1902 2680 1949 ut
2706 1910 2777 1950 ne
2801 1902 2858 1952 et
2886 1911 2986 1952 nus
3014 1896 3300 1953 audiamus
3339 1913 3371 1953 a
3424 1899 3583 1956 beato

1973 1981 2145 2038 Paulo
2177 2003 2191 2038 :
2219 1980 2302 2039 Tu
2325 1984 2416 2055 qui
2439 1985 2589 2044 doces
2616 1984 2801 2055 alium,
2819 1987 3051 2061 gteipsutn
3079 2006 3184 2045 non
3207 1991 3359 2047 doces
3387 1991 3579 2066 (Rom.

1973 2073 2029 2128 Ξ.
2057 2074 2191 2145 ειη
2218 2074 2432 2131 Etcum
2461 2077 2711 2134 volumus
2733 2077 3031 2137 admonere
3078 2080 3265 2148 alium,
3294 2092 3355 2139 ut
3382 2084 3585 2156 aliquid

1974 2180 2043 2222 ex
2070 2167 2135 2223 iis
2149 2183 2272 2238 qua:
2300 2170 2609 2225 necessaria
2658 2180 2787 2229 sunt
2838 2170 3063 2240 eiiiciat,
3097 2172 3247 2243 prius
3272 2173 3591 2234 studeamus

1976 2258 2720 2333 etnoshocipsumagere,
2755 2263 3053 2333 quonobis
3089 2273 3147 2320 et
3197 2264 3470 2336 majorsit
3501 2266 3587 2325 io-

1977 2350 2178 2421 quendi
2207 2366 2271 2408 ac
2295 2350 2526 2408 docendi
2547 2352 2766 2421 fiducia,
2796 2362 2855 2409 et
2895 2355 3076 2410 omnis
3115 2363 3301 2410 nostra
3345 2371 3477 2417 cura
3518 2358 3592 2418 sit

1978 2441 2049 2497 de
2072 2442 2377 2499 animarum
2403 2443 2579 2501 salute
2595 2485 2612 2511 ,
2642 2452 2698 2501 et
2723 2444 2997 2516 quomodo
3016 2447 3315 2517 poterimus
3343 2446 3594 2508 lascivias

1979 2534 2162 2590 carnis
2190 2534 2497 2604 refrenare,
2550 2546 2610 2591 ut
2654 2549 2845 2593 verum
2883 2536 3238 2595 exhibeamus
3282 2538 3593 2613 jejunium;

1976 2623 2245 2694 jejunium
2280 2634 2464 2683 autem
2511 2626 2657 2694 dico,
2690 2626 3074 2684 abstinentiam
3112 2643 3143 2682 a
3190 2628 3356 2690 vitiis.
3382 2629 3594 2686 Etenim

1981 2715 2308 2772 abstinentia
2333 2730 2365 2772 a
2385 2716 2524 2774 cibis
2549 2726 2771 2788 propter
2800 2717 2904 2774 hoc
2930 2730 3153 2791 recepta
3178 2728 3263 2776 est
3280 2761 3298 2790 ,
3342 2728 3403 2777 ut
3437 2720 3591 2793 vigo-

1982 2822 2100 2863 rem
2123 2808 2305 2864 carnis
2328 2809 2605 2877 refrenet,
2632 2818 2689 2866 et
2712 2823 2911 2881 equum
2939 2810 3169 2867 docilem
3200 2811 3411 2869 reddat.
3442 2812 3596 2891 lein.

1985 2907 2206 2954 mntem
2236 2907 2363 2954 ante
2384 2899 2567 2956 omnia
2592 2908 2808 2970 oportet
2835 2900 2971 2955 iram
3000 2899 3216 2957 frenare
3242 2942 3259 2971 ,
3286 2914 3597 2965 mansuetu-

1984 2987 2167 3045 dinem
2196 2996 2253 3046 α
2281 2988 2558 3045 lenitatem
2580 2988 2885 3057 addiscere,
2908 3004 3007 3045 cor
3032 2989 3235 3048 habere
3269 2993 3599 3064 contritum,

1985 3077 2251 3135 alisurdas
2270 3078 2741 3150 concupiscentia
2765 3080 3072 3151 repellere.
3100 3092 3229 3139 ante
3254 3084 3443 3139 oculos
3460 3099 3595 3140 con-

1989 3169 2142 3226 tinuo
2172 3170 2375 3228 habere
2398 3172 2616 3230 oculum
2656 3172 2808 3228 illum
2846 3187 3142 3245 numquam
3190 3173 3595 3251 dormitantem,

1987 3271 2045 3318 et
2070 3262 2303 3319 tribunal
2351 3263 2484 3321 illud
2536 3264 2946 3337 incorruptum;
2996 3267 3240 3337 pecuniis
3259 3268 3599 3340 superiorem

1989 3368 2135 3419 esse,
2164 3354 2551 3430 liberalemque
2592 3355 2884 3413 admodum
2919 3357 2973 3413 in
3004 3357 3182 3415 danda
3229 3359 3599 3429 eieemosvna.

1992 3446 2286 3517 nequitiam
2313 3462 2531 3504 omnem
2550 3448 2813 3505 adversus
2839 3451 3141 3521 proximum
3180 3467 3247 3508 ex
3297 3455 3481 3512 animo
3504 3457 3604 3513 eii-

1993 3538 2222 3592 minare.
2252 3536 2367 3592 Hoc
2399 3553 2586 3593 verum
2625 3539 2890 3609 jejunium
2919 3549 3037 3610 est,
3083 3542 3224 3599 sicut
3253 3553 3308 3599 et
3343 3544 3507 3604 isaias
3534 3562 3605 3605 ex

1993 3642 2225 3697 persona
2255 3627 2351 3683 Dei
2371 3628 2622 3698 loquens,
2651 3629 2823 3685 dicit:
2862 3630 2983 3685 Non
3011 3633 3107 3687 hoc
3144 3634 3405 3704 jejunium
3449 3637 3601 3708 elegi,

1993 3718 2118 3771 dicit
2148 3715 2421 3773 Dominus.
2467 3716 2594 3775 Non
2631 3720 2678 3774 si
2716 3729 2953 3791 torqueas
2984 3732 3040 3776 ut
3065 3724 3317 3779 circulum
3362 3728 3605 3785 cervicem

1995 3819 2156 3878 tuam,
2179 3820 2226 3866 et
2246 3826 2452 3866 saccum
2476 3821 2524 3867 et
2551 3814 2771 3870 cinerem
2795 3815 3087 3872 substernas
3108 3857 3125 3885 ,
3178 3834 3343 3889 neque
3359 3821 3433 3878 sic
3457 3837 3607 3877 νοω·
3718 3845 3725 3850 ·

1996 3902 2112 3955 bilis
2130 3902 2389 3973 jejunium
2416 3913 2701 3973 acceptum,
2732 3905 2858 3960 dicit
2878 3905 3132 3963 Dominus
3159 3908 3179 3982 (
3202 3908 3331 3965 lani.
3377 3911 3466 3969 58.
3494 3913 3528 3968 5
3556 3913 3600 3983 ).

1994 3991 2127 4059 Sed,
2144 3993 2339 4064 quale?
2364 3993 2473 4050 dic.
2501 3994 2677 4065 Solve,
2700 3996 2894 4068 inquit,
2913 3999 3245 4070 obligationes
3273 4004 3607 4061 violentorum

1998 4093 2375 4156 contractarum,
2430 4090 2613 4160 frange
2642 4091 2885 4145 esurienti
2922 4109 3105 4162 panem
3134 4103 3297 4160 tuum,
3332 4114 3607 4169 pauperem

1998 4180 2187 4248 absque
2214 4189 2341 4235 tecto
2358 4182 2513 4236 induc
2539 4183 2593 4236 in
2614 4184 2822 4238 domum
2849 4196 3008 4240 tuam.
3055 4187 3122 4243 Et
3150 4192 3195 4243 si
3226 4190 3342 4246 hinc
3380 4192 3570 4249 feceris
3589 4236 3605 4261 ,

2000 4271 2194 4340 inquit,
2226 4270 2368 4327 Tunc
2387 4284 2617 4345 erumpet
2642 4278 2892 4332 matutina
2920 4277 3013 4333 lux
3041 4290 3151 4348 tua,
3173 4290 3219 4338 ct
3244 4285 3489 4339 sanitates
3512 4299 3613 4341 tua:

2000 4365 2168 4420 statim
2191 4366 2539 4437 orienturUb.
2568 4384 2616 4421 υ.
2646 4368 2806 4439 6-8.)

2073 4458 2129 4515 6.
2170 4458 2385 4527 Vidisti,
2421 4462 2637 4529 dilecte,
2675 4462 2835 4534 quale
2862 4464 2933 4521 sit
2959 4479 3144 4520 verum
3166 4466 3465 4535 jejunium?
3500 4470 3612 4527 lloc

2002 4565 2371 4620 exerceamus,
2400 4561 2454 4607 et
2480 4568 2587 4608 non
2621 4564 2679 4609 ut
2718 4555 2962 4627 plerique
2991 4558 3364 4615 existimemus
3399 4561 3611 4618 deliniri

2004 4644 2059 4698 in
2086 4644 2189 4699 hoc
2200 4644 2487 4715 jejunium,
2512 4647 2556 4700 si
2583 4645 2651 4701 ad
2672 4662 2951 4717 vesperam
2975 4664 3144 4721 usque
3189 4651 3447 4721 impransi
3496 4671 3609 4709 uia-

2006 4751 2249 4792 neamus.
2278 4735 2396 4792 Non
2418 4736 2520 4792 hoc
2544 4747 2629 4793 est
2650 4738 2791 4809 quod
2808 4740 3086 4811 quaeritur,
3113 4744 3207 4799 sed
3233 4752 3293 4799 ut
3312 4760 3433 4800 cum
3460 4745 3611 4800 cibo-

2007 4842 2127 4883 rum
2154 4828 2482 4885 abstinentia
2510 4837 2567 4883 et
2611 4844 2642 4883 a
2663 4832 2879 4886 caeteris
2908 4830 3244 4889 abstineatur
3269 4850 3389 4906 quae
3418 4850 3612 4891 noccro

2008 4935 2253 4991 possunt,
2281 4930 2337 4978 et
2360 4923 2718 4994 spiritualium
2748 4938 2973 4995 operum
3000 4940 3249 4997 magnam
3290 4943 3477 4984 curam
3515 4930 3581 4983 ha
3600 4960 3613 4971 -

2006 5013 2250 5069 beamus.
2278 5012 2619 5085 Jejunantem
2644 5031 2766 5073 esse
2785 5026 2997 5087 oportet
3018 5018 3331 5085 demissum,
3346 5023 3584 5093 quietum
3598 5064 3615 5089 ,

2009 5108 2216 5173 mitem,
2238 5107 2518 5175 humilem,
2568 5109 2755 5180 gloria:
2807 5110 2965 5181 hujus
2996 5112 3118 5167 vita:
3158 5125 3607 5187 contemptorem.

2009 5197 2147 5255 Nam
2174 5200 2311 5255 sicut
2330 5201 2525 5256 anima:
2550 5218 2663 5257 sua:
2691 5218 2876 5258 curam
2898 5203 3181 5274 despexit,
3209 5206 3281 5262 ita
3311 5218 3368 5264 et
3396 5210 3610 5265 inanem

2011 5291 2236 5361 gloriam
2256 5290 2537 5363 despicere
2590 5302 2827 5365 oportet,
2876 5304 2933 5351 et
2982 5297 3048 5351 ad
3094 5298 3242 5353 illum
3294 5300 3469 5355 solum
3524 5317 3614 5371 qui

2012 5392 2282 5439 scrutatur
2305 5384 2469 5441 corda
2496 5394 2553 5442 et
2596 5400 2755 5443 renes
2784 5386 2807 5461 (
2836 5385 2987 5443 Psal.
3027 5388 3083 5443 7.
3114 5390 3181 5445 l0
3213 5391 3232 5461 )
3262 5432 3279 5458 ,
3319 5390 3610 5461 respicere,

2014 5491 2319 5548 magnoque
2369 5477 2551 5533 studio
2597 5492 2788 5549 preces
2843 5486 2897 5534 et
2946 5478 3319 5537 confessiones
3364 5482 3620 5539 emittere

2017 5570 2151 5639 Deo,
2174 5579 2231 5626 et
2258 5570 2725 5645 eieemosynarum
2756 5572 2959 5629 auxilio
2984 5588 3083 5645 pro
3126 5573 3332 5631 viribus
3375 5576 3613 5647 seipsum

2021 5757 2033 5768 .
2085 5698 2265 5771 ι.
2287 5696 2872 5771 ﬁde-digitihabebintur,
2895 5703 3161 5771 ᾲειρπιστοι
3184 5706 3407 5771 inaudita,
3430 5710 3613 5763 desunt

2021 5760 2071 5809 in
2102 5760 2297 5823 NonL,
2317 5762 2404 5811 sed
2433 5760 2485 5812 in
2508 5760 2623 5815 aliis
2642 5760 2873 5815 omnibus
2897 5765 3162 5818 habentur.
