4038 6380
510 369 574 423 75
1244 360 1303 418 S.
1342 355 1615 415 JOANNIS
1641 347 2076 412 ειηιγεοετοιι

2196 344 2465 404 RCIIIEP.
2504 348 3036 408 CONSTAN’I‘INOP.
3720 356 3789 413 76

496 476 847 547 juvareJloc
873 477 1035 541 enim,
1098 474 1198 529 hoc
1237 471 1542 528 mandatum
1587 469 1816 524 maxime
1858 465 1998 518 valet
2018 461 2084 516 ad

508 569 768 627 abolenda
796 577 1009 640 peccata
1033 575 1213 624 nostra
1251 563 1453 625 omnia,
1475 572 1529 617 et
1549 561 1617 616 ad
1657 557 1964 632 eripiendos
1988 569 2086 609 nos

509 681 578 719 ex
601 664 860 732 gehennm
907 660 1027 731 igne
1057 657 1097 724 ‘,
1127 656 1286 714 modo
1310 656 1481 725 ipsum
1524 652 1845 713 liberaliter,
1888 655 1940 704 et
1977 661 2086 701 non

511 753 578 808 ad
629 749 1037 808 ostentationem
1079 745 1355 802 hominum
1422 757 1796 813 exsequamur.
1845 739 1910 794 Et
1961 735 2088 808 quid

510 843 654 910 dico,
687 857 791 898 non
817 840 883 896 ad
921 837 1374 896 ostentationem?
1399 835 1530 892 Nam
1567 835 1612 890 si
1655 843 1801 888 recte
1825 831 2081 900 sapimus,

511 936 581 1000 oh
604 935 706 990 hoc
734 933 906 988 solum
929 930 1070 1002 quod
1099 930 1237 984 bona
1285 943 1374 984 res
1423 927 1526 990 sit.
1553 937 1608 981 et
1632 925 1702 980 ob
1743 923 2085 978 commisera-

508 1011 709 1080 tionem
736 1023 790 1077 in
820 1023 1108 1093 proximos,
1138 1021 1390 1075 virtutem
1433 1017 1570 1082 hanc
1592 1030 1843 1072 exercere
1872 1022 2087 1082 oporte—

510 1101 608 1180 bit,
642 1131 747 1170 non
775 1114 846 1169 oh
891 1111 1180 1181 promissas
1219 1125 1250 1164 a
1293 1109 1517 1180 Domino
1556 1105 1852 1165 mercedes.
1885 1104 2081 1159 Verum

502 1205 723 1280 quando
747 1207 812 1262 ad
836 1205 972 1260 nihil
1011 1203 1238 1259 sublime
1265 1209 1497 1257 mentem
1527 1198 1774 1254 attollere
1804 1197 2040 1255 valemus
2061 1235 2079 1263 ,

505 1298 590 1351 vel
616 1296 687 1351 ob
703 1293 834 1350 illud
861 1295 1036 1364 ipsum
1063 1291 1276 1363 benigni
1301 1292 1488 1355 simus,
1523 1289 1719 1344 nullam
1758 1287 1827 1342 ab
1851 1287 2083 1342 homini-

401 1399 411 1408 '
503 1387 603 1442 bns
631 1393 886 1442 venantes
906 1383 1154 1454 gloriam,
1183 1392 1240 1437 ut
1260 1397 1330 1438 ne
1350 1388 1665 1450 etsumptns
1695 1379 1980 1446 faciamus,
2027 1385 2084 1433 et

429 1478 431 1480 ’
497 1477 752 1548 mercede
799 1478 999 1548 pariter
1030 1476 1324 1546 privemur.
1383 1473 1438 1528 ld
1485 1472 1628 1544 quod
1674 1488 1779 1528 non
1822 1472 1996 1526 solum
2026 1470 2079 1526 in

505 1547 870 1640 eleemosyna,
897 1567 994 1626 sed
1019 1567 1072 1621 in
1099 1580 1422 1634 unoquoque
1461 1563 1601 1620 bono
1625 1579 1789 1634 opere
1816 1562 2078 1632 spirituali

503 1658 912 1727 attendendum,
928 1657 1140 1734 utgnihil
1184 1657 1253 1712 ad
1279 1655 1554 1715 hominum
1595 1655 1860 1725 praeconia
1911 1652 2082 1722 respi-

499 1752 704 1806 cientes
747 1749 1004 1810 faciamus
1035 1765 1050 1802 :
1077 1747 1312 1818 alioquin
1343 1746 1492 1802 nulla
1518 1745 1671 1801 nobis
1708 1746 1908 1800 utilitas
1955 1745 2077 1810 erit,

499 1832 612 1897 sive
627 1841 953 1914 jejuncmus,
981 1839 1093 1893 sive
1121 1852 1419 1906 precemur,-
1442 1837 1555 1892 sive
1573 1836 1941 1900 misereantur,
1965 1837 2081 1892 sive

501 1924 728 2002 quodvis
773 1929 914 1984 aliud
963 1927 1261 1994 faciamus,
1309 1926 1411 1982 nisi
1457 1937 1676 1998 propter
1713 1926 1864 1983 illum
1904 1927 2079 1986 Solum

504 2011 652 2093 liant,
682 2021 941 2092 quinovit
976 2028 1039 2082 et
1083 2019 1416 2083 abscondita,
1466 2029 1522 2080 et
1563 2034 1683 2090 qum
1723 2019 1777 2074 in
1815 2018 2080 2089 profundo

502 2111 698 2166 mentis
726 2119 848 2165 sunt
876 2109 1171 2170 recondita.
1201 2107 1332 2166 Nam
1353 2109 1397 2164 si
1427 2109 1496 2164 ab
1522 2108 1618 2176 illo
1648 2111 1863 2178 putentia
1882 2124 2078 2179 exspe-

499 2198 632 2260 ctas.
664 2199 878 2258 dilecte.
905 2201 1058 2268 cujus
1095 2199 1265 2268 gratia
1293 2198 1363 2252 ab
1391 2197 1481 2252 illo
1517 2199 1607 2268 qui
1637 2207 1821 2252 natura
1869 2199 1964 2257 tibi
1988 2213 2081 2253 co-

497 2300 688 2364 gnatus
713 2299 822 2356 est,
845 2290 1048 2348 laudari
1088 2290 1207 2344 vis?
1235 2290 1375 2360 Quid
1402 2291 1524 2346 dico
1561 2291 1805 2350 laudari!
1850 2306 1995 2361 saepe
2033 2293 2079 2347 is

502 2380 840 2442 nonlaudat.
867 2379 962 2436 sed
987 2389 1043 2436 et
1072 2380 1289 2439 invidet.
1314 2381 1448 2438 Sunt
1473 2382 1616 2438 enim
1649 2382 1800 2438 multi
1847 2383 1917 2437 ita
1940 2385 2079 2439 male

498 2466 779 2538 a'l'fecti,.ut
808 2481 862 2531 et
880 2488 942 2532 ea
970 2488 1090 2548 qua:
1111 2474 1246 2530 bene
1265 2488 1295 2528 a
1321 2475 1478 2529 nobis
1497 2483 1754 2544 aguntur.
1785 2475 1839 2530 in
1863 2483 2077 2535 contra»

498 2563 646 2625 iiqu
669 2565 1099 2633 interpretentur.
1130 2563 1294 2636 Citius
1319 2566 1679 2636 igitungrau'a.
1700 2567 1809 2634 die,
1824 2567 2077 2633 obsecro,

497 2661 808 2723 perversum
839 2654 940 2710 hoc
947 2655 1213 2729 judicium
1241 2657 1376 2712 tanti
1403 2655 1568 2712 facis?
1616 2656 2078 2727 lnmpitum-enim

495 2755 552 2799 et
575 2756 835 2815 perpetuo
861 2747 1075 2822 vigilem
1103 2747 1249 2809 illum
1279 2749 1494 2807 oculum
1525 2749 1659 2803 nihil.
1682 2765 1868 2806 eorum
1898 2764 2079 2820 quia

498 2835 654 2897 nomn
681 2835 813 2899 ﬁunt
833 2838 1012 2897 latere
1040 2846 1249 2908 potest,
1281 2845 1338 2894 et
1367 2848 1578 2909 oportet
1620 2839 1730 2896 hoc
1759 2840 2078 2911 imitantes,

498 2930 647 2982 tanto
682 2927 860 2989 studio
893 2927 1318 2986 vitamnostram
1363 2929 1667 2993 instituere,
1693 2929 1914 2998 perinde
1939 2945 2003 2988 ac
2031 2931 2077 2984 si

498 3016 780 3088 pantopost
801 3013 1136 3092 deomnibus
1164 3018 1340 3072 verbis
1369 3026 1424 3073 et
1452 3019 1700 3087 operibus
1723 3028 1780 3074 et
1804 3021 2077 3090 cogitatio-

501 3109 659 3164 nibus
683 3110 947 3172 rationem
976 3109 1234 3170 reddituri
1279 3123 1539 3176 essemus.
1587 3108 1666 3164 Ne
1707 3111 1863 3179 igitur
1891 3111 2077 3165 salutis

498 3212 700 3254 nomne
723 3206 1121 3266 contemptores
1150 3196 1356 3256 .simus.
1403 3197 1546 3261 Nihil
1587 3199 1738 3256 enirn
1772 3199 1952 3256 virtuti
1984 3216 2078 3270 par

496 3298 601 3354 est,
651 3290 948 3354 carissime,
974 3304 1092 3354 qua
1124 3303 1223 3343 nos
1256 3297 1312 3344 et
1347 3289 1406 3343 in
1428 3287 1614 3344 futuro
1661 3293 1856 3345 saeculo
1899 3307 1930 3347 e
1983 3307 2076 3362 ge-

499 3381 670 3432 henna
696 3379 874 3447 eripit,
907 3385 959 3432 et
985 3392 1151 3448 regno
1192 3379 1447 3434 malorum
1479 3382 1633 3436 nobis
1663 3379 1764 3435 frui
1806 3384 2072 3449 concedit,

494 3465 550 3521 et
593 3469 643 3520 in
689 3469 938 3538 pra-senti
981 3482 1194 3538 quoque
1230 3469 1427 3527 sarculo
1471 3465 1721 3526 omnibus
1772 3473 2075 3542 superiores

499 3557 797 3623 constituit,
821 3557 912 3628 qui
955 3557 1109 3612 nobis
1142 3557 1261 3612 sine
1283 3547 1462 3613 causa
1505 3559 1854 3626 insidiantur,
1885 3570 1941 3616 et
1968 3578 2075 3618 non

497 3648 801 3702 hominibus
828 3649 1021 3716 solum,
1050 3647 1144 3702 sed
1170 3649 1331 3703 etiam
1358 3649 1761 3706 daemonibus-et
1785 3653 1900 3722 ipso
1930 3653 2074 3708 salu-

498 3739 566 3792 tis
597 3746 790 3791 nostra:
816 3738 1028 3792 inimico
1049 3737 1259 3792 diabolo
1279 3737 1528 3795 fortiores
1556 3741 1736 3806 efficit.
1758 3743 1894 3808 Quid
1917 3744 2075 3811 igitur

497 3829 574 3883 illi
599 3845 692 3898 par
717 3827 895 3894 fuerit,
925 3845 1042 3899 qua:
1069 3845 1175 3884 non
1216 3831 1386 3885 solum
1431 3833 1735 3890 hominibus
1783 3836 2074 3892 insidianti-

497 3921 617 3987 bus,
649 3920 742 3974 sed
765 3927 820 3976 et
858 3919 1196 3977 daemonibus
1221 3925 1524 3993 superiores
1557 3927 1639 3981 sui
1670 3928 1937 3983 studiosos
1965 3928 2076 3985 effi-

493 4012 604 4068 cit?
631 4012 806 4066 Virtus
834 4021 1010 4067 autem
1036 4021 1143 4080 est,
1167 4012 1393 4068 humana
1427 4017 1604 4070 omnia
1646 4017 1924 4087 despicere
1944 4062 1958 4086 ,
1987 4019 2074 4075 fu-

494 4111 612 4161 tura
638 4101 862 4172 singulis
892 4101 1040 4156 boris
1085 4105 1320 4172 cogitare
1346 4147 1361 4170 ,
1391 4107 1555 4161 nullis
1587 4111 1944 4175 prmscntibus
1986 4111 2069 4166 in-

497 4192 649 4246 hiare
694 4210 707 4244 :
751 4191 846 4246 sed
889 4193 1028 4248 scire
1075 4194 1254 4248 omnia
1303 4195 1529 4250 humana
1574 4199 1814 4253 umbram
1855 4216 1974 4256 esse
2019 4212 2075 4258 et

493 4283 784 4348 somnium,
811 4289 862 4336 et
892 4283 936 4336 si
967 4282 1093 4352 quid
1126 4283 1208 4337 his
1236 4285 1409 4340 vilius.
1446 4286 1623 4341 Virtus
1670 4298 1785 4353 est,
1832 4307 1957 4362 erga
1987 4310 2072 4348 ne—

490 4373 635 4442 gotia
661 4373 819 4442 hujus
846 4374 965 4427 vita:
993 4389 1098 4428 non
1127 4378 1296 4446 magis
1321 4377 1480 4443 afﬁci,
1510 4395 1666 4449 quam
1706 4383 1934 4439 cadaver
1961 4385 2072 4440 affi-

490 4463 656 4527 citur,
679 4473 732 4518 et
755 4464 821 4518 ad
842 4479 904 4518 ea
931 4480 1048 4534 qum
1087 4467 1277 4522 animm
1309 4469 1533 4524 salutem
1585 4471 1904 4531 labefactare
1944 4492 2068 4546 pos-

491 4564 640 4622 sunt,
668 4554 820 4624 quasi
849 4569 1137 4622 mortuum,
1166 4557 1234 4610 ita
1257 4562 1583 4628 operationis
1611 4575 1883 4633 expertem
1911 4584 2061 4638 esse,

499 4644 674 4698 vivere
699 4655 875 4698 autem
904 4654 957 4699 et
974 4648 1183 4716 operari
1209 4658 1408 4703 tantum
1433 4653 1570 4706 circa
1597 4657 1907 4725 spiritualia,
1933 4661 2070 4718 sicut

491 4744 543 4787 et
576 4734 767 4788 Paulus
793 4735 1006 4790 dicebat
1035 4755 1048 4790 :
1094 4736 1212 4791 Vivo
1233 4750 1418 4803 autem,
1439 4743 1552 4813 jam
1576 4761 1675 4800 non
1696 4765 1804 4817 ego,
1835 4751 1924 4804 sed
1953 4754 2065 4808 vivit

487 4827 547 4881 in
571 4842 649 4878 me
676 4824 899 4881 Christus
925 4829 942 4897 (
975 4828 1093 4882 Gal.
1116 4830 1169 4883 2.
1197 4831 1267 4884 20
1288 4831 1331 4900 ).
1359 4833 1609 4903 Proinde,
1634 4838 1986 4909 dilectissimi,
2013 4855 2061 4900 et

497 4932 594 4972 nos
643 4927 908 4987 tamquam
959 4919 1226 4976 Christum
1267 4925 1433 4980 induti
1480 4931 1659 4985 omnia
1699 4932 1984 5004 faciamus,
2014 4948 2069 4993 et

482 5022 599 5064 non
623 5012 995 5068 contriStemus
1023 5014 1276 5085 Spiritum
1325 5031 1586 5077 sanctum.
1639 5026 1860 5093 Quando
1909 5031 2067 5100 igitur

483 5102 774 5157 turbamur
802 5120 830 5158 a
852 5109 1301 5177 concupiscentia,
1349 5114 1430 5168 vel
1475 5116 1756 5175 affectione
1796 5123 2061 5192 absurda,

494 5197 580 5253 vel
601 5199 696 5263 ira,
729 5201 811 5255 vel
843 5202 1040 5271 furore,
1072 5206 1154 5259 vel
1207 5208 1430 5275 invidia,
1466 5214 1761 5282 cogitemus
1802 5234 1923 5273 eum
1972 5221 2061 5290 qni

489 5288 544 5344 in
573 5289 726 5344 nobis
751 5290 971 5356 habitat,
1003 5303 1055 5348 et
1078 5299 1403 5367 espellamus
1429 5306 1612 5372 procul
1653 5321 1863 5364 omnem
1902 5288 2058 5366 talem

487 5381 885 5449 cogitationem.
923 5383 1279 5443 Ret-creamur
1303 5393 1628 5450 eminentem
1660 5398 1750 5453 Dei
1799 5405 2019 5470 gratiam
2041 5447 2057 5473 ,

490 5484 644 5535 quam
677 5472 828 5526 nobis
856 5473 1075 5543 largitus
1102 5487 1200 5541 est,
1223 5490 1276 5534 et
1305 5482 1636 5543 refrenemus
1666 5505 1853 5546 omnes
1881 5472 2059 5552 carnis

484 5560 810 5626 affectiones,
845 5573 918 5629 ut,
949 5582 1068 5622 cum
1110 5569 1341 5641 legitime
1385 5577 1437 5631 in
1479 5578 1622 5634 brevi
1662 5581 1760 5637 hac
1804 5595 1856 5639 et
1887 5585 2058 5657 fragilt

548 5718 562 5748 ι
591 5714 805 5790 βοίδια,
831 5733 893 5773 ea:
913 5725 1020 5787 igne
1037 5728 1433 5796 ittexstinguibili,
1467 5751 1571 5803 pro,
1595 5754 1659 5793 ex
1681 5745 1908 5808 gehennae
1929 5750 2037 5814 igne

2197 462 2302 514 vita
2331 464 2733 530 certaret-imus,
2762 477 2992 522 coronas
3036 462 3153 519 illas
3181 465 3405 522 exinnas
3432 477 3787 538 assequamur

2194 553 2247 606 in
2275 550 2451 605 futuro
2476 551 2561 606 die
2583 554 2695 620 illo,
2725 553 2949 608 terribili
2978 553 3190 625 quidem
3219 557 3610 626 peccatoribus,
3639 559 3782 614 desi-

2193 641 2617 699 derabiliautcm
2670 645 2868 700 virtute
2920 645 3142 712 indutis,
3163 656 3228 702 et
3256 662 3558 703 mereamur
3599 649 3785 704 ineﬂ’ao

2194 731 2319 788 b'lia
2352 734 2440 789 illa
2467 734 2640 800 bona,
2669 736 2839 805 gratia
2891 745 2947 790 et
2993 737 3316 808 benignitate
3361 738 3573 793 Domini
3615 740 3783 794 nostri

2190 825 2319 884 Jesu
2341 827 2560 894 Christi,
2592 843 2712 884 cum
2743 842 2848 897 quo
2873 828 2941 883 sit
2972 828 3112 883 Patri
3128 836 3191 885 et
3205 829 3422 898 Spiritui
3450 841 3642 886 sancto
3668 832 3786 901 glo-

2192 917 2293 983 n'a,
2327 918 2630 988 imperium,
2654 923 2846 987 honor,
2875 931 3015 976 nunc
3044 932 3332 993 etsempcr
3357 961 3375 990 ,
3415 929 3474 978 et
3499 924 3558 978 in
3582 925 3782 981 mula

2191 1008 2539 1065 saeculorum.
2567 1005 2763 1067 Ambo.

2768 1118 3044 1178 ΒΟΜΙΗΔ
3086 1121 3178 1180 IX.

2191 1226 2274 1284 De
2290 1229 2355 1284 iis
2381 1245 2496 1301 qua
2528 1242 2804 1302 aquantur
2837 1234 2945 1289 Ιιωο
2984 1235 3154 1302 mia,
3183 1236 3465 1294 Faciamus
3505 1239 3780 1298 hominem

2259 1321 2554 1376 secundum
2588 1323 2872 1393 imaginem
2901 1334 3142 1381 nostram
3175 1345 3192 1382 :
3218 1338 3266 1382 cl
3294 1331 3538 1386 adversus
3578 1349 3664 1387 eos
3693 1333 3784 1401 qui

2259 1413 2452 1479 dicunt,
2489 1413 2593 1468 Cur
2613 1415 2782 1470 bestia:
2803 1417 2955 1486 facit:
2978 1427 3117 1486 sunt,
3140 1428 3188 1473 et
3214 1421 3325 1490 quis
3353 1439 3473 1477 usus
3510 1426 3782 1479 creationis

2257 1507 2471 1559 earum?
2493 1505 2563 1559 Et
2587 1507 2726 1578 quod
2744 1509 2823 1563 vel
2851 1509 2926 1564 sic
2947 1511 3169 1566 maxime
3191 1513 3474 1568 dedantur
3493 1515 3660 1570 honor
3687 1518 3781 1571 lio-

2257 1596 2385 1649 nam
2409 1596 2629 1668 habitas,
2655 1608 2816 1674 atque
2841 1599 3115 1680 inelabilis
3154 1602 3254 1658 Dei
3281 1623 3400 1677 erga
3426 1606 3595 1678 ipsum
3623 1608 3777 1665 bene-

2255 1686 2492 1741 volentia.

2258 1799 2311 1854 1.
2353 1797 2616 1870 Agricolae
2663 1802 3045 1872 studiosiores,
3075 1820 3200 1866 cum
3244 1808 3438 1880 pingue
3467 1809 3700 1868 viderint
3722 1823 3782 1871 et

2187 1890 2508 1961 profundum
2524 1908 2734 1961 arvum,
2756 1895 2974 1966 largiter
2986 1899 3190 1954 semina
3206 1912 3481 1972 spargunt,
3501 1918 3781 1976 magnam-

2183 1997 2289 2052 que
2313 1991 2367 2037 et
2389 1984 2660 2040 assiduam
2683 1986 3009 2057 diligentiam
3035 1990 3372 2057 adhibentes,
3405 1997 3648 2064 quotidie
3683 2013 3781 2054 ex-

2187 2073 2417 2142 plorant,
2449 2091 2577 2130 num
2606 2076 2742 2132 forte
2765 2078 2958 2134 alicubi
2982 2080 3071 2148 sit,
3095 2082 3236 2150 quod
3257 2086 3423 2154 segeti
3473 2102 3691 2154 nocere,
3721 2099 3779 2145 et

2185 2163 2421 2220 laborem
2460 2180 2618 2235 quem
2649 2180 2998 2239 susceperunt
3029 2171 3270 2228 inutilem
3317 2177 3487 2245 possit
3526 2178 3772 2236 reddere.

2166 2251 2355 2308 Simili
2383 2255 2543 2310 modo
2562 2266 2618 2310 et
2648 2272 2745 2313 tios
2765 2260 3040 2328 spirituale
3066 2261 3391 2320 desiderium
3423 2277 3660 2323 vestrum
3680 2311 3696 2336 ,
3719 2278 3781 2325 et

2185 2333 2372 2419 ingens
2395 2342 2642 2404 audiendi
2663 2350 2895 2407 studium
2926 2352 3188 2422 videntes,
3218 2371 3436 2425 operam
3482 2333 3690 2416 damus
3713 2373 3778 2418 ut

2185 2438 2421 2509 quotidie
2445 2443 2737 2496 sententias
2756 2443 3018 2514 quasdam
3039 2444 3233 2501 divinae
3266 2447 3558 2518 Scriptum
3578 2463 3779 2508 vestra

2185 2529 2353 2587 menti
2394 2529 2692 2597 inseramus
2710 2572 2732 2601 ,
2758 2532 3016 2612 vobisque
3044 2535 3206 2590 etiam
3238 2537 3537 2602 indicemus
3566 2556 3628 2596 ea
3651 2558 3779 2612 qua

2183 2615 2442 2686 spirituali
2469 2615 2657 2676 semini
2685 2608 2841 2678 noxia
2871 2637 2989 2678 esse
3015 2636 3256 2693 possunt,
3287 2643 3356 2684 ne
3381 2628 3518 2686 forte
3543 2632 3778 2692 circum-

2183 2704 2487 2778 veniamini,
2519 2729 2653 2770 neve
2680 2722 2807 2770 sana
2829 2716 3084 2775 doctrinm
3103 2719 3347 2790 dogmata
3370 2722 3776 2787 labefactentur

2186 2817 2282 2869 per
2327 2807 2678 2874 quorumdam
2725 2821 2995 2876 conatum,
3031 2814 3122 2882 qui
3165 2814 3778 2889 Ecclesiarplacitorum

2183 2891 2300 2947 loco
2327 2894 2586 2950 ratiocinii
2609 2899 2690 2952 sui
2712 2895 2959 2976 ﬁgmenta
2983 2902 3234 2962 inducere
3260 2914 3489 2976 tentant.
3522 2909 3778 2976 Vestram

2183 2993 2362 3039 autem
2387 2986 2570 3060 fuerit,
2595 2989 2836 3060 deposita
2878 2996 3103 3063 posthac
3145 2998 3432 3069 diligenter
3466 3017 3780 3064 mare.“

2184 3075 2338 3131 firma
2385 3084 2643 3135 memoria
2689 3085 2979 3150 custodire,
3033 3099 3091 3142 ut
3132 3089 3338 3148 facilius
3387 3101 3453 3150 et‘
3493 3100 3777 3168 sequentia

2183 3173 2437 3256 consequi
2473 3172 2711 3240 possitis.
2763 3175 2896 3230 Nam
2953 3178 3056 3234 nisi
3103 3197 3244 3238 nunc
3295 3185 3363 3240 ad
3421 3187 3779 3256 profundiors

2184 3255 2579 3326 Scripturarum
2601 3277 2758 3318 sensa
2789 3279 2888 3321 nos
2913 3266 3372 3340 descenderimus,
3400 3255 3455 3335 et
3485 3293 3579 3334 vos
3611 3296 3766 3336 men-

2183 3355 2289 3402 tem
2313 3359 2541 3405 vestram
2559 3357 2953 3431 coaptaveritis,
2981 3361 3194 3430 quando
3212 3364 3402 3434 jejunii
3425 3377 3637 3440 tempus
3660 3382 3768 3438 est,

2181 3439 2394 3508 quando
2415 3442 2481 3496 ad
2509 3444 2799 3501 natandum
2820 3450 3058 3505 membra
3085 3464 3268 3510 nostra
3299 3439 3590 3525 suntlev’ia,
3617 3479 3775 3518 men-

2181 3530 2250 3582 tis
2275 3539 2452 3586 autem
2479 3534 2660 3589 oculus
2684 3537 3107 3611 acutior,utpote
3127 3560 3232 3599 non
3258 3549 3776 3611 turbatusdamnoso

2181 3624 2470 3692 voluptatis
2500 3626 2645 3682 ﬂuxu
2671 3647 2684 3695 ;
2715 3632 2937 3700 spiritus
2956 3651 3190 3707 quoque,
3221 3654 3291 3696 ne
3316 3641 3605 3699 suifocetur
3623 3687 3639 3712 ,
3665 3663 3770 3701 ex-

2182 3715 2411 3783 pcditior
2470 3735 2483 3772 :
2543 3721 2883 3790 quandonam
2943 3729 3224 3784 commode
3301 3734 3593 3800 poterimus
3650 3735 3771 3793 lucc

2181 3807 2394 3863 facere?
2415 3825 2541 3864 num
2564 3812 2778 3882 quando
2798 3813 3002 3872 delicia:
3018 3858 3033 3881 ,
3079 3827 3136 3874 et
3178 3820 3410 3878 ebrietas
3431 3865 3446 3890 ,
3474 3827 3767 3893 voracitas,

2181 3901 2420 3967 crapula,
2444 3911 2497 3956 et
2524 3903 2626 3959 alia
2667 3920 2786 3975 quze
2827 3907 2950 3962 inde
2979 3923 3271 3966 nascnntur
3311 3915 3447 3970 mala
3492 3929 3718 3988 regnant
3744 3921 3770 3975 τ

2181 3987 2296 4042 Non
2334 3992 2540 4059 videtis,
2588 4011 2681 4051 eos
2723 3998 2810 4067 qui
2853 3999 2950 4054 hos
2976 4002 3241 4070 pretiosos
3279 4005 3483 4074 lapides
3522 3987 3586 4063 es
3631 4011 3770 4066 mari

2181 4081 2411 4138 educere
2436 4098 2700 4154 quaarunt,
2735 4107 2841 4146 non
2862 4093 3052 4148 sedere
3087 4095 3235 4163 juxta
3267 4098 3412 4154 littus
3443 4102 3637 4170 maris,
3667 4102 3770 4158 ﬂu-

2181 4183 2298 4228 ctus
2326 4188 2701 4245 numerantes;
2727 4182 2820 4236 sed
2841 4183 2893 4237 in
2913 4185 3235 4253 profundum
3275 4203 3334 4244 se
3376 4190 3679 4261 demittere,
3712 4207 3771 4253 et

2181 4275 2239 4318 ut
2256 4267 2323 4318 ita
2349 4267 2547 4336 dicam,
2575 4273 2724 4340 quasi
2747 4274 2798 4327 in
2818 4275 2959 4344 ipsos
2975 4277 3125 4332 sinus
3147 4279 3324 4349 abyssi
3351 4281 3764 4353 descendentes,

2178 4359 2390 4427 assequi
2436 4361 2579 4428 quod
2633 4372 2774 4418 tanta
2829 4381 2991 4434 opera
3039 4371 3364 4440 exquirunt?
3431 4376 3766 4448 Quamquam

2177 4449 2302 4516 quid
2331 4466 2536 4519 magna:
2561 4453 2802 4511 utilitatis
2830 4459 2949 4513 vitae
2978 4458 3102 4515 huic
3126 4464 3366 4520 attulerit
3389 4467 3602 4524 illorum
3631 4472 3762 4541 lapio

2176 4538 2300 4592 dum
2326 4541 2599 4598 inventio?
2629 4545 2843 4603 Utinam
2891 4565 3019 4605 vero
3048 4567 3152 4608 non
3201 4555 3431 4625 ingentia
3460 4558 3653 4615 damna
3685 4538 3764 4617 in-

2178 4628 2398 4684 ferrent.
2431 4633 2568 4704 lliqc
2587 4638 2729 4691 enim
2758 4640 3035 4696 innumera
3061 4655 3352 4700 nascuntur
3380 4650 3543 4715 mala,
3580 4666 3646 4705 ex
3676 4652 3762 4707 in-

2177 4737 2310 4777 sano
2335 4739 2524 4794 nempe
2546 4729 2782 4797 pecuniae
2804 4745 2986 4787 amore
3011 4743 3064 4788 et
3088 4750 3153 4789 ex
3179 4736 3327 4792 rabie
3345 4739 3486 4795 circa
3499 4756 3762 4810 gemmas.

2181 4818 2424 4872 Attamen
2457 4818 2580 4874 licet
2631 4831 2774 4876 tanta
2815 4823 2937 4879 inde
2967 4837 3253 4882 nascantur
3288 4831 3424 4886 mala
3450 4841 3503 4888 et
3540 4832 3758 4899 damna,

2176 4910 2322 4964 nullo
2348 4913 2506 4966 modo
2527 4927 2718 4983 segnes
2733 4926 2856 4970 sunt
2882 4917 2916 4971 ii
2937 4918 3024 4988 qui
3043 4919 3146 4973 illis
3163 4932 3372 4989 vacant,
3400 4924 3494 4979 sed
3521 4925 3761 4994 pericula

2174 5001 2371 5060 adeunt
2421 5007 2762 5080 laboremque
2797 5012 3023 5066 multum
3072 5016 3392 5085 suscipiunt,
3427 5027 3486 5072 ut
3515 5020 3765 5078 invenire

2174 5099 2380 5167 possint
2411 5101 2460 5154 id
2484 5102 2624 5171 quod
2647 5115 2911 5171 quaerunt.
2939 5105 2996 5159 ln
3024 5106 3216 5162 divinis
3240 5118 3416 5163 autem
3438 5109 3757 5184 Scriptus-is,

2172 5199 2225 5242 et
2252 5190 2302 5245 in
2331 5192 2699 5261 spiritualibus
2742 5204 2796 5250 ct
2829 5197 3074 5265 pretiosis
3121 5199 3222 5254 illis
3263 5200 3549 5269 lapidibus,
3581 5221 3761 5275 neque

2173 5284 2466 5351 periculum
2498 5287 2754 5355 suspicari
2783 5287 2928 5353 licet,
2960 5304 3132 5359 neque
3148 5291 3346 5349 multus
3360 5303 3442 5349 est
3458 5294 3630 5359 labor,
3659 5298 3761 5352 sed

2170 5373 2372 5428 lucrum
2407 5376 2692 5441 inell‘abile,
2725 5379 2770 5434 si
2795 5393 2855 5434 ea
2888 5387 3092 5434 tantum
3118 5396 3237 5451 qua:
3268 5393 3451 5439 nostra
3478 5395 3602 5439 sunt
3629 5400 3758 5441 cum

2169 5464 2442 5520 alacritate
2469 5465 2771 5523 all'eramus.

2243 5558 2420 5613 Gratia
2445 5562 2620 5630 quierit
2644 5579 2726 5617 eos
2751 5563 2838 5632 qui
2863 5580 2918 5617 se
2936 5566 3212 5636 suscipiant
3234 5582 3253 5631 ;
3275 5569 3433 5621 brevis
3474 5571 3758 5626 exhortatio

2168 5663 2216 5706 et
2241 5654 2573 5722 quorumdam
2612 5672 2674 5711 ea:
2712 5656 2860 5711 dictis
2893 5661 3275 5728 resumptio.—-
3296 5660 3477 5716 Gratia
3526 5671 3608 5715 est
3663 5679 3756 5731 pa-

2169 5754 2306 5813 rata,
2337 5759 2584 5817 quaerens
2610 5763 2703 5806 eos
2731 5749 2823 5820 qui
2857 5765 2916 5808 se
2956 5766 3078 5809 cum
3117 5753 3393 5809 alacritate
3435 5754 3755 5824 suscipiant.
