4038 6410
157 377 229 431 71
1350 369 1416 428 IN
1454 368 1589 427 CAP
1627 368 1668 423 ι.
1711 350 1957 424 dantis.
2002 368 2231 426 llOMlL.
2276 369 2365 424 ix.
3416 373 3488 431 7s

156 487 236 545 Ita
266 489 418 546 enim
459 503 522 545 se
564 486 731 545 habet
758 487 1018 544 Dominus
1056 494 1241 542 noster
1272 502 1284 538 :
1316 485 1362 540 si
1406 482 1600 537 viderit
1646 481 1766 535 ani-

152 598 305 639 mam
337 584 591 654 vigilem,
626 593 683 638 et
729 581 1056 637 desiderium
1101 579 1345 644 fervens,
1376 587 1431 632 et
1475 577 1588 644 ipse
1644 587 1771 628 suas

149 672 377 729 divitias
408 674 645 745 largiter,
669 672 812 727 ultra
838 672 999 727 etiam
1022 684 1181 741 quam
1202 670 1431 739 petitum
1461 668 1550 734 sil,
1574 679 1770 734 suppe-

146 766 291 821 ditat
310 781 416 837 pro
446 782 539 821 sua
565 765 977 835 magnificentia.

215 854 280 911 2.
331 856 457 911 Haec
484 857 645 926 igitur
670 871 794 909 cum
816 856 1068 920 sciamus,
1095 852 1446 915 dilectissimi,
1471 849 1768 921 purificatis

144 946 572 1017 cogitationibus
598 949 791 1002 vestris
812 963 841 1000 a
866 946 1215 1001 smcularibns
1238 944 1488 1013 negotiis,
1509 952 1563 998 et
1581 950 1765 1011 aperta

146 1037 354 1090 mentis
381 1046 575 1096 vestra:
600 1036 910 1101 latitudine,
956 1051 1147 1105 magna
1194 1035 1470 1089 alacritate
1506 1033 1765 1103 suscipite

143 1143 271 1197 qua:
321 1143 352 1181 a
398 1129 598 1198 Spiritu
652 1140 839 1184 sancto
878 1128 1307 1199 suppeditantur,
1344 1136 1401 1181 ut
1438 1126 1577 1180 sicut
1622 1135 1764 1179 terra

144 1220 371 1290 pinguis
414 1231 470 1276 et
497 1220 648 1275 ferax
693 1221 1059 1290 multiplicetis
1100 1218 1409 1274 concredita
1440 1219 1644 1272 semina
1667 1259 1681 1280 ,
1711 1224 1765 1271 et

136 1311 363 1367 faciatis
415 1314 680 1381 fructum,
721 1314 857 1369 alius
909 1312 1126 1384 quidem
1175 1312 1575 1373 centesimum,
1626 1308 1763 1363 alius

137 1408 599 1477 sexagesimum,
632 1407 769 1461 alius
816 1407 1173 1478 trigesimum.
1222 1404 1465 1460 Audistis
1520 1404 1763 1471 superio-

138 1498 298 1551 ribus
331 1498 522 1551 diebus
552 1497 877 1552 ineffabilem
898 1496 1223 1565 sapientiam
1253 1495 1369 1565 ejus
1413 1495 1503 1564 qui
1530 1492 1760 1547 visibilia

137 1588 261 1644 haec
318 1591 501 1643 omnia
555 1589 828 1655 condidit,
861 1597 915 1644 ct
968 1588 1240 1659 quomodo
1281 1588 1446 1641 verbo
1493 1586 1667 1640 solum
1707 1594 1761 1638 et

137 1680 351 1750 placito
389 1684 570 1735 omnia
608 1681 876 1751 produxit.
906 1680 1057 1735 Dixit
1078 1682 1252 1741 enim.
1287 1678 1403 1732 Fiat
1426 1694 1446 1733 τ
1478 1686 1533 1732 et
1556 1674 1759 1731 factum

129 1781 243 1837 est,
277 1774 572 1842 statimque
622 1773 877 1844 producta
927 1780 1054 1827 sunt
1111 1773 1291 1827 omnia
1328 1782 1425 1827 :et
1471 1770 1602 1825 satis
1653 1769 1761 1823 fuit

134 1866 372 1921 verbum
401 1868 467 1920 ad
490 1881 550 1920 ea
580 1882 700 1936 qua:
733 1865 874 1921 facta
899 1877 1025 1920 sunt
1054 1863 1463 1927 constituenda;
1492 1878 1597 1918 non
1620 1878 1757 1932 quo-

136 1958 286 2011 niam
324 1957 645 2027 simpliciter
670 1968 787 2012 erat
814 1958 1039 2012 verbum
1064 2000 1078 2023 ,
1112 1957 1207 2012 sed
1238 1957 1360 2025 quia
1387 1954 1608 2010 verbum
1637 1954 1753 2008 Dei.

131 2047 469 2103 Meministis
498 2064 686 2102 eorum
712 2064 833 2118 qua:
851 2056 986 2104 tunc
1012 2063 1040 2100 a
1071 2048 1226 2102 nobis
1247 2046 1603 2101 movebantur
1628 2060 1756 2100 con-

135 2152 215 2194 tra
248 2155 350 2194 eos
390 2141 483 2210 qui
507 2154 573 2196 ex
624 2140 862 2210 subjedta
893 2138 1114 2195 materia
1144 2155 1230 2194 res
1261 2137 1429 2192 factas
1471 2153 1593 2193 esse
1626 2152 1757 2191 con-

124 2232 393 2297 tendunt,
424 2242 479 2287 et
526 2232 581 2285 in
622 2232 987 2286 ccclesiaStica
1038 2231 1173 2285 scita
1206 2229 1377 2285 etiam
1426 2243 1522 2283 sua
1564 2228 1753 2283 deliria

135 2323 342 2379 interrc
382 2340 490 2378 non
533 2332 807 2378 verentur.
840 2323 1111 2379 Didicistis
1150 2323 1306 2392 cujus
1347 2324 1517 2393 gratia
1560 2321 1752 2375 cadum

134 2418 358 2488 quidem
392 2419 708 2487 perfectum,
736 2428 933 2473 terram
960 2426 1138 2473 autem
1163 2416 1447 2471 informem
1481 2415 1750 2486 produxe-

134 2511 227 2565 rit.
263 2510 408 2564 ltuas
460 2510 603 2563 enim
652 2518 777 2564 tunc
822 2524 1015 2564 causas
1046 2509 1317 2563 diximus:
1349 2524 1549 2573 unam,
1579 2516 1640 2562 ut
1695 2506 1750 2561 in

133 2602 412 2656 elemento
437 2601 797 2670 prmstantiori
824 2601 1115 2671 potentiam
1140 2600 1345 2655 Domini
1374 2608 1747 2669 agnoscentes,

133 2706 244 2745 non
278 2692 417 2744 ultra
463 2691 858 2761 ambigeremus
905 2700 1190 2746 censentes
1232 2699 1452 2761 propter
1480 2690 1748 2759 impoten-

126 2784 267 2838 tiam
302 2784 433 2839 illud
464 2784 662 2838 factum
686 2798 805 2839 esse
833 2803 847 2839 :
882 2785 1127 2851 alteram,
1156 2785 1281 2855 quia
1310 2794 1451 2839 terra
1482 2792 1655 2836 mater
1695 2789 1750 2838 et

133 2877 321 2931 nutrix
351 2886 533 2931 nostra
561 2875 705 2931 facta
730 2886 850 2943 est,
884 2885 937 2931 et
969 2892 1035 2932 ex
1052 2877 1171 2945 ipsa
1202 2876 1495 2946 pascimur,
1520 2874 1748 2943 aliisque

125 2968 392 3022 omnibus
435 2968 661 3021 fruimur
692 2968 729 3032 ³,
762 2977 817 3022 et
846 2968 912 3020 ad
945 2967 1115 3037 ipsam
1145 2967 1422 3021 redimus:
1459 2966 1571 3035 ipsa
1601 2966 1743 3018 enim

134 3059 295 3113 nubis
320 3068 404 3113 est
434 3070 486 3113 et
514 3059 707 3128 patria,
735 3068 789 3113 et
828 3059 1182 3129 sepulcrum:
1220 3067 1275 3113 et
1316 3074 1385 3114 ne
1414 3059 1536 3127 quis
1580 3058 1743 3128 igitur

130 3151 203 3204 ob
244 3150 535 3205 utilitatem
577 3160 631 3204 et
666 3151 1046 3205 necessitatem
1076 3150 1216 3203 illius
1249 3148 1423 3219 majus
1449 3147 1649 3218 aliquid
1676 3147 1744 3203 de

128 3241 253 3309 ipsa
299 3242 517 3305 sentiat,
548 3241 785 3295 ostendit
813 3243 982 3310 ipsam
1013 3241 1080 3295 ab
1107 3240 1261 3294 initio
1293 3242 1580 3295 informem
1609 3255 1738 3295 con-

129 3334 305 3388 ditam
334 3351 347 3387 :
376 3343 434 3386 ut
479 3332 791 3387 erudiamur
820 3348 916 3402 per
943 3347 1030 3386 res
1054 3333 1227 3401 ipsas,
1258 3332 1512 3400 praedicta
1561 3332 1740 3384 omnia

133 3441 242 3478 non
274 3432 481 3477 natum
512 3423 721 3477 telluris
748 3422 1102 3477 adscribenda
1125 3465 1140 3490 ,
1174 3422 1269 3476 sed
1292 3422 1602 3477 Conditoris
1634 3423 1743 3476 vir-

137 3518 257 3573 tuti.
295 3515 563 3570 l)id.cistis
594 3516 742 3581 item,
763 3514 1031 3584 quomodo
1052 3528 1310 3584 aquarum
1342 3514 1739 3583 separationem

131 3608 346 3672 fecerit,
381 3607 642 3676 producto
662 3622 755 3676 per
778 3607 1078 3676 iussionem
1110 3620 1261 3660 suam
1292 3606 1486 3660 visibili
1512 3604 1617 3659 hoc
1644 3603 1738 3657 fir-

133 3712 415 3755 mamento
439 3717 454 3766 ;
478 3700 692 3754 vidiStis
721 3699 971 3753 animalia
1001 3700 1232 3754 viventia
1252 3742 1265 3765 ,
1305 3710 1359 3753 et
1380 3715 1443 3753 ex
1481 3708 1653 3764 terra,
1686 3708 1739 3753 et

132 3808 195 3847 ex
229 3808 369 3862 aqua
399 3794 563 3848 edita.
598 3792 725 3845 llam
746 3807 851 3847 non
878 3791 1078 3861 absque
1099 3805 1257 3848 causa
1286 3799 1340 3845 et
1372 3800 1573 3845 temere
1597 3804 1738 3843 nunc

131 3883 346 3937 caritati
374 3892 569 3937 vestra:
609 3897 773 3952 cogor
797 3894 1043 3951 repetere
1077 3899 1089 3934 :
1124 3880 1315 3950 partim
1346 3890 1403 3935 ut
1428 3881 1733 3935 auditorum

132 3974 329 4028 animis
377 3974 492 4028 haec
532 3976 703 4043 magis
754 3972 1039 4039 insideant,
1066 3973 1259 4042 partim
1304 3983 1361 4027 ut
1400 3973 1464 4027 iis
1489 3976 1576 4043 qui
1609 3982 1737 4051 tunc

132 4079 240 4119 non
314 4064 536 4120 adfuere
603 4065 792 4119 idonea
868 4064 1113 4119 doctrina
1170 4065 1450 4131 tradatur,
1495 4065 1736 4134 nihilque

132 4156 313 4210 damni
348 4157 589 4211 absentia
637 4173 731 4211 sua
778 4160 1038 4213 attulerit.
1089 4157 1225 4223 Quia
1277 4159 1539 4228 benignus
1584 4169 1736 4228 pater

132 4247 295 4300 etiam
336 4246 652 4301 absentibus
684 4248 807 4301 liliis
834 4248 1088 4318 reliquias
1133 4264 1335 4304 mensa:
1377 4259 1648 4311 reservat,
1674 4260 1735 4303 ut

132 4352 252 4391 cum
282 4337 620 4405 advenerim,
652 4354 715 4394 ex
747 4350 960 4395 servato
988 4341 1208 4395 residuo
1249 4356 1401 4395 suam
1434 4343 1734 4397 absentiam

132 4428 504 4484 consolentur.
533 4429 687 4485 Unde
719 4442 773 4484 et
804 4446 902 4485 nos
928 4433 1167 4486 omnium
1200 4433 1290 4501 qui
1325 4434 1427 4487 liuc
1457 4432 1735 4489 conﬂuunt

133 4536 238 4576 non
272 4524 533 4577 minorem
570 4540 730 4593 quam
770 4525 1135 4580 membrorum
1186 4535 1497 4581 nostrorum
1546 4543 1729 4583 curam

130 4625 400 4683 gerentes,
420 4625 473 4669 et
504 4616 801 4686 profectum
832 4627 1067 4671 vestrum
1092 4626 1330 4671 nostram
1362 4620 1732 4675 existimantes

130 4706 382 4773 gloriam,
409 4709 655 4776 cupimus
680 4724 869 4763 onmcs
920 4709 1187 4777 perfectos
1233 4721 1287 4764 et
1330 4722 1732 4767 consummatos

131 4799 247 4853 licri
280 4801 332 4852 in
363 4802 589 4869 gloriam
612 4802 726 4865 Dei,
758 4812 812 4855 et
842 4803 1055 4856 laudem
1090 4804 1376 4868 Ecclesizn,
1410 4814 1464 4858 et
1492 4817 1729 4859 nostram

130 4890 525 4956 gloriatkmem.
558 4892 638 4945 Ac
682 4892 780 4945 nisi
821 4892 1105 4947 molestum
1149 4903 1231 4949 cst
1256 4936 1269 4957 ,
1302 4896 1488 4963 paucis
1523 4899 1729 4950 caritati

132 4992 323 5034 'V-es'tt‘m
350 4980 597 5035 hesterna
620 4984 782 5036 etiam
811 4982 952 5037 dicta
978 4984 1029 5036 in
1054 4984 1367 5039 memoriam
1391 5002 1725 5041 revocemus.

132 5069 354 5126 Vidistis
405 5084 603 5143 quanta
652 5073 966 5128 diversitate
1001 5078 1161 5128 homo
1206 5084 1261 5130 et
1305 5088 1567 5132 creatura:
1611 5079 1745 5132 alia:

132 5156 328 5216 eunditi
371 5174 496 5217 sunt
531 5182 543 5216 :
573 5164 800 5218 audistis
826 5178 1026 5234 quanto
1055 5166 1261 5220 honore
1307 5171 1600 5237 principem
1636 5186 1731 5224 no-

135 5256 223 5307 stri
255 5257 469 5323 generis
498 5256 748 5325 dignatus
788 5258 889 5317 sit,
918 5267 971 5310 et
1002 5260 1051 5311 in
1096 5260 1417 5315 formatione
1452 5264 1564 5331 ipsa
1605 5280 1731 5332 quo-

134 5346 290 5400 modo
341 5362 434 5413 per
463 5348 621 5400 verba
656 5348 1060 5417 dictionumque
1098 5353 1512 5407 craSsitudinctu
1545 5355 1727 5407 det-la-

134 5438 258 5490 rat-it
288 5436 549 5492 honorent
583 5437 862 5493 formando
893 5441 1257 5508 tribuendum,
1282 5444 1465 5499 dicens
1492 5464 1505 5499 :
1537 5444 1725 5500 Facia-

133 5545 235 5581 mus
260 5529 511 5582 hominem
532 5531 806 5583 secundum
828 5532 1099 5602 imaginem
1121 5544 1367 5600 nostram,
1387 5548 1430 5589 et
1452 5538 1728 5591 secundum

133 5620 538 5673 similitudinem.
576 5619 878 5686 Didicistis,
922 5622 1048 5691 quid
1095 5626 1165 5677 sit
1208 5625 1503 5680 Secundum
1541 5630 1725 5700 imagi—

191 5822 205 5852 ³
242 5819 453 5879 Coisliu.,
479 5822 791 5884 omnibusque
827 5825 957 5875 bonis
977 5821 1207 5889 fruimur.

1887 499 2021 545 nem,
2048 500 2242 554 nempe
2270 482 2410 554 quod
2451 498 2558 539 non
2613 486 2683 539 sit
2726 478 3045 539 substantiae
3087 484 3351 556 dignitas,
3382 491 3483 543 sed

1878 574 2102 630 dominii
2132 576 2447 641 similitudo,
2477 586 2532 631 et
2559 576 2701 647 quod
2734 592 2839 631 non
2864 577 3157 632 secundum
3192 581 3476 652 imaginem

1877 666 2087 731 formar,
2108 667 2201 722 sed
2230 668 2524 722 secundum
2558 668 2822 746 rationem
2844 668 3065 722 dominii
3094 668 3325 724 dixerit:
3360 673 3482 727 ideo

1876 769 1929 811 et
1965 759 2203 813 subdidit
2236 778 2249 814 :
2283 757 2352 812 Et
2386 760 2710 814 dominentur
2739 761 2960 830 piscibus
2999 762 3190 825 maris,
3214 774 3261 817 et
3300 768 3480 819 uolati-

1873 850 2006 903 libus
2036 850 2174 913 ca'lt',
2209 860 2252 905 et
2280 851 2449 906 bestiis
2482 862 2529 905 et
2557 853 2823 923 reptilibus
2851 850 3020 909 terra.

1946 943 1997 996 5.
2044 940 2271 1012 Olrjcctio
2298 944 2564 1013 gentilium
2608 944 2837 998 solvitur.
2865 945 3164 1001 —Vernm
3208 947 3295 1003 hic
3340 964 3478 1019 gen-

1874 1036 1995 1089 tiles
2026 1036 2075 1088 in
2106 1050 2204 1089 nos
2232 1036 2534 1107 insurgunt,
2565 1046 2619 1091 et
2639 1036 2824 1092 dicunt
2853 1057 2868 1092 :
2897 1037 3249 1110 Compertum
3275 1056 3359 1096 est
3379 1027 3480 1098 hoc

1873 1141 1981 1180 non
2009 1142 2131 1181 esse
2155 1142 2342 1181 verum
2377 1146 2389 1179 :
2424 1144 2530 1183 non
2559 1130 2703 1184 enim
2732 1131 3075 1186 dominamur
3106 1134 3256 1195 feris,
3286 1150 3476 1203 quem-

1869 1217 2159 1272 admodum
2190 1219 2457 1289 pollicitus
2489 1230 2595 1286 est,
2630 1220 2724 1275 sed
2762 1223 2891 1291 ipsa:
2938 1224 3098 1279 nobis
3136 1225 3331 1295 potius.
3365 1226 3479 1279 lino

1868 1325 1977 1364 non
2007 1326 2195 1365 verum
2217 1321 2304 1367 cst
2330 1313 2471 1381 quod
2510 1314 2563 1367 lii
2601 1314 2881 1383 objiciunt.
2910 1315 3044 1371 Nam
3078 1333 3204 1371 mox
3236 1330 3289 1371 ut
3315 1332 3476 1387 appa-

1868 1404 2036 1456 ruerit
2063 1402 2245 1468 homo,
2282 1404 2408 1459 fera:
2451 1405 2627 1474 fugam
2672 1407 2888 1461 faciunt.
2924 1408 3077 1476 Quod
3116 1410 3161 1463 si
3188 1410 3475 1480 aliquaqu

1868 1495 1951 1547 vel
1984 1494 2123 1549 fame
2156 1506 2401 1565 urgente,
2432 1498 2514 1551 vel
2539 1498 2695 1552 nobis
2722 1499 2841 1554 illas
2866 1500 3281 1568 lacessentibus,
3307 1504 3373 1555 ab
3392 1504 3472 1557 eis

1865 1586 2119 1640 damnum
2143 1588 2491 1655 accipiamus,
2517 1588 2617 1643 hoc
2647 1606 2753 1645 non
2780 1591 2839 1644 tit
2866 1590 2988 1647 ideo
3011 1593 3152 1662 quod
3176 1593 3281 1647 iliis
3304 1594 3355 1648 in
3377 1613 3474 1648 nus

1864 1678 1934 1731 sit
1956 1677 2257 1748 imperium,
2290 1679 2385 1735 sed
2416 1680 2486 1735 ob
2527 1682 2739 1752 culpam
2771 1693 3033 1737 nostram.
3067 1684 3198 1738 Nam
3230 1702 3351 1739 cum
3395 1686 3471 1741 la-

1865 1778 2049 1823 trones
2076 1786 2175 1826 nos
2208 1771 2467 1827 invadunt
2486 1814 2501 1835 ,
2531 1773 2577 1827 si
2606 1789 2711 1827 non
2738 1774 3094 1846 negligamus,
3125 1777 3217 1831 sed
3252 1777 3303 1830 in
3350 1779 3469 1833 illus

1862 1875 2010 1914 arma
2042 1876 2343 1929 sumamus,
2371 1863 2423 1918 id
2463 1880 2568 1919 non
2601 1864 2723 1920 ideo
2756 1866 2848 1933 fit,
2891 1866 3034 1937 quod
3078 1868 3363 1937 imperium
3414 1870 3469 1923 in

1862 1966 1960 2006 nos
1984 1953 2281 2019 obtineant,
2311 1954 2407 2009 sed
2436 1955 2579 2025 quod
2621 1965 2821 2011 nostra:
2858 1959 3019 2018 saluti
3050 1960 3465 2027 prospiciauius.

1860 2044 2158 2112 Audiamus
2184 2055 2362 2101 autem
2412 2047 2627 2102 interim
2675 2064 2795 2118 qua:
2842 2049 2952 2103 sint
2993 2048 3157 2104 dicta.
3190 2047 3468 2106 Faciamus

1860 2136 2114 2190 hominem
2167 2138 2444 2191 secundum
2486 2139 2759 2209 imaginem
2802 2149 3059 2208 nostram,
3091 2150 3138 2195 et
3186 2143 3467 2195 secundum

1858 2227 2263 2282 similitudinem.
2296 2228 2447 2284 Sicut
2476 2228 2764 2301 Imaginem
2794 2232 2928 2285 dixit
2958 2233 3027 2287 ob
3058 2234 3269 2304 imperii
3303 2236 3465 2289 ratio.

1858 2335 1981 2375 nem
2006 2362 2020 2382 ,
2059 2321 2132 2374 ita
2176 2331 2230 2375 et
2276 2322 2696 2388 Similitudinem,
2730 2334 2785 2377 ut
2830 2340 2927 2393 pro
2970 2326 3173 2380 viribus
3214 2326 3465 2382 humanis

1857 2413 2064 2468 similes
2093 2413 2283 2470 fiamus
2313 2416 2447 2481 Deo,
2480 2416 2915 2485 mansuetudine,
2950 2420 3191 2488 inquam,
3220 2418 3460 2485 leuitate,

1854 2514 1911 2559 et
1956 2506 2171 2560 virtutis
2228 2508 2439 2561 ratione
2496 2507 2607 2562 Deo
2662 2509 2869 2564 similes
2922 2508 3254 2575 efficiamur;
3299 2520 3360 2564 ut
3410 2522 3467 2567 ct

1855 2597 2099 2651 Christus
2126 2598 2255 2651 dicit
2284 2616 2297 2651 :
2330 2597 2539 2653 Similes
2565 2609 2721 2653 estote
2765 2598 2915 2653 Patri
2965 2612 3148 2666 vestro,
3174 2602 3260 2672 qui
3297 2612 3370 2655 est
3408 2602 3463 2656 in

1855 2688 1992 2741 caelis
2018 2687 2235 2758 (Matth.
2261 2690 2312 2744 5.
2339 2689 2453 2762 45).
2475 2690 2606 2745 Nam
2632 2692 3086 2761 quemadmodum
3112 2695 3162 2747 in
3188 2702 3329 2748 terra
3359 2694 3460 2749 hac

1853 2781 2089 2849 spatiosa
2120 2792 2174 2835 et
2201 2782 2305 2836 lata
2351 2782 2708 2838 animantium
2758 2786 2860 2838 alia
2903 2787 3268 2840 mansuetiora
3302 2796 3456 2847 sunt.

1852 2873 1955 2927 alia
1984 2872 2269 2939 ferociora,
2305 2874 2377 2929 ita
2406 2875 2458 2929 in
2489 2875 2774 2931 latitudine
2803 2877 3000 2930 anima:
3029 2888 3226 2931 nostra:
3254 2880 3457 2947 cogita-

1855 2964 2062 3020 tionum
2102 2965 2222 3019 alia:
2270 2977 2397 3021 sunt
2446 2966 2928 3021 irrationabiliores
2971 2979 3024 3023 et
3072 2968 3139 3022 ad
3194 2969 3459 3037 pecudum

1851 3072 2060 3112 morem
2103 3058 2449 3124 accedentes,
2492 3062 2611 3115 alia:
2663 3060 2955 3117 ferociores
3007 3072 3061 3117 et
3108 3064 3454 3133 agrestiores.

1854 3149 2147 3205 Domandte
2175 3151 2339 3221 igitur
2364 3152 2469 3207 illa:
2513 3161 2655 3217 sunt,
2687 3161 2742 3207 ct
2772 3154 2998 3209 rationis
3042 3155 3271 3225 imperio
3320 3156 3460 3210 subi-

1850 3243 2057 3312 gendae.
2089 3243 2154 3296 Et
2209 3243 2480 3313 quomodo
2528 3245 2649 3311 quis
2697 3246 3082 3314 cogitationem
3132 3247 3452 3301 ferociorem

1849 3336 2200 3407 compescat?
2221 3338 2357 3403 Quid
2386 3337 2543 3401 dicis,
2570 3337 2780 3392 homo?
2812 3339 3019 3393 Leones
3046 3355 3383 3409 superamus,
3402 3353 3457 3394 et

1848 3430 2060 3483 animos
2084 3444 2275 3485 eorum
2315 3440 2628 3485 mansuetos
2658 3430 2914 3486 facimus:
2949 3442 3003 3487 et
3044 3432 3290 3498 dubitas,
3326 3448 3452 3489 unm

1847 3524 2011 3576 animi
2031 3523 2288 3578 ferociam
2313 3524 2365 3577 in
2393 3525 2862 3579 mansuetudinem
2891 3534 3101 3579 mutare
3124 3526 3331 3594 possis?
3352 3527 3450 3579 At-

1846 3615 1938 3684 qui
1988 3624 2175 3669 natura
2220 3615 2405 3669 bestiae
2452 3617 2659 3671 feroces
2685 3625 2846 3682 sunt,
2876 3628 2930 3670 et
2972 3626 3168 3685 praner
3204 3626 3450 3670 naturam

1846 3717 2143 3762 mansueta:
2173 3725 2185 3761 :
2220 3717 2408 3762 contra
2441 3717 2495 3762 tu
2529 3720 2717 3763 natum
2757 3709 2937 3775 mitis,
2970 3721 3165 3779 prmter
3200 3722 3447 3765 naturam

1844 3809 2024 3852 autem
2059 3797 2229 3852 ferox.
2264 3800 2347 3853 An
2388 3808 2475 3863 tu,
2506 3802 2596 3869 qui
2638 3800 2825 3855 bestiis
2863 3800 2913 3855 id
2954 3802 3096 3871 quod
3145 3812 3334 3855 natura
3368 3804 3448 3857 eis

1846 3891 1986 3945 inest
2016 3889 2251 3954 auferre,
2283 3901 2337 3945 ct
2366 3893 2507 3961 quod
2535 3908 2722 3946 eorum
2750 3903 2954 3947 natura:
2981 3895 3263 3949 adversum
3300 3896 3448 3949 insc-

1843 3998 1962 4037 rere
1989 3991 2161 4051 potes,
2194 3982 2244 4035 id
2276 3981 2417 4051 quod
2448 3992 2634 4038 natura
2676 3984 2769 4038 tibi
2798 3987 3046 4053 prmslilit
3072 4027 3086 4052 ,
3121 4001 3448 4042 conservare

1844 4090 1950 4127 nsn
1994 4074 2188 4143 potes?
2215 4073 2284 4127 Et
2326 4085 2578 4143 quantam
2629 4075 2732 4130 hoc
2780 4076 3285 4131 condemnationem
3340 4094 3447 4133 non

1844 4167 2152 4219 mereatur?
2180 4165 2297 4220 Jant
2327 4166 2471 4236 quod
2503 4167 2585 4220 his
2614 4168 2989 4223 admirabilius
3014 4182 3098 4223 est
3127 4181 3175 4223 et
3214 4172 3446 4227 insolen-

1841 4258 1969 4323 tius,
2004 4259 2219 4312 leonum
2250 4269 2455 4311 natura:
2477 4268 2531 4313 et
2551 4259 2653 4312 alia
2679 4259 2922 4328 qumdam
2944 4260 3235 4315 d.fflcultas
3264 4264 3401 4316 inest
3428 4282 3441 4317 :

1840 4352 2067 4405 rationis
2093 4353 2237 4403 enim
2264 4349 2551 4419 participes
2573 4365 2680 4404 non
2703 4362 2859 4417 sunt,
2893 4361 2948 4405 et
2992 4353 3339 4408 nihilominus
3368 4356 3445 4407 vi-

1840 4444 2030 4499 demus
2053 4460 2196 4513 saepe
2217 4443 2338 4497 duci
2361 4458 2454 4497 eos
2476 4454 2790 4498 mansuetos
2821 4460 2915 4513 per
2942 4445 3113 4499 forum
3138 4462 3152 4510 ;
3186 4448 3446 4515 multique

1840 4553 1905 4591 ex
1936 4538 2168 4593 officinis
2198 4553 2469 4600 nummos,
2492 4548 2549 4592 ut
2573 4537 2877 4593 mercedem
2903 4541 3034 4592 artis
3062 4551 3116 4593 et
3144 4542 3174 4593 i.
3199 4540 3443 4607 dustrias,

1839 4630 2069 4699 cuipiam
2095 4640 2398 4696 numerant,
2422 4629 2564 4698 quod
2584 4632 2749 4683 feram
2776 4630 3183 4684 mansuefecerit
3213 4632 3441 4685 :animae

1839 4735 1968 4775 vero
1994 4730 2099 4774 tua:
2125 4722 2261 4774 ratio
2292 4736 2548 4775 concessa
2580 4734 2683 4785 ρει,
2714 4731 2767 4775 et
2797 4721 2889 4776 Dei
2916 4722 3098 4787 timor,
3125 4733 3178 4777 ct
3209 4723 3443 4786 undique

1840 4813 2163 4867 adminicula
2198 4831 2208 4865 :
2239 4829 2306 4866 ne
2349 4814 2510 4882 igitur
2541 4822 2842 4882 praetextas
2872 4823 2925 4867 ct
2951 4815 3205 4869 obtentus
3226 4814 3440 4869 aﬂ'eras.

1842 4904 2003 4957 Putes
2033 4904 2175 4957 enim
2195 4946 2209 4969 ,
2240 4905 2284 4958 si
2314 4906 2415 4968 vis,
2448 4913 2761 4959 mansuetus
2800 4920 2922 4959 esse
2949 4948 2961 4965 .
2996 4915 3051 4959 ct
3077 4905 3359 4975 placidus,
3388 4917 3444 4961 et

1838 5009 2043 5063 mqnus.
2072 4992 2346 5048 Faciamus
2366 5038 2380 5061 ,
2408 4996 2613 5067 inquit,
2646 4996 2900 5049 hominem
2940 4997 3215 5051 secundum
3254 4998 3440 5067 imagi~

1840 5104 1950 5140 nem
1978 5098 2233 5151 nostram,
2265 5099 2307 5141 et
2338 5090 2613 5142 secundum
2644 5090 3050 5144 similitudinem.

1911 5180 1963 5231 4.
2009 5178 2109 5231 Cur
2147 5183 2271 5249 fera:
2326 5196 2426 5232 non
2481 5180 2579 5233 sint
2631 5181 2822 5233 homini
2869 5181 3101 5235 subditur.
3129 5180 3327 5236 —-—Sed
3373 5182 3440 5236 ad

1840 5268 2167 5338 propositam
2190 5270 2540 5339 qumstionem
2574 5272 2763 5325 iterum
2796 5272 3095 5327 redeamus.
3130 5272 3443 5328 Ostenditur

1838 5362 1979 5414 enim
2007 5376 2068 5414 ex
2101 5362 2163 5413 iis
2190 5377 2309 5429 qua:
2340 5361 2482 5416 dicta
2511 5373 2655 5426 sunt,
2690 5363 2961 5417 hominem
3016 5366 3083 5418 ab
3131 5364 3284 5418 initio
3329 5366 3440 5434 plc-

1837 5469 1963 5505 num
1987 5465 2039 5505 et
2058 5452 2352 5522 perfectum
2383 5470 2541 5523 super
2563 5454 2763 5509 bestias
2789 5458 3139 5524 principatum
3161 5455 3435 5511 habuisse.

1840 5544 2174 5598 Dominentur
2221 5546 2397 5609 enim,
2427 5547 2534 5612 ait,
2578 5548 2794 5616 piscibus
2840 5548 3029 5610 maris,
3061 5558 3104 5601 et
3150 5549 3439 5602 volatilibus

1835 5638 1967 5700 cali,
1995 5648 2041 5689 et
2074 5638 2192 5708 feris
2224 5648 2267 5691 et
2297 5638 2560 5708 reptilibus
2590 5649 2755 5691 εει-ναξ.
2780 5637 3140 5704 ρυοάιειιιιειη
3166 5656 3304 5695 nunc
3331 5652 3433 5693 tur-

1836 5730 1943 5785 rori
1974 5730 2127 5783 nobis
2160 5729 2268 5784 sint
2294 5728 2502 5794 besﬁm,
2532 5740 2586 5784 et
2612 5731 2915 5793 timeamus,
2941 5740 2995 5784 et
3024 5731 3263 5784 dominio
3292 5736 3439 5783 eari—

1838 5823 2309 5895 dcrimus,ncque
2361 5826 2475 5895 ipse
2530 5838 2701 5893 nego;
2737 5839 2920 5879 verum
2969 5823 3067 5879 hoc
3115 5840 3218 5879 non
3267 5828 3440 5895 arguit
