4038 6388
639 372 699 431 79
1331 372 1391 431 S.
1429 369 1708 430 JOANNIS
1731 371 2200 432 CIIRYSOSTOII
2235 369 2557 431 A'ﬂCﬂlBP.
2594 371 3126 432 CONSTANTINOP.
3842 373 3918 432 80

636 485 822 543 lateam
856 484 949 541 Dei
977 483 1408 557 promissionem.
1438 486 1573 543 Nam
1601 487 1670 544 ab
1697 487 1854 543 initio
1881 503 1970 545 res
1996 503 2102 544 non
2139 487 2211 544 ita

633 595 692 636 se
718 576 1023 646 habebant,
1051 580 1145 635 sed
1179 580 1436 637 timebant
1482 589 1539 637 et
1579 583 1886 639 tremebant
1915 583 2137 648 bestite,
2160 591 2216 638 et

633 670 1033 727 venerabantur
1070 671 1367 726 dominum.
1399 672 1497 729 Ubi
1527 682 1707 730 autem
1751 691 1816 731 ex
1854 675 2213 730 inobcdientia

632 758 881 816 ﬁduciam
928 762 1069 832 apud
1116 763 1283 818 Deum
1329 765 1648 833 amisimus,
1678 767 1837 821 etiam
1889 766 2214 836 principatus

633 852 820 909 uester
844 853 1116 908 mutilatas
1144 863 1246 911 est.
1277 855 1530 926 Subjecta
1558 858 1702 913 enim
1732 857 1933 912 homini
1961 858 2212 913 animalia

635 945 812 1007 ouinia
837 943 997 998 ﬁnisse
1021 943 1204 1015 accipe
1231 961 1297 1001 ex
1319 945 1616 1016 Scriptura,
1641 961 1760 1017 qua
1780 947 1912 1004 dicit
1929 988 1946 1014 ,
1977 948 2210 1003 Adduxit

636 1031 772 1089 Deus
798 1034 979 1090 bestias
997 1076 1014 1103 ,
1045 1046 1092 1092 el
1112 1039 1284 1093 omnia
1321 1039 1469 1094 bruta
1490 1040 1562 1094 ad
1585 1040 1770 1108 Adam,
1799 1052 1852 1096 at
1880 1043 2067 1098 videret
2090 1043 2214 1114 quid

636 1133 833 1178 rotam
851 1143 909 1178 ea
939 1125 1091 1198 (Gen.
1115 1127 1170 1184 2.
1207 1127 1315 1200 i9).
1350 1129 1415 1184 Et
1447 1145 1572 1186 cum
1607 1133 1812 1188 videret
1845 1132 1994 1204 juxta
2019 1149 2079 1189 se
2113 1135 2210 1189 be-

632 1214 800 1280 stias.
847 1231 952 1271 nou
1009 1219 1234 1285 resiliit;
1280 1221 1373 1276 sed
1422 1232 1689 1292 tamquam
1730 1224 1977 1280 dominus
2020 1226 2212 1296 aliquis

636 1307 814 1363 servis
837 1309 1062 1366 subditis
1084 1313 1302 1368 nomina
1326 1313 1579 1386 imposuit
1604 1333 1620 1371 :
1648 1316 1717 1370 Et
1739 1333 1887 1372 omne
1912 1319 2046 1388 quod
2065 1335 2211 1372 rora-

628 1400 699 1454 υἷι
727 1399 918 1466 Adam,
949 1403 1148 1472 inquit,
1182 1405 1277 1461 hoc
1328 1422 1508 1462 nomn
1560 1416 1635 1461 est
1681 1408 1761 1462 illi
1794 1451 1808 1465 .
1841 1408 1982 1479 quod
2030 1410 2210 1480 utique

628 1489 858 1546 dominii
884 1493 1118 1563 signum.
1150 1494 1276 1552 ideo
1320 1495 1460 1552 Deus
1487 1507 1545 1553 ut
1570 1497 1792 1554 doceret
1818 1501 1989 1571 ipsum
2023 1511 2211 1569 poten-

629 1583 716 1638 tia:
735 1597 850 1640 sua:
869 1584 1207 1655 dignitatem,
1231 1589 1508 1644 nominum
1558 1589 1954 1660 impositionem
1985 1592 2062 1646 illi
2090 1607 2211 1661 per-

628 1672 798 1728 misit.
831 1676 1006 1746 Atque
1045 1675 1160 1731 haec
1211 1677 1428 1746 quidem
1471 1679 1604 1734 satis
1645 1679 1902 1745 indicant,
1931 1681 2000 1737 ab
2057 1683 2210 1736 initio

628 1765 770 1820 feras
800 1765 1001 1822 homini
1030 1768 1296 1826 terribiles
1321 1785 1428 1826 non
1473 1769 1654 1827 fuisse.
1705 1771 1802 1828 Est
1841 1781 2018 1828 tamen
2064 1773 2208 1829 aiiud

645 1857 880 1926 luiddam
908 1873 1018 1914 non
1049 1860 1258 1926 minus,
1287 1861 1396 1917 i'mo
1434 1870 1489 1918 et
1532 1863 1636 1918 hoc
1674 1874 1992 1935 argumento
2039 1867 2210 1921 mani-

630 1946 840 2004 festius.
873 1947 944 2004 Et
969 1949 1237 2020 quodnam
1266 1950 1402 2006 hoc?
1429 1951 1767 2024 Colloquium
1798 1956 2065 2024 serpentis
2087 1970 2208 2011 cum

631 2037 876 2094 muliere.
909 2039 1040 2097 Nam
1071 2045 1116 2096 si
1171 2042 1436 2100 terribiles
1476 2042 1706 2100 fuissent
1751 2045 1953 2101 homini
2000 2046 2204 2113 bestiae,

631 2130 823 2186 mulier
840 2141 1090 2202 serpente
1115 2144 1405 2205 conspecto
1427 2151 1533 2191 non
1554 2138 1859 2205 mansisset,
1887 2155 2060 2210 neque
2080 2155 2210 2196 con-

629 2221 808 2277 silium
858 2223 1178 2294 accepisset,
1225 2242 1400 2298 neque
1444 2242 1565 2283 cum
1613 2237 1756 2284 tanta
1797 2231 2086 2287 securitate
2131 2231 2209 2287 illi

629 2311 845 2383 loquuta
875 2312 1098 2381 fuisset,
1119 2315 1214 2372 sed
1240 2317 1420 2373 statim
1445 2316 1514 2374 ad
1544 2327 1819 2390 aspectum
1849 2319 1992 2375 illius
2017 2322 2208 2378 obstuo

627 2401 840 2473 pefacta
894 2404 1231 2476 profugisset.
1265 2407 1462 2465 Verum
1513 2425 1654 2465 nunc
1701 2409 2056 2482 colloquitur,
2111 2425 2210 2467 nec

629 2493 820 2550 metuit
849 2510 865 2550 :
896 2495 1128 2551 nonduin
1155 2498 1300 2553 enim
1329 2507 1447 2557 erat
1486 2499 1648 2556 timor
1670 2499 1779 2556 ille.
1815 2499 2078 2557 (laterum
2114 2501 2208 2558 ubi

628 2592 906 2654 peccatum
938 2586 1171 2655 intravit,
1206 2587 1382 2644 ablata
1419 2599 1503 2646 est
1539 2590 1654 2646 hinc
1692 2591 1920 2661 dignitas
1964 2601 2020 2648 et
2061 2603 2208 2663 pote-

619 2685 760 2736 uas.
790 2678 856 2734 Et
897 2679 1341 2749 quemadmodtun
1390 2682 1528 2740 inter
1556 2696 1744 2740 servos
1785 2685 1901 2740 fieri
1948 2686 2120 2750 solet,
2149 2695 2210 2742 ut

627 2766 963 2838 probatiores
989 2780 1044 2826 et
1064 2769 1400 2830 honestiores
1424 2775 1699 2832 conservis
1721 2775 1914 2830 terrori
1944 2777 2082 2841 sint;
2115 2777 2208 2846 qui

622 2866 805 2915 autem
847 2858 1203 2931 deliquerunt,
1229 2872 1284 2918 et
1309 2877 1601 2922 conservos
1641 2867 1898 2921 timeant:
1931 2867 2010 2922 sic
2041 2876 2110 2922 et
2152 2867 2207 2922 in

628 2948 848 3005 homine
875 2949 1069 3006 factum
1090 2962 1194 3009 est.
1232 2953 1366 3010 Nam
1393 2954 1537 3014 salva
1569 2966 1818 3014 manente
1845 2958 1984 3013 illius
2014 2957 2208 3013 ﬁducia

622 3038 766 3109 apud
796 3039 964 3096 Deum
985 3082 1000 3104 ,
1030 3043 1285 3100 terribilis
1306 3054 1423 3100 erat
1448 3054 1502 3101 et
1527 3044 1751 3101 bestiis:
1781 3047 1869 3102 ubi
1897 3058 2075 3103 autem
2103 3049 2206 3102 im-

628 3129 800 3199 pegit.
852 3131 1040 3186 timere
1079 3134 1242 3203 capit
1285 3135 1449 3190 etiam
1489 3150 1872 3191 conservorum
1915 3147 2204 3194 extremos.

619 3216 779 3285 Quod
809 3220 856 3274 si
895 3236 1010 3290 qua:
1039 3222 1263 3278 dicimus
1289 3240 1394 3279 non
1424 3224 1562 3281 feras
1581 3265 1598 3291 ,
1623 3225 1929 3282 demonstra
1962 3238 2014 3281 tu
2054 3229 2204 3294 mihi,

618 3307 716 3362 ubi
757 3310 1023 3365 terribiles
1057 3320 1181 3366 ante
1218 3324 1491 3382 peccatum
1521 3314 1717 3370 fuerint
1749 3314 1949 3370 homini
1997 3317 2203 3373 bestim.

627 3397 733 3452 Sed
771 3413 876 3453 non
907 3401 1126 3470 poteris.
1155 3401 1308 3470 Quod
1336 3405 1380 3458 si
1411 3413 1594 3474 postea
1629 3405 1792 3461 subiit
1821 3405 2011 3472 timor,
2045 3407 2207 3462 etiam

625 3500 729 3544 nnc
756 3490 848 3545 Dei
869 3489 1207 3564 benignitatis
1234 3494 1524 3549 maximum
1549 3504 1919 3563 argumentum
1940 3504 2044 3552 est.
2073 3496 2206 3552 Nam

627 3581 673 3634 si
697 3590 976 3651 postquam
1019 3583 1178 3640 homo
1201 3584 1509 3641 mandatum
1552 3601 1915 3658 transgressus
1934 3596 2036 3652 est,
2071 3589 2206 3642 inte-

625 3683 722 3739 ger
745 3669 883 3725 illius
901 3672 1185 3728 mansisset
1205 3673 1376 3728 honor
1399 3683 1455 3730 et
1482 3675 1796 3743 immobilis,
1825 3675 1965 3730 haud
1992 3674 2145 3732 facile
2174 3692 2205 3732 a

617 3758 777 3831 lapsu
801 3762 1194 3818 resurrexisset.
1227 3763 1664 3836 Quandoquidem
1690 3781 1810 3822 cum
1839 3767 2207 3824 inobedientes

625 3859 680 3906 et
707 3851 1019 3909 obedientes
1043 3853 1286 3910 homines
1306 3857 1419 3926 pari
1439 3856 1694 3927 dignitate
1729 3857 1996 3926 fruuntur,
2022 3861 2208 3930 nequi-

626 3944 713 3998 tia:
755 3941 1048 3999 assueiiunt
1075 3945 1263 4016 magis,
1292 3960 1390 4001 nec
1417 3947 1568 4002 facile
1594 3947 1662 4002 ab
1686 3963 1748 4003 ea
1771 3947 2051 4005 desistunt.
2071 3949 2204 4006 Cum

621 4036 769 4092 ettim
797 4051 938 4092 nunc
964 4045 1042 4092 tot
1065 4036 1387 4094 instantibus
1413 4040 1737 4106 terroribus,
1763 4041 1956 4110 pretiis,
1979 4051 2036 4097 et
2074 4059 2204 4113 sup-

625 4127 800 4196 pli‘ciis
825 4143 928 4182 non
959 4129 1344 4196 emendantur,
1375 4130 1559 4202 quales
1590 4131 1810 4187 fuissent
1853 4135 1897 4188 si
1935 4133 2066 4189 nihil
2110 4149 2207 4204 pro

619 4214 835 4272 delictis
863 4217 976 4272 suis
1009 4233 1170 4288 grave
1200 4220 1338 4289 passi
1369 4221 1593 4275 essent?
1624 4223 1795 4292 Atque
1823 4223 1891 4276 ita
1925 4223 2203 4294 imperium

624 4308 782 4363 nobis
808 4323 837 4362 a
869 4309 1013 4376 Deo,
1039 4309 1181 4381 quod
1213 4325 1457 4382 magnam
1503 4313 1670 4367 nostri
1719 4329 1900 4368 curam
1941 4324 1994 4370 et
2025 4316 2204 4386 provi-

627 4397 863 4452 dentiam
898 4409 1130 4468 gereret,
1158 4409 1242 4457 est
1267 4400 1522 4456 ablatum.

693 4491 746 4547 5.
779 4491 857 4546 Tu
887 4499 1089 4558 autem,
1127 4492 1422 4561 carissime,
1454 4502 1509 4551 ct
1522 4494 1632 4564 jam
1665 4494 1786 4551 inde
1816 4496 2194 4567 benignitatem

623 4583 719 4637 Dei
767 4581 1086 4639 ineffabilem
1137 4583 1455 4650 considera,
1498 4587 1766 4654 quomodo
1817 4588 1982 4640 Adam
2033 4596 2200 4643 totum

624 4672 930 4727 mandatum
977 4672 1315 4740 subverterit,
1353 4682 1409 4728 et
1434 4684 1595 4729 totam
1622 4676 1791 4746 legem
1840 4686 2202 4749 transgressus

623 4764 692 4820 sit
722 4781 738 4822 :
767 4763 1025 4834 benignus
1047 4773 1224 4818 autem
1257 4765 1398 4820 Deus
1423 4765 1658 4820 bonitate
1683 4781 1776 4821 sua
1806 4779 1982 4822 nostra
2011 4769 2200 4826 delicta

625 4869 907 4927 superans,
933 4871 1040 4911 non
1071 4865 1240 4914 totum
1266 4855 1524 4912 honorem
1559 4858 1856 4925 abstulerit,
1887 4875 2058 4929 neque
2088 4870 2200 4916 toto

620 4947 874 5020 dejeecrit
914 4947 1211 5020 principatu
1259 4947 1403 5003 :sed
1447 4963 1508 5003 ea
1551 4949 1824 5004 dumtaxat
1869 4953 2117 5007 animalia
2169 4967 2200 5007 a

623 5047 801 5094 nostra
824 5047 1087 5107 potestate
1106 5037 1404 5104 abduxerit,
1423 5053 1541 5110 qua:
1567 5055 1671 5096 non
1694 5044 1913 5096 multum
1945 5043 2011 5097 ad
2042 5044 2201 5115 hujus

620 5130 744 5184 vita:
765 5128 1041 5186 utilitatem
1063 5129 1217 5185 nobis
1235 5129 1554 5194 conducunt,
1577 5147 1694 5202 qua
1715 5148 1841 5188 vero
1865 5135 1982 5189 vita:
2003 5145 2200 5191 nostra:

622 5220 849 5275 multum
891 5219 1148 5285 serviunt,
1180 5226 1235 5276 et
1263 5222 1406 5276 utilia
1436 5224 1844 5294 necessariaque
1885 5236 2027 5295 sunt,
2058 5243 2118 5283 ea
2146 5230 2198 5284 in

621 5313 896 5376 servitute,
927 5320 983 5366 et
1012 5311 1343 5382 subjectione
1367 5327 1460 5368 sua
1507 5314 1789 5370 dimiserit.
1818 5317 2046 5387 lteliquit
2071 5336 2200 5390 ergo

615 5399 775 5454 nobis
801 5400 962 5456 boum
985 5410 1226 5456 armenta
1248 5443 1263 5464 ,
1295 5409 1353 5456 ut
1378 5414 1611 5458 aratrum
1657 5405 1949 5471 trahamus,
2001 5418 2194 5465 terram

618 5490 919 5556 sulcemus,
968 5506 1242 5548 seramus:
1283 5493 1496 5563 reliquit
1542 5502 1595 5549 et
1631 5496 1986 5567 subjugalium
2034 5502 2196 5556 multa

612 5597 835 5652 genera,
858 5591 918 5637 ut
935 5598 1034 5638 nos
1052 5584 1303 5654 adiuvent
1326 5584 1391 5639 ad
1415 5585 1557 5640 utilia
1577 5603 1798 5659 quasque
1819 5593 2157 5647 convehenda
2179 5610 2192 5657 ;

619 5673 834 5744 reliquit
853 5675 1028 5728 ovium
1059 5689 1265 5745 greges.
1295 5684 1354 5729 ut
1381 5674 1698 5734 haberemus
1724 5696 1842 5749 qure
1871 5681 1936 5734 ad
1967 5684 2194 5739 vestien-

620 5766 743 5820 dum
774 5780 879 5819 uos
909 5761 1243 5832 sufiiCerent;
1268 5767 1477 5840 reliquit
1514 5780 1566 5824 et
1601 5770 1702 5825 alia
1725 5772 2068 5828 animantium
2100 5791 2192 5844 ge-

2321 501 2476 556 nera,
2497 485 2638 544 unde
2662 486 2823 543 multa
2840 487 2996 545 nobis
3019 482 3759 558 suppeditantur-coniuratis.
3774 482 3920 540 Nam

2317 581 2442 651 quia
2456 580 2681 651 puniens
2691 580 2961 637 hominem
2977 581 3049 637 ob
3061 578 3736 645 inobedicntiam,diserat,
3755 576 3923 633 Insa-

2317 671 2442 725 dore
2455 671 2602 740 {aciei
2621 682 2722 726 tua
2739 671 2945 727 seueris
2956 687 3088 740 pane
3101 680 3187 724 tuo
3198 668 3349 739 (Gen.
3370 671 3422 726 ὃ.
3439 669 3533 740 19)
3550 689 3565 726 :
3585 677 3647 724 ut
3663 685 3732 725 ne
3744 668 3922 724 sudor

2318 770 2372 816 et
2389 761 2540 818 labor
2557 762 2642 818 hic
2658 771 2840 818 noster
2855 761 3203 817 intolerabilis
3217 760 3591 826 foregsudoris
3607 759 3918 823 molestias,

2316 859 2372 905 et
2419 851 2619 908 laboris
2655 866 2793 907 onus
2817 852 3088 907 alleviavit
3128 851 3493 921 jumentorum
3538 850 3922 919 multitudine,

2319 957 2437 1011 quae
2489 955 2591 995 una
2640 942 2916 998 nobiscum
2966 941 3228 1007 laborant,
3280 951 3334 996 et
3379 941 3656 995 molestias
3709 941 3920 1009 ferunt,

2318 1031 2459 1086 idem
2489 1032 2687 1088 faciens
2714 1033 2857 1102 quod
2885 1033 3144 1104 benignus
3159 1042 3212 1088 et
3243 1031 3475 1103 prudens
3504 1031 3916 1102 paterfamilias,

2316 1121 2408 1191 qui
2438 1121 2698 1192 ﬂagellato
2714 1137 2891 1188 servo,
2922 1124 3280 1177 etiamcuram
3306 1121 3592 1193 quamdam
3607 1136 3910 1193 congruam

2319 1212 2542 1282 ﬂagellis
2571 1211 2787 1268 adhibet
2819 1230 2833 1267 :
2859 1213 2939 1268 sic
2970 1221 3024 1268 et
3056 1213 3193 1268 Deus
3225 1221 3284 1268 ut
3308 1213 3689 1269 condemnavit
3715 1226 3913 1283 pecca-

2319 1311 2510 1370 torem,
2559 1303 2818 1360 leniorem
2845 1306 3006 1360 etiam
3036 1304 3538 1360 condemnationem
3567 1319 3692 1361 esse
3718 1304 3915 1371 voluit,

2315 1401 2370 1447 et
2397 1393 2551 1448 nobis
2569 1393 2635 1448 ad
2655 1399 2906 1448 sudorem
2930 1403 2986 1450 et
3011 1393 3246 1449 laborem
3273 1400 3589 1463 perpetuum
3614 1392 3917 1458 damnatis,

2315 1482 2633 1538 subsidiaria
2663 1481 2789 1538 fecit
2835 1484 2999 1537 multa
3030 1482 3305 1538 brutarqu
3346 1498 3562 1553 genera.
3595 1487 3777 1554 Atque
3820 1483 3914 1548 ita,

2315 1574 2455 1644 quod
2500 1573 2759 1630 honorem
2792 1574 2946 1630 nobis
2986 1574 3131 1630 dedit
3153 1583 3208 1629 et
3234 1588 3417 1628 rursus
3445 1574 3680 1640 abstulit,
3733 1583 3791 1629 et
3819 1572 3920 1630 bc-

2313 1667 2539 1722 stiarum
2572 1666 2727 1722 nobis
2748 1676 2948 1722 metum
2977 1666 3219 1732 inunisit,
3245 1675 3302 1720 et
3341 1665 3544 1728 omnia,
3575 1665 3618 1719 si
3647 1664 3774 1735 quis
3796 1663 3921 1719 dili-

2312 1766 2506 1829 genter
2522 1767 2578 1813 et
2616 1757 2834 1814 cordate
2861 1759 3113 1829 iuquirat,
3157 1756 3392 1813 oll‘endet
3421 1755 3577 1826 plena
3606 1756 3918 1826 sapientia,

2315 1848 2688 1920 providentiae,
2711 1859 2767 1904 et
2795 1849 3157 1919 benignitatis.

2389 1938 2715 2008 Sacriﬁcium
2755 1939 3031 1992 inea-intuiti
3076 1936 3178 1992 Dei
3220 1937 3576 1992 beneﬁciorum
3625 1937 3918 1991 recordari.

2313 2061 2387 2075 —-
2429 2031 2689 2101 Quocirca
2744 2046 2844 2102 pro
2891 2031 2972 2086 bis
3023 2028 3270 2084 omnibus
3312 2031 3511 2100 gratias
3567 2029 3615 2084 ei
3669 2043 3920 2083 summas

2314 2137 2534 2193 agamus
2559 2164 2575 2188 ,
2626 2122 2717 2194 qui
2771 2129 2914 2176 tanta
2955 2120 3096 2190 apud
3137 2134 3237 2176 uos
3279 2119 3537 2175 beneficia
3601 2119 3915 2175 collocavit.

2313 2212 2497 2283 Neque
2541 2212 2685 2267 enim
2749 2226 2910 2283 grave
2974 2211 3173 2282 aliquid
3221 2219 3277 2266 et
3326 2224 3614 2266 onerosum
3665 2225 3696 2263 a
3757 2210 3921 2265 nobis

2313 2303 2538 2374 requirit
2573 2321 2587 2358 :
2629 2302 2724 2359 sed
2765 2302 2941 2358 solum
2981 2312 3040 2356 ut
3083 2311 3340 2357 testemur
3370 2310 3432 2356 et
3468 2302 3731 2356 fateamur
3769 2309 3920 2355 tanta

2315 2393 2595 2460 beneﬁcia,
2645 2401 2699 2449 et
2719 2407 2823 2464 pro
2866 2393 2950 2448 bis
2989 2393 3189 2464 gratias
3241 2391 3536 2448 referamus
3567 2410 3580 2446 :
3610 2407 3723 2447 non
3772 2392 3919 2463 quod

2316 2483 2431 2553 ipse
2452 2483 2539 2538 his
2560 2491 2733 2554 egeat,
2759 2483 2849 2553 qui
2882 2482 3023 2537 nulla
3055 2497 3116 2538 re
3141 2482 3342 2553 indiget
3359 2498 3379 2548 ;
3398 2482 3493 2538 sed
3516 2491 3574 2537 ut
3595 2496 3695 2538 nos
3731 2481 3917 2537 disca-

2314 2587 2437 2629 mus
2459 2583 2734 2630 auctorem
2764 2573 3028 2629 bonorum
3059 2573 3216 2628 nobis
3243 2573 3556 2640 conciliare,
3598 2581 3654 2627 ct
3683 2588 3795 2627 non
3825 2571 3916 2629 in-

2313 2666 2452 2737 grati
2474 2667 2662 2734 simus,
2687 2665 2784 2722 sed
2803 2667 3016 2738 dignam
3044 2667 3208 2722 tantis
3227 2665 3502 2722 beneﬂciis
3532 2675 3589 2723 et
3612 2664 3911 2737 providen-

2313 2759 2387 2815 tia
2417 2759 2668 2815 virtutem
2719 2757 3025 2814 afferamus.
3055 2757 3189 2814 Nam
3220 2758 3299 2813 sic
3345 2758 3518 2829 ipsum
3547 2757 3616 2812 ad
3643 2756 3914 2828 majorem

2315 2851 2483 2906 nostri
2524 2850 2934 2908 sollicitudinem
2984 2849 3415 2922 provocabimus.
3447 2848 3556 2905 Oro
3605 2849 3790 2919 igitur,
3843 2863 3915 2903 ac

2313 2941 2527 2998 desides
2550 2943 2740 3008 simus,
2788 2943 2883 2998 sed
2915 2943 3279 3013 unusquisque
3327 2957 3422 3012 pro
3467 2941 3607 2996 virili
3653 2950 3915 3011 suppetet

2313 3033 2454 3104 apud
2483 3048 2543 3091 sc
2563 3033 2787 3103 singulis
2827 3035 2991 3099 noris,
3022 3049 3128 3088 non
3173 3033 3342 3088 solum
3370 3033 3674 3090 communia
3699 3032 3914 3089 benefi-

2314 3125 2418 3188 cia,
2451 3124 2544 3179 sed
2567 3133 2620 3179 et
2646 3124 2847 3195 privata
2873 3123 2928 3179 in
2953 3139 3011 3180 se
3039 3124 3236 3179 collata
3269 3141 3282 3178 :
3321 3140 3425 3179 non
3447 3139 3512 3180 ea
3544 3133 3751 3180 tantum
3789 3141 3911 3197 quso

2314 3231 2502 3272 omnes
2528 3215 2780 3279 fatentur,
2807 3224 2863 3272 et
2901 3231 3021 3288 quas
3047 3215 3297 3271 omnibus
3323 3213 3600 3271 manifesta
3630 3225 3783 3283 sunt,
3813 3217 3910 3274 sed

2314 3314 2370 3362 et
2395 3307 2627 3376 propria,
2659 3321 2722 3361 ac
2763 3307 3045 3376 plerosque
3070 3307 3286 3362 latentia
3315 3323 3331 3362 :
3361 3307 3440 3360 sic
3464 3306 3606 3360 enim
3640 3306 3710 3361 ad
3733 3309 3913 3364 couti~

2313 3411 2476 3452 nuam
2503 3397 2792 3467 gratiarum
2820 3398 3084 3452 actionem
3119 3396 3343 3451 Domino
3381 3395 3724 3451 referendam
3765 3397 3906 3453 inci-

2317 3490 2532 3544 tabitur.
2567 3489 2679 3544 lloc
2698 3488 2984 3543 maximum
3009 3487 3351 3554 sacrificium,
3402 3486 3518 3542 haec
3549 3485 3792 3556 perfecta
3819 3488 3908 3543 ob-
3953 3495 3956 3498 ’

2316 3582 2444 3636 latio
2467 3590 2571 3647 est,
2599 3581 2701 3636 hoc
2729 3581 2942 3636 ﬁducia:
2962 3597 3087 3651 erga
3115 3581 3280 3635 Deum
3305 3587 3505 3635 nostra:
3524 3590 3907 3651 argumentum

2313 3677 2369 3726 et
2393 3685 2553 3726 causa
2581 3681 2696 3725 est:
2726 3680 2779 3726 et
2801 3671 3093 3741 quomodo,
3123 3685 3226 3740 ego
3251 3669 3445 3724 dicam.
3477 3669 3580 3737 Qui
3607 3671 3754 3726 enim
3787 3669 3906 3728 hac

2312 3762 2565 3818 continuo
2612 3762 2666 3817 in
2711 3771 2890 3816 mente
2933 3776 3027 3816 sua
3077 3769 3272 3826 versat,
3302 3769 3356 3818 et
3383 3775 3535 3816 suam
3589 3762 3906 3819 tenuitatem

2314 3864 2561 3911 accurate
2591 3853 2756 3918 novit,
2812 3864 2866 3909 et
2894 3855 3223 3908 eminentem
3253 3853 3485 3908 divinam
3515 3853 3904 3923 benignitatem

2311 3946 2543 4014 cogitat;
2566 3943 2832 4014 quomodo
2859 3959 3051 4013 nempe
3072 3959 3177 3997 non
3198 3941 3480 3998 attendens
3505 3943 3632 4012 quid
3656 3959 3905 4001 merean-

2315 4044 2400 4090 tur
2431 4045 2641 4104 peccata
2673 4044 2876 4100 nostra,
2909 4035 3002 4090 sed
3023 4034 3148 4105 quid
3176 4050 3272 4090 sua
3301 4034 3512 4089 bonitas
3541 4036 3802 4104 postulet,
3831 4038 3902 4093 ita

2315 4142 2400 4183 res
2433 4136 2644 4180 nostras
2662 4125 2935 4194 dispenset
2959 4143 2972 4179 :
3005 4128 3049 4180 is
3075 4126 3331 4180 nimirum
3359 4135 3594 4182 mentem
3619 4126 3896 4198 deprimit,

2313 4233 2407 4274 cor
2435 4218 2685 4284 conterit,
2710 4233 2923 4274 onmem
2955 4217 3148 4272 fastum
3176 4225 3231 4273 et
3251 4220 3611 4289 arrogantiam
3642 4221 3900 4291 castigat,

2311 4311 2468 4366 discit
2489 4310 2732 4365 modeste
2748 4325 2926 4381 agere,
2959 4319 3304 4366 contemnere
3329 4311 3611 4380 pmsentis
3632 4312 3756 4368 vita:
3777 4314 3899 4384 glo-

2310 4401 2465 4468 riam,
2497 4402 2675 4456 ridere
2716 4400 2940 4456 risibilia
2982 4402 3185 4468 omnia,
3238 4402 3473 4472 cogitare
3527 4399 3712 4456 futura
3760 4401 3899 4458 bona

2310 4493 2578 4563 vitamque
2609 4491 2963 4547 immortalem
3011 4506 3073 4546 ac
3122 4506 3411 4561 numquam
3453 4491 3768 4548 finiendam.
3797 4493 3898 4561 Qut

2310 4592 2486 4639 autem
2512 4583 2589 4639 sic
2617 4582 2846 4638 aflicitur
2869 4585 3069 4648 animo,
3095 4597 3280 4638 verum
3302 4592 3356 4637 et
3382 4593 3665 4654 acceptum
3693 4586 3901 4642 sacrifi-

2309 4675 2450 4730 cium
2479 4674 2592 4730 Deo
2630 4673 2806 4742 oli'ert,
2859 4675 2996 4728 sicut
3037 4673 3296 4744 propheta
3326 4671 3452 4728 dicit
3501 4692 3516 4726 :
3565 4673 3899 4746 Sacriﬁcium

2315 4765 2416 4818 Deo
2450 4765 2658 4835 spiritus
2679 4764 3041 4819 contribulatus
3062 4781 3081 4830 ;
3104 4780 3192 4818 cor
3209 4764 3479 4818 contritum
3503 4777 3552 4818 et
3575 4765 3900 4822 humiliatus

2317 4855 2450 4910 Deus
2475 4874 2574 4910 non
2602 4857 2838 4928 despiciet
2870 4855 3038 4928 (Psal.
3068 4857 3155 4912 50.
3191 4855 3309 4928 i9).
3341 4854 3604 4912 Cordatos
3646 4860 3792 4917 enim
3817 4861 3898 4916 fa-

2312 4949 2486 5002 mulos
2514 4963 2618 5002 nou
2649 4958 2754 5001 tam
2788 4962 2958 5017 poena:
2983 4958 3036 5002 et
3081 4948 3340 5018 supplicia
3377 4948 3684 5015 emendant,
3719 4960 3776 5005 ut
3809 4951 3898 5008 be.

2311 5039 2518 5105 neiieia,
2544 5048 2596 5092 et
2623 5038 2764 5107 quod
2793 5039 3038 5093 noverint
3057 5051 3115 5094 se
3132 5053 3240 5093 non
3267 5038 3556 5094 secundum
3577 5039 3894 5097 delictorum

2309 5132 2494 5186 merita
2525 5144 2735 5200 pinnam
2769 5133 2934 5186 luere.

2378 5223 2430 5277 6.
2461 5221 2812 5276 Couteramus
2841 5222 3014 5290 igitur,
3057 5221 3303 5289 obsecro,
3347 5222 3583 5277 animum
3613 5233 3857 5279 nostrum
3877 5267 3893 5291 ,

2310 5313 2651 5366 humiliemus
2676 5322 2910 5366 mentem
2935 5321 2989 5367 et
3011 5327 3152 5366 nunc
3175 5312 3406 5366 maxime
3423 5327 3543 5366 cum
3574 5328 3676 5368 nec
3701 5315 3892 5384 jejunii

2308 5415 2516 5474 tempus
2551 5403 2712 5457 multa
2752 5403 2905 5458 nobis
2934 5403 3000 5457 ad
3042 5402 3145 5458 hoc
3173 5402 3652 5473 prazbetsubsidia.
3687 5405 3821 5460 Nam
3847 5407 3891 5462 si

2307 5498 2375 5551 ita
2416 5495 2587 5550 affecti
2639 5494 2914 5560 fuerimus,
2971 5495 3258 5564 poterimus
3285 5506 3337 5550 et
3359 5511 3544 5566 magna
3599 5496 3891 5551 attentione

2309 5603 2494 5657 preces
2529 5587 2771 5649 fundere,
2793 5585 3175 5642 etconlitentes
3197 5597 3410 5656 peccata
3429 5587 3650 5640 multum
3666 5588 3888 5657 gratiam

2307 5696 2534 5751 superne
2558 5678 2821 5735 obtinere.
2852 5680 2915 5734 Et
2941 5691 2995 5733 ut
3019 5680 3198 5734 sciatis
3222 5680 3352 5733 tales
3397 5679 3603 5733 animas
3638 5681 3745 5734 Deo
3783 5681 3889 5748 pla-

2306 5790 2447 5839 cere,
2481 5773 2602 5828 audi
2645 5773 2814 5843 ipsum
2858 5773 3121 5829 dicentem
3154 5790 3166 5828 :
3199 5773 3277 5826 Ad
3301 5789 3443 5843 quem
3473 5775 3763 5841 neapiciam,
3792 5774 3886 5827 nisi
