4038 6376
253 325 324 379 8|
1414 294 1479 350 IN
1518 290 1672 349 CAP.
1716 288 1754 343 l.
1795 280 2043 343 GENES’Z
2087 276 2314 335 ll‘USllL.
2361 273 2427 330 Χ.
3506 260 3587 319 82.

258 442 336 495 ad
366 437 628 501 humilem,
668 440 717 485 et
756 430 999 500 quietum,
1040 431 1085 479 et
1134 428 1423 476 trementem
1445 425 1699 469 sermones
1728 422 1863 461 meos

263 530 421 603 (hui.
446 530 533 586 66.
563 499 677 595 2)?
699 499 901 576 Idcirco
925 527 978 573 et
1007 514 1253 572 Christus
1283 512 1352 565 ita
1379 505 1698 576 quuebatur
1728 517 1741 553 ε
1774 499 1869 601 οξ-

263 590 391 681 scite
419 640 449 677 a
471 637 549 674 me
570 590 693 685 quia
718 614 853 667 mitts
873 626 1008 676 sum,
1031 614 1075 661 et
1099 603 1305 659 humilis
1333 597 1504 661 corde,
1527 605 1574 649 et
1602 590 1867 647 invenietis

531 674 795 764 animabus
836 674 1014 758 vestris
1040 696 1258 771 (M'attlt.
1286 695 1373 749 ll.
1421 688 1540 759 29).
1593 686 1725 741 Nam
1776 674 1887 752 qui‘

266 781 402 863 vere
428 805 665 873 seipsum
698 795 960 859 bumillat,
984 802 1272 860 numquam
1296 784 1492 856 poterit
1517 781 1593 835 ira
1624 790 1867 832 commo-

270 900 411 965 veri,
443 906 497 953 et
526 893 785 966 proximo
811 899 1155 949 succensere;
1183 880 1359 936 anima
1385 876 1502 946 ejus
1537 873 1591 927 in
1620 870 1702 925 sui
1741 882 1874 922 con-

269 960 601 1046 sideratione
653 989 913 1052 occupata
970 986 1025 1033 et
1075 976 1213 1029 intra
1268 969 1500 1039 seipsam
1574 960 1867 1017 b‘umiliata.

271 1080 467 1137 Anima
493 1087 675 1133 autem
701 1051 820 1145 qua:
845 1073 923 1127 sic
948 1083 1009 1125 se
1039 1067 1221 1129 habet,
1253 1060 1380 1132 quid
1396 1062 1532 1112 'esse
1562 1053 1732 1125 possit
1750 1051 1876 1145 hea-

276 1173 423 1229 tius?
448 1142 783 1240 Quicumque
806 1165 927 1219 talis
956 1171 1059 1227 est,
1087 1162 1147 1215 is
1166 1164 1323 1229 portu
1346 1154 1604 1210 continuo
1626 1145 1779 1201 sedet
1806 1142 1875 1197 ab

276 1265 425 1321 omni
452 1238 770 1333 tempestate
810 1258 965 1321 liber,
996 1264 1053 1310 et
1078 1252 1378 1308 oblectatur
1411 1246 1469 1300 in
1493 1238 1875 1313 cogitationum

277 1328 684 1430 tranquillitate.
741 1353 864 1408 Ideo
914 1349 1161 1405 Christus
1190 1340 1454 1399 dicebat:
1504 1334 1574 1390 Et
1606 1328 1879 1430 “invenietis

279 1422 503 1522 requiem
527 1444 795 1501 animabus
821 1443 1017 1497 vestris.
1052 1437 1237 1506 Itaque
1280 1433 1418 1487 sicut
1444 1426 1535 1500 qui
1565 1422 1881 1479 aﬂ‘ectiones

279 1513 404 1599 illas
428 1539 624 1611 sopivit
650 1537 823 1591 multa
840 1533 1026 1603 requie
1051 1528 1264 1589 fruitur,
1292 1523 1364 1579 ita
1383 1521 1540 1577 deses
1563 1526 1618 1573 et
1635 1513 1878 1583 supinus,

280 1645 342 1691 ct
365 1630 657 1704 quinequit
675 1627 898 1683 affectus
925 1636 1054 1677 suos
1079 1631 1140 1676 ut
1166 1618 1322 1674 decet
1363 1612 1655 1674 moderari,
1682 1621 1880 1679 perpe—

283 1696 896 1796 tuo-perturbationibus
924 1712 1187 1769 obnoxius
1215 1716 1319 1772 est,
1369 1704 1516 1760 domi
1560 1700 1755 1756 bellum
1789 1696 1883 1749 ha-

283 1791 655 1885 ben—nemine
694 1818 962 1884 praesente
992 1806 1255 1869 turbatur,
1306 1809 1360 1856 et
1390 1810 1605 1869 gravem
1648 1791 1886 1846 sustinet

285 1883 661 1981 tempestatem
699 1883 719 1960 ῖς
760 1912 1042 1975 propterea
1087 1896 1335 1951 ﬂuctibus
1379 1906 1439 1947 se
1481 1883 1881 1947 extollentibus,

284 1978 736 2059 eteitorieutibus
790 1995 1055 2049 malorum
1099 1988 1383 2059 Spiritunm
1435 1978 1708 2050 procellis,
1740 1988 1886 2043 saepe

288 2095 417 2151 navi
446 2092 517 2148 ob
542 2088 859 2161 imperitiam
882 2080 1254 2155 gubernatoris
1280 2078 1548 2137 demersa,
1581 2069 1740 2125 simul
1772 2069 1887 2136 ipse

286 2188 671 2256 submergitur.
699 2181 927 2251 Proinde
954 2179 1112 2234 decet
1151 2191 1250 2230 nos
1279 2187 1401 2228 esse
1436 2168 1649 2225 sobrios
1683 2173 1738 2218 et
1760 2162 1890 2233 vigi-

292 2285 400 2348 les,
455 2292 510 2336 et
550 2287 863 2349 perpetuam
914 2272 1414 2335 indesinentemquc
1462 2262 1654 2315 anima:
1691 2266 1891 2312 nostra:

288 2373 705 2431 sollicitudinem
749 2367 967 2421 habere.
1010 2359 1298 2418 Christiani
1328 2359 1473 2411 enim
1508 2360 1591 2408 est
1635 2350 1892 2404 adversus

290 2448 760 2534 concupiscentias
804 2457 983 2512 carnis
1022 2466 1237 2521 semper
1285 2450 1337 2503 in
1384 2447 1499 2501 acie
1529 2453 1694 2505 stare,
1744 2440 1891 2508 leges

294 2557 507 2615 Domini
534 2556 699 2611 nostri
748 2552 904 2607 nobis
932 2549 1084 2603 datas
1111 2558 1324 2614 semper
1351 2541 1551 2594 habere
1574 2543 1890 2606 pratscntes,

295 2664 351 2709 et
384 2652 469 2707 his
497 2650 690 2705 muniri
718 2657 878 2716 atque
910 2643 1050 2698 illius
1078 2638 1357 2695 tolerantia
1381 2649 1485 2689 non
1520 2630 1689 2695 abuti,
1716 2640 1892 2697 neque

294 2752 630 2815 exspectare,
656 2741 834 2795 donec
860 2753 919 2792 re
959 2737 1072 2804 ipsa
1103 2734 1196 2786 irae
1224 2730 1365 2784 illius
1403 2724 1694 2797 periculum
1736 2720 1895 2773 facia-

296 2813 441 2902 Inus,
491 2846 551 2889 ut
578 2835 702 2888 tunc
744 2829 1106 2891 hnmiliemur,
1146 2831 1316 2878 utne
1353 2828 1421 2874 et.
1447 2818 1513 2872 de
1558 2815 1713 2869 nobis
1752 2813 1897 2865 dica-

298 2940 416 2995 tur,
454 2926 583 2981 Cum
625 2922 867 2978 occideret
909 2935 1013 2985 eos,
1061 2927 1178 2969 tunc
1217 2910 1530 2981 inquirebant
1569 2923 1681 2960 eum
1713 2902 1905 2976 (Psal..

297 3020 491 3075 πεδί
518 3020 565 3091 ).

371 3112 633 3184 Confessio
660 3117 997 3178 peccatorum.
1020 3134 1089 3144 -—
1115 3100 1437 3170 Cumvigitnr
1459 3095 1771 3166 adjumento
1801 3108 1897 3146 no-

300 3208 388 3262 bis
413 3219 555 3259 nunc
568 3204 641 3258 sit
656 3201 847 3272 jejunii
877 3208 1109 3266 tempus,
1138 3190 1423 3254 carissimi,
1447 3201 1637 3244 omnes
1665 3186 1731 3240 ad
1763 3199 1898 3239 con—

303 3300 592 3356 fessionem
643 3304 984 3365 peccatorum
1032 3297 1335 3344 nostrorum
1378 3282 1711 3344 festinemus,
1754 3276 1902 3333 etab

302 3391 452 3448 oximi
474 3389 673 3445 malitia
690 3387 1040 3447 abstinentes,
1066 3390 1411 3435 exerceamus
1437 3374 1663 3429 virtutes
1687 3383 1897 3424 omnes.

302 3484 438 3540 Nam
461 3484 539 3536 sic
558 3491 613 3537 et
638 3480 827 3534 beatus
864 3473 1121 3545 propheta
1154 3468 1315 3525 David
1364 3467 1523 3523 docet
1563 3465 1646 3518 bis
1676 3462 1855 3517 verbis
1885 3480 1897 3515 :

307 3576 525 3630 Declina
552 3590 584 3626 a
614 3571 769 3633 malo,
798 3578 844 3622 et
873 3568 954 3638 fac
978 3566 1164 3619 bonum
1209 3561 1378 3635 (Psal.
1406 3560 1501 3616 '56.
1526 3558 1639 3627 27).
1672 3554 1825 3621 Quod
1856 3554 1901 3607 si

306 3671 361 3723 in
397 3668 541 3724 lnmc
573 3664 789 3719 modum
814 3663 974 3715 vitam
1000 3668 1238 3713 nostram
1266 3652 1674 3715 instituerimus,
1698 3659 1752 3703 et
1781 3647 1905 3702 abs-

307 3760 549 3816 tinentia:
581 3758 821 3813 ciborum
844 3753 1267 3809 ahstinentiama
1296 3747 1437 3801 vitiis
1473 3743 1902 3812 adjnnxcrimus,

308 3852 607 3923 poterimus
630 3859 683 3903 et
714 3862 815 3902 nos
844 3845 1031 3913 majori
1060 3841 1248 3896 tidncia
1281 3839 1404 3904 frui,
1442 3845 1497 3892 et
1538 3834 1844 3889 uberiorem
1874 3848 1903 3885 a

311 3945 425 3999 Deo
449 3943 829 4013 benignitatem
867 3938 1107 3993 obtinere
1146 3944 1201 3989 et
1228 3934 1280 3988 in
1332 3930 1580 4001 praesenti
1612 3929 1738 3992 vita,
1770 3936 1823 3983 et
1851 3928 1905 3981 in

312 4039 491 4091 futuro
514 4036 603 4088 illo
643 4032 732 4088 die
771 4021 1015 4096 terribili,
1050 4026 1300 4099 precibus
1330 4034 1383 4079 ct
1434 4021 1907 4078 intercessionibus

312 4143 499 4184 eorum
530 4127 619 4195 qui
650 4124 749 4195 ipsi
794 4123 1025 4177 maxime
1072 4120 1384 4189 placuerunt
1428 4135 1441 4169 :
1473 4115 1641 4186 gratia
1674 4123 1727 4168 et
1755 4113 1907 4168 beni—

314 4222 516 4291 gnitale
569 4216 780 4271 Domini
822 4213 989 4268 nostri
1007 4212 1143 4282 _Jesu
1179 4208 1397 4275 Christi,
1452 4222 1572 4261 cum
1617 4221 1725 4275 quo
1765 4205 1907 4259 Patri

316 4312 475 4368 simul
505 4320 559 4367 et
579 4308 797 4378 Spiritui
813 4314 1000 4362 sancto
1020 4305 1091 4358 sit
1108 4303 1296 4373 gloria,
1346 4300 1649 4370 imperium,
1690 4300 1861 4352 honor
1889 4338 1919 4364 ,.

318 4417 461 4460 nunc
500 4412 553 4458 et
605 4415 838 4469 semper,
892 4406 947 4453 et
999 4397 1050 4451 in
1100 4394 1297 4451 siccula
1324 4392 1666 4448 smculorum.
1707 4393 1903 4445 Amen.

922 4575 1200 4633 llOMlLl.\
1252 4574 1316 4628 Χ.

326 4760 634 4820 Exhortatio
655 4756 720 4811 ad
748 4771 841 4811 eos
866 4768 1002 4825 quos
1027 4750 1187 4821 pudet
1209 4760 1328 4819 post
1346 4749 1522 4805 cibum
1539 4757 1806 4817 sumptum
1828 4762 1916 4801 ac-

394 4851 587 4906 cedere
626 4848 689 4902 ad
731 4846 1044 4901 concionem
1074 4843 1532 4911 vespertinam,et
1574 4841 1624 4893 in
1653 4840 1915 4909 reliquum

395 4951 598 4998 textum
644 4948 785 5008 post,
814 4936 1087 4991 Faciamus
1135 4934 1386 4987 hominem
1432 4931 1708 4987 secundum
1739 4931 1927 4999 imagi-

398 5051 512 5088 nem
540 5042 785 5097 nostram,
829 5038 874 5082 et
904 5027 1182 5082 secundum
1231 5023 1609 5078 similitudinem
1659 5012 1810 5091 (Cen.
1865 5023 1917 5076 1.

398 5127 533 5198 26);
564 5136 617 5180 ct
646 5125 712 5180 de
744 5124 823 5177 his
846 5122 1042 5183 verbis,
1086 5118 1154 5173 Et
1199 5120 1315 5187 fecit
1340 5118 1473 5171 Deus
1514 5117 1809 5179 hominem;
1837 5133 1918 5169 sc-

399 5218 620 5273 cundum
660 5217 931 5285 imaginem
988 5212 1079 5265 Dei
1129 5211 1247 5279 fecit
1302 5209 1493 5275 illum;
1546 5208 1826 5263 masculum
1872 5217 1919 5259 et

402 5310 642 5382 feutinam
669 5308 783 5377 fecit
808 5302 1045 5375 illosUb.
1078 5318 1126 5357 tt.
1153 5302 1277 5371 Ἦ).

403 5514 456 5567 1.
480 5512 653 5565 Minor
673 5508 830 5563 hodie
860 5507 1012 5561 nobis
1039 5513 1332 5561 conventus
1351 5502 1536 5569 adest,
1564 5512 1618 5557 ct
1646 5502 1931 5571 angustius

330 5603 711 5660 conﬂuentium
726 5601 1012 5655 theatrum.
1036 5599 1163 5666 Cur,
1176 5607 1229 5653 et
1250 5597 1441 5668 quadc
1453 5611 1610 5651 causa
1629 5596 1930 5650 ?Fortassis

328 5697 492 5770 aliqui
519 5698 844 5755 erubuerunt
869 5738 883 5765 ,
912 5703 1033 5767 post
1056 5693 1360 5751 sensibiletn
1400 5706 1639 5748 mensam
1684 5689 1748 5745 ad
1776 5688 1929 5759 spiri-

1975 396 2118 452 tnale
2146 396 2249 451 hoc
2268 393 2450 447 venire
2471 386 2795 453 convivium,
2818 393 2874 441 et
2900 383 3016 439 hazc
3056 382 3295 451 ipsisest
3320 381 3580 437 absentia:
3650 382 3655 388 ’

1972 503 2131 545 causa
2168 485 2304 543 :sed
2346 484 2564 539 audiant
2595 482 2892 550 sapientem
2923 475 3211 548 quemdam
3260 474 3531 528 dicentem
3563 490 3577 528 :

1976 581 2069 635 Est
2096 579 2331 651 confusio
2359 592 2477 649 qua
2494 574 2688 629 inducit
2715 581 2991 643 peccatum,
3020 577 3068 623 et
3090 576 3163 622 est
3189 568 3423 638 confusio
3467 562 3579 637 glo-

1976 677 2055 730 ria
2079 685 2126 730 et
2150 674 2315 746 gratia
2342 670 2536 741 (Eccli.
2557 670 2611 724 4.
2628 667 2742 738 25).
2765 666 2880 721 Non
2898 674 2978 719 est
2997 661 3315 717 confusione
3335 658 3584 729 dignum,

1977 788 2103 828 eum
2133 771 2226 842 qui
2242 768 2544 839 corporalis
2586 780 2787 821 mensae
2838 764 3108 833 particeps
3139 760 3258 827 fuit,
3301 758 3371 814 ad
3420 757 3583 829 spiri-

1978 864 2123 919 tuale
2162 862 2467 918 convivium
2508 858 2713 913 venire.
2743 860 2860 913 Non
2911 854 3053 908 enim
3086 862 3146 906 ut
3172 852 3420 910 humanm
3473 864 3595 909 res.

1981 950 2056 1010 ita
2084 963 2139 1011 et
2167 952 2474 1023 spirituales
2502 950 2739 1007 deﬁnitis
2767 945 3099 1016 temporibus
3142 943 3411 998 distincta:
3440 949 3589 996 sunt.

1981 1046 2231 1103 Sermoni
2276 1045 2420 1099 enim
2449 1041 2711 1111 spirituali
2741 1053 2902 1094 omne
2941 1037 3050 1093 diei
3083 1044 3295 1106 tempus
3336 1034 3590 1089 idoneum

1983 1138 2161 1203 fuerit,
2193 1146 2246 1192 et
2267 1133 2393 1207 quid
2414 1132 2655 1189 dieodiei
2681 1142 2890 1201 tempus
2905 1129 2929 1181 ?
2943 1127 3125 1198 Neque
3147 1127 3191 1182 si
3220 1142 3326 1181 nox
3353 1127 3587 1195 ingruat,

1984 1230 2315 1301 spiritualem
2352 1220 2652 1283 doctrinam
2685 1222 2927 1292 impedit.
2975 1221 3267 1290 Propterea
3312 1227 3367 1273 et
3404 1217 3584 1271 Timeo

1985 1324 2116 1380 theo
2155 1322 2272 1377 Ι]ωο
2319 1320 2584 1375 scribebat
2627 1317 2826 1372 Paulus
2883 1332 2896 1368 :
2950 1312 3100 1367 Iusta
3146 1320 3448 1381 opportune,
3488 1307 3593 1360 im-

1988 1425 2205 1487 portune
2230 1430 2249 1469 :
2270 1429 2448 1485 argue,
2500 1412 2730 1480 increpa;
2762 1408 2968 1462 obsecra
2998 1406 3076 1475 (2.
3111 1402 3245 1458 Tim.
3299 1404 3354 1457 4.
3412 1399 3491 1470 2).
3525 1399 3599 1455 Ει

1990 1510 2182 1563 iterum
2228 1506 2351 1560 τιυῶ
2406 1506 2618 1559 beatum
2672 1501 2872 1556 Lucam
2930 1497 3198 1552 dicentem
3248 1512 3261 1547 :
3327 1492 3594 1547 Discessu-

1988 1618 2076 1657 rus
2103 1601 2322 1656 crastino
2365 1597 2567 1653 Paulus
2590 1613 2623 1650 a
2653 1593 2871 1657 Troade,
2907 1589 3179 1646 disserebat
3206 1587 3307 1650 eis,
3329 1593 3376 1639 et
3400 1599 3595 1638 sermo-

1991 1709 2106 1747 nem
2144 1691 2384 1762 prod‘uxit
2427 1704 2582 1759 usque
2609 1685 2924 1741 admediam
2963 1692 3160 1736 noctem
3213 1676 3346 1751 (Act.
3375 1676 3448 1731 20
3498 1672 3594 1743 'l);

1991 1784 2257 1855 Numquid
2296 1793 2505 1851 tempus
2534 1779 2748 1835 obfuit?
2778 1778 2882 1843 dic,
2934 1787 3151 1846 quarso;
3186 1786 3310 1825 num
3335 1767 3598 1824 doctrina:

1993 1890 2302 1932 sermonem
2356 1872 2636 1945 prmcidit?
2699 1869 2941 1939 Vigilans
2992 1875 3047 1920 et
3099 1871 3337 1917 attentus
3386 1857 3600 1913 auditor

1994 1970 2154 2025 etiam
2186 1984 2434 2038 pransus,
2482 1967 2585 2021 hoc
2631 1962 2895 2035 spirituali
2940 1966 3209 2015 conventu
3254 1953 3447 2024 dignus
3474 1960 3597 2013 est;

1996 2062 2219 2132 parique
2248 2059 2412 2114 modo
2440 2057 2664 2128 supinus
2688 2064 2743 2110 et
2768 2053 2945 2116 deses,
2996 2048 3207 2105 etiamsi
3230 2046 3451 2118 jejunus
3478 2057 3601 2114 pcr-

1996 2146 2232 2219 maneat,
2263 2151 2394 2207 nihil
2420 2150 2543 2204 inde
2574 2146 2817 2202 utilitatis
2844 2143 3042 2214 capiet.

2070 2244 2151 2297 Ad
2198 2240 2488 2311 spiritualia
2536 2236 2789 2310 quomodo
2828 2230 3192 2288 accedendum.
3239 2257 3313 2270 —-
3362 2227 3430 2282 Et
3481 2224 3597 2279 lucu

1999 2337 2141 2402 dico,
2189 2351 2295 2389 non
2349 2342 2407 2387 nt
2452 2331 2639 2403 jejunii
2688 2328 2919 2399 rigorem
2959 2322 3202 2380 solvam:
3248 2319 3425 2382 absit;
3466 2328 3596 2370 nam

2000 2430 2226 2485 multum
2269 2425 2428 2481 laudo
2458 2425 2735 2496 proboque
2751 2420 3056 2491 jejunantes
3090 2435 3103 2471 :
3134 2413 3230 2470 sed
3262 2421 3321 2469 ut
3349 2411 3593 2473 doceant,

2000 2522 2181 2577 sobrio
2206 2519 2441 2591 quodam
2478 2518 2680 2581 animo,
2732 2528 2839 2567 non
2882 2508 3296 2573 consuetudine,
3352 2503 3420 2559 ad
3447 2503 3604 2573 spiri-

2003 2614 2163 2668 tualia
2192 2626 2313 2668 esse
2340 2607 2724 2665 accedendum.
2750 2604 2868 2659 Non
2894 2603 3036 2659 enim
3067 2611 3224 2669 turpe
3270 2596 3450 2662 fuerit,
3479 2609 3603 2650 cum

2001 2705 2092 2776 qui
2119 2706 2298 2760 cibum
2328 2715 2485 2761 antea
2530 2699 2755 2769 accepit,
2784 2697 2973 2752 adesse
3010 2692 3276 2763 spirituali
3325 2689 3605 2754 doctrinm,

2002 2798 2097 2852 sed
2125 2796 2317 2866 ignavo
2346 2797 2527 2849 animo
2556 2792 2767 2855 adesse,
2801 2800 2854 2844 et
2890 2789 2959 2841 ab
3000 2784 3372 2840 all‘ectiouibus
3400 2784 3604 2848 vexari,

2002 2900 2058 2951 et
2081 2890 2258 2947 carnis
2282 2888 2527 2952 lascivias
2560 2887 2574 2917 ¹
2607 2900 2714 2939 non
2742 2882 3119 2951 comprimere.
3148 2877 3265 2932 Non
3296 2876 3495 2930 malum
3525 2883 3609 2927 est

2002 2982 2319 3046 comedere;
2349 2980 2521 3035 absit:
2556 2977 2652 3032 sed
2698 2975 2820 3045 gula
2867 2972 3121 3027 damnosa
3151 2976 3254 3035 est,
3304 2977 3359 3023 et
3400 2964 3607 3037 impleri

2006 3074 2126 3144 plus
2155 3087 2315 3143 quam
2358 3070 2511 3134 satis,
2543 3084 2608 3122 ac
2635 3066 2975 3134 disrumpere
3024 3070 3268 3117 ventrem
3324 3078 3337 3113 :
3385 3057 3435 3111 id
3465 3056 3606 3126 quod

2007 3166 2174 3233 ipsam
2194 3164 2353 3216 etiatn
2381 3161 2547 3227 illam,
2568 3173 2686 3229 qua:
2712 3173 2776 3211 ex
2798 3157 2918 3211 cibo
2936 3153 3119 3210 haberi
3144 3160 3339 3223 potest,
3365 3148 3620 3219 volupta-

2008 3270 2113 3313 tem
2144 3256 2402 3320 olIendit;
2432 3250 2886 3325 quemadmodum
2937 3248 3068 3303 nihil
3109 3245 3234 3301 mali
3286 3254 3389 3311 est,
3425 3243 3609 3297 vinum

2009 3353 2073 3407 ad
2116 3363 2421 3407 mensuram
2452 3346 2655 3409 bibere,
2685 3343 2783 3398 sed
2817 3341 3061 3397 ebrietati
3113 3353 3173 3393 se
3198 3336 3416 3399 dedere,
3450 3342 3504 3389 ct
3531 3333 3613 3387 in-

2009 3444 2361 3516 temperantia
2407 3440 2666 3510 judicium
2714 3435 2938 3501 rationis
2982 3434 3313 3487 subvertere.
3357 3427 3609 3489 Etenim,

2010 3539 2237 3603 dilecte,
2265 3535 2312 3588 si
2336 3533 2406 3588 ob
2436 3530 2678 3599 corporis
2706 3524 3128 3581 imbecillitatem
3159 3537 3265 3575 non
3292 3529 3447 3589 potes
3468 3517 3609 3587 jeju-

2010 3645 2111 3685 nus
2139 3628 2279 3682 diem
2305 3622 2622 3695 producere,
2655 3620 2836 3675 nullus
2861 3618 2950 3687 qui
2976 3617 3150 3687 sapiat
3180 3624 3399 3684 prepter
3429 3611 3531 3667 hoc
3563 3622 3616 3668 lc

2010 3734 2235 3791 arguere
2264 3716 2477 3787 poterit.
2503 3712 2786 3768 Dominum
2814 3710 2958 3766 enim
2988 3707 3249 3762 habemus
3268 3713 3612 3760 mansuetum

2011 3830 2075 3869 ac
2096 3815 2403 3883 benignum,
2429 3818 2485 3863 et
2506 3806 2638 3861 nihil
2668 3820 2831 3875 supra
2857 3804 3001 3859 vires
3028 3808 3241 3857 nostras
3258 3813 3293 3854 a
3324 3797 3480 3854 nobis
3499 3796 3616 3853 cxi-

2012 3919 2245 3979 gentem.
2276 3906 2460 3975 Neque
2486 3903 2629 3958 enim
2677 3899 3055 3957 abstinentiam
3082 3912 3113 3951 a
3141 3894 3275 3951 cibis
3302 3903 3358 3949 et
3382 3891 3614 3949 inediam

2012 4000 2328 4068 simpliciter
2352 4014 2382 4051 a
2412 3996 2567 4051 nobis
2588 3994 2774 4065 exigit,
2807 4008 2982 4060 neque
3004 3990 3109 4044 hoc
3136 3989 3329 4058 ipsum,
3366 3995 3425 4039 nt
3446 3985 3613 4054 jejuni

2015 4088 2355 4146 solummodo
2381 4098 2810 4159 permaneamus,
2841 4084 2935 4138 sed
2976 4091 3082 4136 uta
3112 4079 3457 4134 smenlaribus
3485 4092 3617 4146 ope-

2015 4185 2166 4240 ribus
2196 4198 2293 4237 nos
2318 4181 2654 4247 abdicantes,
2684 4194 2847 4233 onme
2882 4186 3124 4231 nostrum
3155 4174 3321 4227 otium
3356 4172 3409 4225 in
3462 4171 3615 4240 spiri-

2017 4276 2249 4332 tualibus
2288 4286 2689 4329 constituamus.
2744 4270 2876 4325 Nam
2921 4270 2965 4325 si
3016 4267 3195 4323 sobria
3244 4274 3423 4321 mente
3455 4265 3614 4319 vitam

2018 4377 2255 4423 nostram
2286 4366 2789 4424 institueremtts,et
2816 4359 3075 4432 quidquid
3098 4360 3193 4413 otii
3221 4358 3403 4423 datur,
3428 4358 3480 4410 in
3508 4356 3619 4424 spi-

2019 4461 2225 4515 ritualia
2252 4457 2687 4528 impenderemus
2720 4472 2734 4509 :
2765 4462 2822 4509 et
2850 4453 3001 4508 cibos
3049 4452 3121 4507 ita
3166 4464 3527 4514 sumeremus,
3562 4458 3621 4501 ut

2022 4564 2226 4609 tantum
2279 4566 2643 4616 sumeremus,
2682 4556 2940 4619 quantum
2992 4560 3122 4600 usus
3160 4544 3350 4613 exigit,
3380 4541 3620 4597 etvitant

2024 4656 2187 4702 totam
2241 4645 2296 4699 in
2337 4643 2489 4698 bonis
2509 4641 2763 4711 operibus
2809 4637 3267 4707 dispensaremus,
3312 4634 3421 4703 jam
3475 4631 3624 4685 nullo

2023 4754 2158 4809 opus
2205 4747 2347 4792 esset
2390 4750 2455 4789 ex
2495 4733 2714 4805 jejnniis
2758 4730 3089 4800 adjumento.
3144 4725 3250 4782 Sed
3297 4725 3421 4794 quia
3454 4724 3623 4793 negli-

2023 4847 2153 4903 gens
2200 4839 2283 4886 est
2309 4830 2538 4882 humana
2578 4837 2789 4889 natura,
2844 4832 2895 4879 et
2936 4821 3141 4877 deliciis
3178 4820 3406 4890 gaudet,
3463 4826 3515 4872 et
3541 4831 3622 4869 re~

2028 4925 2323 4980 laxationes
2350 4922 2542 4992 quaerit
2569 4938 2582 4973 :
2614 4919 2814 4973 idcirco
2840 4927 3110 4986 tamquam
3139 4912 3203 4966 ad
3236 4925 3473 4965 amorem
3500 4925 3599 4977 pro

2028 5018 2091 5071 lis
2124 5027 2421 5085 propensus
2448 5020 2597 5080 pater
2616 5010 2857 5064 clemens
2886 5006 3141 5061 Dominus
3166 5003 3304 5057 hanc
3333 5017 3399 5054 ex
3425 4996 3629 5069 jejunio

2029 5107 2347 5163 medicinam
2376 5102 2714 5173 excogitavit,
2749 5108 2806 5154 ut
2835 5108 2889 5153 ct
2911 5097 3137 5151 delicata
3168 5110 3197 5147 c
3234 5092 3411 5147 medic
3435 5090 3627 5144 tollan-

2032 5211 2116 5255 tur
2142 5210 2197 5254 et
2218 5197 2555 5253 smcnlarium
2583 5210 2766 5249 curam
2786 5192 2852 5246 ad
2881 5188 3179 5260 spiritualia
3207 5200 3370 5254 Opera
3393 5178 3625 5237 transfe-

2032 5309 2231 5350 ramus.
2261 5291 2316 5347 Si
2340 5291 2499 5360 igitur
2521 5299 2647 5344 sunt
2678 5284 2839 5356 aliqui
2870 5289 3183 5353 prmsentes,
3218 5292 3356 5348 quos
3383 5272 3629 5341 corporis

2030 5395 2176 5441 vetat
2196 5383 2480 5439 inﬁrmitas
2502 5381 2715 5451 jejunus
2743 5389 2795 5433 et
2830 5376 3133 5445 impransos
3176 5379 3513 5440 permanere.
3538 5375 3630 5417 eos

2031 5478 2219 5532 hortor
2264 5483 2320 5529 ut
2346 5472 2588 5543 corporis
2625 5468 2987 5525 inﬁrmitatem
3035 5470 3243 5523 curent,
3273 5469 3328 5514 et
3369 5453 3631 5527 spirituali

2069 5636 2116 5705 _*
2154 5640 2456 5705 Sicomnes,
2481 5639 2660 5691 praeter
2687 5627 2845 5680 Morel.
2874 5625 2955 5688 qui
2989 5622 3161 5683 habet,
3203 5616 3456 5670 libidinum
3493 5610 3636 5663 lasci-

2035 5702 2150 5757 vias,
2177 5702 2337 5747 minus
2360 5702 2516 5745 recte.
