4038 6414
483 302 553 359 οι
1219 293 1277 351 S.
1315 290 1588 354 ιοςικκιε
1606 287 2057 350 ειιειιευετοκ

2166 285 2436 344 BCHIEP.
2475 283 3004 343 CONSTANTINOP.
3681 283 3752 345 α

478 415 580 469 hae
599 409 838 466 doctrina
866 422 973 465 non
1011 407 1182 463 solum
1211 422 1319 462 non
1354 405 1650 476 priventur,
1677 403 1843 460 sedet
1861 401 2042 475 pransi

478 503 599 574 [ilus
624 502 911 558 exhibeant
932 500 1113 556 studii.

548 593 607 648 3.
641 591 750 647 Via
804 591 1015 658 diuersas
1066 590 1246 662 quibus
1299 589 1395 643 Dei
1431 588 1770 667 benevolentia
1835 585 2057 655 acquiri-

475 694 582 740 tur.
609 713 683 728 ——
705 683 841 740 Sunt
868 683 1032 747 enim,
1075 690 1198 736 sunt
1229 679 1469 751 profecto
1493 680 1593 734 viae
1638 678 1829 750 quibus
1857 675 2059 739 ﬁducia

475 777 545 833 ad
578 777 743 834 Deum
764 777 939 847 janum
957 774 1151 845 aperiri
1181 783 1424 844 possunt,
1457 772 1630 828 multo
1649 770 1880 841 majores
1899 783 2057 839 quam

478 869 720 926 ciborum
745 866 1084 922 abstinentia.
1118 863 1280 936 Igitur
1305 866 1392 934 qui
1429 864 1605 918 cibum
1632 861 1824 931 accipit
1845 867 1899 915 et
1914 858 2060 930 jeju-

479 974 613 1016 naro
657 973 760 1011 non
788 957 947 1020 valet,
979 956 1259 1028 largiorem
1290 954 1381 1009 det
1407 953 1824 1024 eleemosynam,
1853 949 2062 1006 ferven-

478 1053 582 1105 tior
610 1050 682 1104 sit
709 1051 762 1104 in
792 1048 1055 1118 precibus,
1112 1048 1367 1116 majorem
1403 1047 1596 1102 habeat
1634 1046 1960 1101 alacritatem
2006 1041 2060 1097 in

477 1141 762 1196 audiendis
775 1139 970 1196 divinis
993 1139 1241 1210 eloquiis,
1261 1140 1312 1192 in
1327 1137 1518 1208 quibus
1528 1136 1766 1210 corporis
1785 1133 2064 1190 inﬁrmitas

479 1231 612 1286 nihil
665 1231 894 1286 obstare“
929 1239 1147 1299 potest:
1180 1229 1410 1284 inimicis
1446 1225 1814 1284 reconcilietur
1836 1265 1855 1291 ,
1900 1239 2062 1282 omne

479 1319 661 1376 odium
688 1330 742 1376 et
773 1318 1018 1374 vindicta:
1042 1318 1384 1388 cupiditatem
1422 1333 1489 1374 ex
1505 1316 1684 1372 animo
1717 1315 1973 1372 eliminet.
2005 1313 2062 1369 Si

483 1411 598 1466 hmo
621 1411 823 1476 fecerit,
853 1426 1035 1465 verum
1071 1409 1331 1481 jejunavit
1349 1409 1629 1480 jejunium,
1679 1406 1823 1479 quod
1848 1422 1879 1461 a
1909 1405 2066 1462 nobis

487 1502 822 1574 potissimum
849 1502 1090 1572 exposcit
1107 1501 1384 1556 Dominus.
1406 1500 1689 1569 Propterea
1706 1498 1847 1554 enim
1875 1497 2014 1553 hanc
2031 1511 2062 1551 a

483 1593 620 1648 cibis
643 1593 1018 1648 abstinentiam
1047 1591 1289 1652 adhiberi
1330 1591 1590 1662 praecipit,
1626 1598 1690 1646 ut
1730 1587 2062 1645 refrenantes

482 1683 662 1738 carnis
691 1683 954 1750 lascivias,
981 1697 1100 1738 eam
1120 1681 1500 1752 obsequentem
1521 1679 1813 1738 reddamus
1827 1679 1894 1734 ad
1913 1693 2064 1733 man.

482 1773 606 1827 data
635 1771 730 1828 Dei
757 1771 1045 1842 implenda.
1072 1771 1222 1840 Quod
1247 1772 1294 1826 si
1319 1772 1390 1826 ob
1419 1770 1786 1826 inﬁrmitatem
1823 1770 2064 1840 corporis

483 1863 773 1920 subsidium
797 1864 917 1929 hoc,
947 1863 1087 1933 quod
1106 1862 1366 1933 jejunium
1394 1870 1609 1932 praestat
1628 1861 1783 1916 nobis
1808 1859 2065 1915 adbibere

484 1955 750 2021 nolumus,
777 1965 831 2010 et
857 1954 1076 2010 desidiae
1104 1953 1394 2009 deditiores
1424 1968 1627 2018 sumus,
1653 1952 1881 2007 maxima
1910 1951 2064 2006 nobis

485 2045 617 2114 ipsis
638 2045 831 2100 damna
859 2044 1221 2114 imprudentes
1244 2043 1533 2099 aﬁ'erimus.
1556 2042 1688 2098 Nam
1711 2043 1758 2097 si
1775 2041 2058 2113 jejunium,

485 2136 795 2191 absentibus
820 2137 941 2190 aliis
965 2134 1228 2205 praedictis
1254 2134 1527 2203 operibus,
1555 2132 1689 2188 nihil
1723 2133 1876 2187 nobis
1901 2131 2034 2202 prod
2051 2161 2063 2171 -

484 2236 590 2294 cst,
621 2229 786 2282 multo
824 2229 1011 2298 magis,
1038 2228 1084 2282 si
1112 2243 1233 2282 cum
1251 2227 1439 2297 jejunii
1485 2227 1774 2296 pharmace
1821 2227 1896 2281 uti
1952 2241 2058 2280 non

486 2318 789 2387 pessimus,
845 2317 1145 2388 graviorem
1213 2317 1584 2388 negligentiam
1643 2317 2056 2372 exhibuerimus.

486 2407 613 2464 llmc
638 2417 816 2464 autem
841 2423 962 2464 cum
986 2423 1016 2462 a
1046 2409 1204 2464 nobis
1245 2409 1560 2475 didiceritis,
1589 2423 1805 2464 oramus
1833 2423 1949 2476 vos,
1971 2409 2062 2478 qui

483 2500 726 2570 jejunare
749 2501 955 2568 valetis,
982 2510 1038 2556 ut
1059 2503 1157 2572 ipsi
1183 2511 1436 2571 quantum
1474 2504 1737 2571 poteritis,
1781 2503 1976 2557 bonam
2003 2512 2060 2560 et

489 2589 808 2646 laudabilem
833 2592 970 2646 hanc
990 2602 1218 2646 vestram
1229 2592 1468 2662 augeatis
1482 2592 1831 2662 diligentiam.
1861 2593 2061 2661 Quanto

486 2680 628 2734 enim
662 2694 897 2735 externus
940 2693 1108 2737 noster
1135 2683 1284 2736 homo
1313 2684 1672 2754 corrumpitur,
1720 2693 1861 2739 tante
1910 2686 2066 2740 inter-

486 2782 878 2826 uusrenooatur
903 2773 978 2837 (Ξ.
1009 2773 1130 2828 Cor.
1161 2775 1214 2828 4.
1239 2773 1364 2844 id).
1387 2772 1654 2843 Jejunium
1687 2775 1828 2830 enim
1869 2789 2062 2844 corpus

485 2861 804 2930 comprimit,
829 2869 883 2915 et
912 2861 1152 2916 lascivias
1177 2861 1506 2916 inordinatus
1531 2863 1786 2929 refrenat,
1816 2864 2048 2918 animam

487 2958 665 3004 autem
700 2951 978 3005 clariorem
1008 2951 1189 3016 efﬁcit,
1220 2952 1322 3005 alis
1350 2953 1562 3007 instruit
1591 2964 1644 3008 et
1673 2954 1956 3009 sublimem
1984 2956 2059 3009 le-

487 3054 715 3110 vemque
763 3039 906 3094 facit.
937 3040 1151 3095 Fratres
1179 3056 1394 3111 quoque
1436 3051 1662 3109 vestros,
1709 3052 1968 3113 quotquot
1993 3044 2063 3099 ob

487 3131 725 3199 corporis
747 3131 1101 3185 valetudinem
1117 3131 1360 3200 jejunare
1376 3142 1662 3202 nequeunt,
1685 3134 2058 3200 exhortcmini,

489 3234 557 3274 ne
596 3220 922 3289 spiritualcm
955 3221 1089 3275 hanc
1119 3235 1357 3276 mensam
1399 3221 1723 3291 relinquant,
1750 3234 1804 3276 et
1833 3223 1899 3277 ad
1943 3225 2061 3279 illos

487 3310 681 3366 referte
705 3326 821 3379 qua:
846 3327 874 3364 a
921 3310 1075 3364 nobis
1113 3310 1410 3366 didiceritis
1433 3352 1450 3379 ,
1493 3312 1786 3368 indicantes
1811 3329 1930 3370 eum
1970 3317 2060 3386 qui

487 3397 759 3454 moderate
787 3398 1018 3453 comedit
1043 3407 1097 3454 et
1119 3399 1250 3453 bibit
1277 3415 1381 3455 non
1419 3402 1690 3471 indignum
1717 3402 1818 3457 hec
1855 3405 2062 3459 audito-

487 3490 570 3545 rio
585 3503 723 3555 esse,
752 3490 844 3544 sed
861 3491 1087 3560 eumqui
1126 3490 1280 3546 deses
1303 3500 1356 3546 et
1379 3490 1666 3546 dissolutus
1693 3494 1783 3548 sit.
1813 3493 1883 3551 Et
1901 3495 2060 3552 dicite

487 3581 566 3635 eis
588 3582 603 3612 ¹
632 3582 984 3651 apostolicum
1007 3581 1108 3636 hoc
1148 3582 1351 3637 dictum
1383 3600 1396 3635 :
1427 3581 1494 3636 Et
1522 3584 1608 3653 qui
1626 3585 1917 3652 manducet,
1947 3587 2057 3642 Do-

486 3669 623 3724 mino
668 3671 938 3725 manducet
992 3687 1011 3724 :
1052 3682 1098 3725 et
1123 3672 1210 3742 qui
1236 3689 1338 3744 non
1360 3672 1652 3736 manducet,
1697 3674 1913 3732 Domino
1955 3696 2058 3734 non

483 3760 774 3828 ntanducat,
807 3771 855 3816 et
899 3765 1092 3833 gratias
1117 3765 1222 3834 agit
1271 3762 1376 3822 Deo
1417 3761 1592 3835 (Rom.
1633 3765 1716 3820 ιι.
1761 3767 1851 3838 6).
1903 3769 2058 3840 Igitur

483 3851 815 3922 quijejunat,
842 3853 1038 3923 gratias
1057 3855 1166 3923 agit
1197 3853 1440 3918 Domino,
1470 3854 1561 3926 qui
1594 3855 1736 3912 vires
1781 3858 1830 3912 ei
1876 3859 2059 3915 tribuit

486 3940 555 3997 ad
591 3937 849 3997 Tcrcndes
886 3942 1077 4012 jejunii
1108 3943 1318 3998 labores
1351 3961 1364 3996 :
1410 3954 1463 3998 et
1491 3947 1580 4014 qui
1610 3947 1910 4016 manducat,
1959 3950 2057 4006 ite-

487 4047 604 4086 rum
631 4034 828 4102 gratias
855 4034 963 4102 agit
1002 4034 1130 4098 Deo,
1160 4035 1280 4104 quia
1304 4035 1354 4088 id
1386 4035 1515 4090 nihil
1542 4038 1711 4106 ipsum
1737 4039 1930 4094 laedere
1961 4056 2057 4111 po-

484 4127 612 4187 test,
647 4121 927 4190 quominus
951 4122 1143 4179 animae
1186 4124 1409 4178 salutem
1431 4134 1569 4195 agat.
1593 4127 1755 4183 modo
1783 4131 1930 4184 velit.
1957 4130 2059 4185 Tel

483 4209 630 4265 enim
657 4211 809 4264 nobis
840 4211 950 4265 vias
1001 4213 1204 4281 paravit
1246 4213 1504 4283 benignus
1551 4215 1711 4281 Deus,
1737 4227 1869 4288 quot
1900 4234 2057 4275 enar-

481 4314 606 4354 rare
639 4315 747 4355 non
773 4316 1075 4372 possumus,
1113 4317 1208 4373 per
1247 4320 1411 4375 quas,
1443 4305 1488 4362 si
1520 4308 1864 4376 voluerimus,
1905 4326 2054 4366 sum-

482 4405 628 4446 mam
664 4390 910 4449 ﬁduciam
944 4396 1152 4464 assequi
1194 4395 1336 4451 licet.
1375 4397 1498 4453 Haec
1550 4409 1766 4469 propter
1808 4401 2056 4459 absentes

482 4479 684 4538 dixisse
703 4483 768 4537 sit
799 4485 949 4549 satis,
981 4487 1042 4539 ut
1075 4484 1291 4540 tollatur
1332 4488 1410 4543 eis
1449 4490 1670 4559 pudoris
1699 4493 1969 4559 ebtentus,
2002 4505 2057 4551 et

481 4573 700 4641 sciatur,
729 4590 832 4630 non
875 4586 1124 4647 oportere
1153 4586 1372 4648 propter
1399 4577 1500 4634 hoc
1528 4581 1729 4651 pudore
1781 4584 2010 4641 suﬁ'undi
2039 4607 2052 4642 :

482 4679 658 4736 neque
695 4667 835 4721 enim
879 4669 1176 4724 comedisse
1223 4669 1486 4739 pudorem
1535 4674 1688 4729 nobis
1737 4675 1909 4743 aliert,
1959 4680 2053 4734 sed

481 4754 607 4811 mali
635 4757 903 4829 quidpiam
929 4760 1120 4831 egisse.

553 4843 812 4917 Confessio
837 4860 1172 4920 peccatorum.
1191 4849 1544 4922 Temperantia
1562 4855 1630 4910 ad
1653 4856 1912 4913 sanitatem
1928 4877 2053 4915 con-

482 4937 638 4991 ducit.
662 4967 735 4978 —
764 4939 1040 4995 Peccatum
1084 4958 1272 5014 magna
1302 4946 1569 5016 turpitudo
1593 4956 1676 5004 est
1701 4968 1715 5005 :
1754 4951 1798 5005 si
1828 4951 1929 5008 hoc
1953 4955 2052 5010 ad-

482 5029 760 5096 mittimus,
791 5045 897 5085 non
924 5033 1096 5088 solum
1120 5035 1435 5091 erubescere
1459 5036 1732 5104 debemus,
1762 5042 1856 5097 sed
1877 5053 1931 5098 et
1955 5059 2052 5100 nos

473 5117 767 5184 occultare,
812 5128 869 5175 et
913 5121 1136 5176 miseros
1180 5123 1358 5178 dicere
1398 5139 1495 5178 nos
1543 5125 1685 5195 ipsos
1719 5144 1822 5185 non
1853 5133 2045 5201 minus,

475 5222 640 5277 quam
684 5211 773 5279 qui
802 5212 854 5265 in
885 5214 1156 5283 scepulum
1200 5215 1568 5286 impegerunt:
1599 5219 1704 5274 imo
1729 5237 1898 5292 neque
1928 5235 2052 5281 tunc

478 5297 812 5367 despondere
854 5301 1087 5356 animum
1109 5345 1124 5369 ,
1173 5305 1264 5360 sed
1291 5306 1358 5360 ad
1385 5307 1772 5365 confessionem
1792 5352 1808 5380 ,
1840 5322 1890 5368 et
1914 5317 2050 5370 resi-

481 5390 788 5457 piscentiam
833 5390 1086 5449 festinare
1128 5394 1400 5452 debemus.
1447 5397 1757 5469 Hnjusmodi
1801 5405 1940 5459 enim
1968 5415 2049 5461 est

477 5478 734 5534 Dominus
760 5493 960 5550 noster,
985 5484 1073 5552 qui
1099 5484 1231 5540 nihil
1255 5487 1393 5542 aliud
1423 5490 1643 5559 requirit
1667 5490 1898 5550 admisso
1921 5510 2046 5566 pec-

542 5612 581 5688 ιῌ
595 5617 708 5688 neg.
734 5626 877 5688 unus,
897 5613 1165 5688 indicantes
1179 5620 1396 5688 fructum
1415 5633 1479 5673 ea:
1513 5621 1588 5688 bis
1610 5625 1906 5679 semwnibus
1924 5626 2052 5681 acci-

480 5685 540 5739 γει
555 5672 720 5728 admit.
746 5681 802 5725 ει
823 5675 966 5731 dicite
987 5679 1072 5742 cis,
1095 5672 1283 5734 omissis
1304 5672 1614 5748 interpositis.

2165 409 2306 466 cato,
2333 399 2381 456 si
2415 397 2627 470 quando
2665 411 2760 468 per
2803 397 3064 468 ignaviam
3108 393 3446 468 deliquimm,
3489 411 3656 469 qun
3679 407 3756 456 It

2165 500 2346 547 errata
2388 489 2756 555 conﬁtemur,
2807 503 2909 545 nec
2947 488 3090 544 ultra
3130 485 3554 560 progrediamur,
3579 487 3670 546 vel
3697 486 3758 546 iu

2165 581 2352 639 eadem
2387 579 2706 637 recidamus.
2751 577 3014 635 Caeterum
3055 593 3177 634 cum
3219 577 3340 635 cibo
3368 587 3572 634 nostra:
3595 592 3756 636 meu-

2165 688 2306 730 surte
2350 671 2662 743 congruenti
2707 671 2939 735 utimur,
2993 685 3280 741 numquam
3321 670 3756 729 erubescamus:

2167 780 2292 821 nam
2319 764 2577 820 Dominus
2600 777 2697 819 nos
2721 761 2813 818 tali
2841 764 3054 832 corpori
3076 761 3388 832 coniunctos
3416 777 3540 819 esse
3564 760 3756 822 voluit.

2167 856 2308 926 quod
2328 852 2486 910 aliter
2506 853 2800 910 consistam
2825 852 3007 924 nequit
3031 851 3135 907 nisi
3162 851 3283 907 cibo
3302 862 3571 922 pascatur,
3593 851 3759 908 modo

2166 946 2343 1002 cibum
2373 944 2595 1000 nimium
2624 959 2692 1000 ne
2715 957 2992 1000 sumamus
3024 960 3038 997 :
3070 941 3124 998 id
3150 942 3292 1012 quod
3321 943 3476 998 nobis
3498 942 3568 999 ad
3607 941 3761 998 sani-

2169 1046 2330 1093 tatem
2394 1045 2448 1092 et
2496 1035 2737 1107 corporis
2798 1035 2992 1090 bonam
3045 1032 3410 1090 habitudinem
3467 1033 3760 1105 plurimum

2166 1126 2432 1189 conducit.
2467 1128 2656 1182 Annon
2682 1124 2872 1180 videtis
2898 1122 3136 1196 quotidie
3159 1139 3226 1180 ex
3250 1125 3577 1195 sumptuosis
3596 1139 3760 1179 men-

2167 1222 2240 1276 sis
2263 1229 2317 1279 et
2354 1219 2636 1275 immodica
2683 1217 2914 1290 ingluvie
2952 1216 3158 1272 inﬁnita
3200 1217 3509 1273 morborum
3555 1230 3762 1288 genera

2168 1315 2382 1373 induci?
2427 1314 2578 1375 Unde
2623 1313 2907 1385 podagrae?
2949 1312 3096 1371 Unde
3117 1313 3309 1384 capitis
3333 1311 3587 1367 dolores?
3616 1308 3764 1366 unde

2168 1415 2538 1474 corruptorum
2583 1404 2867 1459 humerum
2905 1401 3263 1458 abundantia?
3311 1400 3450 1456 unde
3489 1398 3763 1455 innumeri

2167 1495 2257 1551 alii
2278 1494 2484 1551 morbi?
2507 1493 2695 1550 Nonne
2720 1494 2788 1548 ab
2807 1493 3219 1564 intemperantia
3246 1501 3300 1547 et
3323 1491 3572 1562 largiere,
3594 1504 3762 1560 quam

2169 1605 2262 1660 par
2289 1591 2378 1656 sit,
2421 1590 2526 1644 vini
2573 1589 2739 1658 potu?
2780 1587 2910 1642 Nam
2956 1589 3093 1644 sicut
3136 1586 3308 1652 navis,
3355 1600 3476 1656 quae
3500 1583 3650 1653 aquis
3683 1583 3762 1638 ita

2168 1684 2436 1757 impletur,
2462 1692 2520 1738 ut
2563 1681 2828 1738 exhauriri
2859 1688 3103 1751 nequeat,
3137 1683 3316 1735 statim
3354 1677 3714 1747 submergitur
3743 1692 3760 1730 :

2168 1775 2239 1830 ita
2268 1787 2322 1830 ct
2353 1777 2512 1829 homo
2536 1771 2747 1844 quando
2775 1771 3008 1842 crapula:
3033 1779 3089 1826 et
3113 1768 3358 1825 ebrietati
3395 1770 3630 1838 seipsum
3657 1767 3762 1822 de-

2167 1863 2323 1930 didit,
2357 1863 2409 1918 in
2439 1878 2674 1934 praeceps
2701 1859 2865 1927 vadit,
2898 1870 2953 1916 et
2975 1861 3233 1916 ratiOncm
3260 1875 3408 1915 suam
3437 1857 3760 1927 submeizgit,

2167 1955 2397 2027 denique
2419 1955 2561 2027 jacet
2601 1955 2751 2026 quasi
2799 1955 2973 2008 vivum
3003 1953 3251 2019 cadaver,
3282 1951 3348 2006 ad
3373 1951 3512 2005 mala
3541 1949 3762 2020 quidem

2168 2046 2437 2116 operanda
2484 2061 2628 2116 saepe
2670 2044 2878 2110 habilis,
2920 2044 2988 2098 ad
3019 2044 3156 2099 bona
3184 2051 3360 2099 autem
3386 2042 3564 2097 omnia
3587 2039 3765 2095 nihile

2167 2152 2227 2193 se
2252 2137 2444 2193 melius
2481 2137 2706 2201 habens,
2735 2151 2892 2207 quam
2924 2136 3139 2190 mortui.

2240 2227 2296 2283 5.
2337 2227 2538 2283 idcirco
2567 2229 2810 2293 obsecro,
2841 2236 2898 2282 ut
2923 2227 3213 2283 secundum
3251 2226 3466 2281 beatum
3508 2224 3757 2287 Paulum,

2169 2318 2345 2374 Carnis
2385 2335 2559 2372 curam
2601 2337 2664 2373 ne
2705 2320 2866 2390 agatis
2895 2319 2962 2372 ad
2997 2317 3425 2388 concupiscentiae
3455 2314 3628 2388 (Rom.
3663 2314 3760 2370 15.

2169 2411 2279 2482 ﬂ),
2306 2410 2400 2466 sed
2438 2419 2493 2464 ut
2533 2411 2746 2480 possitis
2793 2409 3104 2473 subsistere,
3147 2425 3202 2464 et
3242 2407 3432 2476 majori
3481 2406 3764 2461 alacritate

2165 2499 2323 2555 rebus
2370 2499 2730 2570 spiritualibus
2775 2514 2993 2569 operam
3025 2498 3172 2553 dare.
3215 2496 3342 2553 Ilaec
3365 2499 3542 2551 omnia
3572 2496 3760 2552 fratri-

2166 2591 2264 2645 bus
2290 2591 2478 2645 vestris
2516 2591 2694 2656 dicite,
2725 2599 2778 2645 et
2807 2588 3027 2643 suadete
3057 2588 3182 2652 illis,
3213 2603 3278 2642 ne
3306 2604 3554 2658 umquam
3589 2587 3758 2659 spiris

2166 2681 2292 2735 tuaii
2323 2679 2424 2735 hoc
2459 2680 2711 2735 alimento
2740 2694 2798 2736 se
2825 2680 3068 2749 privent;
3117 2678 3212 2734 sed
3253 2679 3352 2734 etsi
3397 2680 3574 2747 pransi
3617 2679 3756 2743 sint,

2167 2770 2381 2824 veniant
2408 2770 2553 2825 omni
2583 2785 2702 2824 cum
2727 2770 3021 2834 alacritate,
3048 2778 3108 2824 ut
3135 2781 3350 2840 accepta
3377 2769 3466 2824 hic
3487 2769 3757 2839 spirituali

2167 2861 2431 2928 doctrina,
2461 2862 2734 2917 diabolicis
2765 2862 2968 2917 insidiis
3008 2861 3214 2917 fortiter
3242 2863 3495 2918 resistere
3523 2863 3756 2931 possint.

2164 2953 2428 3008 Caeterum
2472 2953 2623 3007 vobis
2669 2962 2976 3008 consuetam
3024 2952 3351 3022 spiritualem
3385 2969 3622 3008 mensam
3653 2969 3758 3008 nos

2165 3059 2512 3114 apponamus,
2542 3045 2777 3099 caritatis
2805 3055 2997 3100 vestrae
3027 3045 3079 3098 in
3111 3044 3386 3099 audiendis
3411 3045 3610 3099 divinis
3638 3053 3759 3101 stu-

2166 3134 2308 3188 dium
2339 3135 2415 3188 sic
2454 3136 2863 3201 remuneraturi,
2893 3147 2944 3190 et
2974 3135 3211 3190 debitum
3240 3136 3378 3205 quod
3410 3137 3756 3205 promisimus

2164 3226 2477 3281 exsoluturi.
2524 3227 2682 3282 Scitis
2716 3227 2858 3281 enim
2905 3226 3142 3293 omnino,
3185 3236 3239 3281 et
3266 3227 3606 3293 meministis,
3650 3241 3756 3283 nos

2164 3315 2234 3371 de
2276 3315 2504 3372 hominis
2551 3315 2866 3373 formatione
2907 3318 3086 3373 dicere
3124 3319 3370 3388 cmpisse,
3415 3327 3469 3372 ct
3506 3320 3752 3388 angustia

2165 3408 2418 3478 temporis
2465 3409 2804 3479 praepeditus,
2846 3409 3125 3464 lectionem
3156 3418 3317 3463 totam
3352 3408 3609 3478 perlicere
3640 3424 3752 3466 non

2163 3501 2421 3567 valentes,
2467 3500 2519 3554 in
2569 3499 2809 3555 doctrina
2851 3499 2918 3554 de
2963 3499 3194 3555 ferarum
3225 3500 3450 3555 utilitate
3476 3501 3636 3555 ﬁnem
3665 3499 3749 3555 fe-

2160 3591 2322 3656 cisse,
2347 3589 2710 3656 ostendentes,
2759 3590 3026 3646 heminem
3072 3601 3288 3662 propter
3328 3590 3747 3646 inebedientiam

2160 3692 2191 3734 a
2220 3680 2536 3750 principatu,
2579 3695 2736 3750 quem
2787 3682 2933 3750 prius
2979 3695 3138 3749 super
3178 3695 3270 3736 eas
3306 3680 3555 3745 habebat,
3595 3683 3748 3737 exci-

2161 3771 2321 3826 disse.
2345 3770 2499 3827 Unde
2528 3770 2685 3825 hodie
2709 3774 2847 3841 quod
2869 3760 3131 3841 reliquum
3154 3781 3236 3826 est
3254 3771 3560 3837 reddemus,
3587 3781 3751 3841 atque

2161 3863 2231 3917 ita
2286 3861 2408 3916 hinc
2457 3874 2555 3917 vos
2605 3861 2952 3917 dimittemus.
3005 3861 3074 3916 Et
3123 3870 3181 3916 ut
3231 3860 3560 3916 manifestior
3593 3862 3747 3916 vobis

2162 3967 2336 4008 sermo
2382 3963 2563 4008 noster
2606 3955 2694 4018 sit,
2739 3967 2916 4022 opera:
2955 3953 3182 4022 pretium
3210 3951 3369 4007 fuerit
3410 3953 3738 4018 meminisse,

2163 4045 2250 4100 ubi
2289 4055 2414 4100 tunc
2453 4045 2673 4100 missum
2702 4045 2984 4100 fecerimus
3013 4060 3337 4108 sermonem,
3366 4055 3421 4099 ut
3449 4045 3572 4100 inde
3599 4044 3744 4101 facte

2163 4137 2330 4201 initio,
2374 4151 2490 4205 qua:
2516 4137 2716 4205 reliqua
2743 4143 2868 4191 sunt
2896 4135 3230 4204 impleamus.
3263 4135 3364 4192 Ubi
3392 4137 3550 4206 igitur
3576 4137 3742 4192 linem

2163 4226 2373 4282 dicendi
2403 4225 2661 4282 fecimus?
2689 4225 2819 4280 Cum
2841 4225 3071 4281 diximus
3099 4226 3166 4282 de
3191 4227 3292 4281 illis
3317 4227 3515 4293 verbis,
3549 4226 3741 4281 Facia-

2161 4334 2274 4373 mus
2322 4319 2570 4373 hominem
2606 4319 2875 4373 secundum
2903 4318 3171 4388 imaginem
3194 4329 3436 4385 nostram,
3468 4328 3517 4374 et
3555 4337 3742 4376 secun-

2163 4409 2282 4463 dum
2319 4409 2712 4474 similitudinem,
2755 4417 2803 4463 et
2844 4409 3163 4464 dominentur
3207 4411 3426 4479 piscibus
3466 4412 3640 4480 maris,
3689 4422 3740 4466 et

2161 4498 2442 4553 volucribus
2463 4499 2593 4562 εωιε,
2625 4499 2744 4568 quia
2774 4507 2898 4552 tunc
2922 4495 3099 4553 sermo
3130 4499 3384 4569 prolixior
3412 4500 3528 4563 fuit,
3559 4509 3615 4555 ct
3638 4515 3740 4554 na-

2161 4596 2271 4641 tum
2315 4596 2396 4643 est
2437 4588 2589 4643 nobis
2635 4589 2853 4658 pelagus
2889 4588 3151 4657 quoddam
3195 4591 3599 4655 sententiarum,
3637 4605 3740 4647 nec

2159 4692 2490 4745 concessum,
2523 4686 2582 4733 ut
2610 4679 2832 4734 ulterius
2863 4679 3322 4748 progrederemur,
3355 4681 3446 4735 sed
3476 4680 3738 4738 hactenus

2161 4769 2413 4838 producto
2451 4785 2717 4832 sermone.
2767 4769 3040 4840 sequentia
3084 4786 3188 4824 non
3242 4773 3529 4842 attigimus.
3581 4773 3738 4831 Unde

2159 4875 2297 4915 nunc
2335 4860 2713 4928 necessarium,
2758 4869 2814 4914 ut
2849 4861 3052 4915 caritati
3077 4870 3267 4916 vestra:
3295 4878 3414 4930 que
3442 4873 3738 4934 sequuntur

2159 4953 2414 5022 legantur,
2463 4962 2520 5006 ut
2559 4953 2694 5012 scire
2735 4951 2947 5019 possitis
2973 4967 3216 5023 quamam
3263 4953 3410 5008 vobis
3438 4953 3625 5008 dicturi
3655 4956 3735 5010 si-
3790 5013 3794 5015 ,

2158 5057 2296 5097 mus.
2333 5044 2518 5098 Statim
2548 5044 2702 5112 igitur
2730 5044 2907 5097 divina
2936 5042 3205 5113 Scriptura
3242 5044 3474 5100 subdidit
3507 5064 3520 5103 :
3546 5047 3636 5100 9.7.
3666 5047 3735 5102 Et

2156 5134 2270 5203 fecit
2286 5132 2422 5188 Deus
2442 5134 2712 5196 hominem;
2733 5133 3006 5187 secundum
3026 5135 3290 5204 imaginem
3314 5133 3410 5188 Dci
3427 5137 3538 5207 fecit
3562 5137 3732 5203 illum;

2157 5225 2435 5278 masculum
2478 5234 2524 5277 et
2553 5225 2789 5293 [eminent
2819 5224 2933 5292 fecit
2957 5225 3091 5280 illos.
3120 5225 3212 5281 28.
3252 5224 3319 5279 Et
3346 5225 3596 5281 benedixit
3627 5227 3734 5284 illis

2156 5311 2292 5366 Deus
2345 5314 2513 5367 dicens
2543 5330 2562 5367 :
2600 5311 2817 5368 Crescite
2859 5325 2909 5368 et
2945 5316 3350 5387 multiplicamini
3373 5357 3387 5379 ,
3435 5325 3481 5370 et
3527 5318 3733 5387 implete

2156 5413 2358 5468 terram,
2385 5415 2430 5458 et
2454 5405 2775 5458 dominemini
2801 5406 2868 5470 ei;
2896 5414 2941 5461 et
2962 5406 3284 5460 dominemini
3314 5409 3528 5476 piscibus
3552 5406 3730 5476 maris,

2152 5507 2200 5550 et
2229 5497 2511 5572 volatilibus
2528 5499 2657 5564 celi,
2675 5509 2721 5552 et
2746 5499 2974 5552 omnibus
2984 5501 3258 5570 pecoribus,
3276 5511 3322 5554 et
3337 5503 3472 5554 onmi
3495 5511 3660 5566 terra,
3681 5517 3730 5556 et

2153 5589 2382 5644 omnibus
2406 5592 2664 5660 reptilibus
2679 5592 2961 5659 repentibus
2988 5608 3138 5662 super
3167 5602 3370 5647 terram.
3406 5592 3576 5646 Pauca
3604 5605 3732 5648 sunt

2156 5679 2338 5751 verba,
2355 5681 2447 5736 sed
2464 5696 2681 5753 magnus
2712 5681 3012 5740 reconditus
3041 5683 3320 5739 thesaurus
3341 5682 3392 5739 in
3413 5694 3517 5740 tam
3543 5683 3729 5755 paucis
