4038 6372
357 322 432 384 85
1201 327 1259 384 S.
1299 324 1587 384 JOANNIS
1623 320 2042 380 ειιιιῖεοετο]

2143 322 2457 380 ARCHIEP.
2501 325 3039 386 CONSTANTINOP.
3737 327 3802 385 88

362 451 477 512 τοῖς
517 444 739 516 βραχέσι
782 444 988 508 τούτοις
1019 443 1246 516 ῥήμασι.
1277 437 1553 513 Πνεύματι
1584 442 1694 513 γὰρ
1727 441 2026 510 φθεγγόμε-

363 551 453 594 νος
499 534 528 585 ό
573 531 840 603 μακάριος
878 525 1030 593 οὗτος
1082 531 1383 600 προφήτης,
1414 527 1702 600 ἀπόρρητά
1728 544 1848 580 τινα
1879 527 2030 596 ἡμᾶς

361 607 457 672 νῦν
495 616 765 671 διδάσκειν
797 615 1060 687 βούλεται.
1093 614 1306 685 Ἐπειδὴ
1349 614 1458 685 γὰρ
1492 612 1611 668 εἰπε
1633 631 1646 644 ο
1683 610 2032 680 Ποιήσωμεν

361 705 696 773 ἄνθρωπον,
732 704 824 757 καὶ
875 703 1086 773 βουλὴν,
1129 702 1206 764 ὡς
1249 703 1442 766 εἰπεῖν,
1480 702 1573 754 καὶ
1624 698 1814 768 σκέψιν
1861 713 2029 770 προσ-

365 793 561 862 έθηκεν
603 792 635 845 δ
677 789 784 843 τῶν
829 789 1081 843 ἁπάντων
1124 788 1474 860 δημιουργὸς,
1508 785 1596 840 διὰ
1627 784 1720 840 τοῦ
1756 786 2031 855 σχήματος

365 879 554 933 τούτου
589 879 682 949 τὴν
711 878 875 948 τιμὴν
908 877 1352 947 ἐπιδεικνύμενος
1395 877 1491 947 τὴν
1527 876 1654 946 περί
1683 875 1777 928 τοῦ
1811 874 2032 944 μέλλον-

366 982 456 1030 τος
503 962 940 1026 διαπλάττεσθαι,
971 964 1065 1015 καὶ
1119 963 1224 1032 πρὸ
1274 963 1372 1031 τῆς
1426 961 1766 1024 διαπλάσεως
1797 960 2032 1024 ἐδίδαξεν

367 1052 549 1122 ἡμᾶς·
587 1051 682 1103 καὶ⁸
716 1049 778 1101 τὸ
813 1049 1040 1117 μέγεθος
1075 1050 1177 1118 τῆς
1225 1049 1417 1118 ἀρχῆς,
1449 1043 1518 1119 ἦς
1573 1048 1755 1118 μέλλει
1804 1048 2032 1118 ὲγχειρί-

364 1136 482 1200 ζειν
529 1135 608 1205 τῷ
657 1133 1103 1205 δημιουργεῖσθαι
1155 1133 1420 1203 μέλλοντι.
1453 1135 1636 1188 Εἰπὼν
1682 1129 1808 1190 οῦν·
1863 1133 2033 1200 [Ioni-

365 1239 570 1295 σωμεν
616 1223 932 1292 ἄνθρωπον
972 1223 1098 1276 κατ’
1131 1226 1337 1277 εἰκόνα
1387 1224 1714 1294 ἡμετέραν,
1753 1225 1850 1279 καί
1901 1226 2031 1280 καθ’

366 1312 669 1380 ὁμοίωσιν,
696 1312 941 1379 ἐπήγαγε
962 1327 978 1340 ι
1008 1311 1118 1363 Kal
1145 1311 1497 1380 ἁρχέτωσαν
1520 1311 1637 1366 τῶν
1675 1315 1896 1381 ἰχθύων
1923 1311 2034 1379 τῆς

367 1397 856 1467 θαίάσσης.’ορα
888 1397 1004 1460 πῶς
1034 1400 1098 1452 lx
1134 1398 1437 1468 προοιμίων
1481 1399 1571 1451 τὸν
1603 1399 1872 1471 θησαυρὸν
1903 1403 2034 1471 ἡμῖν

367 1485 460 1540 τὸν
512 1485 956 1554 ιγκεκρυμμένον
1015 1483 1375 1538 ὑποδείκνυσι.
1433 1486 1707 1556 Πνεύματι
1753 1488 1861 1558 γὰρ
1908 1488 2036 1558 θείῳ

369 1572 738 1643 φθεγγόμενος
762 1574 790 1624 ό
815 1573 1122 1643 προφήτης,
1165 1573 1256 1626 καὶ
1288 1571 1358 1625 τά
1403 1572 1626 1642 μηδέπω
1653 1575 1935 1642 ὑφεστῶτα
1959 1575 2033 1639 ὡς

371 1657 658 1727 ὑφεστῶτα
696 1659 789 1711 καὶ
828 1659 1168 1727 γεγενημένα
1201 1661 1322 1730 ὁρᾷ.
1351 1659 1506 1724 Τίνος
1544 1656 1637 1714 οὖν
1672 1662 1874 1726 ἶνεκεν,
1917 1661 2035 1714 εἰπέ

375 1761 486 1816 μοι,
534 1743 736 1797 εἰπών’
788 1744 1139 1813 Ποιήσωμεν
1177 1745 1508 1815 ἄνθρωπον,
1555 1748 1650 1801 νῦν
1696 1748 1874 1817 λέγει·
1926 1751 2034 1804 Καί

370 1829 755 1898 ἀρχέτωσαν;
793 1830 1066 1885 Δανθάνον
1099 1849 1150 1885 τι
1184 1835 1480 1904 μυστήριον
1510 1837 1640 1904 ἡμῖν
1667 1834 1914 1888 ἐντεῦθεν
1936 1836 2035 1906 ἠδη

373 1916 558 1969 λοιπὸν
597 1917 914 1988 παραδηλοῖ.
942 1917 1098 1980 Τίνες
1128 1918 1476 1988 ἀρχέτωσαν;
1509 1909 1586 1973 Ἦ
1618 1921 1774 1991 δῆλον
1815 1922 1896 1974 ὃτι
1941 1921 2038 1992 τὴν

371 2005 476 2075 τῆς
525 2005 781 2072 γυναικὸς
833 2006 1201 2076 αἰνιττόμενος
1253 2008 1540 2061 διάπλασιν
1592 2009 1747 2061 τοῦτο
1799 1998 2034 2079 εἴρηκεν.

386 2090 549 2161 Ὁρᾷς
589 2092 736 2154 ὅπως
782 2092 935 2145 οὐδέν
969 2094 1084 2145 ἐστι
1126 2093 1233 2146 τῶν
1264 2097 1322 2147 ἑν
1353 2098 1417 2164 τῇ
1466 2095 1585 2166 θείᾳ
1627 2095 1815 2166 Γραφῇ
1852 2097 2037 2160 ἀπλῶς

375 2175 474 2230 καὶ
503 2178 624 2246 εἰκῆ
650 2177 918 2246 κείμενον,
953 2176 1091 2232 ἀλλά
1121 2181 1213 2232 καὶ
1249 2183 1310 2233 τὸ
1342 2183 1503 2251 τυχὸν
1546 2181 1695 2252 ῥῆμα
1725 2183 1892 2235 πολὺν
1925 2183 2036 2253 ἔχει

356 2259 794 2333 ⁴ἐναποκείμενον
824 2263 913 2316 τὸν
943 2263 1232 2335 θησαυρόν.

445 2384 639 2437 δ’.Καί
671 2384 742 2456 μὴ
766 2383 945 2456 ξενίσῃ
984 2402 1064 2446 σε,
1088 2386 1357 2456 ἀγαπητὴ,
1379 2387 1440 2440 τὸ
1465 2389 1770 2460 εἰρημένον.
1789 2389 2039 2444 Τοιοῦτον

375 2469 490 2542 γὰρ
518 2470 637 2534 ἔθος
667 2472 836 2525 ἅπασι
861 2474 975 2534 τοῖς
1015 2474 1353 2545 προφήταις,
1383 2475 1511 2546 περὶ
1543 2475 1650 2529 τῶν
1684 2479 1912 2547 μηδέπω
1949 2495 2041 2546 γε-

377 2558 696 2642 γενημένων
734 2558 810 2620 ὡς
832 2560 1232 2644 -γεγενημένων
1269 2559 1630 2629 διαλέγεσθαι.
1686 2564 1901 2633 Ἐπειδὴ
1933 2563 2040 2684 adp

381 2641 498 2684 τοις
545 2631 931 2684 πνευματικοῖς
993 2630 1178 2684 ἑωρων
1219 2630 1517 2684 ὀφθαλμοῖς
1569 2633 1637 2684 τά
1690 2633 1827 2684 ιιετά
1873 2651 1942 2684 πο
1979 2635 2040 2684 ὒν

381 2630 498 2690 τοῖς
545 2631 931 2696 πνευματικοῖς
993 2630 1178 2698 ἑώρων
1219 2630 1517 2700 ὀφθαλμοῖς
1569 2633 1637 2684 τά
1689 2633 1827 2703 μετά
1873 2630 2007 2686 πολὺ

386 2711 524 2766 ἑτῶν
553 2712 782 2784 ἀριθμὸν
825 2713 1086 2783 μέλλοντα
1120 2714 1385 2782 γίνεσθαι,
1408 2718 1494 2771 διὰ
1525 2719 1683 2772 τοῦτο
1710 2720 1784 2783 ὡς
1815 2721 1915 2791 ἥδη
1937 2721 2042 2792 πρὸ

379 2798 488 2853 τῶν
509 2798 807 2886 ,ὀφθαλμῶν
837 2800 1061 2868 κείμενα
1105 2803 1530 2866 κατοπτεύοντες
1560 2805 1627 2859 τὰ
1656 2807 1957 2876 πράγματα
1992 2819 2039 2872 ο,

380 2885 558 2950 οὕτως
591 2887 803 2940 ἅπαντα
833 2886 1151 2956 διελέγοντο.
1188 2890 1296 2942 Καὶ
1319 2891 1404 2943 ἵνα
1441 2891 1617 2963 μάθῃς
1641 2893 1798 2944 τοῦτο
1824 2891 2005 2960 σαφῶς
2023 2933 2038 2959 ,

275 3005 278 3007 -
380 2971 546 3027 ἄκουε
571 2973 664 3025 τοῦ
698 2975 966 3045 μακαρίου
998 2975 1161 3029 Δαυῖδ
1199 2977 1476 3044 λέγοντος,
1516 2982 1610 3032 καί.
1645 2979 1750 3050 πρὸ
1775 2979 2041 3034 τοσούτων

382 3059 588 3128 γενεῶν
613 3060 680 3113 τά
715 3061 857 3113 κατά
888 3060 981 3113 τὸν
1022 3062 1252 3135 σταυρὸν
1279 3063 1371 3116 τοῦ
1403 3064 1639 3135 Χριστοῦ
1679 3069 2044 3136 προφητεύον-

383 3160 476 3209 τος
508 3136 872 3215 καῖβοῶντος·
896 3148 1161 3215 Ὠρυξαν
1183 3150 1388 3219 χεῷάς
1409 3168 1548 3220 μου,
1578 3152 1674 3205 καί
1692 3152 1882 3219 πόδας
1905 3170 2040 3223 μου·

385 3234 481 3287 καὶ
531 3233 690 3289 πάλιν
709 3273 725 3298 ,
772 3237 1189 3304 Διεμερίσαντο
1239 3237 1311 3291 τὰ
1380 3237 1574 3306 ίμάτιὰ
1616 3257 1736 3308 μου
1790 3240 2041 3308 ἑαυτοῖς.

397 3320 562 3391 Ὁρᾷς
614 3323 730 3385 πῶς
783 3322 852 3375 τὰ
894 3323 1153 3393 μέλλοντα
1199 3324 1337 3394 μετά
1389 3328 1576 3397 χρόνον
1616 3327 1780 3382 πολὺν
1827 3327 2044 3386 ἔσεσθαι

384 3407 461 3469 ὼς
487 3408 586 3480 ἠδη
615 3409 952 3480 γεγενημένα
989 3411 1358 3482 προανεφώνει
1378 3429 1393 3477 ;
1416 3413 1684 3469 Οὓτωκαί
1717 3417 1745 3468 ὁ
1779 3417 2048 3487 μακάριος

387 3488 539 3557 οὗτος
567 3497 849 3566 προφήτης
878 3497 976 3568 ἥδη
1007 3499 1372 3568 αἰνιττόμενος
1402 3501 1532 3570 ἡμῖν
1557 3501 1655 3572 τὴν
1675 3501 1775 3571 τῆς
1791 3505 2047 3571 γυναικὸς

387 3578 672 3633 διάπλασιν
694 3581 808 3655 [76]
846 3585 1258 3654 αἰνιγματωδῶς
1310 3603 1479 3657 φησι,
1538 3589 1647 3641 Kal
1701 3587 2048 3656 ἁρχέτωσαν

389 3660 508 3715 τῶν
561 3665 779 3732 ἰχθύων
847 3665 956 3732 τῆς
1023 3668 1359 3735 θαλάσσης.
1431 3665 1564 3722 Εἶτα
1613 3670 1818 3742 προῖὼν
1887 3672 2046 3726 πάλιν

389 3746 721 3816 σαφέστερόν
801 3764 932 3816 φησι
963 3786 977 3809 ,
1055 3750 1164 3802 Kal
1240 3750 1530 3816 ἐποίησεν
1601 3756 1633 3804 ό
1718 3755 1859 3819 Θεὸς
1945 3755 2049 3810 τὸν

389 3826 702 3896 ἄνθρωπον
755 3847 768 3859 ·
827 3832 950 3883 κατ’
1003 3833 1209 3885 εἰκόνα
1268 3833 1418 3886 Θεοῦ
1461 3835 1748 3903 ἐποίησεν
1812 3839 1997 3892 αὐτόν
2032 3856 2045 3871 ο

389 3909 577 3977 ἄρσεν
628 3912 726 3963 καὶ
782 3910 962 3994 θῆλυν
997 3912 1291 3979 ἐποίησεν
1345 3917 1584 3980 αὐτούς.
1655 3919 1853 3972 Σκόπει
1912 3922 2049 3994 πόσῃ

391 3991 653 4063 κέχρηται
691 3995 755 4062 τῇ
801 3993 1056 4065 ἀκριϐείᾳ
1075 4035 1088 4059 ,
1133 3995 1225 4048 καὶ
1255 3996 1398 4060 ama
1426 3999 1519 4050 καὶ
1555 3998 1804 4072 δεύτερον
1831 4003 1892 4055 τὸ
1921 3991 2051 4058 αὑτό

391 4073 565 4142 λέγων
585 4117 600 4140 ,
635 4076 721 4128 ἵνα
747 4077 946 4148 δυνηθῇ
981 4077 1366 4148 ἐναποτεθῆναι
1395 4085 1460 4151 τῇ
1493 4082 1599 4135 τῶν
1627 4085 1909 4155 ἀκροατῶν
1936 4088 2051 4141 δια-

391 4161 512 4231 νοίᾳ
539 4162 606 4214 τὰ
637 4162 919 4233 λεγόμενα.
959 4164 1023 4216 Εἰ
1055 4165 1161 4234 γὰρ
1188 4163 1262 4236 μὴ
1284 4166 1439 4219 τοῦτο
1459 4163 1526 4237 ἦν
1555 4169 1700 4240 αὐτῷ
1724 4173 1782 4224 τὸ
1819 4174 2050 4228 σπουδα-

391 4242 620 4314 ζόμενον
639 4283 653 4307 ,
683 4245 840 4314 ἤρκει
874 4245 1048 4298 εἰπεῖν
1067 4285 1081 4309 ,
1125 4245 1236 4299 Kal
1269 4246 1560 4315 ἐποίησεν
1587 4253 1619 4303 ό
1653 4251 1796 4316 Θεὸς
1824 4253 1930 4306 τὸν
1957 4255 2052 4307 ἆν-

392 4330 627 4394 θρωπον
655 4340 668 4353 ’
695 4326 829 4379 ἀλλά
875 4327 1038 4380 πάλιν
1088 4328 1411 4399 προστίθησι
1449 4347 1463 4361 ο
1504 4333 1641 4385 Κατ’
1671 4335 1873 4388 εἰκόνα
1908 4338 2050 4392 Θεοῦ

389 4410 682 4476 ἐποίησεν
721 4410 923 4465 αὐτόν.
967 4402 1185 4481 Ἐπειδὴ
1229 4412 1336 4481 γὰρ
1379 4413 1613 4478 ἐδίδαξεν
1648 4417 1792 4485 ἡμᾶς
1831 4416 1920 4470 διὰ
1947 4419 2052 4472 τῶν

393 4492 790 4561 προλαϐόντων,
813 4494 952 4546 κατά
973 4493 1025 4546 τί
1050 4493 1261 4565 εἴρηται
1290 4496 1371 4559 τὸ,
1391 4496 1528 4549 Κατ’
1549 4500 1772 4564 εἰκόνα,
1792 4499 1880 4552 διὰ
1898 4499 2054 4554 τοῦτο

393 4577 555 4631 πάλιν
585 4575 818 4629 ἐνταῦθα
844 4577 934 4630 τὸν
968 4578 1128 4631 αὑτὸν
1159 4579 1622 4649 ὲπαναλαμϐάνων
1653 4582 1828 4649 λόγον,
1886 4585 2016 4655 φησί
2035 4625 2050 4650 ,

391 4666 530 4720 Κατ’
580 4665 784 4718 εἰκόνα
838 4665 986 4720 Θεοῦ
1035 4665 1325 4732 ἐποίησεν
1375 4670 1577 4722 αὐτόν.
1637 4670 1745 4722 Καὶ
1785 4670 1869 4724 ἵνα
1922 4672 2053 4742 μηδὲ

393 4750 746 4820 ἀναίσχυντον
765 4752 1038 4824 καταλίπῃ
1060 4753 1354 4823 ἀπολογίας
1373 4757 1641 4825 πρόφασιν
1657 4760 1767 4820 τοῖς
1791 4760 2052 4829 μάχεσθαι

398 4837 743 4906 βουλομένοις
770 4842 879 4901 τοῖς
906 4840 1006 4909 τῆς
1047 4841 1373 4912 Ἐκκλησίας
1407 4843 1657 4911 δόγμασι,
1691 4847 1829 4898 κατὰ
1863 4848 2054 4919 μικρὸν

398 4923 606 4993 προῖὼν
633 4925 875 4977 διδάσκει
903 4926 971 4978 τά
1008 4928 1145 4980 αὑτά
1177 4929 1358 4996 πάλιν,
1386 4931 1468 4983 ὅτι
1508 4932 1648 4984 κατὰ
1669 4932 1730 4984 τὸ
1759 4934 1941 5004 ἄρχειν
1963 4938 2056 4989 καὶ

396 5012 806 5083 ὑποτεταγμένα
835 5013 977 5083 ἔχειν
1022 5016 1235 5070 ἅπαντα
1276 5017 1343 5070 τά
1382 5019 1870 5091 δημιουργήματα,
1917 5026 2055 5077 κατά

393 5099 551 5153 τοῦτο
579 5099 655 5170 τῷ
684 5101 782 5170 τῆς
811 5101 1014 5165 εἰκόνος
1040 5102 1265 5174 όνόματι
1297 5107 1748 5176 ὲχρήσατο.Τέως
1776 5108 1829 5160 δὲ
1863 5109 2056 5180 ἴδωμεν

396 5186 448 5238 τί
480 5203 610 5255 φησι
633 5204 647 5219 ο
675 5189 782 5240 Καὶ
813 5189 1104 5256 ἐποίησεν
1147 5194 1179 5244 ό
1230 5191 1373 5257 Θεὸς
1411 5193 1517 5246 τὸν
1554 5195 1866 5263 ἄνθρωπον
1890 5213 1901 5227 ·
1931 5201 2055 5251 κατ’

394 5274 597 5325 εἰκόνα
619 5274 764 5326 Θεοῦ
789 5275 1076 5341 ἐποίησεν
1096 5278 1280 5330 αὐτόν
1304 5297 1316 5309 ·
1346 5277 1533 5346 ἄρσεν
1558 5281 1653 5334 καί
1675 5280 1832 5349 θῆλυ
1853 5283 2055 5352 ἐποίη-

395 5375 510 5412 σεν
549 5361 787 5427 αὐτούς.
834 5361 1010 5434 Ὅπερ
1067 5364 1319 5435 ἀνωτέρω
1377 5367 1633 5437 ᾐνίξατο,
1684 5369 1890 5434 εἰπὼν,
1947 5374 2054 5426 Kal

397 5447 762 5515 ἀρχέτωσαν,
810 5451 903 5502 καὶ
949 5450 1182 5506 ἐνταῦθα
1216 5455 1542 5528 σαφέστερον
1589 5455 1708 5511 εἷπε
1734 5477 1749 5492 θ
1794 5462 1886 5515 καὶ
1928 5462 2057 5515 αὑτὸ

396 5534 452 5586 δὲ
484 5534 633 5602 ὅμως
658 5537 1058 5622 κεκρυμμένως
1077 5541 1221 5608 ἡμᾶς
1244 5541 1476 5607 ἐδίδαξεν
1507 5564 1519 5575 ·
1552 5546 1764 5599 οὐδέπω
1793 5548 1899 5620 γὰρ
1928 5556 2054 5622 περὶ

399 5623 499 5692 τῆς
522 5621 861 5712 διαπλάσεως
885 5627 1028 5695 ἡμᾶς
1051 5627 1289 5694 διδάξας,
1310 5631 1429 5684 οὐδὲ
1447 5633 1634 5695 εἰπὼν,
1658 5634 1821 5688 πόθεν
1852 5640 1882 5707 ὴ
1914 5621 2049 5712 γυνὴ

398 5709 681 5780 παρήχθη,
710 5711 890 5781 φησίν·
926 5714 1149 5780 ’Λρσεν
1181 5717 1280 5769 καὶ
1310 5718 1464 5788 θῆλυ
1495 5721 1782 5791 ἐποίησεν
1807 5709 2043 5794 αὑτούς-ξ

464 5852 487 5878 ⁸
509 5848 706 5910 Εοίδὶὶηη.
735 5853 788 5899 (δι
821 5851 944 5900 alius
967 5853 1025 5902 τὰ
1046 5856 1264 5920 παρόντα.

2136 435 2291 504 Εἶδες
2325 441 2441 505 πῶς
2489 443 2549 495 τὸ
2592 443 2816 514 μηδέπω
2855 445 3076 511 γεγονὸς
3113 443 3189 506 ὡς
3216 443 3436 512 γεγονὸς
3465 443 3799 514 διηγήσατος

2127 521 2378 576 Τοιοῦτον
2401 522 2510 594 γάρ
2537 526 2587 576 οἰ
2619 527 2977 594 πνευματικοί
3000 525 3264 594 ὀφθαλμοί
3286 538 3301 552 ⁶
3331 525 3450 577 οὐδὲ
3491 526 3602 595 γάρ
3629 524 3801 586 οὕτως

2128 609 2180 660 οἰ
2214 607 2515 678 σωματικοί
2548 603 2694 662 οῦτοι
2745 608 3014 678 ὀφθαλμοὶ
3049 608 3120 661 τὰ
3155 607 3406 680 ὁρώμενα
3450 607 3669 676 βλέπειν
3706 606 3800 658 δύο

2126 705 2336 753 νανται,
2371 691 2446 755 ὡς
2473 693 2521 744 οἰ
2547 691 2640 744 τοῦ
2668 691 2975 761 πνεύματος
3009 689 3277 760 ὀφθαλμοὶ
3306 691 3375 743 τά
3402 687 3475 760 μὴ
3503 689 3800 759 ὁρώμενατ,

2129 773 2266 841 μηδὲ
2309 773 2376 827 τά
2414 773 2718 842 ὑφεστῶτα.
2763 775 2945 827 Εἰπὼν
2996 774 3193 836 τοίνυν,
3247 774 3468 841 Ἀρσεν
3508 772 3609 825 καί
3640 767 3798 838 θῆλυ

2125 853 2424 924 ἐποίησεν
2446 858 2696 926 αὐτοὺς,
2738 857 2814 920 ὡς
2853 856 2989 927 πρὸς
3026 854 3376 926 ἀμφοτέρους
3404 854 3504 924 τὴν
3545 853 3798 920 εὐλογίαν

2128 938 2398 1001 ποιεῖται,
2435 938 2526 991 καί
2572 955 2746 1008 φησι·
2782 939 2892 992 Kal
2921 939 3273 1007 ηὑλότπσεν
3302 935 3525 1000 αὐτοὺς
3555 938 3588 989 ό
3621 936 3798 1001 Θεὸς,

2125 1015 2321 1086 λέγων
2336 1031 2351 1046 ·
2367 1019 2738 1085 Αὐεάνεσθε,
2761 1020 2859 1074 καί
2885 1021 3286 1087 πληθύνεσθε,
3311 1017 3412 1072 καὶ
3436 1017 3800 1084 πληρώσατε

2126 1099 2242 1165 τὴν
2289 1099 2425 1168 γῆν,
2474 1102 2572 1156 καί
2611 1103 3116 1172 κατακυριεύσατε
3161 1099 3372 1167 αὐτῆς,
3423 1099 3522 1152 καί
3559 1098 3797 1166 ἄρχετε,

2126 1182 2247 1234 τῶν
2290 1184 2512 1252 ἰχθύων
2556 1185 2668 1252 τῆς
2712 1185 3052 1251 θαλάσσης.
3095 1185 3228 1238 Ἰδοὺ
3273 1183 3337 1235 τὸ
3375 1180 3654 1252 ἐξαίρετον
3697 1179 3798 1249 τῆς

2127 1262 2395 1332 εὐλογίας.
2428 1265 2500 1317 Τὸ
2527 1265 2654 1336 γὰρ,
2689 1264 3060 1329 Αὐεάνεσθε,
3105 1264 3206 1319 καί
3244 1263 3649 1330 πληθύνεσθε,
3694 1261 3797 1316 καὶ

2129 1344 2486 1412 πληρώσατε
2513 1346 2629 1414 τὴν
2655 1346 2773 1416 γῆν
2797 1389 2811 1414 ,
2842 1349 2936 1401 καί⁵
2970 1348 3061 1400 ἐπὶ
3087 1345 3196 1399 τῶν
3222 1345 3431 1415 ἀλόγων
3465 1344 3620 1409 ζώων
3643 1384 3658 1408 ,
3706 1343 3800 1397 καὶ

2130 1428 2220 1478 ἐπὶ
2248 1429 2355 1480 τῶν
2383 1429 2624 1499 ἑρπετῶν
2649 1430 2854 1493 ίδοι,τις
2882 1429 2949 1483 ἂν
2972 1429 3257 1500 εἰρημένον
3281 1445 3292 1458 ·
3319 1427 3380 1480 τὸ
3404 1427 3461 1480 δὲ
3479 1468 3493 1492 ,
3527 1430 3800 1480 Καταπυ-

2120 1511 2424 1575 ριεύσατε,
2455 1510 2553 1564 καί
2583 1511 2814 1581 ἄρχετε,
2852 1513 2945 1566 ἐπὶ
2977 1510 3070 1565 τοῦ
3109 1510 3395 1585 ἀνθρώπου
3431 1510 3523 1564 καὶ
3552 1509 3650 1578 τῆς
3697 1523 3800 1574 γυ-

2129 1592 2331 1655 ναικός.
2368 1594 2508 1665 Ὅρα
2534 1595 2941 1666 φιλανθρωπίαν
2965 1595 3238 1648 Δεσπότου
3261 1610 3276 1624 ο
3319 1595 3414 1648 καὶ
3434 1594 3563 1663 πρὶν
3591 1591 3626 1659 ἢ
3654 1605 3799 1658 παρι-

2131 1676 2356 1742 αγαγεϊν
2377 1675 2568 1744 αὑτὴν,
2601 1676 2853 1730 κοινωνὸν
2881 1677 3051 1748 αὐτὴν
3072 1677 3172 1745 τῆς
3203 1676 3381 1748 ἀρχῆς
3403 1672 3798 1744 ἀπεργάζεται.

2132 1752 2226 1804 καὶ
2251 1751 2352 1820 τῆς
2375 1751 2620 1822 εὐλογίας
2644 1753 2812 1824 αὐτὴν
2839 1753 2999 1818 ἀξιοῐ.
3033 1753 3145 1808 Kal
3193 1753 3439 1824 ἄρχετε,
3481 1751 3653 1821 φησὶ,
3683 1748 3802 1802 τῶν

2136 1831 2356 1896 εχθύων
2387 1830 2495 1900 τῆς
2518 1833 2856 1901 θαλάσσης,
2894 1834 2992 1890 καί
3027 1832 3144 1887 τῶν
3174 1830 3461 1887 πετεινῶν
3484 1830 3592 1885 τοῦ
3635 1829 3804 1896 οὑραρ

2131 1907 2242 1961 νοῦ
2261 1947 2275 1972 ,
2306 1911 2405 1964 καί
2436 1911 2677 1966 πάντων
2707 1911 2827 1968 τῶν
2855 1910 3124 1980 κτηνῶν,
3153 1911 3252 1965 καί
3287 1910 3490 1978 πόσης
3521 1906 3635 1975 τῆς
3667 1903 3802 1976 τῆς.

2134 1989 2234 2042 καί
2253 1990 2495 2046 πάντων
2519 1991 2636 2046 τῶν
2655 1993 2916 2062 ἑρπετῶν
2943 1993 3061 2047 τῶν
3085 1994 3390 2063 ἑρπόντων
3403 1992 3500 2050 ἐπὶ
3530 1989 3643 2059 τῆς
3666 1986 3798 2059 τῆς·

2204 2069 2264 2122 ε’.
2293 2067 2440 2133 Εἶδες
2465 2072 2709 2138 ἐξουσίαν
2738 2072 2975 2142 ἀφατονς
3005 2069 3143 2136 εἶδες
3166 2073 3342 2144 ἀρχῆς
3376 2068 3636 2142 μέγεθοςς
3665 2063 3804 2130 εῐδις

2135 2146 2309 2199 πάντα
2363 2147 2432 2200 τά
2486 2149 2948 2220 δημιουργηθέντα
2991 2151 3096 2204 ὑπὸ
3134 2151 3234 2222 τὴν
3285 2149 3474 2202 τούτου
3521 2145 3802 2222 ὑποταγὴν

2134 2224 2433 2294 γενόμενα;
2481 2227 2664 2297 Μηδὲν
2712 2227 2893 2281 λοιπὸν
2934 2228 3128 2300 μικρὸν
3175 2220 3484 2299 φαντασθῇς
3531 2225 3662 2295 περὶ
3707 2220 3801 2276 τοῦ

2136 2302 2276 2366 ζώου
2319 2304 2508 2358 τούτου
2561 2306 2656 2359 τοῦ
2696 2305 2916 2375 λογικοῦ
2939 2346 2954 2371 ,
2993 2306 3106 2360 ἀλλ’
3157 2306 3353 2360 ἐννοῶν
3387 2306 3488 2374 τῆς
3530 2304 3698 2373 τιμῆς
3743 2301 3804 2354 τδ

2139 2381 2386 2451 μέγεθος.
2439 2385 2533 2438 καὶ
2581 2385 2677 2456 τὴν
2729 2385 2858 2456 περὶ
2905 2386 3036 2439 αὐτὸ
3085 2384 3298 2439 εὓνοιαν
3354 2383 3449 2438 τοῦ
3505 2381 3801 2445 Δεσπότου,

2137 2461 2439 2532 ὲκπλήττου
2462 2465 2560 2533 τὴν
2589 2467 2792 2534 ἄφατον
2825 2465 2990 2519 αὑτοῦ
3023 2464 3448 2535 φιλανθρωπίαν.
3483 2463 3594 2516 Καί
3633 2456 3804 2514 εἶπεν

2135 2541 2170 2591 ό
2203 2541 2346 2607 Θεός
2378 2558 2392 2572 ⁸
2424 2543 2570 2596 Ἰδοὺ
2586 2542 2816 2597 δέδωκα
2837 2543 2977 2612 ὑμῖν
3005 2541 3202 2596 πάντα
3227 2543 3445 2613 χόρτον
3481 2541 3804 2608 σπόριμονὶ

2012 2615 2040 2686 ξι
2135 2622 2387 2690 σπεῖρον
2412 2623 2650 2691 σπέρμα
2671 2662 2686 2687 ,
2719 2622 2753 2676 ὅ
2799 2623 2967 2676 ἐστιν
3001 2621 3202 2675 ἐπάνω
3243 2621 3451 2689 πάσης
3491 2619 3603 2687 τῆς
3643 2615 3760 2686 τῆς
3789 2656 3804 2679 ,

2136 2701 2236 2755 καί
2265 2699 2386 2755 πᾶν
2419 2701 2610 2765 ξύλον
2631 2739 2646 2765 ,
2678 2700 2709 2763 δ
2738 2702 2864 2768 ἔχει
2892 2701 2960 2754 ἐν
2981 2699 3172 2765 ἐαυτῷ
3196 2700 3427 2766 καρπὸν
3461 2700 3808 2765 σπέρματος

2138 2779 2254 2851 [77]
2280 2780 2598 2847 σπορίμου,
2632 2779 2775 2849 ὑμῖν
2794 2779 2965 2833 ἔσται
2995 2779 3081 2844 εἰς
3100 2778 3356 2847 βρῶσιν,
3384 2777 3481 2830 καί
3509 2774 3662 2828 πᾶσι
3680 2771 3808 2837 τοῖς

2139 2861 2364 2925 θηρίοις
2391 2856 2501 2926 τῆς
2529 2857 2643 2926 τῆς
2660 2898 2675 2922 ,
2713 2857 2813 2910 καί
2837 2856 2988 2912 πᾶσι
3023 2856 3148 2923 τοῖς
3179 2855 3472 2921 πετεινοῖς
3494 2853 3601 2908 τοῦ
3624 2854 3808 2922 σήρα-

2139 2936 2271 2998 νοῦ,
2296 2937 2395 2990 καί
2426 2938 2602 2991 παντί
2638 2935 2864 3007 ἑρπετῷ
2901 2938 3145 3006 ἕρποντι
3169 2937 3267 2990 ἐπι
3302 2934 3411 3003 τῆς
3440 2933 3576 3003 τῆς,
3612 2931 3645 2985 ὸ
3680 2932 3810 3000 ἔχει

2138 3018 2208 3073 ἐν
2225 3019 2416 3085 ἑαυτῷ
2438 3020 2651 3089 ψυχὴν
2677 3019 2954 3086 ζωῆς,καί
2983 3019 3181 3074 πάντα
3205 3019 3424 3088 χόρτον
3449 3013 3689 3084 χλωρὸν
3719 3015 3813 3078 εἰς

2135 3098 2387 3165 βρῶσιν.
2417 3099 2524 3153 Καὶ
2543 3099 2780 3167 ἐγένετο
2803 3099 3010 3165 οὕτως.
3041 3099 3152 3151 Θέα
3178 3114 3268 3167 μοι
3296 3095 3404 3147 τῶν
3426 3095 3688 3166 ῥημάτων
3707 3092 3812 3162 τὴν

2140 3177 2457 3246 ἀκρίϐειαν,
2500 3176 2784 3246 ἀγαπητὲ,
2822 3178 2916 3230 καί⁵
2942 3177 3041 3245 τὴν
3079 3175 3283 3245 ἄφατον
3311 3175 3404 3227 τοῦ
3443 3173 3577 3226 Θεοῦ
3620 3172 3814 3241 φιλανρ

2143 3256 2420 3328 θρωπίαν,
2464 3256 2560 3308 καὶ
2596 3257 2760 3326 μηδὲν
2793 3256 2979 3319 ἁπλῶς
3020 3254 3385 3326 παραδράμῃς
3433 3252 3543 3328 τῶν
3577 3251 3810 3322 εἰρημέ-

2141 3327 2268 3388 νων.
2288 3333 2396 3388 Καί
2419 3330 2567 3399 εἷπε,
2587 3334 2771 3406 φησὶν,
2789 3336 2819 3387 ό
2837 3333 3001 3398 Θεός·
3029 3331 3185 3387 Ἰδοὺ
3202 3331 3430 3385 δέδωκα
3445 3327 3595 3398 ὑμῖν
3608 3329 3814 3382 πάντα

2144 3416 2361 3484 χόρτον
2391 3414 2687 3482 σπόριμον
2715 3429 2730 3444 ο
2761 3413 2836 3473 ὼς
2882 3413 3016 3482 προς
3052 3411 3178 3474 τοὺς
3221 3409 3314 3463 δύο
3359 3411 3394 3482 ὴ
3442 3408 3677 3473 διάλεξις
3721 3409 3813 3476 γί-

2142 3511 2291 3547 νεται
2320 3533 2335 3552 ,
2376 3491 2668 3546 καὶταῦτα
2694 3530 2710 3555 ,
2770 3491 2993 3562 μηδέπω
3043 3491 3140 3560 τῆς
3193 3489 3451 3557 γυναικὸς
3507 3485 3813 3560 παραχθεί-

2145 3587 2264 3641 σης.
2301 3565 2434 3623 Εἶτα
2463 3570 2548 3623 ἵνα
2598 3570 2774 3640 μάθῃς
2813 3568 2977 3622 αὑτοῦ
3015 3569 3113 3640 τὴν
3160 3566 3602 3640 ὑπερϐάλλουσαν
3669 3569 3815 3632 ἀγα-

2143 3650 2364 3720 θότητα,
2418 3650 2518 3720 ὅρα
2561 3647 2678 3711 πῶς
2717 3648 2778 3701 οὑ
2831 3647 2990 3719 μέχρι
3023 3647 3116 3700 τοῦ
3145 3646 3427 3717 ἀνθρώπου
3453 3645 3545 3699 καὶ
3575 3645 3674 3714 τῆς
3713 3661 3815 3712 γυ-

2143 3731 2327 3794 ναικὸς
2379 3731 2478 3800 τῆς
2547 3729 2769 3801 μηδέπω
2830 3727 3200 3799 παραχθείσης
3252 3726 3349 3796 τὴν
3403 3723 3814 3793 φιλανθρωπίαν

2146 3809 2546 3872 ἐπιδείκνυται,
2604 3809 2699 3860 καὶ
2769 3806 2867 3876 τὴν
2933 3805 3377 3876 ὑπερὸάλλουσαν
3457 3802 3814 3873 φιλοτιμίαν,

2147 3887 2283 3940 ἀλλά
2333 3889 2426 3940 καὶ
2481 3886 2671 3956 μέχρις
2724 3884 2904 3938 αὐτῶν
2956 3883 3063 3955 τῶν
3110 3882 3341 3948 ἀλόγων.
3423 3879 3605 3933 Εἰπὼν
3659 3880 3815 3950 γάρ,

2159 3965 2329 4033 Ὑμῖν
2361 3965 2530 4019 ἔσται
2560 3968 2646 4031 εἰς
2664 3963 2919 4033 βρῶσιν,
2939 3963 3207 4034 ἐπήγαγε.
3239 3961 3351 4014 Καὶ
3383 3958 3532 4014 πᾶσι
3565 3959 3688 4024 τοῖς
3712 3961 3818 4025 θη-

2139 4044 2298 4112 ρίοις
2339 4041 2448 4110 τῆς
2486 4043 2618 4112 τῆς.
2655 4043 2796 4112 Ὀρα
2826 4043 2983 4095 πάλιν
3027 4040 3215 4110 ἑτέραν
3254 4039 3486 4092 ἄϐυσσον
3518 4036 3819 4106 φιλανθρω-

2147 4123 2298 4185 πίας.
2340 4123 2414 4174 Οὑ
2475 4123 2630 4191 μόνον
2682 4121 2789 4190 γὰρ
2843 4120 2952 4172 τῶν
3000 4119 3207 4186 ἀλόγων
3254 4117 3362 4170 τῶν
3418 4118 3670 4187 ἡμέρων,
3719 4114 3819 4165 καὶ

2149 4201 2285 4272 πρὸς
2341 4201 2545 4270 τροφὴν
2598 4200 2730 4268 ἡμῖν
2786 4198 3126 4266 ἐπιτηδείων,
3191 4194 3450 4267 καὶπρὸς
3487 4193 3815 4272 ὑπηρεσίαν,

2150 4270 2409 4350 πρόνοιαν
2459 4278 2785 4347 πεποίηται,
2836 4276 2971 4328 άλλά
3015 4276 3108 4328 καί
3156 4275 3264 4328 τῶν
3309 4274 3534 4344 θηρίων.
3588 4273 3697 4324 Καὶ
3726 4270 3818 4333 τίς

2150 4359 2216 4412 ἂν
2262 4361 2384 4412 κατ’
2425 4355 2580 4420 ἀξίαν
2621 4355 2859 4424 ἐφίκοιτο
2900 4355 2998 4425 τῆς
3040 4354 3270 4424 ἀπείρου
3305 4352 3507 4424 ταύτης
3540 4350 3818 4420 ἀγαθότη-

2148 4454 2270 4503 τος;
2318 4434 2477 4504 Ὑμῖν
2512 4434 2684 4488 ἐσται
2717 4435 2802 4496 εἰς
2843 4431 3103 4500 βρῶσιν,
3149 4433 3320 4502 φησι,
3362 4431 3460 4485 καί
3504 4430 3653 4485 πᾶσι
3691 4428 3822 4494 τοῖς

2153 4517 2378 4582 θηρίοις
2413 4513 2522 4580 τῆς
2548 4511 2682 4580 γῆς,
2719 4513 2817 4565 καί
2849 4510 2997 4565 πᾶσι
3025 4511 3148 4576 τοῖς
3187 4510 3479 4576 πετεινοῖς
3510 4509 3614 4562 τοῦ
3643 4509 3820 4574 οὐρα-

2152 4594 2283 4656 νοῦ,
2323 4592 2420 4646 καί
2456 4591 2634 4645 παντί
2672 4589 2896 4658 ἑρπετῷ
2933 4589 3170 4657 ἕρποντι
3199 4589 3297 4643 ὲπί
3332 4589 3440 4657 τῆς
3463 4587 3592 4657 γῆς,
3626 4587 3659 4641 ὃ
3691 4587 3818 4656 ἔχει

2154 4674 2222 4725 ἐν
2258 4669 2447 4734 ἐαυτῷ
2484 4669 2694 4737 ψυχὴν
2732 4667 2908 4734 ζωῆς,
2939 4667 3035 4720 καί
3077 4667 3271 4720 πάντα
3319 4669 3536 4737 χόρτον
3581 4666 3821 4736 χλωρὸν

2153 4754 2242 4817 εἰς
2260 4748 2515 4819 βρῶσιν.
2545 4747 2716 4817 Πολλὴ
2745 4747 2839 4798 τοῦ
2880 4746 3149 4799 Δεσπότου
3189 4746 3459 4800 δείκνυται
3503 4748 3536 4817 ἡ
3571 4747 3698 4816 περὶ
3723 4745 3818 4799 τὸν

2155 4824 2441 4902 άνθρὶυπον
2504 4826 2596 4881 τὸν
2665 4828 2753 4878 ὑπ’
2813 4827 2975 4879 αὑτοῦ
3036 4826 3507 4898 δημιουργηθέντα
3567 4826 3815 4894 πρόνοια.

2168 4909 2391 4979 Ἐπειδὴ
2417 4907 2526 4978 γὰρ
2550 4906 2708 4958 αὑτὸν
2747 4908 3055 4977 παρήγαγε,
3085 4907 3178 4959 καὶ
3211 4909 3391 4960 πᾶσαν
3417 4904 3564 4974 αὑτῷ
3596 4907 3695 4972 τὴν
3724 4904 3822 4972 ἀρο

2155 4992 2256 5062 χὴν
2285 4989 2381 5059 τῆς
2415 4986 2770 5057 δημιουργίας
2805 4988 3156 5055 ἐνεχείρισεν,
3185 4987 3271 5038 ἵνα
3297 4985 3371 5054 μὴ
3399 4985 3599 5045 εὐθέως
3634 4984 3728 5035 καὶ
3751 4983 3820 5035 ἐκ

2159 5069 2458 5140 προοιμίων
2497 5065 2638 5136 ὁρῶν
2676 5065 2783 5116 τῶν
2823 5065 3032 5131 ἀλόγων
3072 5066 3133 5117 τὸ
3185 5065 3406 5133 πλῆθος,
3443 5063 3818 5134 δυσχεραίνειν

2156 5149 2277 5221 ἔχῃ,
2305 5148 2379 5210 ὡς
2405 5145 2465 5198 οὑ
2500 5145 2573 5215 μὴ
2598 5143 2890 5213 δυνάμενος
2923 5143 3152 5213 ἀρκέσαι
3193 5142 3328 5212 πρὸς
3353 5142 3451 5211 τὴν
3494 5142 3600 5193 τῶν
3629 5141 3822 5193 τοσού-

2155 5245 2262 5281 των
2311 5225 2463 5289 ζώων
2507 5222 2743 5294 τροφὴν,
2775 5223 2901 5292 πρὶν
2935 5221 2967 5291 ἥ
3004 5221 3104 5275 κᾶν
3139 5221 3343 5273 ἔννοιαν
3377 5221 3535 5272 αὐτόν
3563 5237 3683 5272 τινα
3729 5221 3818 5272 δέ-

2159 5307 2350 5373 ξασθαι
2381 5306 2510 5376 περὶ
2539 5303 2752 5367 τούτου,
2789 5301 3072 5372 προλαόὼν
3112 5303 3140 5354 ὁ
3174 5300 3374 5368 ἀγαθὸς
3409 5300 3682 5369 Δεσπότης
3711 5317 3818 5353 πα-

2162 5384 2564 5458 ραμυθούμενος
2595 5382 2774 5440 αὑτὸν,
2802 5381 2876 5443 ὡς
2902 5383 3092 5444 εἰπεῖν,
3134 5382 3227 5434 καὶ
3248 5379 3458 5440 δεικνὺς
3487 5377 3692 5458 ᾡςκαί
3722 5379 3820 5458 αὑ-

2157 5455 2245 5528 τὸς
2279 5465 2374 5516 καὶ
2404 5463 2471 5515 τὰ
2513 5462 2681 5528 ἄλογα
2713 5459 2888 5512 πάντα
2923 5460 3119 5529 πολλὴν
3143 5459 3252 5522 ἕξει
3278 5458 3374 5527 τὴν
3401 5455 3678 5522 ἀφθονίαν,
3720 5457 3819 5526 τῆς

2153 5545 2257 5614 γῆς
2287 5542 2364 5612 τῷ
2398 5540 2777 5614 προστάγματι
2815 5537 2908 5589 τοῦ
2936 5539 3202 5590 Δεσπότου
3232 5536 3364 5607 πρὸς
3395 5537 3492 5604 τὴν
3520 5535 3817 5606 διατροφὴν

2156 5622 2361 5675 τούτων
2387 5618 2862 5689 ὑπηρετουμένης,
2899 5616 3095 5681 εἰπὼν,
3137 5615 3296 5684 Ὑμῖν
3338 5614 3508 5666 ἔσται
3550 5616 3637 5678 εἰς
3668 5614 3821 5682 ,βρῶ-

2161 5718 2284 5763 σιν,
2309 5699 2508 5762 εὐθέως
2541 5696 2786 5765 ἐπήγαγε
2805 5737 2819 5760 ,
2846 5695 2957 5748 Kal
2997 5696 3118 5761 τοῖς
3140 5695 3364 5762 θηρίοις
3390 5692 3501 5760 τῆς
3537 5692 3650 5762 τῆς
3669 5735 3683 5756 ,
3720 5694 3821 5747 καί

2162 5780 2288 5844 τοῖς
2319 5775 2610 5843 πετεινοῖς
2642 5776 2747 5830 τοῦ
2781 5776 3066 5842 οὐρανοῦ,
3110 5774 3208 5827 κιιί
3241 5772 3416 5826 παντί
3462 5771 3686 5839 ἑρπετῷ
3725 5773 3818 5837 ἕρ-

2163 5875 2332 5914 ποντι
2354 5858 2450 5913 επί
2480 5855 2588 5926 τῆς
2608 5854 2740 5926 γῆς,
2775 5855 2807 5908 ὃ
2836 5855 2956 5925 ἔχει
2980 5855 3048 5908 ἐν
3074 5853 3264 5920 ἑαυτῴ
3295 5851 3506 5922 ψυχὴν
3535 5851 3698 5924 ζωῆς,
3722 5851 3818 5906 καί
