4038 6380
389 362 459 423 ιδ
1502 354 1567 411 fN
1606 354 1760 412 CAP.
1803 353 1847 410 Ι.
1885 349 2132 412 GENES.
2176 351 2413 411 HOMIL.
2455 350 2526 410 In.
3638 353 3714 411 86

391 463 610 532 verbisa
649 472 853 545 Spiritu
900 470 1042 528 enim
1086 470 1313 540 loquens
1356 468 1545 525 beatus
1574 468 1663 524 hic
1705 468 1987 541 propheta,

392 583 535 623 nunc
555 582 656 622 nos
684 579 876 621 arcana
902 562 1146 635 quaedam
1172 561 1367 617 docere
1390 562 1521 616 vult.
1550 561 1680 616 Nam
1712 570 1993 631 postquam

389 658 547 722 dixit,
577 657 856 712 Faciamus
880 656 1155 716 hominem,
1184 663 1239 709 et
1276 654 1579 718 consilium,
1609 662 1683 717 et,
1717 662 1777 707 ut
1806 654 1876 707 ita
1905 652 1992 706 di-

391 767 535 817 cam,
564 750 800 805 studium
832 748 1073 803 adhibuit
1098 749 1336 803 omnium
1380 748 1589 817 Opifcx,
1622 756 1679 802 ut
1703 746 1805 802 hoc
1833 747 1991 801 sche-

394 854 538 899 mate
562 842 823 899 formandi
846 841 1077 897 hominis
1103 842 1413 911 dignitatem
1435 840 1763 904 ostenderet,
1790 847 1845 892 et
1868 847 1993 893 ante

396 933 771 990 formationem
824 934 985 987 etiam
1037 932 1273 995 doceret,
1329 940 1584 1001 quantum
1638 931 1992 999 principatum

397 1026 675 1081 formando
697 1025 898 1079 homini
921 1025 1141 1079 daturus
1162 1032 1324 1079 esset.
1350 1023 1530 1093 Itaque
1548 1038 1670 1078 cum
1688 1022 1820 1077 dixit
1844 1040 1856 1075 :
1881 1020 1993 1074 Fa-

395 1118 590 1171 ciamus
615 1117 871 1169 hominem
908 1114 1185 1169 secundum
1228 1114 1500 1184 imaginem
1544 1125 1791 1179 nostram,
1838 1121 1886 1165 et
1910 1128 1994 1165 se-

395 1206 619 1261 cundum
643 1205 1053 1270 similitudinem;
1093 1205 1349 1268 subdidit,
1406 1214 1452 1259 et
1485 1204 1807 1258 dominentur
1837 1204 1993 1272 pisci-

396 1298 487 1351 bus
539 1298 718 1351 maris.
753 1296 885 1352 Vide
921 1288 1191 1368 quomodo
1238 1298 1415 1351 statim
1447 1297 1515 1351 ab
1545 1297 1696 1351 initio
1739 1296 1993 1351 latentem

398 1389 553 1445 nobis
599 1390 909 1449 thesaurum
968 1389 1318 1444 demonstrat.
1367 1388 1567 1457 Spiritu
1612 1388 1754 1443 enim
1808 1387 1999 1443 divino

397 1481 626 1551 loquens
670 1480 955 1551 propheta,
1002 1497 1121 1550 qua:
1151 1480 1387 1535 nondum
1430 1480 1811 1543 subsistebant,
1842 1479 1995 1549 quasi

398 1570 741 1627 subsistentia
771 1582 825 1625 et
854 1570 991 1625 facta
1021 1570 1186 1625 videt.
1223 1570 1401 1638 Quare
1428 1585 1578 1638 ergo,
1611 1570 1714 1634 dic,
1745 1569 1992 1636 obsecro,

398 1674 457 1718 ut
483 1663 638 1727 dixit,
672 1661 948 1717 Faciamus
978 1663 1252 1728 hominem,
1280 1678 1422 1718 nunc
1448 1663 1603 1728 dixit,
1628 1661 1695 1715 Et
1724 1662 1995 1715 dominen-

398 1754 509 1808 tur.’
530 1751 809 1808 Occultum
832 1752 986 1807 nobis
1012 1760 1404 1807 sacramentum
1433 1751 1643 1821 hicjam
1665 1766 1997 1820 consequen-

398 1854 483 1899 ter
506 1842 763 1899 declarat.
794 1842 1020 1909 Quinam
1059 1841 1435 1897 dominentur?
1472 1841 1712 1896 Mulieris
1748 1840 1999 1896 videlicet

400 1937 630 1992 innuens
670 1935 1041 1991 formationem
1072 1934 1174 1989 hoc
1199 1935 1350 1989 dixit.
1383 1934 1546 1989 Vides
1570 1934 1839 2006 quomodo
1865 1933 1999 1989 nihil

399 2026 540 2083 inest
565 2027 760 2081 divinis
788 2026 982 2081 Literis
1012 2034 1219 2081 temere
1245 2038 1297 2081 et
1320 2026 1521 2096 absque
1541 2041 1699 2081 causa
1742 2026 1995 2095 positum,

397 2116 667 2189 etiamque
708 2116 930 2173 verbum
976 2116 1119 2187 quod
1151 2115 1429 2172 fortuitum
1460 2116 1625 2172 videri
1655 2126 1857 2188 posset,
1885 2131 2004 2171 ma-

397 2224 560 2280 gnum
592 2209 902 2264 thesaurum
930 2208 983 2263 in
1008 2224 1068 2263 se
1095 2208 1351 2263 latentem
1376 2207 1637 2264 continet.

469 2302 523 2357 4.
559 2302 629 2357 Et
648 2317 715 2356 ne
761 2301 974 2357 mireris
996 2343 1011 2368 ,
1054 2301 1281 2368 dilecte,
1329 2300 1472 2371 quod
1509 2301 1712 2356 dictum
1743 2309 1847 2356 est.
1878 2301 1996 2356 Mos

400 2392 543 2447 enim
576 2392 661 2447 hic
686 2402 768 2446 est
796 2391 1174 2463 prophetarum
1200 2391 1463 2461 omnium,
1491 2390 1559 2445 de
1583 2389 1819 2446 nondum
1846 2390 2001 2446 factis

400 2494 461 2540 ut
499 2485 567 2541 de
595 2484 749 2541 factis
777 2486 942 2557 loqui.
976 2485 1110 2553 Quia
1138 2486 1281 2542 enim
1314 2484 1634 2540 mentalihus
1658 2484 1827 2540 oculis
1854 2484 2003 2540 vide-

400 2576 532 2633 bant
567 2594 687 2648 qua:
735 2588 855 2648 post
901 2578 1193 2633 multorum
1238 2592 1502 2632 annorum
1540 2576 1803 2633 curricula
1845 2585 2002 2631 erant

402 2669 579 2725 futura
605 2711 623 2736 ,
675 2671 874 2727 idcirco
897 2673 1047 2743 quasi
1080 2687 1221 2727 nunc
1261 2671 1331 2727 ob
1355 2672 1540 2727 oculos
1582 2672 1754 2743 posita
1791 2682 2002 2741 specta-

400 2770 557 2829 rent,
614 2761 685 2815 ita
732 2770 921 2818 cuncta
962 2763 1268 2818 narrabant.
1324 2762 1394 2817 Et
1432 2777 1538 2833 quo
1572 2761 1857 2818 manifeste
1899 2762 2004 2820 hoc

401 2853 562 2920 scias,
589 2853 711 2907 audi
735 2853 951 2909 beatum
979 2854 1235 2910 Davidem
1264 2854 1551 2933 dicentem,
1579 2864 1634 2910 et
1652 2863 1778 2910 ante
1798 2864 1875 2910 tot
1901 2870 2003 2911 sa:-

399 2946 517 2999 cula
561 2946 936 3002 vaticinantem
964 2946 1033 3003 de
1073 2962 1234 3003 cruce
1261 2947 1495 3013 Christi,
1543 2956 1598 3003 et
1627 2949 1947 3003 clamantem
1983 2967 1998 3001 :

400 3037 665 3092 Foderunt
696 3056 874 3093 manus
900 3055 1037 3094 meas
1065 3050 1111 3093 et
1140 3040 1289 3110 pedes
1312 3057 1449 3094 meos
1473 3057 1489 3104 ;
1514 3049 1569 3095 et
1598 3041 1821 3107 iterum,
1850 3039 2000 3094 Divi-

400 3140 570 3184 serunt
597 3131 885 3185 vestimenta
906 3147 1016 3185 mea
1040 3131 1134 3184 sibi
1164 3130 1334 3202 (Psal.
1361 3131 1453 3184 21.
1490 3132 1577 3185 17.
1606 3142 1653 3185 et
1693 3130 1809 3203 19).
1841 3131 2002 3188 Vides

400 3221 670 3290 quomodo
694 3232 815 3290 post
838 3221 1055 3291 longum
1084 3231 1296 3292 tempus
1325 3220 1525 3289 futura,
1554 3223 1704 3293 quasi
1727 3223 1836 3294 jam
1862 3222 1999 3279 facta

401 3314 688 3385 prtedisit?
730 3315 818 3371 Sic
844 3323 897 3369 et
944 3316 1133 3371 beatus
1160 3316 1247 3371 hic
1278 3317 1537 3387 propheta
1571 3318 1679 3385 jam
1725 3317 2001 3374 insinuans

402 3407 557 3463 nobis
586 3408 827 3463 mulieris
872 3408 1244 3465 formationem
1270 3451 1284 3474 ,
1332 3410 1664 3479 amigmatice
1694 3419 1749 3464 et
1770 3410 2001 3467 obscure

400 3498 529 3554 dicit
567 3517 581 3553 :
632 3497 698 3552 Et
732 3500 1055 3554 dominentur
1094 3500 1313 3570 piscibus
1360 3500 1536 3553 maris.
1588 3500 1656 3555 Et
1683 3516 2002 3571 progressus

399 3591 540 3645 ultra
572 3591 906 3647 manifestius
935 3592 1139 3663 inquit,
1183 3592 1251 3645 Et
1280 3592 1396 3661 fecit
1428 3589 1565 3647 Deus
1593 3594 1884 3656 hominem;
1922 3610 2001 3646 se-

400 3682 620 3737 cundum
653 3684 924 3755 imaginem
950 3682 1049 3737 Dei
1087 3684 1204 3754 fecit
1246 3684 1430 3749 illum;
1458 3683 1741 3738 masculum
1778 3692 1823 3736 et
1846 3685 1999 3755 femi-

400 3791 521 3828 nam
552 3775 670 3847 fecit
693 3775 830 3830 illos.
874 3774 1253 3830 Animadverte
1289 3785 1485 3845 quanta
1518 3790 1645 3829 usus
1666 3784 1748 3829 est
1776 3789 1998 3830 accura-

400 3867 569 3935 tioue,
598 3869 764 3923 semel
790 3877 952 3938 atque
983 3870 1176 3923 iterum
1208 3868 1347 3923 idem
1380 3868 1562 3922 dicens
1584 3910 1599 3934 ,
1637 3877 1694 3922 ut
1720 3868 1770 3921 in
1800 3868 1999 3923 menti-

400 3958 503 4015 bus
555 3959 859 4015 auditorum
890 3959 1027 4015 bene
1072 3958 1259 4030 reponi
1307 3960 1515 4030 possint
1561 3975 1679 4031 quae
1726 3959 1996 4016 dicuntur.

400 4049 514 4108 Nisi
556 4052 699 4107 enim
727 4054 829 4107 hoc
848 4052 897 4108 ei
928 4068 1071 4108 cura:
1104 4052 1325 4121 fuisset,
1359 4052 1661 4109 sufﬁciebat
1685 4053 1899 4120 dicere,
1933 4054 1999 4108 Et

403 4145 521 4215 fecit
558 4142 699 4198 Deus
729 4144 982 4219 hominem
1012 4160 1030 4198 :
1056 4143 1151 4199 sed
1183 4144 1371 4199 iterum
1404 4145 1656 4213 apponit,
1704 4144 1999 4199 Secundum

400 4235 673 4305 imaginem
698 4233 794 4288 Dei
818 4236 938 4307 fecit
966 4235 1134 4289 illum.
1180 4235 1467 4305 Postquam
1495 4235 1640 4290 enim
1681 4250 1779 4291 nos
1818 4236 2001 4291 docuit

400 4339 497 4395 per
520 4325 897 4395 praecedentia,
924 4326 1049 4397 quid
1081 4327 1183 4393 sit,
1232 4325 1525 4381 Secundum
1558 4328 1865 4398 imaginem,
1899 4328 1998 4383 de-

398 4431 509 4473 nuo
548 4432 611 4471 ea
654 4416 723 4473 de
768 4432 928 4472 causa
960 4418 1045 4473 hic
1084 4418 1329 4474 eumdem
1359 4420 1552 4489 repetit
1576 4434 1878 4475 sermonem
1900 4462 1915 4486 ,
1947 4430 2002 4476 et

399 4508 566 4564 dicit:
599 4507 895 4564 Secundum
911 4510 1183 4581 imaginem
1214 4510 1309 4564 Dei
1334 4512 1450 4581 fecit
1471 4526 1603 4564 eum.
1628 4511 1695 4565 Et
1724 4520 1782 4565 ut
1808 4526 1876 4565 ne
1901 4512 2001 4566 im-

399 4599 690 4670 pudentem
738 4600 952 4671 quidem
998 4600 1326 4656 defensionis
1374 4610 1692 4670 praztextum
1732 4601 2001 4672 relinquat

398 4692 654 4748 Ecclesia:
683 4692 931 4762 dogmata
978 4694 1293 4764 impugnare
1335 4694 1671 4761 volentilms,
1727 4694 1997 4765 paululum

400 4798 719 4854 progressus
764 4785 904 4841 idem
953 4787 1146 4841 iterum
1179 4786 1374 4851 docet,
1409 4787 1553 4855 quod
1584 4788 1705 4841 ideo
1752 4788 1999 4858 imaginis

397 4877 617 4930 nomine
645 4891 772 4931 usus
800 4878 886 4941 sit,
917 4879 1057 4946 quod
1089 4877 1446 4947 imperaturus
1474 4923 1489 4946 ,
1535 4890 1590 4934 et
1635 4881 1736 4934 sub
1764 4896 1823 4935 se
1848 4896 2000 4937 crea-

400 4978 547 5022 turas
573 4982 762 5021 omnes
793 4967 1069 5021 habiturus
1095 4978 1255 5024 esset.
1289 4970 1405 5023 Jam
1442 4974 1715 5026 videamus
1758 4973 1883 5041 quid
1913 4974 1997 5027 di-

395 5071 469 5115 (ιιι
496 5077 508 5114 :
542 5060 610 5114 Et
631 5062 749 5130 fecit
779 5059 918 5114 Deus
954 5062 1243 5129 hominem;
1278 5064 1552 5117 secundum
1600 5066 1872 5135 imaginem
1901 5065 1998 5119 Dei

398 5152 516 5218 fecit
546 5152 691 5205 illum
730 5170 751 5218 ;
781 5154 1065 5206 masculum
1100 5164 1145 5207 et
1176 5157 1416 5226 feminam
1441 5158 1557 5226 fecit
1580 5158 1715 5211 illos.
1753 5156 1808 5211 Id
1854 5159 1997 5227 quod

395 5244 559 5315 supra
590 5244 973 5311 insinuaverat,
1002 5246 1206 5309 dicens.
1243 5248 1307 5301 Et
1337 5249 1677 5315 dominentur,
1712 5250 1796 5304 hic
1826 5252 1997 5305 mani-

396 5340 583 5393 festius
619 5338 788 5403 dixit;
820 5340 1047 5410 idipsum
1091 5348 1267 5395 tamen
1308 5343 1651 5397 reconditiori
1701 5344 1861 5398 modo
1898 5361 1996 5400 nos

397 5431 600 5485 docens
636 5448 649 5484 :
684 5430 920 5485 nondum
960 5432 1102 5485 enim
1139 5432 1205 5487 de
1244 5432 1563 5489 formatione
1584 5435 1862 5503 docuerat,
1899 5454 1995 5492 ue-

397 5538 500 5589 que
540 5522 746 5577 dixerat
786 5524 929 5579 unde
971 5526 1165 5579 mulier
1208 5527 1463 5594 producta
1498 5546 1511 5581 :
1544 5528 1831 5584 Masculum
1861 5571 1877 5596 ,
1917 5533 1997 5585 in-

398 5615 548 5681 quit,
591 5625 637 5667 et
664 5616 904 5685 feminam
948 5618 1065 5687 fecit
1104 5619 1239 5672 illos.
1282 5618 1474 5673 Vidisti
1504 5621 1807 5690 quomodo,
1852 5624 1994 5693 quod

400 5707 633 5761 nondum
660 5706 857 5762 factum
879 5750 893 5774 ,
927 5710 1074 5778 quasi
1100 5712 1209 5779 jam
1241 5710 1438 5766 factum
1471 5714 1750 5767 narravit?
1794 5714 1991 5783 Hujus-

397 5798 543 5855 taodi
568 5808 691 5855 sunt
716 5800 854 5855 oculi
884 5801 1185 5873 spiritualcs
1218 5822 1230 5858 :
1260 5806 1592 5877 nequeenim
1624 5814 1827 5862 tantum
1856 5823 1991 5879 pra:-

2105 477 2248 522 starc
2296 478 2522 538 possunt
2558 468 2867 539 corporales
2897 465 2963 525 hi'
3002 470 3164 533 oculi,
3193 469 3284 540 qui
3318 470 3541 526 visibilia
3586 486 3711 525 cer-

2081 568 2258 635 Vnunt,
2282 568 2540 629 quantum
2559 559 2698 613 oculi
2726 559 2967 627 spiritus,
2995 561 3085 629 qui
3104 574 3167 615 ea
3190 575 3309 629 qua:
3333 576 3437 614 non
3458 561 3711 615 videntur

2103 665 2279 719 neque
2320 650 2648 713 subsistunt,
2705 650 2891 706 videre
2932 660 3175 719 possunt.
3230 644 3388 720 lgitu'r
3434 661 3489 705 ut
3536 651 3708 707 dixit.

2105 742 2397 797 Masculum
2436 752 2485 797 et
2509 743 2753 813 feminam
2780 743 2897 814 fecit
2930 742 3067 805 illos,
3100 743 3255 812 quasi
3293 744 3505 810 utrique
3542 743 3709 797 henc-

2103 833 2394 887 diclionem
2418 834 2592 898 daret,
2621 833 2753 888 dicit
2780 851 2793 888 :
2827 832 2893 887 Et
2911 834 3160 887 benedixit
3190 835 3301 888 illis
3326 834 3484 899 Deus,
3517 835 3706 899 dicens,

2102 923 2339 990 Crescite,
2369 932 2415 977 et
2445 923 2881 994 multiplicamini,
2917 934 2962 977 et
2987 924 3192 993 implete
3220 934 3444 989 tenam,
3477 935 3522 977 et
3545 924 3710 977 domi-

2101 1014 2297 1067 namini
2345 1014 2458 1077 illi,
2504 1023 2552 1067 et
2591 1014 2834 1081 imperate
2877 1015 3099 1085 piscibus
3151 1015 3306 1068 moris
3360 1015 3502 1069 Ecce
3546 1031 3706 1084 quam

2102 1108 2345 1162 eminens
2369 1107 2694 1162 benedictio.
2733 1106 2865 1162 Nam
2898 1106 3019 1173 hoc,
3053 1108 3290 1169 Crescite,
3320 1119 3368 1161 et
3393 1109 3709 1174 multiplica-

2102 1201 2228 1254 mini
2246 1241 2261 1266 ,
2295 1210 2340 1254 et
2366 1200 2572 1270 implete
2596 1197 2820 1263 terram,
2866 1201 3027 1255 etiam
3054 1200 3122 1255 de
3150 1201 3325 1255 brutis
3347 1200 3669 1254 animalibus
3688 1240 3713 1265 ,.

2104 1303 2158 1347 et
2188 1292 2468 1363 reptilibus
2492 1291 2693 1346 dictum
2716 1301 2800 1347 est
2832 1308 2845 1343 :
2874 1291 2968 1346 sed
2994 1332 3010 1358 ,
3056 1290 3405 1345 D'ominamini
3423 1330 3438 1355 ,
3468 1301 3514 1344 et
3548 1293 3709 1359 impc-

2101 1394 2242 1447 rate,
2286 1385 2352 1439 de
2374 1384 2491 1439 viro
2516 1392 2571 1439 et
2604 1385 2833 1440 muliere
2875 1384 3099 1439 dictum.
3142 1383 3276 1439 Vide
3324 1384 3704 1454 benignitatem

2104 1477 2317 1534 Domini
2351 1495 2364 1531 :
2394 1486 2683 1549 antequam
2727 1478 3004 1533 mulierem
3035 1476 3294 1547 producat
3327 1516 3348 1544 ,
3395 1478 3704 1546 participem

2103 1571 2248 1625 illam
2276 1570 2403 1625 facit
2434 1570 2678 1642 imperii,
2700 1578 2757 1626 et
2783 1570 3173 1626 benedictionis
3199 1569 3404 1624 honore
3434 1569 3705 1637 dignatur.

2106 1661 2173 1716 Et
2202 1663 2475 1728 imperate,
2507 1662 2616 1729 ait,
2645 1662 2863 1732 piscibus
2892 1662 3071 1728 maris,
3098 1671 3145 1715 et
3171 1660 3458 1715 volatilibus
3487 1661 3596 1714 (veli
3616 1702 3631 1724 ,
3661 1670 3707 1713 et

2103 1753 2337 1807 omnibus
2362 1755 2644 1824 pecoribus,
2672 1764 2719 1806 et
2742 1754 2988 1807 universa
3020 1762 3187 1819 terre,
3216 1761 3262 1805 et
3288 1751 3518 1806 omnibus
3547 1752 3705 1821 repti-

2104 1844 2256 1910 libus,
2279 1860 2391 1913 qua:
2408 1855 2593 1913 repunt
2617 1860 2769 1914 super
2796 1854 3002 1897 terram.

2176 1936 2231 1992 5.
2262 1936 2454 1991 Vidisti
2481 1936 2891 1991 inenarrabilcm
2920 1936 3280 2006 potestatem?
3299 1934 3474 1989 vidisti
3506 1934 3704 2003 princi—

2103 2038 2259 2099 patus
2280 2028 2748 2099 magnitudinem?
2774 2029 2954 2083 vidisti
2979 2027 3196 2083 condita
3222 2028 3400 2081 omnia
3429 2026 3530 2081 sub
3552 2025 3709 2094 hujus

2105 2131 2424 2193 potestatem
2455 2121 2713 2176 redacta?
2739 2120 2883 2181 Nihil
2924 2122 3153 2191 posthac
3192 2119 3463 2174 mediocre
3508 2119 3575 2172 de
3623 2133 3709 2172 ra-

2106 2215 2291 2269 tionali
2335 2214 2437 2269 hoc
2483 2214 2703 2269 animali
2750 2213 3059 2283 imagineris
3085 2254 3099 2274 ,
3145 2211 3240 2267 sed
3284 2210 3458 2279 cogita
3490 2210 3710 2265 honoris

2106 2304 2561 2375 magnitudinem,
2604 2314 2657 2359 et
2680 2304 2890 2359 Domini
2916 2319 3039 2373 erga
3072 2303 3196 2357 illud
3228 2301 3655 2358 benevolentiam
3690 2343 3704 2363 ,

2105 2396 2493 2465 obstupescens
2537 2396 2680 2451 illius
2723 2396 3041 2450 immensam
3080 2402 3135 2448 et
3162 2393 3576 2448 inenarrabilem
3606 2392 3703 2446 bc-

2104 2486 2440 2556 nignitatem.
2469 2485 2561 2541 29.
2591 2484 2659 2539 Et
2684 2486 2815 2541 dixit
2842 2484 2983 2540 Deus
3005 2501 3024 2540 :
3051 2483 3187 2539 Ecce
3208 2484 3324 2537 dedi
3350 2482 3486 2537 vobis
3509 2499 3709 2536 onmem

2106 2579 2313 2633 herbam
2354 2566 2604 2643 salivam;
2647 2578 2904 2632 seminans
2944 2592 3110 2632 semen
3152 2575 3289 2647 quod
3322 2585 3395 2629 est
3421 2592 3576 2645 super
3606 2586 3707 2627 ter-

2104 2687 2216 2725 ram
2245 2686 2265 2724 :
2293 2680 2340 2725 et
2364 2686 2509 2724 omne
2536 2670 2750 2740 lignum,
2779 2669 2917 2740 quod
2942 2668 3087 2733 habet
3114 2668 3167 2722 in
3193 2670 3357 2736 seipso
3380 2670 3598 2738 fructum
3623 2683 3709 2719 se-

2106 2762 2256 2816 minis
2285 2762 2432 2815 sativi
2455 2805 2471 2827 ,
2520 2762 2657 2815 vobis
2685 2762 2779 2815 erit
2803 2763 2856 2815 in
2884 2761 3051 2815 cibum
3075 2802 3090 2827 ,
3116 2761 3206 2815 '50.
3246 2769 3292 2814 et
3319 2758 3552 2812 omnibus
3590 2758 3711 2829 feris

2109 2863 2256 2909 terra?
2278 2897 2293 2921 ,
2340 2862 2389 2909 el
2413 2854 2643 2908 omnibus
2667 2852 2955 2908 volatilibus
2982 2855 3095 2908 caeli
3119 2894 3134 2917 ,
3191 2862 3240 2906 et
3266 2854 3406 2905 omni
3433 2852 3601 2921 reptili
3630 2868 3699 2904 re-

2106 2947 2244 3017 penti
2273 2962 2426 3017 super
2451 2955 2635 3000 terram
2655 2986 2670 3011 ,
2701 2944 2839 3015 quod
2866 2945 3011 2998 habet
3039 2946 3090 2997 in
3116 2944 3280 3012 seipso
3308 2945 3531 2996 animum
3558 2945 3706 3007 vitta,

2106 3048 2153 3090 et
2179 3054 2377 3091 onmem
2408 3037 2611 3091 herbam
2633 3037 2841 3090 viridem
2867 3036 2919 3089 in
2950 3036 3136 3090 cibum.
3172 3034 3237 3089 Et
3284 3035 3475 3105 factum
3514 3046 3587 3089 est
3617 3037 3707 3087 ita.

2107 3127 2242 3192 Vide
2262 3167 2277 3193 ,
2307 3126 2567 3194 obsecro,
2606 3128 2883 3183 carissime
2904 3168 2918 3191 ,
2959 3126 3247 3181 verborum
3268 3126 3625 3197 diligentiam,
3657 3136 3710 3181 et

2108 3221 2428 3277 ineffabilem
2472 3222 2565 3277 Dei
2617 3222 2997 3293 benignitatem
3024 3264 3038 3287 ,
3078 3231 3230 3278 etne
3270 3222 3395 3293 quid
3442 3215 3708 3276 dictértun

2105 3315 2421 3385 simpliciter
2469 3324 2773 3385 prmtereas.
2819 3313 2886 3369 Et
2911 3315 3069 3382 dixit,
3113 3316 3322 3385 inquit,
3355 3312 3495 3368 Deus
3529 3329 3547 3367 :
3581 3312 3709 3366 Ecce

2107 3407 2223 3460 dedi
2270 3407 2407 3463 vobis
2456 3424 2655 3461 onmem
2704 3407 2910 3461 herbam
2961 3408 3175 3461 salivam
3208 3422 3227 3461 :
3266 3406 3417 3477 quasi
3464 3404 3531 3460 ad
3574 3406 3710 3461 duos

2106 3512 2286 3553 sermo
2312 3498 2403 3563 sit,
2433 3497 2679 3567 quamvis
2703 3497 2939 3552 nondum
2962 3497 3186 3552 muliere
3204 3490 3478 3568 producta.
3506 3496 3709 3550 Deinde

2105 3598 2162 3643 ut
2187 3590 2363 3644 discas
2392 3589 2741 3645 excellentem
2774 3590 2891 3659 ejus
2912 3591 3207 3645 bonitatem
3241 3632 3254 3655 ,
3284 3589 3407 3643 vide
3437 3588 3708 3658 quomodo

2105 3684 2429 3740 eminentem
2474 3684 2852 3755 benignitatem
2884 3724 2899 3749 ,
2959 3694 3015 3739 et
3061 3684 3251 3737 miram
3302 3682 3707 3744 liberalitatem,

2106 3794 2212 3832 non
2242 3778 2293 3832 in
2324 3779 2440 3833 viro
2470 3788 2519 3833 et
2547 3779 2773 3834 muliere
2803 3778 3038 3833 nondum
3076 3777 3297 3833 formata
3327 3778 3499 3831 solum
3531 3776 3711 3831 decla-

2105 3880 2207 3937 ret,
2241 3870 2334 3926 sed
2362 3879 2416 3925 et
2442 3871 2495 3924 in
2528 3871 2657 3940 ipsis
2675 3870 2867 3925 brutis.
2896 3869 3029 3925 Nam
3056 3879 3117 3923 ut
3144 3869 3277 3923 dixit
3306 3886 3318 3921 :
3364 3867 3511 3921 Vobis
3543 3868 3634 3919 erit
3655 3868 3707 3919 in

2102 3964 2299 4029 cibum,
2332 3963 2583 4029 subdidit,
2611 3962 2680 4017 Et
2702 3963 2932 4018 omnibus
2964 3964 3130 4017 bestiis
3156 3973 3319 4017 terrm.
3351 3962 3485 4017 Vide
3514 3962 3703 4015 iterum

2102 4056 2263 4109 aliam
2294 4056 2546 4126 abyssum
2583 4054 2950 4123 benignitatis.
3001 4054 3115 4109 Non
3155 4054 3298 4108 enim
3330 4054 3500 4107 solum
3542 4053 3707 4106 brutis

2104 4146 2434 4209 domesticis,
2466 4154 2519 4200 et
2547 4153 2733 4200 nostro
2757 4145 2874 4200 usui
2899 4144 3278 4209 servientibus,
3299 4144 3383 4197 vel
3410 4142 3474 4196 ad
3498 4143 3700 4203 cibum,

2103 4240 2189 4294 Vel
2235 4238 2301 4292 ad
2348 4237 2745 4303 ministerium,
2792 4238 2887 4293 sed
2930 4245 2985 4291 et
3010 4236 3139 4292 feris
3165 4236 3460 4307 prospexit.
3509 4236 3705 4305 Ecquis

2102 4344 2202 4400 pro
2230 4329 2485 4399 dignitate
2527 4330 2761 4399 attigerit
2801 4330 3114 4383 immensam
3160 4330 3315 4383 istam
3364 4327 3705 4381 bonitatem?

2113 4421 2265 4475 Vobis
2290 4422 2382 4475 erit
2406 4422 2460 4475 in
2486 4422 2650 4476 cibum
2672 4463 2687 4487 ,
2739 4420 2945 4491 inquit,
2990 4430 3036 4474 et
3066 4420 3293 4475 omnibus
3332 4419 3499 4473 bestiis
3526 4428 3701 4483 (ενι-ω,

2104 4525 2151 4568 et
2180 4513 2412 4569 omnibus
2432 4514 2717 4568 volatilibus
2745 4513 2876 4579 cteli,
2913 4522 2959 4567 et
2980 4514 3117 4567 omni
3146 4512 3317 4582 reptili
3341 4513 3534 4580 repenti
3552 4528 3705 4579 super

2105 4617 2311 4671 terram,
2344 4606 2479 4675 quod
2501 4606 2649 4660 habet
2673 4606 2727 4659 in
2747 4604 3012 4675 semetipso
3033 4606 3255 4658 animum
3282 4604 3414 4662 vitm.
3437 4612 3483 4656 et
3506 4618 3704 4657 onmem

2104 4698 2311 4754 herbam
2341 4698 2551 4753 viridem
2594 4698 2646 4751 in
2688 4696 2871 4751 cibum.
2918 4697 3103 4766 Magna
3134 4696 3344 4749 Domini
3376 4709 3499 4763 erga
3533 4692 3705 4745 homi-

2107 4808 2230 4848 nem
2255 4834 2269 4859 ,
2320 4808 2477 4858 quem
2510 4790 2790 4854 condidit,
2841 4790 3143 4844 ostenditur
3174 4788 3525 4859 providentia.
3570 4785 3700 4841 Nam

2105 4893 2385 4955 postquam
2418 4884 2590 4952 ipsum
2625 4882 2902 4952 produxit,
2936 4891 2991 4936 et
3034 4881 3209 4935 omnis
3238 4889 3501 4935 creaturae
3529 4878 3699 4933 domi-

2104 4977 2252 5031 nium
2286 4976 2385 5045 ipsi
2416 4975 2669 5038 tradidit;
2701 4982 2845 5028 utne
2876 4974 3054 5028 statim
3078 4971 3696 5042 abinitiojumentorum

2103 5066 2497 5122 multitudinem
2543 5066 2730 5119 videns
2760 5064 3082 5118 stomachari
3132 5065 3337 5132 possit,
3393 5063 3543 5131 quasi
3594 5078 3697 5119 non

2103 5159 2371 5213 Sufﬁceret
2400 5158 2465 5210 ad
2493 5157 2684 5212 alenda
2709 5164 2786 5210 tot
2810 5166 2864 5210 ct
2898 5165 3043 5209 tanta
3069 5156 3318 5209 animalia
3351 5174 3363 5207 :
3394 5157 3703 5225 priusquam

2102 5252 2170 5307 de
2216 5252 2317 5305 hoc
2360 5250 2444 5304 vel
2490 5250 2777 5319 cogitaret,
2818 5248 2990 5302 bonus
3027 5248 3165 5303 Deus
3196 5247 3573 5317 prmveuiendo
3603 5246 3709 5299 de-

2103 5346 2344 5399 mulcens
2375 5358 2498 5397 eum
2528 5385 2542 5406 ,
2573 5351 2629 5395 ut
2656 5342 2722 5395 ita
2753 5340 2927 5395 dicam
2950 5382 2963 5402 ,
2993 5351 3047 5393 et
3073 5340 3365 5393 ostendens
3390 5348 3493 5392 tam
3528 5338 3703 5405 ipsum

2102 5454 2260 5507 quam
2283 5437 2526 5507 jumenta
2554 5445 2608 5490 et
2628 5436 2781 5490 bruta
2811 5436 2990 5489 omnia
3011 5476 3025 5499 ,
3057 5444 3323 5503 praecepto
3350 5431 3559 5485 Domini
3593 5446 3694 5483 otn~

2102 5546 2227 5584 nem
2260 5531 2466 5599 c0piam
2495 5528 2560 5581 ad
2592 5529 2704 5581 lucc
2732 5526 2941 5592 alenda,
2975 5537 3114 5581 terra
3142 5522 3549 5594 suppeditante,
3581 5536 3703 5577 esse

2100 5622 2407 5687 habituros,
2442 5630 2721 5690 postquam
2748 5619 2908 5685 dixit,
2954 5619 3069 5673 Erit
3099 5618 3235 5672 vobis
3261 5618 3314 5671 in
3340 5616 3550 5691 cibum,-
3577 5629 3696 5669 mox

2100 5714 2393 5786 subjungit,
2429 5713 2493 5769 Et
2517 5712 2744 5767 omnibus
2766 5711 2937 5767 bestiis
2965 5721 3140 5780 terrm,
3172 5720 3220 5765 et
3247 5708 3531 5766 volatilibus
3556 5708 3691 5773 creti,

2102 5820 2151 5865 et
2178 5808 2317 5864 omni
2349 5807 2515 5880 reptili
2551 5807 2744 5879 repenti
2770 5821 2919 5875 super
2944 5812 3165 5875 terram,
3206 5803 3343 5876 quod
3366 5802 3515 5858 habet
3538 5803 3589 5855 in
3616 5816 3697 5854 se.
