4038 6438
335 371 404 428 ιτ
1041 360 1100 418 s.
1139 355 1419 416 JOANNIS
1453 348 1930 417 euersoer
1963 350 2286 412 Αιεηιερ.
2316 353 2852 415 αοκιτλδτωορ.
3282 323 3290 328 ’
3367 360 3377 366 -
3533 315 3646 440 ω

333 482 545 554 acup»
568 479 794 541 nimam
819 478 955 544 vitta,
989 484 1042 530 es
1063 485 1262 536 om
1285 471 1491 532 ιιιτιωιι
1515 468 1726 524 arma.
1754 467 1810 521 ξπ
1835 465 1911 554 σί.

295 638 306 643 _
335 552 490 626 luant.
513 568 582 627 Et
611 573 893 641 [actuum
915 565 1006 621 ita.
1043 561 1237 629 Omnis
1260 573 1612 633 quamuqu
1636 552 1917 626 imperavit

334 660 620 728 Conditor,
642 661 847 732 inquit,
875 656 1040 728 dporo
1063 651 1301 726 perfecta
1329 661 1476 718 sunt,
1497 660 1565 706 et.
1578 647 1756 707 omnia
1780 661 1915 701 eon-

334 745 547 824 gruenti
579 753 770 809 ordine
791 759 918 808 sunt
936 748 1245 813 constituta,
1275 755 1557 817 propterea
1579 740 1759 798 statim
1787 737 1917 794 sub-

336 845 414 904 dit
459 862 473 898 :
505 838 1003 915 δίνεοῖνᾶἠιυιιω
1029 839 1201 894 omnia
1226 850 1548 909 quacunque
1566 832 1703 902 ferit,
1734 839 1781 885 et
1807 843 1920 883 ecce

336 936 470 992 bona
487 935 660 996 valde;
684 984 685 987 η
1191 993 1193 996 .

414 1026 473 1082 ὅ.
660 1040 760 1097 pro
780 1025 1036 1095 dignitate
1061 1021 1288 1078 laudarit
1313 1017 1504 1074 divinte
1527 1015 1815 1085 Scriptura:
1841 1011 1931 1066 did

340 1122 650 1196 iigentiam‘l
682 1121 822 1177 Ecce
844 1120 988 1174 enim
1006 1126 1060 1177 et
1087 1116 1176 1170 hic
1192 1109 1363 1169 verb’o
1379 1127 1488 1166 uno
1507 1110 1694 1166 dicens
1717 1125 1731 1162 :
1758 1106 1826 1161 Et
1850 1106 1921 1159 oi-

339 1217 414 1272 ἀει
465 1213 605 1268 Deus
649 1210 821 1266 omnis
858 1221 1188 1282 utrocumque
1215 1203 1366 1274 fecit,
1407 1203 1636 1272 linguam
1685 1198 1926 1255 omnium

344 1315 529 1377 postea
558 1300 926 1358 contradicere
949 1306 1254 1354 conantium
1298 1290 1645 1364 compescuit.
1693 1290 1760 1346 Et
1802 1288 1924 1344 uidit

341 1395 482 1450 Deus
504 1435 523 1462 ,
556 1394 762 1464 inquit,
804 1390 975 1446 omnia
1001 1401 1324 1459 «monuique
1347 1385 1468 1456 fecit
1487 1424 1504 1451 ,
1543 1393 1591 1437 et
1611 1391 1754 1438 oratu
1779 1380 1928 1435 ualde

341 1487 492 1547 bona.
540 1483 607 1539 Et
640 1483 779 1553 facta
812 1492 884 1536 est
910 1497 1148 1551 vespae,
1193 1488 1241 1533 et
1271 1480 1462 1551 factum
1488 1484 1561 1531 est
1597 1490 1746 1527 omne
1767 1514 1788 1540 ,
1818 1472 1926 1526 dies

342 1585 532 1632 Mus.
555 1575 816 1644 Quoniam
839 1571 984 1630 enim
1006 1572 1075 1629 de
1094 1585 1414 1641 unaquaque
1427 1574 1672 1623 creatura
1691 1565 1922 1628 dicebat,

343 1666 415 1723 Et
433 1665 566 1724 uidit
600 1667 743 1722 Deus
766 1666 903 1738 φιοά
926 1673 1054 1720 esset
1078 1666 1261 1718 bonum
1285 1677 1307 1716 :
1331 1673 1474 1716 nunc
1512 1657 1723 1728 quando
1747 1655 1928 1711 omnia

340 1760 606 1830 minuta
627 1769 782 1823 sunt,
809 1767 871 1813 et
887 1757 993 1811 diei
1017 1756 1152 1811 sexti
1175 1767 1341 1822 opera
1376 1751 1536 1807 finem
1562 1755 1886 1818 acceperunt
1907 1787 1930 1812 ,

341 1859 398 1902 et
420 1849 506 1919 qui
531 1849 791 1904 creaturis
835 1847 1083 1902 omnibus
1133 1845 1390 1899 fruiturus
1441 1852 1593 1908 erat,
1638 1839 1930 1911 productus

343 1947 430 1994 est
450 1978 468 2005 ,
499 1939 713 2009 inquit:
749 1937 813 1993 Et
840 1939 963 1991 sidit
985 1937 1124 1993 Deus
1147 1938 1315 1991 omnia
1334 1948 1659 2007 quiscumque
1686 1929 1804 2000 fecit
1826 1971 1842 1996 ,
1883 1937 1932 1983 et

345 2044 457 2083 erce
481 2029 630 2084 ualde
655 2031 806 2085 bona.
832 2029 1122 2086 Considera
1146 2026 1417 2099 quomodo
1443 2031 1717 2080 creaturas
1741 2034 1932 2075 omnes

347 2119 451 2176 hoc
486 2123 673 2190 verbo,
700 2121 919 2188 01min,
967 2122 1125 2175 simul
1158 2119 1506 2189 complexus,
1545 2123 1731 2170 omnes
1771 2111 1930 2168 simul

347 2210 508 2284 laude
522 2219 882 2285 prosequente
905 2221 1006 2267 est.
1026 2210 1220 2285 Neque
1246 2209 1393 2265 enim.
1416 2217 1474 2262 ut
1497 2205 1668 2268 dixit,
1703 2203 1888 2257 Onmia
1911 2243 1927 2266 ,

346 2283 638 2361 Contentus
678 2283 776 2359 fuit
811 2318 882 2359 eo
922 2283 1124 2367 verbo,
1163 2301 1260 2356 sed
1289 2298 1557 2365 subdidit,
1595 2295 1932 2365 Qua'cumqus

349 2376 465 2466 fecit
494 2410 513 2448 :
537 2404 593 2450 et
618 2409 788 2464 neque
817 2392 933 2448 htec
971 2400 1175 2447 tantum
1201 2390 1367 2455 dixit,
1408 2388 1505 2444 sed
1534 2386 1602 2442 Et
1629 2402 1741 2441 eccs
1763 2387 1894 2439 bona
1913 2424 1931 2450 ,

349 2497 406 2542 et
439 2485 600 2541 Valde
624 2486 754 2540 bona
770 2527 787 2553 ,
815 2465 936 2539 ‘hoc
962 2495 1047 2540 est
1067 2524 1085 2551 ,
1128 2482 1412 2538 admodum
1435 2480 1595 2536 bona.
1625 2477 1787 2548 igitur
1810 2490 1932 2530 cum

355 2581 610 2636 Dominus
634 2622 648 2646 ,
676 2580 766 2649 qui
801 2593 886 2633 res
919 2593 987 2634 es
1015 2577 1184 2633 nihilo
1213 2584 1270 2630 ut
1294 2581 1474 2630 essent
1514 2569 1761 2643 produxit
1783 2604 1804 2633 ,η
1839 2581 1932 2621 eas

353 2670 511 2726 valde
532 2670 698 2728 bonas
722 2712 737 2736 ,
781 2679 837 2725 et
863 2668 1152 2741 admodum
1189 2667 1357 2722 bonas
1385 2665 1545 2730 dicit,
1576 2664 1696 2734 quis
1723 2660 1931 2717 etiamsi

352 2761 556 2818 insania
585 2762 653 2816 sit
680 2761 888 2830 plenos,
916 2760 1000 2816 vel
1019 2774 1083 2815 os
1105 2758 1337 2829 aperire,
1366 2767 1421 2813 et
1442 2754 1812 2812 contradicere
1842 2751 1932 2806 Dei

355 2851 531 2906 verbis
578 2850 807 2906 audeat?
835 2851 1092 2920 Quoniam
1119 2849 1262 2904 enim
1296 2851 1348 2902 in
1375 2845 1674 2902 visibilibus
1710 2859 1816 2896 non
1843 2857 1931 2895 so-

355 2941 464 2997 lum
491 2942 579 2998 lux
606 2953 782 2998 creata
807 2952 889 2998 est
910 2983 922 3007 ,
950 2935 1041 2997 sed
1073 2951 1126 2995 et
1154 2940 1386 2994 tenebra:
1411 2937 1653 2992 adversa:
1697 2933 1799 2989 luci
1820 2975 1836 3000 ,
1879 2943 1933 2987 et

355 3049 466 3088 non
495 3034 664 3089 solum
695 3035 808 3090 dies
831 3076 846 3102 ,
880 3035 972 3089 sed
995 3042 1050 3089 et
1077 3049 1180 3087 nos
1201 3031 1466 3086 contraria
1497 3029 1599 3084 diei
1625 3045 1640 3093 ;
1681 3037 1734 3082 et
1763 3028 1814 3080 in
1844 3041 1931 3080 se-

357 3125 590 3180 minibus
610 3142 728 3195 quae
767 3141 831 3181 ex
856 3135 995 3180 tem
1018 3132 1344 3190 nascuntur,
1390 3137 1496 3177 non
1537 3120 1710 3174 solum
1754 3118 1936 3172 herba:

357 3217 536 3281 utiles,
571 3217 662 3271 sed
692 3228 746 3271 et
791 3216 1125 3287 perniciosae,
1158 3223 1213 3270 et
1241 3214 1460 3269 arbores
1490 3226 1594 3266 non
1622 3210 1793 3264 solum
1823 3206 1936 3261 fru-

357 3316 581 3374 ctuosas,
623 3306 717 3362 sed
757 3316 810 3361 et
839 3306 1180 3361 infructuosae
1203 3347 1219 3370 ,
1262 3314 1318 3359 et
1354 3302 1603 3357 animalia
1635 3315 1739 3355 non
1765 3298 1938 3352 solum

357 3409 631 3455 mansueta
651 3439 668 3467 ,
699 3398 794 3455 sed
824 3408 878 3454 et
923 3397 1198 3470 sylvestria
1228 3405 1283 3452 et
1309 3395 1643 3460 truculenta;
1684 3398 1740 3448 et
1791 3389 1841 3443 in
1872 3387 1937 3443 iis

357 3506 476 3562 qua:
515 3502 665 3562 aqua:
707 3491 1105 3561 produxerunt,
1152 3502 1259 3542 non
1299 3491 1470 3541 solum
1506 3484 1716 3555 pisces,
1761 3479 1856 3536 sed
1886 3488 1940 3533 et

361 3592 480 3638 cete
531 3592 586 3638 et
609 3584 726 3638 alia:
751 3583 970 3637 marina:
999 3580 1226 3643 bellum;
1256 3586 1313 3632 et
1338 3586 1478 3632 terra
1505 3589 1612 3630 non
1635 3573 1808 3629 solum
1839 3569 1937 3625 ha-

364 3673 628 3739 bitabilis,
682 3673 773 3728 sed
815 3682 869 3727 et
909 3669 1306 3735 inhabitabilis;
1353 3676 1411 3723 et
1443 3682 1550 3722 non
1587 3664 1759 3720 solum
1800 3662 1939 3732 plani

362 3765 576 3834 campi,
623 3764 716 3819 sed
761 3765 922 3818 etiam
951 3773 1160 3817 montes
1205 3771 1258 3816 et
1298 3760 1501 3823 colles;
1531 3766 1586 3812 et
1613 3757 1753 3811 inter
1776 3769 1902 3809 aves
1924 3794 1939 3819 ,

364 3869 470 3910 non
497 3853 667 3908 solum
693 3853 1022 3920 domesticze,
1048 3863 1102 3908 et
1125 3850 1198 3907 ad
1215 3850 1390 3906 cibum
1411 3857 1569 3920 aptae,
1600 3847 1692 3904 sed
1719 3855 1772 3901 et
1793 3845 1940 3912 fern,

364 3955 417 4000 et
445 3945 727 3999 immunda:
747 3986 763 4010 ,
813 3953 870 4000 et
916 3943 1100 4007 milvi,
1145 3950 1200 3997 et
1221 3941 1456 3996 vultures
1470 3946 1502 4003 ,³
1534 3946 1590 3995 et
1616 3937 1719 3992 alia
1749 3936 1943 3995 similia

365 4039 568 4100 multa;
600 4045 857 4104 praeterea
884 4036 935 4088 in
963 4033 1030 4089 iis
1057 4050 1176 4104 qua:
1205 4044 1342 4088 terra
1368 4030 1590 4102 profert,
1613 4043 1718 4085 non
1738 4037 1941 4085 tantum

368 4133 646 4182 tttatnsueta
671 4135 726 4180 et
752 4127 966 4180 innoxia
992 4125 1237 4179 animalia
1264 4165 1279 4190 ,
1323 4123 1418 4178 sed
1451 4132 1506 4178 et
1530 4130 1809 4191 serpentes
1828 4159 1847 4186 ,
1891 4126 1946 4174 et

368 4221 583 4289 viperae,
615 4226 669 4274 et
695 4217 986 4284 dracones,
1015 4227 1070 4273 et
1097 4217 1403 4285 leones,~et
1431 4214 1579 4286 pardi
1605 4232 1620 4280 ;
1665 4213 1790 4268 etin
1822 4227 1946 4268 aere

368 4325 474 4366 non
500 4312 670 4365 solum
700 4309 890 4380 pluviae
917 4320 968 4366 et
998 4311 1141 4364 venti
1171 4309 1348 4376 utiles,
1379 4308 1473 4364 sed
1503 4317 1558 4363 et
1581 4306 1866 4380 grandines
1893 4315 1947 4361 et

370 4403 566 4467 nives;
605 4411 661 4456 et
693 4402 738 4455 si
768 4403 884 4471 quis
910 4401 1127 4472 singula
1144 4410 1467 4471 pertractare
1487 4400 1652 4466 velit,
1699 4399 1865 4455 multa
1895 4398 1947 4452 in

374 4501 692 4563 umquamne
710 4501 1073 4548 creaturarum
1096 4492 1344 4559 inveniet,
1370 4508 1488 4564 quae
1515 4507 1623 4548 lion
1642 4491 1818 4547 solum
1843 4505 1948 4545 non

368 4582 518 4641 utilia
541 4623 558 4652 ,
599 4582 698 4639 sed
723 4591 781 4640 et
802 4583 1064 4640 damnosa
1094 4584 1463 4641 existimentur
1489 4601 1506 4640 :
1546 4584 1667 4640 ideo
1707 4593 1772 4640 ut
1817 4583 1949 4638 nulli

368 4675 594 4746 posthac
618 4675 778 4731 liceat
803 4684 1075 4732 creaturas
1095 4676 1398 4746 respidenti
1419 4675 1630 4745 opificis
1651 4674 1950 4744 vituperare

368 4776 434 4823 se
460 4763 639 4823 dicere
671 4785 684 4820 :
709 4766 888 4836 Quare
925 4768 1027 4824 hoc
1049 4808 1066 4835 ,
1106 4775 1163 4824 et
1209 4767 1279 4823 ad
1304 4767 1431 4839 quid
1460 4766 1600 4821 istud
1624 4767 1648 4818 τ
1675 4765 1790 4821 ΙκκιΔ
1815 4767 1948 4821 bene

371 4858 570 4915 factum
594 4867 710 4929 est,
728 4859 840 4917 hoc
861 4875 966 4915 non
993 4861 1134 4916 bene
1160 4877 1176 4913 :
1206 4856 1331 4915 ideo
1355 4873 1506 4916 sacra
1531 4858 1802 4927 Scriptura
1837 4872 1955 4912 omo

375 4966 470 5008 nos
488 4969 511 5020 ,'
537 4961 598 5008 ut
624 4952 696 5006 ita
720 4951 926 5020 dicam,
979 4952 1184 5024 ingrate
1210 4953 1428 5024 obloqui
1453 4951 1708 5008 audentes
1733 4965 1954 5020 eampo.

372 5058 550 5110 secus,
582 5051 743 5099 sexto
763 5042 850 5100 die
879 5043 1138 5100 absolutis
1160 5045 1418 5101 creaturis
1444 5043 1711 5110 omnibus,
1735 5044 1906 5115 inquit
1935 5061 1948 5098 :

376 5135 441 5191 Et
481 5135 606 5190 sidit
642 5133 784 5190 Deus
817 5137 988 5190 ontnia
1020 5152 1346 5206 quacumque
1387 5139 1504 5208 fecit
1524 5179 1540 5204 ,
1576 5146 1622 5191 et
1670 5154 1782 5192 ecce
1806 5136 1953 5191 valde

370 5227 522 5280 bona.
567 5226 705 5295 Quid
733 5227 891 5298 igitur
915 5267 931 5293 ,
959 5227 1218 5296 obsecro,
1251 5245 1347 5300 por
1369 5228 1530 5284 fuerit
1564 5237 1680 5284 tam
1708 5228 1952 5285 fidelibus

373 5319 691 5374 testimoniis
708 5361 725 5386 ,
749 5321 959 5390 quando
984 5322 1098 5392 ipse
1125 5322 1346 5379 Creator
1378 5319 1694 5378 sententiam
1733 5323 1867 5390 fert,
1896 5331 1954 5379 et

376 5412 540 5479 dicit,
571 5415 749 5470 omnia
777 5431 1128 5486 quacumque
1150 5417 1287 5473 faeta
1331 5428 1494 5484 sunt,
1541 5416 1682 5474 bona
1708 5433 1828 5473 esse
1851 5458 1865 5483 ,
1898 5427 1952 5475 et

373 5500 536 5560 valde
549 5503 731 5561 bona?
756 5506 1016 5574 Quocirca
1045 5523 1166 5564 cum
1195 5509 1396 5566 videris
1423 5511 1654 5582 aliquem
1673 5553 1688 5578 ,
1723 5509 1815 5581 qui
1842 5511 1954 5567 suis

372 5596 667 5653 ratiociniis
691 5608 886 5666 motus,
917 5600 1135 5671 obloqui
1174 5599 1366 5658 divina
1414 5602 1702 5675 Scriptura:
1727 5602 1952 5670 audeat,

375 5704 496 5746 eum
520 5691 672 5761 quasi
695 5691 939 5747 insanum
963 5707 1246 5760 aversare;
1278 5693 1385 5749 imo
1409 5711 1477 5750 ne
1515 5697 1816 5762 averseris;
1859 5697 1952 5752 sed

390 5781 624 5840 uisertus
650 5783 961 5855 ignorantia.-
1007 5783 1157 5858 ejus,
1199 5783 1402 5857 produc
1427 5785 1478 5843 id
1510 5786 1652 5859 quod
1677 5787 1751 5845 ait
1774 5787 1950 5846 divina

2018 464 2293 537 Scriptura
2315 507 2334 536 ,
2362 477 2415 525 et
2439 468 2545 537 die,
2578 468 2714 525 Vidit
2740 469 2880 527 Deus
2905 467 3075 530 omnia
3093 489 3422 550 manu
3445 483 3566 553 [seu
3583 524 3604 552 ,

2020 559 2256 625 etdisit,
2290 560 2420 616 Ecce
2444 561 2593 616 said:
2617 562 2793 628 bona;
2831 573 2888 619 et
2913 566 3152 624 fortassis
3180 567 3492 626 indomitam
3539 573 3604 628 ll-

2023 649 2126 706 lius
2163 651 2395 722 linguam
2437 654 2715 728 continere
2755 656 2976 727 poteris.
3027 656 3160 713 Nam
3189 660 3235 714 si
3262 659 3328 715 in
3360 659 3608 717 humanis

2022 745 2185 800 relisis
2209 759 2330 800 cum
2356 745 2599 801 videmus
2626 747 2753 802 vbis
2788 748 3106 820 quihusdam
3145 753 3490 823 optimatibus
3543 769 3609 809 ea

2023 848 2144 903 qua:
2170 825 2304 890 fiunt
2334 835 2545 906 probari
2571 878 2585 902 ,
2637 838 2844 895 calculo
2881 841 3091 898 illorum
3125 859 3233 900 non
3260 846 3568 901 obsistimus
3587 885 3607 914 ,

2023 922 2118 978 sed
2144 923 2535 993 sdstipulamur
2555 969 2571 994 ,
2619 936 2674 983 et
2700 927 2911 984 illorum
2941 934 3258 988 sententiam
3286 936 3500 1007 proprie
3519 936 3605 1000 ine

2023 1013 2166 1070 dicio
2193 1014 2528 1085 praferimus
2556 1035 2570 1071 :
2611 1019 2780 1074 multo
2803 1021 2971 1091 magis
2995 1037 3119 1093 erga
3167 1023 3332 1080 Deum
3369 1027 3609 1082 omnium

2027 1104 2315 1161 visibilium
2339 1106 2583 1175 opificem
2629 1108 2700 1163 ita
2729 1123 2827 1166 nos
2854 1125 3042 1180 gerere
3076 1114 3270 1181 decet;
3297 1123 3355 1170 et
3379 1127 3504 1183 cum
3529 1115 3621 1171 tli-

2026 1196 2316 1256 dicerimus
2353 1200 2471 1270 ejus
2513 1204 2832 1258 sententiam
2852 1246 2866 1272 ,
2915 1217 3096 1263 nostra
3138 1209 3494 1281 comprimere
3527 1226 3615 1267 ra-

2025 1289 2242 1351 tiocinia
2267 1331 2283 1357 ,
2328 1305 2503 1361 neque
2550 1293 2746 1364 aliquid
2797 1295 2933 1351 ultra
2958 1298 3213 1369 aggredi;
3255 1299 3350 1356 sed
3391 1301 3532 1358 seire
3559 1311 3616 1358 et

2028 1397 2341 1454 persuasum
2372 1383 2568 1443 habere
2593 1428 2610 1455 ,
2655 1387 2833 1442 omnia
2873 1389 3081 1445 ratione
3117 1390 3346 1462 quadam
3375 1434 3393 1460 ,
3439 1403 3496 1449 et
3517 1408 3626 1465 pro

2029 1473 2355 1547 benignitate
2379 1491 2496 1546 se,
2524 1478 2594 1534 ab
2623 1477 2739 1549 ipso
2764 1480 3022 1551 producta
3051 1481 3238 1550 fuisse,
3268 1484 3512 1555 nihilque
3533 1496 3620 1541 te-

2031 1583 2178 1624 mere
2205 1578 2262 1624 et
2285 1570 2402 1626 sine
2429 1584 2588 1626 causa
2609 1569 2805 1628 factum
2831 1587 2988 1640 esse;
3013 1589 3197 1629 verum
3236 1576 3363 1632 licet
3408 1592 3506 1632 nos
3547 1579 3618 1632 ob

2031 1667 2228 1714 nostra;
2257 1661 2479 1717 rationis
2503 1661 2920 1720 imbecillitatem
2947 1665 3256 1735 ignoremus
3283 1667 3618 1738 epificiorum

2032 1751 2312 1806 utilitatem
2335 1792 2352 1820 ,
2401 1753 2574 1823 ipsum
2601 1762 2777 1810 tamen
2806 1755 3100 1810 secundum
3126 1771 3276 1811 suam
3304 1759 3621 1829 sapientiam

2033 1853 2086 1898 et
2113 1845 2512 1899 solertissimam
2543 1845 2926 1916 benignitatem
2957 1849 3138 1903 omnia
3164 1848 3502 1918 produxisse.

2104 1935 2157 1990 7.
2199 1934 2267 1989 Et
2297 1939 2436 2006 facta
2461 1945 2554 2005 est,
2585 1937 2773 2008 inquit,
2802 1953 3009 2009 vespera
3038 1947 3084 1992 et
3122 1930 3316 2010 factum
3341 1947 3416 1995 est
3451 1957 3622 2009 mane,

2035 2025 2140 2080 dies
2190 2035 2380 2081 sextus.
2419 2026 2538 2083 Fini
2580 2028 2686 2082 dici
2731 2037 2898 2083 sexta
2935 2029 3097 2084 etiam
3149 2029 3308 2085 finem
3351 2029 3626 2087 formandi

2034 2126 2310 2172 ereamras
2331 2117 2596 2186 _addidit:
2625 2127 2680 2175 et
2721 2128 2939 2190 propter
2967 2120 3067 2175 hoc
3090 2120 3364 2176 subdidit:
3406 2120 3476 2176 Et
3503 2137 3629 2191 per-

2035 2211 2166 2279 fecta
2186 2219 2306 2263 sunt
2328 2209 2533 2277 calum,
2553 2219 2602 2263 et
2623 2221 2776 2276 terra,
2795 2220 2845 2264 et
2859 2212 3023 2266 omnis
3038 2220 3248 2268 «natus
3272 2195 3444 2272 serunt
3466 2212 3628 2286 (Gen.

2034 2301 2087 2354 2.
2119 2299 2194 2373 i).
2223 2300 2516 2357 Considera
2544 2318 2702 2373 quam
2740 2303 2872 2360 nihil
2913 2304 2983 2360 sit
3008 2305 3358 2376 superfluum,
3385 2306 3640 2377 nihilque

2037 2390 2342 2447 redundans
2366 2393 2416 2447 in
2447 2394 2639 2448 divinis
2666 2394 2878 2450 Literis.
2913 2394 3200 2466 Postquam
3231 2396 3626 2453 elementorum

2035 2491 2224 2538 cimcta
2251 2485 2720 2554 maqieetentium
2746 2487 3008 2550 incniinit,
3032 2501 3138 2540 non
3161 2486 3296 2541 ultra
3313 2487 3631 2542 minutatim

2036 2575 2244 2647 reliqua
2261 2586 2670 2644 commemorat,
2711 2579 2806 2633 sed
2837 2588 2894 2632 ut
2925 2578 3079 2647 dixit,
3115 2577 3349 2651 Perfecta
3375 2589 3492 2634 sunt
3519 2594 3632 2634 ate-

2039 2668 2141 2721 lum
2172 2677 2217 2723 et
2249 2678 2403 2734 terra,
2455 2669 2619 2736 addit,
2664 2669 2730 2724 Et
2773 2671 2934 2724 omnis
2976 2681 3186 2725 ornatus
3233 2687 3406 2725 eorum
3443 2685 3463 2725 :
3518 2686 3631 2742 quo

2038 2762 2300 2830 significat
2343 2762 2540 2826 omnia,
2584 2771 2635 2817 cl
2678 2777 2797 2831 quae
2841 2763 2891 2816 iu
2923 2763 3079 2830 exulo,
3111 2772 3167 2818 ct
3208 2745 3327 2832 quae
3357 2761 3410 2816 ili
3456 2771 3627 2819 terra.

2037 2850 2270 2905 Ornatus
2294 2851 2434 2905 enim
2468 2861 2623 2906 terrm
2652 2863 2775 2906 sunt
2803 2867 2862 2907 ea
2890 2868 3008 2923 qua:
3036 2853 3105 2908 ab
3131 2853 3218 2908 illa
3259 2855 3623 2924 proferuntur,

2039 2950 2097 2994 ut
2127 2941 2413 2996 herbarum
2442 2942 2703 3009 germina,
2735 2941 3000 2997 fructuum
3033 2953 3341 3012 proventus.
3371 2943 3630 2998 arborum

2039 3030 2260 3096 fructus,
2289 3032 2500 3102 aliaque
2529 3032 2705 3086 omnia
2735 3032 2934 3101 quibus
2977 3033 3121 3088 illam
3156 3031 3346 3104 opifex
3383 3032 3626 3088 ornavit:

2039 3133 2261 3177 ornatus
2289 3125 2481 3178 iterum
2526 3125 2663 3189 eteli,
2715 3126 2817 3192 sol,
2861 3125 3008 3192 luna,
3054 3127 3328 3183 stellarum
3372 3127 3627 3194 varietas,

2040 3227 2408 3283 eventumque
2469 3229 2658 3271 omnes
2704 3215 3054 3271 intermedim.
3118 3216 3187 3271 Et
3233 3216 3432 3272 idcirco
3475 3230 3630 3272 saera

2044 3304 2314 3375 Scriptura
2360 3306 2550 3360 omium
2592 3315 2899 3377 terramque
2939 3320 3439 3373 commmemorans,
3467 3320 3633 3368 omne

2044 3397 2138 3453 Dei
2174 3395 2442 3466 opificium
2473 3411 2568 3466 per
2596 3398 2710 3453 haec
2738 3397 3004 3454 elementa
3041 3399 3319 3468 complexa
3349 3407 3452 3453 est.
3480 3397 3536 3452 2.
3566 3397 3635 3454 Et

2043 3491 2274 3561 perfecit,
2303 3489 2492 3558 inquit,
2524 3489 2664 3546 Deus
2706 3490 2788 3544 die
2830 3500 2973 3545 sexto
3003 3506 3154 3561 opera
3199 3506 3293 3544 sua
3335 3505 3452 3561 qua
3491 3490 3632 3562 fecit.

2042 3577 2338 3640 Considera
2387 3580 2656 3648 quomodo
2700 3579 2868 3635 semel
2896 3589 2951 3636 et
2995 3580 3190 3635 iterum
3221 3580 3361 3635 idem
3390 3580 3541 3647 dicit,
3574 3588 3638 3635 ut

2043 3670 2314 3725 discamus
2361 3671 2500 3724 intra
2530 3680 2738 3725 sextum
2775 3671 2916 3726 diem
2955 3670 3192 3726 absoluta
3235 3670 3400 3726 fuisse
3428 3671 3631 3726 omnia.

2050 3762 2268 3832 Perfecit
2298 3763 2463 3827 enim,
2497 3761 2690 3831 inquit,
2720 3761 2803 3816 die
2839 3773 2979 3818 sexto
3028 3778 3182 3831 opera
3225 3779 3319 3817 sua
3355 3778 3469 3832 qua
3494 3765 3642 3834 fecit,

2048 3865 2094 3908 et
2122 3854 2357 3918 requievit
2395 3855 2478 3908 die
2522 3855 2735 3924 septimo
2760 3856 2824 3908 ab
2864 3854 3095 3908 omnibus
3126 3852 3361 3920 operibus
3386 3855 3494 3908 suis
3516 3867 3643 3923 qua

2048 3948 2187 4019 fecit.
2208 3947 2353 4014 Quid
2381 3957 2462 4002 est
2489 3947 2633 4017 quod
2675 3946 2805 4002 dicit
2832 3963 2848 4001 :
2881 3944 2948 4000 Et
2979 3946 3213 4016 requievit
3253 3944 3391 4002 Deus
3431 3947 3514 4001 die
3550 3960 3635 4000 ss-

2050 4040 2206 4110 ptimo
2236 4039 2298 4092 ab
2340 4037 2573 4108 operibus
2598 4039 2704 4093 suis
2742 4053 2855 4108 qua:
2881 4037 3038 4106 fecit?
3067 4035 3199 4092 Vide
3234 4037 3504 4107 quonodo
3530 4037 3635 4091 hu-

2049 4146 2210 4186 mano
2245 4145 2416 4198 more,
2444 4139 2496 4186 et
2535 4129 2764 4199 quadam
2811 4131 3252 4198 attemperatione
3280 4129 3345 4183 ad
3395 4139 3634 4184 nostram

2052 4223 2468 4279 imbecillitatem
2496 4221 2672 4276 divina
2696 4220 2970 4290 Scriptura
2998 4221 3176 4275 omnia
3203 4221 3480 4291 loquatur:
3504 4219 3640 4275 alio-

2050 4317 2162 4387 qui,
2211 4316 2312 4370 nisi
2359 4313 2460 4370 hac
2498 4315 2707 4370 ratione
2748 4329 2840 4369 usa
2871 4313 3078 4378 fuisset,
3127 4329 3230 4367 non
3277 4313 3645 4383 potuissemus

2052 4406 2253 4478 aliquid
2284 4405 2547 4462 dictorum
2574 4404 2691 4480 ejus
2716 4405 3029 4474 intelligere.
3067 4402 3133 4457 Et
3156 4403 3414 4474 requievit,
3444 4403 3635 4473 inquit,

2053 4498 2192 4553 Deus
2218 4497 2301 4551 die
2327 4497 2538 4566 septimo
2575 4495 2640 4549 ab
2666 4494 2902 4548 omnibus
2937 4493 3169 4563 operibus
3195 4494 3299 4546 suis
3343 4509 3458 4560 quis
3494 4491 3638 4563 [sciti

2053 4589 2530 4663 Substitit,inquit,
2547 4597 2600 4643 et
2618 4588 2848 4643 cessavit
2876 4601 2911 4640 a
2931 4586 3221 4642 formandis
3248 4585 3639 4657 producendis—

2052 4698 2157 4753 que
2181 4697 2248 4738 es
2279 4680 2446 4735 nihilo
2471 4680 2651 4736 rebus.
2669 4678 2856 4734 Omnia
2879 4678 3021 4733 enim
3048 4690 3398 4748 quaecumque
3421 4683 3642 4746 oporte-

2055 4773 2147 4829 bat
2172 4770 2519 4842 produxerat,
2550 4777 2607 4824 et
2623 4784 2744 4823 eum
2768 4767 2861 4838 qui
2891 4766 2974 4822 his
3011 4765 3271 4822 fruiturus
3300 4774 3415 4821 erat
3442 4766 3640 4822 forma-

2054 4875 2223 4922 verat.
2255 4866 2309 4921 5.
2337 4863 2401 4921 Et
2422 4862 2695 4929 benedixit,
2737 4861 2926 4932 inquit,
2961 4861 3094 4916 Deus
3117 4860 3248 4914 diem
3272 4861 3564 4932 septimum,
3592 4868 3642 4914 et

2056 4957 2384 5026 sanctiﬁcaoit
2427 4955 2595 5020 illum,
2638 4955 2755 5025 quia
2796 4955 2850 5007 in
2893 4953 2985 5008 illo
3031 4953 3271 5024 requievit
3308 4953 3372 5005 ab
3409 4953 3642 5006 omnibus

2057 5047 2288 5118 operibus
2316 5048 2421 5101 suis
2442 5060 2556 5116 quat
2581 5052 2797 5114 ceperat
2823 5042 2962 5097 Deus
2990 5043 3176 5111 facere.
3197 5040 3328 5096 Nam
3360 5049 3638 5111 postquam

2058 5140 2293 5194 substitit
2317 5137 2528 5210 Opifes,
2560 5145 2616 5192 et
2640 5135 2817 5189 omnia
2846 5149 3197 5204 quaecumque
3226 5133 3418 5196 voluit,
3445 5147 3644 5188 secun-

2058 5229 2183 5285 dum
2225 5229 2606 5298 benignitatem
2654 5239 2806 5280 suam
2845 5237 2944 5279 suo
2971 5232 3240 5294 praecepto
3285 5223 3543 5293 produxit
3585 5220 3641 5276 in

2059 5323 2319 5391 medium,
2349 5332 2475 5377 tunc
2509 5319 2672 5374 ﬁnem
2701 5317 2992 5372 formandi‘
3023 5316 3149 5372 fecit
3172 5315 3260 5372 die
3300 5324 3487 5380 sexto;
3517 5329 3639 5370 cum

2058 5415 2190 5470 nihil
2230 5413 2375 5470 aliud
2418 5413 2514 5469 die.
2549 5410 2778 5481 septimo
2817 5409 3115 5481 producere
3155 5408 3341 5472 vellet.
3388 5422 3457 5463 eo
3496 5405 3641 5477 quod

2058 5508 2260 5575 omnia,
2289 5521 2409 5579 qua
2433 5506 2612 5561 facere
2635 5503 2896 5571 voluerat,
2914 5502 3024 5574 jam
3065 5501 3308 5575 perfecta
3336 5509 3554 5557 essent:
3584 5509 3643 5556 ut

2062 5600 2282 5657 habent
2315 5598 2476 5655 etiam
2502 5596 2620 5652 dies
2653 5596 2745 5650 ille
2774 5595 3176 5667 praerogativam
3206 5593 3461 5664 aliquam,
3491 5599 3548 5646 et
3572 5604 3644 5647 ne

2124 5734 2141 5765 ι
2174 5729 2365 5797 eoiglin.
2391 5744 2405 5778 :
2432 5737 2662 5797 Quoniam
2832 5725 3007 5797 obire:
3024 5731 3114 5786 est,
3137 5721 3438 5776 stomun
3462 5719 3515 5774 in
3548 5732 3647 5772 ma-

2065 5794 2219 5856 dium,
2237 5790 2382 5860 ﬁnem
2402 5791 2548 5844 etiam
2567 5789 2829 5853 (ornandi,
2853 5796 2952 5839 etc.
