4038 6372
272 380 342 436 89
980 374 1039 432 8.
1071 369 1354 431 JOANNIS
1389 362 1877 429 CHRYSOSTOMI
1908 410 1909 417 η

2020 362 2231 420 CHIEI’.
2269 358 2823 422 CONSTANTINOP.
3634 356 3706 420 σο

265 491 387 567 [80]
416 492 503 547 διά
538 492 600 547 16
626 491 791 563 μηδὲν
840 493 899 547 ἐν
941 490 1077 561 αὐτῇ
1122 486 1637 559 δεδημιουργῆσθαι⁹
1678 480 1927 549 εὐλογίας

265 581 433 654 αὐτὴν
461 579 619 644 ἀξιοῖ.
650 580 760 633 Kal
798 577 1119 647 εὐλόγησεν,
1153 575 1338 644 φησὶν,
1390 578 1423 629 ό
1460 575 1604 639 Θεὸς
1638 571 1769 654 τὴν*
1796 567 1912 637 ὴμό

258 652 399 736 ραν*
422 666 537 735 τὴν
571 667 849 735 ἑϐδόμην,
897 665 995 719 καί
1046 663 1304 733 ἡγίασεν
1356 662 1571 728 αὐτήν.
1620 660 1685 712 Τί
1711 652 1840 723 οῦν;
1872 655 1929 708 αι

262 754 448 807 λοιπαὶ
480 754 578 807 οὐκ
614 748 754 824 ἦσαν
796 752 1192 822 εὐλογημέναις
1237 749 1367 812 Ναὶ,
1400 749 1583 819 φησὶν,
1625 744 1739 799 ἀλλ’
1769 744 1930 814 ῆρκει

263 840 501 902 ἐκείναις
534 840 657 892 ἀντὶ
706 838 885 909 πάσης
931 836 1179 905 εὐλογίας
1206 836 1267 889 16
1293 835 1416 889 καθ’
1460 834 1697 904 ἑκάστην
1748 829 1929 884 αὐτῶν

262 926 331 976 τὰ
375 925 828 998 δημιουργήματα
871 922 1219 994 παραχθῆναι
1252 940 1265 952 ·
1298 921 1380 975 διδ
1428 918 1515 973 ἐπ’
1558 918 1784 971 ἐκείνων
1830 916 1929 987 μὲν

262 1013 363 1064 οὐκ
390 1008 557 1071 εἶπεν.
579 1012 957 1080 Εὑλόγησεν,
982 1010 1074 1062 ἐπὶ
1098 1010 1155 1062 δὲ
1197 1008 1299 1077 τῆς
1319 1006 1551 1079 ἑϐδόμης
1582 1006 1748 1075 μόνης
1772 1002 1930 1085 τοῦτο

262 1095 433 1149 εἰπὼν
464 1096 797 1167 προσέθηκε,
826 1095 935 1150 Kal
977 1095 1231 1163 ἡγίασεν
1280 1091 1491 1167 afugit
1529 1090 1595 1145 τί
1644 1091 1783 1155 ἐστι,
1815 1086 1929 1143 Kal

260 1185 515 1253 ἡγίασεν
562 1183 796 1249 αὐτήνς
856 1179 1153 1252 Ἂφώρισεν
1200 1180 1388 1250 αὐτήν.
1411 1174 1571 1232 Ἒῐτα
1606 1177 1929 1231 διδάσκουσα

260 1272 406 1341 ἡμᾶς
432 1272 464 1341 ή
492 1268 623 1323 εθεία
649 1267 837 1340 Γραφὴ
873 1269 965 1321 καί
992 1269 1091 1338 τὴν
1125 1269 1302 1322 αἰτίαν
1331 1267 1396 1321 δι’
1438 1267 1505 1338 ῆν
1552 1267 1793 1337 εἴρηκεν,
1816 1263 1926 1318 Kal

259 1357 514 1423 ἡγίασεν
550 1354 764 1435 agdn,
800 1353 1158 1426 προσέθηκεν,
1192 1354 1313 1406 Ὀτι
1338 1353 1409 1407 ἐν
1443 1350 1598 1435 αὑτῇ
1631 1354 1928 1405 κατέπαυ-

260 1458 375 1495 σεν
412 1440 530 1496 ἀπὸ
582 1431 822 1495 ἱόν-των
867 1439 987 1494 τῶν
1040 1438 1227 1510 ἔργων
1277 1438 1463 1493 αὐτοῦ
1508 1431 1595 1493 ὧν
1644 1437 1869 1506 ἤρξατο
1894 1440 1929 1492 ὁ

264 1528 412 1593 Θεὸς
436 1525 703 1595 ποιῆσαι.
739 1525 878 1595 Ἤδη
910 1524 1155 1579 ἐντεῦθεν
1185 1527 1249 1578 ἐκ
1270 1525 1571 1598 προοιμίων
1592 1526 1925 1595 αἰνιγματω-

257 1614 363 1678 δῶς
395 1613 737 1668 διδασκαλίαν
774 1615 902 1682 ἡμῖν
930 1615 959 1665 6
986 1610 1118 1675 Θεὸς
1168 1613 1488 1683 παρέχεται,
1524 1610 1794 1665 παιδεύων
1826 1612 1922 1681 τῆν

260 1701 389 1769 μίαν
418 1702 628 1771 ήμέραν
660 1702 718 1752 ἑν
754 1699 833 1768 τῷ
860 1700 1045 1768 κύκλῳ
1076 1699 1171 1768 τῆς
1212 1699 1503 1768 ἑϐδομάδος
1545 1698 1763 1752 ἃπασαν
1791 1701 1924 1752 ἀνα-

252 1786 460 1838 τιθέναι
511 1786 601 1838 καὶ
647 1784 924 1856 ἀφορίζειν
968 1787 1033 1855 τῇ
1077 1785 1185 1837 τῶν
1237 1786 1622 1856 πνευματικῶν
1670 1785 1921 1856 ἐργασίᾳ.

254 1872 354 1923 Διά
383 1872 489 1939 γάρ
520 1870 677 1923 τοῦτο
710 1872 803 1923 καὶ
842 1872 870 1923 6
911 1872 1197 1940 Δεσπότης
1246 1884 1303 1923 εν
1346 1872 1405 1937 ἐξ
1446 1872 1684 1944 ἡμέραις
1730 1872 1798 1925 τά
1826 1871 1925 1941 τῆς

252 1957 610 2027 δημιουργίας
660 1959 873 2010 ἅπαντα
914 1957 1227 2028 πληρώσας,
1263 1959 1362 2029 τὴν
1407 1958 1638 2029 ἑϐδόμην
1670 1958 1919 2026 εὐλογίας

253 2046 493 2111 ἀξιώσας
531 2046 744 2118 ήγίασε,
790 2045 877 2098 διὰ
905 2048 967 2099 16
1011 2048 1068 2099 ἑν
1112 2048 1247 2118 αὐτῇ
1304 2048 1653 2101 καταπαῦσαι
1679 2048 1787 2101 ἀπὺ
1815 2049 1922 2101 τῶν

252 2131 429 2202 ἔργων
452 2131 615 2184 αὐτοῦ
644 2125 718 2184 ὧν
743 2130 943 2201 ῆρξατο
972 2131 1213 2202 ποιῆσαι.
1250 2132 1389 2184 Ἀλλ’
1410 2133 1660 2187 ἐντεῦθεν
1695 2145 1720 2173 ι
1756 2134 1919 2189 πάλιν

252 2220 361 2289 ὁρῶ
402 2219 631 2286 πέλαγος
657 2218 853 2288 ἀχανὲς
904 2219 1193 2289 νοημάτων
1253 2221 1385 2290 ήμῖν
1431 2220 1749 2290 τικτόμενον
1772 2261 1793 2297 ,⁸
1826 2223 1943 2275 καὶ.

253 2304 509 2373 βούλομαι
561 2304 633 2375 μὴ
661 2305 846 2367 ἁπλῶς
886 2306 1016 2358 αὐτὸ
1051 2305 1450 2375 παραδραμεῖν,
1484 2305 1621 2359 ἀλλά
1653 2308 1746 2360 καὶ
1776 2308 1920 2375 ὑμᾶς

250 2392 537 2453 κοινωνοὺς
564 2390 748 2444 λαϐεῖν
783 2391 884 2461 τῆς
930 2392 1197 2462 ἐμπορίας
1242 2392 1443 2463 ταύτης
1485 2392 1583 2462 τῆς
1614 2409 1918 2463 πνευματι-

250 2476 373 2545 κῆς,
412 2476 474 2527 Τί
499 2472 590 2529 οὖν
618 2480 734 2529 ἐστι
764 2477 824 2529 16
857 2477 1105 2530 ἐντεῦθεν
1138 2477 1451 2531 ἀνακύπτον
1500 2481 1633 2548 ήμῖν
1667 2478 1915 2549 ζήτημας

248 2567 360 2634 Τῆς
390 2565 539 2628 Θείας
562 2564 785 2635 Γραφῆς
824 2564 1055 2620 ἐνταῦθα
1080 2564 1363 2636 λεγούσης,
1395 2568 1474 2619 ὅτι
1505 2568 1851 2620 κατέπαυσεν
1889 2570 1918 2621 6

247 2652 378 2713 Θεὸς
436 2651 543 2703 ἀπὸ
582 2650 689 2703 τῶν
750 2652 926 2720 ἔργων
973 2652 1173 2717 αὐτοῦ,
1229 2655 1285 2707 ὲν
1342 2657 1454 2717 τοῖς
1497 2652 1857 2723 Εὐαγγελίοις
1889 2658 1916 2708 6

244 2738 477 2808 Χριστός
529 2753 713 2807 φησιν,
784 2738 845 2789 '0
874 2738 1075 2806 Πατήρ
1126 2757 1247 2807 μου
1295 2738 1404 2804 ἕως
1442 2740 1569 2807 ἄρτι
1600 2738 1914 2809 ἐργάζεται,

245 2821 407 2891 κάγὼ
444 2822 773 2891 ἐργάζομαι,
796 2822 871 2875 Οὐ
907 2824 1053 2875 δοκεῖ
1072 2825 1133 2875 ἐκ
1164 2824 1261 2894 τῆς
1295 2826 1571 2896 προφορᾶς
1592 2823 1701 2877 τῶν
1738 2826 1918 2896 ῥημά-

242 2926 352 2961 των
390 2910 707 2974 ἐναντίωσίς
741 2927 823 2974 τις
848 2907 988 2964 εἶναι
1016 2912 1072 2964 ἐν
1101 2914 1212 2974 τοῖς
1246 2911 1591 2981 λεγομένοις;
1645 2912 1803 2966 Ἀλλά
1841 2915 1914 2986 μή

245 2994 454 3062 γένοιτο
473 3013 488 3027 ⁸
515 2996 665 3050 οὐδὲν
702 2998 809 3068 γάρ
834 2997 1074 3051 ἐναντίον
1100 2996 1208 3051 τῶν
1230 2999 1287 3051 ἐν
1312 3002 1377 3069 τῇ
1426 2999 1546 3071 θείᾳ
1572 3000 1760 3071 Γραφῇ
1797 3018 1912 3053 κει-

249 3085 449 3155 μένων.
491 3081 759 3138 Ἐνταῦθα
793 3084 902 3155 γὰρ
940 3084 1170 3140 εἰποῦσα
1209 3088 1241 3155 ἠ
1273 3086 1485 3157 Γραφὴ,
1522 3088 1603 3139 δτι
1640 3088 1916 3141 κατέπαυ-

246 3186 338 3224 σεν
379 3174 407 3225 6
445 3171 574 3234 Θεὸς
608 3171 716 3225 ἀπὸ
757 3171 865 3224 τῶν
912 3170 1088 3240 ἔργων
1117 3172 1144 3211 δ
1182 3171 1369 3236 αὐτοῦ,
1392 3172 1632 3227 διδάσκει
1660 3176 1805 3245 ήμᾶς
1834 3176 1914 3228 ὅτι

240 3258 337 3311 τοῦ
367 3259 714 3330 δημιουργεῖν
743 3260 837 3312 καὶ
874 3258 981 3313 ἀπὸ
1008 3258 1099 3311 τοῦ
1124 3260 1197 3329 μὴ
1226 3259 1379 3323 ὄντος
1409 3263 1487 3325 εἰς
1514 3263 1573 3315 τὸ
1600 3258 1736 3315 εἶναι
1770 3280 1913 3335 παρ-

243 3345 397 3413 άγειν
438 3344 712 3398 ἐπαύσατο
756 3345 898 3397 κατά
953 3344 1047 3415 τὴν
1078 3345 1310 3415 ἑϐδόμην
1341 3347 1585 3419 ἡμέραν·
1627 3350 1655 3400 6
1692 3348 1747 3400 δέ
1778 3347 1913 3419 Χρι-

242 3434 365 3497 στδς
394 3432 587 3500 λέγων,
631 3432 711 3484 ὅτι
752 3431 815 3483 '0
866 3430 1068 3498 Πατήρ
1104 3449 1223 3499 μου
1268 3430 1377 3497 ἕως
1424 3433 1553 3500 ἄρτι
1592 3433 1908 3503 ἐργάζεται,

240 3518 401 3588 κάγὼ
425 3516 749 3587 ἐργάζομαι,
784 3516 881 3587 τὴν
906 3517 1126 3588 διηνεκῆ
1158 3517 1324 3571 αὐτοῦ
1367 3520 1623 3590 πρόνοιαν
1655 3523 1785 3591 ἡμῖν
1809 3539 1911 3575 πα-

242 3606 483 3675 ραδηλοῖ,
514 3605 605 3657 καὶ
632 3605 894 3673 ἐργασίαν
923 3604 1072 3671 λέγει
1115 3604 1173 3656 16
1222 3605 1533 3676 διακρατεῖν
1566 3606 1633 3660 τά
1678 3624 1909 3681 γεγενηο

243 3692 401 3760 μένα,
420 3690 514 3744 καί
545 3689 641 3759 τὴν
674 3688 931 3758 διαμονὴν
948 3690 1131 3751 αὐτοῖς
1152 3699 1174 3727 α
1200 3689 1539 3759 χαρίζεσθαι,
1559 3694 1651 3744 καὶ
1675 3694 1908 3763 ήνιοχεῖν

238 3776 331 3830 16v
351 3776 639 3846 σύμπαντα
661 3776 947 3846 χρόνον.Εἰ
974 3775 1083 3847 γὰρ
1114 3776 1187 3847 μὴ
1207 3776 1365 3829 τοῦτο
1386 3772 1454 3848 ἧν
1477 3816 1493 3841 ,
1524 3778 1641 3842 πῶς
1678 3780 1744 3832 ἂν
1781 3798 1907 3834 συν-

239 3864 369 3934 ἑστη
396 3862 510 3915 τόδε
544 3862 604 3915 16
626 3864 755 3924 πᾶν,
782 3863 857 3931 μή
882 3863 979 3931 τῆς
997 3849 1203 3917 ἀνωθεν
1234 3864 1414 3934 χειρὸς
1440 3864 1790 3938 κυϐερνὼσης
1817 3869 1908 3921 καί

236 3939 541 4021 διοικούσης
570 3952 663 4003 καὶ
689 3949 756 4002 τά
778 3948 1029 4020 δρώμενα
1050 3950 1259 4003 ἅπαντα
1281 3952 1373 4003 καὶ
1395 3952 1456 4004 16
1476 3952 1584 4006 τῶν
1605 3953 1908 4022 ἀνθρώπων

236 4036 392 4104 γένος
413 4051 428 4101 ;
452 4036 560 4088 Kal
589 4037 683 4089 ἐάν
709 4052 792 4100 τις
826 4034 1059 4105 βουληθῇ
1101 4036 1240 4104 μετά
1269 4036 1470 4107 πολλῆς
1491 4038 1589 4108 τῆς
1624 4039 1906 4109 εὐγνωμο-

238 4123 404 4191 σύνης
440 4123 651 4176 ἅπαντα
688 4124 806 4175 κατ’
837 4118 976 4185 εἶδος
1026 4121 1357 4175 ἐποπτεῦσαι
1416 4124 1484 4175 τὰ
1512 4124 1634 4175 καθ’
1666 4125 1905 4199 ἑκάστην

234 4209 449 4281 ημέραν
480 4211 565 4262 ἐπ’
608 4209 895 4280 εὐεργεσίᾳ
940 4209 1181 4279 ἡμετέρᾳ
1238 4208 1343 4261 ὑπὸ
1374 4208 1467 4261 τοῦ
1504 4210 1612 4262 τῶν
1648 4211 1903 4267 ἀπάντων

234 4296 565 4368 δημιουργοῦ
613 4296 1038 4367 ἐπιτελούμενα,
1078 4296 1312 4350 ἄϐυσσον
1344 4298 1564 4368 εὑρήσει
1605 4298 1907 4371 φιλανθρωο

234 4386 385 4448 πίας.
418 4386 573 4448 Ποῖος
603 4384 713 4455 γὰρ
742 4383 1020 4454 λογισμὸς,
1046 4382 1079 4455 ῆ
1112 4382 1238 4437 ποία
1269 4382 1474 4438 διάνοια
1496 4385 1779 4453 ἐφικέσθαι
1811 4388 1901 4441 δυο

230 4476 457 4544 νήσεται
482 4472 581 4542 τῆς
604 4474 811 4541 ἀφάτου
833 4471 1185 4542 ἀγαθότητος,
1218 4472 1285 4543 ῆν
1309 4472 1439 4541 περὶ
1462 4472 1522 4524 τό
1544 4473 1652 4526 τῶν
1684 4473 1898 4545 ἀνθρώ.

232 4579 350 4616 πων
387 4561 539 4630 γένος
578 4562 933 4625 ἐνδείκνυται,
963 4559 1261 4615 ἀνατέλλων
1295 4558 1385 4612 τὸν
1411 4560 1559 4631 ἥλιον
1602 4562 1694 4615 ἐπὶ
1736 4579 1900 4635 πονη-

233 4651 359 4719 ρούς
385 4649 476 4713 κα)⁵
504 4647 759 4716 ἀγαθοὺς,
796 4647 890 4700 καὶ
914 4645 1122 4716 βρέχων
1150 4646 1242 4698 ἐπὶ
1274 4646 1512 4709 δικαίους
1536 4648 1628 4700 καὶ
1658 4648 1893 4717 ἀδίκους,

232 4738 326 4790 καὶ
353 4724 530 4789 πᾶσαν
558 4736 657 4807 τὴν
689 4735 854 4804 ἀλλην
886 4734 1145 4803 ἀφθονίαν
1179 4732 1462 4803 χορηγῶν;
1511 4734 1663 4805 Τάχα
1703 4753 1897 4805 περαι-

230 4823 372 4896 τέρω
390 4822 483 4875 τοῦ
502 4822 709 4884 δέοντος
737 4822 825 4874 16v
856 4821 1009 4889 λόγον
1034 4821 1397 4890 ἑξετείναμεν,
1434 4821 1530 4889 οὐχ
1558 4820 1746 4885 ἀπλῶς
1776 4823 1895 4878 οὐδὲ

230 4908 354 4977 εἰκῆ
402 4907 557 4960 τοῦτο
611 4910 953 4978 ποιήσαντες,
990 4907 1103 4960 ἀλλ’
1144 4907 1229 4959 ἵνα
1276 4907 1344 4959 δι’
1370 4906 1523 4976 ὐμῶν
1570 4908 1814 4977 μάθωσιν
1845 4912 1894 4963 οί

228 4994 664 5063 ἀπολειφθέντες,
700 4995 822 5048 ὅσον
852 4994 1075 5057 ἑαυτοὺς
1103 4992 1438 5063 ἐζημίωσαν,
1462 4992 1549 5046 διὰ
1581 4992 1680 5063 τὴν
1704 5009 1892 5065 σωμαο

224 5082 381 5152 τικήν
401 5082 606 5155 τροφὴν
636 5082 1106 5151 ἀποστερήσαντες
1130 5079 1353 5141 ἑαυτοὺς
1388 5082 1485 5151 τῆς
1519 5086 1893 5153 πνευματικῆς

227 5168 343 5241 [31]
376 5168 742 5231 διδασκαλίας.
792 5166 931 5221 Ἀλλ’
975 5166 1060 5219 ἵνα
1106 5166 1181 5237 μὴ
1225 5166 1561 5235 ἐπιτείνηται
1594 5167 1778 5230 αὐτοῖς
1826 5170 1891 5223 τά

223 5258 323 5325 τῆς
347 5256 583 5327 ἀθυμίας
607 5255 790 5325 ἀκτὴν
821 5254 1112 5325 ἀδελφικὴν
1156 5255 1284 5324 περί
1329 5247 1510 5316 αὐτοῖς
1553 5254 1889 5318 ἐπιδείξασθε

224 5344 455 5408 εὐνοιαν,
493 5334 904 5405 διαϐιϐάσαντες
931 5343 1113 5405 αὐτοῖς
1149 5342 1218 5395 τά
1250 5341 1380 5413 παρ’
1408 5341 1566 5412 ήμῶν
1598 5344 1882 5413 εἰρημένα·

222 5428 383 5481 τοῦτο
414 5431 521 5499 γάρ
562 5430 788 5498 γνησίας
815 5429 1034 5499 ἀγάπης
1063 5434 1381 5501 τεκμήριον.
1417 5431 1477 5483 El
1508 5430 1616 5501 γάρ
1655 5430 1748 5482 ἐπὶ
1779 5431 1887 5485 τῶν

220 5517 495 5586 αἰσθητῶν
521 5517 827 5587 ἐδεσμάτων
858 5518 908 5570 οἱ
932 5515 1090 5569 τοῦτο
1106 5517 1407 5584 ποιοῦντες,
1442 5519 1536 5570 καὶ
1562 5516 1629 5570 τά
1658 5517 1769 5570 ἀπὸ
1790 5522 1888 5589 τῆς

283 5699 549 5760 PQualuor
576 5710 684 5744 mss.
714 5697 921 5747 ἐνταῦθα.
952 5699 1059 5748 Mox
1100 5698 1301 5749 Coislin.
1332 5699 1443 5757 ἡμῖν
1460 5700 1777 5760 ἀνοιγόμενον.

277 5758 306 5796 Β
332 5760 530 5830 Cuisii‘n.
556 5760 649 5830 ᾇ.πρ
669 5761 969 5830 πάντωνιτῶν
994 5764 1155 5830 ξργωνἶ
1192 5763 1476 5830 Ρειιιζριμιδι
1502 5758 1665 5830 ﬁni”:
1682 5767 1753 5830 Et.
1794 5774 1878 5809 ςετ

215 5831 333 5868 nm.
382 5822 499 5868 κατὰ
518 5821 603 5876 τὴν
627 5823 765 5877 ἕκτην
786 5822 977 5883 ἡμέραν.
1009 5821 1176 5883 Μυιᾯι.
1205 5830 1257 5869 el
1297 5821 1378 5869 alii
1402 5822 1524 5867 κατὰ
1542 5823 1628 5877 τήν
1647 5823 1872 5882 ἑϐδόμην.

280 5884 299 5945 °_
328 5883 445 5945 ἰίρκ.
470 5895 595 5927 unus
613 5882 1016 5945 Ezaaovﬁva'hév,
1038 5882 1234 5936 Coisliu.
1260 5890 1310 5932 el
1349 5883 1430 5932 alii
1454 5883 1677 5941 διαμονὴν
1700 5883 1871 5932 αὐτῶν.

274 5939 304 5980 ἀ
332 5943 453 6004 “es.
482 5956 604 5992 unus
626 5939 707 6001 τῆς
728 5943 927 6006 ἀτιμίας.

2031 478 2310 549 τραπέζης
2342 482 2456 543 τοῖς
2485 480 2666 533 αὐτῶν
2696 480 2992 552 γνωρίμοις
3037 473 3507 550 διαφυλάττοντες,
3548 476 3707 549 μέγι-

2035 573 2155 610 στον
2196 559 2415 629 ἀγάπης
2448 560 2748 630 τεκμήριον
2782 559 3097 630 ἐκφέρουσι,
3146 557 3328 629 πολλῷ
3379 555 3577 627 μᾶλλον
3610 555 3702 608 ἐπὶ

2028 634 2139 688 τῶν
2172 636 2559 706 πνευματικῶν
2596 636 2755 689 τοῦτο
2787 636 3071 707 γινόμενον
3106 636 3271 690 πολὺν
3304 635 3436 706 ἡμῖν
3476 632 3703 705 παρέξει

2029 713 2121 765 16v
2140 713 2389 768 ’ἓπαινοψ
2423 714 2584 768 πάλιν
2610 714 2718 785 γὰρ
2751 716 2831 778 εἰς
2862 717 3011 786 ήμᾶς
3047 714 3116 768 τὰ
3140 718 3237 785 τῆς
3260 711 3525 782 ὠφελείας
3544 728 3706 782 περι-

2032 794 2313 864 στήσεται.
2355 795 2412 846 Ὀ
2441 792 2547 864 γάρ
2577 792 2670 845 τὸν
2704 792 2929 863 πλησίον
2967 793 3239 847 διδάσκειν
3270 790 3604 854 σπουδάζων,
3638 788 3700 842 οὐ

2028 871 2281 926 τοσοῦτον
2314 874 2517 925 ἐκεῖνον
2555 871 2851 942 εὐεργετεῖ,
2890 871 3013 924 ὅσον
3044 872 3223 943 ἑαυτῴ
3261 868 3479 942 μείζονα
3507 866 3704 938 προξεο

2030 952 2112 1004 νεί
2129 952 2220 1006 τὸν
2256 952 2467 1021 μισθὸν,
2504 952 2597 1005 καὶ
2616 950 2837 1004 διπλοῦν
2858 950 3165 1021 καρποῦται
3190 951 3251 1005 16
3280 949 3489 1020 κέρδος,
3518 947 3619 1016 τῆς
3639 962 3702 999 τε

2029 1032 2182 1101 παρὰ
2203 1029 2295 1083 τοῦ
2324 1030 2460 1082 Θεοῦ
2483 1030 2715 1100 ἀμοιϐῆς
2734 1028 2979 1093 πλείονος
3004 1028 3323 1093 ἀπολαύων,
3340 1028 3433 1081 καὶ
3456 1026 3617 1087 αὐτὸς
3632 1024 3701 1078 δι’

2029 1102 2105 1161 ὧν
2154 1108 2243 1162 τὸν
2297 1107 2523 1175 ἀδελφὸν
2579 1106 2850 1161 διδάσκειν
2910 1109 3194 1180 ἐπιχειρεῖ,
3255 1107 3337 1170 εἰς
3396 1106 3703 1177 ὑπόμνησιν

2030 1186 2341 1257 ἐρχόμενος,
2369 1186 2463 1241 καί⁵
2484 1186 2721 1240 ἀνανεῶν
2748 1187 2877 1257 παρ’
2911 1186 3089 1257 ἑαυτῷ
3114 1186 3210 1258 τήν
3241 1186 3461 1258 μνήμην
3489 1184 3595 1239 τῶν
3624 1184 3705 1235 εἰ·-

2032 1265 2306 1334 ρημένων.

2099 1345 2169 1415 η’.
2190 1345 2263 1397 Τὸ
2284 1344 2475 1415 κέρδος
2498 1344 2675 1398 τοίνυν
2695 1343 3001 1408 ἐννοοῦντες
3028 1346 3088 1399 16
3105 1345 3391 1415 ὑμέτερον,
3414 1346 3488 1415 μὴ
3506 1342 3704 1413 φθονή·

2029 1440 2158 1495 σητε
2179 1427 2290 1488 τοῖς
2315 1422 2564 1495 ἀδελφοῖς
2592 1428 2703 1487 τοῖς
2723 1425 3028 1495 ὑμετέροις,
3055 1424 3193 1478 ἀλλά
3220 1424 3315 1478 νῦν
3343 1425 3442 1495 μὲν
3467 1426 3539 1478 τὰ
3569 1424 3699 1494 παρ’

2026 1503 2184 1575 ήμῶν
2211 1504 2479 1574 λεγόμενα
2513 1503 2642 1573 παρ’
2666 1503 2819 1573 ὑμῶν
2853 1502 3289 1573 μανθανέτωσαν.
3318 1505 3435 1558 Ἵνα
3455 1502 3513 1556 δέ
3544 1501 3619 1572 μὴ
3642 1502 3701 1553 ἐν

2027 1582 2247 1653 χάριτος
2288 1582 2445 1653 μέρει
2486 1582 2614 1652 παρ’
2645 1580 2798 1651 ὐμῶν
2842 1579 3074 1650 μέλλωσι
3126 1580 3298 1634 ταῦτα
3333 1578 3697 1641 διδάσκεσθαι,

2025 1661 2212 1714 ἕλκετε
2232 1661 2434 1724 αὐτοὺς
2454 1660 2591 1731 πρδς
2617 1661 2786 1730 ἡμᾶς,
2808 1658 3085 1723 πείθοντες
3102 1659 3177 1723 ὠς
3200 1659 3454 1713 οὐδέποτε
3476 1658 3699 1727 κώλυμα

2025 1740 2235 1810 γίνεται
2276 1741 2413 1811 πρὸς
2459 1739 2559 1811 τήν
2594 1739 2945 1793 διδασκαλίαν
2976 1740 3075 1812 τὴν
3116 1739 3493 1811 πνευματικήν
3535 1740 3569 1809 ή
3600 1740 3701 1807 τῆς

2023 1822 2231 1891 τροφῆς
2256 1821 2355 1890 τῆς
2384 1820 2701 1892 σωματικῆς
2734 1819 3053 1890 μετάληψις·
3084 1819 3224 1873 ἀλλά
3249 1819 3330 1872 δεῖ
3367 1819 3541 1872 πάντα
3574 1835 3697 1881 και-

2028 1901 2117 1971 ρὺν
2145 1899 2447 1971 ἐπιτήδειον
2479 1899 2731 1970 ήγεῖσθαι
2758 1898 2894 1969 πρὸς
2920 1898 3017 1970 τὴν
3058 1898 3167 1951 τῶν
3197 1896 3584 1969 πνευματικῶν
3612 1895 3700 1947 λό-

2024 1999 2136 2051 γων
2156 1981 2409 2047 διάλεξιν.
2438 1982 2533 2033 Ἂν
2560 1980 2733 2035 ταῦτα
2764 1982 2899 2051 μετά
2923 1981 3205 2053 ἀκριϐείας
3227 1980 3455 2051 ἴδωμεν,
3474 1980 3700 2049 δυνησό-

2028 2060 2167 2131 μεθα
2190 2063 2285 2114 καὶ
2312 2061 2405 2114 ἐπὶ
2434 2061 2611 2123 οἰκίας
2651 2061 3048 2132 διατρίϐοντες,
3082 2060 3174 2114 καὶ
3213 2058 3356 2132 μετά
3390 2060 3488 2128 τὴν
3517 2058 3701 2112 ἑστία-

2024 2154 2129 2204 σιν,
2165 2141 2260 2192 καὶ
2307 2138 2414 2209 πρὸ
2452 2140 2551 2208 τῆς
2594 2141 2890 2203 ἑστιάσεως
2933 2140 3072 2211 μετά
3110 2142 3298 2210 χεῖρας
3340 2138 3594 2199 λαϐόντες
3628 2135 3697 2190 τά

2022 2218 2138 2269 θεῖα
2167 2216 2344 2287 βιϐλία
2376 2215 2474 2286 τὴν
2500 2216 2759 2281 ἐξαύτῶν
2792 2216 3132 2287 καρποῦσθαι
3164 2216 3456 2286 ὠφέλειαν,
3483 2214 3579 2268 καὶ
3596 2214 3695 2285 τήν

2021 2296 2399 2367 πνευματικὴν
2428 2295 2635 2369 τροφήν
2674 2298 2741 2365 τῇ
2764 2295 2908 2366 ψυχῇ
2944 2296 3224 2367 παρέχειν.
3249 2296 3461 2365 Ὠσπερ
3495 2294 3604 2364 γάρ
3634 2294 3697 2345 16

2023 2375 2183 2445 σῶμα
2238 2374 2407 2427 δεῖται
2450 2375 2549 2444 τῆς
2590 2374 2855 2444 αἰσθητῆς
2892 2375 3119 2446 τροφῆς,
3158 2374 3301 2428 οὓτω
3340 2376 3435 2429 καὶ
3476 2376 3507 2443 ή

2020 2453 2212 2526 χρῄζει
2250 2452 2630 2524 καθημερινῆς
2673 2454 3052 2525 ὑπομνήσεως,
3090 2452 3183 2507 καὶ
3211 2453 3419 2523 τροφῆς
3451 2468 3697 2523 πνευμα-

2017 2538 2195 2603 τικῆς,
2220 2534 2308 2586 ῐνα
2331 2533 2665 2604 νευρουμινη
2690 2532 2935 2603 ἀντέχειν
2960 2533 3182 2602 δύνηται
3211 2532 3348 2604 πρὸς
3374 2532 3469 2595 τὰς
3500 2534 3694 2587 ἐπανα-

2020 2612 2239 2676 στάσεις
2282 2611 2383 2681 τῆς
2418 2611 2643 2681 σαρκὸς,
2680 2612 2776 2663 καὶ
2822 2610 2957 2682 πρὸς
2996 2613 3087 2665 τὸν
3128 2612 3348 2683 διηνεκῆ
3392 2610 3693 2681 πολέμιον’

2018 2690 2111 2744 16v
2137 2690 2489 2759 ἐπικείμενον
2524 2690 2679 2759 ἡμῖν,
2707 2689 2801 2744 καὶ
2826 2689 3171 2761 αἰχμάλωτον
3198 2690 3355 2761 ήμῶν
3379 2692 3692 2761 ἀπεργαζόο

2021 2786 2181 2841 μενον
2208 2769 2305 2840 τὴν
2336 2768 2532 2839 ψυχὴν,
2566 2768 2661 2823 ἑάν
2700 2769 2804 2822 κᾶν
2842 2770 2977 2839 πρὸς
3009 2768 3179 2840 βραχύ
3212 2769 3527 2842 ῥᾳθυμῆσαι
3566 2770 3689 2841 βου-

2018 2848 2291 2919 ληθῶμεν.
2322 2848 2414 2900 Διὺ
2442 2848 2537 2901 καὶ
2579 2849 2607 2901 ὁ
2638 2850 2935 2921 προφήτης
2975 2849 3137 2903 Δαυῗδ
3172 2849 3442 2919 μακάριον
3485 2852 3690 2903 ἐκεῖνον

2017 2929 2242 2981 ἐκάλεσε
2275 2929 2367 2980 τὸν
2404 2929 2463 2981 ἑν
2489 2927 2566 2998 τῷ
2593 2928 2741 2999 νόμῳ
2769 2927 2967 2999 Κυρίου
3011 2928 3318 3000 μελετῶντα
3354 2930 3565 3002 ἡμέρας
3598 2933 3691 2985 καὶ

2016 3009 2229 3071 νυκτόςο
2281 3009 2375 3061 καὶ
2405 3010 2433 3061 6
2480 3009 2746 3079 μακάριος
2779 3009 2835 3061 δὲ
2866 3009 3124 3078 Μωῦσῆς,
3164 3008 3439 3062 παιδεύων
3484 3009 3544 3062 16
3581 3010 3690 3064 τῶν

2029 3088 2295 3142 Ἰουδαίων
2346 3086 2517 3151 ἔθνος,
2560 3086 2838 3140 ἐδίδασκεν
2877 3088 3075 3151 αὐτοὺς
3113 3086 3306 3156 λέγων,
3356 3087 3686 3159 θανὼνκαί

2016 3167 2188 3233 πιὼν,
2239 3167 2337 3219 καί
2370 3165 2762 3235 ἐμπλησθεὶς,
2799 3165 3103 3236 μνήσθητι
3139 3169 3362 3237 Κυρίου
3402 3168 3508 3223 τοῦ
3539 3170 3689 3223 Θεοῦ

2015 3262 2154 3301 σου.
2202 3247 2367 3317 Ὁρᾷς
2404 3244 2523 3308 πῶς
2553 3246 2649 3299 καὶ
2675 3243 2796 3298 τότε
2838 3246 3075 3315 μάλιστα
3106 3248 3394 3317 προσήκει,
3427 3248 3564 3316 μετά
3588 3248 3688 3318 τὴν

2014 3326 2117 3394 τῆς
2146 3324 2352 3396 τροφῆς
2387 3324 2703 3387 ἀπόλαυσιν,
2734 3324 2833 3391 τὴν
2869 3324 3244 3395 πνευματικὴν
3278 3326 3522 3379 ἑστίασιν
3555 3327 3687 3380 ἑαυ-

2014 3408 2126 3468 τοῖς
2158 3402 2536 3472 παρατιθέναι,
2560 3402 2652 3456 ίνα
2673 3404 2806 3472 μηδέ
2834 3402 2972 3471 μετά
2995 3404 3095 3472 τὴν
3118 3402 3438 3475 πλησμονὴν
3461 3403 3558 3475 τῆς
3576 3423 3685 3459 σω-

2018 3486 2252 3555 ματικῆς
2280 3484 2485 3553 τροφῆς
2522 3481 2918 3553 ρᾳθυμήσαντα
2961 3482 2995 3548 ή
3026 3480 3171 3553 ψυχὴ
3210 3484 3291 3545 εἰς
3318 3481 3536 3555 δλεθρόν
3563 3500 3688 3539 τινα

2013 3564 2224 3634 ἐκπέσῃ
2261 3560 2305 3625 ἲ,
2354 3563 2449 3615 καὶ
2505 3560 2685 3633 χώραν
2715 3560 2790 3629 δῷ
2830 3562 2949 3623 ταῖς
2985 3558 3079 3613 τοῦ
3113 3560 3358 3614 διαϐόλου
3392 3566 3683 3633 μηχαναῖς,

2013 3642 2191 3695 πάντα
2214 3640 2401 3712 καιρὸν
2422 3637 2808 3710 ἑπιτηροῦντος
2837 3639 2930 3691 καὶ
2956 3638 3280 3708 βουλομένου
3305 3637 3525 3714 καιρίαν
3553 3643 3686 3713 ήμϊν

2008 3717 2193 3772 δοῦναι
2225 3718 2323 3789 τὴν
2354 3717 2606 3786 πληγήν;
2641 3718 2752 3769 Καὶ
2784 3716 2945 3769 πάλιν
2976 3717 3033 3769 δέ
3064 3716 3294 3788 ἑτέρωθι
3318 3718 3501 3788 ἔλεγεν
3527 3720 3557 3773 ὀ
3587 3722 3687 3774 αὐ-

2009 3798 2100 3860 τδς
2130 3791 2286 3861 οὗτος
2319 3798 2626 3868 προφήτης
2652 3795 3062 3864 Κοιταζόμενοι
3107 3797 3206 3850 καί
3238 3796 3682 3869 διανιστάμενοι

1998 3878 2413 3946 ’μνημονεύετε
2447 3877 2671 3943 Κυρίου
2698 3875 2805 3929 τοῦ
2831 3875 2978 3929 Θεοῦ
3001 3874 3184 3945 ὑμῶν.
3218 3872 3375 3939 Εἶδες
3403 3872 3516 3941 πῶς
3541 3878 3685 3934 οὐδέ.

2009 3972 2141 4009 ποτε
2186 3956 2333 4027 ἡμᾶς
2367 3956 2629 4028 προσήκει
2664 3954 2763 4026 τήν
2795 3954 3015 4025 μνήμην
3050 3954 3255 4025 ταύτην
3303 3948 3552 4009 ἐκϐαλεῖν
3583 3960 3682 4030 τῆς

2006 4033 2207 4104 ψυχῆς.
2261 4033 2374 4085 ἀλλ’
2422 4032 2906 4102 ἐγκεκολαμμένην
2956 4032 3103 4102 ἑχειν
3149 4031 3228 4103 τῷ
3275 4033 3556 4100 συνειδότι,
3586 4041 3682 4090 καὶ

2006 4111 2269 4181 διηνεκῶς
2295 4106 2801 4190 ἐναγωνίουςείναι,
2826 4111 2919 4163 καὶ
2952 4110 3218 4190 μηδέποτε
3245 4111 3536 4190 ἀνακωχὴν

2008 4192 2220 4253 ἑαυτοῖς
2252 4190 2531 4259 παρέχειν,
2561 4188 2697 4241 ἀλλά
2724 4189 2824 4257 τὴν
2853 4188 3048 4257 μανίαν
3072 4186 3279 4251 εἰδότας
3305 4188 3398 4243 τοῦ
3419 4191 3519 4261 τὴν

2007 4270 2155 4341 ήμᾶς
2209 4267 2409 4339 ἑχθραν
2453 4267 2751 4337 ἀραμένου.
2781 4267 2972 4336 νήφειν
3006 4266 3099 4319 καὶ
3144 4267 3527 4339 ἐγρηγορέναι,
3584 4277 3680 4330 καὶ

2004 4346 2370 4417 ἀποτειχίζειν
2398 4344 2548 4415 αὐτῴ
2589 4345 2689 4409 τὰς
2732 4344 2973 4413 ἐφόδους,
3013 4346 3107 4399 καὶ
3138 4347 3407 4415 μηδέποτε
3454 4349 3719 4420 ἀμελεῖνῖ

2002 4426 2206 4497 τροφῆς
2245 4425 2650 4495 πνευματικῆςς
2685 4421 2841 4476 τοῦτο
2864 4424 2971 4494 γὰρ
3000 4423 3156 4493 ήμῶν
3187 4426 3221 4496 ή
3252 4427 3517 4499 σωτηρία,
3548 4428 3677 4484 τοῦ.

1998 4522 2062 4558 το
2112 4507 2141 4558 6
2197 4502 2425 4565 πλοῦτος
2459 4503 2487 4554 ὁ
2532 4502 2921 4572 πνευματικὸς,
2962 4503 3120 4556 τοῦτο
3150 4505 3183 4573 ή
3215 4504 3505 4574 ἀσφάλεια.
3550 4508 3677 4564 Ἐὰν

1999 4584 2172 4647 οὕτως
2206 4582 2430 4644 ἑαυτοὺς
2463 4580 2583 4634 καθ’
2616 4582 2853 4649 ἑκάστην
2895 4580 3110 4652 ἡμέραν
3136 4581 3463 4654 τειχίζωμεν
3491 4587 3537 4650 ⁵,
3578 4591 3675 4642 καί

1998 4663 2065 4717 δι’
2097 4662 2472 4729 ἀναγνώσεως,
2497 4659 2592 4712 καὶ
2614 4659 2680 4711 δι’
2708 4659 3044 4727 ἀκροάσεως,
3070 4658 3163 4712 καὶ
3189 4659 3477 4726 διαλέξεως
3505 4681 3673 4719 πνευ-

2003 4744 2261 4813 ματικῆς,
2283 4738 2623 4808 δυνησόμεθα
2649 4739 2741 4792 καὶ
2774 4738 2926 4791 αὐτοὶ
2958 4738 3247 4810 ἀχείρωτοι
3268 4740 3539 4807 γενέσθαι,
3574 4746 3672 4798 καί

1998 4821 2091 4876 τοῦ
2132 4820 2367 4893 πονηροῦ
2405 4819 2658 4889 δαίμονος
2694 4818 2875 4889 ἄκυρα
2914 4817 3137 4887 ποιῆσαι
3179 4815 3249 4872 τὰ
3279 4822 3666 4891 μηχανήματα,

1999 4903 2091 4954 καὶ
2137 4901 2235 4970 τῆς
2278 4899 2387 4951 τῶν
2418 4898 2664 4967 οὐρανῶν
2695 4896 2971 4965 βασιλείας
3015 4899 3312 4967 ἐπιτυχεῖν,
3351 4898 3532 4970 χάριτι
3573 4901 3670 4955 καὶ

1998 4978 2376 5049 φιλανθρωπίᾳ
2408 4976 2498 5029 τοῦ
2532 4977 2735 5047 Κυρίου
2762 4976 2921 5046 ήμῶν
2967 4976 3139 5046 Ἰησοῦ
3176 4976 3432 5046 Χριστοῦ,
3464 4976 3582 5049 μεθ’
3603 4972 3669 5034 οὗ

1993 5057 2071 5128 τῷ
2099 5058 2293 5127 Πατρί,
2326 5058 2440 5126 ἃμα
2470 5055 2547 5125 τῷ
2568 5056 2710 5125 ἁγίῳ
2746 5054 3044 5125 ῙΙνεύματι,
3076 5053 3223 5121 δόξα.
3259 5054 3476 5125 κράτος,
3507 5058 3663 5129 τιμὴ,

1993 5136 2087 5190 νῦν
2119 5137 2210 5189 καί
2237 5136 2345 5199 ἀεὶ,
2380 5136 2474 5186 καὶ
2499 5135 2578 5195 εἰς
2606 5135 2733 5195 τοὺς
2756 5134 2955 5197 αἰῶνας
2976 5132 3084 5187 τῶν
3115 5131 3368 5202 αίώνων.,
3389 5133 3584 5205 Ἀμήν.

2640 5222 2881 5276 OMIMA
2907 5221 3009 5275 IA'.

1994 5303 2111 5355 Ὅτι
2141 5303 2235 5357 δεῖ
2268 5301 2470 5373 ,πολὺν
2498 5298 2609 5373 τῆς
2631 5299 2849 5373 ἀρετῆς
2874 5302 3177 5373 ποιεῖσθαι
3200 5302 3407 5370 λόγον,
3444 5302 3544 5356 καί
3566 5321 3661 5373 μι-

2053 5374 2296 5442 μεῖσθαι
2334 5372 2477 5437 τοὺς
2513 5371 2741 5442 ἁγίους,
2786 5371 2844 5425 οἳ
2876 5370 2986 5442 τῆς
3242 5373 3481 5439 φύσεως
3514 5370 3663 5441 ἡμῖν

2058 5440 2230 5507 ὄντες
2258 5444 2485 5507 ταύτην
2500 5440 2651 5509 μετὰ
2677 5441 2978 5509 ἀκριϐείας
3007 5440 3422 5509 κατώρθωσαν,
3445 5440 3659 5498 καὶίὸτι

2047 5511 2435 5581 ρᾳθυμοῦσιν
2461 5510 2608 5579 ἡμῖν
2634 5510 2880 5580 οὐδεμία
2906 5512 3078 5565 ἐσται
3107 5511 3423 5580 ἀπολογία.

2054 5601 2120 5656 α’.
2155 5598 2284 5655 Οἶδα
2345 5602 2424 5653 ὅτι
2451 5600 2732 5654 κατέτεινα
2764 5601 2917 5671 ὐμῶν
2980 5602 3071 5654 τὸν
3112 5601 3367 5671 λογισμὸν
3421 5603 3478 5654 ἐν
3534 5608 3656 5669 ταῖς

1985 5681 2381 5751 παρελθούσαις
2437 5680 2669 5750 ήμέραις
2727 5684 2840 5744 τοῖς
2902 5679 3218 5751 βαθυτέροις
3270 5681 3520 5749 νοήμασιο
3567 5682 3655 5737 διὰ

2047 5820 2069 5847 θ
2097 5815 2295 5865 Coislin.
2323 5814 2404 5861 τὸν
2428 5816 2615 5873 διηνεκῆ
2638 5815 2863 5877 πόλεμον,
2888 5820 2939 5864 εἰ
2961 5815 3031 5864 sic
3056 5815 3179 5879 legit
3202 5814 3466 5875 interpres.

2051 5877 2068 5915 ί
2095 5875 2295 5923 ἰῖυἱςιίιι.
2317 5876 2518 5923 ἐιιπέσκ.

2051 5884 2067 5915 ῐ
2095 5884 2295 5924 ἰῖυὶςιιιι.
2317 5884 2518 5936 ἐμπέσῃ.

2049 5942 2077 5983 1
2099 5939 2243 5989 Col-gl.
2259 5940 2655 6001 περιτειχίζωμεν,
2673 5937 2789 5987 Ibid.
2808 5940 2927 6002 Reg.
2953 5953 3081 5989 unus
3103 5938 3178 5986 διὰ
3196 5938 3415 5998 γνώσεως
3436 5936 3515 5986 τάξ
3536 5936 3643 6000 ἀκρ,
