4038 6378
237 394 316 455 89
1357 392 1426 452 ΙΝ
1464 395 1616 455 CAP.
1660 395 1991 453 L-GENES.
2035 397 2268 454 1103111..
2308 395 2402 452 X1.
3482 399 3556 456 90

239 507 515 567 videretur
538 509 719 564 minus
745 507 946 579 aliquid
975 506 1246 574 obtinere,
1278 521 1346 563 eo
1370 506 1513 577 quod
1545 506 1677 562 nihil
1701 507 1754 561 in
1779 522 1845 562 eo

241 604 445 657 Factum
489 610 654 668 esset,
704 601 1083 656 benedictione
1127 601 1300 671 ipsum
1342 599 1586 669 dignatus
1629 607 1733 653 est.
1780 599 1849 652 Et

245 693 527 759 benedixit,
559 694 753 763 inquit,
790 693 924 748 Deus
953 695 1086 748 diem
1108 693 1412 764 septimum:
1443 701 1489 744 et
1515 691 1849 760 sanctiﬁcam‘t

239 788 415 841 illum.
443 785 581 853 Quid
629 787 828 856 igitur?
872 803 976 840 non
1019 794 1172 840 erant
1215 795 1270 839 et
1312 784 1492 839 caeteri
1521 782 1637 837 dies
1681 783 1847 837 bene-

241 879 422 934 dicti?
458 877 643 932 'Etiam
676 877 938 946 profecto,
970 876 1066 931 sed
1092 875 1391 930 sufﬁciebat
1419 874 1522 927 illis
1562 888 1660 944 pro
1702 873 1848 927 omni

242 967 644 1033 benedictione,
665 967 808 1037 quod
832 970 881 1020 in
911 967 1133 1036 singulis
1160 966 1264 1020 illis
1286 974 1551 1018 creatura:
1575 963 1849 1032 productas

243 1061 506 1124 fuissent;
560 1070 613 1115 et
643 1061 764 1114 ideo
807 1059 874 1113 de
905 1059 1010 1113 illis
1040 1073 1146 1112 non
1179 1058 1369 1126 inquit,
1421 1055 1740 1119 Benedixit;
1794 1055 1846 1108 in

244 1152 368 1206 solo
393 1161 570 1206 autem
599 1152 828 1220 septimo
856 1150 958 1204 hoc
988 1149 1139 1214 dixit,
1169 1157 1225 1203 et
1251 1149 1497 1218 apposuit
1523 1165 1536 1200 :
1567 1143 1632 1198 Et
1659 1146 1849 1199 sancti-

244 1244 417 1304 ﬁcavt't
441 1243 607 1296 illum.
641 1241 780 1307 Quid
807 1250 910 1304 est,
940 1240 1014 1294 Et
1042 1239 1376 1308 sanctificavit
1415 1237 1562 1290 illum
1584 1237 1609 1289 .9
1649 1235 1706 1290 1d
1744 1243 1844 1300 est,

246 1335 401 1388 illum
431 1333 753 1403 segregavit.
785 1330 993 1385 Deinde
1013 1330 1213 1384 docens
1244 1345 1342 1383 nos
1369 1328 1545 1381 divina
1575 1327 1848 1395 Scriptura

246 1438 466 1479 causam
513 1432 736 1492 p:opter
778 1438 939 1492 quam
990 1422 1144 1486 dixit,
1192 1419 1257 1472 Et
1312 1420 1647 1488 sanctiﬁcavit
1677 1418 1844 1482 illum,

236 1513 454 1582 adjicit,
479 1513 554 1566 Eo
580 1513 716 1584 quod
744 1513 795 1565 in
822 1511 913 1565 illo
938 1512 1249 1580 requieverat
1276 1511 1338 1562 ab
1365 1512 1594 1562 omnibus
1615 1510 1849 1579 aper-ibus

245 1606 355 1658 suis
383 1619 497 1673 quae
525 1612 743 1672 caper-at
769 1601 909 1656 Deus
949 1603 1133 1670 facere.
1164 1600 1281 1655 Jam
1323 1601 1447 1655 hinc
1475 1601 1542 1655 ab
1568 1600 1720 1654 initio
1749 1599 1848 1654 do-

247 1696 476 1750 ctrinam
496 1695 636 1750 hanc
651 1696 873 1765 aenigma
884 1696 985 1750 tice
1004 1694 1158 1748 nobis
1176 1694 1409 1747 insinuat
1423 1694 1585 1758 Deus,
1600 1692 1850 1747 erudiens

248 1801 350 1840 nos
381 1787 433 1840 in
461 1786 665 1840 circulo
695 1785 1044 1840 hebdomadis
1071 1784 1216 1839 diem
1258 1799 1422 1837 unum
1454 1784 1720 1853 integrum
1761 1797 1849 1837 se-

246 1879 602 1947 gregandam,
625 1891 676 1933 et
698 1879 1122 1932 consecrandum
1151 1877 1507 1945 spiritualium
1530 1876 1846 1945 operationi.

243 1967 374 2023 Ideo
394 1970 538 2022 enim
563 1968 822 2023 Dominus
851 1969 1119 2038 completo
1147 1982 1240 2021 sex
1267 1965 1460 2022 diebus
1489 1966 1702 2036 Opiﬁcio
1727 1981 1847 2033 suo,

247 2062 540 2131 septimum
571 2062 944 2116 benedictione
975 2063 1222 2132 dignatus
1249 2051 1352 2126 est,
1383 2070 1438 2115 et
1476 2061 1848 2126 sanctiﬁcavit,

248 2168 318 2209 eo
344 2154 486 2224 quod
518 2156 569 2208 in
601 2155 694 2209 illo
730 2155 1008 2224 quieverat
1048 2155 1116 2208 ab
1143 2153 1393 2208 omnibus
1436 2153 1690 2222 operibus
1739 2154 1852 2208 suis

244 2261 367 2315 qua:
399 2243 576 2300 facere
603 2255 858 2314 eteperat.
882 2245 1080 2300 Verum
1105 2245 1191 2298 hic
1217 2246 1412 2299 iterum
1438 2245 1592 2298 video
1618 2245 1849 2299 immen-

247 2352 368 2391 sum
417 2337 572 2391 nobis
619 2338 1004 2392 sententiarum
1044 2339 1263 2408 pelagus
1305 2337 1506 2402 nasci‘,
1548 2336 1691 2407 quod
1718 2338 1850 2390 sim-

241 2427 466 2498 pliciter
511 2431 785 2498 prreterire
816 2429 1018 2495 nolim;
1066 2430 1194 2500 quin
1241 2439 1295 2484 et
1321 2446 1416 2485 vos
1447 2429 1637 2483 harum
1691 2429 1852 2499 spiri-

247 2520 474 2573 tualium
521 2520 779 2575 mercium
829 2522 1118 2590 participes
1162 2523 1278 2578 ﬁeri
1307 2524 1488 2594 cupio.
1519 2524 1650 2589 Quae
1694 2522 1854 2591 igitur

247 2610 354 2666 illa.
374 2621 479 2676 est,
509 2627 627 2678 qua:
671 2612 795 2665 hinc
834 2614 1024 2684 oritur,
1058 2615 1322 2682 qnmstio?
1366 2615 1547 2667 Divina
1578 2614 1852 2684 Scriptura

249 2703 338 2758 hic
383 2704 597 2758 dicente
643 2705 809 2758 Deum
837 2683 1183 2775 ‘requievisse
1228 2707 1293 2761 ab
1346 2707 1596 2777 operibus
1626 2707 1769 2770 suis,
1799 2707 1854 2759 in

248 2794 544 2864 evangeliis
585 2794 829 2849 Christus
875 2797 1075 2866 inquit,
1109 2796 1268 2850 Pater
1315 2815 1454 2851 meus
1496 2813 1655 2866 usque
1703 2796 1853 2849 modo

244 2897 517 2956 aperatur,
545 2897 590 2940 et
634 2903 723 2958 ego
766 2904 950 2957 operor
1003 2887 1179 2958 (Joan.
1212 2889 1266 2944 5.
1298 2890 1408 2962 l7).
1438 2889 1554 2943 Non
1603 2889 1855 2942 videntur

249 2976 348 3031 tibi
372 2992 438 3031 ex
465 2977 748 3032 verborum
780 2979 922 3033 serie
949 2979 1063 3034 hare
1094 2979 1235 3033 dicta
1264 2994 1384 3033 esse
1412 2979 1716 3032 contraria?
1745 2977 1854 3040 Sed

251 3068 435 3124 absit:
471 3070 598 3124 nihil
629 3070 718 3124 hic
749 3072 1078 3125 contrarium
1130 3071 1194 3126 iis
1237 3086 1356 3141 qua:
1405 3070 1457 3125 in
1500 3071 1667 3124 sacris
1710 3071 1854 3124 Scri-

249 3160 426 3227 pturis
472 3161 835 3214 continentur.
868 3160 1000 3213 Nam
1050 3162 1137 3216 hic
1164 3161 1378 3230 quidem
1406 3176 1527 3214 cum
1577 3160 1853 3229 Scriptura

247 3250 385 3307 dicit
432 3253 764 3320 requievisse
809 3252 978 3307 Deum
1005 3252 1074 3306 ab
1100 3253 1353 3322 Operibus
1391 3253 1522 3319 suis,
1556 3251 1714 3307 docet
1758 3267 1856 3307 nos

249 3340 684 3396 enmacreando
712 3351 856 3396 etex
903 3342 1072 3396 nihilo
1118 3358 1207 3396 res
1254 3343 1598 3412 producendo
1647 3344 1854 3412 requie-

251 3435 398 3489 visse
425 3434 511 3488 die
557 3435 856 3504 scptimo';
889 3433 1132 3489 Christus
1180 3445 1358 3490 autem
1405 3436 1591 3490 dicens
1636 3454 1648 3489 :
1699 3435 1858 3489 Pater

245 3541 396 3578 meus
441 3540 598 3593 usque
625 3524 775 3578 modo
802 3536 1064 3594 Operalur,
1094 3536 1137 3579 et
1177 3542 1270 3595 ego
1305 3542 1507 3596 aperor,
1545 3537 1855 3595 perpetuam

246 3631 410 3672 suam
460 3615 851 3686 providentiam
900 3617 1054 3672 nobis
1086 3617 1341 3682 declarat,
1387 3628 1441 3672 et
1485 3619 1854 3686 operationem

250 3718 411 3766 vocat
435 3709 899 3764 conservationem
931 3709 1289 3778 opiﬁciorum,
1315 3711 1506 3779 quibus
1535 3711 1759 3779 largitur
1801 3720 1857 3763 ut

251 3809 626 3870 permaneant,
659 3799 788 3854 dunt
819 3801 966 3854 omni
999 3809 1239 3870 tempore
1268 3801 1546 3870 gubernat.
1574 3800 1687 3855 Nisi
1713 3802 1854 3855 enim

248 3893 360 3947 hoc
384 3900 551 3959 esset,
582 3891 852 3961 quomodo
888 3894 1198 3947 universmn
1244 3893 1560 3947 subsisteret
1601 3909 1664 3947 ac
1690 3893 1852 3948 dura-

249 3995 358 4048 ret,
391 3998 500 4036 non
527 3982 860 4052 gubernante
887 3993 942 4038 et
975 3983 1240 4052 dirigente
1282 3997 1511 4054 superna
1542 4000 1702 4038 manu
1733 4000 1855 4039 eum

250 4075 487 4128 visibilia
537 4073 650 4128 haec
677 4075 876 4139 omnia,
909 4083 1020 4128 tum
1053 4074 1343 4130 humanunt
1397 4075 1498 4130 hoc
1527 4076 1740 4146 genus?
1789 4077 1858 4130 Et

253 4173 298 4222 si
345 4169 466 4237 quis
520 4168 754 4222 voluerit
803 4167 1100 4237 prudenter
1152 4177 1207 4222 et
1255 4169 1535 4238 speciatim
1592 4170 1856 4239 inSpicere

252 4258 432 4312 omnia
474 4275 595 4329 qua:
623 4259 866 4328 quotidie
909 4259 963 4313 in
995 4268 1239 4314 nostrum
1270 4259 1587 4315 beneﬁcium
1628 4261 1695 4315 ab
1735 4276 1855 4315 om-

251 4352 404 4406 nium
430 4349 632 4420 Opiﬁce
663 4350 1036 4420 perﬁciuntur,
1060 4351 1313 4424 abyssum
1352 4353 1586 4408 inveniet
1616 4354 1856 4423 benigni-

252 4443 402 4498 tatis.
450 4442 582 4508 Quis
625 4443 769 4496 enim
815 4457 1016 4508 sermo,
1061 4459 1180 4512 qua:
1230 4459 1385 4499 mens
1414 4444 1480 4497 ad
1530 4443 1855 4499 ineffabilem

249 4535 394 4590 lianc
444 4533 736 4588 bonitatem
787 4534 1094 4604 pertingere
1143 4534 1356 4604 poterit,
1406 4551 1566 4604 quam
1620 4536 1856 4589 humano

249 4626 436 4700 generi
479 4635 737 4695 perpetuo
777 4625 1033 4691 ostendit,
1075 4627 1202 4681 oriri
1249 4625 1453 4682 faciens
1499 4627 1666 4682 solem
1699 4643 1855 4682 suum

253 4733 417 4788 super
443 4717 616 4772 malos
646 4726 700 4772 et
742 4716 937 4784 bonos,
978 4726 1033 4772 et
1075 4717 1264 4787 pineus
1306 4734 1467 4790 super
1491 4718 1666 4788 justos
1692 4728 1748 4775 et
1777 4721 1859 4773 in-

246 4811 426 4879 justos
465 4807 678 4879 (Manli.
711 4808 763 4862 5.
791 4808 906 4877 45),
931 4823 1255 4879 omnemque
1283 4809 1442 4864 aliam
1479 4809 1689 4879 cotiiam
1728 4823 1855 4879 sup-

253 4899 542 4972 peditans?
592 4899 754 4953 Forte
784 4899 997 4969 longius
1025 4917 1184 4970 quam
1211 4902 1515 4971 Oportebat,
1547 4918 1854 4958 sermonem

254 4994 610 5068 produximus
642 5009 655 5047 :
700 5007 891 5048 verum
922 4992 1025 5049 hoc
1053 5009 1161 5048 non
1188 4995 1393 5065 absque
1420 4996 1649 5062 ratione,
1681 5012 1854 5066 neque

251 5099 460 5142 temere
487 5083 680 5140 factum
708 5094 826 5150 est;
869 5086 966 5140 sed
997 5095 1055 5140 ut
1079 5086 1329 5142 absentes
1349 5103 1414 5143 ex
1443 5087 1598 5143 vobis
1622 5088 1850 5154 discant,

249 5188 511 5250 quantum
554 5178 901 5247 sibimetipsis
925 5179 1105 5234 damni
1149 5180 1392 5248 fecerint,
1421 5181 1490 5236 ob
1516 5184 1853 5253 corporalem

249 5272 429 5326 cibum
470 5271 791 5340 semetipsos
821 5287 850 5325 a
889 5273 1151 5341 spirituali
1195 5275 1437 5330 doctrina
1469 5276 1851 5332 subducentes.

248 5363 518 5417 (L'eterum
549 5378 615 5416 ne
642 5362 863 5416 nimium
894 5362 1130 5430 doleant,
1170 5363 1406 5419 fraterna
1455 5367 1577 5421 illos
1617 5367 1853 5422 benevo~

249 5453 414 5510 lentia
462 5454 882 5524 prosequamini,
919 5468 1262 5512 recensentes
1310 5458 1439 5527 ipsis
1479 5475 1598 5529 quae
1639 5474 1670 5516 a
1699 5460 1853 5514 nobis

251 5549 392 5601 dicta
421 5557 586 5602 sunt:
632 5547 732 5602 hoc
753 5549 894 5602 enim
933 5549 1156 5605 sincerae
1177 5551 1415 5606 caritatis
1456 5563 1849 5625 argumentum.

316 5643 330 5667 '
367 5637 582 5694 casum.
607 5638 806 5701 pelagus
828 5647 1065 5701 apertimt.

314 5702 334 5729 ⁸
367 5708 459 5770 se;
485 5709 613 5770 Μδξη,
643 5701 722 5751 die
747 5711 902 5770 sexta.
931 5711 1140 5768 Utraque
1163 5705 1331 5770 lectio,
1357 5707 1599 5770 quadrare
1645 5716 1810 5770 potest
1836 5722 1847 5758 :

252 5773 346 5809 non
375 5763 503 5834 enim
525 5765 615 5834 alis
650 5777 709 5834 re
732 5765 918 5834 dicatur
955 5763 1105 5816 beuin
1128 5776 1274 5818 sexto
1305 5763 1390 5819 die'
1420 5763 1674 5834 postquam
1706 5770 1853 5820 tinem

249 5825 445 5873 creandi
465 5823 679 5888 fecisset,
706 5828 972 5888 quievisse.

1955 508 2087 562 Nam
2116 509 2160 562 si
2189 509 2326 561 inter
2356 521 2546 578 magna
2575 506 2813 563 caritatis
2854 506 3048 562 indicia
3095 505 3311 572 habent,
3340 511 3434 578 qui
3475 505 3552 561 ita

1955 597 2022 652 de
2049 598 2392 651 sensibilibus
2414 582 2607 651 eduliis
2635 599 2737 651 hoc
2763 598 2885 652 suis
2921 597 3274 651 familiaribus
3317 596 3515 652 faciunt
3539 611 3553 648 :

1955 689 2122 743 multo
2166 691 2338 760 magis
2388 690 2439 743 in
2485 690 2854 760 spiritualibus
2899 689 3004 743 hoc
3049 688 3258 759 agendo
3305 702 3553 758 magnam

1956 781 2110 834 nobis
2141 780 2350 836 laudem
2378 796 2665 852 paramus;
2710 780 2850 836 redit
2877 782 3022 835 enim
3050 781 3118 834 ad
3147 794 3249 833 nos
3277 780 3422 848 ipsos
3448 778 3557 832 uti-

1956 872 2097 928 litas.
2130 872 2263 927 Nam
2290 873 2376 927 cui
2407 873 2641 927 studium
2673 883 2758 927 est
2785 872 2981 927 docere
3014 872 3339 941 proximum,
3371 870 3418 924 is
3449 883 3557 922 non

1956 968 2063 1020 tam
2111 967 2187 1020 illi
2228 966 2517 1032 benefacit,
2549 982 2709 1036 quant
2736 967 2943 1034 sibiipsi
2976 979 3222 1034 magnam
3251 962 3559 1019 mercedem

1953 1069 2128 1129 parat,
2173 1059 2482 1130 duplicique
2527 1068 2752 1129 augetur
2796 1056 3118 1120 1ucro',dum
3159 1056 3329 1123 majus
3372 1070 3402 1107 a
3449 1053 3560 1106 De'o

1957 1153 2237 1224 praemium
2277 1151 2604 1222 assequitur,
2633 1159 2688 1205 et
2713 1150 2842 1204 dum
2888 1147 3108 1203 fratrem
3139 1147 3334 1202 docere
3365 1160 3559 1216 aggre-

1955 1247 2117 1310 ditur,
2137 1245 2381 1301 docendo
2415 1245 2630 1300 interim
2656 1243 2866 1312 sibiipsi
2895 1241 3210 1297 memoriam
3231 1254 3416 1298 eorum
3439 1251 3565 1308 quas

1955 1338 2158 1392 audivit
2197 1346 2444 1392 renovat.

2027 1430 2082 1485 8.
2126 1429 2343 1484 Moralis
2374 1427 2682 1496 exhortatio.
2716 1458 2786 1468 —
2815 1427 2979 1498 Igitur
3023 1425 3320 1495 cogitantes
3352 1431 3559 1476 tantutn

1955 1521 2160 1575 lucrum
2182 1529 2446 1584 vestrum,
2479 1534 2550 1574 ne
2594 1517 2880 1573 invideatis
2917 1516 3174 1572 fratribus
3218 1514 3430 1576 vestris,
3465 1510 3561 1566 sed

1955 1629 1983 1666 a
2013 1613 2164 1667 vobis
2186 1613 2396 1667 discant
2420 1628 2540 1682 qua:
2571 1627 2714 1665 nunc
2740 1625 2769 1664 a
2797 1610 2953 1665 nobis
2980 1609 3252 1663 dicuntur.
3277 1607 3354 1660 Ne
3378 1614 3560 1659 autent

1957 1707 2180 1773 posthac
2211 1712 2392 1758 vestro
2423 1702 2688 1758 beneﬁcio
2727 1700 2944 1756 obnoxii
2976 1699 3090 1753 hcce
3115 1693 3354 1760 discant,
3382 1695 3565 1750 ducite

1958 1796 2076 1849 illos
2107 1795 2174 1848 ad
2220 1809 2338 1860 nos,
2374 1793 2760 1866 persuadentes
2807 1791 2958 1862 ipsis,
2991 1789 3122 1844 nihil
3167 1789 3359 1842 obesse
3404 1785 3564 1856 spiri-

1957 1886 2090 1940 tuali
2119 1901 2341 1950 mensa},
2371 1885 2417 1947 si
2464 1884 2735 1954 prmcedat
2787 1883 3086 1952 corporalis
3135 1879 3238 1935 cibi
3287 1871 3575 1947 sutnptloz‘

1960 1978 2056 2032 sed
2098 1993 2257 2031 omne
2298 1986 2510 2044 tempus
2563 1972 2830 2045 spirituali
2873 1974 3108 2028 sermoni
3152 1971 3403 2025 idoneum
3441 1981 3563 2022 esse

1961 2070 2340 2139 reputandnm.
2371 2068 2500 2123 Hzec
2551 2069 2596 2123 si
2648 2077 2795 2122 recte
2839 2076 3138 2129 teneamus,
3168 2061 3468 2135 poterimus
3506 2067 3564 2114 et

1961 2162 2107 2217 domi
2151 2170 2452 2225 versantes,
2486 2169 2610 2214 ante
2635 2169 2689 2214 et
2728 2169 2851 2229 post
2894 2158 3202 2212 convivium
3230 2153 3467 2223 acceptis
3511 2152 3564 2206 itt

1959 2255 2208 2310 manibus
2238 2253 2434 2307 divinis
2463 2252 2660 2318 Libris,
2690 2249 2972 2304 utilitatem
3007 2248 3130 2302 inde
3154 2261 3348 2316 capere
3375 2254 3430 2300 et
3454 2244 3563 2312 spi-

1960 2345 2206 2399 ritualem
2255 2344 2432 2397 cibum
2460 2342 2656 2394 anima:
2695 2341 2962 2410 prteberc.
3014 2337 3146 2392 Nam
3192 2337 3332 2391 sicut
3368 2347 3566 2403 corpus

1961 2437 2164 2506 indiget
2199 2435 2441 2491 sensibili
2471 2435 2611 2500 cibo,
2644 2435 2714 2487 ita
2741 2441 2796 2487 et
2831 2433 3012 2486 anima
3039 2429 3350 2500 quotidiana
3375 2427 3565 2482 admoo

1965 2528 2169 2582 nitione
2211 2538 2267 2582 ct
2307 2526 2662 2594 spiritualium
2711 2524 2960 2579 ciborum
3009 2519 3402 2577 refocillatioue
3447 2536 3460 2571 :
3509 2527 3568 2572 ut

1963 2621 2212 2675 roborata
2264 2617 2517 2672 resistere
2569 2618 2737 2686 possit
2785 2616 2965 2671 carnis
2995 2612 3298 2678 rebellioni,
3331 2620 3385 2665 et
3433 2624 3568 2664 con-

1963 2714 2111 2766 tinuo
2141 2711 2281 2766 bello
2319 2726 2424 2780 quo
2452 2724 2725 2778 urgemur,
2751 2707 3010 2779 quodque
3053 2707 3286 2759 animant
3327 2711 3566 2757 nostram

1963 2803 2014 2857 in
2047 2804 2363 2857 servitutem
2395 2800 2607 2870 redigit,
2640 2801 2681 2852 si
2723 2800 2806 2852 vel
2837 2813 3026 2868 partim
3068 2794 3281 2850 desides
3312 2807 3432 2848 esse
3473 2806 3562 2846 vo-

1964 2895 2241 2950 luerimus.
2303 2893 2535 2948 Proinde
2589 2892 2848 2961 propheta
2909 2888 3076 2944 David
3132 2889 3346 2942 beatum
3414 2885 3564 2939 illum

1963 2987 2116 3051 dixit,
2162 2988 2252 3056 qui
2294 2987 2344 3039 in
2393 2985 2511 3055 lege
2563 2984 2774 3039 Domini
2826 2981 3115 3037 meditatur
3157 2979 3246 3034 die
3296 2993 3361 3033 ac
3410 2987 3569 3032 nocte

1969 3078 2226 3147 (Psal.1.
2270 3077 2366 3146 2);
2411 3086 2467 3131 et
2514 3076 2702 3131 beatus
2751 3074 2926 3128 Moses
2974 3072 3256 3128 Judaicum
3310 3071 3566 3142 populum

1962 3168 2163 3223 docens
2190 3167 2262 3222 ait
2290 3187 2302 3220 :
2349 3166 2474 3221 Cum
2513 3166 2789 3221 comedetis
2819 3175 2866 3220 et
2905 3164 3108 3230 biberis,
3133 3174 3178 3217 et
3207 3164 3423 3216 satiatus
3453 3162 3567 3231 fue-

1963 3264 2055 3328 ris,
2083 3277 2273 3315 memor
2315 3271 2417 3315 esto
2447 3259 2655 3314 Domini
2683 3259 2782 3312 Dei
2809 3258 2883 3312 tui
2931 3256 3108 3330 (Deut.
3142 3256 3196 3311 8.
3239 3254 3352 3328 10).
3378 3253 3564 3318 Vides,

1965 3354 2235 3424 quomodo
2275 3361 2329 3408 et
2356 3362 2483 3407 tunc
2513 3352 2848 3422 potissimum
2888 3366 2983 3420 par
3013 3351 3101 3414 sit,
3131 3359 3255 3420 post
3291 3354 3565 3416 sumptunt

1963 3461 2155 3516 nempe
2182 3445 2516 3514 corporalem
2545 3444 2748 3508 cibum,
2772 3443 3050 3512 spirituale
3079 3440 3383 3496 convivium
3411 3439 3568 3493 nobis

1964 3537 2181 3606 apponi,
2197 3545 2254 3590 ttt
2269 3551 2336 3591 ne
2360 3544 2480 3605 post
2502 3536 2803 3590 satietatem
2819 3535 2924 3589 cibi
2939 3533 3238 3603 corporalis
3252 3535 3430 3586 anima
3449 3538 3563 3604 tor-

1964 3645 2099 3699 pens
2127 3639 2180 3684 et
2207 3628 2367 3684 deses
2416 3627 2468 3682 in
2500 3628 2789 3697 perniciem
2839 3627 3070 3697 aliquam
3125 3634 3266 3691 ruat,
3295 3634 3350 3679 et
3387 3623 3567 3678 locum

1964 3721 2056 3774 det
2083 3719 2282 3773 diaboli
2325 3718 2832 3784 machinationibus,
2857 3719 2946 3787 qui
2974 3732 3164 3771 omnes
3195 3714 3452 3785 temporis
3477 3729 3568 3766 ar-

1967 3813 2159 3866 ticulos
2189 3812 2459 3873 observat,
2504 3819 2561 3864 ut
2587 3810 2748 3865 letale
2801 3810 2958 3864 nobis
3000 3808 3194 3862 vulnus
3225 3805 3453 3861 inferat?
3501 3803 3570 3858 Et

1966 3904 2160 3958 iterum
2185 3902 2290 3956 alio
2319 3902 2438 3956 loco
2463 3901 2676 3956 dicebat
2709 3901 2849 3978 idem
2883 3900 2971 3954 ille
3002 3899 3264 3969 propheta
3296 3915 3310 3951 :
3343 3895 3408 3949 In
3438 3900 3567 3948 lecto

1965 3995 2204 4050 cubantes
2236 4005 2281 4048 et
2326 4003 2653 4063 exsurgentes
2701 4001 3002 4045 mementote
3032 3989 3244 4043 Domini
3293 3986 3388 4040 Dei
3418 3985 3570 4039 vestri

1966 4085 2146 4156 (Deut.
2182 4085 2236 4140 6.
2270 4084 2349 4155 7).
2381 4083 2573 4138 Vidisti
2603 4097 2892 4152 numquam
2923 4096 3022 4134 nos
3053 4080 3248 4135 decere
3287 4078 3426 4132 hanc
3458 4091 3570 4130 me-

1966 4181 2190 4233 moriam
2229 4193 2293 4232 ex
2326 4165 2502 4231 anima
2543 4184 2724 4230 nostra
2768 4173 3076 4237 excludere,
3111 4170 3205 4226 scd
3251 4169 3568 4236 insculptam

1969 4272 2022 4326 in
2071 4272 2398 4326 conscientia
2441 4269 2661 4334 habere,
2687 4273 2748 4322 ac
2795 4268 2847 4321 in
2897 4275 3152 4336 perpetua
3203 4263 3568 4318 sollicitudine

1966 4363 2169 4428 vivere,
2197 4362 2478 4430 nullasque
2526 4372 2777 4428 umquam
2828 4357 3113 4410 admittere
3165 4353 3428 4417 inducias,
3461 4359 3570 4408 lino

1967 4467 2022 4510 ut
2047 4455 2184 4509 bene
2205 4454 2458 4517 scientes,
2478 4461 2712 4521 quantus
2739 4451 2810 4504 sit
2839 4449 2986 4502 furor
3012 4446 3212 4502 inimici
3241 4446 3410 4501 nostri
3441 4462 3568 4516 erga

1966 4563 2084 4612 nos,
2114 4547 2326 4601 sobrios
2369 4559 2489 4598 esse
2533 4553 2587 4598 et
2635 4542 2876 4613 vigilare,
2927 4549 2981 4595 et
3027 4555 3219 4594 omnes
3262 4538 3440 4593 aditus
3494 4538 3570 4591 illi

1966 4639 2316 4712 przeclndere,
2347 4648 2403 4692 et
2444 4651 2733 4705 numquam
2778 4632 3107 4704 Spirituaiem
3158 4629 3428 4701 negligere
3475 4631 3572 4683 ali-

1964 4731 2238 4787 moniam?
2291 4729 2418 4784 113.20
2460 4734 2642 4782 nostra
2671 4727 2814 4781 salus
2848 4734 2963 4790 est,
3000 4723 3084 4779 hae
3125 4721 3434 4792 spirituales
3484 4721 3570 4775 di-

1965 4824 2128 4889 vitiae,
2163 4821 2280 4876 hcce
2326 4819 2609 4874 securitas.
2652 4815 2708 4872 Si
2753 4817 2832 4871 sic
2861 4831 2962 4870 nos
3002 4816 3146 4885 ipsos
3176 4811 3413 4882 quotidie
3442 4823 3566 4866 ntu-

1965 4916 2196 4979 niamus,
2229 4922 2283 4967 et
2329 4927 2424 4981 per
2469 4909 2782 4975 lectionem,
2815 4917 2871 4963 et
2914 4921 3013 4976 per
3057 4904 3317 4970 auditum,
3363 4914 3420 4958 et
3473 4917 3566 4972 per

1964 5005 2294 5076 Spiritualem
2321 5016 2646 5066 sermonem,
2669 5001 2748 5055 sic
2770 4998 3063 5070 poterimus
3092 4995 3192 5065 ipsi
3217 4995 3395 5049 invicti
3418 5008 3566 5058 esse,

1965 5109 2019 5154 et
2037 5097 2249 5168 maligni
2267 5086 2528 5151 diemonis
2562 5091 3028 5157 technaseludere,
3043 5089 3388 5158 molestiaque
3405 5100 3565 5155 regna

1964 5190 2200 5259 assequi,
2220 5189 2388 5258 gratia
2408 5197 2464 5242 et
2482 5185 2810 5255 benignitate
2829 5183 3040 5237 Domini
3073 5180 3242 5235 nostri
3270 5179 3397 5234 Jesu
3418 5175 3564 5230 Chri-

1963 5283 2054 5346 sti,
2083 5297 2206 5336 cnm
2237 5294 2344 5350 quo
2371 5279 2513 5332 Patri
2550 5277 2707 5331 simul
2739 5284 2793 5330 et
2814 5273 3034 5344 Spiritui
3062 5281 3249 5328 sancto
3276 5271 3346 5325 sit
3372 5269 3559 5342 gloria,

1965 5374 2267 5443 imperium,
2304 5371 2496 5437 honor,
2527 5383 2668 5424 nunc
2705 5379 2759 5423 et
2797 5382 3031 5437 semper,
3061 5365 3194 5421 etin
3222 5362 3416 5418 saecula
3466 5374 3566 5414 sa:-

1962 5464 2229 5520 culorutn.
2264 5463 2456 5516 Amen.

2557 5589 2840 5647 HOMILIA
2879 5589 2971 5644 X1.

1969 5730 2117 5798 Quod
2140 5738 2369 5798 Oporteat
2395 5729 2622 5783 virtutem
2649 5725 2819 5795 magni
2847 5725 3014 5794 facere
3034 5731 3331 5790 sanctosque
3353 5721 3563 5781 imitan,

2036 5822 2120 5894 qui
2147 5837 2261 5874 cum
2291 5821 2515 5891 ejusdem
2540 5819 2685 5891 cujus
2714 5833 2803 5870 nos
2827 5824 3023 5869 natura:
3047 5824 3229 5880 essent,
3267 5829 3378 5867 eam
3409 5816 3566 5864 ureti-
