4038 6378
511 397 577 455 9|
1223 405 1281 462 3.
1320 401 1599 461 JOANNIS
1634 401 2110 461 CIIRYSOSTOHI
2140 403 2462 467 ARCHIEP.
2487 409 3016 471 CONSTANTINOP.
3731 415 3804 476 93

590 505 705 600 ναῖε.
720 517 897 571 sectati
924 525 1058 571 sant.
1087 516 1151 570 Et
1180 516 1312 584 quod
1339 515 1383 570 si
1405 531 1577 587 segnes
1606 516 1871 586 fuerimus,
1902 516 2096 570 nullam

590 608 973 662 rmaationem‘
991 608 1207 662 habituri
1225 607 1401 660 simus.

595 717 650 771 t.
679 714 803 771 Scio
846 731 932 771 me
969 715 1331 786 superioribus
1369 713 1556 770 diebus
1594 726 1828 772 mentem
1870 726 2101 773 vestram

519 805 951 866 prolnndioribus
1005 805 1282 860 sententiis
1327 806 1631 862 exercuisse
1659 824 1673 860 :
1699 821 1816 861 eam
1870 807 1940 862 ob
1985 823 2100 863 rem

525 893 680 949 hodie
709 895 918 950 animus
957 903 1041 950 est
1081 893 1374 950 faciliorem
1403 892 1422 924 ⁸
1456 909 1755 965 proponere
1782 894 2100 952 doctrinam.

522 982 653 1037 Nam
684 986 820 1038 sicut
845 998 1040 1054 corpus
1060 985 1266 1055 jejunio
1289 997 1616 1043 maceratum
1636 1027 1650 1051 ,
1685 985 1936 1042 nonnulla
1961 987 2103 1041 indi-

500 1082 608 1142 get
655 1071 1037 1130 refocillatione
1059 1116 1076 1141 ,
1122 1083 1183 1130 ut
1221 1091 1433 1132 rursum
1478 1076 1677 1148 ingenti
1721 1075 1994 1132 alacritate
2035 1077 2104 1132 ad

522 1162 770 1218 ferendos
806 1162 992 1234 jejnnii
1037 1163 1246 1220 labores
1287 1165 1516 1222 redeat:
1545 1166 1616 1220 ita
1643 1175 1698 1221 et
1724 1165 1898 1220 anima
1927 1176 2104 1221 vestra

520 1253 838 1312 remissione
857 1255 1058 1327 indiget
1074 1264 1134 1312 et
1160 1257 1358 1327 quiete.
1408 1256 1588 1328 Neque
1612 1255 1752 1313 enim
1776 1269 1994 1326 semper
2017 1255 2104 1312 in-

522 1344 742 1402 tendere
759 1386 776 1413 ,
817 1361 990 1417 neque
1015 1363 1230 1420 semper
1256 1351 1527 1406 remittere
1551 1356 1793 1420 Oportet;
1839 1349 1934 1404 sed
1963 1365 2105 1406 nunc

523 1435 627 1492 hoc
649 1476 665 1501 ,
699 1453 839 1494 nunc
866 1439 997 1496 illutl
1039 1440 1340 1496 faciendum
1365 1457 1380 1507 ;
1425 1444 1591 1498 etsic
1616 1440 1886 1512 regendus
1910 1442 2107 1497 anima:

522 1535 713 1594 status,
740 1538 796 1585 et
818 1530 1082 1587 domanda
1107 1533 1283 1590 carnis
1313 1531 1620 1604 petulantia.
1646 1533 1779 1588 Nam
1805 1534 1943 1589 sicut
1965 1548 2107 1590 semo'

527 1635 626 1689 per
652 1620 912 1676 intentum
937 1637 1056 1678 esse
1083 1623 1352 1679 laboribus
1370 1665 1386 1689 ,
1416 1625 1472 1680 id
1513 1625 1726 1680 tzcdium
1753 1623 1908 1680 affert
1933 1634 1988 1681 et
2009 1625 2106 1682 de-

525 1709 680 1780 jicit:
710 1711 780 1765 ita
825 1719 1082 1781 perpetuo
1123 1713 1429 1777 remittere,
1477 1714 1543 1769 ad
1573 1715 1837 1786 ignaviam
1881 1715 2103 1772 inducit.

526 1800 582 1854 ld
612 1807 667 1854 et
692 1800 749 1855 in
773 1801 949 1872 anima
978 1810 1034 1857 et
1063 1803 1116 1856 in
1145 1817 1372 1873 corpore
1401 1819 1498 1860 usu
1543 1805 1727 1861 venire
1769 1805 1951 1862 videre
1991 1808 2110 1878 quis

521 1905 720 1966 potest.
747 1897 1034 1967 Propterea
1060 1899 1248 1954 modus
1269 1900 1463 1970 ubique
1489 1899 1660 1956 bonus
1685 1908 1786 1956 est.
1817 1901 1970 1969 Quod
2013 1916 2111 1957 nos

526 1986 894 2042 universorum
925 1988 1066 2044 Deus
1093 1989 1248 2044 docet
1285 1991 1444 2045 etiam
1487 2006 1585 2061 per
1627 2001 1932 2055 creaturas.
1980 2008 2110 2063 quas

524 2075 594 2131 ad
622 2079 788 2132 nostri
814 2079 1248 2134 constitutionem
1289 2079 1560 2150 produxit.
1607 2084 1783 2152 Atque
1809 2091 1870 2138 ut
1895 2082 1999 2140 hoc
2028 2086 2110 2138 in-

527 2166 796 2237 telligetis,
821 2167 890 2222 de
910 2167 997 2222 die
1019 2183 1082 2223 ac
1109 2179 1286 2235 nocte,
1308 2170 1408 2225 hoc
1432 2170 1595 2226 estde
1617 2172 1736 2226 luce
1763 2187 1828 2227 ac
1849 2172 2108 2240 tenebris,

525 2273 828 2314 sermonem
875 2261 1232 2316 instituamus.
1286 2259 1725 2332 Quandoquidem
1779 2264 1921 2318 enim
1966 2263 2109 2320 diem

525 2349 830 2418 segregavit
872 2350 924 2404 in
970 2364 1106 2421 opus
1152 2351 1399 2407 humanae
1448 2361 1690 2418 naturai,
1737 2361 1794 2409 et
1819 2364 2030 2410 noctem
2058 2355 2108 2410 in

526 2442 766 2512 requiem
802 2450 857 2498 et
897 2444 1268 2501 remissionem
1305 2445 1580 2528 laborum,
1619 2462 1898 2505 mensuras
1923 2457 1977 2504 et
2006 2458 2113 2503 ter-

531 2533 703 2588 minos
729 2534 966 2605 utrisque
991 2536 1218 2606 praefixit
1235 2578 1254 2604 ,
1289 2537 1427 2592 unde
1457 2539 1608 2594 nobis
1633 2540 1882 2595 omnibus
1911 2541 2112 2597 benefi-

531 2623 612 2677 cia
655 2623 897 2693 quaedam
944 2627 1307 2695 provenirent.
1358 2627 1488 2683 Nam
1534 2630 1675 2700 quod
1724 2631 1850 2698 lux,
1902 2633 2110 2688 diurna:

527 2714 854 2784 operationis
877 2718 948 2772 sit
974 2725 1218 2790 tempus,
1268 2720 1392 2776 audi
1423 2721 1587 2777 David
1613 2722 1878 2778 dicentem
1909 2741 1922 2777 :
1951 2723 2114 2794 Egreb

529 2805 696 2859 dietur
723 2807 872 2860 homo
905 2807 974 2861 ad
1002 2824 1129 2881 opus
1155 2825 1305 2864 suum
1328 2852 1344 2874 ,
1397 2821 1446 2865 et
1484 2811 1552 2864 ad
1591 2813 1932 2883 operationem
1967 2830 2113 2867 suam

531 2911 687 2966 usque
724 2898 792 2951 ad
829 2913 1084 2969 vesperam
1113 2899 1284 2970 (Psal.
1317 2900 1438 2956 103.
1469 2901 1586 2972 25).
1646 2901 1716 2956 Et
1742 2903 1879 2959 bene
1915 2903 2108 2974 inquit.

536 2985 706 3058 Usque
740 2988 807 3042 ad
832 3004 1088 3058 vesperam
1120 3005 1134 3045 :
1164 3007 1284 3045 nam
1326 2993 1606 3062 ingruente
1640 2987 1965 3059 vesperelux
1981 2988 2108 3044 abs-

530 3076 712 3136 cedit.
788 3088 842 3133 et
884 3080 1232 3136 succedentes
1264 3083 1497 3138 tenebras
1541 3083 1826 3138 humanam
1870 3095 2112 3140 naturam

533 3167 780 3237 sopiunt,
807 3178 862 3224 et
886 3184 1081 3240 corpus
1105 3172 1246 3242 quod
1271 3173 1638 3241 laboraverat,
1668 3175 1830 3245 quieti
1876 3175 2111 3244 tradunt,

531 3271 722 3313 sensus
766 3274 956 3316 omnes
1001 3263 1311 3329 remittunt,
1361 3273 1416 3319 et
1463 3267 1615 3335 quasi
1666 3268 1843 3322 nutrix
1891 3269 2111 3338 optima,

532 3362 782 3404 sensuum
808 3353 1021 3423 organis
1041 3355 1288 3412 omnibus
1311 3358 1542 3426 quietem
1570 3373 1600 3412 a
1630 3358 1896 3415 laboribus
1929 3361 2116 3431 fatiga-

526 3439 871 3513 tionibusque
917 3446 1238 3501 concedunt.
1287 3446 1420 3503 Cum
1470 3463 1597 3503 vero
1640 3464 1887 3505 mensura
1941 3454 2114 3508 noctis

534 3531 754 3601 impleta
781 3533 974 3600 fuerit,
1003 3537 1435 3607 appropinquans
1472 3538 1604 3594 lucis
1630 3540 1895 3596 adventus
1917 3542 2116 3597 excitat

533 3631 590 3674 et
621 3622 670 3676 id
693 3625 799 3693 agit
825 3633 883 3679 ut
911 3625 1148 3695 vigentes
1175 3627 1466 3699 refectique
1485 3645 1676 3686 sensus
1704 3631 1911 3687 solares
1936 3631 2115 3688 radios

535 3711 762 3776 adeant.
792 3723 847 3768 et
874 3725 932 3769 ut
959 3717 1120 3771 homo
1145 3733 1281 3774 nova
1310 3720 1536 3790 quadam
1580 3731 1634 3776 et
1672 3723 1897 3778 ferventi
1927 3725 2117 3780 alacri-

534 3810 645 3858 tate
671 3805 940 3860 consuetis
968 3807 1217 3875 operibus
1241 3823 1455 3864 manum
1477 3811 1777 3869 admoveat.
1807 3813 1935 3869 lllud
1956 3816 2114 3870 etiam

534 3894 592 3948 in
629 3898 750 3949 anni
782 3899 1222 3954 conversionibus
1251 3899 1365 3955 fieri
1392 3903 1676 3976 cernimus.
1710 3903 1949 3967 Hiemem
1973 3908 2116 3960 enim

533 3986 733 4056 excipit
761 4003 856 4043 ver
879 4029 894 4052 ,
934 3998 989 4044 et
1013 4002 1214 4046 exactae
1242 3995 1413 4048 mstati
1443 3981 1679 4051 succedit
1704 4009 1990 4054 autumnus
2021 4018 2033 4055 :
2061 4009 2119 4055 ut

534 4092 632 4147 per
667 4079 1085 4136 vicissitudinem
1132 4092 1429 4154 temporum
1458 4097 1511 4142 et
1553 4092 1737 4144 mutati
1784 4093 1922 4145 aeris
1964 4093 2117 4161 quie—

537 4176 690 4222 scant
713 4184 936 4239 corpora
979 4182 1193 4238 nostra,
1241 4191 1412 4246 neque
1438 4177 1633 4248 frigore
1664 4181 1883 4235 nimium
1922 4197 2118 4253 conge-

536 4259 642 4314 lata
668 4273 1093 4332 corrumpantur,
1125 4282 1299 4337 neque
1320 4269 1512 4324 caloris
1535 4271 1868 4328 vehementia
1892 4277 2114 4332 nimium

535 4349 789 4406 calefacta
818 4352 1176 4411 dissolvantur
1208 4378 1222 4412 .-
1250 4366 1303 4412 et
1333 4369 1390 4414 ut
1429 4361 1496 4415 ad
1542 4362 1643 4416 hoc
1684 4378 1781 4418 nos
1825 4377 2111 4436 praeparet,

539 4438 702 4496 hiemi
728 4444 1000 4512 praemittit
1028 4455 1337 4504 autumnum
1360 4489 1376 4516 ,
1422 4460 1477 4505 et
1512 4455 1683 4507 testati
1715 4470 1826 4509 ver.
1880 4457 2032 4524 Quod
2069 4459 2115 4513 si

541 4533 660 4602 quis
700 4535 989 4602 prudenter
1032 4537 1146 4595 hanc
1178 4543 1354 4597 omnia
1384 4558 1564 4600 secum
1591 4549 1933 4617 expenderit,
1968 4551 2117 4607 inve-

536 4623 648 4678 niet
676 4624 728 4680 iu
750 4628 997 4683 omnibus
1017 4633 1274 4687 creaturis
1298 4634 1536 4691 ordinem
1567 4647 1620 4690 et
1646 4641 1902 4696 rationem
1929 4659 2114 4713 quam-

536 4713 691 4780 dam,
735 4726 790 4772 et
817 4719 943 4774 nihil
981 4731 1182 4778 temere
1203 4732 1257 4778 et
1279 4723 1480 4796 absque
1507 4729 1712 4783 ratione
1738 4731 1952 4787 factum.
2003 4733 2115 4789 lloc

537 4813 594 4860 et
617 4805 670 4859 in
691 4810 1000 4874 seminibus,
1029 4829 1148 4883 qum
1172 4829 1235 4868 ex
1260 4822 1398 4870 terra
1430 4829 1746 4886 nascuntur,
1787 4824 1903 4889 quis
1931 4825 2115 4880 videre

540 4904 734 4966 potest.
790 4899 969 4968 Neque
1018 4905 1158 4956 enim
1208 4907 1384 4961 omnia
1437 4908 1624 4962 eodem
1671 4919 1908 4980 tempore
1958 4915 2115 4970 tellus

538 4986 760 5055 profert,
793 5005 963 5061 neque
995 5007 1152 5048 omne
1182 5002 1388 5066 tempus
1416 4999 1482 5053 ad
1503 5002 1789 5056 excolenda
1821 5013 1975 5059 terrm
1995 5021 2116 5075 ger-

539 5077 681 5132 tnina
735 5080 982 5136 idoneum
1031 5094 1140 5148 est;
1200 5086 1292 5141 sed
1349 5089 1495 5144 novit
1544 5093 1773 5162 agricola
1821 5111 2114 5166 congruum

544 5176 754 5238 tempus
779 5213 793 5236 ,
825 5174 963 5242 quod
997 5191 1088 5244 per
1116 5178 1427 5248 sapientiam
1455 5181 1552 5236 sibi
1580 5198 1608 5236 a
1642 5184 1749 5238 Deo
1777 5187 1951 5242 datam
1981 5189 2116 5244 didi-

534 5260 641 5322 cit.
690 5263 901 5331 quando
956 5282 1146 5336 nempe
1193 5271 1510 5337 serendum,
1563 5278 1772 5344 quando
1819 5281 2115 5348 plantandm

538 5351 792 5416 arbores,
841 5359 1053 5425 quando
1089 5360 1223 5416 vites
1263 5372 1418 5418 terra:
1464 5365 1666 5422 sinibus
1706 5371 2111 5438 concredendae,

539 5445 750 5509 quando
781 5448 844 5500 ad
890 5466 1119 5505 messem
1151 5458 1401 5511 acuenda:
1442 5459 1600 5515 falces
1625 5503 1639 5526 ,
1685 5465 1896 5532 quando
1926 5465 2115 5522 decer-

542 5533 696 5599 pentli
730 5534 999 5593 vinearum
1033 5541 1232 5596 fructus
1260 5585 1274 5609 ,
1305 5555 1357 5599 et
1401 5546 1536 5602 hotri
1584 5551 1830 5606 demendi
1854 5596 1867 5616 ,
1902 5556 2112 5622 quando

540 5631 592 5675 ct
623 5623 878 5679 olivarum
922 5631 1089 5686 bacca:
1135 5636 1461 5706 colligcndm.
1506 5641 1570 5694 Et
1599 5645 1872 5712 invenies,
1913 5649 1954 5701 si
2002 5649 2113 5703 hare

543 5713 721 5766 omnia
753 5715 1028 5786 diligenter
1054 5725 1282 5781 volucris
1313 5730 1579 5801 inquirere
1600 5777 1612 5800 ,
1645 5750 1828 5806 magna
1856 5741 2110 5808 sapientia

606 5806 622 5835 ³
658 5806 858 5864 quidem
884 5817 1005 5873 ηδε..
1031 5814 1299 5869 clariorem.

2213 526 2373 578 etiam
2413 523 2683 598 agriculas'
2717 540 2839 582 esse
2878 527 3149 598 prteditos.
3198 528 3316 585 1am
3364 545 3471 586 non
3522 533 3699 588 solum
3743 551 3795 590 ιιι

2210 621 2353 668 terra
2394 615 2496 670 hoc
2517 614 2701 672 videre
2731 616 2891 684 licet,
2921 617 3014 674 sed
3042 620 3203 675 etiam
3247 625 3299 675 ln
3328 623 3483 678 mari.
3539 623 3683 679 Ecce
3715 624 3802 680 hic

2209 701 2368 758 aliain
2412 706 2777 762 admirabilem
2820 709 3134 779 sapientiam
3178 721 3423 782 spectare
3464 724 3638 783 potes.
3683 713 3803 770 Scit

2209 794 2352 848 enim
2385 797 2664 853 nauclerus
2691 798 2904 867 quando
2928 799 3242 856 deducenda
3268 803 3338 857 sit
3365 803 3517 859 navis
3537 846 3552 868 ,
3581 803 3802 874 quando

2208 899 2237 938 a
2263 895 2418 955 portu
2445 887 2774 954 solvendum,
2801 887 3013 958 quando
3043 892 3360 947 transeunda
3385 895 3550 948 maria
3575 910 3592 960 ;
3621 895 3800 950 maxi-

2212 991 2403 1047 meque
2455 978 2508 1031 in
2556 979 2730 1034 nautis
2779 979 3198 1050 deprehenditur
3243 981 3586 1051 intellectus,
3637 999 3801 1056 quem

2209 1065 2387 1122 divina
2416 1067 2673 1138 sapientia
2701 1070 2944 1126 humana
2974 1081 3176 1127 natura:
3204 1073 3411 1128 ittdidit.
3438 1073 3624 1143 Neque
3651 1075 3800 1130 enim

2209 1160 2298 1227 qui
2342 1174 2438 1229 per
2463 1160 2575 1214 vias
2606 1161 2844 1229 publicas
2872 1173 3116 1228 currunt,
3151 1166 3219 1219 ita
3246 1164 3559 1221 diverticula
3597 1167 3804 1230 sciunt.

2209 1260 2270 1305 ttt
2298 1251 2331 1305 ii
2361 1253 2448 1321 qui
2480 1252 2531 1306 in
2557 1251 2709 1322 aquis
2731 1261 2936 1309 certum
2964 1255 3064 1310 iter
3093 1255 3310 1312 faciunt.
3362 1257 3587 1327 Propter
3616 1258 3720 1313 hoc
3746 1265 3806 1315 et

2209 1341 2481 1412 Scriptura
2513 1342 2900 1414 obstupesceus
2943 1345 3269 1401 eminentem
3313 1347 3630 1417 sapientiam
3677 1347 3803 1416 Dei,

2211 1434 2342 1489 dicit
2375 1452 2388 1488 :
2423 1436 2520 1503 Qui
2543 1435 2680 1489 dedit
2704 1437 2757 1489 in
2787 1437 2918 1490 uteri
2961 1437 3092 1491 aiam
3114 1479 3130 1504 ,
3176 1447 3224 1492 et
3257 1438 3314 1490 in
3353 1454 3486 1508 aqua
3523 1440 3804 1492 vehementi

2212 1529 2443 1581 semitam
2468 1527 2622 1598 (δαν.
2653 1528 2739 1583 14.
2771 1526 2848 1600 '5).
2897 1528 3028 1595 Qum
3054 1528 3285 1584 humana
3311 1528 3450 1583 ratio
3478 1537 3657 1598 potest
3683 1530 3802 1584 base

2213 1620 2576 1687 pernoscere?
2630 1619 2886 1675 Eamdem
2935 1621 3197 1676 rationem
3248 1622 3482 1676 inveniet
3535 1621 3804 1691 quispiam

2214 1711 2373 1765 etiam
2419 1710 2470 1765 in
2499 1710 2634 1766 cibis
2656 1725 2790 1778 quos
2827 1711 3106 1766 sumimus.
3139 1710 3269 1765 Nam
3291 1713 3517 1782 singulis
3542 1714 3806 1783 temporis

2215 1803 2314 1856 bus
2339 1811 2392 1856 et
2418 1803 2540 1857 anni
2589 1804 2829 1872 partibus
2857 1805 3002 1858 varia
3029 1813 3084 1860 et
3110 1804 3322 1860 diversa
3363 1805 3516 1860 nobis
3543 1806 3801 1861 alimenta

2217 1893 2476 1947 Dominus
2532 1894 2754 1963 largitur
2796 1912 2811 1948 :
2860 1903 3000 1950 terra
3053 1897 3196 1951 enim
3245 1897 3394 1966 quasi
3445 1896 3646 1965 optima
3700 1912 3806 1952 nu.

2215 1984 2321 2038 trix
2346 1985 2486 2040 dona
2508 2000 2604 2041 sua
2635 1985 2789 2042 nobis
2817 1986 3053 2057 profert,
3085 1997 3352 2057 prascepto
3378 1986 3649 2043 Creatoris
3689 2001 3809 2043 ser-

2220 2077 2392 2131 viens.

2286 2167 2339 2220 2.-
2369 2167 2568 2221 Verum
2596 2183 2664 2223 ne
2700 2167 2958 2238 prolixius
2987 2182 3288 2223 sermonem
3314 2167 3601 2221 extendam
3623 2207 3638 2229 .
3679 2169 3810 2224 lice-

2216 2258 2292 2313 bit
2315 2260 2464 2314 vobis
2503 2275 2600 2330 pro
2627 2269 2803 2315 vestra
2833 2259 3113 2331 prudentia
3147 2275 3430 2315 recensere
3458 2260 3562 2314 alia
3599 2260 3806 2316 omnia.

2219 2349 2298 2402 Da
2323 2351 2464 2404 enim
2490 2392 2504 2414 ,
2551 2352 2756 2420 inquit,
2799 2351 3017 2420 sapienti
3045 2351 3355 2405 occasionem
3379 2392 3395 2417 ,
3439 2361 3486 2404 et
3527 2351 3810 2421 sapientior

2216 2441 2534 2510 erit_(f’rov.
2565 2443 2618 2497 9.
2648 2443 2728 2512 9).
2784 2441 2966 2512 Neque
3015 2443 3068 2496 in
3112 2441 3308 2502 nostris
3355 2440 3632 2495 dumtaxat
3671 2440 3810 2496 ciliis

2219 2533 2319 2586 hoc
2347 2533 2528 2588 videre
2553 2541 2675 2599 est,
2721 2547 2816 2588 set.
2845 2540 2899 2586 et
2938 2533 2989 2586 in
3022 2532 3086 2586 iis
3111 2547 3230 2602 qua:
3257 2532 3534 2586 hrutorum
3562 2539 3707 2586 sunt.
3744 2531 3811 2586 Et

2217 2623 2478 2692 poteritis,
2504 2623 2548 2677 si
2572 2621 2750 2689 vultis,
2783 2624 2943 2678 etiam
2971 2624 3022 2677 in
3051 2623 3230 2677 multis
3256 2623 3376 2676 aliis
3407 2621 3680 2692 inquirere
3704 2663 3720 2688 ,
3754 2629 3811 2677 ct

2217 2716 2492 2771 addiscere
2528 2716 2716 2786 optimi
2761 2715 2985 2771 artiﬁcis
3011 2715 3107 2771 Dei
3137 2714 3458 2770 inen‘abilem
3488 2716 3810 2785 sapientiam

2217 2819 2271 2863 et
2297 2808 2619 2864 eminentem
2651 2807 2944 2864 bonitatem
2965 2849 2979 2873 ,
3008 2807 3278 2878 quomodo
3300 2817 3562 2863 creatura:
3582 2806 3814 2876 singula

2222 2901 2428 2955 ratione
2452 2901 2679 2970 quadam
2709 2899 2940 2954 conditae
2956 2898 3066 2954 sint
3098 2899 3138 2952 ⁸.
3166 2898 3422 2954 Similiter
3438 2898 3595 2968 igitur
3618 2902 3677 2951 et
3706 2897 3812 2952 bno

2212 2991 2299 3060 jus
2328 3005 2494 3045 sacrae
2523 2990 2957 3061 Quadragesimas
2986 2999 3227 3060 tempore
3255 2990 3603 3046 constitutum
3652 2991 3814 3048 nobis

2217 3082 2566 3137 inveniemus.
2596 3080 2730 3136 Nam
2758 3081 3203 3150 quemadmodum
3234 3082 3286 3136 in
3310 3082 3411 3138 viis
3434 3083 3661 3152 publicis
3683 3094 3813 3140 sunt

2218 3173 2476 3229 stationes
2521 3181 2576 3228 et
2611 3172 2961 3240 diverticula,
3011 3173 3064 3228 in
3103 3173 3296 3245 quibus
3343 3172 3469 3228 fessi
3498 3174 3740 3230 viatores
3758 3184 3814 3231 et

2219 3265 2485 3334 respirant
2521 3274 2576 3319 et
2613 3265 2914 3334 quiescunt,
2967 3273 3026 3318 ut
3071 3274 3254 3334 postea
3301 3265 3400 3319 iter
3453 3281 3605 3321 suunt
3637 3268 3816 3322 confit-

2220 3355 2365 3409 ciant
2393 3372 2406 3408 :
2433 3363 2487 3409 et
2515 3355 2655 3410 sicut
2681 3356 2732 3409 itt
2766 3355 2901 3409 mari
2932 3355 3106 3410 littora
3134 3366 3294 3422 sunt,
3321 3364 3376 3410 et
3403 3367 3623 3426 portus,
3652 3366 3712 3412 ut
3741 3359 3817 3414 ibi

2220 3453 2396 3498 nauta:
2435 3453 2711 3514 postquam
2749 3445 2947 3500 multos
2978 3443 3173 3500 fluctus
3200 3447 3563 3515 trajecerant,
3594 3455 3652 3502 et
3681 3463 3815 3502 vcn-

2221 3542 2397 3590 t.»rum
2426 3534 2642 3604 impetui
2671 3536 3002 3603 restiterunt,
3033 3537 3293 3605 tantisper
3316 3538 3610 3606 quiescant,
3648 3549 3705 3593 ct
3734 3539 3815 3595 sic

2222 3626 2412 3682 iterum
2442 3625 2695 3696 navigare
2727 3626 2981 3695 incipiant
3008 3643 3021 3682 :
3051 3627 3120 3682 ita
3146 3638 3202 3682 et
3222 3643 3362 3684 nunc
3391 3629 3454 3683 iis
3474 3631 3562 3699 qui
3590 3631 3642 3684 in
3669 3630 3816 3698 Qua-

2220 3716 2519 3787 dragcsima
2546 3717 2732 3787 jcjunii
2755 3733 2969 3773 cursum
3002 3733 3288 3788 suscepere
3312 3763 3326 3786 ,
3368 3723 3515 3790 quasi
3548 3724 3815 3781 stationes

2221 3815 2275 3862 et
2295 3807 2590 3862 diversoria
2613 3848 2627 3872 ,
2655 3816 2710 3862 et
2737 3808 2915 3863 littora
2946 3818 2999 3864 et
3023 3817 3224 3879 portus,
3255 3813 3421 3865 hosce
3446 3811 3582 3867 duos
3606 3813 3816 3869 hebdo-

2223 3897 2392 3953 made:
2416 3898 2528 3953 dies
2549 3899 2629 3969 (α)
2662 3899 2920 3954 Dominus
2949 3901 3180 3970 quietem
3227 3900 3446 3971 largitus
3489 3913 3604 3970 est,
3653 3913 3710 3959 ut
3758 3916 3816 3961 et

2223 3989 2434 4057 corpori
2456 3988 2836 4059 aliquantulum
2873 3991 3062 4061 jejunii
3092 3989 3689 4050 laborem'remittentes
3709 4038 3724 4062 ,
3758 4006 3817 4052 et

2223 4079 2452 4133 animam
2484 4090 2809 4147 recreautes,
2851 4077 3052 4137 exactis
3083 4083 3290 4138 duobus
3337 4084 3442 4137 illis
3482 4084 3706 4149 diebus,
3757 4089 3814 4142 in

2224 4168 2449 4239 pulchre
2491 4183 2665 4240 empto
2702 4173 2893 4226 itinere
2935 4173 3182 4226 alacriter
3227 4183 3447 4243 pergant
3477 4175 3509 4227 ii
3537 4176 3626 4244 qui
3675 4176 3816 4233 illud

2223 4271 2590 4332 susceperunt.
2639 4264 2749 4332 Age
2777 4263 2937 4333 igitur
2961 4305 2976 4330 ,
3004 4265 3126 4333 quia
3149 4265 3305 4318 hodie
3345 4265 3673 4321 remissionis
3693 4268 3817 4325 dies

2222 4363 2304 4408 est
2327 4395 2343 4420 ,
2382 4355 2779 4410 obsecrabintus
2808 4365 3038 4410 vestram
3064 4357 3362 4424 caritatem,
3391 4369 3450 4413 ut
3474 4375 3660 4430 magna
3683 4362 3814 4418 dili-

2220 4446 2394 4516 gentia
2421 4446 2623 4500 lucrum
2649 4462 2712 4500 ex
2735 4446 2942 4516 jejunio
2963 4447 3244 4502 collectum
3269 4448 3578 4504 custodiatis
3604 4467 3617 4501 :
3641 4460 3697 4506 et
3714 4467 3811 4508 re-

2221 4513 2432 4606 sumpto
2459 4513 2751 4608 parumper
2781 4537 2970 4607 spiritu
2993 4578 3008 4604 ,
3055 4551 3178 4592 mox
3223 4537 3415 4593 iterum
3449 4540 3624 4609 priora
3652 4543 3813 4600 novis

2221 4631 2566 4686 incrementis
2613 4630 2930 4696 cumuletis,
2973 4639 3027 4685 et
3053 4630 3131 4684 sic
3170 4630 3420 4700 paulatim
3451 4631 3518 4685 ad
3547 4633 3812 4701 majorem

2222 4722 2632 4792 negotiationem
2677 4723 2918 4776 instructi
2939 4763 2955 4787 ,
3003 4723 3054 4776 iu
3087 4723 3418 4777 Dontiuicum
3449 4725 3589 4779 dicm
3616 4740 3820 4780 occur-

2222 4815 2371 4879 ratis,
2401 4823 2453 4868 et
2482 4815 2810 4883 spiritualem
2841 4822 3070 4868 vestram
3091 4815 3265 4868 navim
3293 4815 3342 4867 iu
3374 4826 3580 4884 portum
3607 4828 3814 4875 sancta:

2225 4907 2521 4960 festivitatis
2557 4907 2766 4974 plenam
2808 4905 3102 4960 adducatis.
3155 4905 3284 4960 Nam
3314 4905 3450 4960 sicut
3479 4907 3656 4961 omnia
3683 4925 3812 4972 qua:

2221 5012 2251 5050 a
2295 4997 2519 5050 Domino
2560 5007 2684 5050 sunt
2727 4996 2902 5062 facta,
2944 4997 3080 5051 sicut
3107 5005 3161 5052 et
3199 5012 3448 5052 sermone
3479 4997 3810 5054 declaratum

2223 5096 2304 5142 est
2328 5097 2379 5142 et
2408 5103 2492 5142 res
2520 5088 2647 5157 ipsa:
2673 5097 2951 5151 testantur,
2976 5087 3180 5140 ra.ione
3209 5096 3261 5140 et
3289 5087 3543 5155 sapientia
3575 5089 3808 5159 quadam

2222 5178 2358 5234 facta
2388 5189 2532 5246 sunt,
2563 5195 2718 5233 usum
2747 5180 3107 5234 necessarium
3133 5179 3437 5234 exhibentia
3470 5199 3481 5232 :
3519 5181 3586 5234 ita
3610 5192 3663 5236 et
3685 5199 3812 5252 qua:

2221 5287 2250 5324 a
2279 5272 2429 5326 nobis
2455 5273 2589 5326 fiunt
2612 5313 2626 5337 ,
2670 5287 2736 5326 ne
2773 5271 2973 5341 absque
2997 5285 3154 5326 causa
3186 5279 3238 5325 et
3267 5269 3459 5325 frustra
3495 5272 3616 5327 fiant
3645 5290 3805 5345 opor-

2287 5405 2302 5436 ³
2339 5403 2549 5459 Coislin.,
2573 5417 2664 5452 uno
2683 5403 2822 5453 verba
2845 5409 2888 5453 et
2902 5403 3061 5464 jussu.
3088 5416 3190 5463 pro.
3217 5403 3398 5453 ratione
3415 5406 3643 5464 quadam.

2286 5466 2357 5526 fa)
2401 5484 2421 5510 α
2444 5467 2696 5513 sabbatum
2721 5465 2907 5514 scilicet
2943 5466 3171 5526 diemque
3215 5468 3518 5524 Dominicam,
3544 5468 3697 5528 inquit
3723 5474 3808 5514 Sa-

2221 5527 2387 5589 vilius;
2416 5531 2649 5589 Dounuica
2683 5528 2909 5589 jejunarc
2932 5540 3187 5588 numquam
3226 5529 3528 5587 permissum.
3559 5527 3806 5576 ln’t'irieu-

2227 5588 2302 5637 tali
2328 5602 2446 5636 vero
2471 5587 2810 5636 licclesia'olim
2850 5597 2943 5636 tam
2979 5587 3114 5636 notas
3143 5589 3345 5637 Sabhato
3377 5589 3619 5650 jejuuare,
3657 5603 3804 5650 quant

2223 5652 2300 5716 die
2325 5650 2581 5721 ltominica.
2630 5653 2856 5721 Ignatitts.
2893 5663 2982 5698 seu
3005 5651 3222 5718 quisquis
3261 5651 3438 5721 estqui
3477 5650 3586 5721 illas
3613 5655 3804 5721 seruisti

2223 5711 2467 5780 epistolas,
2493 5724 2601 5780 qua:
2629 5712 2734 5771 ejus
2773 5710 2991 5760 feruntur
3017 5710 3206 5780 nomine
3235 5725 3246 5758 :
3286 5711 3335 5780 si
3358 5710 3477 5780 quis
3505 5713 3804 5780 pontiniram

2223 5771 2349 5818 diem
2375 5780 2456 5820 aut
2471 5771 2740 5835 sabbatum,
2763 5784 2853 5820 toto
2869 5780 3068 5833 excepto
3079 5771 3333 5835 jejtmart't,
3357 5771 3397 5824 t's
3419 5774 3597 5824 Christi
3620 5789 3686 5821 cc.
3705 5772 3808 5825 isor

2223 5840 2310 5893 est,
2333 5837 2474 5895 Epist.
2501 5834 2532 5882 8
2555 5835 2614 5883 ad
2636 5833 2986 5897 Philippenses'.
3013 5849 3034 5878 ι
