4038 6374
156 388 235 447 93
1311 380 1378 438 IN
1415 378 1566 438 CAP.
1609 378 1650 435 Ι.
1689 374 1933 435 GENES.
1975 377 2202 438 HOMIL.
2248 383 2340 440 XI.
3394 378 3470 438 Ν

155 511 261 570 tot,
301 502 399 559 sed
428 502 482 558 in
509 502 794 559 utilitatem
821 508 876 555 et
900 499 1105 554 lucrum
1134 506 1334 553 nostra:
1360 495 1567 555 salutis.
1617 491 1752 551 Nam

157 594 205 650 si
234 594 270 648 ii
300 595 390 663 qui
422 591 771 649 molaribus
798 590 1027 661 negotiis
1051 586 1215 645 dediti
1241 596 1368 646 sunt
1387 628 1402 651 .
1441 583 1632 641 adduci
1661 597 1757 641 ne.

154 692 359 754 queant
379 726 397 743 .
440 694 500 745 ut
537 697 650 738 rem
681 682 911 751 aliquam
936 678 1215 750 incipiant,
1245 678 1349 734 nisi
1380 675 1528 748 prius
1554 671 1755 746 aliquid

161 778 297 833 lucri
325 777 571 834 sulioleat
598 790 611 828 :
641 773 810 828 multo
839 772 1008 849 magis
1046 772 1248 841 justum
1289 777 1404 834 est,
1438 776 1498 823 ut
1526 779 1626 822 nos
1657 766 1758 821 hoc

160 870 456 933 faciamus,
501 879 676 936 neque
721 864 793 919 ita
838 863 1151 932 simpliciter
1174 860 1501 932 jejuniorum
1546 856 1754 913 hebdo-

155 958 331 1014 mada:
356 964 677 1029 praetereant
705 994 720 1021 ,
762 954 856 1010 sed
883 961 1186 1008 scrutemur
1210 963 1364 1007 suam
1392 949 1590 1020 quique
1627 961 1759 1002 Cull-

155 1048 436 1103 scientiam
463 1087 477 1109 ,
526 1053 581 1099 et
610 1045 872 1098 rationem
902 1041 1299 1103 exaininemus,
1328 1037 1759 1103 consideremus-

156 1153 266 1208 que
285 1180 302 1202 ,
328 1135 580 1206 quidnam
609 1134 661 1188 in
693 1134 794 1187 hac
820 1132 1153 1187 hebdomada
1195 1130 1363 1199 probe
1388 1138 1566 1183 actum
1587 1169 1602 1193 ,
1627 1126 1755 1198 quid

157 1229 213 1283 in
242 1229 367 1294 alia,
394 1238 447 1282 et
468 1226 627 1295 quale
642 1234 989 1294 augmentum
1015 1222 1383 1291 acceperimus
1410 1220 1462 1274 in
1487 1218 1752 1289 sequenti,

156 1334 293 1389 quas
333 1320 385 1373 in
425 1317 580 1372 nobis
619 1316 933 1371 ali'ectiones
972 1313 1324 1374 correximus.
1376 1310 1487 1365 Nisi
1515 1310 1657 1365 enim
1686 1309 1757 1362 ita

157 1410 323 1462 vitam
380 1416 617 1461 nostram
676 1403 1104 1469 instituerimus,
1162 1415 1518 1473 magnamque
1563 1399 1758 1453 animae

160 1509 362 1554 nostra:
394 1510 577 1552 curam
608 1496 955 1567 gesserimus,
1003 1493 1134 1548 nihil
1164 1492 1319 1547 nobis
1343 1491 1461 1545 usui
1490 1491 1592 1545 erit
1618 1489 1760 1560 jeju-

159 1590 333 1655 nium,
363 1589 444 1643 vel
473 1586 647 1642 inedia
674 1602 831 1657 quam
859 1586 1173 1648 toleramus,
1207 1582 1503 1655 prmsertim
1534 1581 1577 1635 si
1608 1596 1758 1636 com-

161 1681 300 1752 perti
357 1679 613 1735 fuerimus
665 1679 946 1733 inferiores
999 1677 1063 1732 iis
1115 1678 1206 1747 qui
1260 1686 1466 1729 tantum
1522 1672 1757 1729 studium

162 1771 477 1841 colligendis
505 1770 700 1839 opibus
738 1768 1056 1839 impendunt
1096 1786 1109 1821 :
1151 1762 1355 1821 nullum
1395 1766 1537 1821 enim
1567 1764 1758 1820 horum

162 1861 426 1927 invenies,
455 1860 546 1931 qui
571 1875 677 1914 non
704 1874 913 1915 summa
930 1858 1200 1928 vigilantia
1225 1858 1452 1923 laboret,
1483 1872 1591 1927 quo
1615 1858 1759 1926 prio-

162 1952 311 2008 ribus
326 1950 561 2021 quotidie
585 1948 784 2020 aliquid
807 1949 1041 2019 adjiciat,
1061 1949 1216 2020 etqui
1235 1964 1487 2018 umquam
1505 1948 1760 2003 satietur:

160 2042 256 2099 sed
294 2051 494 2114 quanto
534 2042 842 2097 facultatum
887 2043 1060 2111 major
1085 2050 1170 2097 est
1200 2041 1474 2105 accessio,
1520 2048 1671 2095 tanto
1708 2049 1762 2102 et

160 2147 350 2187 curam
381 2141 436 2186 et
478 2132 715 2186 studium
746 2146 901 2186 suum
943 2132 1173 2199 amplius
1216 2130 1464 2186 intendit.
1522 2130 1676 2198 Quod
1717 2131 1761 2185 si

162 2222 253 2277 ubi
284 2222 517 2277 studium
545 2231 627 2276 est
653 2220 875 2288 inutile,
908 2232 962 2276 et
989 2220 1188 2275 divitiae
1219 2236 1627 2295 nonnumquam
1649 2236 1766 2275 ma-

160 2327 325 2383 gnam
356 2312 543 2366 salutis
568 2312 761 2366 anima:
796 2311 1058 2381 iacturam
1099 2310 1362 2383 aderunt,
1411 2320 1557 2376 tanta
1585 2320 1791 2365 tamen
1850 2330 1853 2331 '

161 2404 435 2476 vigilantia
466 2418 555 2458 res
597 2411 857 2472 aguntur,
913 2402 1183 2471 quomodo
1230 2416 1336 2455 non
1385 2403 1554 2456 multo
1596 2403 1764 2471 magis

163 2495 307 2551 istud
353 2506 436 2551 est
485 2496 821 2561 faciendum,
870 2495 960 2549 ubi
1005 2493 1294 2563 diligentiae
1333 2494 1497 2549 multa
1527 2494 1765 2549 succedit

162 2588 367 2642 utilitas
392 2630 407 2653 ,
438 2586 825 2657 incl'fabilisque
849 2572 1059 2641 merces
1085 2600 1147 2640 ac
1173 2586 1377 2639 lucrum
1407 2586 1764 2640 immenstim?

163 2678 298 2734 Nam
326 2678 435 2733 illic
474 2678 689 2748 quidem
716 2688 913 2749 praeter
944 2676 1058 2733 haec
1084 2678 1264 2733 omnia
1293 2675 1451 2731 ﬂuxa:
1476 2676 1763 2731 admodum

163 2779 218 2824 et
247 2767 467 2824 incertae
492 2766 730 2833 divitias,
780 2766 1045 2821 instabilis
1081 2764 1425 2833 pecuniarum
1457 2766 1761 2835 possessio:

163 2874 273 2913 non
301 2858 476 2912 solum
506 2856 669 2927 quod,
701 2856 1015 2911 imminente
1042 2863 1235 2919 morte,
1269 2856 1397 2925 ipsa;
1424 2845 1513 2910 hic
1543 2870 1767 2910 manen-

166 2962 269 3015 tes,
297 2948 501 3003 nullam
524 2949 602 3003 eis
623 2948 711 3019 qui
732 2948 850 3002 illas
865 2948 1134 3017 collegere
1154 2947 1433 3009 utilitatem
1456 2946 1762 3002 conferant:

162 3039 261 3093 sed
288 3040 448 3093 etiam
477 3037 618 3107 quod
649 3038 991 3092 manentibus
1022 3037 1108 3089 hic
1132 3037 1370 3105 pecuniis
1393 3077 1409 3102 ,
1442 3052 1633 3107 magna
1675 3052 1762 3091 se-

165 3130 392 3184 veritate
443 3136 703 3199 cogentur
743 3126 809 3183 de
858 3128 989 3197 ipsis
1032 3126 1157 3182 alibi
1203 3127 1471 3182 rationem
1514 3126 1761 3182 reddere.

165 3216 325 3288 Smpe
366 3234 577 3289 quoque
616 3218 809 3273 accidit
859 3226 916 3271 ut
962 3226 1088 3271 ante
1132 3225 1359 3272 mortem
1403 3226 1523 3287 post
1570 3218 1768 3273 multos

166 3311 379 3365 labores
402 3351 419 3376 ,
476 3317 532 3363 et
559 3308 812 3373 sudores,
859 3318 1019 3378 atque
1041 3321 1331 3372 azrumnas,
1360 3308 1511 3375 quasi
1538 3306 1768 3376 procella

166 3399 399 3471 quadam
441 3399 718 3469 ingruente
762 3398 1098 3469 negotiorum
1143 3396 1501 3466 difﬁcultate,
1546 3407 1769 3471 repente

114 3501 118 3503 ‘
166 3493 261 3563 qui
310 3491 567 3562 plurimas
610 3491 924 3560 possidebat
978 3490 1226 3557 divitias,
1283 3491 1365 3545 vel
1413 3492 1768 3560 pauperrimis

167 3586 339 3640 factus
383 3584 454 3639 sit
501 3583 803 3653 pauperior.
854 3582 1041 3649 Qualia
1086 3582 1306 3651 singulis
1350 3581 1540 3636 diebus
1589 3581 1770 3637 videre

166 3677 446 3746 contingit.
505 3676 664 3741 Atqui
712 3676 764 3729 in
807 3675 1067 3745 spirituali
1100 3673 1624 3743 negotiationenihil
1666 3674 1770 3728 tale

170 3767 567 3824 formidandum
597 3783 845 3837 umquam
878 3784 893 3821 :
922 3766 1132 3821 stabilis
1168 3766 1309 3821 enim
1354 3766 1439 3819 illa
1467 3775 1522 3821 et
1548 3766 1768 3821 immota

171 3868 387 3925 manet,
431 3868 487 3915 et
514 3859 602 3915 ubi
630 3874 693 3914 ea
721 3858 948 3914 multum
994 3872 1254 3927 egemus,
1299 3856 1369 3910 ibi
1418 3856 1486 3911 ab
1533 3856 1621 3911 illa
1656 3858 1770 3927 ipsa

172 3951 399 4005 multum
428 3950 808 4019 consolationis
834 3948 1142 4021 accipimus.

236 4042 299 4101 ,5.
335 4039 484 4095 Nihil
518 4040 721 4109 prodest
754 4040 1015 4109 jejunium
1036 4079 1051 4103 ,
1085 4054 1243 4106 neque
1278 4039 1454 4094 concio
1492 4040 1603 4095 sine
1631 4040 1772 4095 bonis

172 4134 427 4205 operibus.
459 4162 530 4173 —
559 4132 720 4208 Igitur
748 4131 873 4205 dum
918 4140 1131 4200 tempus
1176 4129 1470 4197 habemus,
1517 4131 1768 4197 obsecro,

176 4226 258 4280 vel
283 4224 477 4281 saltem
502 4222 555 4278 id
584 4222 741 4278 studii
773 4221 1142 4292 impendamus
1169 4219 1534 4292 spiritualibus
1578 4224 1773 4278 merci-

176 4318 275 4374 bus
301 4315 684 4387 conquirendis
704 4358 718 4380 ,
762 4314 904 4386 quod
935 4314 1023 4368 alii
1067 4315 1118 4369 in
1170 4314 1436 4384 perituras
1463 4314 1770 4380 collocant;

175 4424 351 4481 neque
376 4407 445 4462 ab
491 4406 592 4462 hac
637 4406 991 4462 sollicitudine
1033 4418 1341 4471 cessemus,
1382 4405 1427 4459 si
1470 4414 1616 4462 recte
1645 4406 1775 4477 quid

174 4508 355 4555 actum
399 4496 597 4561 fuerit,
632 4496 714 4551 vel
763 4496 806 4550 si
848 4496 1077 4563 aliquam
1107 4494 1451 4550 aﬁ‘ectionum
1478 4497 1634 4552 nobis
1658 4513 1776 4552 mo-

177 4590 437 4647 lestarum
469 4604 659 4659 magna
687 4588 953 4657 vigilantia
993 4586 1454 4658 proﬁigaverimus
1478 4629 1491 4652 ,
1538 4597 1597 4642 ut
1642 4603 1776 4643 con-

176 4682 417 4739 scientia:
448 4681 589 4735 bono
621 4680 862 4735 instructi
902 4680 1207 4734 testimonio
1233 4722 1247 4745 ,
1280 4680 1590 4750 multiplicis
1629 4681 1781 4735 volu-

180 4777 340 4849 ptatis
370 4776 598 4831 fructum
628 4774 1006 4845 percipiamus.
1059 4773 1242 4843 Neque
1271 4774 1414 4828 enim
1454 4774 1556 4828 hoc
1601 4772 1776 4829 solum

178 4868 442 4940 qumritur
460 4907 474 4931 ,
503 4875 558 4920 ut
585 4866 689 4920 huc
713 4866 951 4935 quotidie
972 4864 1380 4931 conveniamus,
1410 4875 1463 4920 et
1490 4866 1558 4921 de
1589 4866 1777 4921 iisdem

180 4962 440 5017 continuo
488 4958 801 5023 audiamus,
847 4967 903 5012 et
947 4972 1042 5026 per
1087 4966 1253 5011 totam
1301 4958 1776 5027 Quadragesimam

177 5053 504 5123 jejunemus.
555 5049 997 5119 Quandoquidem
1029 5050 1074 5106 si
1102 5050 1235 5105 nihil
1260 5066 1322 5104 ex
1356 5049 1620 5120 frequenti
1648 5065 1779 5106 con-

182 5152 347 5197 ventu
400 5148 456 5195 et
508 5140 907 5206 admonitione,
966 5148 1125 5211 atque
1177 5155 1246 5195 ex
1294 5139 1481 5210 jejunii
1540 5149 1783 5211 tempore

185 5234 379 5288 animae
406 5240 605 5287 nostra:
630 5232 817 5286 lucrati
853 5231 1130 5297 fuerimus,
1169 5240 1296 5287 tunc
1320 5247 1426 5287 non
1450 5232 1621 5288 solum
1651 5233 1782 5288 nihil

186 5322 433 5377 utilitatis
457 5320 682 5376 afferent
706 5321 843 5385 haec,
873 5321 968 5375 sed
998 5331 1052 5376 et
1078 5322 1298 5392 majoris
1322 5322 1784 5378 condemnationis

186 5412 401 5469 occasio
425 5421 582 5466 erunt
607 5452 622 5477 ,
649 5412 693 5467 si
719 5411 934 5483 quidem
967 5422 1108 5467 tanta
1132 5413 1299 5467 curati
1324 5412 1593 5483 diligentia
1624 5412 1782 5469 iidem

186 5516 601 5577 permaneamus
622 5541 642 5569 ,
671 5513 723 5558 et
752 5504 797 5558 si
828 5518 1002 5573 neque
1032 5503 1321 5559 iracundus
1349 5504 1441 5557 ﬁat
1466 5504 1610 5560 mitis
1634 5546 1649 5572 ,
1682 5519 1783 5560 ne-

190 5607 296 5665 que
323 5591 749 5662 indignabundus
776 5592 829 5647 in
848 5594 1307 5650 mansuetudinem
1327 5607 1385 5649 se
1401 5602 1593 5659 vertat,
1613 5610 1788 5664 neque

193 5682 408 5738 invidus
432 5682 485 5737 in
516 5682 940 5739 benevolentiam
972 5698 1031 5740 se
1057 5684 1362 5751 transferat,
1395 5700 1569 5756 neque
1594 5678 1787 5742 insano

192 5772 497 5830 divitiarum
540 5789 725 5832 amore
770 5788 1049 5848 correptus
1095 5776 1318 5835 desistat
1366 5776 1434 5833 ab
1478 5776 1705 5843 affectu,
1733 5788 1789 5835 et

1870 493 2228 570 eleemosynis
2249 499 2627 571 dispertiendis
2643 509 2697 558 et
2722 500 2930 557 alendis
2950 499 3271 571 pauperibus
3288 507 3465 565 vacet.

1866 602 2039 658 neque
2062 590 2427 660 intemperans
2456 600 2639 647 castus
2664 591 2875 657 evadat,
2902 606 3075 662 neque
3099 605 3248 644 vana:
3275 590 3465 660 gloriae

1863 678 2134 735 studiosus
2160 679 2303 737 illam
2345 690 2729 748 contemnere,
2774 691 2831 737 et
2857 697 3038 737 veram
3065 681 3289 752 gloriam
3316 683 3463 737 desi-

1863 769 2054 827 derare
2081 771 2272 838 discat,
2300 788 2475 844 neque
2500 774 2739 830 caritatis
2770 772 2822 829 in
2845 774 3146 845 proximum
3167 774 3466 846 negligens,

1858 863 2099 931 seipsum
2126 864 2366 918 excitans
2391 865 2484 920 det
2511 879 2763 934 operam,
2796 876 2856 920 ιιι
2886 879 2991 921 non
3029 865 3203 920 solum
3239 880 3347 921 non
3378 865 3465 921 in-

1866 949 2029 1006 fer.or
2046 952 2117 1005 sit
2143 952 2438 1022 publicanis
2468 958 2487 1025 (
2497 954 2635 1008 Nam
2660 955 2707 1010 si
2736 955 2947 1027 diligitis
2969 971 3052 1011 eos
3074 997 3088 1025 ,
3113 956 3203 1026 qui
3227 973 3313 1011 vos
3338 957 3464 1011 dili-

1862 1050 1986 1111 gum
2010 1080 2023 1103 ,
2055 1042 2260 1112 inquit,
2294 1045 2417 1111 quid
2442 1046 2665 1115 amplius
2686 1047 2854 1117 facitis
2877 1044 2902 1098 γ
2947 1062 3114 1102 nonne
3138 1058 3183 1100 et
3207 1048 3467 1117 publicani

1864 1131 1957 1185 hoc
1988 1132 2183 1202 faciunt
2209 1131 2419 1205 [ΜαιιΙιι.
2440 1135 2493 1190 5.
2518 1134 2608 1206 46]
2630 1135 2653 1187 ?
2677 1137 2693 1203 )
2713 1177 2729 1201 ,
2759 1134 2854 1190 sed
2880 1144 2934 1191 et
2960 1145 3017 1191 ut
3044 1136 3282 1191 animum
3308 1153 3464 1199 suum

1865 1221 1935 1274 ita
1981 1224 2261 1290 instituat,
2309 1235 2363 1278 ut
2394 1234 2449 1279 et
2496 1226 2743 1281 inimicos
2794 1227 3105 1282 humaniter
3150 1229 3372 1297 aspiciat
3410 1237 3470 1288 et

1864 1327 2110 1382 magnam
2136 1315 2265 1384 ipsis
2292 1316 2569 1372 caritatem
2598 1317 2870 1373 exhibeat.
2918 1318 3073 1387 Quod
3103 1320 3147 1374 si
3168 1320 3465 1377 aﬁ'ectionio

1865 1405 1965 1463 lius
1994 1406 2130 1471 istis,
2160 1416 2216 1463 et
2240 1408 2362 1463 aliis
2384 1424 2503 1480 qua“:
2528 1410 2581 1464 in
2610 1411 2764 1466 nobis
2795 1422 3092 1467 nascuntur
3111 1454 3125 1478 ,
3157 1414 3467 1483 superiores

1866 1512 1973 1551 non
2004 1496 2282 1565 fuerimus,
2313 1499 2438 1555 licet
2463 1500 2703 1571 quotidie
2732 1501 2821 1556 hic
2843 1504 3246 1569 conveniamus,
3280 1515 3334 1560 et
3361 1504 3469 1561 fre-

1866 1590 2154 1658 quentibus
2183 1592 2533 1648 concionibus
2562 1604 2723 1663 atque
2749 1594 2993 1650 doctrina
3037 1605 3183 1650 tanta
3221 1596 3470 1652 institua-

1868 1697 2021 1746 mur,
2073 1683 2668 1754 tantumqueajejunio
2710 1686 3464 1757 adminiculumhabeamus,

1867 1773 2038 1841 qualis
2078 1774 2183 1828 erit
2209 1774 2366 1829 nobis
2391 1775 2584 1829 venia?
2633 1776 2807 1849 qualis
2850 1774 3135 1831 defensio?
3182 1778 3278 1832 Dic
3321 1778 3467 1843 enim

1870 1864 1997 1918 mihi
2022 1905 2040 1929 ,
2087 1866 2312 1921 obsecro
2335 1906 2351 1935 ,
2385 1867 2430 1920 si
2476 1882 2700 1936 puerum
2730 1876 2877 1922 tuum
2903 1868 3141 1941 quotidie
3167 1869 3382 1925 videres
3406 1868 3461 1925 in

1869 1954 2052 2011 ludum
2080 1957 2181 2022 ire,
2212 1964 2267 2011 et
2289 1958 2459 2027 multo
2480 1958 2665 2027 elapso
2686 1965 2928 2027 tempore
2952 1958 3084 2013 nihil
3111 1960 3240 2013 lucri
3269 1961 3465 2023 facere.

1868 2046 2204 2118 patienterne
2231 2049 2446 2105 ferres?
2493 2064 2674 2105 nonne
2698 2059 2751 2104 et
2773 2065 2997 2119 puerum
3030 2051 3349 2106 verberares
3368 2092 3382 2115 ,
3411 2062 3471 2108 et

1868 2140 2182 2208 magistrum
2212 2141 2509 2211 argueres?
2537 2151 2591 2196 et
2612 2142 2654 2196 si
2671 2141 2869 2197 deinde
2894 2142 3133 2198 disceres
3150 2143 3465 2214 magistrum

1854 2246 2031 2286 omne
2056 2231 2196 2301 quod
2222 2231 2386 2288 ofﬁcii
2414 2234 2495 2288 sui
2525 2242 2641 2288 erat
2669 2234 2860 2290 fecisse
2881 2276 2896 2301 ,
2929 2247 2984 2290 et
3022 2236 3180 2305 plane
3222 2236 3468 2292 intermi-

1869 2324 2004 2379 sisse
2023 2322 2175 2391 nihil,
2194 2325 2343 2393 pueri
2365 2333 2542 2380 autem
2563 2326 2824 2394 ignaviam
2838 2340 3052 2381 causam
3069 2342 3193 2384 esse
3206 2328 3466 2384 omnium:

1870 2430 2050 2468 nonne
2078 2414 2500 2483 indignationem
2529 2431 2744 2471 omnem
2777 2416 2833 2470 in
2870 2431 3093 2485 puerum
3125 2418 3468 2489 transferres,

1872 2521 1977 2562 non
2020 2507 2130 2576 jam
2179 2522 2438 2563 accusans
2483 2509 2841 2579 magistrum?
2890 2509 3123 2579 ldipsum
3152 2520 3207 2565 et
3236 2510 3322 2574 hic
3343 2512 3469 2582 jure

1872 2597 2172 2653 faciendum
2204 2607 2305 2653 est.
2354 2598 2466 2655 Nos
2500 2600 2643 2655 enim
2664 2640 2680 2667 ,
2706 2600 2828 2670 quia
2858 2616 2954 2669 per
2978 2602 3205 2671 gratiam
3232 2601 3470 2661 divinam

1871 2688 1937 2743 ad
1973 2688 2075 2744 hoc
2118 2689 2370 2744 destinati
2398 2704 2618 2757 sumus,
2661 2692 2811 2760 quasi
2862 2694 3172 2762 spirituales
3201 2697 3217 2727 ι
3249 2696 3388 2750 ﬁlios
3418 2697 3473 2750 in

1875 2780 2035 2835 hasce
2063 2780 2277 2835 scholas
2303 2795 2400 2835 vos
2421 2781 2661 2851 quotidie
2691 2770 2966 2849 vocantes,
2999 2785 3291 2841 salutarem
3315 2785 3470 2842 vobis

1872 2870 2170 2926 doctrinam
2223 2872 2570 2942 proponimus
2614 2890 2627 2927 :
2674 2886 2849 2942 neque
2891 2889 2951 2928 ea
3005 2891 3127 2944 quae
3172 2892 3237 2931 ex
3284 2887 3493 2939 nostra.

1874 2971 2056 3017 mente
2085 2963 2505 3032 excogitavimus
2526 3002 2543 3028 ,
2591 2962 2685 3018 sed
2713 2978 2777 3019 ea
2806 2980 2925 3034 qua:
2953 2982 2983 3019 a
3011 2966 3241 3025 Domino
3270 2982 3366 3038 per
3387 2968 3475 3024 .di-

1875 3054 2027 3109 vinas
2048 3053 2353 3121 Scripturas
2384 3054 2538 3108 nobis
2573 3054 2767 3109 donata
2796 3066 2951 3121 sunt,
2998 3057 3051 3111 in
3081 3058 3315 3116 medium
3342 3060 3475 3116 alre-

1873 3146 2041 3199 rimus
2079 3142 2277 3214 illaque
2301 3144 2453 3199 vobis
2487 3143 2797 3215 frequenter
2824 3147 3176 3203 inculcamus.
3232 3149 3287 3204 Si
3318 3165 3471 3219 ergo,

1872 3250 1995 3290 cum
2041 3249 2139 3290 nos
2181 3250 2396 3290 omnem
2441 3236 2792 3292 adhibeamus
2828 3239 3158 3308 vigilantiam
3200 3255 3472 3312 omneque

1874 3326 2136 3392 studium,
2168 3334 2225 3381 et
2252 3340 2348 3382 vos
2376 3327 2616 3397 quotidie
2656 3327 2709 3381 in
2741 3328 2882 3382 viam
2922 3330 3163 3386 veritatis
3189 3329 3469 3403 ducamus,

1872 3412 1971 3473 vos
1998 3420 2047 3472 in
2072 3418 2260 3473 iisdem
2288 3421 2644 3489 perseveretis
2674 3421 2828 3477 malis
2853 3441 2867 3474 :
2898 3422 3129 3492 cogitate
3158 3432 3390 3494 quantus
3418 3434 3475 3481 et

1875 3516 2057 3563 noster
2077 3510 2146 3563 sit
2166 3508 2372 3565 futurus
2388 3510 2561 3578 dolor,
2584 3520 2638 3567 et
2661 3522 2857 3583 quanta
2875 3522 3047 3568 vestra
3070 3514 3473 3585 condemnatio,

1876 3614 1946 3655 ne
1990 3599 2115 3669 quid
2154 3598 2328 3655 dicam
2368 3602 2632 3657 acerbius.
2680 3603 2935 3669 Quamvis
2960 3605 3104 3659 enim
3134 3620 3234 3661 nos
3262 3606 3474 3673 crimini

1878 3704 1982 3743 non
2014 3689 2181 3744 simus
2202 3690 2439 3755 obnoxii,
2470 3700 2527 3745 ut
2553 3691 2642 3761 qui
2670 3692 2800 3747 nihil
2823 3696 3314 3765 praetermittamus,
3334 3698 3477 3768 quod

1877 3778 1942 3833 ad
1972 3789 2205 3833 vestram
2236 3781 2500 3851 pertineat
2525 3782 2970 3849 aediﬁcationem;
3021 3794 3200 3842 tamen
3229 3788 3353 3858 quia
3383 3804 3476 3843 ve-

1877 3878 2003 3925 strae
2032 3871 2216 3937 salutis
2242 3886 2427 3926 curam
2470 3873 2705 3942 gerimus
2728 3914 2745 3940 ,
2796 3872 2917 3929 ideo
2956 3890 3065 3929 non
3105 3892 3391 3947 possumus
3424 3878 3478 3933 il

1879 3980 1987 4033 non
2017 3964 2250 4035 graviter
2287 3962 2450 4019 ferre.
2502 3964 2634 4031 Quia
2683 3974 2738 4021 et
2773 3965 2965 4020 doctor
2988 3981 3110 4021 cum
3141 3968 3288 4023 videt
3314 3968 3482 4024 disci-

1880 4056 2062 4126 pulum
2088 4055 2292 4118 nullum
2317 4070 2382 4111 ex
2410 4071 2537 4110 cura
2577 4071 2671 4111 sua
2712 4056 2941 4112 fructum
2973 4058 3151 4114 facere
3172 4102 3188 4125 ,
3220 4075 3327 4116 non
3359 4062 3480 4117 val-

1880 4148 2077 4220 gariter
2101 4148 2246 4203 dolet
2278 4156 2331 4203 et
2352 4149 2524 4220 gemit
2542 4190 2559 4217 ,
2606 4149 2797 4205 videns
2825 4166 2887 4206 se
2914 4166 3129 4207 omnem
3160 4153 3402 4210 laborem
3428 4162 3484 4227 et

1882 4256 2099 4314 operam
2132 4240 2377 4309 perdere.

1952 4336 2007 4392 4.
2050 4334 2175 4389 llzec
2198 4349 2343 4389 nunc
2361 4334 2485 4391 dico
2501 4338 2543 4401 ',
2575 4350 2679 4391 non
2703 4344 2763 4390 ut
2786 4335 3063 4392 caritatem
3086 4345 3319 4401 vestram
3348 4354 3486 4396 mm-

1882 4443 2007 4485 rore
2035 4427 2287 4493 afficiam,
2317 4427 2410 4483 sed
2458 4438 2517 4482 ut
2543 4429 2772 4485 excitem
2818 4440 2872 4483 et
2903 4429 3164 4484 instruam
3186 4472 3201 4496 ,
3245 4448 3351 4503 quo
3380 4449 3487 4489 non

1884 4518 2080 4575 frustra
2106 4520 2324 4590 jejuniis
2350 4534 2543 4589 corpus
2569 4508 2864 4594 castigetis,
2897 4536 3071 4591 neque
3107 4531 3309 4581 temere
3352 4533 3408 4580 et
3434 4525 3489 4578 in

1884 4626 2080 4664 vanum
2129 4610 2242 4665 dies
2288 4610 2723 4681 Quadragesimze
2770 4597 2987 4683 sanctas.
3022 4613 3348 4683 transigatis.
3421 4614 3494 4683 Et

1886 4700 2010 4769 quid
2041 4699 2161 4754 dico
2203 4699 2321 4755 dies
2359 4700 2799 4771 Quadragcsimte
2838 4712 3077 4770 sanctae,
3114 4718 3235 4757 cum
3270 4719 3493 4773 prorsus

1888 4792 2087 4845 nullam
2137 4807 2236 4848 nos
2257 4791 2397 4846 diem
2452 4807 2707 4862 umquam
2756 4793 3059 4864 transigere
3107 4803 3393 4865 oporteat,
3445 4796 3493 4852 si

1889 4882 2140 4953 possibile
2167 4891 2269 4948 est,
2299 4897 2396 4953 per
2427 4891 2596 4939 totum
2632 4883 2758 4946 vitae
2781 4885 3108 4940 curriculum
3130 4926 3146 4952 ,
3172 4885 3225 4940 in
3254 4900 3358 4956 qua
3384 4902 3494 4942 non

1889 4976 2094 5029 lucrum
2129 4974 2348 5044 aliquod
2388 4975 2667 5045 spirituale
2716 4976 2768 5036 in
2794 4977 2969 5032 nobis
3009 4992 3368 5047 reponamus,
3409 4976 3496 5033 vel

1889 5082 1985 5135 per
2011 5081 2222 5137 preces.
2254 5066 2337 5121 vel
2366 5082 2464 5136 per
2487 5068 2880 5123 confessionem
2904 5109 2919 5133 ,
2961 5069 3043 5123 vel
3077 5084 3171 5138 per
3190 5070 3497 5145 e‘leemosy-

1890 5173 1986 5212 nas
2004 5199 2019 5225 ,
2051 5158 2135 5213 vel
2166 5173 2261 5227 per
2287 5158 2462 5228 aliqua
2488 5159 2592 5213 alia
2631 5160 2927 5230 spiritualia
2956 5160 3097 5217 bona
3127 5163 3331 5232 opera?
3360 5161 3497 5217 Nam

1891 5248 1935 5303 si
1958 5248 2157 5303 Paulus
2187 5258 2365 5303 tantus
2393 5257 2448 5303 et
2476 5250 2617 5315 talis,
2640 5250 2730 5320 qui
2753 5266 2946 5307 arcana
2978 5252 3069 5306 illa
3091 5251 3253 5307 verba
3273 5252 3496 5322 audivit,

1891 5355 2010 5409 qua:
2041 5354 2212 5409 usque
2240 5340 2292 5394 in
2322 5339 2641 5397 hodiernum
2680 5341 2823 5398 diem
2867 5344 3044 5399 nullus
3084 5345 3351 5416 cognovit,
3379 5342 3498 5401 clu-

1893 5429 2074 5485 mabat
2099 5430 2285 5486 dicens
2313 5448 2327 5484 :
2364 5432 2603 5499 Quotidie
2621 5434 2835 5501 morior,
2867 5452 2959 5506 per
2987 5445 3205 5490 vestram
3229 5435 3499 5505 gloriatio-

1893 5536 2005 5574 nem
2027 5519 2101 5591 (lt
2133 5519 2252 5574 Cor.
2278 5522 2361 5577 15.
2391 5520 2480 5593 3i)
2505 5537 2519 5574 :
2563 5521 2766 5577 docens
2796 5538 2914 5592 nos,
2948 5540 3009 5582 se
3036 5524 3113 5581 sic
3140 5524 3380 5596 seipsum
3405 5541 3504 5595 pro

1894 5609 2091 5680 pietate
2120 5611 2370 5680 periculis
2398 5613 2733 5683 exposuisse,
2762 5626 2820 5669 ut
2840 5615 3079 5687 quotidie
3099 5615 3261 5673 morti
3288 5614 3501 5675 vicinus

1963 5726 1979 5757 ι
2017 5732 2108 5775 Sex
2136 5732 2264 5783 uss,
2293 5725 2511 5783 dilectos,
2537 5740 2644 5788 pro,
2668 5725 2961 5787 spiritualcs.

1960 5790 1981 5821 ’
2002 5790 2130 5851 Reg.
2157 5803 2301 5853 unus,
2330 5792 2499 5841 Porro
2516 5789 2619 5840 Im
2639 5789 2769 5839 dico.
