4038 6404
617 373 692 432 95
1361 374 1420 435 S.
1457 372 2247 435 JOANNIS'CIIRYSOSTOII
2287 376 2604 438 ARCIIIEP.
2645 381 3184 450 CONSTANTINOP.
3821 398 3897 459 ω

613 491 796 542 esset:
825 494 881 541 et
912 484 1052 556 quod
1093 494 1281 542 natura
1311 502 1423 543 non
1446 486 1549 544 fert
1576 488 1690 558 (uni
1727 489 1870 545 enim
1909 487 2068 544 morti
2095 486 2200 541 ob-

616 575 759 632 noxii
786 592 975 632 sumus
1001 579 1236 648 omnes).
1268 579 1368 634 hoc
1404 578 1520 648 ipse
1550 580 1806 650 pertinaci
1836 595 1935 635 suo
1959 579 2201 634 instituto

615 666 826 738 agebat,
859 669 1068 724 tametsi
1099 667 1358 740 benignus
1379 669 1525 725 Deus
1549 670 1698 725 illum
1727 671 1960 742 quotidie
1985 671 2038 726 in
2065 671 2200 727 alio-

615 774 734 814 rum
792 759 1023 816 salutem
1068 770 1456 818 conservaret:
1492 762 1718 834 proinde
1762 763 1807 819 si
1853 762 1944 819 ille
1986 764 2077 834 qui
2120 771 2198 818 tot

609 849 882 919 prteclaris
920 853 1172 923 operibus
1199 855 1446 910 excelsus
1481 865 1637 920 erat,
1684 865 1739 910 et
1785 854 1933 925 quasi
1975 855 2196 925 angelus

608 938 775 1011 super
818 951 1011 998 terram
1053 931 1383 1014 apparebat,
1431 946 1668 1016 quotidie
1706 945 1954 1005 studebat
1997 946 2195 1016 aliquid

610 1032 746 1089 lucri
772 1031 966 1108 facere,
992 1043 1044 1090 et
1073 1049 1170 1104 pro
1189 1037 1412 1092 veritate
1436 1045 1578 1092 stare
1615 1036 1668 1094 in
1697 1037 1814 1092 acie
1841 1044 2026 1092 contra
2055 1037 2195 1108 peri-

609 1127 730 1180 cula
751 1164 768 1192 ,
811 1107 1220 1198 spiritualesque
1254 1127 1355 1182 sibi
1393 1127 1643 1198 colligere
1671 1141 1910 1194 merces,
1940 1143 2005 1183 ac
2032 1107 2194 1183 num-

607 1231 769 1287 quam
791 1216 1016 1289 gradum
1040 1219 1232 1275 sistere
1261 1233 1277 1273 :
1307 1219 1518 1290 qualem
1543 1219 1858 1278 habebimus
1877 1234 1976 1276 nos
2003 1220 2191 1277 defen-

608 1307 940 1381 sionem,qui
957 1324 1060 1365 non
1087 1311 1258 1365 solum
1285 1309 1440 1365 bonis
1468 1310 1719 1381 nperibus
1745 1311 1996 1367 omnibus
2021 1309 2190 1367 desti-

505 1383 513 1394 ’
607 1397 706 1453 ιιιιί
729 1411 952 1465 sumus,-
981 1399 1076 1455 sed
1103 1408 1159 1456 et
1204 1408 1282 1456 tot
1319 1401 1473 1456 malis
1509 1402 1714 1472 grarati
1757 1416 1983 1472 quorum
2026 1416 2190 1456 unum

606 1490 885 1550 dumtaxat
909 1492 962 1548 in
1005 1493 1177 1564 ipsum
1209 1493 1520 1565 perditionis
1564 1493 1881 1564 profundum
1907 1493 2190 1551 detrudere

606 1597 707 1640 nos
735 1585 944 1655 possit,
988 1585 1300 1657 nullumque
1325 1594 1585 1658 praeterea
1613 1586 1845 1642 studium
1886 1587 2040 1642 nohis
2083 1597 2187 1655 est,

605 1687 665 1732 ut
685 1679 769 1734 vel
793 1678 983 1735 saltem
1006 1681 1121 1735 hinc
1145 1680 1530 1736 emendemus?
1553 1683 1674 1734 eum
1702 1688 1878 1735 autem
1907 1680 2046 1734 idem
2074 1680 2188 1750 ipse

521 1815 526 1819 .
603 1783 750 1839 stepe
775 1769 1074 1840 reperiatur
1101 1784 1207 1824 non
1236 1769 1326 1843 nni
1367 1768 1586 1839 ﬂagitio,
1631 1768 1724 1824 sed
1745 1769 1996 1840 pluribus
2015 1770 2187 1823 obno-

603 1861 744 1928 altis,
774 1876 896 1917 cum
923 1877 1118 1932 nempe
1139 1871 1193 1918 et
1213 1861 1498 1918 iracundus
1523 1862 1592 1916 sit
1625 1871 1678 1918 et
1702 1861 2087 1932 intemperans,
2132 1871 2188 1917 et

598 1937 812 2019 avarus,
834 1961 890 2008 et
918 1951 1149 2017 invidus,
1176 1961 1231 2009 et
1251 1951 1398 2007 ferox
1419 1991 1436 2019 ,
1466 1961 1520 2008 et
1543 1966 1718 2023 neque
1748 1952 1860 2007 lucc
1892 1952 2184 2022 corrigere,

598 2057 775 2110 neque
795 2042 1006 2098 virtutis
1031 2058 1194 2113 opera
1220 2043 1483 2113 attingere
1507 2042 1652 2109 velit,
1680 2042 1853 2113 qualis
1882 2051 2066 2113 postea
2083 2043 2186 2098 erit

598 2146 726 2204 spes
749 2133 975 2189 salutis?
1017 2134 1143 2190 ﬂare
1168 2133 1324 2201 dico,
1356 2142 1411 2190 et
1455 2133 1634 2190 dicere
1663 2149 1771 2189 non
1812 2133 2074 2200 desinam,
2127 2143 2186 2190 ut

599 2224 873 2280 auditores
898 2240 1056 2281 sttum
1100 2225 1297 2296 quique
1319 2225 1612 2280 remedium
1640 2225 1906 2296 accipiant
1933 2241 1999 2280 ex
2026 2225 2182 2281 dictis

595 2314 834 2379 nostris,
898 2321 954 2369 et
1005 2313 1297 2382 studeant,
1355 2320 1416 2370 ut
1461 2315 1642 2370 statim
1698 2315 1766 2371 ab
1812 2315 2180 2372 all'ectionibus

594 2412 832 2458 mentem
875 2403 1208 2460 turbantibus
1264 2404 1557 2460 liberentur
1579 2445 1596 2471 ,
1644 2405 2181 2480 convalescentesque

592 2492 849 2548 virtutum
877 2494 1313 2567 studiis-posthac
1340 2509 1400 2552 se
1422 2495 1848 2553 accommodent.
1872 2497 2084 2553 Etenim
2117 2498 2180 2552 iis

593 2584 685 2654 qui
724 2585 991 2655 cerporali
1030 2585 1220 2641 morbo
1260 2586 1544 2653 iaborant,
1598 2588 1837 2656 quamvis
1878 2589 2178 2643 sexcenties

592 2674 833 2732 medicus
866 2675 1100 2732 remedia
1126 2684 1390 2748 apponat,
1435 2677 1480 2732 si
1517 2690 1662 2748 :rger
1692 2685 1868 2731 autem
1897 2677 2177 2732 medicinae

590 2766 955 2836 operationem
983 2781 1089 2822 non
1114 2766 1378 2832 admittat,
1408 2775 1467 2822 et
1489 2781 1633 2836 saepe
1660 2780 2005 2832 succensens,
2032 2775 2178 2837 post-

592 2870 752 2929 quam
803 2856 1043 2913 medicus
1093 2857 1406 2928 imposuerit
1456 2856 1800 2928 pbarmacum
1828 2897 1845 2925 ,
1897 2857 2177 2927 impatiens

590 2948 796 3006 doloris
825 2948 954 3005 illud
983 2949 1222 3020 rejiciat,
1274 2949 1418 3004 nulla
1462 2948 1589 3004 inde
1633 2949 1860 3006 utilitate
1904 2959 2170 3019 suscepta,

595 3053 754 3096 nemo
803 3039 1038 3109 prudens
1082 3040 1346 3096 medicum
1393 3041 1668 3110 arguerit,
1714 3039 1856 3111 quod
1887 3056 1992 3095 non
2020 3057 2174 3095 suum

592 3133 761 3203 egerit
785 3131 1019 3188 officium
1049 3146 1065 3186 :
1093 3131 1283 3188 eodem
1315 3131 1474 3188 modo
1498 3131 1659 3187 et’hic
1681 3147 1781 3186 nos
1809 3132 2174 3189 medicamen-

592 3233 705 3279 tum
755 3237 821 3279 ex
873 3223 1133 3294 spirituali
1182 3222 1422 3279 doctrina
1465 3223 1761 3279 confectum
1807 3223 2170 3296 imponimus;

590 3324 828 3369 vestrum
857 3323 1033 3369 autem
1057 3312 1629 3381 posthac'fuerit‘fcrre
1653 3313 1886 3380 ditiores,
1912 3323 1966 3368 et
1990 3328 2171 3370 curam

589 3419 711 3460 mm
737 3405 962 3460 utilitate
989 3404 1289 3471 admittere,
1315 3412 1426 3460 uta
1451 3405 1637 3460 morbo
1659 3405 1888 3472 liberati,
1904 3405 2171 3467 ad-veram

590 3495 964 3566 regrediamini
1009 3495 1312 3550 sanitatem.
1361 3494 1455 3552 Sic
1496 3497 1638 3550 enim
1685 3504 1740 3550 et
1788 3496 1888 3566 ipsi
1929 3511 2170 3566 magnam

586 3580 890 3656 percipiatis
919 3586 1220 3651 utilitatem,
1250 3595 1303 3639 et
1332 3601 1427 3640 nos
1449 3601 1554 3641 non
1583 3586 1788 3642 modica
1821 3587 1944 3643 hinc
1969 3603 2172 3643 conso-

592 3675 788 3730 latione
807 3675 1118 3741 afﬁciemttr,
1147 3676 1190 3730 si
1217 3675 1507 3732 viderimus
1534 3689 1646 3742 θος,
1677 3677 1766 3747 qui
1791 3677 1936 3748 prius
1962 3678 2171 3734 labora-

589 3765 738 3832 bant,
768 3776 876 3820 tam
904 3766 1225 3822 cito‘ltonam
1252 3765 1606 3821 valetudinem
1636 3781 2002 3838 recuperasse.

660 3855 812 3910 Ratio
835 3856 1061 3911 humana
1091 3866 1251 3926 potest
1276 3856 1445 3911 omnia
1489 3857 1611 3910 vitia
1653 3857 1917 3926 edomare;
1949 3858 2169 3915 Paulum

586 3948 850 4017 prwdicot.
873 3937 1333 4018 -—-Unusquisque
1354 3962 1480 4019 ergo
1517 3956 1787 4015 vestrum,
1821 3949 2044 4005 obsecro
2064 3992 2078 4016 ,
2122 3952 2168 4006 si

587 4053 694 4091 non
723 4046 897 4103 antea,
921 4036 1107 4091 saltem
1136 4052 1278 4092 nunc
1301 4051 1519 4110 operam
1545 4037 1673 4104 det,
1712 4047 1772 4093 ut
1814 4039 1998 4095 vitium
2027 4040 2168 4110 quod

585 4128 687 4183 sibi
729 4129 897 4199 magis
935 4143 1092 4198 quam
1139 4138 1332 4183 cetera
1374 4128 1623 4184 infestum
1671 4131 1833 4184 sentit
1864 4145 1947 4186 ex
1989 4132 2166 4186 anima

587 4228 821 4284 exsecet,
866 4227 922 4273 et
958 4220 1042 4289 pia
1084 4219 1401 4290 cogitatione
1443 4221 1592 4290 quasi
1635 4221 1896 4290 spirituali
1938 4223 2168 4293 quodam

584 4310 762 4379 gladio
787 4318 963 4376 utens,
993 4309 1223 4379 seipsttm
1244 4310 1314 4365 ab
1337 4325 1403 4366 eo
1423 4310 1632 4367 liberet.
1664 4312 1821 4368 Dedit
1841 4314 1983 4370 enim
2010 4315 2167 4372 nobis

587 4401 725 4457 Deus
756 4402 1012 4455 rationem
1063 4417 1181 4472 qua:
1227 4400 1453 4457 sulliciat
1497 4410 1552 4458 et
1587 4405 1794 4473 possit,
1845 4405 1890 4460 si
1939 4407 2166 4463 velimus

583 4506 767 4562 parum
797 4491 1087 4566 respicere,
1105 4492 1284 4548 omnia
1308 4507 1426 4562 quin
1461 4493 1511 4547 in
1535 4494 1688 4549 nobis
1716 4505 2008 4551 nascuntur
2036 4498 2159 4551 vitia

581 4581 820 4637 domare.
872 4580 1342 4651 Riopterehetiam
1381 4594 1682 4640 sanctorum
1725 4588 1962 4641 omnium
2001 4588 2162 4642 vitam

576 4681 636 4726 et
677 4673 920 4727 ittstittna
957 4672 1009 4727 in
1040 4671 1237 4728 divitiis
1262 4673 1549 4744 Scripturis
1587 4675 1847 4746 descripta
1871 4717 1886 4743 ,
1932 4678 2160 4749 Spiritus

582 4762 750 4816 sttncti
793 4766 958 4832 gratia
994 4765 1235 4836 reliquit,
1281 4774 1338 4820 ut
1379 4766 1648 4822 discentes
1689 4783 1818 4833 eos,
1865 4769 1986 4825 licet
2015 4772 2159 4842 t-jus-

581 4852 704 4906 dem
751 4854 944 4908 fuerim
982 4866 1183 4911 naturae
1211 4897 1227 4921 ,
1269 4858 1514 4912 virtutem
1557 4866 1747 4914 tamen
1799 4863 2158 4919 omnimodam

583 4944 922 5011 exhibuisse,
969 4962 1038 5001 ne
1083 4947 1248 5002 simus
1299 4962 1401 5002 nos
1444 4949 1615 5019 ignavi
1657 4960 1714 5006 et
1758 4951 1970 5009 desides
2012 4956 2063 5010 in
2097 4958 2159 5011 iis

586 5037 919 5091 exercendis.

651 5126 705 5181 5.
745 5128 936 5182 Annon
976 5136 1180 5184 natura:
1223 5140 1419 5184 nostra:
1450 5129 1546 5186 fuit
1586 5141 1640 5186 et
1685 5133 1870 5188 beatus
1908 5134 2158 5193 Paulus?

581 5217 768 5286 l‘lagro
789 5220 929 5273 enim
954 5236 1137 5275 amore
1167 5221 1322 5291 hujus
1350 5223 1481 5288 viri,
1524 5231 1580 5278 et
1605 5235 1881 5295 prepterea
1904 5231 2157 5286 continuo

583 5311 962 5380 rersaturipse
1007 5312 1058 5364 in
1103 5327 1196 5365 ore
1239 5327 1388 5379 meo,
1431 5322 1485 5368 et
1524 5315 1674 5384 quasi
1704 5316 1765 5371 in
1811 5318 2154 5390 archetypum

578 5398 794 5466 aliquod
821 5401 1115 5471 exemplar,
1140 5402 1210 5456 ita
1237 5412 1291 5458 et
1318 5403 1368 5457 in
1401 5405 1540 5460 ﬁlius
1568 5405 1799 5460 animam
1838 5411 2152 5481 respiciens,

575 5491 896 5559 obstupesco
923 5493 973 5546 in
1002 5495 1228 5548 hoeviro
1244 5497 1430 5556 mirum
1459 5497 1740 5554 affectuum
1767 5510 2150 5572 contemptum,

578 5578 903 5656 fortitudinis
925 5584 1317 5652 excellentiam,
1343 5588 1538 5642 amoris
1567 5589 1617 5643 in
1650 5590 1814 5645 Deum
1845 5589 2106 5648 fervorem
2135 5613 2150 5650 :

579 5681 634 5725 et
673 5685 882 5726 mecum
925 5684 1150 5748 reputo,
1196 5691 1356 5730 unum
1395 5677 1662 5735 hominem
1705 5697 1893 5736 omnes
1932 5684 2152 5743 virtutes

574 5764 756 5818 Studia
781 5776 880 5818 suo
908 5763 960 5819 in
982 5779 1041 5820 se
1069 5767 1344 5839 collegisse
1379 5776 1434 5825 et
1457 5771 1794 5842 exhibuisse;
1841 5788 2042 5846 nosque
2084 5793 2150 5836 ne

2313 490 2590 584 minimum
2620 497 2832 568 quidem
2861 499 3059 558 bonum
3087 518 3224 576 opus
3260 515 3516 576 prtestare
3558 511 3720 570 velle.
3763 512 3901 584 Quis

2305 581 2465 663 igitur
2490 601 2588 642 nos
2610 587 2799 660 eripiet
2842 605 2874 646 a
2919 595 3179 665 supplicio
3224 597 3560 658 inevitabili?
3602 602 3741 660 Nam
3769 581 3898 663 cum

2303 672 2546 743 ejusdem
2591 679 2680 736 ille
2725 680 3003 740 nobiscum
3049 684 3211 743 fuerit
3233 702 3457 760 nam,
3486 701 3541 749 et
3561 693 3755 752 iisdem
3799 697 3904 753 ob-

2305 765 2497 822 noxius
2521 767 2908 841 alectionibus,
2952 785 3113 846 atque
3140 779 3193 833 in
3225 788 3366 836 tanta
3397 791 3702 854 temporum
3747 786 3898 844 dial-

2302 857 2519 924 cullate,
2546 863 2815 934 quotidie,
2843 875 2902 922 ut
2929 867 3002 922 ita
3031 867 3210 926 dicam
3229 913 3247 940 ,
3279 881 3507 943 tractus,
3536 876 3808 935 laceratus
3844 893 3900 937 et

2302 949 2514 1041 publice
2556 963 2795 1023 raptatus
2817 957 2886 1013 ab
2912 957 2978 1014 iis
3015 960 3562 1032 quipnedieationem
3607 984 3898 1041 oppugna-

2299 1037 2428 1094 bant
2449 1080 2465 1104 ,
2496 1043 2586 1111 qui
2628 1051 2683 1098 et
2718 1059 2863 1117 sagpe
2891 1048 3063 1118 ipsum
3101 1062 3352 1110 enectum
3375 1037 3797 1126 existimarunt:
3836 1076 3898 1118 et

2297 1130 2449 1220 quasi
2476 1129 2794 1189 destinatam
2818 1130 2998 1194 animo
3017 1139 3224 1198 eadem
3254 1155 3680 1217 perpetrassent,
3707 1151 3892 1220 ipsum

2298 1217 2631 1288 reliquerunt
2667 1239 2683 1278 :
2723 1225 3059 1286 invenlturne
3096 1233 3289 1304 aliquis
3323 1247 3601 1306 nostru,
3627 1217 3888 1308 desidia,

2297 1311 2647 1404 segnitieique
2674 1314 2998 1386 deditorum,
3042 1322 3136 1391 qui
3173 1333 3372 1381 tantam
3398 1329 3649 1386 virtutum
3678 1334 3889 1404 magni-

2298 1403 2533 1460 tudinem
2577 1422 2688 1477 prze
2731 1423 2791 1465 se
2835 1409 3007 1468 ferat?
3054 1413 3252 1471 Verum
3298 1429 3500 1487 quanta
3544 1420 3742 1480 beatus
3778 1403 3890 1482 ille

2295 1497 2546 1587 praeclara
2589 1515 2751 1571 opera
2793 1501 2998 1572 fecerit,
3029 1513 3083 1562 et
3121 1506 3516 1579 fortitudinem,
3569 1529 3736 1584 quam
3791 1533 3888 1587 pro

2294 1585 2567 1657 religionis
2612 1591 2990 1661 pradicatione
3035 1597 3275 1667 quotidie
3319 1600 3658 1671 exhibuerit,
3703 1585 3812 1662 non
3853 1625 3884 1664 a

2293 1686 2473 1732 nostra
2502 1678 2702 1750 lingua,
2745 1683 2841 1740 sed
2880 1683 2952 1739 ab
2999 1687 3118 1758 ipso
3157 1701 3371 1760 oportet
3413 1693 3602 1752 audire
3643 1697 3882 1754 dicente.

2291 1764 2517 1860 Quando
2539 1770 2695 1860 enim,
2711 1771 2763 1828 in
2789 1787 2909 1830 eam
2933 1774 3147 1834 devenit
3172 1783 3562 1852 necessitatem,
3586 1796 3650 1844 ut
3660 1799 3886 1860 propter

2291 1856 2859 1928 pseudoapostolorum
2905 1863 3171 1923 fallaciam
3211 1885 3300 1926 res
3326 1885 3452 1928 suas
3479 1856 3742 1934 enarrare
3768 1856 3884 1935 co-

2289 1959 2507 2016 geretur
2534 1964 2549 2002 :
2583 1960 2687 2005 tam
2708 1966 2870 2022 grave
2895 1956 3038 2011 enim
3064 1957 3204 2014 istud
3225 1968 3280 2016 et
3304 1962 3590 2020 molestum
3618 1967 3722 2036 ipsi
3743 1978 3880 2033 erat,

2292 2047 2348 2091 ut
2376 2039 2759 2111 reluctantur,
2801 2053 2858 2100 et
2897 2061 3186 2118 numquam
3225 2051 3280 2106 in
3307 2053 3540 2117 medium
3581 2072 3647 2114 ra
3684 2059 3882 2118 ,σει-η

2291 2126 2469 2194 vellet,
2499 2131 2608 2186 imo
2631 2133 2865 2202 seipsum
2891 2137 3113 2195 auderet
3140 2155 3336 2198 vocare
3363 2143 3741 2218 blasphemum
3764 2189 3784 2218 ,
3828 2163 3880 2208 at

2287 2229 2723 2289 persequutorem
2749 2243 2764 2280 :
2792 2228 3041 2296 quoniam
3065 2238 3243 2288 autem
3271 2240 3733 2302 pernecessarium
3760 2257 3879 2299 esse

2288 2306 2517 2378 videret,
2549 2319 2607 2366 ut
2636 2310 2989 2382 impostorum
3019 2333 3113 2373 ora
3139 2321 3480 2393 Obstrueret,
3511 2337 3567 2383 et
3599 2327 3879 2402 discipulis

2287 2414 2501 2467 parvam
2542 2401 2695 2459 daret
2734 2407 3153 2465 consolationem
3198 2428 3214 2466 :
3269 2414 3347 2470 sic
3389 2415 3502 2472 fere
3544 2420 3714 2489 cepit
3748 2401 3878 2492 post

2285 2492 2449 2547 multa
2479 2494 2580 2549 alia
2600 2495 2780 2554 dicere
2804 2515 2817 2551 :
2841 2497 2910 2554 In
2931 2515 3032 2570 quo
3053 2502 3167 2573 quis
3197 2505 3350 2560 audet
3365 2548 3382 2573 ,
3399 2524 3503 2578 per
3530 2510 3877 2580 insipientiam

2283 2581 2481 2653 loquor,
2512 2586 2676 2640 audeo
2696 2597 2747 2641 et
2776 2604 2868 2658 ego
2900 2589 2976 2660 (ἱ.
3005 2589 3125 2646 Cor.
3153 2594 3237 2648 ll.
3266 2593 3380 2667 21).
3410 2597 3709 2656 Considera
3738 2604 3874 2671 piam

2281 2673 2548 2740 animam,
2594 2691 2703 2731 non
2740 2678 2913 2734 solum
2943 2681 3255 2751 audaciam,
3286 2687 3380 2742 sed
3421 2698 3473 2744 et
3513 2691 3874 2760 insipientiam

2283 2777 2395 2818 rem
2422 2779 2540 2820 eam
2566 2777 2757 2824 vocat:
2785 2769 2985 2828 docens
3025 2789 3123 2830 nos
3151 2790 3221 2833 ne
3245 2793 3496 2850 umquam
3525 2783 3660 2838 citra
3689 2801 3877 2842 neces-

2283 2852 2494 2908 sitatem
2519 2897 2537 2922 ,
2582 2866 2637 2912 et
2679 2859 2828 2915 nullo
2871 2872 3114 2932 urgente,
3137 2881 3256 2936 quae
3280 2882 3310 2921 a
3336 2869 3492 2925 nobis
3529 2870 3667 2928 facta
3704 2888 3836 2930 sunt
3858 2917 3873 2939 .

2279 2955 2630 3018 ostentemus,
2659 2953 2704 3005 si
2725 2953 2945 3022 quidem
2961 2954 3122 3027 aliqui
3143 2973 3210 3013 ex
3233 2959 3388 3015 nobis
3413 2962 3758 3021 inveniantur
3783 2968 3877 3037 qui

2279 3037 2477 3112 bonum
2505 3041 2719 3111 aliquod
2732 3054 2856 3099 sunt
2879 3050 3105 3116 operati.
3118 3047 3193 3102 1n
3209 3066 3307 3118 quo
3329 3053 3463 3122 quis,
3473 3053 3680 3124 inquit,
3696 3059 3872 3124 aadd,

2276 3145 2370 3198 per
2391 3131 2958 3206 insipientiamloquor,
2987 3139 3150 3194 audeo
3165 3151 3214 3195 et
3227 3159 3317 3213 ego
3332 3159 3352 3198 :
3375 3143 3476 3200 hoc
3493 3155 3596 3213 est,
3616 3149 3874 3219 quoniam

2279 3236 2379 3290 ego
2408 3225 2628 3278 multam
2654 3225 2806 3280 video
2834 3230 3229 3299 necessitatem,
3253 3233 3451 3290 audere
3470 3237 3614 3300 volo,
3649 3251 3705 3294 et
3747 3241 3878 3296 insi-

2279 3311 2491 3378 pientia:
2521 3327 2655 3383 opus
2683 3315 2958 3373 exhibere.
2993 3318 3196 3376 Hebraei
3217 3333 3355 3390 sunt,
3399 3335 3447 3380 et
3465 3343 3590 3397 ego;
3617 3327 3876 3388 Israelita

2274 3411 2413 3492 sunt,
2445 3412 2492 3456 et
2517 3419 2642 3474 ego;
2671 3421 2839 3461 semen
2862 3407 3081 3465 Abrahae
3102 3421 3253 3480 sunt,
3300 3423 3349 3469 et
3391 3432 3484 3487 ego
3531 3417 3642 3488 (Ib.
3673 3437 3722 3476 ο.
3753 3421 3871 3492 22).

2281 3489 2353 3544 De
2384 3492 2503 3554 hoc,
2536 3494 2747 3562 inquit,
2798 3497 3028 3554 sublime
3070 3502 3283 3570 sapiunt
3321 3513 3376 3557 et
3415 3505 3757 3576 gloriantur;
3806 3489 3874 3569 ne

2278 3589 2462 3648 putent
2491 3597 2552 3636 ea
2582 3586 2734 3639 nobis
2758 3586 2982 3654 deesse;
3007 3591 3167 3646 etiam
3213 3608 3311 3647 nos
3351 3597 3666 3654 eortttndetn
3705 3604 3874 3671 parti-

2274 3670 2420 3739 cipes
2445 3686 2652 3728 sumus.
2700 3675 2901 3733 Deinde
2940 3679 3166 3750 subjecit
3198 3701 3211 3737 :
3244 3681 3471 3739 Hinistn’
3497 3685 3692 3746 Christi
3713 3670 3870 3762 dsunt,

2273 3772 2328 3815 ut
2351 3763 2518 3818 minus
2545 3767 2746 3835 sapiens
2772 3768 2906 3836 dico,
2940 3771 3055 3840 plus
3079 3790 3172 3842 ego
3214 3773 3323 3844 (Ib.
3353 3793 3398 3830 υ.
3427 3777 3545 3850 25).

2345 3854 2399 3910 ϐ.
2443 3855 2574 3911 Vide
2601 3858 2705 3926 hic,
2733 3859 2952 3926 dilecte,
2993 3863 3162 3920 beata:
3190 3865 3344 3937 hujus
3367 3869 3559 3925 animte
3584 3873 3870 3936 virtutem.

2272 3945 2404 4000 Nam
2435 3959 2712 4019 postquam
2742 3967 2852 4009 rem
2890 3969 2920 4008 a
2967 3970 3026 4011 se
3073 3956 3285 4025 factam,
3332 3961 3608 4018 audaciam
3645 3975 3702 4021 ot
3733 3969 3867 4024 insi-

2275 4037 2526 4106 pientiam
2553 4043 2776 4109 vocavit,
2807 4048 3050 4115 quamvis
3084 4047 3137 4102 in
3170 4057 3314 4104 tanta
3352 4062 3493 4107 esset
3536 4059 3868 4116 necessitate

2271 4129 2831 4204 constitutus,.neque
2871 4136 2950 4190 sic
2981 4145 3156 4193 tamen
3202 4138 3358 4194 dictis
3398 4153 3688 4202 contentus
3718 4149 3819 4204 fuit
3848 4167 3864 4206 :

2271 4220 2366 4275 sed
2395 4236 2514 4276 cum
2545 4223 3009 4283 demonstraturus
3033 4241 3177 4284 esset
3205 4247 3264 4287 se
3294 4233 3413 4289 illos
3440 4250 3636 4307 magno
3659 4255 3864 4310 praece-

2269 4313 2400 4370 dere
2428 4316 2730 4384 intervallo,
2759 4328 2814 4374 ut
2843 4336 2910 4375 ne
2931 4321 3047 4391 quis
3076 4337 3196 4376 eum
3231 4335 3378 4394 putet
3404 4342 3498 4396 per
3537 4335 3865 4389 ostentatio-

2271 4420 2391 4460 nem
2423 4406 2536 4463 hzec
2561 4409 2756 4472 dicere,
2787 4411 2976 4466 iterum
3009 4414 3365 4482 insipientiam
3395 4429 3547 4486 vocat
3571 4423 3777 4491 quoda
3804 4441 3863 4482 se

2269 4498 2559 4565 dicebatur,
2589 4502 2736 4572 quasi
2777 4501 2977 4558 diceret
3021 4521 3037 4558 :
3081 4504 3196 4560 Non
3226 4521 3344 4561 sum
3376 4509 3587 4565 ttescius
3616 4528 3706 4568 me
3736 4531 3850 4571 nent

2269 4588 2445 4645 facere
2469 4606 2587 4660 quze
2617 4592 2813 4647 multos
2836 4592 3091 4661 offendat,
3111 4605 3300 4666 etquae
3325 4614 3497 4669 neque
3524 4617 3611 4656 me
3632 4604 3856 4660 deceat:

2267 4679 2362 4734 sed
2393 4696 2479 4736 me
2520 4683 2793 4752 compellit
2838 4699 3027 4755 magna
3060 4689 3383 4755 necessitas;
3432 4689 3553 4746 ideo
3598 4694 3862 4764 ignoscite

2267 4771 2396 4826 mihi
2427 4773 2744 4842 insipientia;
2774 4775 2929 4830 verba
2972 4776 3231 4848 loquenti.
3275 4780 3442 4850 llujus
3478 4784 3563 4838 vel
3609 4788 3858 4846 umbram

2267 4863 2534 4919 imitemur
2558 4881 2673 4932 nos,
2703 4869 2790 4937 qui
2823 4869 2983 4924 tantis
3015 4873 3582 4943 premimurpeecatis,
3629 4889 3683 4932 et
3709 4895 3859 4950 smpe

2265 4957 2307 5009 si
2354 4971 2572 5024 parvum
2613 4957 2862 5028 quiddam
2906 4971 3054 5017 recte
3093 4961 3343 5029 facimus,
3393 4981 3565 5035 neque
3592 4967 3768 5037 ipsum
3803 4976 3858 5027 in

2266 5050 2626 5118 promptuario
2651 5051 2844 5105 mentis
2888 5062 3088 5106 nostra:
3129 5055 3419 5123 repositum
3465 5073 3681 5114 manere
3714 5065 3857 5130 pati-

2265 5155 2405 5203 mur,
2434 5140 2527 5194 sed
2555 5151 2610 5195 ιιι
2633 5141 2910 5211 gloriolam
2949 5144 3182 5213 aliquam
3226 5145 3297 5200 ab
3348 5146 3652 5205 hominibus
3673 5169 3856 5208 vene-

2264 5245 2402 5294 mur,
2434 5231 2796 5302 divulgamus,
2843 5243 2899 5290 et
2926 5235 2993 5290 oh
3038 5235 3462 5307 intempestivam
3493 5244 3856 5313 nugacitatem

2263 5319 2437 5375 divina
2464 5324 2814 5380 retributione
2853 5328 3207 5397 nosmetipsos
3236 5327 3560 5386 fraudamus.
3611 5334 3680 5387 At
3717 5336 3856 5391 nihil

2264 5409 2369 5464 tale
2397 5410 2550 5466 beato
2572 5413 2735 5468 Paulo
2762 5415 3055 5471 accidebat.
3108 5417 3213 5474 Sed
3254 5421 3422 5490 quid?
3451 5421 3676 5477 Him'stri
3704 5424 3854 5480 Chri-

2262 5501 2327 5553 sti
2349 5512 2485 5568 sunt,
2515 5511 2567 5555 ut
2593 5504 2756 5559 minus
2786 5507 2983 5575 sapiens
2998 5508 3135 5575 dico,
3168 5512 3283 5579 plus
3308 5527 3400 5581 ego
3416 5527 3437 5574 ,'
3479 5513 3604 5568 dein
3635 5515 3855 5572 adducit

2261 5593 2314 5646 in
2362 5595 2593 5649 medium
2640 5610 2702 5651 ea
2755 5613 2873 5667 qua:
2907 5599 3337 5669 pseudoapostoli
3368 5618 3472 5657 non
3500 5605 3851 5663 exhibebant.

2261 5683 2541 5749 Quomodo
2576 5686 2718 5740 enim
2745 5687 3113 5744 exhibuisse-nt
3152 5691 3238 5756 qui
3268 5691 3546 5747 veritatem
3575 5709 3854 5764 oppugna-

2261 5779 2424 5847 bant,
2469 5786 2522 5834 et
2548 5777 2680 5833 nihil
2703 5793 2808 5834 non
2838 5779 3060 5850 agebant
3088 5791 3144 5835 ut
3169 5782 3528 5852 praedicationi
3577 5786 3853 5854 religionis

3994 5581 4038 6371 Ι
