4038 6400
444 340 512 399 9'7
1222 341 1280 398 ε.
1316 337 1603 399 JOANNIS
1639 335 2129 396 CHRYSOSTOMI
2168 338 2483 395 ARCIIIEP.
2526 335 3070 395 CONSTANTINOP.
3813 337 3885 396 98

445 471 577 529 ματι
629 457 728 534 τῆς
781 455 1061 519 εὐσεϐείας
1115 456 1289 511 πάντα
1321 455 1796 528 διαπραττόμενοι,
1851 455 1945 509 καὶ
1997 453 2107 507 τῶν

439 545 820 618 ἀφελεστέρων
846 543 946 607 τάς
968 543 1202 606 διανοίας
1245 559 1319 595 πα
1329 543 1746 614 ρασαλεύοντες;
1783 540 1965 595 Εἰπὼν
1991 540 2094 594 τοί-

438 649 556 700 νυν,
599 631 770 702 ’Υπὲρ
797 631 932 701 ἐγὼ,
960 626 1349 701 ἀπαριθμεῖται
1383 630 1570 684 λοιπὸν
1616 630 1685 684 τά
1713 629 1808 699 τῆς
1859 626 2108 700 ἀνδρείας

438 719 606 780 αὑτοῦ
631 715 1044 788 κατορθώματα,
1079 714 1396 787 καίφησιν·
1442 718 1546 771 Ἐν
1577 717 1787 780 κόποις
1824 729 2107 782 περισσο-

439 807 621 874 τέρως
637 844 652 867 .
697 804 766 858 ἐν
819 802 1080 871 πληγαῖς
1129 803 1648 871 ὑπερϐαλλόντως,
1697 800 1768 854 ἐν
1828 799 2106 866 θανάτοις

439 889 756 955 πολλάκις.
789 888 854 942 Τί
881 888 1094 957 λέγεις;
1134 888 1297 941 Ξένον
1341 905 1392 941 τι
1422 888 1514 941 καί
1549 883 1852 958 παράδοξόν
1887 887 2005 938 ἐστι
2045 885 2105 939 τδ

437 976 591 1046 παρά
615 976 708 1030 σοῦ
733 975 1049 1044 λεγόμενον.
1081 974 1238 1026 Ἔστι
1260 974 1369 1043 γὰρ
1410 972 1671 1036 πολλάκις
1705 971 1933 1026 θάνατον
1968 972 2104 1024 ὑπο-

438 1067 623 1134 μεῖναι
642 1079 656 1128 ;
676 1063 804 1126 Ναὶ,
825 1063 1008 1134 φησὶν,
1026 1063 1072 1113 εἰ
1104 1059 1196 1113 καὶ
1221 1060 1294 1130 μὴ
1311 1061 1376 1129 τῇ
1417 1058 1606 1131 πείρα,
1632 1058 1766 1112 ἀλλά
1784 1061 1850 1129 τῇ
1873 1056 2068 1127 γνώμῃ
2086 1072 2100 1086 ⁸

434 1151 702 1205 διδάσκων
729 1149 896 1219 ἡμᾶς,
928 1148 1006 1201 δτι
1034 1147 1295 1208 τοιούτοις
1315 1145 1579 1215 διηνεκῶς
1613 1145 1808 1198 ἑαυτὸν
1837 1143 2114 1207 κινδύνοις

435 1235 666 1303 ὶξεδίδου
691 1234 778 1288 διὰ
799 1233 860 1286 τὸ
889 1235 1148 1304 κήρυγμα
1179 1234 1292 1294 τοῖς
1321 1231 1552 1284 θάνατον
1604 1229 1754 1300 αὑτῷ
1803 1230 2100 1292 τίκτουσιν,

435 1321 553 1378 ἀλλ’
577 1323 610 1392 ἡ
639 1319 733 1374 τοῦ
761 1318 898 1372 θεοῦ
927 1320 1088 1390 χάρις
1141 1320 1200 1371 ὲν
1227 1319 1409 1380 αὑτοῖς
1469 1317 1655 1388 μέσοις
1695 1318 1809 1379 τοῖς
1839 1315 2103 1378 κινδύνοις

433 1410 526 1465 τδν
562 1408 800 1478 ἀθλητὴν
841 1407 1214 1474 διεφύλαττεν,
1276 1405 1416 1460 ὥστε
1473 1406 1583 1466 τοῖς
1635 1403 2103 1475 μαθητευομένοις

433 1495 638 1567 ¹πολλὴν
678 1495 925 1564 γίνεσθαι
957 1493 1104 1562 παρ’
1137 1490 1300 1543 αὑτοῦ
1326 1491 1422 1560 τὴν
1452 1489 1740 1558 ὠφέλειαν.
1799 1490 1902 1542 Ἐν
1929 1489 2102 1543 θανά·

435 1599 583 1652 τοις,
607 1582 762 1652 φησὶ,
805 1577 1096 1643 πολλάκις
1118 1593 1132 1606 ο
1165 1577 1285 1631 ὑπὸ
1325 1575 1628 1630 Ἰουδαίων
1657 1574 1940 1640 πεντάκις
1965 1589 2101 1628 τεσ-

435 1665 779 1734 σαράκοντα
824 1662 985 1730 παρὰ
1031 1662 1181 1731 μίαν
1222 1660 1470 1725 ἔλαϐον,
1511 1655 1640 1729 τρίς
1681 1659 2098 1728 ἐρρασδίσθην,

434 1753 598 1818 απαξ
619 1751 968 1818 ἐλιθάσθην,
1016 1749 1142 1818 τρὶς
1186 1749 1566 1818 ἐναυάγησα,
1622 1747 2002 1820 νυχθήμερον
2031 1749 2102 1804 ἐν

435 1838 516 1906 τῷ
537 1839 708 1904 βυθῷ
739 1839 1057 1908 πεποίηκα,
1076 1835 1439 1903 ὁδοιπορίαις
1457 1835 1772 1902 πολλάκις,
1799 1836 2100 1903 κινδύνοις

435 1924 740 1995 ποταμῶν,
782 1923 1089 1988 κινδύνοις
1115 1921 1380 1990 λῃστῶν,
1410 1921 1716 1988 κινδύνοις
1751 1923 1820 1975 ἐκ
1865 1923 2097 1991 γένους,

436 2012 740 2078 κινδύνοις
777 2010 841 2074 ἐξ
895 2010 1114 2072 ἐθνῶν,
1163 2009 1464 2073 κινδύνοις
1516 2009 1589 2061 ἐν
1611 2007 2097 2077 ψευδαδέλφοις,

364 2148 366 2150 ,
437 2099 742 2164 κινδύνοις
762 2097 832 2150 ἐν
858 2098 1132 2160 πόλεσιν,
1165 2094 1466 2160 κινδύνοις
1490 2093 1561 2147 ἐν
1610 2094 1820 2164 ἐρημίῃ
1843 2133 1860 2160 ,
1900 2095 2100 2152 κινδύ.

421 2203 565 2254 νοις
591 2187 662 2240 ἐν
682 2184 987 2251 θαλάσσῃ.
1017 2183 1109 2253 Μὴ
1163 2182 1348 2245 άπλῶς
1396 2183 1852 2254 παρατρέχωμεν.
1887 2185 2098 2255 ἀγαπη-

433 2277 538 2338 τοὶ,
563 2273 631 2328 τὰ
655 2269 923 2342 εἰρημένα
939 2288 950 2299 ·
976 2270 1206 2322 ἕκαστον
1232 2268 1340 2338 γὰρ
1371 2269 1575 2322 τούτων
1599 2268 1721 2322 καθ’
1747 2269 1906 2322 ἑαυτὸ
1941 2271 2099 2340 μόνον

432 2357 669 2423 πέλαγος
703 2355 836 2423 ἡμῖν
860 2351 1205 2405 ὑποδείκνυσι
1234 2349 1576 2422 πειρασμῶν.
1611 2351 1745 2405 Οὐδὲ
1771 2351 1878 2423 γὰρ
1915 2352 2099 2416 ἁπλῶς

432 2435 738 2506 ὁδοιπορίαν
769 2433 898 2503 μίαν
923 2428 1108 2485 εἶπεν·
1167 2431 1312 2492 ἀλλ’,
1349 2430 1727 2502 Ὀδοιπορίαις,
1773 2435 1927 2502 φησὶ,
1969 2435 2094 2487 πολ-

432 2518 591 2580 λάκις
609 2534 622 2547 ·
663 2515 784 2568 οὑδὲ
811 2511 1361 2582 κίνδυνον“ποταμιῖ›ν,
1382 2511 1514 2565 ἀλλά
1545 2513 1773 2576 πολλοὺς
1794 2515 1888 2567 καὶ
1912 2516 2097 2585 διαφό-

435 2615 564 2670 ρους
589 2595 886 2658 κινδύνους,
931 2594 1025 2646 καὶ
1041 2593 1235 2646 ’πάντα
1266 2593 1402 2663 μετά
1442 2594 1641 2665 πολλῆς
1666 2595 1766 2664 τῆς
1792 2596 2099 2667 ὑπερϐολῆς

433 2679 712 2748 ὑπέμεινε.
739 2675 851 2729 Καὶ
881 2674 1022 2746 μετά
1059 2673 1232 2727 ταῦτα
1278 2674 1391 2751 [90]
1425 2676 1641 2730 ᾶπαντα
1676 2676 1836 2730 πάλιν
1889 2678 2050 2747 φησίν
2078 2695 2092 2708 ·

441 2758 539 2813 Ἐν
571 2759 736 2822 κόπῳ
768 2755 868 2811 καί
919 2755 1146 2827 μόχθῳ,
1171 2755 1243 2809 ἐν
1279 2757 1638 2826 ἀγρυπνίαις
1679 2757 1995 2823 πολλάκις,
2026 2757 2097 2812 ἐν

422 2842 581 2913 λιμῷ
603 2843 702 2897 καί
741 2841 925 2910 δίψει,
968 2842 1040 2895 ἐν
1070 2841 1379 2908 νηστείαις
1423 2841 1760 2908 πολλάκις,
1793 2842 1864 2896 ἐν
1912 2847 2094 2914 ψύχει

429 2925 531 2980 καί
559 2925 898 2994 γυμνότητι,
925 2923 1104 2992 χωρίς
1133 2923 1251 2976 τῶν
1273 2924 1586 2990 παρεκτός.

501 3008 568 3072 ζ’.
591 3007 737 3076 Ὅρα
760 3005 922 3059 πάλιν
951 3005 1077 3058 άλλο
1103 3005 1338 3072 πέλαγος
1371 3005 1504 3075 ἡμῖν
1533 3005 1857 3076 πειρασμῶν
1883 3006 2096 3075 ἀνοιγό-

433 3103 613 3158 μενον.
641 3085 826 3140 Εἰπὼν
851 3085 978 3156 γὰρ.
1001 3085 1184 3157 Χωρὶς
1207 3084 1316 3138 τῶν
1342 3085 1633 3156 παρεκτὸς,
1666 3084 1884 3156 ᾐνίξατο
1915 3087 1995 3139 δτι
2027 3089 2096 3142 τά

427 3167 874 3241 παραλειφθέντα
903 3167 1124 3220 πλείονα
1147 3166 1292 3230 εἰκὸς
1324 3164 1465 3220 εἶναι
1491 3166 1601 3220 τῶν
1631 3168 1955 3238 εἰρημένων.
1984 3169 2094 3222 Καὶ

427 3251 550 3305 οὐδὲ
578 3251 740 3322 μέχρι
766 3249 956 3303 τούτου
982 3249 1134 3319 εστη,
1173 3249 1310 3302 ἀλλά
1337 3249 1498 3302 πάλιν
1543 3251 1686 3321 ἡμᾶς
1716 3249 1954 3303 διδάσκει
1994 3250 2094 3313 τάς

428 3337 833 3402 ἐπισυστάσεις,
858 3335 1076 3399 καὶτὰς
1131 3335 1436 3406 συστροφάς
1475 3335 1540 3400 ἃς
1591 3336 1905 3406 ὑπέμεινεν,
1950 3335 2094 3390 οὕτω

427 3420 600 3490 λέγων
628 3438 642 3452 ·
688 3423 749 3476 Ἡ
778 3419 1187 3486 ἐπισύστασίς
1215 3434 1334 3488 μου
1385 3419 1423 3485 ἠ
1482 3417 1611 3472 καθ’
1644 3415 1892 3486 ⁴ἡμέραν,
1927 3419 1965 3484 ἠ
1990 3419 2095 3486 μέ-

421 3521 608 3575 ριμνα
633 3505 846 3559 πασῶν
865 3505 984 3559 τῶν
1030 3502 1420 3572 Ἐκκλησιῶν.
1466 3503 1595 3556 Ἰδοὺ
1627 3505 1787 3559 πάλιν
1814 3505 1908 3557 καὶ
1933 3504 2092 3556 τοῦτο

432 3593 615 3647 ἰκανὸν
645 3590 997 3662 κατόρθωμα,
1024 3592 1073 3642 εἰ
1106 3592 1200 3644 καὶ
1244 3591 1402 3659 μόνον
1458 3591 1736 3659 τυγχάνει,
1787 3591 1868 3653 εἰς
1921 3590 2090 3660 αὑτὴν

428 3680 592 3733 αὑτὸν
618 3681 911 3747 ἑναγαγεῖν
974 3677 1075 3747 τὴν
1109 3677 1284 3745 ἄκραν
1332 3676 1574 3746 κορυφὴν
1601 3676 1700 3744 τῆς
1743 3676 1973 3745 ἀρετῆςο
2025 3676 2093 3730 Ἦ

421 3764 698 3837 μέριμνα,
729 3764 882 3832 φησὶ,
913 3762 1131 3815 πασῶν
1159 3760 1276 3814 τῶν
1333 3760 1726 3827 Ἐκκλησιῶν,
1768 3761 1886 3831 οὐχὶ
1943 3763 2088 3832 μιᾶς,

419 3852 524 3907 καὶ
543 3850 656 3914 δύο,
683 3851 776 3904 καὶ
794 3848 983 3918 τριῶν,
1018 3847 1156 3901 ἀλλά
1184 3846 1372 3900 πασῶν
1404 3846 1514 3899 τῶν
1546 3846 1688 3900 κατά
1709 3847 1806 3918 τὴν
1836 3848 2090 3917 οίκουμέ-

425 3954 545 4010 νην.
579 3937 752 4006 Ὃσην
780 3935 890 4004 γάρ
909 3935 1058 4004 ἡλιος
1076 3931 1349 4002 διατρέχει
1379 3932 1483 4002 γῆν
1512 3932 1611 3995 τάς
1635 3932 1840 3995 οἰκείας
1868 3932 2091 3996 ἀκτῖνας

424 4023 627 4090 ἀφιεὶς,
641 4020 909 4089 τοσαύτην
935 4020 1030 4074 καὶ
1048 4020 1077 4071 ό
1098 4020 1365 4089 μακάριος
1387 4015 1542 4082 οὗτος
1562 4017 1677 4089 εἶχε
1699 4018 1798 4090 τὴν
1819 4019 2091 4090 μέριμναν

426 4110 522 4162 καὶ
550 4107 649 4176 τὴν
697 4105 973 4175 φροντίδα.
1008 4099 1164 4165 Εῐδες
1196 4104 1398 4166 πλάτος
1430 4104 1638 4172 ψυχῆςς
1667 4099 1808 4166 εἰδες
1858 4103 2092 4166 διανοίας

427 4192 685 4264 μέγεθος
709 4192 818 4245 Καὶ
847 4189 908 4243 τὸ
936 4189 1063 4259 ἑξῆς
1093 4189 1149 4242 δὲ
1178 4189 1516 4259 ἐπαγόμενον
1555 4189 1716 4243 πάλιν
1751 4189 1986 4261 ᾶπαντα,
2015 4190 2090 4254 ὡς

424 4275 700 4339 εἰπεῖν,τά
711 4273 974 4345 εἰρημένα
990 4273 1390 4344 άποκρύπτειι.
1413 4273 1506 4338 Τίς
1528 4274 1638 4343 γὰρ
1656 4274 1914 4338 ἀσθενεῖ,
1935 4276 2086 4346 φησί,

422 4363 524 4417 καί
571 4364 683 4417 οὐκ
743 4360 1022 4426 ἀσθενῶς
1087 4360 1180 4425 τίς
1246 4359 1736 4426 σκανδαλίζεται,
1809 4361 1909 4414 καί
1979 4365 2089 4417 οὐκ

422 4449 538 4519 ἐγὼ
585 4448 916 4516 πυροῦμαις
975 4445 1185 4509 Βαϐαῖ,
1231 4446 1370 4515 πόση
1423 4445 1518 4498 τοῦ
1572 4447 1764 4517 ἀνδρὸς
1817 4447 2008 4500 τούτου
2055 4450 2089 4519 ἡ

425 4534 803 4605 φιλοστοργίαο
831 4533 972 4601 πόση
1023 4531 1056 4600 ή
1100 4530 1406 4600 ἀγρυπνία·
1438 4531 1634 4601 πόσηὴ
1661 4532 1919 4602 μέριμνα.
1954 4535 2090 4588 Ποία

427 4621 612 4693 μήτηρ
629 4619 768 4673 οὕτω
794 4619 1142 4672 διακόπτεται
1171 4616 1239 4668 τά
1272 4615 1552 4688 σπλάγχνα
1578 4616 1672 4669 τοῦ
1711 4617 1898 4680 παιδὸς
1921 4621 2090 4691 αὐτῆς

423 4705 801 4777 πυρέττοντος,
837 4705 933 4757 καὶ
953 4703 1045 4755 ἐπὶ
1068 4703 1166 4772 τῆς
1188 4702 1377 4772 κλίνης
1414 4703 1690 4773 κειμένου,
1721 4704 1797 4767 ὡς
1846 4707 1874 4757 ὁ
1911 4708 2088 4774 μακά-

427 4809 538 4864 ριος
577 4784 731 4853 οὗτος
757 4790 894 4858 ὑπὲρ
918 4788 1024 4840 τῶν
1052 4791 1107 4840 ὲν
1135 4788 1349 4858 ἑκάστῳ
1375 4789 1526 4859 τόπῳ
1554 4789 1923 4845 ἀσθενούντων
1952 4793 2090 4863 μάλ-ι

423 4875 514 4927 λον
543 4872 782 4942 ἡσθένει,
818 4869 912 4923 καὶ
938 4869 1079 4938 ὑπὲρ
1100 4867 1207 4921 τῶν
1243 4869 1742 4939 σκανδαλιζομένων
1774 4875 2041 4945 ὲπυροῦτο
2072 4893 2086 4940 ;

425 4958 621 5011 Σκόπει
647 4957 756 5026 γάρ
783 4974 873 5026 μοι
900 4953 1096 5019 λέξεως
1126 4953 1380 5023 ἔμφασιν.
1418 4956 1530 5008 Οὐκ
1561 4952 1703 5021 εῐπε,
1730 4958 1817 5021 τίς
1856 4961 2086 5014 σκανδα-

426 5039 654 5103 λίζεται,
677 5043 769 5092 καὶ
794 5039 894 5090 οὑκ
920 5037 1032 5104 ἐγὼ
1061 5035 1366 5105 λυποῦμαι;
1398 5036 1534 5090 ἀλλὰ
1563 5039 1865 5107 Πυροῦμαι
1885 5079 1898 5102 ,
1929 5045 2083 5110 φησί,

421 5126 523 5197 τήν
571 5125 820 5178 ἐπίτασιν
852 5123 985 5191 ἡμῖν
1038 5122 1138 5190 τῆς
1193 5121 1385 5192 ὀδύνης
1437 5121 1632 5192 δηλῶν,
1670 5127 1761 5177 καὶ
1806 5132 2086 5196 μονονουχὶ

423 5211 634 5273 δεικνὺς
667 5208 1097 5280 ὲμπυριζόμενον
1127 5208 1334 5270 ἑαυτὸν,
1391 5209 1485 5262 καὶ
1539 5209 1825 5278 καιόμενον
1875 5213 2083 5266 ἔνδοθεν

425 5297 565 5366 ὑπὲρ
595 5295 701 5348 τῶν
728 5295 794 5347 τὰ
827 5292 1100 5346 σκάνδαλα
1128 5293 1524 5362 ὑπομενόντων.
1551 5292 1684 5349 Οἶδα
1712 5297 1792 5348 ὅτι
1814 5300 1892 5361 εἰς
1946 5300 2080 5353 πολὺ

427 5381 602 5451 μῆκος
640 5379 876 5444 ἐξέτεινα
927 5377 1025 5446 τὴν
1086 5377 1428 5432 διδασκαλίαν
1450 5420 1465 5444 ,
1496 5379 1793 5435 καὶταῦτα
1830 5401 2078 5456 προῃρη-

427 5465 584 5535 μένος
607 5465 839 5532 σήμερον
863 5463 1154 5523 συστεῖλαι,
1174 5461 1259 5513 ἵνα
1279 5464 1469 5532 μικρὸν
1495 5466 1557 5517 ὲκ
1587 5465 1680 5517 τοῦ
1706 5465 1805 5536 τῆς
1829 5471 2078 5536 νηστείας

422 5548 584 5600 πόνου
615 5546 868 5614 ἀνεθῆναι
894 5544 1152 5614 δυνηθῆτε
1175 5563 1187 5574 ·
1221 5545 1333 5597 ἀλλ’
1359 5547 1456 5598 οὐκ
1507 5544 1599 5600 οἷδ’
1638 5549 1784 5612 ὅπως
1823 5552 2076 5621 ἐμπεσὼν

422 5637 501 5698 εἰς
528 5636 618 5686 τὸν
649 5633 875 5685 πλοῦτον
900 5632 1003 5683 τῶν
1052 5632 1493 5703 κατορθωμάτων
1539 5634 1632 5688 τοῦ
1667 5637 1820 5704 ἁγίου
1863 5640 2071 5706 τούτου,

424 5723 671 5792 καθάπερ
727 5721 829 5772 ὑπὸ
881 5719 1054 5789 ῥύμης
1109 5719 1313 5774 ὑδάτων
1350 5723 1746 5796 σφοδροτάτης,
1784 5725 1924 5781 οὕτω
1977 5729 2072 5801 τὴν

485 5864 509 5896 ⁸
533 5863 700 5914 Morel.
726 5860 1128 5926 croup-immani
1146 5875 1316 5915 omnes
1341 5864 1649 5928 ἀποκρύπτει.

2217 453 2463 522 γλῶτταν
2484 452 2820 525 παρεσύρην.
2839 453 2930 506 Διὺ
2954 452 3114 525 μέχρι
3137 450 3328 506 τούτου
3353 450 3558 525 στήσας
3585 451 3684 508 τὸν
3703 451 3775 508 λά
3792 468 3885 518 ιον,

2215 539 2518 610 παρακαλῶ
2540 540 2640 611 τὴν
2682 539 2955 612 ὑμετέραν
3008 539 3228 610 ἀγάπην
3259 537 3523 612 διηνεκῶς
3571 538 3774 594 τοῦτον
3824 539 3886 592 έν

2213 626 2420 698 διανοίᾳ
2452 626 2788 699 περιφέρειν,
2841 627 2936 679 καὶ
2964 625 3123 680 τοῦτο
3151 625 3460 696 λογίζεσθαι
3501 623 3766 696 συνεχῶς,
3798 625 3884 678 δτι

2213 716 2312 784 τῆς
2345 714 2514 785 αὐτῆς
2538 715 2669 784 ἡμῖν
2702 713 2974 767 κοινωνῶν
2997 712 3233 782 φύσεως,
3287 717 3380 768 καὶ
3409 716 3523 778 τοῖς
3549 713 3739 777 αὐτοῖς
3773 714 3882 766 «τά-

2215 801 2363 857 θεσιν
2393 803 2769 874 ὑποκείμενος,
2804 804 2896 856 καὶ
2926 803 3266 874 ἐπιτήδευμα
3327 803 3463 872 ἔχων
3513 802 3732 865 εὐτελὲς
3792 804 3883 856 καὶ

2211 889 2705 962 εὐκαταφρόνητον,
2739 891 2832 945 καί,
2881 890 3125 961 δέρματα
3172 890 3411 956 ράπτων,
3447 891 3540 943 καὶ
3581 890 3676 942 ἐπὶ
3716 891 3777 960 έρ
3792 905 3883 956 γα-

2214 977 2438 1047 στηρίου
2473 978 2738 1047 ἑστηκὼς,
2770 976 2958 1047 ἐπειδὴ
2987 975 3260 1046 ⁴ιἰϐουλήθη
3309 976 3402 1028 καὶ
3448 975 3682 1046 ἠθέλησε
3744 976 3883 1046 πρὸς

2209 1064 2334 1126 τοὺς
2370 1064 2470 1134 τῆς
2524 1064 2726 1135 ἀρετῆς
2775 1065 2969 1128 πόνους
3008 1064 3198 1118 ἑαυτὸν
3254 1062 3520 1125 ἐκδοῦναι,
3574 1064 3672 1116 καὶ
3731 1064 3884 1129 άίξιον

2211 1149 2399 1202 ἑαυτὸν
2426 1153 2766 1220 καταστῆσαι
2789 1150 2890 1217 τῆς
2915 1151 3180 1220 ὑποδοχῆς
3211 1149 3308 1203 τοῦ
3340 1149 3495 1218 ἀγίου
3529 1149 3877 1220 Πνεύματος,

2207 1234 2596 1308 δαψιλεστέρας
2633 1236 2913 1308 ἀπήλαυσε
2963 1235 3065 1305 τῆς
3119 1235 3326 1289 ἄνωθεν
3376 1235 3712 1306 φιλοτιμίας.
3767 1237 3879 1288 Καὶ

2208 1323 2370 1392 ἡμεῖς
2395 1323 2596 1390 τοίνυν,
2632 1321 2728 1377 έάν
2764 1321 3116 1394 βουληθῶμεν
3149 1321 3218 1375 τά
3247 1324 3379 1393 παρ’
3414 1321 3626 1376 ἑαυτῶν
3670 1322 3882 1376 indid-

2208 1407 2422 1474 ξασθαι,
2455 1410 2608 1463 οὐδὲν
2629 1409 2690 1464 τὸ
2721 1408 2931 1464 κωλύον
2956 1408 3068 1462 τῶν
3098 1408 3285 1463 αὑτῶν
3341 1410 3489 1481 ἡμᾶς
3542 1409 3879 1462 ἀπολαῦσαι.

2206 1494 2491 1566 Φιλότιμος
2519 1495 2628 1567 γὰρ
2653 1498 2682 1550 ὁ
2704 1496 3003 1568 Δεσπότης.
3037 1496 3130 1549 καὶ
3172 1496 3460 1550 Βούλεται
3490 1496 3724 1561 πάντας
3774 1496 3883 1550 ειν-

2207 1577 2477 1647 θρώπους
2495 1579 2786 1649 σωθῆναι,
2821 1581 2923 1634 καί
2965 1583 3053 1647 εἰς
3081 1579 3413 1651 ἐπίγνωσιν
3452 1581 3743 1647 ἀληθείας
3772 1582 3879 1634 εἰλ-

2205 1666 2350 1721 θεῖν.
2423 1667 2633 1733 Ἀξίους
2689 1667 2870 1721 τοίνυν
2925 1667 3152 1728 ἑαυτοὺς
3201 1668 3726 1736 κατασκευάσωμεν,
3778 1667 3880 1720 καὶ

2208 1752 2344 1820 μετά
2404 1752 2714 1825 προθυμίας
2759 1751 2990 1823 ζεούσης
3029 1753 3128 1823 τῆς
3163 1752 3366 1824 ἀρετῆς
3413 1751 3512 1822 ὀψὲ
3555 1751 3688 1821 γοῦν
3744 1769 3877 1806 ποτε

2205 1837 2592 1908 ἐπιλαθώμεθα
2618 1879 2634 1905 ,
2673 1839 2765 1893 καὶ
2817 1837 2928 1892 τῶν
2953 1838 3013 1891 ὲν
3047 1839 3181 1909 ἡμῖν
3236 1837 3425 1892 παθῶν
3455 1838 3555 1906 τὴν
3586 1830 3879 1906 διόρθωσιν

2205 1923 2600 1995 ἐπιδειξάμενοι
2634 1923 2968 1995 ἐπιτηδείους
3000 1924 3228 1987 ἑαυτοὺς
3270 1921 3724 1995 ἀπεργασὼμεθα
3750 1921 3874 1994 [‘H]

2206 2009 2342 2079 πρὸς
2364 2010 2460 2079 τήν
2488 2009 2583 2063 τοῦ
2612 2009 2930 2080 Πνεύματος
2955 2009 3223 2079 ὑποδοχήν
3249 2027 3262 2043 ο
3292 2003 3361 2081 ἧς
3412 2008 3625 2077 γένοιτο
3662 2009 3877 2074 πάντας

2203 2097 2351 2168 ἡμᾶς
2381 2095 2712 2166 ἀξιωθῆναι,
2745 2096 2928 2168 χάριτι
2951 2097 3045 2150 καὶ
3087 2092 3469 2166 φιλανθρωπία
3513 2094 3610 2148 τοῦ
3663 2095 3877 2162 Κυρίου

2204 2183 2360 2252 ἡμῶν
2394 2181 2567 2252 Ἰησοῦ
2594 2182 2850 2253 Χριστοῦ,
2884 2182 3003 2254 μεθ’
3026 2177 3087 2236 οῦ
3121 2180 3197 2251 τῷ
3223 2181 3414 2252 Πατρὶ.
3437 2181 3555 2250 ἅμα
3603 2179 3682 2250 τῷ
3733 2181 3879 2250 δηιιφ

2205 2268 2502 2339 Πνεύματι,
2537 2269 2686 2336 δόξα,
2708 2268 2929 2339 κράτος,
2961 2269 3120 2339 τιμὴ,
3151 2267 3244 2321 νῦν
3267 2269 3359 2320 καὶ
3381 2267 3467 2320 ἀεὶ
3501 2267 3595 2321 καὶ
3634 2267 3716 2330 εἰς
3747 2265 3880 2330 τοὺς

2204 2355 2406 2418 αἰῶνας
2433 2353 2540 2408 τῶν
2563 2355 2796 2410 αἰώνων.
2837 2356 3028 2426 Ἀμήν.

2852 2493 3093 2548 ΟΜΙΔΙΑ
3125 2491 3218 2546 IB’.

2205 2617 2306 2681 Εἰς
2334 2614 2407 2667 τὰ
2430 2613 2734 2670 ἀκόλουθα
2772 2612 2880 2680 τῆς
2913 2615 3192 2680 κτίσεως·
3230 2632 3248 2664 ι
3279 2613 3445 2681 Αὕτη
3470 2613 3509 2681 ἠ
3528 2615 3756 2680 βίϐλος
3776 2632 3876 2681 πιε-

2272 2664 2502 2754 νέσεῶς
2515 2664 2790 2754 δελετεδ
2806 2664 3001 2754 agat
3015 2664 3178 2754 ἀοὶῑξῑ,
3192 2664 3877 2754 δτι-εειέξεί

2270 2752 2562 2820 ἐποίησεν
2594 2750 2626 2806 ό
2657 2751 2797 2816 Θεὸς
2832 2750 2940 2805 τὸν
2966 2750 3228 2819 οὐρανὸν
3257 2750 3367 2806 καί
3388 2756 3503 2821 τὴν
3532 2750 3672 2822 γῆν.
3703 2750 3725 2806 ὁ

2271 2895 2339 2944 α’.
2353 2886 2490 2960 Φέρε
2510 2887 2575 2957 δὴ
2600 2888 2838 2958 σήμερον
2861 2886 3240 2959 πληρώσωμεν
3256 2889 3411 2958 ἡμῶν
3427 2889 3528 2960 τὴν
3549 2890 3874 2961 ὑπόσχεσιν,

2203 2977 2299 3029 καὶ
2323 2965 2422 3045 τῆς
2457 2974 2719 3044 συνήθους
2747 2973 3012 3044 ἁψώμεθα
3037 2974 3404 3039 διδασκαλίας,
3431 2975 3526 3028 καὶ
3549 2976 3616 3048 τῇ
3643 2976 3875 3030 ἀκολου-

2202 3062 2294 3133 θίᾳ
2327 3061 2436 3116 τῶν
2469 3060 2659 3131 πρῴην
2697 3061 3005 3132 εἰρημένων
3039 3061 3364 3131 συνάψωμεν
3393 3064 3484 3115 καὶ
3507 3062 3576 3116 τά
3603 3063 3873 3133 μέλλοντα

2200 3147 2295 3201 νῦν
2321 3147 2673 3218 ῥηθήσεσθαι,
2724 3148 2869 3200 Ἴστε
2899 3145 3032 3217 γὰρ,
3083 3147 3166 3200 ὅτι
3197 3147 3290 3200 καὶ
3314 3147 3458 3213 άπαξ
3491 3149 3588 3201 καὶ
3611 3149 3874 3219 δεύτερον

2201 3233 2523 3295 σπεύδοντας
2545 3233 2713 3302 ἡμᾶς,
2729 3232 2824 3285 καὶ
2852 3231 3207 3302 βουλομένους
3225 3231 3383 3286 τοῦτο
3403 3233 3653 3304 ποιῆσαι,
3677 3237 3712 3306 ἡ
3737 3237 3874 3308 περὶ

2197 3323 2322 3384 τοὺς
2370 3319 2633 3386 ἀδελφοὺς
2678 3319 2804 3381 τοὺς
2844 3318 3146 3388 ἡμετέρους
3190 3319 3416 3390 πρόνοια
3469 3321 3568 3391 τὴν
3612 3321 3874 3390 γλῶτταν

2199 3403 2330 3477 ἡμῖν
2363 3407 2445 3468 εἰς
2470 3405 2571 3474 τὴν
2604 3404 2740 3475 πρὸς
2768 3405 3009 3467 ἐκείνους
3037 3405 3357 3475 παραίνεσιν
3389 3408 3689 3477 μετήγαγε.
3726 3411 3872 3463 non

2202 3494 2300 3562 μὲν
2323 3491 2433 3562 γὰρ
2460 3491 2588 3554 τοὺς
2617 3491 2973 3560 νενοσηκότας
2997 3490 3104 3542 τῶν
3141 3489 3405 3559 ἀδελφῶν,
3453 3493 3549 3546 καὶ
3578 3494 3669 3550 διά
3699 3512 3872 3567 συνη-

2197 3578 2348 3640 θείας
2404 3576 2674 3648 πρόληψιν
2728 3574 3123 3644 ἀποσχίζοντας
3177 3575 3402 3640 ἑαυτοὺς
3447 3577 3544 3632 τοῦ
3600 3580 3872 3651 συλλόγου

2195 3664 2384 3717 τούτου
2423 3663 2517 3716 τοῦ
2570 3661 2972 3732 πνευματικοῦ.
3025 3664 3119 3716 καὶ
3165 3662 3262 3733 τὴν
3312 3665 3507 3734 ήδονὴν
3545 3665 3647 3737 τῆς
3700 3669 3874 3736 άγίας

2198 3750 2391 3820 ἑορτῆς
2419 3750 2446 3789 δ
2474 3752 2607 3820 ἡμῖν
2637 3747 3169 3820 ἀκρωτηριάζοντας,
3199 3750 3288 3804 διά
3316 3738 3413 3821 τῆς
3443 3752 3647 3823 πολλῆς
3684 3771 3869 3826 παρα.

2197 3836 2439 3907 κλήσεως
2467 3835 2561 3887 καὶ¹
2587 3834 2893 3904 συμϐουλῆς
2920 3834 3231 3904 ὲπείθομεν,
3273 3835 3347 3907 μὴ
3379 3837 3471 3890 ἐπὶ
3509 3838 3646 3891 πολὺ
3692 3841 3867 3912 χωρί-

2196 3923 2310 3987 ζειν
2335 3922 2555 3985 ἑαυτοὺς
2583 3922 2684 3992 τῆς
2721 3921 2814 3974 τοῦ
2853 3921 3090 3993 Χριστοῦ
3135 3922 3391 3992 ποίμνης,
3436 3923 3571 3995 μηδὲ
3612 3923 3724 3989 ἔξω
3766 3927 3866 3981 τοῦ

2197 4005 2368 4078 σηκοῦ
2409 4006 2598 4060 τούτου
2637 4007 2732 4060 τοῦ
2781 4007 3152 4076 πνευματικοῦ
3175 4007 3498 4070 πλανᾶσθαι.
3527 4009 3621 4063 καί⁵
3648 4011 3731 4082 τῷ
3765 4013 3870 4083 μὲν

2195 4093 2339 4164 λόγῳ
2367 4095 2463 4147 καὶ
2486 4090 2565 4161 τῷ
2590 4091 2814 4160 ὀνόματι
2860 4091 2991 4160 ἡμῖν
3017 4090 3277 4162 ἡνῶσθαι,
3299 4095 3366 4164 τῇ
3390 4094 3445 4147 δὲ
3464 4094 3696 4169 ἀληθείᾳ
3735 4099 3869 4153 Ἴου.

2194 4179 2367 4241 δαίοις
2383 4177 2800 4232 κατακολουθεῖν
2832 4179 2944 4240 τοῖς
2968 4178 3062 4231 ἐπὶ
3091 4180 3159 4249 τῇ
3195 4181 3321 4249 σκιᾷ
3350 4181 3866 4254 παρακαθημένοις,

2195 4265 2290 4319 καὶ
2321 4263 2398 4332 τῷ
2428 4263 2608 4332 λύχνῳ
2657 4261 3118 4333 προσηλωμένας,
3157 4264 3296 4334 μετά
3327 4265 3424 4336 τὴν
3458 4266 3730 4338 ἐλλαμψιν
3766 4271 3866 4327 τοῦ

2194 4355 2290 4424 τῆς
2324 4351 2666 4422 δικαιοσύνης
2692 4351 2844 4421 ἡλίου
2863 4366 2878 4381 ⁶
2908 4352 3038 4404 ποτὲ
3057 4352 3116 4404 δὲ
3141 4352 3250 4405 τῶν
3273 4353 3506 4408 ἐνταῦθα
3529 4355 3869 4432 συλλεγομ.

2194 4456 2301 4494 νων
2325 4441 2448 4501 τοὺς
2466 4440 2744 4508 ἀμυήτους
2765 4437 3213 4509 παρεκαλέσαμεν
3239 4440 3558 4510 ἐπιδραμεῖν
3580 4444 3644 4514 τῇ
3669 4445 3866 4517 κλήσει

2197 4529 2264 4596 τῇ
2299 4525 2665 4593 πνευματικῇ,
2697 4524 2790 4576 καὶ
2819 4524 2995 4576 πάντα
3025 4522 3215 4587 ὕπνον,
3247 4526 3344 4578 καὶ
3372 4527 3554 4581 πᾶσαν
3586 4529 3864 4602 ῥᾳθυμίαν

2199 4609 2718 4678 ἀποτιναξαμένους,
2747 4607 2896 4677 πόθῳ
2920 4607 3117 4672 ζέοντι,
3158 4609 3252 4662 καὶ
3297 4610 3577 4683 προθυμίᾳ
3605 4630 3866 4671 συντετα-

2200 4698 2335 4769 μένῃ
2360 4696 2608 4765 ἑτοίμους
2637 4695 2863 4756 ἑαυτοὺς
2884 4694 3020 4764 πρὸς
3039 4694 3137 4765 τὴν
3162 4694 3426 4766 ὑποδοχὴν
3445 4697 3548 4767 τῆς
3571 4699 3866 4772 βασιλικῆς

2195 4783 2400 4852 δωρεᾶς
2427 4779 2864 4850 ἀπεργάσασθαι,
2891 4780 2983 4833 καὶ
3011 4777 3246 4833 σπεῦσαι
3267 4781 3404 4852 πρὸς
3423 4781 3512 4835 τὸν
3536 4785 3638 4855 τήν
3666 4787 3864 4857 ἄφεσιν

2192 4868 2301 4919 τῶν
2322 4865 2497 4934 πεπλη
2507 4864 2683 4933 μμελη
2692 4863 2866 4932 μένων
2886 4863 3248 4939 δωρούμενον,
3283 4865 3376 4919 καὶ
3403 4866 3471 4920 τὰ
3490 4869 3663 4939 μυρία
3682 4873 3863 4941 ἀγαθά

2195 4951 2336 5022 μετά
2366 4950 2642 5020 δαψιλείας
2672 4949 3001 5019 παρέχοντα.
3051 4948 3202 5002 Ἐπεὶ
3231 4947 3324 5003 οὖν
3347 4952 3572 5006 καὶτῶν
3604 4958 3736 5028 περὶ
3761 4961 3860 5031 τὴν

2193 5039 2284 5092 τοῦ
2312 5040 2493 5107 πάσχα
2517 5037 2712 5107 ἑορτὴν
2743 5035 3146 5104 σφαλλομένων,
3167 5036 3257 5089 καὶ
3279 5037 3364 5091 διά
3379 5039 3478 5109 τῆς
3494 5043 3862 5117 νομιζομένης

2191 5123 2393 5192 ταύτης
2427 5123 2630 5192 μικρᾶς
2651 5122 3085 5192 παρατηρήσεως
3113 5123 3325 5192 μεγάλα
3354 5125 3581 5190 ἑαυτοὺς
3609 5129 3862 5200 ζημιούν-

2187 5224 2314 5268 των,
2355 5206 2451 5276 τὴν
2503 5209 2633 5276 ἡμῖν
2680 5204 3054 5274 ἁρμόττουσαν
3121 5208 3373 5276 πρόνοιαν
3455 5212 3859 5284 ἐποιησάμεθα,

2188 5291 2519 5362 κατάλληλον
2549 5292 2726 5345 αὑτῶν
2751 5290 2830 5361 τῷ
2863 5291 3135 5362 τραύματι
3168 5292 3266 5364 τὴν
3315 5295 3613 5365 θεραπείαν
3655 5302 3859 5372 ἐπαγαο

2186 5378 2394 5443 γόντες,
2447 5378 2539 5429 καὶ
2566 5380 2681 5439 τοῖς
2731 5376 2998 5445 ἀμυήτοις
3030 5377 3128 5447 τὴν
3160 5381 3540 5449 προσήκουσαν
3570 5385 3852 5440 νουθεσίαν

2187 5460 2627 5530 προσηγάγομεν,
2655 5459 2945 5514 ἀκόλουθον
2973 5461 3038 5515 ἂν
3063 5461 3146 5530 είη
3174 5462 3375 5528 λοιπὸν,
3408 5465 3593 5536 ἐπειδὴ
3625 5471 3763 5538 πρὸς
3788 5474 3857 5526 τά

2184 5547 2575 5614 κατεπείγοντα
2607 5548 2714 5601 τῶν
2767 5547 3089 5616 νοσημάτων
3133 5549 3388 5620 ἔστημεν,
3437 5553 3532 5603 καὶ
3577 5553 3639 5606 τὸ
3670 5557 3851 5611 αὐτῶν

2185 5633 2600 5704 ὲπληρώσαμεν,
2637 5637 2787 5702 κοινῇ
2824 5636 2987 5686 πᾶσιν
3027 5635 3155 5702 ὑμῖν
3190 5638 3430 5706 σήμερον
3462 5639 3704 5694 ἑστίασιν
3748 5662 3852 5697 πα-

2190 5721 2430 5792 ραθεῖναι
2460 5719 2555 5790 τὴν
2579 5721 2969 5790 πνευματικήν.
2993 5721 3201 5792 ’Ὠσπερ
3223 5723 3330 5793 γὰρ
3358 5725 3534 5796 πρὶνῆ
3565 5727 3676 5784 τῶν
3698 5729 3852 5788 ἀδελ.

2247 5870 2275 5911 δ
2303 5870 2424 5932 Reg.
2453 5882 2578 5920 unus
2601 5875 2682 5929 τῆς
2725 5875 3036 5933 πνευματικῆς
3070 5877 3252 5933 εορτής,
