4038 6382
223 343 299 404 9⁸1

228 457 579 522 obsisterent,
629 466 693 507 ac
741 454 967 505 mentes»
996 441 1386 514 simpliciorum
1416 432 1831 493 subverterent?

228 549 401 619 Igitur
426 555 485 602 ut
510 544 665 609 dixit,
694 540 822 595 Plus
851 555 963 610 ego,
992 542 1271 595 enumerat
1293 539 1476 602 postea
1502 524 1834 619 fortitudinis

233 617 349 695 sua:
382 638 635 708 pnnclara
663 647 850 703 opera,
880 639 934 685 et
956 627 1128 697 inquit
1154 640 1168 677 :
1198 623 1270 678 In
1291 621 1548 678 laboribus
1578 617 1834 708 plurimis,

238 731 292 784 in
324 703 488 799 plagis
514 741 674 793 supra
710 721 916 775 modum
938 759 955 782 ,
1004 719 1058 771 in
1086 714 1330 768 mortibus
1353 711 1658 781 frequenter.
1701 703 1838 773 Quid

238 819 411 876 dicis?
439 813 777 885 Stupendum
804 819 858 867 et
877 807 1192 865 admirabile
1221 812 1304 860 est
1329 801 1469 874 quod
1496 815 1524 854 a
1549 809 1600 854 te
1626 798 1835 853 dicitur.

245 911 408 966 Estne
435 906 581 962 enim
612 902 887 975 possibile,
922 908 980 954 ut
1008 898 1296 968 quissaepe
1324 890 1617 947 moriatur?
1641 888 1839 951 Etiam,

243 998 459 1070 inquit,
510 994 755 1067 quamvis
796 1005 904 1046 non
948 987 1137 1043 mortis
1180 981 1513 1053 experientia
1540 1020 1555 1046 ,
1604 988 1840 1032 attamen

245 1068 508 1146 moriendi
551 1083 828 1156 proposito
852 1097 866 1134 :
898 1080 1098 1135 docens
1127 1090 1247 1142 nos,
1277 1072 1503 1143 subinde
1528 1084 1587 1124 se
1612 1068 1682 1123 ob
1707 1069 1844 1136 pra:-

250 1181 573 1237 dicationem
603 1174 792 1231 mortis
821 1170 1056 1243 pericula
1081 1167 1277 1223 adiisse
1296 1205 1312 1231 ,
1334 1163 1430 1220 sed
1472 1162 1563 1217 Dei
1589 1159 1757 1230 gratia
1789 1157 1843 1211 in

252 1270 445 1328 mediis
473 1266 725 1340 periculis
755 1264 1014 1319 athletam
1059 1265 1329 1314 servatum
1355 1294 1371 1322 ,
1415 1266 1523 1324 quo
1566 1248 1843 1318 discipulis

250 1361 418 1431 magis
445 1356 746 1430 prodesset.
788 1352 856 1409 In
893 1350 1171 1415 mortibus,
1214 1345 1407 1416 inquit,
1456 1343 1845 1431 frequentanti

248 1428 462 1508 Iudicis
477 1449 742 1521 quinquies
763 1444 1102 1514 quadraginta
1123 1440 1302 1509 plagas
1325 1452 1429 1490 una
1454 1434 1620 1488 minus
1646 1428 1842 1521 accepi,

251 1554 327 1598 tcr
352 1520 505 1613 virgis
542 1554 703 1593 casus
728 1552 862 1599 sum,
888 1532 1046 1587 semel
1085 1528 1375 1599 lapidatus,
1418 1534 1493 1579 ter
1520 1520 1848 1591 naufragium

254 1639 372 1707 feci,
388 1642 654 1689 noctentac
681 1631 814 1685 diem
835 1625 1165 1699 inprofundo
1189 1623 1304 1694 egi;
1330 1622 1383 1674 in
1400 1617 1662 1673 itineribus
1688 1630 1844 1683 stupe,

257 1705 497 1798 periculis
540 1721 805 1793 (luntinum
834 1758 850 1785 ,
898 1715 1133 1786 periculis
1182 1714 1436 1766 latronum
1460 1750 1474 1775 ,
1524 1705 1761 1777 periculis
1790 1719 1853 1757 ea:

257 1794 459 1888 genere,
490 1810 728 1883 periculis
757 1824 824 1863 ea:
850 1804 1099 1877 gentibus,
1131 1800 1367 1871 periculis
1404 1814 1466 1852 ea:
1497 1797 1642 1866 falsis
1678 1794 1855 1866 fratri-

259 1886 392 1970 ltus,
438 1902 675 1974 periculis
706 1900 763 1953 in
803 1894 1084 1951 ciuitatibus
1112 1932 1129 1961 ,
1180 1890 1419 1961 periculis
1456 1889 1510 1943 in
1544 1886 1817 1942 solitudine
1835 1924 1852 1950 ,

262 1995 504 2066 periculis
528 1994 581 2048 in
609 1992 740 2046 mari
769 1989 846 2063 (2.
875 1989 994 2044 Cor.
1036 1987 1124 2041 Η.
1155 1982 1393 2052 ile-26).
1435 1980 1513 2036 Ne
1542 1978 1855 2047 simpliciter

262 2096 647 2160 praetereamus
700 2082 817 2137 hinc
868 2080 1007 2135 dicta
1035 2117 1055 2145 ,
1108 2075 1291 2131 dilecti
1346 2092 1359 2126 :
1412 2086 1534 2125 nam
1582 2068 1859 2160 quodlibet

264 2159 455 2235 borum
504 2191 599 2246 per
645 2189 705 2228 se
753 2171 926 2226 solum
970 2168 1197 2238 pelagus
1240 2160 1459 2233 aliquod
1508 2159 1857 2215 tentatiouum

264 2270 425 2326 nobis
444 2266 704 2323 ostendit.
730 2263 850 2319 Non
876 2261 1020 2317 enim
1040 2256 1356 2327 simpliciter
1379 2254 1479 2308 iter
1499 2267 1663 2307 unum
1688 2249 1823 2306 dixit
1843 2265 1858 2303 ε

266 2362 387 2429 sed,
417 2360 483 2414 In
508 2357 770 2413 itineribus
816 2369 950 2425 serpe
1000 2368 1019 2407 :
1066 2364 1239 2420 neque
1278 2363 1441 2403 unum
1471 2344 1765 2416 periculum
1808 2343 1863 2396 in

267 2451 466 2515 ﬂuviis,
499 2448 595 2504 sed
638 2446 803 2501 multa
832 2455 886 2500 et
909 2444 1082 2506 varia;
1110 2451 1165 2497 et
1201 2440 1380 2495 omnia
1423 2436 1623 2507 ingenti
1652 2434 1867 2490 fortitu-

266 2544 394 2598 dine
438 2541 578 2596 tulit.
629 2539 695 2594 Et
724 2544 847 2610 post
869 2536 984 2594 haec
1011 2534 1191 2591 omnia
1228 2533 1421 2587 iterum
1449 2530 1619 2600 inquit
1650 2544 1663 2581 :
1697 2526 1765 2582 In
1790 2527 1869 2581 la-

270 2636 390 2688 bore
409 2642 455 2687 ct
480 2646 733 2699 erumna,
760 2631 814 2684 in
838 2629 1022 2700 uigiliis
1037 2642 1193 2697 sirpe,
1218 2626 1271 2680 in
1292 2624 1431 2696 [ante
1454 2636 1499 2678 et
1528 2623 1633 2690 siti,
1656 2622 1709 2676 in
1726 2622 1870 2694 jeju-

270 2728 369 2781 uiis
394 2741 549 2793 sape,
570 2726 623 2778 in
650 2724 840 2795 [rigore
857 2731 905 2776 ct
931 2721 1180 2786 nuditate,
1204 2726 1386 2789 prater
1412 2716 1507 2772 illa
1524 2730 1638 2787 quas
1666 2714 1863 2770 extrin-

270 2829 414 2870 secus
443 2824 559 2869 sunt
594 2812 705 2883 (Ib.
734 2810 1045 2882 υ.2“1.28).

345 2907 399 2961 7.
440 2904 594 2960 Pauli
618 2918 859 2958 arumnis
885 2902 1059 2956 variis.
1089 2930 1161 2940 —
1185 2898 1319 2955 Vide
1361 2899 1553 2953 iterum
1592 2894 1734 2950 aliud
1772 2910 1870 2964 pe-

273 3000 429 3070 lngus
458 2997 808 3053 tentationum
842 2994 998 3047 nobis
1025 2993 1241 3061 aperiri.
1275 2990 1344 3045 Ut
1369 2990 1509 3045 enim
1538 2987 1693 3054 dixit,
1724 2986 1875 3040 Prw-

277 3098 354 3143 ter
380 3086 473 3142 illa
507 3101 621 3156 qui:
655 3085 966 3140 extrinsecus
1000 3091 1142 3148 sunt,
1180 3080 1470 3135 insinuavit
1512 3077 1874 3148 praetermissa

280 3183 431 3252 plura
460 3193 601 3241 esse,
634 3191 792 3247 quam
835 3190 954 3245 quas
979 3175 1120 3229 dicta
1147 3181 1291 3227 sunt.
1326 3171 1510 3240 Neque
1538 3170 1620 3223 his
1655 3177 1879 3223 conten-

280 3283 367 3327 tus
398 3269 517 3337 fuit,
544 3284 727 3323 verum
755 3283 853 3322 nos
882 3266 1039 3321 docet
1071 3279 1345 3335 pressuras
1370 3272 1424 3317 et
1446 3261 1880 3330 conspirationes

280 3376 415 3434 quas
440 3359 712 3424 sustinuit,
746 3360 825 3412 sic
848 3356 1033 3412 dicens
1067 3371 1079 3409 :
1112 3355 1363 3408 lnstantia
1412 3368 1523 3407 mea
1560 3352 1877 3422 quotidiana,

283 3451 571 3506 sollicitudo
592 3451 814 3504 omnium
842 3446 1215 3501 Ecclesiarum.
1238 3444 1375 3498 Ecce
1398 3442 1503 3497 hoc
1524 3442 1726 3497 bonum
1746 3456 1882 3511 opus

285 3544 370 3598 vel
390 3543 604 3597 unicum
622 3540 893 3595 sufﬁciens
910 3547 1013 3602 est,
1029 3548 1086 3591 ut
1101 3551 1344 3592 summus
1362 3534 1461 3606 ipsi
1479 3534 1730 3588 virtutum
1746 3547 1883 3603 apex

285 3634 593 3706 tribuatur;
638 3628 969 3694 Sollicitudo,
1016 3626 1209 3696 inquit,
1252 3626 1477 3679 ominium
1513 3622 1885 3690 Ecclesiarum,

287 3739 393 3778 non
416 3723 594 3785 unius,
617 3720 701 3775 vel
726 3718 976 3785 duarum,
1007 3718 1090 3773 vel
1115 3718 1298 3781 trium,
1354 3715 1449 3771 sed
1485 3714 1724 3769 omnium
1766 3728 1886 3783 qua:

289 3817 343 3871 in
397 3824 509 3869 toto
553 3812 707 3867 orbe.
752 3810 890 3867 Nam
930 3818 1183 3879 quantam
1226 3815 1422 3861 terram
1457 3806 1537 3859 sol
1580 3804 1742 3859 radiis
1776 3803 1888 3858 suis

294 3908 545 3971 illustrat,
576 3913 781 3958 tantam
810 3917 994 3957 curam
1022 3910 1077 3955 et
1105 3897 1521 3953 sollicitudinem
1543 3896 1727 3950 habuit
1750 3896 1886 3951 Pau-

292 3996 395 4050 lus.
425 3994 614 4049 Vidisti
639 3993 973 4047 latitudinem
1005 3990 1212 4044 animi?
1243 3988 1422 4044 vidisti
1446 3988 1644 4043 mentis
1686 3987 1890 4056 magni-

293 4086 576 4142 tudinem?
607 4084 724 4139 Jam
767 4083 908 4153 quod
945 4080 1321 4150 subsequitur,
1355 4080 1534 4133 omnia
1574 4078 1889 4148 superiora,

293 4190 351 4232 ut
376 4179 447 4232 ita
486 4177 682 4243 dicam,
722 4176 977 4245 contegit.
1035 4172 1163 4239 Quis
1188 4174 1330 4227 enim
1359 4173 1679 4238 inﬁrmatur,
1699 4172 1890 4241 inquit,

290 4282 455 4340 stch
482 4287 591 4323 non.
626 4267 904 4338 inﬁrmor?
959 4268 1071 4335 quis
1116 4264 1521 4328 scandalizatur,
1565 4248 1611 4317 et
1655 4280 1746 4333 ego
1790 4280 1891 4318 non

291 4378 415 4415 uror
438 4358 457 4431 (
482 4361 537 4413 2.
564 4360 686 4415 Cor.
717 4359 803 4413 ll.
828 4357 900 4413 ‘29
947 4356 965 4428 )
994 4358 1017 4410 ?
1048 4357 1229 4425 Papae,
1256 4366 1488 4425 quantus
1508 4354 1606 4409 viri
1632 4355 1791 4424 hujus
1838 4356 1897 4409 in

296 4453 437 4506 ﬁlios
466 4467 624 4505 amor
645 4460 700 4505 et
730 4450 1059 4518 indulgentia
1092 4450 1107 4503 l
1139 4454 1335 4519 qnanta
1376 4448 1648 4518 vigilantia
1673 4449 1689 4501 Ξ
1718 4463 1891 4517 quan-

296 4553 347 4597 ta
364 4555 493 4597 cura
529 4544 543 4594 l
577 4540 707 4607 Quas
746 4549 916 4593 mater
940 4540 1017 4593 sic
1060 4538 1329 4593 cruciatur
1355 4538 1493 4591 intra
1525 4539 1733 4592 viscera
1782 4536 1897 4591 lilio

298 4632 452 4688 febre
476 4632 775 4695 laborante,
822 4638 881 4684 et
923 4630 975 4683 in
1012 4629 1153 4684 lecto
1195 4628 1573 4693 decumbente,
1609 4637 1666 4682 ut
1707 4627 1897 4682 beatus

296 4724 390 4780 ille
432 4738 532 4794 pro
569 4724 759 4793 quovis
806 4723 1037 4786 inlirmo,
1084 4736 1425 4791 quocumque
1456 4720 1542 4774 ille
1565 4721 1685 4773 loco
1727 4728 1898 4787 esset,

298 4816 693 4877 iul‘mnabatur,
725 4822 780 4868 et
810 4829 905 4882 pro
950 4812 1323 4867 seandalizatis
1360 4812 1654 4867 urebatur?
1702 4811 1893 4866 Consi-

297 4906 426 4961 dera
450 4905 611 4967 enim,
639 4917 845 4974 quasso,
866 4904 1151 4956 verborum
1176 4904 1428 4956 latentem
1457 4904 1561 4955 vim
1596 4911 1650 4956 et
1674 4903 1897 4970 empha-

296 4998 401 5052 sin.
436 4994 551 5050 Non
578 4994 740 5059 dixit,
770 4993 901 5060 Quis
926 4992 1335 5056 scandalizatur,
1364 5000 1419 5045 et
1444 5006 1543 5061 ego
1570 5005 1675 5044 non
1699 4992 1899 5046 doleo?

297 5088 417 5153 sed,
462 5086 616 5149 Uror,
676 5084 882 5152 inquit,
930 5083 1199 5137 intensnm
1242 5081 1397 5136 nobis
1440 5081 1681 5136 dolorem
1720 5082 1899 5137 decla-

292 5194 447 5243 rans,
472 5178 624 5248 quasi
641 5177 1044 5233 demonstraret
1062 5190 1121 5229 se
1147 5174 1470 5229 intrinsecus
1502 5174 1713 5230 incendi
1742 5184 1796 5229 et
1817 5181 1899 5229 uri

298 5286 398 5340 pro
424 5271 489 5323 iis
508 5268 596 5339 qui
624 5267 1050 5322 ol'fendebantur.
1078 5266 1204 5321 Scio
1232 5281 1318 5320 me
1356 5267 1408 5319 in
1441 5281 1686 5337 magnam
1739 5268 1902 5337 proli-

305 5363 530 5417 xitatem
580 5359 891 5415 extendisse
944 5358 1265 5425 doctrinam,
1311 5358 1555 5428 quamvis
1611 5367 1898 5413 statueram

307 5451 469 5505 hodie
498 5450 712 5505 brevior
740 5464 883 5515 esse,
924 5459 983 5502 ut
1008 5449 1279 5517 paululum
1312 5464 1339 5501 a
1364 5449 1549 5518 jejunii
1571 5449 1754 5503 labore
1776 5464 1900 5518 pos-

300 5540 421 5595 sitis
449 5540 715 5608 respirare
739 5556 753 5593 :
781 5538 872 5594 sed
891 5540 1072 5593 nescio
1092 5538 1382 5607 quomodo,
1408 5549 1462 5593 ut
1492 5539 1543 5591 in
1576 5538 1787 5594 divitias
1808 5540 1903 5593 bo-

302 5646 494 5689 norum
538 5644 761 5704 alterum
818 5629 974 5701 hujus
1021 5629 1191 5685 sancti
1237 5628 1421 5697 incidi,
1477 5629 1711 5699 linguam
1765 5631 1898 5688 mihi

1360 323 1428 381 IN
1463 321 1618 380 CAP.
1647 318 1710 376 ll.
1739 316 1986 377 GENES.
2026 315 2256 373 llOMlL.
2299 315 2417 373 XII.

1930 434 2081 506 quasi
2110 434 2279 504 rapidi
2308 432 2543 488 ﬂuminis
2574 430 2656 485 vis
2680 426 2875 500 rapuit.
2909 427 3199 495 PrOptcrea
3229 426 3317 483 hic
3362 426 3533 483 finiens
3638 405 3643 411 ’

1931 525 2141 580 dicendi
2182 524 2404 588 faciens,
2427 537 2525 576 oro
2560 507 2841 575 caritatem
2881 528 3137 583 vestram,
3185 527 3241 573 ut
3282 518 3538 574 continue

1932 618 2083 673 illum
2116 618 2168 671 in
2208 623 2390 671 mente
2438 613 2847 676 circumferatis,
2892 620 2947 667 et
2991 610 3219 681 subinde
3266 614 3535 681 cogitetis,

1932 726 2055 765 eum
2113 708 2357 778 ejusdem
2406 707 2687 761 nobiscum
2725 714 2931 760 natura:
2963 712 3293 769 consiirtem,
3344 702 3539 759 iisdem

1934 801 2306 857 aliectionibus
2348 797 2663 864 obnoxium,
2704 796 2976 866 opilicium
3016 794 3124 849 vile
3185 809 3249 848 ac
3294 805 3540 848 contem~

1934 907 2083 966 ptum
2111 902 2452 949 exercentem
2485 891 2700 960 pellium
2721 898 2983 952 sutorem,
3015 896 3069 941 et
3091 887 3141 941 in
3173 885 3403 941 ofllcinis
3428 885 3538 941 fre-

1934 995 2208 1055 quentem,
2242 985 2363 1053 quia
2386 983 2557 1037 voluit
2581 990 2636 1036 et
2677 980 2918 1036 decrevit
2958 980 3215 1033 virtutum
3257 977 3435 1033 studio
3479 991 3543 1033 se

1935 1076 2260 1147 mancipare,
2283 1083 2336 1129 et
2373 1073 2622 1128 idoneum
2666 1086 2726 1126 se
2770 1072 3099 1126 constituere
3142 1066 3543 1137 receptaculum

1934 1167 2163 1237 Spiritus
2204 1165 2397 1229 sancti,
2455 1162 2652 1235 largius
2688 1178 2902 1233 quoque
2944 1176 3173 1231 superna
3224 1160 3546 1215 liberalitate

1935 1261 2163 1332 potitum
2189 1274 2330 1315 esse.
2370 1258 2436 1313 Et
2468 1272 2569 1313 nos
2610 1258 2757 1324 item,
2801 1256 2846 1311 si
2884 1254 3217 1309 voluerimus
3252 1253 3395 1323 quod
3440 1267 3540 1306 no-

1935 1364 2105 1408 strum
2154 1362 2237 1407 est
2280 1351 2478 1417 facere,
2523 1350 2658 1404 nihil
2702 1347 3007 1419 prohibebit
3046 1347 3238 1401 eadem
3267 1358 3367 1398 nos
3401 1345 3540 1399 bona

1937 1442 2215 1512 consequi.
2257 1441 2517 1497 Liberalis
2546 1439 2688 1495 enim
2717 1447 2799 1495 est
2830 1436 3108 1498 Dominus.
3150 1444 3205 1489 et
3256 1434 3375 1488 Vult
3424 1450 3537 1488 ont-

1938 1552 2026 1590 nes
2054 1535 2280 1589 homines
2319 1533 2483 1587 salvos
2522 1532 2653 1600 ﬁeri,
2685 1539 2837 1599 atque
2877 1528 2945 1581 ad
2973 1528 3281 1598 agnitionem
3322 1525 3546 1579 veritatis

1939 1628 2208 1698 uenire“.
2244 1625 2378 1681 Tim.
2403 1626 2456 1680 2.
2491 1625 2817 1695 4).-[)ἰεηοε
2847 1622 3005 1692 igitur
3051 1635 3150 1674 nos
3195 1620 3341 1690 ipsos
3387 1618 3541 1671 exiti.

1943 1723 2188 1787 beamus,
2222 1734 2283 1775 ac
2310 1718 2533 1772 ferventi
2558 1716 2831 1771 alacritate
2856 1714 3105 1769 virtutem
3138 1712 3221 1766 vel
3245 1726 3371 1765 sero
3419 1720 3541 1764 tan-

1944 1811 2064 1868 dem
2094 1810 2582 1882 apprehendamus,
2608 1815 2663 1862 et
2689 1805 2998 1860 affectiones
3024 1812 3238 1858 nostras
3266 1801 3543 1871 corrigen-

1946 1914 2048 1971 tes,
2072 1904 2295 1959 idoneos
2322 1918 2419 1957 nos
2449 1900 2735 1955 reddamus
2760 1896 2825 1952 ad
2854 1896 3113 1967 Spiritum
3162 1902 3409 1949 sanctum
3453 1908 3539 1947 r3-

1946 1995 2251 2067 cipiendum
2283 2013 2296 2049 :
2329 1994 2470 2065 quod
2493 2000 2550 2047 ut
2588 2004 2913 2053 mereamur,
2959 1986 3223 2043 concedat
3265 1985 3436 2057 gratia
3490 1991 3557 2038 et'

1948 2090 2246 2159 benignitas
2289 2084 2500 2141 Domini
2544 2082 2710 2137 nostri
2740 2080 2864 2137 Jesu
2891 2078 3111 2145 Christi,
3133 2078 3349 2148 quicum
3409 2075 3570 2130 Patri.

1950 2178 2131 2245 simul,
2162 2176 2447 2246 etSpiritu'
2488 2180 2676 2227 sancto
2697 2171 2765 2227 sit
2786 2169 2979 2240 gloria,
3004 2167 3289 2237 imperium
3342 2173 3401 2220 et
3445 2163 3549 2219 ho-

1951 2285 2075 2340 nor,
2104 2283 2245 2325 nunc
2272 2279 2328 2324 et
2345 2279 2585 2336 semper,
2609 2264 2738 2320 etin
2765 2260 2961 2317 sarcula
2988 2258 3329 2317 seculorum.
3352 2257 3553 2311 Anien.

2525 2418 2807 2477 HOMILIA
2862 2414 2979 2471 Xll.

1958 2539 2117 2597 Deiis
2136 2551 2255 2608 qua:
2279 2542 2582 2605 sequuntur
2610 2530 2941 2587 creationem
2970 2544 2981 2580 :
3017 2521 3122 2581 llic
3150 2533 3223 2579 est
3248 2523 3375 2577 liber
3403 2536 3562 2591 gene-

2029 2629 2241 2685 rationis
2266 2627 2377 2681 cieli
2404 2635 2452 2680 et
2494 2634 2643 2678 terra:
2671 2637 2703 2686 ,·
2733 2619 2939 2692 quando
2960 2617 3098 2688 facta
3148 2624 3266 2671 sunt
3294 2630 3312 2669 :
3341 2629 3442 2684 quo
3470 2612 3567 2666 dic

2032 2721 2147 2791 fecit
2177 2719 2314 2775 Deus
2342 2717 2520 2773 uelum
2541 2724 2588 2769 et
2617 2724 2808 2768 terram
2842 2708 2994 2781 (Gen.
3026 2709 3084 2764 2.
3116 2706 3195 2779 ι).

2035 2853 2089 2907 1.
2118 2853 2233 2920 Age
2278 2847 2601 2919 promissum
2646 2850 2891 2899 nostrum
2921 2836 3086 2896 hodie
3111 2836 3429 2913 impleamus
3453 2876 3468 2899 ,
3511 2840 3569 2889 et

1962 2951 2273 2999 consuetam
2292 2938 2593 2994 doctrinam
2612 2940 2924 2996 tractantes,
2943 2927 3171 2985 dicenda
3197 2940 3339 2981 nunc
3361 2925 3426 2980 iis
3448 2938 3569 2994 quas

1964 3049 2127 3105 supra
2155 3032 2296 3085 dicta
2326 3037 2453 3083 sunt
2474 3034 2852 3083 contexamus.
2888 3022 3053 3077 Scitis
3073 3020 3241 3086 enim,
3273 3033 3373 3073 nos
3401 3016 3573 3072 semel

1966 3133 2131 3195 atque
2160 3123 2353 3177 iterum
2383 3119 2486 3174 hoc
2503 3118 2676 3173 facere
2701 3114 3025 3177 decrevisse,
3046 3121 3100 3166 et
3123 3110 3193 3165 ad
3232 3110 3334 3165 hoc
3358 3116 3574 3179 paratos

1967 3216 2160 3282 fuisse,
2186 3213 2281 3269 sed
2317 3226 2499 3268 curam
2529 3210 2772 3272 fratrum,
2805 3221 2964 3276 quam
2987 3204 3243 3275 gerimus,
3282 3202 3335 3257 in
3358 3202 3573 3257 illorum

1969 3305 2389 3360 admonitionem
2423 3301 2657 3369 linguam
2691 3304 2929 3352 nostram
2961 3294 3067 3349 alio
3092 3293 3356 3362 rapuisse.
3385 3292 3572 3359 Quan-

1970 3395 2258 3465 doquidem
2307 3389 2581 3445 interdum
2641 3385 2866 3442 inﬁrmis
2904 3383 3191 3449 fratribus,
3222 3382 3416 3452 quibus
3445 3397 3577 3438 con-

1973 3494 2183 3542 suetum
2200 3490 2317 3538 erat
2336 3490 2677 3551 sequestrare
2697 3492 2755 3533 se
2775 3476 2842 3530 ab
2868 3475 2973 3530 hoc
2999 3474 3261 3543 spirituali
3284 3480 3579 3538 conventu,

1975 3590 2033 3637 et
2055 3578 2310 3634 mutitare
2357 3574 2512 3629 nobis
2537 3580 2737 3627 sancta:
2770 3570 2788 3601 ⁸
2816 3567 3117 3623 festivitatis
3141 3564 3358 3636 gaudia,
3398 3562 3574 3619 suasi-

1975 3683 2097 3725 mus
2121 3664 2453 3724 consulendo
2493 3670 2549 3717 et
2576 3659 2957 3726 exhortando,
2991 3672 3058 3713 ne
3087 3656 3290 3717 diutius
3340 3656 3409 3710 ab
3446 3654 3576 3709 ovili

1978 3763 2175 3819 Christi
2202 3760 2399 3825 absint,
2428 3764 2483 3813 et
2508 3763 2659 3811 extra
2682 3752 2889 3809 caulam
2914 3753 3051 3806 hanc
3070 3747 3400 3820 spiritualem
3417 3746 3582 3802 abere

1978 3864 2100 3910 rent
2133 3868 2148 3906 :
2176 3850 2393 3906 nomine
2421 3846 2637 3918 quidem
2673 3852 2727 3900 et
2766 3842 3133 3913 appellatione
3174 3838 3329 3895 nobis
3370 3836 3579 3908 juncti,

1980 3961 2173 4003 revera
2196 3955 2373 4001 autem
2398 3943 2614 4000 Iudaeos
2632 3949 2920 4006 sectantes,
2939 3938 3030 4009 qui
3051 3936 3234 3992 adhuc
3260 3935 3468 3990 umbra:
3491 3947 3580 3987 as-

1981 4038 2178 4103 sident,
2206 4036 2550 4105 lucernteque
2587 4032 2787 4089 addicti
2831 4038 2978 4096 sunt,
3010 4037 3293 4099 postquam
3318 4026 3398 4080 sol
3420 4025 3583 4095 justi-

1986 4130 2073 4185 tim
2102 4126 2275 4182 illuxit
2300 4143 2315 4192 ;
2347 4125 2615 4181 interdum
2644 4123 2805 4179 etiam
2828 4120 3065 4176 nondum
3097 4118 3333 4173 initiatos
3354 4116 3456 4187 (α),
3489 4114 3599 4184 qui

1986 4221 2040 4275 in
2081 4228 2225 4276 centu
2270 4217 2529 4282 aderant,
2561 4214 2759 4270 hortati
2801 4226 2988 4267 sumus
3012 4252 3027 4278 ,
3070 4218 3128 4264 ut
3151 4207 3220 4263 ad
3248 4205 3584 4276 spiritualem

1986 4311 2325 4367 vocationem
2393 4313 2708 4369 accurrant,
2760 4314 3096 4370 excussoque
3149 4297 3299 4353 omni
3360 4294 3588 4367 ignavia:

1986 4418 2199 4469 somno,
2230 4402 2458 4456 ferventi
2485 4399 2774 4464 desiderio,
2798 4406 2856 4452 et
2884 4395 3087 4465 ingenti
3126 4392 3402 4449 alacritate
3430 4404 3589 4463 para-

1988 4504 2073 4550 tos
2115 4509 2175 4549 se
2214 4494 2283 4548 ad
2316 4490 2655 4561 suscipienda
2698 4489 2851 4559 regia
2898 4500 3127 4541 munera
3178 4489 3477 4554 praestent,
3531 4490 3588 4537 et

1986 4593 2277 4655 preperent
2302 4582 2370 4637 ad
2390 4596 2513 4637 eum
2533 4581 2625 4651 qui
2647 4578 3016 4635 remissionem
3038 4575 3205 4631 donat
3221 4580 3590 4642 peccatorum,

1989 4686 2042 4731 et
2063 4676 2359 4731 liberaliter
2385 4674 2663 4729 innumera
2692 4672 2830 4726 bona
2873 4667 3198 4737 suppeditat.
3234 4666 3417 4734 Itaque
3441 4673 3590 4734 post-

1989 4782 2148 4837 quam
2179 4781 2368 4821 eorum
2396 4764 2487 4833 qui
2514 4764 2655 4818 circa
2683 4761 2902 4816 Pascha:
2924 4758 3117 4813 festum
3148 4756 3431 4819 errabant,
3469 4753 3589 4825 qui-

1990 4873 2093 4927 que
2116 4872 2211 4926 per
2232 4859 2369 4910 hanc
2394 4853 2622 4919 minimi,
2652 4861 2709 4907 ut
2740 4852 3028 4922 putabant,
3060 4846 3319 4903 momenti
3342 4846 3591 4901 observa

1992 4948 2217 5011 tionem,
2246 4961 2495 5017 magnum
2518 4944 2618 5001 sibi
2644 4944 2901 4997 damnum
2932 4939 3257 5005 inferebant,
3290 4951 3588 5007 congruen-

1995 5045 2101 5090 tem
2148 5050 2332 5090 curam
2376 5035 2640 5104 gessimus
2688 5033 2787 5103 (ὁ),
2836 5030 3033 5086 idoneo
3077 5028 3324 5083 adhibito
3386 5024 3595 5080 vulneri

1993 5127 2409 5192 medicamento,
2439 5133 2495 5179 et
2546 5140 2654 5180 non
2695 5122 2915 5177 initiatis
2939 5137 3003 5177 ea
3056 5123 3126 5176 de
3173 5134 3231 5174 re
3272 5118 3599 5187 probecom-

1994 5218 2249 5284 monitis,
2305 5224 2473 5271 restat
2512 5223 2567 5270 ut
2609 5214 2860 5270 omnibus
2913 5201 3079 5268 vobis
3115 5209 3277 5265 hodie
3316 5204 3599 5278 spirituale

2059 5394 2075 5424 ¹
2115 5400 2232 5453 Reg.
2259 5405 2403 5447 unus,
2429 5388 2715 5453 spiritualis,
2741 5402 2846 5453 pro,
2871 5394 3070 5453 smctte.

2058 5455 2137 5515 (α)
2169 5446 2252 5503 llic
2290 5446 2497 5514 loquitur
2530 5453 2595 5515 de
2634 5446 2999 5515 catechumenis
3034 5446 3391 5515 quoshiuitiare
3424 5452 3476 5515 e_t
3520 5446 3601 5495 ha-

1996 5508 2177 5577 ptira're
2204 5508 2422 5563 exeunte
2443 5514 2834 5577 miadragesima,
2860 5525 2967 5561 mos
2988 5508 3112 5561 erit.
3138 5508 3265 5559 Vide
3311 5509 3602 5560 cateebeses

1998 5576 2033 5629 t.
2060 5579 2108 5633 ‘2,
2136 5584 2188 5625 et
2206 5583 2239 5622 ι.
2269 5577 2325 5623 13
2349 5577 2413 5623 de
2436 5576 2817 5625 catechumenis.

2062 5637 2135 5701 (ὸ)
2168 5638 2533 5701 Chrysostomus
2554 5638 2680 5688 circa
2700 5636 2832 5686 diem
2853 5634 3045 5698 pascha:
3067 5632 3379 5685 concinnam
3406 5634 3533 5681 erat.
