4068 6454
585 333 656 390 9ο
1327 321 1384 380 S.
1425 316 1701 379 JOANNIS
1734 309 2152 374 CﬂBYSOB’l‘O!

2257 306 2561 366 ARCHIEP.
2602 307 3134 367 CONSTANTINOP.

587 450 800 513 paretur
829 436 1154 496 convivium.
1182 434 1314 491 Nam
1354 429 1804 504 quemadmodum
1849 428 1897 484 sl
1943 426 2164 482 fratrum

589 541 894 588 nostron
935 530 1176 601 neglecta
1214 540 1341 582 cura
1365 565 1381 591 ,
1431 521 1893 594 praztermissaque
1952 515 2162 571 illorum

585 623 974 687 admonitione,
1003 627 1192 682 etnotae
1229 617 1388 672 seriei
1419 614 1708 676 hercules,
1739 622 1986 682 ipsosque
2011 604 2163 662 inllr-

582 721 796 768 ‘mantcs
824 708 1350 780 centenipsissemus,
1399 703 1521 774 jure
1569 701 1830 772 quispiam
1861 708 1958 752 nos
1983 709 2166 766 repre-

588 803 880 866 hendisset,
906 806 1092 870 utpote
1112 805 1470 868 opportunum
1493 801 1701 862 tempus
1745 794 2164 860 pratereurreno

589 905 670 950 les
695 911 709 948 :
738 893 809 948 ita
834 905 995 954 nunc,
1024 889 1146 959 quia
1169 886 1302 942 nihil
1330 883 1744 956 praetermissum
1773 885 1876 943 est,
1910 885 2164 946 quantum

589 994 784 1040 riostra:
804 982 943 1037 vires
962 981 1161 1042 sinunt,
1184 978 1281 1034 sed
1301 977 1522 1034 verbum
1534 973 1786 1030 doctrinae
1804 969 2163 1033 adhibuimus,

590 1075 865 1142 pecuniam
907 1068 1363 1128 dinumeravimus
1386 1109 1403 1134 ,
1454 1066 1762 1134 seminaque
1801 1062 1854 1115 in
1884 1071 2022 1115 terra
2065 1058 2165 1112 hac

585 1163 848 1233 spirituali
904 1161 1167 1230 jecimus,
1196 1165 1607 1214 consentaneum
1636 1161 1739 1218 est,
1781 1159 1838 1207 ut
1875 1150 2064 1204 iterum
2109 1148 2161 1201 in

586 1253 816 1308 medium
838 1251 1150 1315 allerantur,
1175 1263 1294 1320 qua:
1320 1263 1386 1306 es
1416 1250 1570 1303 beato
1589 1244 1734 1300 Meae
1761 1253 1885 1299 sunt
1906 1243 2041 1298 lecta
2060 1280 2076 1306 ,
2107 1250 2164 1296 ut

585 1346 757 1400 fructu
811 1342 936 1398 inde
973 1341 1199 1397 collecto
1223 1383 1238 1407 ,
1264 1339 1478 1394 domum
1508 1336 1684 1392 redire
1709 1336 1883 1390 liceat.
1908 1331 2161 1398 Quianam

588 1436 744 1502 igitur
789 1433 904 1488 huic
941 1433 1071 1498 sint,
1128 1431 1422 1486 audiamus.
1453 1428 1508 1482 4.
1549 1424 1652 1485 Hie
1698 1434 1769 1480 est
1798 1425 1938 1488 liber,
1969 1421 2159 1491 inquit,

585 1523 921 1592 generationis
943 1521 1054 1576 cali
1073 1529 1118 1576 et
1143 1529 1288 1574 terra
1308 1517 1511 1589 quando
1536 1520 1672 1588 {acta
1689 1523 1806 1570 sunt
1826 1531 1845 1568 :
1863 1529 1961 1584 quo
1987 1512 2070 1566 die
2088 1513 2162 1580 fe-

584 1615 652 1666 cit
679 1611 814 1666 Deus
840 1611 1018 1666 celum
1046 1619 1092 1664 et
1118 1619 1324 1673 terram,
1351 1608 1405 1662 5.
1435 1615 1482 1660 et
1511 1621 1657 1659 omne
1683 1602 1954 1674 virgultum
1997 1602 2110 1672 agri
2141 1641 2158 1668 ,

583 1711 850 1770 antequam
870 1701 1088 1754 oriretur
1107 1714 1256 1767 super
1273 1707 1480 1763 terram,
1502 1709 1793 1763 omnemque
1809 1693 2011 1747 herbam
2027 1692 2156 1763 agri,

583 1794 880 1860 priusquam
903 1790 1140 1844 oriretur.
1170 1787 1292 1842 Non
1318 1787 1452 1841 enim
1480 1787 1676 1854 pluerat
1707 1783 1844 1838 Deus
1881 1798 2035 1852 super
2061 1791 2160 1835 ter-

583 1900 718 1948 ram,
745 1891 790 1936 et
816 1882 965 1935 [toruo
1003 1897 1103 1934 non
1132 1889 1238 1934 erat
1262 1880 1349 1948 qui
1383 1877 1564 1931 coleret
1593 1885 1797 1929 terram.
1824 1875 1876 1928 ϐ.
1902 1872 2042 1927 Fons
2066 1889 2160 1925 au-

579 1984 674 2026 tem
701 1972 997 2026 ascendebat
1030 1971 1092 2023 de
1120 1979 1272 2035 terra,
1301 1978 1348 2022 et
1397 1967 1638 2038 irrigabat
1663 1969 1944 2021 uniuersam
1971 1965 2156 2036 {aciem

577 2072 723 2116 terra:
759 2059 906 2130 (Gen.
934 2060 1012 2130 Ξ).
1039 2059 1324 2114 Considera
1357 2059 1484 2111 mihi
1534 2071 1741 2120 rursus,
1767 2055 2013 2117 obsecro,
2057 2054 2155 2107 sd-

578 2151 834 2207 mirabilis
863 2150 1019 2220 hujus
1050 2149 1317 2220 prophetzn
1339 2147 1674 2216 sapientiam,
1702 2146 1810 2199 imo
1829 2145 1997 2199 sancti
2031 2142 2154 2212 Spi-

575 2246 710 2297 ritus
757 2241 1072 2297 doctrinam.
1132 2239 1262 2295 Nam
1300 2248 1576 2308 postquam
1628 2237 1782 2292 nobis
1828 2250 1923 2305 per
1972 2245 2155 2305 partes

575 2335 843 2388 enarravit
870 2341 1142 2387 creaturas
1171 2345 1378 2394 omnes,
1411 2337 1466 2383 et
1495 2345 1590 2383 sex
1633 2328 1835 2383 dierum
1863 2335 2156 2396 pertracta-

577 2427 652 2481 vit
689 2441 872 2494 opera,
922 2435 976 2480 et
1015 2423 1384 2479 formationem
1426 2421 1691 2486 hominis,
1739 2428 2160 2490 potestatemque

578 2518 862 2572 visibilium
885 2517 1123 2572 omnium
1150 2517 1224 2569 illi
1251 2528 1586 2579 concessam,
1615 2526 1757 2566 nunc
1791 2512 1979 2566 iterum
2006 2525 2157 2565 sum-

577 2608 762 2662 matim
811 2606 989 2660 omnia
1017 2613 1286 2674 repetens,
1315 2603 1486 2672 inquit
1514 2620 1527 2656 :
1557 2601 1659 2656 Hic
1697 2611 1769 2657 est
1796 2603 1921 2656 liber
1945 2617 2156 2671 genera-

575 2700 726 2752 tionis
752 2697 861 2751 σαειί
886 2707 932 2751 et
958 2705 1121 2760 terra,
1145 2696 1347 2766 quando
1374 2699 1506 2765 facta
1532 2703 1665 2746 sunt.
1698 2694 1888 2762 Operm
1928 2691 2152 2761 pretium

574 2790 662 2843 hic
689 2790 844 2843 luerit
871 2787 1157 2856 inquirere,
1185 2800 1351 2854 quare
1379 2785 1650 2854 Scriptura
1679 2783 1871 2837 librum
1898 2781 2039 2837 hunc
2056 2795 2154 2834 vo-

575 2879 776 2934 caverit
797 2878 911 2932 caeli
940 2885 996 2932 et
1023 2885 1199 2941 teme,
1229 2876 1469 2945 quamvis
1496 2873 1658 2927 nmlta
1685 2873 1784 2927 alia
1816 2873 1868 2926 in
1895 2887 1954 2927 se
1979 2871 2153 2926 conti-

571 2980 695 3024 neat
712 3012 728 3038 ,
754 2979 808 3025 et
827 2968 1016 3024 doceat
1042 2982 1138 3022 nos
1160 2967 1260 3021 alia
1286 2966 1536 3037 plurima,
1579 2979 1776 3033 nempe
1803 2962 1868 3017 de
1884 2962 2150 3032 justorum

571 3061 854 3115 virtutibus
890 3067 1142 3123 tractans,
1170 3057 1239 3111 de
1266 3055 1590 3124 benignitate
1620 3053 1732 3118 Dei,
1762 3052 1937 3120 deque
1978 3051 2153 3105 indul-

569 3151 767 3220 gentia,
797 3163 952 3219 quam
974 3162 1100 3217 erga
1123 3145 1348 3216 primum
1363 3152 1597 3198 creatum
1623 3142 1892 3197 hominem
1913 3149 1968 3196 et
1993 3155 2151 3196 omne

575 3243 861 3296 humanum
887 3255 1053 3309 genus
1083 3238 1329 3294 exhibuit
1375 3248 1468 3291 :et
1493 3236 1560 3290 de
1607 3235 1725 3289 aliis
1765 3234 1977 3298 multis,
2033 3250 2151 3304 qua:

573 3332 729 3400 hujus
758 3330 1015 3399 temporis
1043 3344 1148 3385 non
1192 3327 1352 3382 fuerit
1378 3328 1669 3382 declarare.
1703 3325 1780 3380 Ne
1810 3325 2038 3390 mireris,
2065 3324 2148 3379 di-

569 3426 703 3480 lecte
726 3441 738 3478 :
763 3438 877 3478 mos
905 3423 1049 3477 enim
1077 3421 1162 3476 hic
1185 3431 1266 3475 est
1291 3435 1455 3474 sacrae
1484 3420 1791 3486 Scripturae,
1820 3427 2002 3472 utnon
2028 3417 2148 3471 ubi-

567 3532 672 3585 que
717 3515 896 3571 omnia
945 3513 1297 3584 particulatim
1350 3521 1595 3574 enarret;
1629 3511 1722 3565 sed
1749 3526 1868 3564 cum
1919 3525 2003 3576 ea,
2030 3525 2148 3579 qua:

557 3605 795 3674 plurima
817 3605 1263 3672 complectuntur,
1283 3602 1465 3656 dicere
1489 3602 1733 3668 coeperit,
1765 3599 2146 3654 consideranda

577 3695 844 3764 relinquat
869 3695 1142 3760 sequentia
1191 3693 1276 3759 iis,
1321 3693 1410 3760 qui
1437 3692 1692 3745 studiosis
1736 3692 1952 3744 auribus
1992 3692 2145 3745 exci-

575 3786 724 3852 piunt
747 3798 809 3838 ea
849 3799 967 3851 qua:
996 3782 1258 3837 dicuntur.
1285 3782 1348 3836 Et
1380 3791 1434 3835 ut
1459 3781 1634 3835 discas
1657 3797 1768 3834 rem
1798 3780 1869 3835 ita
1911 3795 2030 3836 esse
2053 3820 2068 3846 ,
2095 3781 2148 3835 id

569 3881 744 3944 palam
764 3873 954 3929 faciam
980 3891 1045 3929 ex
1076 3875 1159 3928 his
1188 3890 1307 3944 qua:
1335 3888 1473 3928 nunc
1505 3881 1629 3928 sunt
1657 3874 1812 3927 lecta.
1842 3873 1976 3928 Ecce
2004 3873 2147 3927 enim

575 3969 621 4017 in
654 3964 1038 4034 superioribus,
1074 3973 1354 4033 postquam
1403 3977 1500 4017 nos
1521 3963 1697 4016 divina
1719 3962 1988 4032 Scriptura
2033 3961 2146 4016 for-

568 4057 859 4110 mationem
889 4056 1125 4107 omnium
1154 4054 1453 4107 minutatim
1478 4053 1680 4116 docuit,
1715 4068 1857 4106 nunc
1896 4068 2000 4106 non
2031 4067 2147 4104 om-

569 4147 716 4198 nium
748 4145 1010 4211 meminit,
1041 4143 1136 4198 sed
1169 4145 1368 4214 inquit:
1400 4142 1495 4196 llic
1542 4153 1613 4197 est
1649 4144 1773 4196 liber
1815 4144 2146 4214 generationis

569 4237 680 4289 αι.Ἰί
699 4245 746 4289 et
776 4245 923 4289 terra
942 4274 956 4300 ,
1003 4234 1202 4304 quando
1229 4235 1364 4304 facta
1407 4244 1522 4289 sunt
1554 4249 1693 4304 :quo
1724 4233 1806 4288 die
1852 4234 1969 4304 fecit
2012 4233 2146 4287 Deus

571 4344 630 4378 ra
647 4326 749 4377 lam
773 4335 818 4378 et
843 4335 1047 4390 terram,
1074 4333 1127 4379 et
1152 4334 1362 4380 extera.

647 4416 700 4467 2.
732 4415 918 4468 Viden‘
946 4416 1214 4483 quomodo
1241 4424 1413 4469 totum
1443 4429 1745 4470 sermonem
1782 4414 1850 4469 ad
1875 4415 2064 4470 caelum
2092 4424 2145 4470 et

573 4514 769 4559 terram
801 4505 1088 4571 convertit,
1111 4519 1175 4559 ex
1203 4505 1306 4558 illis
1330 4505 1431 4558 alia
1463 4507 1639 4559 omnia
1666 4506 1820 4561 nobis
1847 4506 2142 4560 eontuenda

575 4595 924 4667 relinquens?
951 4595 1084 4650 Cum
1114 4611 1243 4664 ergo
1270 4595 1400 4650 dicit
1420 4597 1606 4650 cauum
1635 4608 1689 4652 et
1717 4606 1932 4663 terram,
1956 4612 2145 4653 omnes

576 4696 846 4741 creaturas
874 4686 1035 4740 simul
1059 4685 1482 4754 comprehendit,
1512 4695 1615 4740 tam
1638 4701 1729 4741 eas
1750 4702 1867 4756 qua:
1893 4688 1945 4741 in
1973 4688 2104 4742 caelo
2127 4729 2142 4754 ,

571 4790 732 4844 quam
757 4791 874 4844 qua:
902 4775 953 4828 in
987 4786 1146 4830 terra.
1198 4775 1348 4831 Sicut
1372 4775 1527 4846 igitur
1553 4776 1605 4830 in
1636 4777 1970 4832 enarratione
1993 4793 2145 4833 crea-

575 4876 810 4919 turarum
835 4880 939 4920 non
963 4867 1140 4920 omnia
1160 4865 1412 4934 deinceps
1431 4866 1581 4933 dicit,
1604 4865 1698 4921 sed
1735 4868 1965 4921 maxime
1984 4883 2148 4937 gene-

571 4958 704 5018 ralia
735 4965 935 5010 tantmn
987 4968 1400 5023 commemorat,
1449 4973 1546 5013 nec
1586 4960 1854 5029 sigillatim
1883 4975 2099 5015 enarrat
2133 4982 2145 5016 :

573 5051 644 5102 ita
667 5057 722 5103 et
741 5047 933 5102 librum
963 5056 1152 5115 totum,
1174 5048 1274 5103 etsi
1303 5049 1468 5102 nulla
1495 5049 1593 5102 alia
1613 5050 1906 5116 contineat,
1950 5049 2143 5104 librum

571 5140 927 5208 generationis
966 5139 1080 5194 caeli
1105 5149 1156 5194 et
1186 5150 1343 5195 terra:
1360 5139 1662 5210 appellavit,
1689 5143 1840 5195 nobis
1864 5157 1928 5198 ex
1957 5141 2145 5196 horum

572 5233 1076 5287 commemoratione
1117 5233 1258 5301 quod
1309 5232 1568 5302 reliquum
1612 5241 1694 5287 est
1735 5233 2143 5301 computandum

585 5322 910 5390 relinquens,
941 5335 1162 5376 necesse
1188 5335 1307 5376 esse
1345 5323 1522 5376 omnia
1551 5323 1604 5376 in
1633 5323 1736 5377 hoc
1765 5321 1896 5376 libro
1923 5323 2146 5378 visibilia

581 5411 860 5476 contineri,
891 5421 997 5464 tam
1036 5426 1097 5465 ea
1123 5426 1241 5480 quas
1280 5411 1333 5465 in
1362 5413 1514 5478 cado,
1543 5426 1700 5481 quam
1729 5427 1848 5481 quae
1893 5412 1944 5466 in
1986 5421 2143 5466 terra.

581 5504 696 5566 Quo
739 5501 839 5564 die,
861 5502 1046 5570 inquit,
1071 5501 1187 5571 fecit
1209 5501 1346 5556 Deus
1373 5511 1551 5559 oletum
1571 5514 1617 5556 et
1647 5513 1867 5567 terram,
1915 5513 1962 5555 et
2006 5519 2149 5558 omne

575 5591 844 5657 virgultum
871 5592 1000 5659 agri,
1027 5602 1292 5658 antequam
1321 5593 1458 5661 ﬁeret
1484 5609 1633 5663 super
1661 5603 1862 5657 terram,
1891 5605 1934 5646 et
1956 5611 2151 5649 onmem

581 5681 779 5737 herbam
821 5682 967 5752 agri,
996 5692 1260 5753 antequam
1312 5683 1544 5738 oriretur.
1597 5683 1716 5739 Non
1782 5687 1911 5738 enim
1955 5685 2148 5754 pluerat

2281 417 2419 477 Deus
2445 438 2598 493 super
2622 431 2825 489 terram,
2856 438 3012 491 neque
3036 425 3184 478 homo
3207 431 3318 478 erat
3359 423 3448 493 qui
3482 425 3671 480 coleret
3688 425 3858 484 illa.

2271 511 2378 568 Sed
2398 516 2514 584 fons
2541 512 2836 569 ascendebat
2859 531 2887 570 s
2911 524 3067 582 terra,
3092 525 3140 570 et
3166 515 3414 586 irrigabat
3450 517 3740 570 uniuersasts
3767 519 3852 586 fa.

2269 603 2397 657 ciem
2423 614 2592 658 teme.
2615 602 2846 660 Grandis
2890 604 3171 661 thesaurus
3200 605 3254 661 in
3285 605 3522 677 pauculis
3544 605 3726 662 verbis
3752 606 3862 662 illis

2268 693 2578 750 reconditus
2602 704 2683 752 est
2705 711 2721 748 :
2745 693 2887 752 unde
2903 709 3093 766 magna
3119 695 3419 767 prudentia,
3440 712 3559 769 qua:
3579 696 3858 765 dicuntur,

2265 785 2486 856 iuvante
2531 799 2630 841 nos
2683 786 2778 841 Dei
2799 790 2968 856 gratia
2998 828 3015 854 ,
3045 789 3293 859 congruit
3336 791 3623 859 explicare,
3650 805 3858 862 vosque

2267 874 2622 946 spiritualium
2647 878 2831 934 harum
2852 877 3160 936 divitiarum
3189 891 3470 938 consortes
3495 882 3692 940 facere.
3734 882 3857 954 Spi-

2267 967 2401 1022 ritus
2424 967 2568 1023 enim
2593 977 2809 1026 sanctus
2828 969 3124 1026 futurorum
3152 971 3427 1041 praecinit,
3459 982 3516 1028 ut
3545 973 3676 1029 nulli
3703 982 3854 1043 post-

2269 1054 2370 1111 hac
2419 1057 2779 1125 eontcndere,
2827 1069 2882 1115 et
2925 1059 3303 1117 ecclesiasticis
3361 1061 3701 1132 dogmatibus
3721 1103 3740 1128 ,
3785 1077 3852 1119 ex

2268 1144 2499 1216 propriis
2539 1146 2833 1204 ratiociniis
2853 1188 2870 1215 ,
2893 1149 3116 1205 adversa
3144 1149 3339 1206 divinis
3365 1150 3653 1221 Scripturis
3678 1152 3853 1206 inuni-

2265 1250 2415 1292 scere
2429 1237 2606 1304 liceat,
2628 1237 2790 1294 etiam
2811 1251 2953 1295 nunc
2975 1238 3172 1305 denuo,
3191 1249 3472 1311 postquam
3483 1253 3850 1298 creaturarum

2264 1325 2509 1382 ordinem
2547 1327 2769 1396 docuit,
2817 1337 2875 1385 et
2924 1329 3051 1401 quid
3084 1331 3348 1400 primum,
3398 1332 3526 1403 quid
3554 1333 3851 1388 secundum

2267 1417 2578 1486 productum
2600 1418 2687 1484 sit,
2721 1427 2772 1474 et
2803 1419 2944 1490 quod
2975 1421 3178 1477 semina
3199 1436 3294 1476 sua
3320 1421 3478 1478 tellus
3501 1422 3667 1479 verbo
3695 1438 3854 1477 man.

2263 1507 2495 1579 datoque
2525 1511 2736 1567 Domini
2778 1512 3087 1568 ministrans
3137 1513 3386 1581 ediderit,
3429 1529 3494 1570 ac
3519 1513 3850 1586 producendi

2263 1603 2371 1655 vim
2400 1602 2686 1672 acet-perit,
2715 1618 2837 1658 cum
2867 1619 3043 1674 neque
3069 1605 3196 1659 solis
3219 1606 3600 1676 cooperatioue
3617 1615 3804 1676 egeret
3831 1647 3849 1671 ,

2263 1693 2354 1764 qui
2383 1695 2616 1750 nondum
2645 1704 2760 1750 erat
2782 1737 2798 1761 ,
2831 1711 3007 1767 neque
3035 1697 3330 1767 pluviarum
3379 1697 3715 1764 humiditate,
3750 1714 3850 1753 ne-

2262 1799 2368 1856 que
2391 1786 2622 1841 hominis
2646 1789 2852 1842 cultura
2876 1804 2891 1854 ;
2921 1802 3043 1843 nam
3073 1796 3128 1843 et
3153 1788 3245 1844 ille
3270 1788 3503 1845 nondum
3532 1790 3584 1844 in
3612 1790 3848 1845 medium

2263 1877 2570 1945 prodierat:
2599 1877 2718 1932 ideo
2744 1878 2934 1932 iterum
2959 1879 3150 1949 repetit
3177 1879 3528 1949 particulatim
3557 1881 3762 1946 omnia,
3793 1892 3850 1935 ut

2264 1966 2538 2022 indomitae
2583 1967 2920 2037 impudenter
2954 1968 3327 2025 blaterantium
3379 1969 3576 2041 lingua:
3624 1986 3847 2040 compc-

2262 2067 2500 2113 scantur.
2520 2057 2656 2126 Quid
2687 2059 2828 2113 enim
2855 2059 2974 2114 ait?
3007 2058 3102 2113 Die
3125 2076 3224 2132 quo
3248 2061 3365 2130 fecit
3413 2059 3550 2115 Deus
3574 2063 3758 2116 aeluns
3800 2073 3848 2115 et

2263 2158 2466 2214 terram,
2495 2159 2541 2202 et
2570 2166 2717 2203 omne
2741 2151 3010 2220 virgultum
3036 2151 3169 2221 agri,
3203 2151 3496 2222 priusquam
3535 2153 3676 2219 ﬁeret
3695 2169 3848 2222 super

2261 2248 2474 2306 terram,
2520 2255 2811 2311 omnemque
2838 2239 3044 2295 herbam
3073 2240 3221 2310 agri,
3271 2241 3562 2311 priusquam
3604 2243 3840 2295 oriretur.

2263 2327 2383 2381 Non
2408 2327 2542 2381 enim
2587 2329 2787 2397 pluerat
2815 2327 2951 2383 Deus
2976 2346 3125 2399 super
3154 2340 3378 2398 terram,
3431 2347 3521 2384 nec
3544 2340 3650 2384 erat
3694 2332 3847 2385 homo

2265 2419 2348 2488 qui
2378 2421 2559 2474 coleret
2583 2421 2747 2474 illam.
2775 2419 2917 2474 Fons
2946 2431 3114 2474 autem
3139 2421 3435 2477 ascendebat
3480 2423 3544 2476 de
3585 2435 3742 2488 terra,
3799 2435 3845 2477 et

2259 2509 2456 2580 rigabat
2497 2511 2780 2566 uniuersam
2805 2513 2986 2580 faciem
3024 2521 3188 2567 terra.
3218 2513 3330 2568 Hoc
3359 2514 3471 2569 vult
3497 2515 3699 2582 dicere,
3724 2529 3843 2570 ser-

2259 2617 2417 2658 mone
2438 2613 2490 2657 et
2512 2614 2780 2673 praecepto
2829 2603 2990 2670 illius,
3015 2618 3135 2673 quae
3162 2604 3307 2674 prius
3351 2619 3459 2660 non
3486 2618 3638 2660 erant
3656 2648 3672 2671 ,
3714 2621 3843 2675 pro-

2257 2693 2414 2748 ducta
2443 2693 2629 2760 fuisse,
2655 2702 2710 2748 et
2753 2709 2872 2763 qua:
2898 2710 3002 2749 non
3047 2695 3396 2761 exsistehant,
3425 2696 3599 2750 subito
3622 2711 3840 2766 compa-

2259 2784 2446 2838 ruisse.
2484 2783 2658 2837 Herba
2705 2793 2805 2850 est,
2838 2799 2959 2854 qua:
2983 2799 3049 2839 ex
3076 2795 3216 2840 terra
3245 2785 3486 2854 provenit
3515 2804 3526 2836 :
3553 2785 3639 2840 hic
3663 2796 3842 2840 autem

2257 2873 2476 2929 herbam
2501 2874 2705 2940 dicens,
2732 2875 2933 2928 semina
2965 2876 3142 2930 omnia
3165 2876 3309 2930 dicit.
3339 2876 3408 2930 Et
3430 2875 3499 2932 de
3527 2877 3719 2948 pluviis
3746 2880 3844 2930 do-

2254 2981 2382 3022 cens
2417 2980 2512 3021 nos
2549 2965 2738 3021 iterum
2777 2965 2954 3020 divina
2984 2967 3254 3036 Scriptura
3291 2967 3510 3022 subdit:
3547 2966 3667 3021 Non
3706 2972 3841 3022 enim

2255 3061 2450 3129 pluerat
2480 3057 2615 3113 Deus
2653 3075 2807 3127 super
2844 3069 3028 3113 terram
3056 3075 3075 3112 :
3105 3058 3206 3114 hoc
3234 3068 3336 3125 est,
3368 3059 3604 3114 nondum
3647 3061 3842 3129 pluvia:

2254 3152 2482 3221 desuper
2506 3149 2802 3214 cadebant;
2829 3149 3125 3220 deindeque
3151 3150 3412 3214 ostendit,
3457 3166 3630 3221 neque
3661 3151 3838 3206 homi-

2254 3245 2334 3298 nis
2377 3241 2685 3312 operatione
2727 3241 2978 3298 habuisse
3002 3257 3180 3311 opus:
3213 3241 3332 3296 Non
3372 3243 3535 3309 enim,
3583 3245 3689 3306 ait,
3731 3255 3844 3298 erat

2254 3337 2401 3390 homo
2425 3335 2509 3406 qui
2534 3344 2828 3405 operaretur
2869 3344 3052 3388 terram
3082 3350 3100 3388 :
3126 3334 3276 3405 quasi
3299 3335 3537 3390 clamans
3561 3343 3615 3390 et
3651 3337 3839 3391 dicens

2254 3425 2479 3497 posteris
2511 3425 2794 3480 omnibus:
2840 3425 3034 3479 Audite
3063 3425 3198 3491 hinc,
3241 3435 3295 3479 et
3318 3424 3538 3489 discite,
3568 3425 3842 3494 quomodo

2250 3520 2317 3572 ab
2343 3517 2491 3573 initio
2517 3532 2704 3574 omnes
2728 3528 2881 3571 terra:
2926 3525 3213 3585 proventus
3237 3515 3344 3570 sint
3386 3515 3649 3585 producti,
3687 3526 3745 3571 et
3771 3532 3840 3572 ne

2251 3622 2444 3665 terram
2475 3609 2761 3666 colentium
2787 3608 3072 3678 diligentia;
3095 3607 3273 3664 omnia
3299 3607 3532 3672 tribuite,
3557 3623 3730 3677 neque
3755 3608 3840 3661 eis

2253 3704 2348 3758 hos
2383 3704 2497 3772 ejus
2527 3711 2709 3772 partus
2749 3701 3036 3755 adscribito
3064 3719 3077 3754 :
3109 3700 3203 3755 sed
3231 3699 3396 3754 verbo
3436 3709 3490 3755 et
3527 3710 3796 3770 puecepto
3817 3740 3836 3766 ,

2249 3796 2388 3864 quod
2419 3811 2446 3847 a
2477 3794 2761 3850 Conditore
2785 3809 2882 3850 suo
2911 3793 2977 3849 ad
3007 3809 3125 3848 eam
3155 3793 3415 3863 prolatum
3446 3802 3547 3848 est.
3586 3793 3711 3846 Hinc
3735 3807 3836 3846 au-

2253 3898 2357 3941 tem
2396 3888 2572 3941 omnia
2613 3888 2763 3953 llunt,
2794 3895 2853 3942 ut
2876 3887 3144 3941 discamus
3171 3895 3367 3941 terram
3396 3886 3462 3940 ad
3501 3884 3708 3941 edenda
3749 3899 3836 3940 se-

2251 3980 2392 4034 mina
2440 3994 2535 4035 sua
2582 3980 2804 4034 aliorum
2853 3980 3237 4035 elementorum
3298 3980 3675 4048 cooperatione
3725 3995 3835 4032 non

2250 4088 2439 4140 egere,
2471 4071 2564 4126 sed
2593 4072 2890 4126 Conditoris
2918 4071 3167 4126 mandato
3205 4078 3508 4126 contentam
3551 4069 3735 4125 fuisse.
3767 4069 3838 4124 Et

2249 4165 2389 4233 quod
2435 4165 2729 4217 mirandum
2761 4163 3188 4232 stupendumque
3217 4174 3320 4228 est,
3352 4165 3396 4218 is
3437 4163 3524 4235 qui
3554 4179 3692 4217 nunc
3722 4172 3831 4216 ter-

2249 4269 2363 4307 ram
2392 4254 2556 4307 verbo
2581 4253 2646 4306 ad
2671 4262 2745 4308 tot
2771 4253 2970 4308 semina
3001 4253 3335 4324 producenda
3359 4255 3627 4320 excitavit,
3659 4264 3711 4307 et
3738 4269 3834 4322 po-

2249 4351 2467 4399 tentiam
2509 4361 2659 4401 suam
2705 4344 2947 4399 humana:
2970 4345 3189 4400 rationis
3235 4357 3448 4414 captum
3493 4354 3832 4414 superantem

2247 4439 2502 4501 exhibuit,
2537 4438 2672 4491 hanc
2702 4438 2867 4506 ipsam
2898 4447 3002 4490 tam
3029 4452 3242 4506 gravem
3268 4447 3322 4492 et
3348 4448 3548 4492 tantum
3574 4437 3832 4492 mundum

2249 4543 2407 4596 supra
2433 4529 2647 4584 dorsum
2676 4544 2830 4584 suum
2877 4528 3136 4584 ferentem
3167 4545 3325 4598 super
3361 4545 3525 4600 aquas
3567 4529 3831 4596 fundavit,

2250 4623 2385 4675 sicut
2427 4631 2480 4674 et
2519 4620 2772 4689 prepheta
2813 4621 2942 4675 dicit
2976 4639 2989 4672 :
3027 4622 3126 4687 Qui
3177 4621 3406 4692 fundauit
3452 4629 3636 4674 terram
3680 4639 3832 4691 super

2250 4729 2404 4778 aquas
2435 4710 2603 4782 (Psal.
2633 4712 2754 4766 155.
2778 4711 2854 4779 6).
2887 4712 3016 4776 Quae
3053 4711 3280 4766 humana
3309 4711 3442 4765 ratio
3465 4710 3532 4765 ad
3561 4712 3677 4765 hazc
3707 4727 3830 4779 per-

2252 4805 2455 4871 tingere
2493 4801 2694 4871 possit?
2718 4799 2848 4855 Nam
2880 4815 2999 4856 cum
3031 4801 3274 4856 homines
3309 4800 3502 4855 domus
3527 4801 3792 4856 aediﬁcant
3813 4845 3828 4866 ,

2250 4903 2302 4946 et
2325 4891 2661 4945 luridamenta
2679 4891 2858 4960 jacere
2887 4892 3091 4957 volunt,
3117 4892 3266 4962 prius
3293 4890 3533 4956 fodiunt;
3564 4901 3617 4946 et
3644 4892 3731 4946 ubi
3762 4891 3828 4945 ad

2253 4981 2507 5048 profunda
2532 4981 2893 5051 pervenerint,
2920 4982 2965 5036 si
2990 4981 3073 5036 vel
3101 4997 3320 5052 parvum
3362 4982 3638 5038 humorem
3679 4985 3830 5039 vide-

2251 5072 2381 5137 rint,
2409 5071 2538 5126 nihil
2574 5086 2679 5126 non
2705 5080 2862 5142 agunt
2895 5080 2952 5125 ut
2988 5080 3155 5126 totum
3200 5072 3370 5142 ipsum
3397 5073 3733 5143 exhauriant,
3777 5086 3832 5130 et

2251 5161 2328 5214 sic
2375 5160 2712 5217 fundamenta
2759 5161 2936 5216 locent
2976 5178 2990 5215 :
3041 5172 3318 5234 pmpterea
3363 5166 3600 5220 omnium
3645 5166 3829 5235 Opiiex

2251 5251 2426 5305 omnia
2454 5267 2607 5307 secus
2649 5265 2806 5321 quam
2838 5251 3079 5307 homines
3120 5252 3267 5320 facit,
3311 5262 3370 5308 ut
3406 5269 3472 5309 ex
3514 5255 3613 5310 hoc
3657 5257 3833 5311 discas

2253 5341 2572 5397 ineffabilem
2601 5342 2716 5411 ejus
2743 5344 3055 5412 potentiam,
3088 5352 3161 5410 et,
3193 5345 3406 5415 quando
3431 5347 3541 5416 ipse
3570 5348 3828 5411 voluerit,

2252 5433 2514 5487 elementa
2543 5435 2655 5487 haec
2685 5435 2838 5502 plane
2866 5437 3212 5501 contrarium,
3241 5451 3398 5506 quam
3456 5437 3652 5506 solent,
3701 5440 3822 5495 clleo

2253 5535 2394 5578 ctum
2423 5539 2487 5577 ex
2514 5520 2812 5578 Conditoris
2836 5532 3100 5593 prteccpto
3126 5527 3427 5581 ostendere.

2329 5612 2594 5667 Elemerta
2629 5612 2732 5668 Deo
2761 5616 2966 5668 omnino
3004 5615 3202 5668 subdita
3241 5629 3391 5680 sunt;
3423 5634 3591 5672 servos
3617 5617 3714 5672 Dei
3753 5635 3830 5672 re-

2260 5717 2513 5763 rcrcntur.
2532 5738 2600 5749 ——
2621 5708 2673 5764 3.
2709 5708 2773 5764 Et
2795 5718 2853 5765 ut
2880 5709 2930 5766 id
2958 5709 3100 5781 quod
3129 5711 3340 5781 dicitur,
3373 5711 3651 5769 dilucidius
3685 5713 3834 5769 vobis
