4068 6376
319 352 413 410 1M

314 469 422 532 fiat,
446 465 557 537 lam
578 462 647 520 de
665 462 767 517 hoc
790 468 1107 531 argumento
1125 457 1323 528 aliquid
1349 458 1696 524 disseramus,
1719 467 1904 527 postea

306 558 377 612 ad
402 556 545 612 aliud
591 552 886 608 transituri.
921 550 1032 605 lloc
1056 549 1197 605 enim
1225 558 1411 603 contra
1449 564 1706 618 aquarum
1754 561 1911 607 natu-

223 674 235 681 -
312 664 426 703 ram
453 655 557 713 est,
590 645 733 700 ferre
759 656 957 711 corpus
1000 653 1106 695 tam
1151 656 1311 711 grave
1346 658 1359 695 :
1393 650 1447 696 et
1486 643 1676 697 iterum
1722 654 1909 700 contra

313 749 554 795 naturam
585 746 761 801 terrte,
796 735 978 791 sedem
1028 749 1179 788 suam
1223 735 1275 788 in
1308 734 1399 789 tali
1423 733 1771 792 fundamento
1813 738 1909 792 ha-

313 833 460 887 bere.
493 832 561 885 Et
586 828 713 899 quid
746 828 999 883 miraris?
1025 828 1081 882 ln
1110 842 1447 898 quacumque
1482 844 1663 884 rerum
1706 841 1913 886 creata-

312 936 430 976 runt
469 920 699 974 scrutari
727 918 994 982 volueris,
1042 918 1286 972 invenies
1333 919 1650 975 immensam
1696 921 1913 990 Opificis

313 1011 628 1083 potentiam,
680 1023 911 1079 eumque
952 1022 1048 1063 sua
1093 1009 1369 1065 voluntate
1406 1011 1705 1080 gubernare
1734 1014 1912 1066 omnia

311 1102 705 1169 deprehendes.
733 1101 925 1157 Videre
944 1101 1086 1155 enim
1118 1101 1217 1156 hoc
1250 1102 1375 1156 licet
1401 1102 1451 1155 in
1483 1103 1627 1172 igne,
1647 1105 1732 1158 cui
1755 1104 1917 1158 absu-

311 1195 492 1249 mendi
518 1204 703 1248 natura
726 1201 845 1247 est:
873 1193 1051 1246 omnia
1074 1192 1215 1247 enim
1233 1191 1387 1247 facile
1409 1193 1612 1261 domat,
1636 1195 1912 1249 materiam

309 1282 602 1347 lignorum,
638 1282 895 1351 lapidum,
925 1295 1231 1351 corporum,
1267 1291 1321 1335 et
1352 1282 1474 1337 ferri
1507 1302 1520 1337 :
1550 1295 1604 1337 at
1634 1296 1912 1353 postquam

318 1372 600 1440 imperavit
644 1372 921 1438 Dominus,
967 1386 1190 1440 corpora
1237 1382 1416 1427 tenera
1458 1381 1514 1428 et
1549 1376 1913 1445 corruptibilia

315 1450 426 1517 non
458 1462 648 1530 tetigit,
686 1461 781 1515 sed
812 1462 1009 1516 illaesos
1038 1475 1234 1532 pueros
1260 1466 1492 1518 servavit
1534 1465 1584 1518 in
1614 1466 1793 1520 medio
1820 1482 1915 1520 ca-

314 1553 466 1607 mino
495 1551 660 1622 (Dan.
692 1552 772 1622 á½…).
807 1553 870 1607 Et
898 1570 965 1608 ne
994 1555 1205 1609 mireris
1230 1557 1273 1609 si
1306 1571 1529 1627 corpora
1563 1558 1775 1612 illorum
1809 1576 1915 1615 non

315 1645 512 1714 tetigit,
540 1644 639 1700 sed
668 1645 976 1700 irrationale
1006 1646 1330 1702 elementum
1375 1658 1516 1702 tanta
1550 1650 1919 1708 moderatione

318 1733 676 1803 obsequutum
718 1743 821 1799 est,
852 1744 1107 1805 quantum
1152 1737 1329 1791 nullus
1366 1749 1526 1808 queat
1567 1738 1738 1795 effari.
1786 1740 1917 1796 Nam

317 1839 389 1878 ne
419 1824 626 1893 capillis
670 1824 887 1893 quidem
921 1826 1131 1881 illorum
1172 1829 1418 1893 nocebat,
1465 1829 1560 1883 sed
1605 1831 1922 1886 circumibat

322 1912 464 1979 illos,
497 1922 551 1968 et
594 1914 732 1969 intra
776 1929 836 1970 sc
871 1916 1213 1971 continebat:
1242 1919 1377 1987 ignis
1416 1931 1592 1973 autem
1623 1921 1920 1978 substantia

320 2013 593 2074 tamquam
625 2005 988 2060 obedientiam
1019 2009 1298 2073 exhibens,
1331 2020 1385 2064 et
1419 2012 1624 2066 Domini
1671 2016 1923 2069 mandato

319 2095 585 2157 serviens,
642 2096 839 2151 illtcsos
886 2106 941 2152 et
988 2098 1214 2153 intactos
1274 2101 1519 2155 servabat
1582 2104 1923 2161 admirabiles

320 2184 443 2239 illos
472 2200 686 2255 pueros,
718 2187 807 2256 qui
836 2188 985 2256 quasi
1017 2189 1066 2243 in
1100 2198 1251 2257 prato
1279 2200 1333 2245 et
1363 2192 1517 2245 horto
1545 2194 1882 2250 ambulantes
1905 2238 1919 2262 ,

322 2286 469 2331 tanta
517 2279 802 2333 securitate
844 2280 897 2335 in
942 2280 1154 2335 camino
1192 2281 1555 2338 versabantur.
1591 2283 1660 2339 Et
1700 2302 1766 2341 ne
1804 2288 1925 2357 quis

322 2374 539 2435 putaret
568 2367 827 2422 visibilem
860 2368 1010 2423 illum
1042 2371 1215 2439 ignem
1247 2373 1558 2440 operatione
1584 2375 1771 2430 carefe
1795 2417 1810 2442 ,
1838 2376 1924 2431 id-

318 2457 471 2511 circo
498 2457 758 2526 benignus
799 2458 1058 2514 Dominus
1084 2460 1222 2513 illius
1244 2462 1534 2517 efficaciam
1561 2472 1669 2519 non
1696 2464 1924 2534 impedi-

323 2548 400 2602 vit
427 2564 442 2602 :
473 2547 567 2602 sed
597 2549 701 2602 vim
728 2549 870 2603 illam
901 2550 1093 2605 urendi
1123 2551 1341 2605 illicsam
1374 2557 1625 2620 servaVit,
1657 2565 1711 2610 et
1740 2572 1925 2611 servos

322 2651 454 2691 suos
482 2637 569 2691 illa
613 2643 919 2706 superiores
943 2639 1088 2705 fecit,
1115 2650 1174 2694 ut
1201 2642 1347 2696 nullo
1372 2643 1532 2697 modo
1578 2645 1923 2702 lmderentur.

322 2726 590 2783 Caeterum
620 2740 678 2783 ut
705 2731 907 2785 scirent
930 2732 1018 2800 qui
1049 2748 1241 2801 pueros
1271 2733 1585 2803 injecerant,
1615 2746 1811 2805 quanta
1834 2753 1922 2791 es-

323 2829 409 2874 set
433 2820 675 2875 omnium
703 2820 793 2876 Dei
842 2824 1098 2891 potentia,
1130 2825 1182 2878 in
1210 2825 1329 2880 illos
1374 2827 1511 2896 ignis
1538 2844 1688 2883 suam
1731 2844 1925 2898 opera~

324 2909 525 2964 tionem
567 2912 840 2977 exercuit,
872 2914 942 2967 ita
980 2922 1036 2967 ut
1059 2914 1148 2968 ille
1177 2915 1291 2981 ipse
1336 2916 1473 2985 ignis
1506 2932 1600 2971 eos
1644 2920 1784 2972 intus
1823 2920 1929 2973 cir-

323 3000 703 3067 cummuniret,
733 3016 828 3056 eos
857 3011 1034 3057 autem
1055 3003 1144 3072 qui
1173 3003 1305 3058 foris
1331 3014 1486 3059 erant
1510 3016 1693 3062 ureret
1715 3017 1770 3063 et
1799 3023 1930 3063 con-

324 3100 586 3145 sumeret.
642 3091 831 3145 Vidisti
870 3108 978 3161 quo
1024 3102 1178 3161 pacto
1222 3094 1483 3150 Dominus
1528 3098 1743 3166 quando
1791 3103 1924 3166 vult,

324 3182 591 3237 elementa
617 3183 793 3238 omnia
825 3183 877 3237 in
904 3186 1231 3241 contrariam
1253 3197 1421 3243 mutet
1446 3191 1735 3246 essentiam
1757 3192 1780 3245 2
1801 3193 1929 3264 Opi-

328 3271 416 3327 fex
447 3274 590 3327 enim
615 3284 699 3329 est
723 3283 777 3329 et
807 3276 1083 3342 Dominus,
1108 3287 1161 3332 et
1190 3293 1288 3346 pro
1316 3293 1411 3334 sua
1440 3281 1718 3338 voluntate
1748 3286 1925 3338 omnia

325 3362 623 3432 dispensat.
652 3364 823 3419 Vultis
849 3374 904 3420 et
942 3366 993 3421 in
1023 3369 1177 3438 aquis
1205 3369 1432 3439 idipsum
1462 3371 1646 3427 videre
1690 3374 1929 3431 factum?

329 3453 463 3508 Nam
485 3454 623 3509 sicut
647 3456 781 3526 ignis
809 3456 896 3511 hic
925 3458 989 3511 iis
1018 3460 1105 3528 qui
1128 3459 1271 3515 intus
1296 3472 1449 3516 erant
1491 3463 1624 3518 nihil
1666 3466 1925 3531 nocebat,

326 3544 423 3599 sed
447 3545 551 3599 illis
574 3548 847 3615 parcebat,
875 3548 1071 3603 oblitus
1096 3566 1209 3604 suae
1238 3553 1598 3621 Operationis;
1630 3556 1680 3610 in
1710 3572 1804 3612 eos
1830 3574 1927 3613 au-

330 3647 437 3691 tem
465 3639 555 3707 qui
588 3637 715 3692 foris
740 3650 893 3694 erant
922 3642 1176 3697 saeviebat
1218 3658 1371 3698 more
1398 3658 1532 3699 suo:
1562 3647 1643 3701 sic
1681 3657 1735 3702 et
1763 3663 1930 3718 aquas

327 3726 630 3783 videbimus
658 3728 791 3783 alios
816 3730 1031 3799 quidem
1068 3733 1436 3802 submergere,
1465 3734 1585 3788 aliis
1614 3745 1792 3791 autem
1835 3754 1929 3793 ce-

326 3818 477 3883 dere,
503 3819 571 3872 ita
594 3829 653 3873 ut
676 3819 877 3889 absque
896 3821 1092 3877 damno
1121 3831 1413 3879 transeant.
1444 3826 1819 3884 Recordamini
1843 3831 1931 3886 hic

328 3909 627 3964 Pharaonis
654 3920 709 3965 et
735 3910 1129 3983 Egyptiorum,
1157 3926 1317 3986 atque
1346 3920 1524 3987 populi
1555 3920 1925 3991 Hebrteorum,

327 4001 601 4071 quomodo
626 4001 679 4056 hi
700 4002 768 4056 ad
789 4003 1096 4059 mandatum
1124 4006 1355 4073 Domini,
1383 4024 1575 4078 magno
1595 4011 1745 4067 Mose
1769 4012 1927 4080 duce,

330 4107 428 4161 per
477 4107 627 4147 mare
683 4093 923 4148 Rubrum
972 4097 1126 4165 quasi
1184 4112 1281 4166 per
1339 4099 1544 4154 aridam
1606 4105 1933 4159 transierunt

329 4181 528 4250 (Ezod.
575 4182 660 4255 14)
688 4184 951 4255 ÎµÎ”Î•ÎµÏ‚Ïá¿‘á½¶á¼°
995 4196 1197 4253 autem,
1229 4191 1317 4257 qui
1349 4190 1593 4245 eamdem
1642 4193 1781 4248 viam
1810 4211 1931 4250 cum

330 4271 611 4328 Pharaone
638 4274 715 4328 ire
754 4276 1022 4343 volebant,
1044 4278 1206 4348 aquis
1252 4278 1426 4334 obruti
1472 4282 1737 4338 submersi
1786 4294 1931 4340 sunt.

330 4362 405 4417 Ita
435 4363 608 4418 solent
638 4365 903 4420 elementa
945 4369 1175 4423 revereri
1203 4383 1389 4425 servos
1432 4373 1666 4441 Domini,
1694 4386 1748 4429 et
1776 4391 1806 4430 a
1837 4393 1935 4432 suo

327 4468 389 4507 se
412 4454 693 4509 continere
721 4455 940 4524 impetu.
970 4460 1262 4513 Audiamus
1290 4476 1408 4527 nos,
1438 4473 1702 4534 quotquot
1730 4466 1935 4523 feroces

325 4554 384 4600 et
414 4547 674 4608 iracundi.
702 4556 756 4602 et
780 4549 897 4605 aliis
922 4550 1289 4608 affectionibus
1315 4554 1386 4609 ob
1408 4566 1644 4611 nostram
1668 4558 1932 4629 ignaviam

330 4637 571 4706 impliciti
602 4649 838 4693 nostram
865 4641 1092 4697 salutem
1122 4646 1550 4714 pessumdamus,
1584 4658 1638 4705 et
1666 4652 1935 4710 imitemur

330 4738 534 4782 tantam
580 4729 772 4785 horum
804 4733 1190 4790 elementorum
1237 4742 1445 4795 ratione
1481 4746 1776 4800 carentium
1809 4750 1937 4804 obe-

326 4817 609 4883 dientiam,
664 4836 761 4876 nos
803 4825 892 4892 qui
932 4827 1139 4881 ratione
1187 4829 1422 4898 insigniti
1454 4848 1657 4889 sumus.
1708 4838 1839 4893 Nam
1892 4842 1936 4895 si

331 4908 489 4977 ignis,
521 4910 611 4977 qui
635 4910 705 4962 ita
733 4910 890 4977 edax,
933 4913 1005 4967 ita
1036 4915 1359 4982 vehemens,
1389 4923 1706 4990 corporibus
1751 4942 1938 4983 corru-

330 4998 605 5067 ptibilibus
633 5010 686 5055 et
734 5011 838 5055 tam
870 5004 1069 5058 teneris
1094 5009 1353 5076 pepercit,
1397 5026 1554 5080 quam
1582 5028 1822 5072 meretur
1849 5035 1941 5073 ve-

330 5089 473 5143 niam
505 5090 688 5154 homo,
715 5106 868 5146 suum
894 5095 1167 5152 refrenare
1194 5098 1426 5155 furorem
1476 5116 1695 5174 propter
1722 5111 1943 5164 manda.

331 5191 444 5235 tum
477 5183 710 5249 Domini,
744 5194 799 5238 et
820 5186 953 5239 iram
982 5203 1107 5257 erga
1150 5192 1451 5259 proximum
1497 5210 1528 5251 e
1578 5208 1795 5267 pectore
1839 5219 1937 5258 suo

328 5272 881 5358 eliminare_nolens?
910 5277 976 5332 Et
1002 5281 1141 5347 quod
1179 5283 1350 5351 majus
1396 5295 1520 5353 est,
1564 5289 1703 5358 ignis
1733 5301 1936 5349 tantam

333 5362 519 5415 urendi
548 5350 653 5415 vim
683 5362 913 5431 habens,
946 5382 1096 5422 suam
1128 5374 1493 5439 operationem
1527 5392 1634 5431 non
1662 5382 1933 5450 ostendit;

332 5454 495 5507 homo
521 5463 720 5516 autem.
754 5469 1092 5515 mansuetum
1138 5466 1359 5529 animal,
1393 5471 1655 5526 rationale
1700 5483 1754 5528 et
1781 5477 1937 5531 beni-

332 5548 801 5613 gnum,contraria
824 5562 937 5604 suae
966 5561 1168 5607 naturas
1186 5554 1329 5623 facit,
1355 5562 1739 5632 etnegligentia
1760 5582 1938 5623 mores

333 5649 462 5688 suos
507 5635 558 5688 in
607 5636 806 5692 ferinos
854 5642 1033 5695 vertit.
1088 5642 1291 5701 Idcirco
1322 5657 1375 5703 et
1420 5648 1595 5704 divina
1640 5653 1935 5725 Scriptura,

334 5733 552 5796 propter
564 5727 873 5787 affectiones
896 5731 1011 5788 illas
1030 5735 1463 5808 interturbantcs,
1489 5741 1931 5805 irrationabilium

1430 343 1497 401 IN
1533 340 1776 402 CAPJI.
1820 339 2069 399 GENES.
2110 340 2337 399 llOMlL.
2382 338 2501 397 Xll.

3513 355 3624 413 102

2015 461 2070 506 et
2096 452 2587 508 ferarttmâ€˜nomina
2621 454 2686 510 iis
2728 456 2818 526 qui
2846 457 3052 515 ratione
3079 459 3311 533 insigniti
3357 476 3481 522 sunt
3512 473 3611 522 im-

2017 542 2203 614 ponit;
2246 545 2510 601 interdum
2541 561 2703 603 canes
2726 550 2799 604 ob
2840 552 3221 621 impudentiam
3263 568 3317 613 et
3358 560 3615 631 impetum

2015 648 2189 694 vivat.
2221 638 2444 694 dicens:
2473 638 2637 695 Canes
2662 644 2809 707 muti,
2844 662 2945 699 non
2985 648 3207 703 valentes
3248 651 3439 707 latrare
3462 654 3617 726 (leni.

2016 727 2105 783 56.
2140 728 2261 797 l0);
2302 718 2568 785 interdum
2622 736 2692 788 ob
2736 733 3011 791 iibidiucm
3059 755 3266 809 equos:
3324 718 3479 797 Namâ€˜
3508 747 3620 814 equi

2016 818 2264 871 emissarii
2288 821 2413 888 facti
2433 829 2570 886 sunt,
2600 825 2941 894 unusquisque
2964 827 3033 879 ad
3056 844 3269 884 uxorem
3296 835 3517 902 proximi
3541 837 3621 890 sui

2016 906 2274 962 hinniebat
2322 910 2457 978 (Jer.
2490 911 2543 964 5.
2585 912 2677 981 8);
2712 913 2978 971 interdum
3007 934 3135 975 vero
3162 925 3365 991 asinos,
3398 927 3467 981 ob
3510 938 3623 983 stu-

2020 997 2292 1064 liiditatem
2338 1011 2392 1054 et
2423 1002 2711 1059 ruditatem
2738 1022 2751 1057 :
2780 1007 3118 1076 Comparatus
3140 1024 3212 1067 est
3242 1016 3384 1071 enim
3407 1058 3423 1081 ,
3455 1019 3623 1091 inquit

2017 1088 2311 1158 Scriptura,
2347 1094 2597 1162 jumentis
2636 1097 3006 1169 insipientibus,
3039 1114 3086 1158 et
3126 1108 3308 1163 similis
3347 1088 3626 1182 factus'eu

2018 1178 2121 1232 illis
2149 1178 2322 1248 (Psal.
2354 1184 2446 1239 48.
2483 1186 2571 1257 l3)
2592 1202 2613 1252 ;
2636 1189 2927 1259 aliquando
2952 1195 3114 1251 etiam
3141 1197 3325 1255 leones
3347 1178 3629 1268 iet-pardus

2020 1281 2193 1336 vocat,
2227 1273 2298 1329 ob
2321 1279 2667 1344 rapacitatem
2692 1292 2747 1337 et
2774 1286 3119 1357 aviditatem;
3163 1294 3452 1364 aliquando
3501 1300 3628 1355 item

2021 1362 2251 1430 aspidas,
2283 1366 2352 1419 ob
2374 1367 2825 1430 fraudulentiam:
2860 1377 3135 1447 Venenum,
3161 1362 3351 1455 inquit,
3391 1392 3630 1460 aspidnm

2021 1453 2112 1506 sub
2138 1452 2283 1510 labiis
2307 1472 2482 1511 eorum
2504 1460 2676 1529 (Psal.
2708 1464 2825 1520 l39.
2860 1469 2913 1539 4)
2938 1486 2951 1533 Í¾
2977 1452 3379 1546 nonnumquam
3407 1452 3630 1550 serpen-

2027 1552 2106 1598 tes
2126 1556 2181 1599 et
2200 1546 2434 1617 viperas,
2459 1550 2531 1605 ob
2559 1552 2732 1609 latens
2754 1572 3015 1615 venenum
3038 1573 3095 1618 et
3118 1568 3395 1634 malitiam,
3420 1546 3559 1627 sicut
3579 1583 3634 1629 et

2024 1634 2214 1688 beatus
2239 1635 2472 1695 Joannes
2489 1642 2773 1713 clamabat,
2802 1649 2986 1707 dicens
3012 1671 3023 1706 :
3052 1655 3344 1726 Serpentes,
3368 1666 3634 1734 progenies

2025 1725 2333 1793 viperarum,
2367 1732 2481 1797 quis
2508 1733 2646 1787 vobis
2675 1737 3035 1795 demonstravit
3062 1749 3236 1816 fugere
3259 1766 3291 1801 Î±
3317 1725 3527 1808 ventura
3556 1758 3635 1811 ira

2028 1814 2242 1886 (Matth.
2273 1820 2325 1875 5.
2358 1822 2452 1892 7)?
2472 1824 2692 1893 insuper
2710 1840 2764 1882 et
2785 1830 2887 1884 alia
2908 1814 3280 1895 affectionibus
3303 1846 3637 1908 responden-

2030 1909 2100 1961 tia
2130 1912 2347 1965 nomina
2370 1913 2616 1984 imponit,
2643 1929 2700 1973 ut
2719 1922 2797 1976 sic
2820 1923 2903 1978 vel
2928 1927 3138 1982 tandem
3162 1932 3369 1988 confusi
3387 1938 3453 1991 ad
3482 1953 3635 1997 suam

2028 1998 2316 2068 aliquando
2360 2006 2584 2062 redeant
2616 2012 2969 2082 nobilitatem,
2998 2030 3054 2073 et
3084 2034 3183 2074 suo
3207 2027 3390 2093 generi
3434 2033 3639 2086 confie-

2032 2089 2314 2157 dercntur,
2362 2095 2843 2188 affectionibusque
2882 2109 2995 2162 suis
3035 2089 3244 2168 divinas
3274 2116 3418 2188 leges
3446 2123 3641 2180 brat-fc-

2030 2191 2170 2247 rant,
2199 2183 2393 2253 quibus
2417 2202 2538 2243 sese
2565 2180 2930 2261 delinquendo
2962 2180 3344 2267 permiserunt:

2102 2273 2157 2326 4.
2198 2273 2305 2329 Sed
2348 2278 2534 2333 nescio
2568 2285 2840 2349 quomodo
2865 2302 2893 2340 a
2923 2293 3189 2348 sermonis
3233 2296 3436 2367 impetu
3475 2302 3641 2361 abre-

2033 2371 2154 2431 ptus
2192 2366 2261 2419 ad
2292 2365 2409 2422 haec
2438 2370 2665 2439 digressi
2696 2375 2882 2431 simus.
2914 2380 3027 2449 Age
3050 2400 3191 2440 nunc
3228 2389 3296 2442 ad
3316 2365 3641 2453 institutum

2032 2455 2351 2523 redeamus;
2385 2469 2436 2515 et
2465 2453 2740 2520 videamus
2766 2468 3019 2537 quidnam
3043 2477 3205 2531 etiam
3235 2480 3379 2535 aliud
3410 2499 3507 2538 nos
3536 2488 3638 2542 do-

2031 2559 2159 2603 cere
2206 2548 2330 2603 velit
2361 2551 2547 2606 beatus
2575 2554 2665 2610 ille
2694 2560 2975 2628 propheta.
3005 2562 3139 2621 Nam
3172 2579 3227 2623 ut
3258 2572 3411 2641 dixit,
3438 2576 3541 2632 Hic
3568 2591 3644 2636 est

2034 2638 2158 2690 liber
2193 2642 2532 2708 generationis
2559 2646 2671 2699 caeli
2700 2658 2749 2701 et
2779 2660 2947 2718 teme,
2978 2669 3294 2727 progressus
3325 2638 3485 2735 ultra,
3514 2685 3641 2725 nar-

2034 2736 2116 2781 rat
2160 2729 2353 2784 iternm
2382 2732 2691 2803 diligentius
2733 2738 2966 2798 hominis
2996 2745 3395 2809 formationem.
3422 2729 3492 2819 Et
3520 2762 3642 2831 quia

2034 2822 2279 2889 superius
2304 2822 2537 2880 breviter
2561 2827 2770 2885 dixerat
2797 2849 2812 2885 :
2838 2831 2907 2887 Et
2943 2840 3060 2905 fecit
3108 2840 3245 2897 Deus
3275 2822 3550 2916 hominem,
3575 2854 3646 2907 ad

2034 2912 2305 2981 imaginem
2335 2914 2431 2970 Det'
2460 2921 2580 2988 fecit
2622 2920 2801 2989 illum,
2844 2939 2987 2982 nunc
3030 2931 3162 2986 dicit
3187 2952 3201 2988 :
3230 2936 3282 2989 7.
3310 2937 3375 2993 Et
3406 2912 3645 3008 formavit

2039 3001 2172 3057 Deus
2198 3004 2453 3061 hominem
2474 3050 2489 3073 ,
2515 3010 2774 3079 pulverem
2800 3015 2864 3069 de
2893 3027 3028 3072 terra
3048 3062 3063 3088 ,
3096 3032 3145 3075 et
3185 3001 3455 3097 inspiravit
3483 3033 3535 3086 in
3564 3037 3646 3106 fuâ€”

2035 3093 2160 3145 ciem
2191 3096 2303 3157 eius
2340 3100 2657 3165 spiraculum
2702 3105 2849 3171 vitae,
2882 3119 2929 3161 et
2959 3111 3126 3178 factus
3159 3128 3232 3172 est
3261 3093 3412 3175 liomo
3442 3124 3495 3177 in
3528 3093 3646 3179 ani-

2035 3201 2172 3239 mam
2204 3189 2468 3244 viventem.
2500 3192 2747 3263 Magnam
2775 3207 2857 3252 est
2882 3204 3024 3269 quod
3056 3204 3143 3261 hic
3172 3208 3320 3274 dicit,
3345 3223 3400 3267 et
3424 3226 3647 3286 stupore

2036 3276 2252 3344 plenum
2283 3278 2679 3354 humanamque
2720 3292 3103 3348 transcenderis
3127 3308 3362 3355 mentem
3393 3320 3407 3356 :
3439 3276 3646 3377 Et'for-

2035 3369 2189 3421 mavit
2211 3410 2227 3435 ,
2255 3370 2460 3440 inquit,
2485 3371 2629 3429 Deus
2662 3377 2947 3447 hominem,
2980 3386 3237 3453 pulverem
3277 3369 3547 3463 accipiens
3570 3402 3650 3474 (Î±)

2036 3460 2100 3514 dâ€˜e
2129 3469 2285 3516 terra.
2321 3463 2473 3519 Sicut
2502 3465 2569 3522 de
2604 3471 2854 3527 omnibus
2880 3479 3143 3533 creaturis
3170 3460 3467 3541 visibilibâ€”us
3493 3460 3645 3547 dice;

2036 3552 2158 3608 bam
2210 3556 2581 3613 universorum
2629 3561 2886 3631 Opilicem
2927 3572 3107 3624 omnia
3152 3584 3347 3641 prazter
3395 3578 3647 3639 humana:

2037 3654 2243 3700 natura:
2288 3663 2493 3703 morem
2540 3666 2737 3722 agere,
2772 3664 2827 3710 ut
2880 3674 2977 3728 per
3008 3662 3111 3718 hoc
3148 3665 3431 3726 ineï¬‚â€˜abilis
3478 3674 3648 3743 ipsius

2040 3747 2370 3793 monstretur
2392 3741 2604 3796 virtus:
2638 3746 2708 3800 ita
2752 3759 2806 3803 et
2848 3767 2896 3805 in
2940 3753 3172 3811 hominis
3202 3741 3521 3822 formatione
3557 3768 3644 3823 in-

2038 3826 2317 3883 veniemus
2366 3846 2507 3887 nunc
2554 3834 2775 3894 factum.
2808 3838 2941 3895 Vide
2980 3846 3122 3899 enim
3170 3854 3438 3919 quomodo
3485 3871 3649 3928 super

2039 3930 2209 3986 aquas
2239 3928 2435 3976 terram
2482 3924 2756 3993 fundavit,
2786 3930 2837 3985 id
2866 3934 3006 3998 quod
3036 3938 3169 3992 citra
3211 3940 3369 3998 fidem
3414 3924 3645 4006 humana

2042 4010 2179 4064 ratio
2204 4025 2309 4066 non
2331 4015 2474 4083 capit
2502 4034 2516 4070 :
2544 4028 2597 4072 et
2628 4023 2899 4088 quomodo
2927 4028 3372 4104 quandocumque
3399 4039 3647 4110 voluerit,

2042 4099 2179 4155 sicut
2206 4105 2559 4171 ostendimus,
2584 4118 2641 4163 ut
2667 4124 2856 4167 omnes
2880 4115 3195 4175 substantiae
3219 4099 3484 4182 contraria
3509 4099 3651 4201 ipsa:

2042 4206 2160 4245 rum
2193 4202 2395 4249 natura:
2432 4209 2595 4267 agant
2629 4201 2811 4257 efficit.
2844 4204 3013 4261 Simili
3058 4212 3218 4267 modo
3256 4226 3310 4269 et
3336 4218 3388 4272 in
3418 4220 3653 4280 hominis

2044 4281 2365 4342 formatione
2408 4304 2551 4343 nunc
2594 4294 2750 4349 nobis
2787 4298 2912 4365 quid
2946 4299 3142 4357 factum
3178 4307 3249 4360 sit
3283 4309 3461 4366 divina
3507 4314 3650 4371 Scri-

2043 4384 2197 4443 ptura
2228 4378 2483 4435 declarat.
2515 4382 2780 4439 Formavit
2810 4389 2971 4458 Deus,
3006 4394 3195 4464 inquit,
3226 4401 3501 4468 hominem,
3536 4409 3653 4476 pul-

2044 4482 2206 4520 verem
2255 4472 2524 4539 accipiens
2565 4476 2630 4528 tle
2669 4487 2823 4531 terra.
2853 4481 2989 4548 Quid
3030 4485 3207 4540 dicis?
3236 4472 3546 4561 Acceptone
3586 4500 3653 4555 de

2046 4567 2185 4613 terra
2228 4561 2450 4629 pulvere
2494 4565 2741 4621 formavit
2780 4569 3093 4627 hominem?
3124 4578 3294 4633 Etiam
3316 4623 3331 4648 ,
3364 4583 3569 4654 inquit,
3604 4603 3656 4645 et

2046 4664 2149 4703 non
2179 4651 2530 4721 simpliciter;
2562 4673 2662 4712 nec
2691 4662 2984 4727 quamlibet
3021 4665 3240 4723 fortuito
3283 4651 3480 4729 terram
3505 4651 3653 4747 dicit,

2044 4743 2139 4798 sed
2168 4743 2436 4801 Pulverem
2460 4764 2480 4802 :
2501 4751 2651 4818 quasi
2680 4752 2724 4806 si
2747 4755 2864 4821 quis
2896 4755 3057 4822 dicat,
3090 4764 3463 4823 tenuissimum
3494 4779 3549 4825 et
3576 4743 3653 4826 vi;

2045 4834 2305 4889 lissimum
2330 4839 2469 4907 quod
2494 4850 2578 4894 est
2604 4842 2656 4895 in
2681 4851 2842 4897 terra.
2871 4845 3116 4917 Magnum
3142 4854 3233 4907 tibi
3255 4865 3310 4910 et
3338 4860 3654 4919 admirabile

2045 4928 2254 4982 videtur
2273 4931 2416 5000 quod
2443 4932 2641 4986 dictum
2664 4945 2747 4990 est
2770 4956 2781 4989 :
2808 4954 2995 4995 verum
3017 4944 3061 4996 si
3079 4947 3285 5015 cogites
3309 4952 3429 5020 quis
3453 4956 3653 5023 opifex,

2049 5020 2357 5088 neutiquam
2388 5022 2559 5099 fidem.
2577 5024 2776 5083 habere
2805 5028 2945 5085 facto
2972 5038 3269 5107 recusabis,
3295 5044 3388 5097 sed
3418 5020 3655 5103 mirabee

2044 5109 2119 5162 ris
2147 5120 2199 5163 ct
2223 5111 2473 5167 adorabis
2497 5114 2804 5173 Conditoris
2848 5126 3161 5189 potentiam.
3192 5130 3343 5196 Quod
3365 5136 3408 5188 si
3430 5135 3543 5191 haec
3568 5155 3655 5193 se-

2043 5201 2275 5256 cundum
2316 5206 2695 5276 cogitationum
2736 5220 2942 5267 tuarum
2980 5216 3398 5278 imbecillitatem
3441 5231 3651 5285 cmetiri

2043 5292 2299 5360 volueris,
2334 5303 2389 5349 et
2435 5298 2701 5355 curiosius
2745 5305 3069 5374 eXplorare,
3119 5326 3213 5379 par
3248 5323 3330 5368 est
3372 5324 3427 5369 ut
3458 5317 3550 5372 tibi
3600 5320 3654 5375 in

2044 5395 2279 5438 mentem
2326 5388 2539 5453 veniat,
2573 5404 2639 5443 ex
2691 5400 2831 5447 terra
2881 5410 3074 5467 corpus
3103 5402 3466 5478 (humanum)
3495 5426 3653 5465 num-

2043 5488 2203 5543 quam
2251 5474 2365 5530 fieri
2388 5518 2401 5543 ,
2432 5478 2524 5533 sed
2556 5482 2639 5534 vel
2672 5483 2893 5559 laterem
2916 5528 2931 5551 ,
2962 5490 3045 5543 vel
3078 5501 3265 5547 testam
3289 5536 3304 5558 ,
3328 5508 3382 5551 et
3408 5474 3512 5554 non
3547 5503 3654 5559 talo

2044 5579 2260 5637 corpus.
2297 5568 2483 5625 Videnâ€˜
2510 5588 2630 5640 nos,
2669 5576 2771 5631 nisi
2802 5582 3095 5648 potentiam
3118 5585 3423 5647 Conditoris
3446 5602 3650 5651 attenta

2114 5762 2189 5828 (Î±)
2215 5770 2281 5815 Ita
2307 5767 2442 5830 Regii
2468 5776 2572 5821 Mss.
2602 5779 2654 5822 et
2676 5772 2829 5836 Culb.,
2848 5781 2995 5838 atque
3012 5781 3082 5832 sic
3106 5780 3286 5843 legitur
3311 5781 3360 5832 lu
3377 5784 3560 5839 Bibliis.
