4068 6412
515 350 625 409 103

502 475 685 524 nit-tite
701 464 1047 523 considerare
1059 458 1404 522 voluerimus,
1416 463 1471 510 et
1485 461 1697 508 nostras
1717 453 1952 507 rationes
1975 457 2084 502 tam

501 556 802 616 imbecilles
847 555 1218 624 reprimamus,
1260 562 1366 602 non
1411 559 1571 615 posse
1609 544 1869 598 dictorum
1894 554 2088 612 capere

501 646 930 704 sublimitatem?
953 645 1083 700 Nam
1123 656 1241 711 qua:
1283 638 1554 702 dicuntur,
1600 635 1719 690 fidei
1755 632 1922 688 oculis
1950 631 2089 686 indt-

502 748 658 809 geut,
681 748 913 806 suntque
939 734 1267 790 obnostram
1303 727 1664 783 infirmitatem
1695 723 1858 778 multa
1889 722 2086 778 verbo-

503 845 622 886 rum
671 823 1110 895 attemperationc
1145 817 1432 889 descripta.
1463 812 1898 884 Quandoquidem
1947 811 2084 867 istud

504 923 677 990 ipsum
697 916 838 989 quod
869 914 1040 984 inquit
1070 929 1083 966 :
1117 911 1373 967 Formattit
1399 907 1538 962 Deus
1566 907 1838 970 hominem,
1861 915 1906 958 et
1935 904 2088 973 inspi-

502 1011 653 1076 ravit,
683 1006 958 1076 indignum
987 1004 1094 1060 Deo
1126 1000 1284 1057 fuerit
1309 1017 1324 1054 :
1349 998 1442 1054 sed
1478 1005 1697 1066 propter
1726 1010 1824 1049 nos
1842 1036 1857 1059 ,
1875 1002 1942 1048 et
1966 1008 2088 1062 pro-

502 1108 622 1168 pter
649 1097 1012 1152 inﬁrmitatem
1041 1103 1273 1148 nostram
1302 1089 1418 1144 haec
1453 1088 1530 1143 sic
1569 1095 1749 1142 narrat
1778 1085 2046 1153 Scriptum
2065 1123 2082 1150 ,

499 1188 570 1244 ad
597 1197 832 1244 nestmm
861 1204 922 1243 se
951 1187 1258 1242 tenuitatem
1283 1181 1590 1244 demittens,
1616 1189 1681 1234 ιιι·
1701 1188 1842 1234 tanta
1861 1177 2092 1232 familiar

503 1280 662 1333 ritate
685 1278 904 1349 dignati,
935 1275 1001 1330 ad
1027 1275 1294 1345 fastigium
1320 1271 1448 1326 illud
1483 1271 1771 1326 ascendere
1796 1273 2084 1340 possimus.

507 1369 571 1423 Et
596 1369 846 1440 prolusit,
871 1365 1221 1436 inquit,.Deus
1247 1365 1516 1428 hominem,
1545 1361 1798 1433 pulverem
1819 1361 2090 1429 accipiens

500 1460 565 1512 de
587 1470 737 1512 terra.
761 1459 896 1514 lliuc
917 1457 964 1512 si
988 1471 1178 1526 sapere
1199 1456 1461 1516 volumus.
1492 1468 1595 1507 non
1622 1467 1784 1522 parva
1815 1451 1967 1506 nobis
1989 1450 2088 1505 hu-

503 1550 742 1604 militatis
785 1549 957 1603 oritur
994 1547 1256 1602 doctrina.
1302 1545 1434 1601 Nam
1475 1559 1598 1600 cum
1638 1544 2083 1614 cogitaverimus,

503 1641 645 1695 unde
668 1639 1058 1694 constitutionis
1086 1653 1197 1692 stne
1225 1637 1431 1690 initium
1476 1645 1660 1690 natura
1689 1643 1869 1690 nostra
1897 1647 2085 1688 susce-

505 1731 662 1800 perit,
692 1731 900 1786 etiamsi
947 1729 1248 1783 sexcenties
1283 1726 1569 1796 supercilia
1618 1727 1967 1796 surrigamus,
1997 1740 2085 1780 re-

502 1821 805 1892 primimur,
828 1819 1190 1883 bumiliamur,
1209 1827 1264 1875 et
1283 1819 1590 1873 substantia;
1613 1828 1808 1874 nostra:
1823 1818 2084 1872 rationem

501 1913 894 1982 perpendentes
916 1952 931 1976 ,
958 1909 1270 1965 modestiam
1298 1910 1571 1964 discimus.
1602 1910 1725 1965 Ideo
1751 1910 1893 1964 enim
1923 1910 2084 1976 Deus,

500 2004 588 2058 cui
619 2013 762 2057 tanta
790 2001 982 2056 salutis
1025 2011 1220 2055 nostra:
1244 2015 1392 2067 cura,
1423 2001 1490 2054 ad
1533 2001 1698 2055 nostri
1731 1999 2085 2054 eruditionem

504 2092 778 2162 propheta:
817 2092 1046 2160 linguam
1077 2095 1154 2146 sic
1199 2091 1414 2145 direxit.
1443 2091 1648 2158 Quippe
1676 2107 1794 2144 cum
1839 2091 2086 2159 superius

499 2187 722 2241 dixisset
746 2184 924 2239 divina
957 2183 1252 2252 Scriptura,
1285 2181 1350 2236 Et
1378 2182 1493 2250 fecit
1524 2182 1660 2237 Deus
1700 2183 1951 2236 hominem
1971 2224 1984 2247 ,
2007 2198 2088 2235 se-

497 2277 720 2330 cundum
748 2275 1016 2346 imaginem
1040 2272 1137 2328 Dei
1167 2273 1283 2344 fecit
1304 2289 1438 2336 eunt,
1467 2272 1614 2326 dedit
1641 2272 1715 2327 illi
1742 2273 1978 2327 omnium
2009 2272 2086 2327 vi-

497 2365 732 2420 sibilium
762 2374 1105 2434 potestatem.
1125 2374 1182 2417 ut
1209 2380 1275 2418 ne
1295 2378 1361 2418 ex
1388 2372 1496 2418 sua:
1522 2363 1916 2434 constitutionis
1944 2363 2088 2432 igno-

498 2456 667 2511 rantia
689 2433 825 2510 altos
845 2455 1060 2524 spiritus
1082 2463 1400 2520 assumeret,
1416 2433 1860 2522 prtessriptosque
1887 2453 2084 2507 limites

507 2547 752 2608 trattsiret
783 2565 797 2600 :
825 2548 1097 2614 superiora
1126 2555 1371 2615 repetens
1397 2545 1666 2614 Scriptura
1696 2544 1855 2600 docet
1879 2542 2084 2599 forma-

504 2643 658 2694 !ionis
697 2641 812 2710 ejus
851 2640 1130 2709 originem.
1161 2650 1216 2694 et
1266 2639 1406 2692 unde
1449 2653 1510 2692 ac
1559 2639 1830 2708 quomodo
1881 2639 2082 2707 primus

500 2735 660 2786 homo
683 2731 971 2800 productus
995 2731 1084 2786 sit.
1110 2729 1238 2785 Nam
1263 2730 1306 2784 si
1335 2739 1454 2798 post
1479 2730 1617 2784 hanc
1638 2730 1956 2794 doctrinam,
1979 2746 2085 2801 qua

496 2822 709 2890 agnovit
732 2837 791 2876 se
817 2838 848 2875 e
870 2829 1006 2875 terra
1028 2820 1225 2875 habere
1250 2821 1528 2888 originem,
1555 2836 1620 2876 ex
1651 2836 1754 2889 qua
1781 2823 2006 2886 semina,
2029 2829 2086 2876 et

495 2921 686 2966 ctelera
712 2912 990 2979 animalia,
1022 2910 1263 2980 quamvis
1303 2910 1582 2976 formatio,
1612 2911 1907 2980 animaeque
1951 2911 2082 2966 sub-

497 3005 690 3057 stantia
721 3003 1072 3073 incorporalis
1100 3003 1267 3056 multo
1291 3003 1635 3057 excellentior
1665 3018 1758 3071 per
1780 3003 2082 3074 benignita-

500 3107 605 3150 tt-m
640 3096 732 3150 Dei
775 3109 1026 3150 concessa
1069 3095 1140 3148 sit
1168 3111 1182 3147 :
1212 3109 1309 3164 per
1336 3095 1471 3147 hanc
1504 3093 1646 3146 enim
1695 3093 1899 3163 accepit
1940 3093 2082 3163 Quod

501 3186 773 3240 rationalis
801 3186 888 3247 sit,
918 3195 973 3239 et
994 3185 1240 3239 omnibus
1266 3184 1386 3237 aliis
1424 3184 1688 3253 imperet:
1720 3184 1798 3249 si,
1830 3185 2042 3254 inquam
2062 3226 2079 3253 ,

497 3277 622 3333 licet
653 3276 769 3331 ha-e
782 3275 994 3340 doctus,
1016 3275 1280 3342 serpentis
1303 3275 1614 3344 deceptione
1641 3290 1824 3346 parem
1851 3277 2079 3345 aliquam

494 3383 617 3420 cum
653 3367 762 3420 Deo
790 3365 1146 3435 aequalitatem
1192 3364 1506 3433 imaginatus
1532 3373 1616 3419 est
1659 3368 1704 3418 is
1727 3365 1817 3434 qui
1845 3364 1912 3419 de
1942 3374 2078 3418 terra

497 3463 791 3513 tenuatus:
819 3458 865 3511 si
893 3457 1057 3525 priori
1086 3457 1388 3510 narratione
1425 3467 1705 3510 contentus
1730 3456 1918 3511 fuisset
1958 3457 2082 3512 bea-

497 3559 580 3602 tus
609 3549 693 3601 hic
723 3545 1001 3617 prepheta,
1031 3557 1085 3600 et
1113 3546 1213 3599 nisi
1244 3545 1483 3614 repetitis
1521 3547 1768 3600 omnibus
1804 3547 2084 3616 diligenter

497 3656 595 3695 nos
621 3640 912 3704 docuisset,
942 3640 993 3692 in
1016 3653 1175 3707 quam
1207 3654 1311 3691 non
1339 3638 1712 3693 incidissemus
1733 3639 1994 3693 insaniam
2021 3640 2046 3692 ‘l

568 3730 621 3784 5.
665 3729 848 3800 Itaque
874 3729 1158 3795 plurimum
1201 3727 1267 3781 ad
1308 3728 1659 3783 erudiendum
1700 3745 1797 3784 nos
1832 3731 2075 3785 conducit

495 3821 633 3875 st-ire
662 3819 803 3873 unde
841 3817 1132 3873 substantia
1161 3828 1337 3870 nostra
1368 3816 1594 3884 primum
1631 3819 1887 3888 originem
1928 3836 2068 3874 acce-

501 3911 655 3978 perit.
684 3908 747 3961 Et
769 3907 1030 3979 formavit,
1055 3905 1240 3974 inquit,
1266 3904 1403 3958 Deus
1430 3905 1703 3972 hominem,
1728 3908 1978 3975 pulverem
2002 3924 2083 3963 aco

496 4001 699 4068 cipiens
727 3999 788 4052 de
818 4008 953 4051 terra
975 4037 991 4059 ,
1017 4005 1064 4049 et
1102 3995 1370 4065 insuﬁlavit
1398 3996 1449 4047 in
1485 3997 1664 4066 faciem
1699 4001 1809 4065 ejus
1848 3999 2081 4068 spiracu-

500 4093 604 4144 lum
626 4092 754 4142 vita.
779 4087 1038 4154 Quoniam
1064 4085 1364 4140 hominibus
1388 4085 1722 4152 loquebatur,
1742 4088 1898 4141 aliter
1923 4105 2079 4158 qnam

501 4193 651 4233 more
699 4187 882 4231 nostro
926 4174 1110 4228 audire
1157 4189 1262 4228 non
1291 4175 1626 4240 valentibus,
1657 4175 1756 4230 hac
1795 4177 2080 4232 verborum

498 4270 839 4339 simplicitate
860 4276 914 4322 et
941 4265 1291 4321 crassitudine
1314 4281 1439 4319 usus
1468 4275 1549 4319 est
1572 4281 1587 4329 ;
1615 4277 1668 4320 et
1686 4276 1742 4321 ut
1769 4266 1960 4322 doceat
1984 4285 2082 4324 nos

500 4377 606 4429 quo
638 4369 790 4429 pacto
819 4358 1102 4412 formatum
1131 4355 1278 4409 illum
1306 4356 1372 4410 de
1408 4366 1547 4409 terra
1573 4395 1588 4420 ,
1635 4355 1930 4428 benignitas
1978 4361 2082 4414 Do-

502 4453 629 4507 mitii
661 4450 976 4514 rationalem
1005 4446 1198 4500 animae
1241 4446 1524 4500 essentiam
1576 4445 1775 4502 habere
1815 4449 2078 4519 voluerit,

501 4562 590 4616 per
618 4560 778 4615 quam
805 4541 1000 4596 animal
1029 4541 1130 4594 hoc
1149 4539 1450 4593 absolutum
1487 4547 1544 4595 et
1572 4540 1861 4608 perlectum
1907 4542 2077 4599 ﬂeret.

506 4641 568 4692 Et
609 4637 904 4706 inspiravit,
937 4634 1141 4702 inquit,
1185 4632 1236 4684 in
1265 4631 1443 4701 facient
1471 4633 1579 4697 eius
1604 4633 1914 4703 spiraculum
1945 4638 2077 4691 vitw.

508 4728 730 4782 Vitalem
759 4728 834 4780 ait
875 4723 1128 4793 operandi
1155 4722 1448 4777 eflicaciam
1478 4722 1527 4776 ei
1547 4762 1562 4788 ,
1586 4725 1674 4792 qui
1701 4723 1766 4779 de
1797 4733 1934 4779 terra
1978 4727 2083 4783 for-

504 4828 677 4874 matus
703 4829 805 4880 est,
837 4814 1155 4884 spiraculum
1183 4812 1360 4866 datum
1382 4827 1521 4878 esse,
1551 4823 1606 4867 et
1631 4813 1745 4868 haec
1770 4814 1862 4869 fuit
1884 4822 2082 4873 consti-

507 4913 638 4967 tutio
685 4908 993 4964 substantia:
1031 4905 1243 4960 animm.
1278 4905 1428 4960 Unde
1474 4906 1696 4960 subdit:
1732 4906 1795 4959 Et
1824 4913 1987 4978 factus
2014 4923 2082 4964 est

505 5003 654 5054 homo
681 5001 732 5052 in
760 4999 978 5050 animum
1003 4996 1261 5049 viventem.
1294 4995 1385 5050 Ille
1413 4996 1686 5060 formatus,
1719 4998 1904 5067 inquit,
1935 5010 1988 5054 et
2015 5001 2081 5056 de

503 5093 719 5161 pulvere
765 5097 1062 5157 susceptus,
1103 5087 1387 5154 inspiratus
1426 5087 1690 5153 Spiraculo
1720 5090 1860 5156 vitm,
1893 5092 2082 5145 Factus

502 5195 573 5238 est
604 5185 655 5235 in
681 5183 900 5234 animum
926 5176 1331 5243 uinentem.Quid
1353 5185 1454 5242 est,
1479 5176 1543 5230 In
1565 5180 1785 5232 animum
1808 5183 2082 5236 viventem?

505 5276 617 5329 lloc
660 5284 738 5328 est
760 5314 775 5336 ,
803 5271 1090 5325 eflicaciter
1137 5279 1441 5335 operantem
1469 5311 1484 5333 ,
1515 5268 1798 5325 habentem
1843 5276 2081 5342 corporis

509 5365 745 5420 membra
774 5364 938 5431 ipsius
967 5360 1362 5430 operationibus
1388 5362 1669 5414 servientia
1699 5363 1964 5429 ipsiusque
1984 5380 2079 5419 vo-

507 5454 693 5512 luntati
731 5450 1165 5522 obtemperantis.
1199 5449 1459 5503 Caeterum
1489 5451 1669 5504 nescio
1695 5453 1959 5518 quomodo
1987 5470 2083 5511 nos

507 5562 628 5601 cum
656 5543 1068 5598 subverterimus
1102 5539 1366 5606 ordinem,
1392 5550 1444 5594 et
1471 5549 1612 5594 tanta
1642 5541 1800 5595 fuerit
1833 5545 2082 5612 nequitia:

509 5638 746 5693 accessio
770 5677 787 5703 ,
834 5645 889 5689 ut
935 5645 1100 5703 Ipsam
1135 5648 1387 5702 cogamus
1425 5634 1598 5687 Carnis
1645 5635 2082 5704 concupiscentiis

509 5729 828 5799 obsequi,ct
855 5743 991 5792 eam,
1019 5741 1130 5797 qua:
1171 5734 1350 5795 utpote
1375 5724 1586 5780 domina
1625 5726 1743 5780 aliis
1771 5741 1998 5796 pra-csse
2022 5739 2076 5784 et

1240 339 1300 398 S.
1337 334 1614 398 103Nle
1639 323 2112 392 CHRYSOSTOIH
2150 321 2470 384 ARCﬂlEP.
2507 324 3041 384 CONSTANTINOP.

3682 329 3792 388 ιοι

2201 439 2466 513 imperare
2488 442 2734 510 debebat,
2755 459 2786 498 e
2813 443 2949 498 solio
2966 442 3316 503 deturbatam.
3338 447 3517 502 carnis
3535 445 3786 518 volupta-

2195 532 2338 588 tibus
2369 548 2558 604 parere
2582 549 2855 604 cogamus,
2890 536 3191 604 ignorantes
3231 537 3396 606 ipsius
3420 538 3783 605 nobilitatem,

2196 631 2253 678 et
2277 633 2526 694 quantam
2555 640 2664 694 pra
2694 625 2791 680 ista
2821 626 3163 682 eminentiam
3194 629 3379 683 sortita
3408 629 3496 685 sit.
3529 629 3662 685 Nam
3690 647 3783 686 eo-

2191 714 2298 784 gita
2322 755 2340 782 ,
2363 716 2588 771 obsecro
2607 757 2621 780 ,
2651 713 2987 772 formatiouis
3017 717 3261 774 ordinem
3293 736 3307 773 :
3337 730 3406 776 et»
3424 721 3668 790 expende
3683 731 3784 774 'te-

2193 819 2340 872 cum,
2371 807 2492 876 quis
2517 816 2657 862 esset
2688 807 2777 862 ille
2799 817 3082 879 antequam
3114 811 3463 880 iuspiraretur
3490 827 3520 865 a
3554 812 3782 867 Domino

2191 897 2516 965 spiraculum
2542 899 2692 964 vitaz,
2721 909 2776 956 et
2807 899 2956 956 ﬁeret
2999 900 3050 955 in
3081 901 3310 956 animam
3341 903 3626 958 viventem.
3663 904 3780 957 lna-

2192 987 2352 1043 nimis
2381 1004 2571 1060 nempe
2614 989 2819 1062 imago,
2857 995 3166 1064 operatione
3211 1009 3428 1061 carens,
3454 1006 3509 1050 et
3531 995 3608 1050 ad
3645 995 3778 1052 nihil

2193 1077 2372 1144 utilis;
2402 1080 2471 1133 ita
2518 1088 2574 1135 ut
2614 1089 2780 1136 totum
2819 1082 3132 1154 illud‘quod
3175 1086 3228 1140 in
3270 1095 3471 1140 tantum
3517 1086 3778 1141 honorem

2193 1168 2364 1237 ipsum
2398 1171 2657 1239 provexit,
2682 1173 3267 1245 niltilaliud~sit,qnam
3293 1177 3617 1246 spiraculum
3649 1177 3779 1232 illud

2192 1275 2222 1314 a
2256 1262 2363 1316 Deo
2391 1262 2728 1332 inspiratum.
2755 1264 3022 1320 Castorum
3050 1277 3107 1322 ut
3133 1266 3236 1322 hoc
3259 1283 3365 1322 non
3403 1269 3573 1322 solum
3603 1284 3668 1322 ex
3714 1269 3780 1322 iis

2190 1367 2309 1420 quae
2337 1361 2464 1407 tunc
2493 1353 2626 1409 facta
2655 1365 2798 1423 sunt,
2828 1357 2921 1413 sed
2948 1368 3002 1413 et
3033 1373 3100 1414 ex
3130 1358 3194 1414 iis
3218 1374 3336 1430 quae
3378 1375 3518 1414 nunc
3541 1360 3781 1429 quotidie

2191 1443 2506 1514 contingunt
2528 1445 2730 1513 videas,
2759 1449 2931 1518 cogita
2961 1459 3135 1506 tecum
3154 1450 3421 1520 quomodo
3448 1461 3565 1522 post
3583 1454 3779 1505 animat

2191 1537 2628 1604 emigrationem,
2662 1555 2856 1609 corpus
2884 1540 2986 1595 hoc
3037 1552 3143 1595 tam
3173 1543 3392 1598 insuave
3437 1552 3492 1598 et
3534 1543 3779 1612 injucun-

2191 1625 2316 1680 dutu
2343 1639 2567 1698 apparet
2593 1647 2606 1684 :
2636 1631 2836 1699 et-quid
2863 1631 3002 1699 dico,
3043 1632 3260 1688 insuave
3287 1643 3345 1689 et
3393 1634 3782 1704 injucundume

2191 1731 2349 1785 quam
2376 1718 2721 1789 horrendum,
2745 1739 2902 1793 quam
2933 1726 3196 1797 ftetidum,
3226 1740 3277 1786 et
3308 1733 3642 1790 deformitate
3665 1737 3779 1806 ple-

2192 1825 2341 1876 num,
2365 1812 2505 1879 quod
2527 1823 2680 1868 antea
2710 1830 2832 1870 cum
2856 1819 2926 1872 ab
2949 1820 3127 1876 anima
3148 1834 3438 1894 regeretur,
3457 1827 3777 1897 jucundum,

2188 1909 2420 1968 gratum,
2449 1902 2838 1976 admoduntque
2869 1907 3160 1965 formosum
3187 1923 3304 1967 erat
3324 1956 3338 1976 ,
3370 1918 3529 1970 multa
3561 1919 3775 1988 plentnn

2193 1991 2472 2059 prudentia
2499 2035 2514 2060 ,
2547 2005 2599 2050 et
2628 1997 2694 2050 ad
2725 1997 2860 2053 bona
2887 2016 3046 2069 opera
3075 2006 3604 2073 magnadcxteritate
3635 2027 3775 2078 pran-

2190 2083 2377 2138 ditum.
2427 2085 2554 2143 Bzec
2597 2089 2777 2159 utique
2806 2094 2982 2146 omnia
3027 2096 3357 2165 cogitantes,
3391 2114 3455 2154 ac
3496 2102 3775 2157 uobiscum

2189 2185 2497 2242 reputantes
2545 2191 2740 2247 quanta
2789 2182 2859 2237 sit
2903 2185 3096 2240 anima:
3145 2199 3343 2242 nostra:
3385 2191 3653 2258 nobilitas,
3707 2210 3778 2249 ne

2189 2264 2313 2332 quid
2357 2282 2418 2321 ea
2467 2268 2739 2337 indignum
2768 2286 3084 2342 Operentur,
3119 2293 3184 2332 ne
3210 2280 3614 2350 coinquinetnus
3654 2301 3775 2339 eam

2189 2355 2390 2412 illicitis
2419 2361 2688 2428 operibus,
2717 2379 2784 2418 ne
2813 2365 2912 2419 sub
2949 2367 3126 2422 carnis
3152 2372 3462 2426 servitutem
3490 2390 3606 2428 eam
3644 2378 3776 2429 sub-

2183 2447 2432 2517 jugcmus
2455 2491 2470 2514 ,
2503 2467 2569 2506 ne
2595 2461 2705 2506 tam
2732 2457 2964 2510 nobilem
2984 2497 3000 2524 ,
3039 2469 3286 2530 tantaque
3312 2464 3566 2534 dignitate
3593 2469 3772 2522 subii—-

2188 2555 2330 2594 mem
2351 2583 2366 2606 ,
2399 2542 2477 2597 sic
2513 2544 2801 2600 crudeliter
2832 2555 2886 2601 et
2931 2549 3418 2609 immisericorditer
3459 2567 3772 2615 tractemus.

2187 2628 2319 2684 Nam
2366 2643 2582 2702 propter
2611 2635 2755 2689 illius
2783 2637 3134 2694 substantiam
3177 2658 3272 2696 nos
3313 2645 3402 2713 qui
3431 2661 3656 2715 cet-pore
3695 2650 3777 2702 in-

2188 2721 2351 2775 voluti
2378 2738 2583 2790 sumus,
2615 2727 2658 2779 si
2688 2727 2911 2782 velimus
2930 2770 2944 2795 ,
2975 2746 3254 2798 possumus
3279 2749 3400 2789 cum
3446 2739 3776 2808 incorptn‘eis

2188 2813 2492 2881 virtutibus,
2519 2817 2801 2888 adjuvante
2830 2837 2925 2875 nos
2952 2822 3128 2878 divina
3157 2827 3345 2896 gratia,
3379 2839 3605 2897 certare,
3635 2845 3688 2887 et
3719 2836 3772 2887 in

2189 2913 2328 2959 terra
2358 2908 2714 2976 ambulantes,
2745 2915 2895 2980 quasi
2945 2915 2996 2968 in
3028 2917 3162 2970 cmlo
3195 2921 3395 2984 vivere,
3420 2932 3475 2976 et
3506 2925 3634 2978 nihil
3667 2930 3772 2980 tui-

2187 3012 2290 3050 nus
2321 3013 2492 3090 'quam
2531 3001 2634 3055 illm
2674 3003 2905 3070 habere;
2949 3007 3058 3060 imo
3098 3008 3231 3064 forte
3269 3013 3464 3082 aliquid
3493 3019 3719 3086 amplius
3753 3037 3770 3074 :

2186 3090 2455 3155 quomodo
2480 3101 2677 3157 autem,
2699 3109 2796 3162 ego
2823 3095 3016 3150 dicant.
3037 3097 3260 3164 Quando
3278 3104 3422 3156 enim
3447 3107 3566 3174 quis
3588 3109 3773 3164 invest-

2188 3188 2273 3235 tus
2317 3181 2471 3237 fuerit
2508 3186 2836 3253 corruptibili
2882 3189 2982 3243 hoc
3025 3205 3248 3261 corpore
3274 3196 3664 3266 circumdatus,
3699 3202 3771 3257 ita

2185 3270 2346 3323 vitam
2375 3287 2538 3342 agens
2566 3283 2621 3327 ut
2657 3289 2904 3344 superna:
2952 3278 3053 3333 illa:
3081 3283 3333 3347 virtutes,
3363 3288 3630 3354 quomodo
3663 3308 3772 3346 inin

2185 3364 2586 3431 propensiorem
2617 3366 2708 3421 Dei
2729 3370 2950 3436 gratiam
2979 3373 3245 3437 sortietur,
3269 3376 3390 3443 quia
3411 3381 3650 3447 corporis
3676 3398 3774 3436 ne.

2184 3455 2521 3510 cessitatibus
2557 3457 2818 3515 obnoxius
2843 3501 2858 3530 ,
2892 3462 3246 3534 incorruptam
3286 3469 3479 3526 animae
3518 3473 3770 3529 nobilita-

2186 3551 2292 3598 tem
2327 3546 2340 3575 ¹
2373 3549 2645 3602 servavit?
3775 3618 3788 3627 ,

2268 3633 2438 3690 Virtus
2485 3639 2770 3706 possibilis;
2814 3659 3078 3711 possumus
3113 3646 3367 3702 Joannem
3407 3649 3690 3720 Baptistam
3721 3665 3772 3708 et

2186 3722 2409 3778 Paulum
2428 3728 2912 3802 imitari—Ecquis
2933 3750 3203 3805 umquam,
3219 3739 3386 3805 dices,
3411 3743 3605 3811 poterit
3625 3745 3770 3798 inve-

2187 3814 2287 3868 niri
2317 3817 2473 3871 talis?
2510 3819 2694 3874 Merito
2720 3822 3063 3890 impossibilis
3093 3829 3243 3883 nobis
3281 3829 3394 3885 hare
3424 3847 3509 3886 res
3538 3840 3765 3895 Videtur.

2185 3919 2409 3983 quorum
2439 3908 2601 3963 virtus
2625 3913 2910 3967 admodum
2935 3916 3141 3986 exigua.
3171 3918 3235 3974 At
3263 3919 3308 3974 si
3338 3922 3416 3975 vis
3435 3922 3640 3979 discere
3662 3940 3768 3979 non

2185 4009 2305 4050 esse
2332 3997 2430 4050 hoc
2459 3998 2780 4068 impossibile
2801 4044 2816 4070 ,
2846 4005 3017 4075 cogita
3039 4047 3054 4073 ,
3081 4023 3177 4061 oro
3197 4049 3210 4071 ,
3241 4024 3426 4065 omnes
3444 4012 3616 4080 justus
3635 4055 3648 4075 ,
3676 4016 3766 4083 qui

2187 4086 2410 4141 Domino
2439 4088 2506 4142 ab
2546 4089 2692 4144 initio
2732 4107 2898 4163 usque
2927 4095 2994 4148 ad
3041 4110 3276 4163 prtesens
3315 4107 3520 4169 tempus
3559 4103 3767 4172 placuec

2187 4187 2309 4229 runt
2336 4194 2580 4248 magnum
2604 4181 2774 4245 illum,
2804 4192 2858 4236 et
2883 4185 3180 4240 infecundas
3209 4189 3394 4254 lilium,
3418 4201 3471 4245 et
3499 4195 3661 4246 eremi
3693 4196 3765 4247 ci-

2186 4282 2302 4320 vem
2329 4268 2586 4323 Joannem
2620 4273 2661 4336 ',
2693 4272 2915 4327 Paulum
2944 4291 3155 4345 quoque
3184 4278 3490 4347 magistrum
3522 4283 3683 4348 orbis,
3714 4293 3770 4337 et

2185 4373 2396 4413 onmem
2426 4371 2726 4416 sanctorum
2763 4379 3066 4432 numerum,
3097 4369 3185 4436 qui
3215 4369 3457 4424 eamdem
3485 4388 3640 4440 quam
3670 4389 3766 4427 nos

2187 4459 2426 4503 naturam
2458 4450 2710 4518 habuere,
2739 4453 2924 4508 iisdem
2955 4459 3194 4524 corporis
3225 4460 3628 4515 necessitatibus
3665 4462 3761 4513 ob-

2186 4542 2350 4606 noxii,
2373 4549 2425 4596 et
2454 4558 2520 4596 ne
2539 4545 2670 4597 ultra
2695 4547 3020 4614 impossibile
3049 4564 3166 4601 esse
3193 4565 3323 4617 opus
3351 4552 3643 4616 existimes,
3676 4569 3766 4608 που

2185 4646 2287 4700 que
2325 4634 2537 4703 segnior
2578 4637 2651 4688 sis
2687 4635 2754 4689 ad
2796 4638 3065 4701 virtutem,
3095 4638 3159 4692 ad
3187 4653 3343 4708 quam
3385 4640 3534 4694 facile
3569 4643 3763 4710 ample-

2185 4724 2429 4777 ctendam
2455 4735 2622 4779 tantas
2639 4742 2667 4780 a
2695 4728 2918 4782 Domino
2940 4739 3129 4783 nactus
3149 4745 3207 4784 es
3232 4733 3557 4786 occasiooes.
3579 4735 3764 4789 Sciens

2184 4815 2326 4868 cnim
2359 4814 2613 4885 benignus
2643 4817 2894 4872 Dominus
2933 4829 3129 4872 nostrae
3160 4820 3397 4874 voluntat
3419 4837 3444 4875 s
3487 4823 3764 4877 inﬁrmita-

2186 4914 2313 4968 tem,
2346 4915 2399 4959 et
2426 4905 2492 4958 ad
2527 4905 2806 4960 iubendum
2838 4909 3243 4975 proclivitatem,
3263 4926 3450 4980 magna
3475 4914 3624 4966 nobis
3652 4931 3766 4966 nte-

2186 4995 2456 5073 dicamina
2477 4999 2526 5050 in
2557 5014 2826 5053 sacrarum
2855 5001 3248 5071 Scripturarum
3282 5003 3507 5058 lcetione
3532 5006 3762 5073 reliquit,

2188 5097 2244 5139 ut
2269 5103 2330 5140 ea
2356 5089 2578 5144 subinde
2598 5091 2906 5146 vulneribus
2933 5095 3128 5146 nostris
3156 5095 3507 5162 imponentes,
3532 5106 3584 5150 ct
3606 5098 3764 5150 vitam

2187 5180 2395 5235 illorum
2437 5182 2711 5236 beatorum
2743 5184 2972 5241 virorum
3007 5195 3131 5240 ante
3159 5187 3344 5240 oculos
3370 5198 3726 5255 propellentes
3749 5230 3766 5253 ,

2187 5272 2254 5325 ad
2276 5273 2626 5327 azmulandum
2650 5289 3019 5344 provocamur,
3043 5285 3096 5329 et
3119 5277 3366 5330 virtutem
3398 5291 3505 5329 non
3534 5278 3764 5347 negliga-

2189 5411 2270 5521 hf
2300 5410 2381 5460 Sic
2423 5411 2572 5521 ἴυενὶι.
2618 5417 2672 5462 et
2708 5411 2911 5463 Coisiin.
2948 5412 3121 5463 Morel.
3158 5420 3212 5464 et
3244 5414 3348 5476 alii,
3378 5420 3627 5484 energiam
3659 5425 3763 5483 (τήν

2241 5489 2421 5521 rerum
2451 5509 2462 5519 .

2241 5477 2547 5603 ξρέῗξαέξνὶι.
2572 5540 2624 5580 et
2645 5535 2742 5603 duo
2771 5535 2884 5584 Mss.
2910 5537 3026 5603 Alii,
3054 5534 3228 5603 Ellum,
3257 5542 3654 5603 pro,rJommem.
3687 5545 3762 5591 ln-

2187 5599 2383 5654 terpres
2410 5599 2674 5655 utrumque
2706 5599 2917 5655 legerat,
2941 5599 3007 5644 ita
3041 5605 3096 5645 ut
3137 5600 3352 5646 Jtmttttt's
3385 5602 3462 5649 hic
3507 5615 3762 5654 tot-aretur

2188 5656 2375 5719 Helias.
2412 5659 2515 5719 ,Sic
2559 5658 2704 5719 etiam
2752 5664 2854 5706 tres
2906 5659 3052 5719 Mss,
3098 5658 3291 5710 Heliam
3331 5659 3470 5711 illum
3519 5667 3760 5717 Joannem

2190 5716 2384 5780 (Ἠλίαν
2405 5718 2579 5766 ἐκεῖνον
2611 5717 2868 5780 Ἰωάννην).
