4068 6374
253 510 380 552 suus
410 495 427 528 ¹
451 535 467 563 ,
506 493 602 550 sed
632 493 898 566 fugiamus
928 495 1321 564 peceatum,et
1336 491 1522 546 omnia
1554 488 1813 544 faciamus
1833 525 1850 554 ,

257 600 330 642 ne
357 585 602 653 indignos
633 599 733 640 nos
761 582 1118 638 ineﬂ‘abilibus
1144 581 1248 635 illis
1273 581 1430 635 bonis
1461 579 1811 636 exbibeamus
1840 594 1853 628 :

254 675 400 747 quod
429 676 582 730 nobis
605 675 857 729 omnibus
883 671 1226 737 concedatur,
1254 670 1423 740 gratia
1438 679 1504 724 et
1531 669 1858 739 benignitate

261 767 472 822 Domini
503 766 629 823 Jesu
658 763 881 829 Christi,
904 779 1025 818 eum
1047 778 1153 834 quo
1177 762 1319 816 l’atri
1346 769 1402 816 et
1424 752 1644 830 Spiritui
1671 765 1859 814 seruato

253 857 324 910 sit
361 855 552 924 gloria,
581 853 888 925 imperium,
919 862 975 908 et
1001 851 1174 913 honor
1198 849 1250 904 in
1279 849 1474 912 saecula
1503 847 1856 903 saeculorum.

254 950 454 1004 Amen.

825 1057 1115 1114 HOMILIA
1151 1057 1311 1116 ΧΙΠ..
1347 1069 1355 1077 ’

259 1173 326 1230 Et
376 1174 622 1245 plantavit
663 1171 912 1227 Dominus
961 1170 1098 1224 Deus
1141 1171 1438 1242 paradisum
1477 1170 1535 1224 in
1580 1167 1746 1224 Edem
1791 1172 1861 1225 ad

328 1271 612 1332 orientem,
654 1275 702 1319 et
746 1265 914 1336 posuit
962 1264 1067 1319 illic
1120 1265 1372 1318 hominem
1418 1279 1566 1335 quem
1619 1264 1861 1336 fonnaoit

331 1359 489 1429 (Gen.
517 1357 573 1412 ε.
598 1357 677 1428 s).

329 1495 382 1547 i.
431 1495 628 1550 Videus
649 1506 883 1551 vestrum
911 1493 1233 1564 inexplebile
1257 1492 1602 1556 desiderium,
1627 1497 1691 1545 et
1715 1487 1860 1544 mul-

254 1592 368 1638 tam
391 1586 717 1650 aviditatem,
743 1596 1081 1654 mentemque
1103 1594 1385 1648 attentam,
1408 1598 1510 1638 nec
1532 1596 1635 1635 non
1663 1592 1858 1634 omnes

255 1674 322 1728 ad
350 1677 681 1744 spiritualem
710 1677 848 1730 hanc
883 1675 1179 1730 doctrinam
1218 1674 1568 1736 advolantes;
1611 1669 1858 1744 quamvis

259 1767 418 1821 valde
448 1768 547 1820 sim
575 1782 710 1821 meae
735 1768 930 1836 inopia:
960 1767 1088 1821 mihi
1118 1767 1400 1830 conscius;
1433 1766 1742 1834 frequenter
1773 1771 1855 1817 ta-

256 1872 381 1911 men
411 1866 465 1911 et
486 1858 722 1926 quotidie
752 1857 964 1924 inopem
985 1866 1039 1911 et
1066 1865 1278 1910 tenuem
1327 1855 1464 1909 hanc
1494 1868 1734 1907 mensam
1761 1867 1852 1906 vo-

258 1947 341 2001 bis
365 1961 666 2016 proponere
691 1947 899 2010 studeo,
925 1946 1201 2000 confidens
1227 1960 1321 1998 vos
1342 1943 1612 1999 desiderio
1637 1942 1859 2012 flagran-

257 2045 361 2101 tes,
390 2037 576 2105 majori
604 2036 879 2091 alacritate
908 2051 1027 2105 qu:e
1050 2036 1305 2090 dicuntur
1327 2043 1671 2103 suscepturos
1699 2047 1818 2088 esse
1836 2073 1853 2099 ,

253 2127 684 2197 quandoquidem
713 2136 768 2182 et
798 2126 849 2181 in
880 2127 1223 2181 scnsihilibus
1249 2126 1441 2180 eduliis
1471 2125 1651 2179 videre
1683 2132 1858 2193 potest

251 2221 429 2290 quivis
479 2222 579 2276 hoc
617 2222 947 2290 contingere.
974 2219 1208 2289 Urgente
1240 2233 1469 2288 namque
1513 2217 1855 2271 convivarum

254 2312 494 2380 appetitu
520 2354 534 2377 ,
564 2311 772 2365 etiamsi
811 2311 1124 2379 paupercula
1171 2323 1353 2362 mensa
1399 2308 1501 2372 sit,
1529 2317 1587 2361 et
1623 2307 1780 2374 ineps
1813 2307 1857 2359 is

253 2406 346 2474 qui
375 2403 618 2458 convivio
661 2403 895 2472 excipit,
933 2417 1119 2472 magna
1144 2409 1478 2455 tamencum
1526 2400 1796 2468 voluptate
1823 2398 1857 2451 ii

252 2495 498 2564 apposita
529 2494 850 2558 absumunt;
883 2501 1068 2547 contra
1096 2493 1138 2545 si
1180 2491 1356 2545 minor
1379 2489 1704 2559 epulantium
1739 2487 1856 2543 fue-

254 2587 326 2640 rit
355 2586 640 2654 appelilm,
671 2585 878 2638 etiamsi
925 2593 1296 2652 sumptuosum
1326 2581 1486 2636 fuerit
1522 2580 1738 2650 epulum
1762 2622 1779 2646 ,
1803 2589 1860 2635 et

257 2679 402 2732 varia
425 2680 746 2746 eopiosaque
758 2675 959 2741 edulia,
985 2675 1186 2728 nullum
1207 2674 1329 2729 inde
1347 2673 1712 2738 commodum,
1733 2686 1855 2726 cum

185 2825 187 2827 ,
256 2785 420 2827 uerno
447 2772 516 2824 sit
536 2770 622 2839 qui
652 2769 908 2837 appositis
939 2767 1013 2821 nti
1039 2776 1217 2837 queat.
1257 2767 1351 2820 llic
1378 2773 1574 2827 autem,
1596 2765 1716 2833 quia
1739 2779 1861 2833 gra-

255 2865 327 2917 tia
360 2863 450 2916 Dei
476 2861 678 2915 alacres
706 2869 761 2913 et
791 2860 1019 2914 famelici
1047 2858 1112 2912 ad
1140 2857 1472 2926 spiritualcm
1503 2870 1742 2910 mensam
1769 2870 1859 2910 ac-

255 2955 470 3018 ceditis,
499 2962 552 3008 et
577 2953 673 3022 ipsi
701 2967 894 3018 magno
918 2949 1187 3004 desiderio
1209 2948 1457 3010 dicimus,
1482 2949 1734 3009 scientes,
1760 2961 1859 3000 nos

254 3044 452 3099 sobriis
493 3042 710 3096 auribus
738 3041 944 3094 divinas
985 3039 1142 3092 hasce
1182 3037 1519 3090 narrationes
1559 3051 1855 3120 apponere.

254 3134 522 3201 Quoniam
550 3141 605 3186 et
633 3130 864 3201 agricola
889 3171 903 3194 ,
935 3129 1023 3197 qui
1055 3129 1304 3198 pinguem
1333 3135 1388 3180 et
1426 3126 1651 3180 fertilem
1671 3141 1858 3195 agrum

259 3223 482 3286 invenit,
514 3232 791 3291 postquam
819 3221 998 3273 omnia
1023 3234 1143 3289 qua:
1169 3218 1249 3272 sui
1275 3215 1436 3271 oflicii
1464 3215 1858 3286 erant‘prmsti-

256 3319 357 3384 tit,
400 3331 464 3370 ac
506 3324 701 3369 terram
734 3313 992 3377 suleavit,
1042 3319 1279 3366 aratrum
1333 3309 1530 3374 duxit,
1573 3310 1862 3378 spinasque

254 3407 478 3471 eduxit,
524 3413 648 3459 tunc
677 3403 896 3474 largiter
933 3402 1200 3466 seminat,
1229 3400 1476 3470 bonaque
1517 3415 1614 3469 spe
1654 3398 1861 3469 fultus,

254 3495 498 3566 quotidie
536 3509 756 3564 germen
799 3501 1078 3563 exspectat
1115 3491 1338 3546 seminis
1361 3533 1376 3555 ,
1406 3490 1549 3560 quod
1577 3499 1734 3545 terrae
1777 3489 1857 3544 fe-

255 3588 514 3644 cunditati
554 3586 853 3652 commisit,
885 3585 950 3639 ad
985 3595 1141 3639 terra:
1171 3583 1500 3638 feracitatem
1542 3583 1824 3638 attendens
1844 3625 1858 3647 ,

257 3682 324 3736 ad
355 3680 521 3737 multo
549 3679 804 3749 majorem
828 3678 972 3749 jacto
1002 3678 1208 3732 semine
1229 3693 1458 3732 messem
1489 3677 1860 3747 excipiendam

261 3769 781 3843 paratus-Similiter
809 3778 863 3824 ct
906 3784 1004 3823 nos
1028 3809 1043 3831 ,
1084 3784 1206 3822 cum
1244 3769 1485 3823 videmus
1529 3769 1858 3852 alacritatem

259 3873 495 3919 vestram
521 3860 760 3931 quotidie
789 3859 1093 3914 increscere
1113 3901 1127 3922 ,
1157 3857 1484 3913 desiderium
1515 3859 1717 3930 vige”,
1745 3869 1861 3913 stu-

260 3954 405 4007 dium
435 3953 760 4006 incrementa
784 3965 1015 4022 sumere,
1045 3948 1238 4003 bonam
1261 3964 1412 4018 spem
1439 3949 1720 4012 habemus,
1747 3967 1862 4005 ma-

256 4044 472 4113 joriqtle
515 4041 691 4095 studio
733 4049 787 4094 et
825 4039 1136 4106 alacritate,
1173 4050 1430 4110 quantum
1481 4041 1621 4096 vires
1665 4053 1864 4097 nostrae

262 4142 574 4204 suppetunt,
609 4133 661 4186 in
688 4129 1096 4184 aedificationem
1127 4140 1316 4184 vestra:
1345 4131 1584 4186 caritatis
1607 4173 1621 4196 ,
1656 4132 1706 4185 in
1747 4134 1864 4202 glo-

264 4228 397 4282 riam
431 4225 556 4290 Dei,
587 4225 639 4278 in
671 4221 930 4277 Ecclesiae
969 4222 1059 4276 Dei
1090 4221 1256 4276 decus
1284 4222 1482 4292 aliquid
1517 4223 1656 4278 ferre
1694 4224 1865 4278 anhe~

264 4319 456 4374 lamus.
486 4317 598 4386 Age
637 4314 830 4385 igitur,
869 4313 914 4368 si
953 4312 1120 4381 placet
1147 4354 1162 4378 ,
1188 4314 1430 4382 repetitis
1460 4315 1523 4368 iis
1553 4330 1670 4384 quae
1697 4331 1867 4384 naper

261 4410 403 4463 dicta
434 4400 578 4473 sunt,
608 4414 1002 4474 consequenter
1025 4404 1093 4458 de
1122 4404 1378 4460 hodierna
1405 4406 1636 4461 lectione
1664 4417 1867 4462 traetc-

264 4514 404 4557 mns.
439 4497 576 4566 Quid
603 4506 783 4551 autem
815 4498 885 4550 sit
912 4496 1053 4565 quod
1084 4512 1254 4565 nuper
1286 4497 1633 4562 tractabatur,
1668 4515 1869 4567 quous-

262 4609 367 4664 que
420 4603 725 4645 sermonem
754 4586 1189 4646 ostenderimus,
1227 4597 1281 4641 et
1315 4587 1402 4641 ubi
1443 4589 1602 4643 finem
1652 4589 1868 4646 dicendi

265 4682 586 4744 fecerimus,
630 4679 990 4732 necessarium
1021 4687 1103 4732 est
1140 4677 1340 4732 dicere.
1371 4677 1436 4730 Et
1469 4681 1701 4749 formarit
1730 4681 1868 4735 Dens

266 4773 541 4831 hominem,
572 4771 830 4839 puluerem
854 4768 1122 4837 accipiens
1151 4768 1214 4821 de
1243 4777 1396 4821 terra.
1425 4769 1489 4821 Et
1520 4770 1785 4838 inspiravit
1815 4774 1868 4825 in

265 4868 451 4935 faciem
479 4863 589 4932 ejus
616 4860 927 4929 spiraculum
948 4861 1082 4926 vitm,
1114 4862 1377 4930 factusque
1404 4870 1475 4914 est
1504 4863 1656 4915 homo
1683 4864 1733 4916 in
1755 4865 1870 4917 ani-

268 4974 422 5010 mum
445 4956 689 5008 viventem
722 4950 874 5022 (Gen.
901 4950 955 5004 2.
990 4951 1067 5022 7).
1104 4951 1255 5018 Quod
1288 4963 1413 5005 tunc
1439 4955 1704 5022 dicebam,
1736 4956 1786 5010 id
1815 4966 1868 5012 et

269 5063 410 5104 tuine
439 5048 638 5113 dicam,
669 5053 726 5100 et
750 5043 979 5098 subinde
1007 5058 1308 5098 memorare
1338 5060 1456 5098 non
1477 5047 1722 5113 cessabo,
1752 5065 1870 5102 ma-

268 5148 430 5212 gnam
485 5148 539 5193 et
587 5136 907 5191 incilidiilcm
961 5150 1084 5189 esse
1133 5135 1512 5205 benignitatem
1566 5140 1872 5194 communis

271 5232 511 5288 omnium
536 5229 744 5284 Domini
767 5243 890 5298 erga
912 5242 1082 5296 genus
1102 5237 1364 5281 nostrum.
1381 5228 1870 5302 Siquidemmagna

270 5321 718 5391 attemperatione
746 5319 816 5373 ob
842 5319 1068 5373 salutem
1097 5328 1334 5372 nostram
1366 5333 1495 5372 usus
1521 5331 1622 5385 est,
1653 5338 1874 5393 magnu-

270 5429 378 5485 qnc
405 5411 602 5469 animal
644 5411 777 5478 hoc,
801 5410 1075 5466 hominem
1098 5410 1238 5475 dico,
1279 5410 1483 5467 honore
1513 5429 1874 5486 prosequutns

271 5516 398 5570 est;
432 5519 642 5561 necnon
680 5502 858 5556 verbis
885 5511 939 5557 et
963 5501 1122 5557 rebus
1147 5501 1472 5569 declaravit,
1509 5520 1568 5559 se
1613 5522 1869 5576 majorem

273 5599 392 5666 ejus
411 5636 428 5660 ,
456 5610 616 5664 quam
641 5593 928 5649 visibilium
951 5593 1190 5648 omnium
1216 5608 1398 5649 curam
1431 5595 1703 5652 habuisse.
1731 5597 1872 5655 Nihil

341 5754 357 5781 ι
393 5745 556 5816 σθω.)
571 5757 881 5816 provocamur
895 5746 961 5797 ad
980 5746 1335 5816 cumulationem
1353 5750 1531 5814 agendi
1557 5750 1755 5806 rationis
1775 5762 1875 5809 Deo

270 5807 443 5876 digner
496 5807 728 5861 Virtutem
750 5807 896 5873 igitur
920 5821 1012 5859 non
1025 5807 1339 5873 negligemus.

1357 374 1428 431 IN
1465 371 1700 432 CAPJI.
1727 368 1976 432 GENIS.
2018 367 2252 428 ΗΟΜΙΙ...
2285 369 2423 431 XIII.

3467 384 3571 444 £06

1971 483 2118 540 enim
2139 483 2391 554 prohibet
2416 483 2578 542 etiam
2605 483 2766 543 hodie
2788 486 2979 545 eadem
3006 490 3288 563 explorare
3313 497 3457 565 apud
3479 514 3570 555 ca.

1965 574 2178 629 ritatem
2213 584 2471 631 vestram.
2498 574 2632 631 Nam
2674 577 2814 633 sicut
2854 589 3094 637 aromata
3119 623 3135 651 ,
3164 594 3366 654 quanto
3402 591 3574 659 magis

1966 667 2146 737 digitis
2174 676 2494 733 atteruntur,
2527 678 2678 725 tanto
2698 671 2956 742 majorem
2985 682 3179 733 natura
3201 692 3296 732 sua
3323 679 3570 752 fragran-

1968 759 2094 814 tiam
2139 759 2369 815 reddunt
2398 779 2411 815 :
2441 762 2514 816 ita
2553 771 2608 817 et
2654 763 2705 816 in
2736 762 3030 836 Seripturis
3059 770 3342 834 usuvenit,
3371 786 3574 843 quanto

1965 853 2085 922 quis
2110 853 2236 908 illas
2266 854 2498 924 amplius
2529 864 2758 913 tractare
2796 859 3086 930 studuerit,
3119 870 3268 920 tanto
3294 867 3465 937 magis
3490 870 3574 924 vi-

1964 943 2096 999 dere
2132 947 2328 1013 poterit
2366 945 2618 1004 latentem
2648 948 2703 1002 in
2749 949 2880 1020 ipsis
2907 950 3216 1010 thesaurum
3239 997 3258 1023 ,
3283 967 3448 1029 atque
3474 960 3579 1016 im-

1966 1047 2186 1088 mensos
2212 1036 2495 1104 percipere
2519 1037 2829 1094 divitiarum
2858 1039 3082 1097 fructus.
3112 1043 3181 1098 Et
3205 1045 3466 1116 formavit,
3491 1050 3578 1106 in-

1966 1122 2116 1192 quit,
2157 1122 2298 1179 Deus
2338 1125 2630 1196 Itominem,
2681 1129 2941 1198 pulverem
2987 1133 3257 1204 accipiens
3300 1139 3364 1194 de
3413 1150 3570 1196 terra.

1969 1214 2349 1278 Animadverte
2369 1257 2388 1284 ,
2419 1218 2679 1288 obsecro,
2706 1232 2906 1290 .quanta
2931 1225 3162 1286 varietas
3203 1243 3267 1291 ex
3312 1230 3430 1300 ipso
3451 1248 3577 1295 ver-

1966 1307 2158 1362 borum
2184 1310 2468 1380 prooemio.
2501 1311 2558 1373 In
2586 1315 2837 1371 omnibus
2864 1318 3009 1370 enim
3035 1318 3155 1376 aliis
3176 1324 3439 1378 creaturis
3468 1325 3571 1380 do-

1963 1402 2075 1456 cuit
2104 1416 2202 1457 nos
2228 1403 2415 1460 beatus
2443 1404 2619 1464 Moses
2648 1407 2865 1463 modum
2895 1411 3204 1477 ereationis,
3237 1413 3321 1469 his
3346 1417 3524 1478 verbis
3553 1435 3568 1473 :

1967 1491 2111 1548 Dixit
2137 1493 2300 1560 Deus,
2332 1494 2454 1550 Fiat
2476 1497 2587 1566 lux,
2615 1509 2663 1552 et
2688 1503 2827 1569 facta
2875 1512 2949 1555 est
2977 1501 3100 1568 lux;
3122 1503 3244 1558 Fiat
3272 1507 3568 1574 ﬁrmamen-

1961 1593 2110 1651 tum;
2154 1585 2500 1659 Congregetur
2541 1606 2716 1659 aqua;
2744 1590 2902 1650 Fiant
2948 1594 3265 1664 luminaria;
3314 1599 3571 1665 Germinﬂ

1965 1687 2100 1731 terra
2127 1677 2332 1732 herbam
2361 1679 2485 1750 fmni
2507 1696 2527 1744 ,'
2552 1679 2852 1736 Producant
2879 1699 3027 1752 aqua:
3052 1687 3255 1751 reptitia
3280 1690 3571 1746 animarum

1965 1769 2253 1834 viventium,
2282 1778 2358 1832 et,
2384 1768 2647 1824 Producat
2673 1781 2807 1826 terra
2837 1774 3062 1829 animam
3091 1775 3356 1840 uiuentem.
3379 1779 3570 1838 Vidisti

1963 1859 2233 1930 quomodo
2273 1861 2439 1917 verbo
2485 1863 2664 1917 omnia
2709 1864 2937 1920 formata
2967 1867 3113 1922 sint?
3149 1868 3253 1925 Sed
3295 1873 3573 1929 videamus

1962 1957 2148 2018 postea
2177 1951 2302 2026 quid
2340 1950 2394 2005 in
2434 1953 2709 2026 creatione
2748 1954 2981 2011 hominis
3022 1957 3189 2015 dicat.
3221 1957 3290 2013 Et
3334 1965 3574 2034 formavit

1969 2036 2103 2093 Deus
2129 2040 2405 2094 hominem.
2442 2040 2573 2097 Vide
2600 2043 2874 2112 quomodo
2914 2045 3202 2103 verborum
3244 2059 3573 2121 attempera-

1965 2131 2129 2197 tione,
2159 2131 2312 2200 queis
2338 2131 2407 2188 ob
2435 2141 2673 2187 nostram
2720 2134 3087 2192 infirmitatem
3120 2155 3248 2195 usus
3273 2153 3377 2206 est,
3411 2143 3572 2200 simul

1961 2229 2018 2276 et
2039 2221 2256 2275 modum
2285 2224 2582 2281 ereationis
2610 2224 2821 2292 doceat,
2852 2236 2907 2282 et
2933 2229 3325 2297 diversitatem,
3355 2249 3481 2304 qua,
3516 2246 3574 2292 ut

1966 2312 2201 2367 humano
2236 2329 2386 2369 more
2416 2315 2640 2385 loquar,
2672 2318 2833 2372 veluti
2874 2320 2964 2374 Dei
2997 2321 3243 2377 manibus
3280 2324 3569 2383 formatum

1965 2401 2138 2471 ipsum
2168 2403 2368 2458 indicat
2389 2446 2402 2469 ,
2431 2405 2573 2463 sicut
2595 2415 2652 2472 et
2693 2408 2832 2463 alius
2863 2410 3125 2480 propheta
3171 2413 3301 2469 dicit
3335 2433 3347 2468 :
3383 2416 3573 2472 Manus

1966 2502 2066 2547 tua
2084 2494 2309 2562 fecerunt
2338 2512 2437 2562 me,
2463 2507 2510 2551 et
2529 2498 2908 2568 plasmaverunt
2939 2520 3018 2557 me
3042 2503 3185 2576 (Job.
3213 2507 3300 2562 10.
3326 2508 3408 2579 8).
3439 2511 3574 2573 Nam

1963 2585 2011 2638 si
2040 2585 2355 2656 simpliciter
2385 2589 2721 2658 imperasset,
2752 2607 2955 2662 quaeso,
2985 2605 3043 2650 ut
3069 2612 3135 2651 ex
3167 2606 3309 2653 terra
3339 2602 3576 2657 oriretur

1969 2674 2150 2742 homo,
2175 2692 2356 2732 annon
2387 2680 2440 2734 id
2467 2683 2610 2751 quod
2635 2683 2846 2752 jussnm
2870 2693 2986 2740 erat
3007 2687 3323 2756 productum
3351 2689 3575 2747 fuisset?

1964 2765 2071 2820 Sed
2105 2779 2160 2822 ut
2187 2784 2281 2838 per
2316 2772 2606 2826 ereationis
2648 2775 2867 2830 modum
2900 2776 3202 2833 doctrinam
3252 2782 3408 2836 nobis
3449 2799 3577 2852 per—

1965 2868 2177 2930 petuam
2228 2862 2500 2931 traderet,
2549 2875 2606 2920 ut
2646 2883 2713 2922 ne
2757 2869 2960 2937 majora
3010 2887 3168 2940 quam
3214 2888 3334 2943 qua:
3383 2886 3575 2939 natura

1966 2963 2145 3006 nostra
2195 2952 2366 3010 ferret
2411 2959 2770 3027 sentiremus,
2799 2960 2920 3014 ideo
2981 2963 3062 3017 sic
3112 2975 3361 3021 accurate
3391 2969 3574 3023 omnia

1965 3055 2218 3111 enarrat,
2253 3055 2306 3102 et
2338 3048 2414 3103 ait
2444 3066 2458 3102 :
2494 3047 2758 3104 Formauit
2806 3051 2943 3108 Deus
2992 3053 3246 3110 hominem
3267 3098 3283 3123 ,
3318 3061 3576 3129 pulverem

1965 3136 2234 3204 accipiens
2261 3138 2278 3169 ⁸
2307 3140 2370 3192 de
2391 3148 2543 3193 terra.

2035 3226 2092 3279 2.
2120 3227 2255 3284 Vide
2284 3239 2337 3284 et
2364 3231 2417 3284 in
2442 3231 2542 3287 hac
2571 3247 2630 3288 re
2678 3231 2962 3290 honorem.
3012 3236 3129 3293 Non
3180 3242 3324 3297 enim
3373 3252 3574 3303 terram

1966 3321 2258 3388 quamlibet
2284 3324 2498 3394 accipit,
2528 3325 2621 3380 sed
2659 3309 2957 3397 pulverem,
2989 3333 3360 3390 tenuissimum
3393 3347 3571 3409 terra},

1968 3419 2024 3462 ut
2062 3411 2134 3464 ita
2186 3412 2306 3481 quis
2329 3414 2547 3481 dixerit,
2574 3417 2791 3472 ethunc
2817 3419 2990 3488 ipsum
3037 3423 3309 3490 pulverem
3337 3426 3406 3480 de
3433 3437 3576 3483 terra

1967 3510 2238 3570 prmcepto
2264 3519 2363 3557 suo
2409 3505 2459 3558 in
2496 3509 2741 3578 corporis
2768 3521 3012 3565 naturam
3047 3515 3338 3569 transtulit.
3369 3518 3574 3585 Quent-

1969 3591 2255 3646 admodum
2307 3595 2448 3650 enim
2495 3597 2664 3666 ipsam
2708 3610 2864 3655 terra:
2894 3602 3247 3658 substantiam
3293 3622 3399 3660 non
3429 3610 3573 3662 exsi—

1969 3692 2199 3739 stentem
2232 3686 2504 3754 produxit,
2552 3689 2622 3742 ita
2670 3705 2834 3756 nunc,
2888 3706 3010 3746 cum
3062 3695 3250 3761 voluit,
3298 3698 3573 3766 pulverem

1967 3773 2036 3829 de
2063 3785 2204 3830 terra
2232 3776 2282 3830 in
2311 3792 2508 3848 corpus
2529 3783 2811 3836 convertit.
2843 3783 2940 3839 llic
2975 3785 3282 3842 exclamare
3319 3790 3472 3859 juvat
3523 3792 3575 3847 id

1969 3867 2112 3936 quod
2141 3884 2172 3921 a
2205 3868 2363 3925 beato
2398 3870 2597 3926 Davide
2621 3873 2822 3927 dictum
2868 3883 2995 3930 est:
3032 3875 3158 3941 Quis
3205 3879 3439 3949 loquetur
3479 3899 3574 3950 po-

1971 3960 2152 4012 tentias
2205 3957 2455 4025 Domini,
2524 3962 2728 4016 auditas
2787 3965 2939 4035 faciet
3006 3982 3178 4022 omnes
3235 3970 3414 4025 laudes
3467 3974 3579 4044 ejus

1974 4050 2310 4121 (Psal.105.
2338 4051 2454 4121 ‘2)?
2501 4053 2644 4124 quod
2674 4069 2738 4108 ex
2799 4057 3017 4124 pulvere
3061 4059 3169 4114 tale
3212 4063 3408 4117 animal
3454 4081 3578 4134 pro-

1970 4142 2200 4207 duxerit,
2226 4153 2282 4200 et
2308 4145 2359 4199 in
2388 4155 2590 4201 tantum
2621 4147 2882 4203 honorem
2911 4153 3172 4219 evexerit,
3205 4161 3386 4224 totque
3413 4156 3580 4212 bene-

1973 4234 2091 4290 ﬁcia
2118 4236 2170 4290 in
2193 4252 2315 4292 eum
2341 4239 2523 4293 statim
2549 4239 2618 4303 ab
2646 4239 2799 4295 initio
2824 4244 3128 4306 contulerit,
3155 4262 3304 4302 suam
3329 4250 3577 4320 benigni-

1975 4335 2136 4381 tatem
2172 4343 2268 4398 per
2292 4331 2470 4383 omnia
2521 4331 2836 4385 ostendens.
2869 4331 2937 4385 Et
2978 4334 3262 4404 inspiravit,
3299 4339 3488 4410 inquit,
3524 4345 3577 4397 in

1973 4419 2155 4489 faciem
2181 4421 2290 4490 ejus
2320 4422 2633 4490 spiraculum
2654 4423 2788 4492 citat,
2815 4434 2860 4478 et
2889 4424 3060 4494 factus
3089 4438 3160 4479 est
3187 4429 3336 4482 homo
3367 4432 3419 4485 in
3465 4435 3579 4486 ani-

1973 4526 2107 4563 mam
2147 4512 2386 4565 viventem

2045 4603 2234 4657 Contra
2285 4621 2369 4658 eos
2406 4604 2492 4676 qui
2540 4605 2774 4675 dicebant
2802 4609 3028 4662 animam
3055 4628 3118 4664 ea:
3156 4614 3440 4668 substantia
3485 4615 3581 4670 Dei

1974 4711 2098 4748 esse.
2134 4694 2270 4748 Deus
2299 4695 2538 4765 simplex,
2567 4698 2958 4768 incompositus,
2991 4711 3038 4754 et
3075 4703 3246 4773 ﬁgura
3295 4721 3578 4760 carens.—

1975 4788 2072 4841 Hic
2120 4789 2332 4858 quidam
2386 4791 2525 4844 male
2557 4789 2754 4854 feriati,
2812 4794 3041 4862 propriis
3071 4795 3201 4850 mali
3243 4797 3577 4864 ratiociniis,

1975 4879 2214 4948 nihilque
2267 4881 2375 4934 Deo
2425 4869 3015 4952 dignum'cogitantes,
3068 4902 3245 4956 neque
3289 4890 3578 4944 verborum

1975 4975 2475 5041 attemperationem
2527 4989 2711 5028 secum
2768 4984 3100 5044 reputantes,
3151 4979 3329 5035 dicere
3359 4982 3578 5046 audent,

1973 5065 2205 5118 animam
2235 5082 2296 5118 ex
2332 5066 2420 5121 Dei
2449 5068 2744 5122 substantia
2771 5085 2912 5125 esse.
2941 5071 2986 5124 0
3014 5072 3306 5129 insaniam!
3339 5091 3371 5130 ο
3392 5093 3579 5132 amen-

1977 5157 2138 5210 tiam!
2170 5166 2299 5226 quot
2340 5154 2595 5227 perniciei
2641 5161 2755 5214 vias
2780 5161 3028 5218 diabolus
3057 5168 3261 5234 paravit
3287 5169 3582 5224 cultoribus

1975 5248 2122 5301 suis!
2171 5247 2222 5301 Id
2257 5257 2312 5300 ut.
2356 5251 2552 5314 discas,
2582 5251 2855 5320 perpende
2880 5269 3040 5323 quam
3073 5255 3302 5312 diversis
3332 5260 3580 5317 incedant

1976 5339 2094 5392 viis.
2117 5339 2249 5393 Nam
2277 5341 2364 5394 alii
2393 5357 2456 5395 ex
2481 5341 2586 5396 hoc
2614 5345 2778 5399 verbo
2808 5360 2994 5401 ansam
3021 5349 3368 5418 arripientes,
3407 5351 3581 5424 Inspi-

1976 5435 2127 5498 ravit,
2181 5434 2368 5487 dicunt
2411 5436 2620 5490 animas
2671 5451 2736 5491 ex
2788 5438 3083 5494 subsmntia
3136 5441 3227 5496 Dei
3276 5459 3432 5508 esse;
3491 5447 3581 5502 alii

1977 5537 2188 5578 rursum
2219 5524 2421 5589 dicunt,
2451 5525 2501 5578 in
2523 5526 2904 5582 vilissimorum
2928 5529 3203 5584 brutorum
3227 5533 3579 5590 substantiam

1981 5614 2122 5684 ipsas
2147 5616 2372 5670 transire
2398 5632 2409 5668 :
2435 5631 2538 5686 qua
2563 5619 2797 5672 amentia
2820 5619 2946 5689 quid
2973 5619 3212 5677 deterius
3231 5637 3350 5679 csse
3374 5629 3581 5694 possit!

2048 5818 2064 5848 ι
2100 5823 2151 5868 tn
2167 5823 2283 5880 nes.
2309 5829 2406 5867 uno
2431 5825 2483 5870 et
2504 5817 2632 5869 Colb.
2656 5831 2752 5868 uno
2770 5817 2916 5871 deest
2939 5833 3050 5882 vos,
3075 5818 3339 5885 accipiens.
