4068 6448
576 427 679 487 ὀἳ

573 548 707 614 Quta
734 540 876 596 enim
920 529 1266 590 ohtenebrata
1307 533 1391 580 est
1436 522 1570 578 ratio
1612 531 1822 579 eorum,
1874 523 1930 569 et
1964 521 2149 614 verum

574 600 863 700 Scriptura
911 638 1127 682 sensum
1168 622 1433 692 ignorant,
1463 613 1611 684 quasi
1656 600 2156 700 θεωρίαις-ἠιξκιε

573 692 746 792 oculis
765 720 818 774 in
845 719 1055 773 diversa
1087 712 1324 768 feruntur
1348 702 1667 777 praecipitia,
1693 699 1820 792 dum
1863 696 1985 792 alii
2010 692 2154 748 illam

574 788 734 885 supra
759 811 1065 882 dignitatem
1089 802 1335 864 ederunt,
1367 795 1460 852 alii
1485 803 1663 861 autem
1689 789 1822 885 infra
1846 787 2156 885 dignitatem

577 877 898 978 deprimunt.
921 899 1051 957 Nam
1075 897 1122 952 si
1150 907 1217 950 eo
1236 889 1378 963 quod
1413 887 1685 957 Scriptura
1722 881 1884 978 dicat,
1926 877 2159 976 Inspira-

579 973 726 1054 vitvin
753 996 932 1066 faciem
971 990 1102 1061 ejus,
1129 1001 1194 1043 os
1238 985 1350 1042 Deo
1399 981 1654 1052 aﬂlngere
1694 974 1881 1066 velint,

578 1092 684 1147 erit
706 1058 866 1142 at...“
893 1058 1085 1138 manus
1103 1077 1204 1149 ipsi
1233 1073 1470 1130 tribuere
1495 1090 1511 1124 ς
1538 1062 1967 1138 quandoquidem
2002 1058 2155 1123 dixit,

581 1176 843 1235 ι”ιηιισὶι
879 1173 1148 1228 hominem.
1175 1165 1282 1223 Sed
1333 1177 1402 1218 ne
1445 1160 1654 1215 illorum
1705 1151 2059 1223 nugacitatem
2105 1163 2159 1202 tn
2208 1212 2212 1214 ,

545 1327 548 1329 λ
580 1267 815 1326 medium
835 1263 1186 1339 proferentes,
1215 1260 1468 1326 cogantur
1491 1259 1547 1305 et
1573 1246 1672 1319 ipsi
1711 1244 1959 1339 indecora
1986 1239 2156 1339 loqui,

579 1373 679 1432 age
727 1333 964 1429 ipsorum
1003 1349 1280 1406 stultitiam
1331 1353 1390 1402 et
1438 1339 1784 1412 multiplicem
1837 1333 2159 1392 dementiam

450 1445 466 1456 ⁷
581 1426 898 1513 deﬁnimus,
929 1460 994 1501 ac
1018 1441 1219 1499 divina
1237 1439 1546 1508 Scriptum,
1581 1445 1700 1504 quae
1727 1428 1960 1499 seipsam
1998 1426 2164 1480 inter-

582 1525 842 1612 pretatur,
867 1549 1086 1606 scopum
1111 1531 1517 1601 subsequamur,
1547 1518 1839 1612 dummodo
1861 1527 2038 1612 tamen
2067 1527 2164 1570 nos

583 1609 870 1689 verborum
908 1624 1165 1683 crassitiei
1204 1637 1312 1678 non
1349 1616 1720 1715 attendamus,
1747 1610 1848 1715 sed.
1870 1609 2166 1715 cogitemus

582 1910 777 1957 cuntur
797 1899 1063 1968 excipere,
1087 1893 1188 1950 nisi
1215 1899 1362 1947 tanto
1388 1888 1691 1946 fruerentur
1725 1892 2167 1955 temperamento.

577 1989 889 2062 Cogitantes
913 1987 1092 2055 itaque
1116 1991 1172 2040 et
1192 1991 1450 2062 nostram
1470 1976 1848 2052 infirmitatem,
1879 1983 1932 2029 et
1963 1971 2079 2027 have
2101 1969 2171 2026 de

586 2059 700 2138 Deo
731 2080 871 2136 dicta
901 2077 1085 2136 fuisse.
1116 2073 1194 2129 sic
1212 2085 1275 2128 ea
1301 2059 1672 2139 suscipiamus,
1702 2073 1760 2121 ut
1785 2079 1882 2136 par
1907 2071 1988 2119 est
2016 2076 2078 2118 ea
2103 2059 2171 2116 de

588 2174 704 2227 Deo
727 2171 990 2239 accipere,
1022 2180 1120 2220 nec
1145 2165 1197 2236 in
1226 2169 1511 2231 corporum
1542 2159 1788 2223 fortnam,
1812 2154 1894 2210 vel
1919 2154 1970 2210 in
1999 2167 2170 2207 mem-

589 2264 804 2318 brorum
848 2256 1308 2327 cumpositionem,
1369 2251 1538 2306 Deum
1583 2249 1755 2318 ipsum
1800 2245 2166 2306 deducamus;

563 2352 683 2410 ,sed
711 2351 889 2408 omnia
916 2348 986 2404 de
1016 2347 1144 2410 De'o,
1175 2354 1234 2399 ut
1251 2341 1520 2405 convenit,
1549 2338 1922 2410 imaginemur.
1963 2333 2171 2389 Numen

587 2443 733 2498 enim
761 2439 986 2510 simplex
1019 2434 1529 2504 ineompositumque
1550 2442 1655 2498 est,
1692 2443 1757 2484 ac
1785 2427 1951 2498 iigura
1979 2431 2126 2480 caret
2153 2437 2170 2479 :

589 2548 715 2590 nam
759 2532 804 2588 si
853 2546 926 2588 ex
981 2528 1136 2584 nobis
1185 2523 1530 2581 similitudine
1575 2521 1751 2580 ducta,
1795 2517 2021 2572 velimus
2064 2514 2174 2567 Deo

593 2623 952 2680 membrorum
1007 2617 1448 2688 compositionem
1496 2611 1764 2688 tribuere,
1810 2605 2173 2678 imprudentes

589 2717 646 2771 in
673 2707 945 2786 gentilium
975 2710 1298 2779 impietatem
1327 2705 1567 2760 labimur.
1595 2701 1727 2758 Cum
1749 2701 1926 2767 itaque
1945 2693 2176 2757 audieris

591 2783 918 2876 Scriptorum
962 2799 1250 2864 dicentem,
1284 2795 1543 2850 Formavit
1582 2793 1718 2847 Deus
1759 2789 2040 2850 hominem,
2067 2783 2174 2838 vir-

593 2875 759 2954 tatem
784 2891 1024 2951 eamdem
1055 2889 1248 2960 cogita,
1297 2901 1455 2957 quam
1495 2898 1616 2938 cum
1683 2881 1849 2946 dicit,
1905 2875 2066 2940 Fiat;
2112 2886 2178 2928 ac

595 3003 805 3046 rursum
835 2992 955 3041 cum
980 2981 1233 3046 audieris,
1266 2978 1545 3047 Inspiravt't
1569 2976 1622 3029 in
1665 2975 1844 3046 faciem
1871 2972 1982 3042 ejus
2007 2968 2174 3037 spira-

593 3083 762 3136 eulum
813 3080 960 3141 vitta,
1018 3077 1208 3131 iterum
1245 3073 1427 3142 cogita
1447 3086 1474 3136 ,'
1510 3064 1952 3139 quemadmodum
1997 3061 2176 3116 incor-

597 3185 787 3241 poreas
837 3169 1058 3221 virtutes
1114 3163 1470 3232 produxerat,
1521 3160 1598 3212 sic
1662 3156 1925 3228 placuisse
1963 3153 2070 3219 illi,
2122 3161 2180 3205 ut

595 3277 791 3332 corpus
820 3259 923 3314 hoc
946 3273 1009 3312 cx
1042 3256 1256 3326 pulvere
1282 3252 1478 3307 factum
1501 3254 1732 3303 animant
1761 3246 1984 3301 haberet
2010 3244 2176 3299 ratio-

597 3353 794 3416 nalem,
816 3363 934 3419 quae
954 3345 1210 3401 membris
1222 3342 1493 3412 corporeis
1514 3348 1693 3410 posset
1717 3338 1811 3392 uti.
1837 3334 1950 3392 Hoc
1976 3335 2172 3405 quippe

595 3454 790 3510 corpus
837 3437 1041 3493 Domini
1069 3436 1222 3506 jussu
1271 3441 1532 3496 creatum,
1565 3429 1716 3500 quasi
1769 3429 2177 3482 instrumentum

591 3532 822 3603 jacebat,
851 3529 1030 3599 aliquo
1059 3534 1305 3581 movente
1331 3523 1600 3593 indigens;
1631 3521 1737 3574 imo
1764 3520 1899 3574 sicut
1921 3518 2034 3589 lyra
2062 3532 2180 3587 quae

595 3624 776 3690 aliquo
799 3630 937 3691 eget,
959 3619 1048 3690 qui
1073 3629 1187 3672 arte
1216 3617 1536 3683 solertiaque
1565 3627 1660 3668 sua
1692 3611 1879 3680 possit,
1910 3610 2062 3681 quasi
2087 3625 2182 3677 per

600 3712 824 3778 listulas,
857 3725 950 3779 per
996 3708 1236 3764 membra
1264 3721 1360 3761 sua
1399 3712 1782 3773 congruentem
1815 3702 2040 3756 Domino
2070 3715 2182 3754 me-

603 3803 796 3861 lodiam
828 3800 1050 3856 referre.
1071 3797 1367 3868 luspiravit,
1386 3796 1576 3865 inquit,
1597 3796 1652 3848 in
1673 3794 1851 3865 facient
1877 3794 1988 3863 ejus
2011 3792 2181 3863 spira-

600 3894 772 3950 culum
802 3893 935 3954 vita,
982 3899 1029 3944 et
1065 3890 1228 3958 {actus
1276 3897 1350 3942 est
1395 3886 1543 3940 homo
1570 3886 1624 3939 in
1661 3885 1884 3960 animam
1919 3885 2181 3938 viventem.

599 3983 735 4053 Quid
755 3990 858 4048 est,
883 3980 1162 4050 luspiravit
1185 3976 1498 4050 spiraculum
1523 3978 1639 4030 vita:
1658 3977 1684 4029 ?
1709 3975 1776 4030 Id
1786 3984 1887 4040 est,
1910 3974 2013 4030 hoc
2035 3989 2187 4029 crea-

605 4089 714 4132 tum
741 4090 936 4145 corpus
967 4074 1132 4129 voluit
1153 4072 1414 4141 iussitque
1441 4070 1543 4125 vim
1573 4068 1769 4124 habere
1796 4067 2037 4134 vitalem,
2065 4080 2186 4136 qua;

602 4167 818 4223 animali
859 4167 993 4221 facta
1029 4173 1111 4220 est
1145 4164 1197 4218 in
1239 4164 1468 4220 animam
1493 4161 1777 4222 viventem,
1815 4159 1928 4214 sive
1954 4171 2184 4227 operan-

603 4270 735 4320 tem,
761 4271 880 4327 qua:
908 4265 1077 4310 artem
1100 4268 1251 4308 suam
1272 4260 1454 4323 posset
1473 4253 1568 4322 per
1595 4247 1954 4304 membrorum
1981 4254 2184 4301 motum

605 4347 877 4404 exhibere.

676 4439 729 4492 3.
771 4437 863 4491 llic
889 4449 1016 4490 vero
1035 4432 1162 4488 mihi
1194 4430 1462 4502 perpende
1481 4471 1498 4494 ,
1527 4438 1784 4500 quantum
1811 4426 2022 4482 intersit
2048 4426 2187 4481 inter

610 4528 766 4598 hujus
803 4524 1130 4581 admirabilis
1171 4521 1420 4577 animalis
1461 4519 1738 4574 rationalis
1762 4559 1777 4582 ,
1819 4527 1873 4572 et
1913 4518 2188 4573 hrutorum

610 4621 978 4675 formationem
1019 4615 1325 4672 discrimen.
1356 4613 1429 4668 De
1455 4611 1558 4666 illis
1584 4613 1724 4666 enim
1765 4610 1898 4664 dixit
1920 4626 1933 4663 :
1958 4608 2194 4662 Educant

613 4726 756 4780 aqua:
775 4709 975 4778 reptilia
1001 4708 1285 4761 enituerunt
1305 4704 1592 4769 viventium,
1614 4710 1667 4757 et
1697 4701 1856 4756 simul
1878 4699 2195 4770 prodierunt

613 4817 678 4856 cx
725 4813 860 4869 aqua
900 4789 1147 4852 animalia
1192 4795 1460 4858 animata;
1507 4801 1563 4846 et
1611 4792 1665 4846 in
1714 4799 1853 4846 terra
1898 4790 2188 4844 similiter:

611 4890 870 4948 Produrat
909 4899 1041 4942 terra
1077 4888 1299 4942 animum
1343 4886 1604 4939 viventem.
1636 4884 1712 4939 De
1755 4882 1969 4938 homine
2012 4896 2190 4937 autem

611 5001 716 5039 ..οη
746 4984 854 5046 sic;
883 4981 977 5036 sed
1007 4981 1152 5050 prius
1178 4978 1246 5033 de
1275 4978 1493 5047 pulvere
1529 4990 1722 5048 corpus
1767 4975 2023 5031 formatur
2047 5018 2062 5044 ,
2095 4993 2194 5047 po-

610 5087 724 5132 stea
753 5073 928 5127 vitalis
960 5072 1036 5126 illi
1064 5072 1230 5126 virtus
1257 5070 1444 5134 datur,
1475 5085 1595 5140 qua:
1621 5079 1705 5125 est
1725 5070 1915 5124 anima:
1940 5070 2193 5125 substan-

614 5166 704 5221 tia.
749 5163 950 5217 ldcirco
993 5161 1060 5216 tle
1097 5161 1264 5215 brutis
1299 5160 1512 5215 dicebat
1549 5159 1800 5231 Moyses:
1832 5160 2057 5230 Sanguis
2086 5161 2195 5228 eius

614 5267 687 5310 ett
714 5259 882 5308 anima
911 5257 1018 5326 ejus
1045 5253 1189 5325 (Lev.
1219 5254 1308 5308 l7.
1351 5254 1462 5323 ll).
1515 5253 1568 5307 In
1605 5253 1822 5308 homine
1849 5262 2025 5306 autem
2066 5253 2194 5306 sub-

501 5417 507 5423 ,
617 5351 808 5405 stantia
854 5358 936 5403 est
989 5349 1299 5416 incorporea
1348 5355 1402 5400 et
1454 5345 1815 5411 immortalis,
1866 5359 1985 5414 qua:
2029 5343 2195 5399 multo

619 5441 896 5496 intervallo
922 5437 1421 5507 "corpus'anteccllit
1439 5476 1456 5500 ,
1487 5446 1539 5490 et
1567 5444 1745 5498 tanto,
1772 5445 1971 5504 quanto
1995 5449 2090 5503 par
2114 5443 2197 5489 est

621 5532 990 5596 incorporeum
1035 5526 1247 5597 corpori
1296 5524 1582 5580 anteferre.
1635 5524 1830 5580 Verum
1874 5525 2011 5579 forte
2054 5523 2198 5579 dicet

620 5624 882 5691 quispiam
918 5638 930 5674 :
964 5621 1019 5676 Si
1059 5620 1234 5673 anima
1278 5632 1502 5688 corpore
1529 5616 1769 5687 dignior,
1819 5631 1916 5671 cur
1964 5616 2014 5671 id
2053 5617 2193 5686 quod

624 5713 799 5766 minus
859 5722 938 5766 est
967 5710 1195 5774 primum
1239 5719 1489 5776 creatur,
1517 5719 1571 5763 et
1596 5709 1735 5779 quod
1779 5708 1951 5778 majus
1993 5719 2198 5777 posue-

1296 411 1357 470 S.
1392 401 1670 467 JOANNlS
1702 389 2180 458 οιιιιγεοετοιιι
2217 386 2516 448 ARCHIEP
2575 371 3113 444 CONSTAN'I'INOP.

2267 503 2504 560 factum?
2547 503 2697 559 Sicut
2721 500 2866 558 enim
2894 499 3109 574 castum,
3139 505 3280 553 terra
3299 524 3318 562 ι
3343 491 3428 551 sol
3450 534 3468 561 ,
3497 491 3650 557 luna,
3672 499 3732 548 et

2261 598 2441 654 omnia
2472 605 2650 652 creata
2678 603 2835 660 sunt,
2864 593 3126 661 hrutaque
3149 589 3312 644 etiam
3337 584 3589 643 animalia
3609 622 3627 649 ,
3654 591 3713 639 et
3737 588 3871 654 ped

2263 687 2370 744 han
2422 686 2603 743 omnia
2641 685 2804 740 homo
2826 723 2844 750 ,
2887 682 2974 738 cui
3002 682 3194 758 borum
3242 677 3482 734 omnium
3507 673 3869 746 principatus

2267 773 2584 839 tribuendus
2612 785 2732 834 erat
2763 794 2777 832 :
2806 775 2877 831 ita
2901 783 2958 830 et
2984 773 3043 829 in
3068 770 3301 828 hominis
3328 767 3650 825 formatione
3678 763 3864 836 primo

2263 885 2462 941 corpus
2485 867 2816 940 producitur,
2847 873 3137 936 posteaque
3163 861 3344 941 anima
3365 874 3485 932 quae
3503 857 3726 939 dignior
3749 863 3866 911 est.

2263 938 2728 1032 Quemadmodum
2783 956 2927 1012 enim
2993 953 3148 1009 bruta
3206 939 3455 1005 animalia
3483 938 3508 1016 ,ί
3560 945 3870 1003 ministerio

2265 1052 2498 1109 hominis
2540 1050 2686 1104 utilia
2735 1048 2944 1110 futura,
2975 1053 3102 1100 ante
3136 1040 3416 1097 hominem
3467 1046 3775 1102 creantur,
3805 1046 3868 1091 ut

2264 1153 2510 1215 paratum
2532 1137 2762 1198 haberet
2790 1135 3143 1197 ministerium
3170 1132 3218 1187 is
3360 1128 3466 1185 illis
3489 1141 3687 1183 usurus
3710 1137 3830 1182 erat
3850 1142 3865 1179 :

2263 1236 2342 1290 sic
2365 1242 2420 1288 et
2443 1241 2568 1287 aute
2591 1230 2824 1286 animam
2842 1240 3046 1296 corpus
3071 1233 3288 1280 creatur
3303 1261 3324 1288 ,
3370 1230 3429 1276 ut
3456 1230 3740 1290 postquam
3777 1230 3871 1272 se-

2266 1324 2498 1379 cundum
2543 1318 2861 1377 inellabilem
2890 1315 3028 1387 ejus‘
3053 1314 3372 1385 sapientiam
3399 1312 3573 1367 anima
3605 1309 3868 1380 producta

2267 1423 2446 1481 esset,
2490 1421 2674 1485 posset
2714 1426 2840 1466 suas
2875 1409 3219 1480 operationes
3260 1419 3360 1476 per
3391 1402 3638 1473 corporis
3683 1409 3868 1454 motus

2268 1509 2541 1565 exhibere.
2569 1502 2624 1563 8.
2658 1506 2725 1560 Et
2756 1504 3039 1576 plantavit,
3067 1500 3236 1571 inquit
3261 1542 3277 1564 ,
3305 1496 3446 1554 Deus
3488 1496 3787 1568 paradisum
3813 1496 3870 1550 iu

2269 1600 2432 1656 Edent
2447 1600 2510 1672 ab
2538 1601 2746 1663 oriente,
2765 1608 2812 1652 et
2839 1596 3005 1667 posuit
3023 1594 3132 1648 illic
3145 1590 3417 1656 hominem,
3441 1605 3585 1659 quem
3608 1587 3868 1659 (mit.

2277 1686 2564 1762 Postquam
2627 1690 2888 1755 benignus
2955 1687 3212 1740 Dominus
3267 1681 3653 1753 benignitatem
3715 1693 3871 1735 suam

2139 1818 2165 1830 -
2271 1784 2539 1848 ostendit,
2569 1791 2622 1838 et
2649 1782 2797 1838 illum
2823 1779 2976 1846 cujus
3014 1789 3173 1832 causa
3202 1775 3384 1830 omnia
3410 1779 3706 1835 creaverat,
3738 1785 3870 1840 pro-

2273 1875 2423 1931 duxit
2449 1875 2501 1929 in
2538 1872 2794 1937 medium,
2818 1869 2997 1924 statim
3027 1857 3212 1936 incipit
3235 1879 3328 1920 sua
3377 1863 3431 1918 in
3477 1862 3627 1918 illum
3658 1859 3870 1923 bene“.

2274 1966 2354 2019 eia
2391 1961 2657 2019 conferre.
2715 1958 2784 2014 Et
2833 1957 3095 2028 plantavit,
3153 1953 3344 2026 inquit,
3395 1951 3544 2020 υσεδ,
3574 1950 3875 2022 paradisum

2272 2057 2328 2111 in
2369 2053 2531 2109 Edent
2557 2053 2620 2108 ab
2657 2051 2865 2106 oriente.
2895 2047 2997 2103 llic
3047 2046 3177 2102 mihi
3201 2087 3218 2114 ,
3271 2044 3507 2109 dilecte,
3543 2039 3830 2098 considera
3851 2079 3870 2105 ,

2274 2145 2415 2218 quod
2442 2145 2543 2200 nisi
2578 2159 2641 2199 ea
2668 2143 2829 2197 verba
2856 2153 2914 2198 ut
2943 2140 3012 2196 de
3060 2139 3171 2193 Deo
3198 2151 3298 2208 par
3316 2127 3408 2218 est
3425 2176 3440 2199 ,
3491 2133 3826 2203 accipiamus
3854 2171 3871 2196 ,

2273 2210 2494 2291 necesse
2539 2235 2611 2289 sit
2659 2241 2717 2287 ut
2767 2233 2819 2287 in
2865 2230 3220 2303 praecipitium
3273 2210 3512 2283 ruamus.
3561 2226 3693 2281 Nam
3741 2222 3872 2294 quid

2275 2329 2506 2384 dixerint
2542 2325 2609 2381 de
2648 2324 2792 2381 dicto
2824 2323 3129 2394 huiusmodi
3161 2321 3266 2386 illi,
3301 2320 3391 2389 qui
3419 2318 3598 2375 ontnia
3645 2316 3716 2371 de
3760 2315 3876 2372 Deo

2277 2420 2416 2476 dicta
2466 2421 2699 2476 immane
2727 2418 2970 2488 accipere
3021 2429 3170 2470 more
3211 2402 3452 2468 audent?
3507 2409 3574 2465 Et
3621 2409 3875 2481 plantavit

2278 2514 2416 2568 Deus
2437 2553 2451 2577 ,
2481 2514 2690 2582 inquit,
2723 2510 3042 2582 paradisum.
3073 2506 3210 2575 Quid
3232 2546 3249 2570 ,
3281 2518 3465 2573 qua-so
3482 2503 3507 2555 l
3532 2517 3662 2557 num
3681 2501 3876 2574 ligone

2277 2617 2413 2673 opus
2452 2602 2634 2657 babuit
2672 2610 2726 2656 et
2762 2599 3082 2670 agricultura
3110 2596 3324 2667 aliaque
3351 2609 3479 2650 cura
3506 2634 3521 2657 ,
3554 2603 3612 2648 ut
3649 2591 3875 2662 paradi-

2278 2711 2395 2750 sum
2424 2692 2760 2749 exornaret?
2806 2689 2978 2746 Absit.
3011 2689 3207 2745 lterum
3236 2685 3384 2741 enim
3417 2685 3578 2740 etiam
3616 2683 3721 2740 hoc
3748 2683 3876 2740 loco

2280 2785 2437 2848 illud,
2469 2784 2732 2839 Plantuvit
2757 2825 2772 2848 ,
2801 2783 2881 2837 sic
2923 2776 3330 2849 intelligendum
3351 2816 3367 2840 ,
3409 2775 3615 2832 scilicet
3652 2775 3828 2846 ipsum
3851 2813 3872 2839 ,

2282 2876 2604 2944 imperasse.
2633 2882 2691 2928 ut
2716 2869 2992 2944 paradisus
3021 2870 3074 2924 in
3106 2877 3247 2923 terra
3271 2867 3425 2923 lieret
3444 2904 3466 2933 ,
3495 2875 3555 2920 ut
3579 2863 3879 2934 productus

2281 2963 2442 3018 homo
2465 2964 2518 3017 in
2542 2977 2609 3018 eo
2632 2969 2958 3018 versaretur.
2983 2957 3136 3024 Quod
3157 2965 3336 3011 autem
3360 2963 3581 3024 propter
3598 2953 3873 3008 hominem

2282 3055 2581 3126 paradisum
2624 3049 3000 3116 adornaverit,
3029 3046 3150 3103 audi
3194 3047 3528 3116 Scripturam
3559 3044 3828 3099 dicentem
3859 3061 3875 3100 :

2284 3145 2348 3199 Et
2399 3143 2645 3214 plantavit
2673 3141 2814 3196 Deus
2856 3139 3153 3210 paradisum
3175 3138 3245 3214 in
3285 3135 3449 3190 Edent
3477 3135 3541 3189 ab
3570 3132 3766 3189 oriente
3783 3175 3802 3202 ,
3826 3143 3878 3189 es

2284 3238 2448 3308 posuit
2489 3237 2594 3289 illic
2620 3235 2870 3289 hominem
2890 3273 2906 3298 ,
2952 3248 3099 3302 quem
3127 3231 3381 3302 formavit.

2355 3327 2542 3382 Contra
2571 3341 2654 3380 eos
2674 3325 2761 3394 qui
2785 3323 3013 3377 dicebant
3041 3321 3352 3376 Paradisunt
3376 3335 3478 3375 non
3501 3318 3678 3374 essein
3703 3326 3874 3372 terra.

2283 3404 2494 3474 --ddeo
2522 3419 2686 3470 etiam
2715 3416 2817 3469 loci
2846 3428 3038 3469 nomen
3062 3412 3218 3467 aﬁ‘crt
3240 3411 3450 3482 Moyses
3477 3411 3531 3465 in
3556 3407 3878 3478 Seripturis,

2285 3520 2343 3564 ut
2377 3526 2444 3564 ne
2483 3510 2668 3564 liceret
2706 3505 2902 3560 frustra
2931 3504 3118 3574 nugari
3147 3502 3448 3559 volentibus
3488 3499 3880 3572 simplicior":

2285 3603 2502 3656 auribus
2552 3599 2864 3669 imponere,
2918 3596 3242 3664 dicereque,
3293 3608 3401 3648 non
3449 3606 3571 3648 esse
3624 3593 3678 3646 in
3737 3602 3880 3648 terra

2285 3693 2631 3763 paradisum,
2689 3688 2785 3744 sed
2843 3688 2895 3741 in
2947 3687 3124 3751 caelo,
3196 3694 3250 3740 et
3311 3685 3518 3740 fabulas
3571 3682 3880 3754 hujusmodi

2286 3786 2574 3840 somniare.
2607 3781 2741 3836 Nam
2791 3780 2835 3834 si
2880 3793 3002 3834 cum
3047 3777 3229 3832 divina
3279 3775 3556 3847 Scriptura
3607 3785 3754 3831 tanta
3786 3790 3883 3831 usa

2288 3874 2359 3929 sit
2407 3872 2693 3927 verborum
2747 3870 3090 3924 accuratione
3114 3907 3129 3933 ,
3181 3881 3291 3921 non
3339 3866 3650 3922 dubitarunt
3699 3876 3881 3921 tamen

2289 3962 2502 4033 quidam
2523 3961 2590 4016 de
2610 3960 2850 4016 facundia
2874 3974 2970 4014 sua
2991 3999 3008 4026 ,
3037 3972 3245 4014 necnon
3273 3956 3342 4012 de
3373 3956 3709 4028 philosophia
3744 3973 3882 4012 eam

2292 4056 2394 4110 tica
2437 4054 2602 4108 altum
2643 4054 2944 4122 sapientes,
2996 4051 3215 4106 adversa
3256 4048 3547 4118 Scripturis
3591 4048 3772 4119 loqui,
3827 4057 3884 4105 et

2290 4147 2470 4203 dicere
2497 4145 2797 4216 paradisum
2840 4147 2891 4199 in
2935 4154 3080 4199 terra
3120 4159 3225 4197 non
3255 4156 3417 4209 esse,
3459 4141 3732 4210 multaque
3777 4139 3882 4197 alia

2291 4251 2487 4311 praeter
2506 4225 2572 4293 ea
2601 4253 2723 4308 quae
2747 4237 2886 4291 dicta
2917 4246 3040 4290 sunt
3069 4234 3406 4304 adoptantes,
3433 4241 3619 4288 contra
3642 4231 3885 4301 Scriptu-

2290 4351 2406 4391 ram
2447 4335 2688 4398 sentire;
2733 4341 2788 4387 et
2830 4331 3114 4385 adversam
3165 4338 3346 4383 tenere
3390 4326 3565 4391 viam,
3618 4337 3778 4396 atque
3820 4341 3883 4382 ea

2293 4444 2410 4496 qua:
2440 4427 2506 4481 de
2534 4436 2674 4480 terra
2701 4425 2839 4479 dicta
2867 4431 3020 4488 sunt,
3060 4421 3129 4478 de
3161 4421 3311 4476 caelis
3341 4420 3482 4476 dicta
3520 4429 3748 4491 putare;
3781 4419 3882 4475 nisi

2296 4517 2484 4571 lnnnili
2533 4517 2618 4570 illa
2660 4524 2716 4571 et
2762 4523 3112 4589 attemperata
3163 4512 3448 4567 verborum
3501 4511 3709 4566 ratione
3757 4525 3886 4566 usus

2297 4613 2502 4680 Moyses
2531 4617 2692 4673 esset,
2713 4591 2910 4677 Spiritu
2950 4614 3137 4660 sancto
3174 4603 3408 4671 linguam
3449 4601 3566 4671 ejus
3591 4611 3884 4668 movente,

2298 4717 2405 4772 quo
2448 4717 2555 4755 non
2595 4699 2830 4762 develuti
2861 4704 3084 4762 essent,
3127 4695 3370 4766 quamvis
3409 4693 3684 4763 Setiptura
3733 4706 3885 4749 sacra

2296 4809 2416 4849 cum
2446 4807 2544 4848 nos
2584 4792 2687 4848 tale
2724 4789 2993 4861 quidpiam
3023 4787 3217 4843 docere
3262 4787 3404 4851 vult,
3435 4786 3670 4855 seipsam
3722 4788 3888 4841 inter-

2301 4897 2539 4958 pretetur
2558 4927 2576 4953 ,
2621 4893 2677 4940 et
2714 4883 3012 4938 auditorem
3043 4895 3225 4936 errare
3255 4894 3363 4933 non
3390 4876 3568 4933 sinat?
3611 4876 3722 4931 Sed
3752 4890 3886 4947 quo-

2301 4985 2442 5036 niam
2469 4976 2619 5033 multi
2651 4990 2757 5030 non
2790 4981 2846 5028 ut
2871 4971 3139 5042 quidpiam
3169 4969 3304 5024 lucri
3334 4984 3400 5023 ex
3427 4967 3623 5023 divinis
3647 4967 3888 5036 Scriptu-

2300 5073 2377 5126 ris
2422 5071 2714 5133 demetunt,
2745 5064 2839 5120 sed
2879 5062 3165 5133 voluptatis
3199 5062 3390 5130 gratia,
3418 5073 3576 5114 aures
3603 5059 3764 5114 dictis
3790 5057 3888 5112 add

2303 5160 2520 5215 bibent:
2551 5159 2672 5213 ideo
2711 5171 2818 5210 non
2859 5154 2924 5208 iis
2963 5153 3053 5222 qui
3095 5157 3354 5220 prosunt,
3397 5148 3491 5205 sed
3519 5148 3584 5204 iis
3613 5149 3701 5219 qui
3725 5148 3889 5218 magis

2302 5251 2569 5304 oblectant
2597 5245 2900 5302 attendunt.
2933 5242 3292 5314 Quamobrem
3332 5239 3558 5294 obsecro
3580 5279 3596 5304 ,
3628 5247 3687 5293 ut
3714 5239 3889 5293 omni-

2304 5344 2402 5397 bus
2449 5342 2553 5395 illis
2594 5353 2753 5395 aures
2796 5337 3130 5400 obturantes,
3161 5347 3329 5388 sacrze
3361 5331 3655 5400 Scriptura:
3698 5331 3888 5386 cannni

2303 5435 2677 5502 obsequ-amur.
2707 5433 2783 5485 Ac
2807 5443 2928 5484 cum
2954 5426 3209 5491 audieris,
3233 5425 3448 5490 dilecte,
3473 5425 3614 5479 Deus
3635 5425 3892 5494 plantavit

2305 5523 2607 5595 paradisum
2633 5521 2688 5575 in
2715 5519 2924 5576 oriente
2952 5533 2966 5582 ;
3001 5516 3130 5571 illttd
3157 5557 3171 5582 ,
3207 5515 3464 5568 Plantavil
3487 5557 3502 5580 ,
3536 5522 3595 5568 ut
3623 5514 3734 5570 Deo
3763 5531 3891 5570 con-

2305 5613 2451 5667 venit
2492 5609 2759 5679 intellige,
2791 5622 2987 5678 nempe
3015 5605 3156 5677 quod
3201 5605 3550 5676 prtecepcrit;
3577 5607 3722 5676 quod
3769 5622 3893 5663 vero

2305 5707 2543 5779 sequitur
2569 5704 2750 5772 crede,
2781 5705 3030 5759 nimirum
3077 5702 3379 5773 paradisum
3422 5701 3618 5756 factum
3644 5715 3766 5755 esse
3788 5740 3806 5758 .
3841 5710 3896 5753 et

646 5803 820 5858 num?
855 5808 1040 5860 Annon
1071 5804 1256 5872 vides,
1286 5805 1497 5870 dilecte,
1541 5800 1766 5873 idipsum
1822 5801 1875 5859 in
1927 5801 2204 5859 creatione
2310 5802 2364 5859 in
2393 5801 2487 5858 illo
2527 5800 2677 5869 loco,
2723 5797 2811 5855 ubi
2858 5796 3132 5869 Scriptura
3181 5811 3335 5852 sacra
3384 5792 3724 5867 signiﬁcavit.
3781 5789 3895 5850 hoc
