4068 6410
225 415 325 472 109

228 527 452 586 credere
480 525 622 582 enim
671 525 736 578 iis
777 537 894 592 qum
924 520 977 574 in
1004 519 1180 576 divina
1216 517 1494 587 Scriptura
1537 516 1813 570 feruntur.

238 617 333 673 sed
363 616 466 671 alia
505 632 570 669 ex
598 613 814 684 propria
845 619 1022 666 mente
1061 609 1346 670 inducere,
1395 621 1647 676 magnum
1692 612 1820 674 puto

231 705 528 778 perieulum
568 718 755 759 creare
785 701 908 755 talia
935 699 1275 754 audentibus.
1305 696 1376 752 Et
1401 697 1602 768 posuit,
1629 694 1818 763 inquit.

229 800 300 854 ibi
349 799 618 861 kontinem,
667 810 815 864 quem
852 793 1112 862 forma-uit.

301 892 356 946 .i.
380 889 544 954 Vide,
567 871 823 957 quantum
865 885 1126 940 honorem
1161 883 1341 938 statim
1383 882 1436 936 in
1463 894 1588 936 eum
1627 887 1816 934 contu-

230 980 380 1037 lerit.
413 982 545 1035 Cum
577 994 698 1034 eum
731 986 882 1033 extra
915 976 1218 1048 paradisum
1249 982 1520 1038 creasset,
1553 971 1731 1026 statim
1762 970 1825 1024 il-

231 1072 346 1128 lum
373 1085 439 1126 eo
462 1068 779 1130 introduxit;
812 1076 872 1122 ut
901 1082 966 1122 ex
989 1065 1153 1121 rebus
1182 1064 1312 1134 ipsis
1342 1064 1395 1117 in
1424 1060 1672 1116 beneficii
1699 1074 1828 1114 sen-

233 1177 354 1215 sum
398 1162 570 1229 ipsum
614 1158 942 1224 adduceret,
981 1165 1041 1211 ut
1079 1157 1243 1210 sciret
1284 1163 1515 1225 quantus
1549 1150 1622 1205 illi
1657 1151 1832 1204 honor

237 1259 388 1306 esset
422 1263 732 1314 concessus,
775 1248 829 1302 in
863 1246 1168 1318 paradisum
1213 1245 1359 1299 illum
1392 1241 1718 1305 introduxit,
1766 1238 1832 1292 Et

237 1341 408 1413 possit
424 1340 532 1395 illic
548 1341 818 1406 hominem,
846 1355 992 1408 quem
1015 1338 1272 1408 formavit.
1296 1334 1430 1391 Illud
1454 1336 1605 1399 item,
1626 1332 1830 1397 Posuit,

237 1435 321 1489 sic
358 1434 716 1502 intelligamus
764 1447 829 1487 ac
861 1431 906 1486 si
947 1431 1170 1496 diceret,
1218 1427 1471 1500 praecepit
1511 1435 1568 1480 ut
1597 1425 1704 1480 illic
1743 1424 1837 1477 ha-

238 1526 459 1590 bitaret,
491 1534 550 1577 ut
573 1533 630 1577 et
656 1531 903 1592 aspectus
938 1531 993 1577 et
1018 1521 1275 1575 habitatio
1319 1533 1570 1588 magnum
1613 1515 1712 1585 ipsi
1741 1529 1834 1584 pa-

239 1622 391 1671 reret
434 1614 762 1682 voluptatem
782 1653 798 1679 ,
829 1621 882 1667 et
911 1626 1034 1666 eum
1060 1609 1126 1664 ad
1164 1609 1363 1679 gratias
1396 1605 1704 1662 referendas
1742 1619 1838 1658 ex-

238 1705 436 1758 citaret
460 1703 781 1772 eogitantem
811 1710 1065 1771 quantum
1093 1697 1340 1755 beneﬁcii
1371 1697 1684 1766 accepisset,
1711 1708 1832 1749 cum

240 1793 482 1851 nondum
512 1792 783 1862 quidpiam
825 1791 1159 1860 praestitisset
1189 1789 1335 1844 boni.
1367 1788 1444 1843 Ne
1485 1788 1646 1858 igitur
1683 1794 1737 1840 te
1778 1785 1832 1839 in

242 1893 524 1952 stuporem
570 1882 770 1952 injiciat
809 1895 910 1936 vox
959 1880 1077 1946 illa,
1130 1877 1367 1933 Posuit:
1416 1891 1532 1931 mos
1577 1876 1720 1931 enim
1765 1880 1847 1929 est

242 1976 539 2045 Scriptura:
563 1991 731 2032 sacrae
755 1985 971 2046 propter
998 1989 1099 2030 nos
1126 1982 1181 2030 et
1199 1973 1265 2027 ad
1293 1972 1579 2028 utilitatem
1602 1980 1844 2024 nostram

247 2069 504 2124 humanis
531 2069 606 2123 uti
634 2069 837 2124 verbis.
866 2067 1020 2136 Quod
1049 2077 1108 2122 ut
1131 2066 1343 2122 ediscas
1364 2106 1379 2130 ,
1411 2061 1686 2134 perpende
1714 2077 1848 2132 quo-

247 2159 418 2212 modo
459 2158 636 2226 prius,
668 2172 790 2212 cum
820 2158 890 2213 de
927 2157 1204 2214 stellarum
1249 2157 1523 2210 creatione
1563 2160 1848 2223 ageretur,

248 2246 444 2302 eadem
483 2261 577 2301 usa
610 2247 680 2301 sit
717 2261 851 2303 voce
877 2243 1102 2301 dicens:
1135 2245 1200 2300 Et
1229 2244 1396 2314 posuit
1430 2243 1548 2296 illas
1589 2243 1644 2295 in
1672 2241 1851 2309 ﬁrma-

251 2345 428 2392 mento
468 2336 601 2399 cmii,
639 2350 746 2389 non
783 2343 842 2389 ut
865 2350 958 2390 eas
999 2334 1134 2390 caelo
1176 2334 1368 2388 inﬁxas
1410 2342 1659 2402 putemus
1705 2329 1854 2402 (nam

251 2440 447 2482 eorum
487 2427 713 2497 singulm
753 2427 1029 2497 proprium
1076 2440 1293 2482 cursum
1335 2425 1646 2488 conficiunt,
1679 2425 1855 2479 locum

256 2529 328 2570 ex
363 2516 485 2570 loco
510 2517 826 2584 mutantes),
853 2517 948 2573 sed
990 2526 1047 2573 ut
1073 2516 1286 2583 doceat,
1328 2531 1389 2572 se
1416 2515 1524 2570 illis
1561 2523 1618 2569 ut
1642 2515 1693 2569 iu
1724 2516 1858 2569 creto

256 2614 448 2661 essent
487 2607 843 2677 praecepisse,
893 2615 951 2662 ut
994 2607 1268 2663 hominem
1311 2607 1474 2676 jussit
1513 2605 1567 2660 in
1612 2605 1860 2673 paradiso

256 2696 480 2767 degere.
514 2697 568 2753 9.
595 2696 663 2752 Et
708 2698 980 2768 produxit,
1011 2699 1202 2769 inquit,
1245 2697 1388 2752 Deus
1431 2697 1494 2750 de
1534 2707 1670 2750 terra
1712 2713 1860 2750 omne

259 2789 461 2858 lignum
485 2788 757 2858 pulchrum
779 2788 848 2842 ad
876 2789 1171 2854 uidendam,
1199 2799 1247 2842 et
1269 2788 1456 2842 bonum
1482 2789 1549 2839 ad
1573 2787 1822 2840 edendum
1839 2828 1854 2852 ,

265 2890 317 2934 et
347 2879 544 2951 lignum
568 2881 682 2935 vita:
703 2881 758 2935 in
783 2882 949 2935 medio
969 2881 1197 2952 paradisi
1225 2890 1272 2935 et
1300 2881 1496 2950 lignum
1514 2880 1584 2933 ad
1602 2881 1862 2934 sciendum

265 2969 463 3024 bonum
486 2978 536 3023 et
565 2971 776 3024 malum.
805 2971 946 3026 Ecce
964 2971 1124 3024 aliam
1148 2969 1392 3026 beneficii
1417 2970 1652 3039 speciem
1682 2969 1734 3023 in
1767 2969 1866 3022 lio-

269 3075 464 3115 norem
494 3062 659 3115 creati
702 3062 968 3117 hominis.
993 3062 1128 3130 Quia
1157 3062 1300 3118 enim
1341 3063 1490 3116 illum
1532 3064 1587 3116 in
1614 3060 1865 3130 paradiso

271 3153 484 3208 versari
510 3153 757 3219 volebat,
787 3156 1044 3224 prmcepit
1076 3170 1145 3209 ex
1181 3162 1322 3208 terra
1362 3155 1585 3208 arbores
1627 3153 1866 3207 diversas

267 3244 427 3309 oriri,
455 3259 576 3312 qua:
620 3245 778 3299 simul
817 3253 874 3300 et
913 3253 1136 3314 aSpectu
1170 3242 1421 3307 iucundae
1467 3252 1681 3307 essent,
1711 3252 1765 3296 et
1798 3241 1866 3296 ad

269 3335 454 3389 cibum
481 3344 640 3402 apta.
675 3334 838 3390 Omne
872 3336 1087 3407 lignum,
1119 3337 1308 3406 inquit,
1342 3336 1612 3407 pulchrum
1639 3344 1866 3404 aspectu,

271 3422 328 3478 id
353 3431 460 3488 est,
491 3424 555 3476 ad
584 3426 980 3494 spectaculum;
1008 3424 1078 3478 Et
1108 3425 1294 3479 bonum
1322 3426 1391 3478 ad
1417 3441 1593 3489 esum;
1619 3423 1870 3478 videlicet

273 3514 444 3584 ligna,
473 3529 591 3583 quae
621 3518 794 3570 visum
824 3516 1095 3571 oblectare
1121 3523 1376 3586 possent,
1403 3524 1456 3570 et
1486 3530 1582 3571 esu
1621 3530 1870 3585 magnam

274 3606 526 3677 praebere
555 3607 911 3675 voluptatem;
935 3621 1160 3676 quaeque
1188 3615 1370 3676 utpote
1391 3606 1555 3660 multa
1581 3615 1637 3660 et
1655 3606 1871 3674 copiosa

276 3695 508 3751 multam
562 3695 627 3748 iis
673 3709 838 3750 usuro
887 3706 1138 3765 parerent
1187 3695 1531 3765 voluptatem.
1585 3694 1757 3750 Omne
1803 3694 1872 3748 li-

271 3785 466 3856 gnum,
495 3785 684 3856 inquit,
716 3784 1091 3856 quodcumque
1112 3786 1334 3852 dixeris,
1356 3787 1486 3840 oriri
1512 3785 1741 3840 curavit.
1776 3785 1872 3838 Vi-

275 3875 699 3930 distiu’miscria
741 3889 965 3932 vacuam
1000 3877 1423 3932 habitationem?
1460 3876 1695 3930 vidistin’
1713 3878 1872 3930 vitam

277 3963 632 4020 mirabilem?
662 3963 818 4020 Sicut
838 3967 1060 4036 angelus
1092 3965 1340 4036 quidam,
1371 3968 1688 4022 versabatur
1715 3966 1877 4021 homo

278 4055 336 4110 in
361 4065 524 4122 terra,
546 4070 777 4125 corpore
796 4057 1013 4126 quidem
1035 4057 1283 4122 amictus,
1302 4057 1397 4113 sed
1415 4069 1566 4112 extra
1588 4073 1877 4130 corporeas

279 4145 638 4200 necessitates
666 4147 991 4202 constitutus
1011 4189 1026 4215 ,
1058 4157 1114 4203 et
1147 4149 1598 4218 quemadmodum
1643 4164 1876 4218 purpura

279 4244 338 4290 et
367 4235 674 4292 diademate
697 4247 939 4304 ornatus,
963 4253 1335 4309 purpureaque
1363 4240 1579 4295 indutus
1604 4249 1776 4305 veste,
1802 4242 1881 4296 sic

279 4341 405 4380 cum
439 4325 684 4381 libertate
710 4328 1021 4383 versabatur
1064 4329 1118 4383 in
1151 4329 1387 4400 paradisi
1433 4330 1683 4396 sedibus,
1715 4331 1878 4386 multa

279 4415 528 4487 gaudens
568 4431 746 4472 rerum
804 4420 979 4489 copia.
1031 4419 1099 4474 Et
1133 4422 1362 4490 lignum,
1411 4423 1615 4492 inquit,
1666 4424 1781 4478 vitae
1828 4424 1882 4477 iu

281 4508 454 4560 utalia
475 4510 722 4576 paradisi,
755 4521 800 4563 et
818 4512 1010 4582 lignum
1027 4513 1094 4566 ad
1108 4514 1367 4567 sciendum
1388 4515 1573 4568 bonum
1597 4525 1644 4570 et
1667 4517 1878 4570 malum.

283 4598 578 4667 Postquam
607 4615 703 4655 nos
728 4602 944 4666 docuit,
981 4612 1178 4658 terram
1206 4620 1366 4659 omne
1397 4606 1600 4676 lignum
1635 4608 1882 4663 emisisse

281 4690 583 4744 secundum
629 4691 842 4748 Domini
888 4705 1250 4765 praeceptum,
1289 4695 1582 4764 jucundum
1639 4698 1792 4763 visu,
1827 4705 1883 4752 et

285 4780 493 4836 bunum
540 4795 656 4846 esu,
687 4790 814 4836 tunc
854 4784 926 4836 ait
957 4803 969 4838 :
1003 4783 1069 4837 Et
1096 4787 1290 4854 lignum
1338 4786 1450 4838 vitm
1485 4786 1538 4838 in
1578 4787 1745 4840 medio
1788 4804 1886 4854 pa-

284 4871 451 4926 radisi
472 4913 488 4936 ,
513 4882 558 4926 et
583 4874 777 4942 lignum
810 4875 878 4927 ad
904 4876 1163 4929 sciendum
1200 4877 1384 4930 bonum
1414 4886 1460 4931 et
1495 4878 1705 4931 malum.
1751 4879 1884 4933 Cum

290 4966 572 5034 χλι-τεθήτω
612 4968 754 5020 enim
783 4969 1044 5039 benignus
1089 4969 1347 5025 Dominus
1367 5012 1381 5037 ,
1407 4980 1594 5040 utpote
1621 4971 1843 5026 Creator
1866 5012 1883 5040 ,

290 5067 678 5112 nocumentum
724 5074 787 5112 ex
843 5060 1087 5114 libertate
1132 5070 1189 5114 et
1232 5062 1517 5114 securitate
1558 5063 1885 5130 procedente

291 5159 537 5217 tempore
576 5149 860 5210 oriturum,
909 5150 1159 5218 produxit
1202 5151 1400 5220 lignum
1440 5153 1562 5205 vita:
1614 5153 1668 5205 in
1709 5153 1887 5206 medio

291 5238 551 5309 paradisi,
586 5254 791 5292 necnon
828 5239 1026 5308 lignum
1071 5241 1274 5293 sciendi
1323 5241 1525 5294 bonum‘
1567 5251 1622 5295 ct
1663 5243 1882 5306 malum,

291 5333 419 5400 quia
445 5345 550 5383 non
579 5331 745 5383 multo
777 5340 895 5400 post
922 5331 989 5383 ab
1014 5346 1080 5385 eo
1105 5330 1373 5386 abstinere
1399 5332 1642 5399 jussurus
1664 5341 1798 5398 erat,
1832 5345 1890 5386 ut

292 5424 437 5476 seire
487 5432 669 5491 posset
711 5438 771 5477 se
815 5438 879 5478 ex
919 5425 1084 5494 gratia
1130 5431 1184 5478 et
1212 5425 1577 5494 benignitate‘
1614 5425 1721 5479 illis
1761 5424 1889 5480 frui-

304 5523 486 5567 turum
517 5528 657 5598 esse,
688 5528 752 5567 ac
796 5530 855 5568 se
893 5513 1170 5568 Dominum
1200 5525 1254 5568 ct
1279 5515 1590 5570 Creatorem
1631 5530 1750 5571 esse
1778 5527 1887 5569 tum

309 5605 452 5658 iltius
495 5605 828 5670 substantize,
862 5615 971 5659 tum
1008 5607 1246 5660 omnium
1282 5608 1590 5662 visibilium.
1633 5607 1756 5662 Ideo
1780 5607 1889 5676 jam

372 5781 389 5811 ⁸
424 5787 546 5829 Tres
561 5786 688 5842 λιες..
704 5780 1078 5845 magniﬁcentia,
1099 5796 1204 5841 pro,
1229 5783 1530 5841 beniqnitate.

1328 403 1392 462 IN
1432 401 1667 462 CAPJI.
1710 397 1951 457 GENES.
1993 394 2224 454 HOMIL.
2268 394 2405 454 XIII.

3420 397 3523 451 ΗΠ

1925 512 2052 583 ligni
2082 514 2408 568 mentionem
2457 511 2623 578 fecit,
2661 526 2723 567 ac
2768 511 3044 566 fluminum
3078 512 3290 566 nomina
3329 510 3524 566 deinde

1928 607 2083 662 nobis
2109 606 2386 673 declarat,
2418 605 2740 674 illorumque
2768 615 2825 658 ut
2851 604 3048 658 dixerit
3074 603 3336 673 quispiam
3367 617 3524 670 sepa-

1928 692 2232 766 rationem,
2273 715 2337 755 ac
2375 699 2647 770 quomodo
2691 713 2756 752 ex
2802 698 2893 751 illo
2913 697 3004 767 qui
3055 696 3361 767 paradisum
3409 695 3528 748 irri-

1930 793 2109 864 gabat,
2156 793 2243 848 alii
2289 793 2346 847 in
2374 803 2604 862 quatuor
2643 791 2817 860 capita
2857 791 3036 853 divisi,
3076 789 3295 844 climata
3338 788 3527 841 distin-

1932 894 2180 956 guerent.
2205 884 2402 939 Verum
2431 885 2566 938 forte
2593 883 2625 936 ii
2648 883 2737 952 qui
2762 897 2826 936 ex
2853 881 3065 951 propria
3093 872 3526 947 sapientia'loqui

1933 983 2154 1040 ‘ulunt,
2203 975 2424 1029 flumina
2474 973 2563 1027 illa
2617 988 2722 1026 non
2774 972 3081 1026 concedunt
3119 982 3237 1024 esse
3278 968 3529 1032 ﬂun‘ina,

1936 1083 2108 1137 neque
2137 1081 2304 1138 aquas
2329 1065 2564 1120 fatentur
2584 1081 2705 1120 esse
2726 1078 2892 1134 aquas
2911 1103 2926 1130 ,
2959 1063 3052 1118 sed
3081 1060 3224 1116 aliud
3255 1060 3532 1130 imaginari

1937 1163 2164 1217 suadent
2207 1161 2272 1216 iis
2299 1161 2389 1231 qui
2432 1159 2532 1214 sibi
2572 1172 2731 1212 aures
2770 1153 3178 1210 accommodare
3222 1153 3427 1206 volunt.
3468 1153 3539 1205 At

1939 1268 2074 1318 nos,
2105 1253 2349 1315 obsecro,
2396 1248 2701 1319 huiusmodi
2748 1247 2997 1301 homines
3037 1259 3105 1299 ne
3143 1243 3414 1309 feramus,
3441 1241 3536 1296 scd

1941 1347 2284 1400 obstruamus
2332 1341 2546 1398 illorum
2587 1338 2743 1394 dictis
2790 1352 2970 1403 aures,
3019 1335 3302 1390 credamus
3340 1333 3536 1387 divinae

1942 1436 2258 1506 Scripturm,
2290 1442 2450 1503 atque
2473 1447 2534 1486 ea
2578 1445 2697 1500 qua:
2738 1429 2790 1483 in
2817 1428 2908 1482 illa
2956 1426 3207 1482 dicuntur
3245 1432 3537 1489 sectantes,

1945 1544 2128 1584 sanam
2168 1526 2469 1581 doctrinam
2513 1525 2567 1577 in
2611 1521 2806 1575 animis
2854 1518 3055 1574 nostris
3093 1531 3358 1585 reponere
3399 1525 3542 1568 sata-

1945 1634 2152 1690 gamus,
2181 1618 2506 1686 insuperque
2533 1614 2695 1668 vitam
2717 1609 3378 1681 diligenterinstituamus,
3409 1616 3465 1659 ut
3489 1612 3544 1660 et

1947 1711 2062 1780 ipsa
2105 1709 2215 1763 vita
2259 1709 2331 1761 sit
2371 1704 2632 1760 doctrinae
2678 1701 2939 1766 testis,et
2983 1699 3232 1769 dogmata
3279 1696 3394 1766 ipsa
3420 1695 3544 1749 vitae

1951 1802 2110 1856 fidem
2143 1799 2356 1854 faciant.
2386 1797 2519 1853 Nam
2560 1800 2605 1851 si
2650 1796 2897 1866 dogmata
2927 1792 3144 1862 quidem
3183 1800 3327 1845 recta
3359 1797 3544 1842 tenea-

1951 1908 2088 1957 mus,
2121 1892 2392 1960 vitamque
2413 1898 2592 1943 tamen
2623 1886 2974 1956 negligemus,
3004 1882 3134 1936 nihil
3159 1879 3208 1935 id
3237 1881 3392 1934 nobis
3423 1894 3546 1948 pro-

1953 1986 2128 2049 derit;
2157 1982 2462 2054 pariterque
2493 1980 2539 2033 si
2570 1979 2692 2032 vita:
2716 1991 2900 2032 curam
2928 1975 3241 2036 habeamus,
3273 1981 3546 2026 rectorum

1956 2087 2136 2133 autem
2160 2077 2467 2150 dogmatum
2506 2072 2727 2127 minimc
2747 2110 2764 2139 ,
2795 2067 2928 2124 nihil
2959 2066 3024 2120 ad
3055 2065 3282 2120 salutem
3308 2071 3545 2117 nostram

1958 2170 2084 2223 utile
2112 2149 2306 2222 lucrari
2339 2163 2652 2236 poterimus.
2689 2162 2791 2216 Par
2818 2167 2900 2215 est
2943 2158 3110 2222 enim,
3148 2155 3192 2210 si
3224 2153 3550 2210 voluerimus

1958 2273 2012 2317 et
2041 2277 2069 2314 a
2112 2261 2353 2331 gehenna
2383 2256 2628 2320 liberari,
2657 2264 2711 2308 et
2736 2264 2959 2323 regnum
3004 2248 3292 2317 consequi,
3325 2256 3553 2316 utroque

1959 2352 2161 2417 ornari,
2203 2361 2257 2405 et
2287 2349 2435 2404 sanis
2472 2343 2832 2415 dogmatibus,
2862 2351 2915 2395 et
2947 2340 3069 2394 vitae
3107 2353 3255 2392 cura.
3288 2336 3417 2404 Qua:
3445 2334 3553 2388 uti-

1962 2446 2104 2509 litas,
2128 2457 2333 2511 quicso,
2362 2440 2569 2494 arboris
2593 2435 2844 2507 przealtm,
2870 2444 2923 2488 et
2951 2431 3094 2486 loliis
3121 2429 3413 2493 vernantis,
3437 2443 3555 2497 quae

1963 2533 2224 2588 fructibus
2253 2546 2418 2586 vacua
2463 2529 2569 2584 sit?
2603 2528 2690 2582 Sic
2717 2535 2770 2581 et
2811 2523 3117 2578 Christiano
3159 2519 3291 2574 nihil
3333 2526 3557 2587 prosunt

1965 2637 2110 2680 recta
2163 2625 2450 2693 dogmata,
2504 2621 2552 2676 si
2600 2620 2724 2673 vitat
2784 2617 3082 2671 institutum
3133 2612 3381 2682 negligat.
3433 2609 3560 2664 Ideo

1963 2717 2212 2773 Christus
2265 2716 2397 2769 tales
2436 2714 2682 2767 homines
2716 2712 2905 2765 beatos
2943 2708 3195 2763 dicebat:
3247 2703 3433 2758 Beatus
3475 2704 3561 2772 qui

1967 2808 2158 2880 fecerit,
2189 2817 2232 2860 et
2256 2807 2481 2860 docuerit
2509 2804 2725 2877 (Matth.
2755 2803 2808 2857 5.
2840 2800 2956 2873 19).
2987 2800 3118 2855 Nam
3148 2798 3391 2854 doctrina
3425 2810 3561 2866 ope-

1967 2913 2085 2953 rum
2116 2898 2269 2968 longe
2309 2897 2610 2952 accuratior
2649 2903 2705 2949 et
2747 2892 2853 2946 ﬁde
2881 2891 3093 2961 dignior
3120 2898 3238 2954 est,
3269 2902 3431 2959 quam
3463 2887 3563 2941 do-

1969 2989 2140 3043 ctrina
2172 2988 2456 3042 verborum
2486 3004 2498 3038 :
2531 2985 2732 3039 ctenim
2757 2983 2847 3051 qui
2877 2983 3016 3037 bene
3058 2979 3196 3049 agit,
3223 2977 3434 3033 etiamsi
3481 2986 3565 3029 ta-

1971 3089 2113 3143 ceat,
2135 3094 2232 3134 nec.
2253 3078 2518 3141 videatur,
2548 3076 2829 3130 instituere
2856 3080 3053 3142 potest,
3079 3069 3213 3126 alios
3237 3069 3443 3125 scilicet
3470 3083 3566 3138 per

1971 3173 2315 3240 adsliectum,
2349 3169 2484 3223 alios
2525 3182 2622 3238 per
2651 3180 2841 3230 aures;
2887 3165 3108 3236 ipseque
3150 3162 3317 3217 multa
3359 3161 3452 3215 Dei
3474 3161 3568 3215 be-

1974 3262 2277 3318 nevoleutia
2321 3261 2549 3323 fruetur,
2588 3259 2716 3314 dum
2747 3257 2800 3313 id
2837 3256 3001 3312 eflicit
3027 3266 3085 3310 ut
3134 3269 3240 3310 non
3268 3251 3429 3308 modo
3471 3265 3570 3322 per

1975 3354 2245 3423 seipsum,
2292 3351 2386 3407 sed
2441 3351 2601 3406 etiam
2647 3365 2742 3419 per
2784 3363 2879 3404 eos
2917 3347 3008 3418 qui
3059 3344 3235 3415 ipsum
3275 3343 3572 3413 respiciunt

1977 3444 2236 3500 Dominus
2279 3457 2409 3497 suns
2448 3442 2770 3497 celebretur.
2808 3439 2907 3504 Qui
2963 3434 3271 3507 hujusmodi
3310 3443 3423 3497 est,
3475 3447 3574 3502 per

1977 3532 2261 3592 sexcentas
2292 3536 2499 3604 linguas
2525 3544 2580 3589 et
2606 3546 2702 3604 per
2743 3532 2905 3587 multa
2937 3545 3034 3584 ora
3071 3529 3270 3600 gratias
3305 3536 3359 3582 et
3386 3526 3574 3579 laudes

1976 3627 2166 3681 offeret
2190 3627 2560 3682 universorum
2587 3626 2716 3680 Deo.
2741 3623 2924 3693 Neque
2951 3621 3093 3677 enim
3118 3620 3229 3674 noti
3249 3619 3422 3673 solum
3449 3617 3575 3670 vita:

1980 3719 2120 3772 illius
2147 3726 2335 3783 testes,
2364 3726 2419 3773 et
2445 3716 2593 3770 illum
2624 3725 2678 3769 ct
2700 3715 2868 3783 ipsius
2896 3712 3182 3766 Dominum
3215 3709 3572 3769 admirantur,

1979 3807 2075 3862 sed
2100 3808 2265 3862 etiam
2294 3821 2397 3862 non
2428 3806 2542 3861 noti
2568 3805 2635 3860 ab
2665 3804 2785 3858 aliis
2812 3803 3105 3868 discentes,
3133 3811 3242 3854 tum
3269 3800 3358 3869 qui
3392 3796 3576 3867 procul

1982 3897 2260 3962 habitant,
2288 3905 2344 3952 et
2369 3897 2531 3966 longo
2568 3895 2853 3950 intervallo
2890 3891 3063 3948 dissiti
3093 3901 3240 3956 sunt,
3283 3904 3387 3944 non
3419 3887 3576 3942 amici

1983 3989 2164 4054 modo,
2192 3989 2287 4045 sed
2322 3988 2482 4043 etiam
2523 3987 2758 4050 inimici,
2792 3984 3004 4039 virtutis
3044 3981 3390 4038 eminentiam
3421 3993 3578 4034 reve-

1983 4081 2262 4135 rebantur.
2293 4079 2463 4134 Tanta
2487 4077 2682 4147 quippe
2702 4085 2786 4131 est
2811 4075 2951 4130 illius
2981 4075 3179 4140 virtus,
3205 4079 3263 4125 ut
3287 4072 3449 4125 etiam
3476 4083 3577 4137 0p—

1983 4171 2331 4242 pugnantium
2376 4185 2437 4224 se
2462 4185 2556 4224 ora
2597 4169 2840 4222 obstruat
2873 4175 2929 4220 et
2969 4165 3202 4235 linguam
3248 4171 3574 4231 compescat.

1985 4265 2063 4318 Ac
2092 4259 2540 4332 quemadmodum
2579 4257 2785 4314 solares
2820 4256 3000 4312 radios
3038 4255 3235 4310 infirmi
3271 4253 3441 4309 oculis
3476 4254 3576 4306 ub-

1987 4351 2125 4409 tu'eri
2157 4369 2262 4407 non
2291 4352 2514 4417 audent,
2541 4351 2620 4405 sic
2645 4364 2747 4405 nec
2775 4349 3026 4403 virtutem
3059 4361 3308 4415 umquam
3340 4343 3578 4413 nequitia

1985 4445 2194 4501 obtueri
2225 4445 2440 4515 poterit,
2472 4442 2566 4498 sed
2599 4441 2815 4497 recedet
2842 4450 2894 4494 et
2916 4447 3063 4510 terga
3085 4439 3249 4502 dabit,
3279 4439 3580 4504 victamqne

1988 4554 2047 4594 se
2077 4539 2344 4592 fatebitur.
2376 4536 2529 4603 Quod
2565 4551 2685 4590 cum
2717 4547 3030 4604 persuasum
3075 4531 3229 4586 nobis
3269 4531 3358 4594 sit,
3396 4528 3578 4584 virtuti

1990 4630 2309 4690 hmreamns,
2342 4637 2502 4697 atque
2550 4625 2758 4678 fortiter
2783 4631 2837 4678 et
2866 4631 2981 4676 tuto
3009 4624 3171 4675 vitam
3207 4621 3579 4680 instituamus,

1989 4729 2043 4774 et
2068 4736 2186 4789 quae
2213 4718 2431 4773 minima
2456 4717 2703 4772 videntur
2731 4725 2972 4786 peccata,
3001 4714 3112 4768 sive
3142 4715 3192 4768 in
3221 4714 3400 4768 verbis
3420 4755 3435 4778 ,
3468 4712 3580 4766 sive

1991 4810 2041 4864 in
2071 4809 2354 4878 operibus,
2398 4809 2584 4863 sedulo
2625 4806 2872 4862 vitemus.
2901 4807 2990 4861 Sic
3023 4807 3166 4860 enim
3200 4821 3489 4874 numquam
3528 4806 3580 4857 in

1991 4900 2194 4969 majora
2221 4900 2552 4964 incidemus,
2593 4900 2690 4953 sia
2723 4899 2897 4966 parvis
2933 4897 3337 4951 abstineamus:
3367 4911 3431 4950 ac
3463 4911 3582 4964 pro-

1991 4993 2217 5047 cedente
2248 5002 2491 5060 tempore
2512 4991 2827 5060 poterimus,
2857 5005 3089 5058 superna
3131 4989 3342 5042 favente
3375 4989 3541 5056 gratia
3565 5027 3582 5050 ,

1993 5099 2259 5138 summam
2312 5085 2560 5137 virtutem
2613 5083 2910 5152 attingere.
2964 5080 3295 5134 reconditam
3350 5079 3584 5148 effugere

1994 5191 2206 5244 ptenam
2235 5184 2288 5229 et
2329 5183 2529 5228 (eterna
2574 5173 2828 5241 consequi
2875 5173 3078 5233 bona‘,
3129 5171 3295 5240 gratia
3337 5180 3390 5224 et
3436 5169 3585 5222 boni.

1993 5269 2194 5336 gnitate
2234 5267 2444 5320 Domini
2488 5266 2657 5320 nostri
2698 5265 2822 5320 Jesu
2874 5264 3094 5329 Christi,
3127 5278 3249 5317 cum
3304 5277 3409 5331 quo
3441 5260 3580 5314 Patri

1995 5353 2286 5429 sanctoque
2310 5360 2531 5430 Spiritui
2560 5361 2629 5415 sit
2657 5358 2846 5428 gloria,
2879 5357 3184 5426 imperium,
3215 5355 3409 5419 honor,
3440 5369 3584 5409 nunc

1995 5462 2048 5505 et
2077 5466 2310 5521 semper,
2341 5461 2396 5505 et
2422 5450 2475 5505 in
2502 5449 2695 5504 sarcula
2722 5447 3062 5504 seculorum.
3090 5448 3284 5502 Amen.

2051 5651 2063 5679 ι
2103 5656 2207 5697 Post
2231 5649 2317 5699 has
2337 5665 2503 5717 voces,
2528 5655 2752 5717 consequi
2777 5653 2915 5717 bona,
2957 5652 3146 5703 additur
3182 5655 3230 5703 iu
3253 5653 3441 5711 Savilio.
3467 5668 3576 5717 qua

2088 5712 2497 5821 colligere
2520 5713 2720 5765 eveniat.
2760 5714 2946 5774 ωσι-ειη
2973 5728 3084 5777 qua:
3105 5729 3188 5767 nos
3209 5727 3370 5766 omnes
3407 5712 3569 5766 consc-
