4068 6450
599 405 686 464 IN
1249 398 1304 455 S.
1345 395 1622 454 JOANNIS
1658 388 2133 454 CIlRYSOSTOSiI
2175 388 2193 444 Α

2296 387 2488 445 IHIEP.
2516 389 3048 452 CONS'I'ANTINOP.

1162 513 1438 569 llO.\l|LIA
1465 513 1603 567 XIV.

603 641 667 694 Et
693 643 884 712 accepit
911 639 1158 696 Dominus
1191 641 1328 695 Dens
1351 641 1622 705 hominem,
1655 655 1802 711 quem
1831 636 2064 707 formavit
2085 675 2100 699 ,
2130 643 2177 686 et

671 733 837 800 posuit
864 749 980 786 eum
1020 731 1073 785 in
1102 733 1339 802 paradiso
1379 732 1652 798 voluptatis
1670 771 1686 796 ,
1715 740 1769 785 ut
1797 739 2091 799 operaretur
2128 736 2177 780 et

668 824 941 878 custodiret
969 823 1114 878 illum
1139 824 1294 894 (Gen.
1318 823 1373 877 Ξ.
1409 825 1521 896 i5).

673 961 724 1012 i.
748 957 965 1025 lterum,
990 959 1035 1013 si
1058 959 1235 1022 vultis,
1260 958 1524 1014 hesternae
1544 958 1815 1013 concionis
1836 957 1993 1012 seriei
2019 956 2181 1013 hodie

605 1047 932 1112 insistentes,
982 1047 1105 1101 hinc
1143 1048 1296 1103 vobis
1331 1048 1659 1118 spiritualem
1699 1046 2003 1102 doctrinam
2050 1060 2182 1100 con-

602 1146 785 1191 texere
810 1135 1133 1191 curabimus.
1165 1137 1329 1191 Multa
1353 1137 1494 1191 enim
1525 1137 1578 1190 in
1605 1135 1691 1202 iis,
1719 1149 1840 1205 quas
1872 1134 2033 1189 modo
2056 1143 2181 1188 sunt

606 1227 761 1292 lecta,
801 1227 1075 1281 recondita
1119 1227 1199 1280 vis
1225 1236 1326 1292 cst,
1374 1234 1430 1280 et
1455 1241 1552 1297 par
1593 1236 1676 1281 est
1711 1239 1809 1280 nos
1838 1226 1890 1280 in
1922 1224 2180 1295 profunda

601 1323 966 1385 penetrantes,
1010 1323 1170 1385 atque
1196 1322 1442 1370 accurate
1477 1315 1657 1370 omnia
1699 1314 2062 1383 cxplorantes,
2095 1313 2178 1366 lu-

601 1419 752 1458 crum
786 1405 908 1460 inde
937 1405 1244 1474 decerpere.
1277 1404 1408 1459 Nam
1443 1405 1489 1458 si
1518 1403 1554 1459 ii
1577 1406 1666 1475 qui
1701 1405 1962 1473 pretiosos
1983 1403 2184 1473 lapides

603 1492 657 1547 in
715 1494 847 1547 mari
905 1495 1187 1562 exquirere
1247 1495 1500 1564 cupiunt,
1566 1504 1769 1550 tantum
1834 1497 2069 1550 laborem
2131 1503 2186 1548 et

602 1582 900 1637 molestiam
947 1584 1205 1651 subeunt,
1259 1584 1638 1654 incompositos
1683 1599 1940 1655 aquarum
1994 1583 2186 1639 ﬂuctus

603 1673 891 1740 adeuntes,
934 1684 991 1730 ut
1028 1677 1226 1745 optatis
1278 1677 1546 1746 potiantur
1593 1693 1609 1731 :
1656 1677 1824 1730 multo
1871 1676 2037 1744 magis
2089 1689 2186 1730 nos

604 1765 840 1819 animum
884 1764 1160 1820 intendere
1202 1780 1300 1836 par
1329 1775 1445 1829 est,
1483 1774 1540 1819 ut
1574 1765 1906 1834 pcrlustratis
1963 1764 2029 1818 iis
2066 1778 2187 1833 qua:

609 1853 662 1908 in
716 1853 979 1922 profundo
1015 1854 1277 1908 dictorum
1306 1854 1492 1920 latent,
1537 1855 1616 1909 sic
1645 1854 1906 1923 pretiosos
1955 1853 2074 1907 illos
2113 1853 2186 1906 la-

605 1945 756 2013 pides
785 1947 1178 2001 nanciscamur.
1207 1946 1311 2002 Sed
1339 1961 1406 2001 ne
1429 1948 1638 2010 timeas,
1663 1946 1878 2010 dilecte,
1907 1961 2028 2000 cum
2057 1959 2186 2016 pro-

607 2032 829 2088 fundum
859 2033 1034 2089 audis.
1056 2034 1173 2090 Non
1202 2036 1346 2090 enim
1372 2035 1461 2091 hic
1488 2036 1718 2105 impetus
1745 2045 1828 2090 est
1847 2035 2184 2090 aestuandum

608 2124 893 2192 undarum,
923 2125 1018 2180 sed
1059 2125 1292 2195 Spiritus
1317 2127 1483 2196 gratia
1534 2135 1766 2180 mentem
1805 2133 2043 2180 nostram
2070 2125 2189 2179 illu-

609 2222 808 2280 strans,
860 2228 980 2284 quae
1023 2213 1077 2268 id
1125 2223 1364 2284 prtestat,
1417 2223 1475 2269 ut
1524 2216 1744 2285 quaasita
1798 2215 2002 2269 facilius
2041 2215 2189 2268 inve-

608 2303 855 2366 niantur,
887 2311 941 2357 et
965 2302 1202 2358 laborem
1234 2317 1446 2357 omnem
1478 2303 1647 2357 levem
1678 2301 1862 2358 efficit.
1890 2302 2013 2358 illos
2041 2310 2188 2357 certe

611 2389 820 2459 lapillos
848 2391 1113 2445 invenisse
1132 2399 1457 2446 scrutantem
1482 2405 1586 2445 non
1608 2391 1830 2445 multum
1855 2391 2025 2460 juvat,
2044 2404 2187 2459 stupe

607 2490 790 2535 autem
810 2483 857 2536 ci
888 2483 1070 2537 nocuit
1090 2490 1145 2537 et
1173 2483 1316 2536 mille
1338 2481 1734 2553 naufragiorum
1760 2497 1920 2538 causa
1949 2483 2062 2549 fuit,
2087 2495 2188 2537 nec

609 2579 811 2624 tantam
845 2573 1130 2640 reperienti
1157 2571 1393 2627 laetitiam
1422 2575 1650 2644 peperit,
1679 2582 1932 2644 quantam
1963 2575 2190 2644 repertis

611 2660 718 2715 illis
745 2662 1042 2715 molestiam
1069 2670 1319 2730 expertus
1343 2671 1446 2728 est,
1469 2663 1768 2717 invidorum
1795 2677 1990 2732 nempe
2016 2662 2188 2717 oculis

611 2751 895 2806 adversum
927 2763 988 2805 se
1014 2751 1316 2819 concitatis,
1347 2761 1402 2807 et
1429 2753 1604 2807 avaris
1631 2753 1700 2808 ad
1727 2752 1924 2808 bellum
1961 2752 2061 2807 sibi
2102 2753 2187 2806 in-

610 2840 886 2895 ferendum
915 2842 1154 2899 armatis.
1175 2841 1250 2897 lta
1279 2859 1385 2899 non
1416 2845 1577 2900 modo
1603 2846 1802 2899 nullam
1832 2847 2109 2900 utilitatem
2134 2846 2187 2900 in

612 2931 775 2986 vitam
803 2932 1057 2988 inducunt
1087 2937 1286 3003 reperti
1312 2937 1384 2990 illi
1413 2936 1643 3005 lapides;
1672 2937 1766 2991 sed
1794 2937 1954 2992 etiam
1993 2935 2190 2990 multo-

609 3035 727 3075 rum
756 3031 876 3077 sunt
909 3038 1067 3078 causa
1105 3024 1390 3080 bellorum.
1419 3026 1669 3081 Avaritize
1697 3041 1926 3094 namque
1967 3028 2188 3079 materia

609 3121 716 3181 est,
761 3123 816 3170 ct
856 3116 1124 3170 caminum
1171 3116 1475 3185 cupiditatis
1518 3116 1829 3182 incendens,
1871 3131 2053 3171 eorum
2100 3115 2189 3184 qui

614 3203 713 3273 ipsi
761 3203 926 3259 dediti
966 3220 1088 3259 sunt
1135 3206 1372 3259 animum
1403 3216 1698 3276 oppugnat.
1726 3205 1783 3260 in
1829 3207 2192 3277 spiritualibus

612 3303 798 3346 contra
829 3292 976 3347 hisce
1015 3294 1264 3362 pretiosis
1295 3294 1558 3364 lapidibus
1587 3295 1718 3349 nihil
1747 3293 2050 3364 hujusmodi
2083 3311 2194 3348 mc-

611 3383 892 3449 tuendum,
919 3383 1014 3439 sed
1041 3383 1238 3438 divitiae
1265 3384 1390 3440 hinc
1405 3385 1646 3444 collectae
1677 3387 1950 3440 immensae
1975 3396 2119 3452 sunt,
2139 3396 2195 3440 et

612 3471 860 3541 voluptas
912 3474 1402 3542 immarcescibilis,
1454 3485 1508 3531 et
1564 3476 1725 3547 longo
1777 3477 2051 3532 intervallo
2104 3492 2195 3531 su-

615 3577 808 3632 perans
830 3580 1044 3620 onmem
1073 3567 1309 3621 laztitiam
1333 3566 1608 3622 hominum
1635 3584 1700 3622 ex
1731 3569 2048 3638 supradictis
2069 3585 2192 3638 par-

615 3663 746 3706 tam.
778 3653 888 3706 lloc
911 3655 1094 3710 audias
1119 3655 1333 3710 beatum
1365 3655 1616 3711 Davidem
1642 3657 1909 3713 dicentem
1936 3677 1950 3712 :
1977 3657 2192 3712 Deside-

620 3743 803 3798 rabilia
829 3744 1037 3813 eloquia
1068 3755 1156 3798 tua
1181 3761 1333 3814 super
1368 3762 1548 3799 aurum
1588 3756 1635 3799 et
1665 3747 1884 3817 lapidem
1925 3749 2196 3816 pretiosum

618 3837 829 3890 multum
856 3835 1024 3905 (Psal.
1053 3837 1138 3891 i8.
1163 3838 1277 3907 il).
1298 3837 1591 3907 Viden’quo
1607 3849 1763 3908 pacto
1783 3840 2058 3894 materiam
2083 3854 2198 3892 om-

619 3926 767 3981 nium
811 3926 1244 3994 pretiosissimam
1289 3925 1522 3980 habitam
1551 3928 1603 3980 in
1639 3922 1868 3982 medium
1907 3929 2195 3993 adducens,

619 4028 727 4070 non
754 4014 914 4068 modo
944 4015 1032 4068 tali
1067 4015 1463 4084 comparatione
1501 4026 1784 4070 contentus
1818 4032 1924 4071 non
1963 4026 2078 4080 est;
2107 4016 2199 4070 sed

618 4103 832 4172 adjecit,
863 4102 1099 4168 Multum,
1132 4120 1238 4173 quo
1281 4104 1443 4159 verbo
1486 4105 1639 4160 nobis
1682 4106 1798 4175 ejus
1838 4107 2198 4174 prastantiam

621 4194 949 4247 declaravit?
976 4193 1144 4262 Super
1168 4212 1370 4257 aurum,
1395 4197 1581 4265 inquit,
1614 4207 1660 4248 et
1681 4198 1900 4266 lapidem
1927 4200 2200 4266 pretiosum

624 4286 839 4336 multum
867 4299 885 4337 :
914 4299 1018 4338 non
1047 4283 1185 4353 quod
1214 4293 1355 4338 tanta
1386 4285 1557 4338 solum
1603 4288 1805 4341 ratione
1830 4287 2198 4342 desiderabilia

624 4374 735 4427 sint
773 4372 950 4426 divina
997 4373 1238 4443 eloquia,
1271 4375 1365 4428 sed
1409 4374 1530 4443 quia
1572 4374 1714 4429 solas
1758 4374 1914 4430 hasce
1955 4376 2201 4431 materias

628 4462 768 4530 apud
800 4461 1040 4518 homines
1070 4464 1231 4517 sciret
1257 4464 1309 4517 in
1340 4478 1548 4518 summo
1577 4463 1760 4519 haberi
1804 4466 1996 4533 pretio,
2038 4465 2118 4519 his
2148 4467 2200 4519 in

630 4552 860 4608 medium
891 4553 1130 4608 adductis
1160 4555 1228 4606 ita
1260 4555 1670 4622 prmcellentiam
1711 4555 1962 4610 indicavit
1981 4597 1996 4619 ,
2026 4564 2081 4611 et
2103 4554 2198 4609 de-

627 4644 879 4699 siderium
903 4646 1234 4714 eloquiornm
1259 4645 1483 4715 Spiritus
1511 4647 1877 4702 vehementius
1903 4663 2021 4702 esse
2047 4648 2200 4701 dixit.

631 4730 699 4786 Et
718 4742 774 4785 ut
791 4732 1008 4786 discatis
1034 4733 1175 4789 hunc
1206 4750 1419 4804 semper
1446 4749 1566 4790 esse
1587 4750 1786 4790 morem
1808 4736 2092 4804 Scriptura:
2118 4737 2204 4789 di-

629 4822 766 4874 vina:
783 4823 1138 4892 spiritualibus
1160 4823 1317 4878 rebus
1341 4824 1586 4879 conferre
1605 4840 1720 4879 eam
1743 4841 1861 4894 qua:
1883 4827 2004 4881 inde
2026 4836 2203 4880 manat

640 4910 942 4977 utilitatem,
973 4922 1026 4967 et
1046 4913 1122 4965 sic
1143 4913 1555 4981 prmcellentiam
1585 4914 1886 4980 ostendere,
1920 4915 2095 4970 audite
2119 4930 2203 4969 se—

629 5001 847 5069 quentia
873 5018 886 5053 :
908 5000 972 5055 Et
997 5002 1227 5078 autciora
1251 5019 1402 5072 super
1415 5003 1568 5057 metet
1597 5005 1786 5073 favum.
1819 5005 1984 5061 Ethic
1996 5021 2204 5076 quoque

634 5105 739 5145 non
767 5090 908 5160 quod
929 5098 1075 5145 tanto
1101 5093 1274 5147 solum
1296 5093 1530 5149 dulciora
1559 5097 1694 5162 sint,
1723 5111 1820 5151 nec
1842 5098 1980 5166 quod
2004 5106 2202 5152 tantam

632 5183 838 5250 possint
861 5197 1048 5251 parere
1090 5185 1411 5254 voluptatem
1434 5227 1449 5249 ,
1481 5187 1574 5240 sed
1602 5190 1722 5256 quia
1770 5188 1901 5243 nihil
1943 5190 2125 5256 habuit
2153 5193 2203 5244 in

633 5275 794 5328 rebus
822 5276 1120 5340 sensilibus,
1150 5276 1289 5346 quod
1333 5275 1576 5331 conferre
1614 5288 1791 5346 posset
1831 5273 2083 5349 voluptati
2127 5282 2206 5334 di-

603 5388 611 5396 κ
638 5367 881 5418 vinorum
912 5366 1239 5435 eloquiorum
1262 5386 1275 5420 :
1298 5368 1493 5423 idcirco
1521 5367 1604 5422 his
1631 5372 1952 5434 memoratis,
1983 5373 2060 5426 sic
2090 5371 2205 5424 illo-

639 5470 755 5507 rum
784 5456 1122 5510 eminentiam
1153 5458 1462 5525 descripsit,
1487 5474 1550 5512 ac
1579 5459 1873 5513 divinorum
1901 5463 2202 5531 dogmatnm

639 5547 961 5614 voluptatem
1003 5546 1254 5615 majorem
1294 5562 1411 5601 esse
1459 5549 1607 5602 dixit.
1653 5551 1852 5602 Eadem
1897 5565 2078 5604 norma
2129 5554 2208 5604 in-

638 5636 818 5688 venies
830 5635 1091 5692 Christum
1107 5636 1160 5689 in
1173 5638 1456 5706 evangeliis
1472 5654 1642 5692 usum.
1657 5639 1787 5693 Nam
1804 5655 1924 5693 cum
1935 5640 2204 5710 discipulis

640 5726 957 5792 loqueretur,
991 5727 1322 5782 cupientibus
1356 5727 1839 5796 interpretationem
1875 5727 2081 5785 discere
2116 5745 2204 5800 pa-

2284 501 2478 556 rabolas
2505 503 2817 558 seminantis
2845 506 3042 560 bonum
3072 518 3255 560 semen
3287 506 3339 560 in
3366 519 3496 576 agro
3519 519 3653 572 suo,
3682 515 3740 560 et
3765 506 3872 560 ini-

2281 591 2402 644 mici
2424 591 2622 645 zizania
2646 592 2786 647 inter
2811 593 3043 648 triticum
3066 592 3338 662 jacientis,
3362 595 3665 648 minutatim
3697 602 3872 648 totam

2281 681 2562 751 esplicavit
2586 682 2913 752 parabolam,
2943 682 3126 738 dicens
3151 682 3270 752 quis
3294 681 3456 737 fuerit
3475 682 3521 747 is
3547 683 3638 752 qui
3664 682 3872 738 bonum

2282 785 2464 826 semen
2507 773 2822 838 seminavit,
2850 775 2972 845 quis
2997 789 3154 844 ager,
3194 789 3314 845 quae
3363 771 3596 840 sizania,
3639 774 3763 844 quis
3808 788 3874 828 ea

2283 862 2644 928 seminaverit,
2673 865 2764 933 qui
2793 879 3082 932 messores,
3102 881 3226 936 qua:
3244 865 3468 921 messis:
3497 876 3554 921 et
3582 875 3873 936 postquam

2285 952 2460 1006 omnia
2505 953 2586 1008 eis
2625 954 2798 1024 palam
2841 954 3074 1019 fecisset,
3124 964 3250 1011 tunc
3285 955 3360 1011 ait
3391 973 3405 1012 :
3435 956 3575 1011 Iusti
3603 956 3876 1028 fulgamus

2285 1045 2413 1098 sicut
2439 1044 2519 1099 sol
2545 1045 2599 1099 iis
2620 1061 2773 1116 regno
2802 1045 2974 1102 Patris
3000 1063 3172 1102 eorum
3211 1048 3428 1118 (Matth.
3474 1049 3558 1103 i3.
3585 1049 3678 1118 45)
3710 1065 3726 1101 :
3759 1063 3872 1102 non

2286 1133 2427 1202 quod
2450 1148 2629 1202 parem
2662 1145 2865 1191 tantum
2893 1136 3150 1206 fulgorem
3183 1138 3413 1192 habituri
3442 1138 3549 1192 sint
3579 1138 3744 1205 justi,
3771 1136 3874 1192 sed

2286 1223 2521 1277 ostendit
2561 1225 2730 1278 multo
2759 1225 3017 1294 majorem
3063 1241 3220 1282 esse:
3255 1236 3460 1281 tantum
3494 1235 3673 1282 autem
3699 1227 3871 1288 dixit,

2285 1312 2428 1380 quod
2475 1312 2644 1380 major
2693 1311 2796 1368 hac
2843 1314 3019 1384 imago
3065 1316 3116 1368 in
3157 1316 3456 1371 visibilibus
3495 1315 3720 1386 reperiri
3761 1331 3872 1370 non

2289 1413 2488 1470 posset.
2510 1402 2642 1456 Cum
2674 1403 2836 1473 igitur
2856 1403 2983 1474 quid
3017 1405 3194 1459 simile
3217 1407 3489 1471 audimus,
3520 1420 3589 1460 ne
3625 1405 3678 1458 iu
3715 1405 3874 1459 dictis

2291 1504 2495 1548 tantum
2523 1494 2774 1550 sistamus
2791 1495 3036 1565 gradum,
3061 1497 3153 1550 sed
3181 1511 3244 1550 ex
3269 1497 3354 1559 iis,
3377 1512 3496 1567 qua:
3524 1497 3627 1551 sub
3652 1510 3874 1551 sensum

2288 1593 2343 1636 et
2382 1584 2482 1638 sub
2531 1593 2806 1654 aspectum
2851 1585 3074 1651 cadunt,
3123 1585 3476 1654 spiritualium
3522 1586 3874 1639 eminentiam

2288 1676 2632 1729 aestimemus.
2661 1674 3099 1746 Quandoquidem
3152 1676 3312 1745 igitur
3364 1677 3450 1731 hic
3500 1675 3876 1731 vehementius

2287 1765 2610 1820 desiderium
2643 1765 2868 1821 inveniri
2909 1774 3086 1836 potest
3123 1766 3321 1836 (divina
3361 1766 3622 1836 siquidem
3663 1775 3790 1820 sunt
3817 1775 3876 1819 et

2289 1855 2580 1923 spiritualia
2621 1855 2856 1924 eloquia,
2885 1870 3005 1925 qua:
3053 1869 3297 1924 magnam
3342 1857 3547 1924 possint
3593 1855 3647 1909 in
3690 1855 3876 1908 animo

2291 1958 2476 2014 parere
2514 1943 2843 2013 spiritualem
2884 1943 3170 2014 laetitiam),
3213 1958 3334 2000 cum
3375 1943 3553 1998 studio
3601 1943 3773 1997 multo
3811 1956 3877 1996 ae

2290 2032 2590 2087 vehementi
2612 2031 2878 2088 desiderio
2902 2032 3056 2087 dictis
3075 2046 3233 2088 aures
3259 2017 3612 2102 praebeamus,
3640 2039 3700 2084 ut
3721 2044 3879 2085 veras

2291 2123 2509 2176 divitias
2538 2121 2661 2177 inde
2686 2122 2848 2186 nacti,
2881 2130 2936 2176 et
2961 2122 3029 2176 ad
3068 2137 3186 2176 eam
3215 2137 3336 2191 quae
3362 2118 3658 2176 secundum
3703 2120 3876 2174 Deum

2289 2222 2372 2268 est
2400 2213 2791 2283 philosophiam
2814 2214 2993 2269 multis
3020 2215 3280 2284 susceptis
3303 2213 3597 2270 seminibus
3614 2254 3632 2281 ,
3671 2214 3753 2268 sic
3775 2213 3879 2268 do-

2289 2320 2434 2359 mum
2462 2314 2810 2360 revertamur.

2359 2399 2414 2452 2.
2455 2397 2747 2454 Audiamus
2772 2397 2930 2467 igitur
2957 2411 3077 2468 qua:
3105 2395 3265 2451 hodie
3290 2395 3424 2452 lecta
3445 2393 3588 2451 sint:
3621 2393 3718 2450 sed
3749 2395 3873 2449 ani-

2291 2485 2437 2543 mum
2465 2486 2734 2549 adhibete.
2773 2494 2828 2541 et
2855 2501 3076 2542 excussa
3121 2486 3333 2555 ignavia
3353 2500 3587 2555 curaque
3632 2484 3880 2540 molari

2292 2578 2459 2642 omni,
2490 2577 2567 2631 sic
2592 2576 2747 2630 dictis
2768 2576 3026 2632 attendite
3054 2594 3068 2629 :
3099 2577 3291 2632 divina:
3317 2591 3548 2646 namque
3575 2575 3729 2645 leges
3754 2584 3883 2629 sunt

2291 2681 2358 2722 ex
2405 2665 2551 2720 caelis
2578 2665 2648 2718 ob
2674 2665 2896 2720 salutem
2929 2674 3164 2720 nostram
3195 2666 3460 2722 demissae.
3491 2664 3623 2719 Nam
3653 2665 3724 2731 si,
3755 2679 3882 2720 cum

2293 2756 2647 2823 imperatoriae
2689 2753 2858 2808 litcrre
2897 2755 3163 2824 leguntur,
3191 2770 3440 2824 magnum
3465 2753 3662 2824 ubique
3687 2764 3774 2811 est
3803 2755 3883 2808 si-

2293 2844 2512 2898 lentium
2532 2884 2548 2910 ,
2577 2852 2632 2898 ct
2668 2844 2843 2898 omnis
2881 2844 3135 2899 tumultus
3163 2844 3521 2913 strepitusque
3548 2843 3883 2909 eliminatur,

2292 2930 2540 2985 omnibus
2581 2945 2739 2985 aures
2783 2932 3171 3001 arrigentibus,
3218 2944 3273 2986 et
3311 2931 3496 2985 audire
3541 2931 3886 3000 cupientibus

2293 3022 2421 3093 quid
2456 3023 2814 3092 imperatorizc
2853 3023 3022 3076 litera:
3045 3021 3340 3086 declarent,
3371 3030 3424 3076 et
3453 3035 3702 3090 magnum
3732 3022 3886 3090 peri-

2293 3113 2471 3166 culum
2511 3112 2663 3167 adest
2707 3112 2794 3166 vel
2825 3113 3084 3166 tantillum
3133 3112 3513 3178 tumultuanti,
3545 3121 3597 3166 et
3637 3112 3887 3166 lectionis

2294 3203 2488 3258 seriem
2519 3201 2890 3256 interturbanti
2918 3220 2932 3256 :
2963 3202 3129 3255 multo
3153 3201 3321 3271 magis
3347 3201 3433 3254 hic
3456 3216 3578 3256 cum
3605 3202 3800 3256 timore
3829 3209 3891 3256 et

2298 3302 2530 3347 tremore
2571 3292 2909 3356 adstandum,
2939 3301 2993 3347 et
3016 3293 3180 3346 altum
3208 3291 3510 3347 habendum
3540 3292 3814 3346 silentium
3843 3295 3886 3356 ‘,

2296 3382 2782 3451 cogitationumqne
2803 3381 3060 3436 tumultus
3078 3381 3338 3436 arcendus
3356 3400 3372 3446 ;
3405 3393 3463 3435 ut
3487 3396 3608 3451 qua:
3621 3380 3894 3437 dicuntur

2299 3473 2592 3541 intelligere
2619 3473 2868 3542 possitis,
2901 3481 2956 3526 et
2995 3482 3052 3526 ut
3085 3472 3486 3541 obsequentiam
3517 3480 3753 3526 vestram
3783 3486 3890 3541 ap-

2300 3562 2529 3631 probatis
2556 3560 2667 3614 Rex
2695 3561 2948 3615 caelorum
2969 3601 2986 3628 ,
3015 3561 3305 3630 majoribus
3339 3563 3435 3615 vos
3460 3560 3773 3615 muneribus
3799 3561 3892 3615 di-

2298 3660 2512 3719 gnetur.
2542 3650 2827 3705 Videamus
2852 3652 3010 3720 igitur
3029 3651 3154 3720 quid
3184 3666 3283 3705 nos
3309 3666 3450 3705 nunc
3474 3651 3665 3706 doceat
3693 3651 3889 3705 beatus

2298 3741 2542 3812 Moyses,
2581 3755 2688 3794 non
2720 3741 2931 3810 propria
2978 3749 3181 3795 tantum
3215 3742 3422 3808 lingua,
3454 3739 3548 3794 sed
3589 3749 3645 3794 et
3681 3739 3892 3809 Spiritu

2299 3844 2485 3888 sancto
2513 3833 2724 3888 afﬂatus
2752 3833 2865 3887 hinc
2907 3833 3153 3902 loquens.
3181 3834 3268 3887 15.
3303 3832 3366 3885 Et
3403 3833 3634 3899 accepit,
3679 3833 3889 3901 inquit,

2305 3925 2552 3980 Dominus
2585 3925 2719 3978 Deus
2760 3926 3030 3988 hominem,
3057 3940 3206 3993 quem
3235 3923 3488 3992 formavit.
3519 3921 3665 3977 Bene
3705 3923 3891 3976 statim

2302 4031 2333 4071 a
2363 4017 2616 4085 principio
2642 4017 2754 4069 inec
2780 4015 2885 4068 duo
2909 4016 3082 4085 posuit
3111 4032 3124 4065 :
3149 4029 3252 4067 non
3273 4013 3414 4066 enim
3435 4013 3585 4075 dixit,
3608 4011 3889 4075 Dominus,

2305 4115 2360 4161 et
2385 4110 2585 4172 tacuit,
2613 4107 2707 4160 sed
2733 4106 2933 4160 addidit
2962 4105 3136 4168 Deus;
3169 4104 3252 4156 hic
3281 4101 3478 4172 aliquid
3506 4103 3682 4155 latens
3707 4109 3765 4155 et
3799 4115 3893 4153 oc-

2305 4198 2502 4252 cultum
2529 4198 2682 4251 nobis
2717 4196 2974 4259 indicans,
3015 4205 3070 4248 ut
3096 4195 3390 4256 discamus,
3423 4193 3536 4246 sive
3564 4190 3846 4244 Dominum
3872 4231 3890 4257 ,

2305 4290 2419 4344 sive
2449 4289 2614 4344 Deum
2646 4288 2923 4341 audiamus
2942 4329 2957 4353 ,
2991 4287 3194 4340 nullum
3219 4299 3341 4339 esse
3371 4284 3510 4338 inter
3531 4282 3648 4335 hac
3675 4282 3892 4336 nomina

2306 4380 2614 4434 discrimen.
2641 4377 2752 4431 Hoc
2779 4388 2955 4430 autem
2986 4390 3091 4429 non
3121 4375 3235 4427 sine
3263 4387 3423 4427 causa
3452 4371 3902 4434 commemoravi;

2305 4468 2401 4524 sed
2422 4479 2479 4523 ut
2502 4483 2624 4522 cum
2649 4467 2878 4521 audieris
2899 4466 3116 4520 Paulum
3141 4464 3432 4528 dicentem,
3459 4460 3602 4516 Unus
3623 4459 3765 4514 Deus
3784 4461 3896 4513 Pa-

2309 4571 2399 4625 ter,
2428 4574 2490 4612 ea:
2517 4575 2614 4628 quo
2642 4558 2833 4622 omnia,
2865 4566 2911 4612 et
2937 4573 3066 4609 unus
3087 4553 3334 4608 Dominus
3352 4552 3506 4606 Iesus
3525 4549 3782 4611 Christus.
3807 4566 3897 4619 per

2308 4667 2450 4718 quem
2478 4651 2647 4704 omnia
2690 4649 2779 4718 (i.
2808 4647 2926 4701 Cor.
2957 4648 3008 4702 8.
3039 4646 3072 4701 ϐ
3093 4647 3112 4717 )
3131 4685 3147 4710 ,
3175 4660 3245 4699 ne
3272 4653 3426 4712 putes
3455 4641 3814 4695 differentiam
3843 4642 3896 4693 in

2309 4740 2526 4794 vocibus
2551 4754 2669 4792 esse
2689 4779 2705 4802 ,
2732 4749 2784 4791 et
2812 4737 3033 4791 alteram
3060 4735 3251 4802 majus.
3279 4733 3502 4786 alteram
3537 4731 3718 4784 minus
3743 4730 3902 4796 quid-

2311 4832 2447 4900 piam
2494 4829 2812 4899 signiﬂcare.
2857 4827 2980 4882 ideo
3009 4823 3467 4879 indiscrimiuatim
3507 4821 3785 4889 Scriptura
3814 4820 3898 4872 his

2312 4924 2475 4975 utitur
2501 4919 2820 4980 nominibus,
2851 4927 2907 4970 ut
2935 4913 3282 4969 contentiosis
3321 4926 3427 4965 non
3467 4911 3622 4964 liceat
3653 4909 3705 4962 id
3751 4909 3894 4977 quod

2313 5014 2410 5084 ipsi
2436 5013 2910 5068 comminiscuntur
2943 5009 3079 5062 inter
3109 5015 3254 5060 recta
3283 5003 3530 5072 dogmata
3566 4999 3794 5054 referre.
3828 5000 3898 5052 Et

2312 5118 2370 5161 ut
2413 5106 2585 5160 discas
2626 5104 2858 5157 divinam
2898 5100 3224 5169 Scripturam
3263 5104 3510 5149 neutrum
3539 5093 3731 5146 horum
3764 5107 3897 5160 qua-

2312 5201 2431 5253 dam
2455 5186 2699 5251 distincta
2731 5193 3116 5262 significatione
3153 5195 3359 5242 servata
3385 5185 3656 5255 proferre,
3688 5198 3754 5236 ex
3793 5182 3897 5234 hoc

2314 5292 2428 5360 ipso
2469 5288 2607 5358 quod
2651 5285 2845 5340 dicitur
2886 5282 3167 5351 diligenter
3207 5276 3481 5331 considera
3527 5293 3540 5327 :
3576 5271 3642 5325 Et
3677 5273 3892 5339 accepit,

2314 5381 2511 5448 inquit,
2561 5376 2811 5429 Dominus
2850 5372 3004 5425 Deus.
3050 5372 3122 5424 De
3170 5384 3273 5438 quo
3313 5367 3422 5420 vult
3463 5362 3746 5417 hmreticus
3775 5377 3895 5416 esse

2313 5468 2562 5524 dictum?
2632 5467 2706 5518 De
2775 5465 2928 5518 Patre
2995 5461 3211 5515 solum?
3277 5458 3423 5510 Esto.
3503 5453 3635 5508 Audi
3717 5455 3894 5518 itaque

2317 5561 2533 5614 Paulum
2589 5558 2851 5610 dicentem
2907 5573 2920 5605 ;
2985 5551 3128 5605 Unus
3197 5549 3333 5602 Deus
3404 5543 3596 5609 Pater‘,
3668 5561 3728 5597 ex
3787 5559 3890 5611 quo

2380 5739 2394 5766 ³
2431 5731 2614 5791 λίπει,
2637 5735 2682 5780 et
2704 5741 2876 5794 magna
2899 5727 3118 5776 habenda
3143 5725 3404 5786 diligentia.
