4068 6384
191 493 387 555 omnia,
436 500 481 545 et
526 506 667 545 unus
710 487 958 543 Dominus
1001 483 1153 540 Iesus
1195 481 1448 548 Christus,
1500 497 1591 548 per
1634 494 1782 550 quem

194 583 385 636 munia.
432 581 563 636 Vide
591 578 859 650 quomodo
902 590 1118 639 nomen,
1160 572 1430 636 Dominus,
1472 571 1608 625 Filio
1633 570 1785 624 attri-

196 668 325 725 buat
348 671 371 723 τ
397 670 507 724 Cur
531 683 661 739 ergo
682 668 861 723 dicant
881 679 1094 730 nomen,
1129 662 1395 726 Dominus,
1426 659 1642 729 majoris
1665 672 1785 712 esse

194 761 472 831 dignitatis
514 774 674 829 quam
722 757 871 821 illud,
913 754 1095 809 Deus?
1139 752 1326 806 Videte
1365 765 1527 819 quam
1570 748 1641 802 sit
1686 747 1788 799 hoc

206 850 519 915 absurdum,
546 857 601 904 et
623 858 819 917 quanta
846 843 1189 913 blasphemia;
1216 840 1467 910 gravitas.
1491 838 1623 890 Cum
1643 834 1788 887 enim

198 941 325 1007 quis
362 938 591 992 noluerit
627 936 822 991 divinae
860 932 1151 1000 Scriptura:
1196 940 1437 982 normam
1486 922 1659 992 sequi,
1692 919 1788 974 sed

201 1031 320 1085 suis
356 1029 650 1085 ratiociniis
698 1027 872 1081 locum
926 1023 1056 1077 dare
1094 1015 1516 1090 prtesumpserit,
1571 1025 1789 1067 sensum

203 1118 424 1174 turbare
442 1118 601 1185 solet,
627 1128 683 1173 et
709 1116 943 1171 inﬁnitas
968 1109 1341 1167 contentiones
1364 1104 1794 1175 qumstionesque

205 1218 391 1265 movet
416 1209 672 1264 adversus
699 1220 881 1261 sanam
912 1202 1231 1257 doctrinam.
1263 1195 1333 1251 Et
1356 1194 1568 1263 accepit,
1600 1192 1791 1260 inquit,

207 1299 462 1354 Dominus
483 1296 621 1352 Deus
643 1294 915 1359 hominem,
935 1305 1082 1362 quem
1104 1286 1359 1361 formavit,
1382 1293 1431 1339 et
1456 1282 1623 1353 posuit
1650 1279 1796 1334 illum

205 1391 265 1443 in
282 1388 521 1458 paradiso
540 1387 832 1456 uoluptatis,
857 1393 915 1439 ut
940 1390 1234 1452 operaretur
1257 1386 1305 1433 et
1333 1374 1607 1430 custodiret
1625 1371 1793 1425 illum.

210 1477 348 1532 Vide
390 1485 639 1546 quantam
681 1474 845 1529 creati
884 1469 1116 1526 hominis
1159 1463 1546 1538 providentiam
1582 1460 1794 1515 habeat.

213 1568 501 1638 Postquam
530 1566 673 1621 enim
724 1564 839 1618 heri
881 1576 979 1618 nos
1011 1559 1194 1615 docuit
1228 1557 1416 1611 beatus
1462 1552 1673 1620 Moyses
1715 1548 1799 1638 his

209 1637 431 1712 verbis:
462 1652 719 1709 Plantattit
745 1653 882 1705 Deus
904 1648 1219 1719 paradisum,
1246 1652 1292 1699 et
1320 1642 1485 1713 posuit
1507 1640 1614 1694 illic
1636 1637 1802 1691 homi-

212 1762 332 1802 ικικ
360 1762 379 1801 .-
409 1746 461 1801 id
505 1754 611 1809 est,
658 1742 830 1798 voluit
863 1751 919 1795 υι
971 1740 1044 1794 ibi
1082 1722 1413 1793 domicilium
1462 1731 1705 1796 haberet,
1746 1737 1804 1783 et

213 1837 449 1908 paradisi
474 1836 677 1891 deliciis
707 1834 971 1888 frueretur
998 1848 1013 1885 :
1040 1828 1200 1884 hodie
1228 1828 1421 1882 iterum
1441 1824 1677 1879 declarat
1701 1834 1805 1875 no-

218 1929 303 1983 bis
332 1925 652 1982 ineﬁabilem
680 1925 776 1979 Dei
803 1921 1163 1983 clementiam,
1191 1932 1351 1989 quam
1371 1915 1515 1970 circa
1536 1913 1684 1968 illum
1710 1926 1806 1966 ex-

215 2016 386 2079 hibet,
413 2024 468 2070 et
495 2026 775 2069 resumens
804 2024 1111 2067 sermonem
1139 2007 1215 2062 ait
1244 2024 1259 2061 :
1292 2005 1361 2060 Et
1402 2002 1598 2073 accepit
1626 1998 1806 2054 Domi-

213 2123 317 2161 nus
344 2103 484 2158 Deus
526 2103 796 2166 hominem,
827 2116 975 2172 quem
1003 2097 1260 2169 formavit,
1314 2103 1360 2148 et
1404 2092 1568 2163 posuit
1596 2105 1710 2144 eum
1750 2088 1806 2141 in

215 2194 464 2265 paradiso
487 2192 795 2261 uoluptatis;
824 2203 932 2243 non
957 2185 1023 2241 In
1053 2185 1294 2255 paradiso
1320 2182 1491 2237 solum
1522 2178 1676 2240 dixit,
1709 2176 1804 2231 sed

213 2284 449 2351 addidit,
486 2282 793 2353 Voluptatis,
838 2290 899 2335 ut
936 2281 1225 2348 ingentem,
1257 2290 1361 2344 qua
1400 2274 1453 2327 in
1485 2272 1572 2327 illa
1600 2270 1807 2325 habita-

217 2375 371 2430 tione
418 2372 727 2436 fruebatur,
765 2371 1091 2439 voluptatem
1142 2366 1303 2420 nobis
1349 2362 1646 2419 declararet
1686 2377 1702 2414 :
1741 2373 1806 2413 ac

216 2474 503 2537 postquam
542 2464 703 2531 dixit,
735 2461 916 2517 Posuit
955 2461 1101 2515 illum
1128 2460 1183 2512 in
1227 2458 1467 2526 paradiso
1509 2453 1803 2523 uoluptatis,

216 2555 392 2621 addit,
419 2552 487 2611 Ut
510 2561 803 2625 operaretur
820 2561 868 2605 et
887 2549 1157 2604 custodiret
1182 2545 1351 2600 illum.
1380 2544 1611 2612 Ingentis
1630 2550 1686 2595 et
1706 2539 1809 2595 hoc

217 2643 567 2717 providentiae
592 2650 695 2697 est.
724 2640 985 2709 Quoniam
1010 2638 1153 2693 enim
1180 2637 1231 2689 in
1265 2631 1565 2703 hujusmodi
1592 2629 1810 2685 sedibus

216 2733 370 2788 omni
416 2732 719 2802 replebatur
747 2730 1038 2799 voluptate,
1084 2736 1138 2782 et
1181 2736 1429 2794 aspectus
1451 2722 1805 2791 jucunditate,

217 2838 286 2877 ac
316 2822 496 2877 lietitia
524 2822 648 2876 inde
674 2828 826 2891 parta
853 2818 1148 2883 fruebatur,
1177 2831 1246 2870 uc
1272 2829 1337 2870 ex
1367 2813 1529 2867 nimia
1557 2811 1810 2865 felicitate

219 2913 388 2968 homo
430 2912 776 2967 insolesceret
820 2910 1061 2981 (Omnem
1103 2908 1268 2973 enim,
1320 2905 1511 2975 inquit,
1560 2903 1810 2958 malitiam

216 3004 395 3056 docuit
422 3004 581 3056 otium
604 3000 787 3072 (Ereti.
819 3002 909 3057 33.
950 2998 1069 3069 29),
1102 2996 1222 3052 ideo
1254 2996 1505 3065 prmcepit
1535 2996 1693 3057 Deus,
1741 2991 1810 3047 Ut

216 3101 535 3161 operaretur,
576 3101 623 3144 et
647 3089 917 3145 custodiret
944 3089 1112 3142 illum.
1139 3086 1276 3154 Quid
1310 3096 1511 3147 autem,
1542 3084 1712 3149 dices,
1742 3082 1811 3137 il—

221 3184 326 3237 lius
354 3196 481 3237 cura
507 3181 694 3251 egebat
716 3178 1034 3249 paradisus?
1060 3177 1174 3231 Non
1206 3177 1308 3229 hoc
1332 3174 1493 3239 dico;
1524 3172 1615 3227 sed
1646 3172 1813 3227 voluit

220 3282 403 3328 tamen
422 3281 479 3327 ut
506 3270 768 3326 modicam
792 3282 976 3325 curam
995 3276 1208 3339 gereret
1227 3262 1420 3335 partim
1437 3261 1810 3326 custodiendo,

218 3375 277 3420 et
307 3363 498 3434 partim
541 3360 867 3432 operando‘.
917 3358 976 3415 Si
1020 3358 1165 3413 enim
1196 3356 1341 3411 omni
1382 3368 1602 3424 prorsus
1630 3351 1813 3407 labore

220 3470 426 3511 vacuus
453 3454 663 3520 fuisset,
692 3467 759 3509 ex
798 3451 965 3513 nimio
990 3449 1099 3504 otio
1123 3447 1304 3503 statim
1334 3446 1386 3500 in
1415 3443 1681 3515 ignaviam
1710 3443 1811 3498 de-

222 3548 482 3603 clinasset
513 3562 528 3599 :
558 3552 615 3600 at
660 3557 782 3598 cum
811 3538 1109 3612 operationi
1153 3552 1275 3593 sese
1303 3535 1459 3590 daret
1485 3535 1602 3590 sine
1627 3532 1814 3589 dolore

221 3637 310 3692 vel
338 3633 607 3701 molestia,
635 3630 1019 3702 temperantior
1038 3641 1158 3683 esse
1182 3633 1410 3695 poterat.
1445 3622 1579 3678 illud
1605 3629 1810 3687 autem,

224 3729 297 3786 Ut
326 3736 642 3798 operaretur,
666 3738 773 3781 non
799 3723 917 3778 sine
942 3733 1103 3775 causa
1129 3716 1341 3780 dicitur,
1374 3713 1469 3769 sed
1508 3720 1593 3769 est
1623 3721 1814 3767 attem-

222 3829 469 3891 peratum
499 3816 727 3882 dictum,
765 3821 823 3868 ut
852 3813 1007 3881 plane
1035 3810 1219 3872 sciret,
1263 3820 1322 3860 se
1347 3804 1567 3860 domino
1599 3801 1811 3857 cuidam

221 3910 436 3980 subjici,
467 3910 555 3979 qui
583 3914 741 3961 tante
768 3904 1054 3972 voluptatis
1082 3897 1464 3954 habitationem
1506 3894 1608 3949 sibi
1634 3892 1818 3951 dedis-

220 4014 329 4068 set,
366 4010 422 4055 et
460 3997 702 4068 ejusdem
750 3995 859 4050 sibi
878 3990 1175 4048 custodiam
1206 3986 1459 4044 traderet.
1494 3986 1633 4039 Deus
1669 3984 1813 4039 enim

222 4094 407 4149 omnia
435 4090 562 4146 facit
603 4098 662 4144 et
702 4094 959 4166 operatur
996 4090 1215 4154 prepter
1243 4087 1485 4135 nostram
1507 4077 1813 4141 utilitatem,

223 4199 290 4239 ac
313 4196 436 4237 cum
477 4181 565 4235 illa
609 4179 771 4247 etiam
800 4176 1107 4232 fruitionem
1138 4173 1547 4239 libertatemque
1591 4166 1814 4238 praebet.

224 4272 359 4329 Nam
380 4272 425 4326 si
452 4286 517 4326 ex
544 4270 804 4325 immensa
829 4281 925 4322 sua
950 4262 1307 4337 benignitate,
1319 4260 1480 4315 etiam
1506 4259 1814 4335 priusquam

226 4381 329 4421 nos
359 4364 696 4435 produceret,
727 4358 1015 4417 ineffabilia
1056 4355 1144 4413 illa
1191 4354 1329 4409 bona
1357 4350 1511 4408 nobis
1542 4363 1814 4418 praepara-

226 4457 325 4516 vit,
346 4450 794 4524 quemadmodum
826 4449 916 4504 ille
941 4445 1073 4503 dicit
1101 4463 1115 4499 :
1157 4443 1353 4508 Venite,
1376 4440 1617 4496 benedicti
1644 4437 1816 4492 Patris

226 4545 347 4609 mei,
398 4542 673 4595 hereditate
713 4538 925 4610 accipite
970 4543 1207 4606 paratum
1259 4531 1399 4586 vobis
1445 4546 1657 4599 regnum
1699 4537 1815 4581 ante

224 4633 633 4688 constitutionem
675 4629 853 4683 mundi
887 4627 1098 4697 (Matth.
1118 4694 1119 4697 η
1139 4624 1231 4680 25.
1276 4620 1369 4696 54)
1399 4639 1413 4677 :
1446 4622 1615 4676 multo
1648 4621 1819 4689 magis

227 4722 513 4793 prrcsentia
541 4720 720 4777 omnia
745 4719 961 4788 largiter
984 4715 1257 4786 praebebit.

302 4814 355 4866 3.
398 4810 531 4877 Quia
571 4810 729 4878 igitur
768 4817 844 4863 tot
873 4808 1130 4862 beneficia
1182 4807 1234 4859 in
1273 4810 1511 4859 creatum
1543 4801 1816 4857 hominem

227 4901 473 4964 contulit,
500 4900 780 4970 primoque
809 4913 872 4951 ex
904 4898 1070 4951 nihilo
1100 4895 1366 4964 produxit.
1410 4903 1465 4948 et
1508 4908 1573 4946 ex
1596 4893 1819 4961 pulvere

228 5006 424 5062 corpus
456 4989 688 5043 formare
717 4987 962 5057 dignatus
989 4994 1093 5051 est,
1126 4994 1433 5054 posteaque,
1456 4981 1598 5051 quod
1642 4982 1821 5036 excelo

234 5083 431 5137 lentius
454 5090 593 5144 erat,
621 5079 852 5132 animam
885 5078 1251 5146 incorporeum
1283 5089 1374 5143 per
1407 5070 1821 5126 insufﬂationem

232 5175 397 5237 dedit,
434 5171 735 5241 deindeque
765 5169 1066 5239 paradisum
1098 5181 1239 5229 esse,
1280 5174 1335 5219 et
1378 5178 1500 5217 eum
1533 5162 1642 5217 illic
1669 5177 1822 5216 com-

232 5262 427 5320 morari
446 5261 630 5331 jussit,
661 5270 781 5329 p0st
810 5259 923 5312 hiec
943 5266 1001 5311 ut
1028 5266 1175 5326 pater
1201 5254 1367 5326 prolis
1390 5268 1598 5317 amans,
1632 5260 1820 5308 tenero

233 5357 342 5415 lilio
366 5356 528 5409 multa
561 5354 804 5407 libertate
836 5360 889 5403 et
924 5350 1107 5419 requie
1151 5348 1365 5411 fruenti,
1398 5362 1465 5401 ne
1499 5347 1817 5413 insolescat,

232 5462 451 5520 parvam
473 5444 756 5516 quamdam
781 5453 834 5497 et
859 5440 1186 5495 moderatam
1209 5455 1390 5495 curam
1418 5438 1716 5509 excogitat;
1746 5438 1825 5494 sic

296 5627 313 5657 ι
348 5620 489 5672 Savil.
532 5628 585 5671 et
622 5628 740 5682 Reg,
761 5617 1182 5682 nnussichanent
1204 5630 1216 5665 :
1344 5616 1523 5682 partim
1544 5614 1821 5682 operando;

232 5682 336 5735 hac
358 5690 520 5732 autem
556 5677 771 5742 opera'tio
801 5679 954 5742 omnis
997 5684 1113 5742 erat
1142 5691 1319 5742 expers
1344 5677 1539 5742 laboris,
1574 5677 1822 5728 tribuerat

232 5744 310 5799 Uis
331 5751 459 5797 Deus
479 5736 678 5806 operum
698 5743 800 5796 sine
824 5739 986 5793 dolore
1009 5746 1054 5795 et
1071 5740 1174 5794 sine
1195 5736 1413 5791 miseria.

1289 369 1354 426 ΙΝ
1391 369 1541 425 CAP.
1562 365 1627 425 ll.
1664 365 1911 424 GENES.
1954 363 2181 423 HOMIL.
2222 362 2362 422 XN.

3381 358 3483 417 ηδ

1892 478 2038 535 Deus
2067 477 2273 533 Adamo
2298 472 2667 545 operationem
2692 477 2756 533 et
2794 469 3093 526 custodiam
3124 466 3397 538 pricccpit,
3427 475 3485 521 ut

1889 582 2011 622 cum
2058 568 2222 622 multa
2268 566 2561 635 voluptate,
2606 563 2892 617 securitate
2934 568 3099 628 atque
3141 558 3322 629 quiete
3368 555 3485 608 hinc

1890 657 1998 710 duo
2029 656 2269 722 haberet,
2305 671 2426 725 quae
2467 652 2854 723 aliquantulum
2884 648 3208 718 impedirent
3250 663 3319 698 ne
3346 647 3487 698 ultra

1893 753 2064 797 metas
2107 744 2439 812 procederet.
2491 741 2614 795 llaec
2647 739 2864 807 quidem
2907 739 3082 805 primo
3119 735 3315 789 collata
3364 740 3490 785 sunt

1894 833 2112 884 condito
2159 832 2551 899 homini;qu:e
2586 837 2765 881 autem
2810 825 2912 879 sub
2957 824 3072 878 hac
3110 821 3318 889 adjecta
3366 828 3492 872 sunt

1897 935 2141 991 magnam
2170 935 2296 989 erga
2321 919 2471 973 illum
2495 917 2770 971 declarant
2795 914 3182 983 benignitatem
3207 920 3373 980 atque
3404 908 3492 961 in-

1896 1010 2245 1079 dulgentiam,
2303 1021 2463 1076 quam
2506 1022 2573 1060 ex
2610 1019 2708 1060 sua
2754 1003 2994 1057 bonitate
3034 1000 3295 1055 exhibuit.
3351 994 3492 1065 Quid

1898 1100 2041 1157 enim
2066 1098 2193 1153 dicit
2221 1096 2532 1166 Scriptura?
2560 1094 2627 1148 Et
2653 1093 2890 1162 pracepit
2912 1090 3161 1144 Dominus
3188 1088 3325 1143 Deus
3344 1087 3494 1141 Adte.

1971 1190 2159 1246 Contra
2186 1205 2270 1243 eos
2294 1189 2383 1257 qui
2415 1185 2661 1255 quasdam
2686 1198 2828 1237 uoces
2870 1180 3040 1245 Patri,
3069 1181 3317 1252 quasdam
3356 1175 3498 1230 Filio

1900 1281 2269 1335 adscribebant.
2293 1306 2365 1318 —
2389 1276 2529 1331 Ecce
2554 1276 2746 1330 iterum
2778 1272 2865 1326 hic
2891 1268 3081 1326 eadem
3110 1266 3501 1325 consuetudine

1903 1371 2090 1434 utitur,
2122 1377 2181 1423 ut
2206 1364 2400 1423 iisdem
2442 1364 2753 1434 frequenter
2794 1358 3042 1429 repetitis
3067 1354 3371 1413 accuratius
3396 1353 3499 1409 do-

1901 1461 2129 1514 ctrinam
2153 1457 2505 1528 excipiamus,
2537 1462 2591 1508 et
2617 1467 2686 1507 ne
2715 1450 2853 1506 ultra
2880 1449 3117 1505 feramus
3142 1461 3259 1513 eos,
3286 1444 3379 1516 qui
3403 1458 3503 1498 an-

1902 1551 2032 1606 dent
2070 1549 2285 1604 nomina
2314 1560 2411 1617 pro
2448 1544 2604 1601 libito
2632 1542 2987 1612 distinguere,
3035 1549 3091 1594 et
3140 1535 3285 1592 aliud
3330 1536 3499 1596 Patri,

1903 1642 2049 1698 aliud
2098 1641 2235 1697 Filio
2293 1637 2623 1696 adscribere.
2674 1635 2811 1702 Quia
2860 1633 3004 1689 enim
3053 1631 3335 1700 utriusque
3395 1642 3502 1681 una

1905 1735 2201 1791 substantia
2226 1740 2333 1797 est,
2374 1730 2496 1787 ideo
2517 1729 2697 1786 divina
2734 1726 3009 1796 Scriptura
3034 1720 3501 1779 indiscriminatim

1906 1824 2194 1895 aliquando
2228 1822 2399 1887 Patri,
2421 1819 2713 1890 aliquando
2738 1816 2877 1872 Filio
2908 1814 3113 1869 tribuit.
3143 1810 3212 1866 Et
3236 1812 3502 1881 precepit,

1907 1918 2100 1987 inquit,
2128 1914 2377 1969 Dominus
2407 1912 2544 1967 Deus
2573 1911 2699 1965 Adae
2724 1909 2914 1962 dicens.
2942 1905 3040 1961 llic
3068 1905 3262 1960 merito
3290 1912 3507 1971 stupea-

1908 2021 2027 2062 mus
2052 2006 2145 2061 Dei
2170 2004 2516 2060 clementiam
2545 2002 2707 2057 verba
2744 2000 2925 2055 omnia
2953 2002 3300 2066 superantem
3318 1991 3507 2048 viden-

1911 2108 2011 2165 tes,
2040 2112 2199 2168 quam
2248 2094 2398 2151 brevi
2438 2093 2541 2149 hac
2582 2091 2819 2147 dictione
2860 2087 3100 2145 exhibet.
3146 2083 3218 2140 Et
3242 2082 3502 2155 prmepit,

1910 2190 2103 2260 inquit.
2124 2187 2259 2242 Vide
2285 2186 2463 2241 statim
2490 2184 2557 2239 ab
2583 2184 2754 2249 initio,
2781 2189 2982 2251 quanto
3000 2177 3208 2235 honore
3232 2174 3506 2231 hominem

1910 2279 2271 2349 prosequitur.
2302 2275 2488 2345 Neque
2502 2273 2643 2328 enim
2665 2270 2801 2327 dixit
2824 2286 2839 2323 :
2870 2267 3177 2339 Imperavit,
3201 2264 3284 2321 vel
3303 2262 3505 2319 Iussit:

1911 2372 2006 2426 sed
2037 2368 2163 2441 quid
2186 2370 2210 2423 Ἰ
2232 2367 2508 2435 Prwcepit.
2534 2364 2683 2421 Sicut
2701 2363 2907 2417 amicus
2930 2358 3107 2415 amico
3132 2356 3201 2413 de
3222 2356 3385 2411 rebus
3416 2369 3511 2408 ne-

1911 2461 2161 2518 cessariis
2191 2459 2504 2530 praecipiens
2545 2455 2797 2525 loquitur,
2834 2452 2905 2507 ita
2945 2460 3000 2507 et
3040 2450 3182 2505 Deus
3206 2463 3331 2518 erga
3362 2446 3510 2502 Adae
3574 2498 3576 2500 ,

1913 2572 2059 2611 mum
2079 2557 2095 2587 ⁸
2123 2553 2357 2609 afﬁcitur
2380 2569 2393 2606 :
2413 2549 2567 2622 quasi
2604 2547 2707 2603 hoc
2728 2546 2938 2600 honore
2962 2543 3137 2613 ipsum
3162 2540 3229 2595 ad
3255 2538 3515 2595 obedienc

1917 2649 2045 2704 dum
2073 2649 2137 2703 iis
2156 2661 2276 2717 quas
2294 2662 2322 2699 α
2354 2659 2414 2700 se
2444 2640 2911 2713 prmcipiebantur,
2940 2643 3285 2691 alti-acturus.
3320 2630 3409 2686 16.
3444 2626 3512 2683 Et

1915 2743 2154 2815 praecepit
2183 2740 2439 2795 Dominus
2466 2736 2607 2791 Deus
2648 2732 2774 2788 Ada'
2815 2731 2989 2785 dicens
3015 2742 3034 2783 :
3060 2726 3140 2783 De
3180 2724 3321 2781 omni
3345 2723 3510 2793 ligno,

1914 2811 2051 2907 quod
2078 2811 2150 2887 est
2195 2834 2249 2885 in
2281 2828 2543 2900 paradiso,
2583 2822 2891 2879 comedenda
2926 2818 3156 2873 comedes
3182 2831 3201 2870 :
3223 2816 3312 2870 l7.
3352 2812 3416 2867 de
3443 2811 3514 2865 li-

1914 2902 2013 2996 gno
2042 2933 2212 2978 autem
2254 2920 2448 2976 sciendi
2493 2917 2677 2971 bonum
2724 2923 2773 2970 et
2816 2911 3027 2977 malum,
3070 2924 3173 2962 non
3219 2902 3511 2960 comedetis.

1918 2995 2245 3081 Quocumque
2266 3020 2431 3064 autem
2459 3009 2542 3062 die
2569 3004 2885 3061 comederitis
2920 3017 2984 3055 ea:
3010 3016 3091 3064 eo,
3130 3006 3293 3052 morte
3324 2995 3513 3049 morie.

1915 3108 2060 3160 mini.
2091 3104 2278 3175 magna
2328 3100 2485 3170 hujus
2521 3095 2774 3177 praecepti
2822 3092 3049 3149 facilitas
3080 3099 3182 3146 est.
3214 3086 3342 3177 Sed,
3372 3084 3511 3177 dile-

1915 3206 2021 3260 cte,
2051 3209 2212 3265 grave
2239 3191 2438 3248 malum
2471 3200 2555 3244 est
2580 3175 2820 3249 desidia;
2852 3185 2993 3239 sicut
3016 3181 3161 3237 enim
3188 3178 3277 3233 illa
3307 3175 3436 3232 facit
3456 3182 3513 3228 ut

1916 3287 2090 3344 facilia
2116 3284 2296 3341 omnia
2322 3280 2605 3337 videantur
2627 3275 2884 3343 difficilia,
2912 3274 2992 3327 sic
3016 3271 3253 3327 studium
3283 3276 3339 3324 et
3374 3265 3515 3335 vigi-

1916 3379 2101 3443 lantia,
2146 3375 2307 3431 etiam
2355 3373 2534 3427 omnia
2578 3369 2743 3424 ardua
2782 3376 2839 3421 et
2867 3364 3104 3421 difﬁcilia
3144 3360 3317 3416 facilia
3356 3354 3517 3413 nobis

1916 3468 2165 3524 reddunt.
2193 3464 2331 3532 Quid
2371 3462 2540 3526 enim,
2576 3459 2685 3525 dic,
2718 3471 2922 3527 quaeso,
2954 3454 3056 3508 hoc
3091 3449 3347 3508 mandato
3383 3446 3517 3503 faci-

1921 3553 2065 3610 lius?
2092 3554 2225 3625 quid
2255 3554 2361 3608 hoc
2391 3551 2594 3606 honore
2620 3546 2835 3617 majus?
2860 3542 3210 3599 Concedebat
3227 3538 3430 3595 versari
3461 3537 3515 3593 in

1918 3645 2186 3715 paradiso,
2218 3642 2506 3698 visibilium
2530 3638 2864 3694 formositate
2892 3634 3175 3699 obiectari,
3205 3628 3518 3703 aspicienda

1917 3736 2203 3792 exhilarari
2240 3744 2295 3790 et
2321 3732 2549 3788 fruendo
2575 3744 2820 3800 magnam
2850 3728 3179 3798 voluptatem
3208 3723 3515 3796 percipere.

1918 3828 2102 3899 Cogita
2129 3842 2288 3897 quam
2318 3824 2612 3896 jucundum
2644 3822 2797 3877 fuerit
2830 3821 3019 3876 videre
3069 3818 3294 3874 arbores
3326 3812 3516 3870 fructi-

1920 3920 2019 3974 bus
2057 3927 2327 3983 oneratas,
2360 3914 2552 3969 florum
2584 3914 2920 3976 varietatem,
2966 3910 3255 3966 herbarum
3285 3902 3519 3962 diversi-

1922 4018 2105 4075 tatem,
2138 4007 2387 4062 foliorum
2418 4019 2623 4069 comas,
2647 4012 2807 4073 atque
2831 4002 2935 4057 alia
2964 4017 3084 4072 quin
3113 3999 3412 4057 verisimiie
3432 4002 3520 4051 est

1922 4106 1976 4157 in
2008 4100 2257 4173 paradiso
2295 4097 2481 4165 fuisse,
2530 4106 2586 4151 et
2634 4096 2687 4149 in
2730 4093 2980 4164 paradiso
3024 4107 3056 4147 a
3105 4093 3216 4148 Deo
3255 4092 3513 4162 plumato.

1922 4194 2146 4260 Pr0pter
2190 4189 2293 4245 hoc
2330 4189 2473 4244 enim
2522 4186 2772 4257 superius
2816 4184 2997 4239 divina
3045 4183 3321 4252 Scriptura
3364 4180 3516 4245 dicit,

1923 4286 2180 4340 Proderit
2216 4283 2384 4337 adhuc
2411 4298 2474 4336 ea:
2501 4292 2636 4335 terra
2666 4295 2817 4333 omne
2838 4278 3031 4348 lignum
3060 4275 3330 4346 pulchrum
3371 4289 3522 4341 aspe—

1922 4388 2004 4433 ctu
2031 4418 2047 4444 ,
2086 4386 2134 4431 et
2173 4377 2358 4430 bonum
2402 4373 2469 4426 ad
2518 4371 2903 4430 comedendum,
2951 4378 3009 4422 ut
3048 4367 3187 4421 scire
3228 4365 3515 4435 possimus,

1922 4478 2122 4539 quanta
2152 4466 2335 4521 fruens
2363 4465 2626 4524 ubertate,
2657 4475 2761 4530 per
2780 4473 3025 4528 magnam
3049 4454 3516 4525 intemperantiam

1922 4572 1978 4615 et
2029 4559 2426 4629 negligentiam,
2468 4554 2653 4609 datum
2708 4552 2808 4606 sibi
2851 4549 3159 4604 mandatum
3213 4547 3517 4601 violaverit.

1923 4653 2132 4721 Cogita,
2157 4650 2404 4714 obsecro,
2436 4646 2657 4701 honoris
2680 4643 3047 4709 eminentiam,
3077 4656 3197 4712 qua:
3223 4640 3371 4694 illum
3396 4653 3526 4709 pro-

1924 4754 2182 4813 sequutus
2208 4750 2312 4808 est,
2339 4740 2460 4795 data
2490 4739 2564 4793 illi
2596 4751 2779 4793 mensa
2820 4735 3030 4805 propria
3066 4744 3119 4789 et
3159 4740 3437 4803 segregata
3464 4732 3521 4786 in

1926 4835 2193 4905 paradiso,
2218 4842 2273 4887 ut
2303 4847 2371 4887 ne
2400 4839 2611 4901 putaret
2654 4827 2898 4883 eamdem
2946 4825 3046 4879 sibi
3072 4834 3129 4879 et
3152 4822 3410 4893 jnmentis
3438 4822 3522 4875 in-

1925 4927 2081 4993 strui,
2129 4925 2225 4980 sed
2275 4924 2499 4978 haberet
2552 4921 2701 4991 quasi
2749 4935 2874 4985 rex,
2928 4919 2979 4971 in
3034 4916 3281 4985 paradiso
3333 4929 3522 4984 agens,

1926 5018 2237 5074 deliciarum
2278 5015 2508 5085 copiam,
2546 5022 2601 5067 et
2628 5012 2780 5081 quasi
2824 5010 3075 5065 dominus
3106 5008 3393 5079 separatim
3422 5008 3521 5061 de-

1926 5118 2099 5178 geret,
2124 5118 2286 5176 atqne
2314 5106 2470 5160 aliam
2500 5118 2658 5172 quam
2686 5101 2914 5155 ministri
2946 5101 3329 5155 habitationem
3358 5097 3522 5153 sorti-

1931 5210 2094 5254 retur.
2140 5198 2206 5251 Et
2257 5196 2495 5267 pracepit
2539 5192 2795 5247 Dominus
2843 5192 2981 5245 Deus
3029 5192 3156 5245 Adit
3203 5187 3526 5244 dicens:Ea:

1928 5290 2065 5343 omni
2090 5290 2248 5359 ligno,
2277 5286 2413 5356 quod
2447 5294 2521 5338 est
2548 5284 2602 5337 in
2631 5283 2890 5353 paradiso.
2924 5282 3231 5336 comedenda
3257 5280 3489 5334 comedes
3509 5295 3529 5334 :

1928 5396 1991 5433 ea:
2022 5380 2160 5450 ligno
2182 5386 2348 5431 autem
2374 5374 2566 5428 sciendi
2587 5374 2776 5427 bonum
2804 5382 2852 5425 et
2878 5373 3092 5438 malum,
3125 5387 3225 5425 non
3256 5371 3529 5424 comedetis

1928 5485 1992 5523 ex
2016 5485 2092 5522 eo.
2129 5468 2454 5534 Quocumque
2479 5473 2647 5517 autem
2672 5463 2754 5515 die
2782 5462 3116 5525 comederitis,
3148 5470 3308 5513 morte
3338 5459 3527 5512 morie—

1929 5560 2052 5613 mini
2079 5574 2099 5612 :
2124 5557 2276 5629 quasi
2303 5555 2509 5611 diceret
2536 5554 2602 5608 ad
2629 5554 2775 5609 illum
2808 5571 2822 5606 :
2850 5552 2985 5606 Num
3012 5551 3296 5606 molestum
3325 5547 3526 5621 aliquid

1996 5738 2011 5769 ί
2046 5734 2325 5797 Savil.,lteg.
2354 5740 2407 5784 et
2427 5731 2659 5795 Colbert.,
2683 5743 2800 5795 erga
2823 5742 2971 5797 genus
2993 5728 3272 5783 (nummum.
