4068 6460
581 380 675 435 ΗΞ

578 500 633 545 et
676 506 840 559 grate
871 500 994 560 peto
1024 506 1089 546 cx
1133 494 1228 547 te?
1276 491 1399 547 Frui
1437 495 1580 547 enim
1615 496 1867 551 omnibus
1913 495 2003 549 tibi
2034 509 2152 564 per-

579 579 757 647 mitto,
786 577 888 633 hoc
918 596 1079 635 unum
1106 582 1359 652 prtecipio
1401 597 1469 637 ne
1506 583 1785 653 tetigeris:
1818 594 1875 639 ct
1912 599 2154 653 magnam

532 683 793 735 _pmnam
833 669 1087 735 decerno,
1128 665 1194 725 ut
1234 672 1315 726 vel
1349 672 1542 727 timore
1588 673 1869 739 coercitus,
1900 674 2080 728 datum
2128 689 2158 727 a

580 768 667 808 me
714 756 805 809 tibi
853 758 1160 811 mandatum
1209 760 1499 814 custodias.
1545 762 1669 817 liae
1716 763 1963 827 faciebat,
2006 764 2159 832 quasi

578 840 831 895 dominus
881 844 1072 911 aliquis
1122 843 1386 909 liberalis,
1436 849 1653 902 domum
1706 864 1947 917 magnam
2000 851 2157 903 alicui

578 930 931 995 concredcns,
956 941 1008 985 et
1030 944 1087 994 ut
1114 933 1408 989 dominium
1432 937 1532 990 sibi
1564 938 1767 990 salvum
1798 946 2033 1003 maneat,
2064 953 2159 1007 pa-

581 1034 699 1072 rum
731 1029 931 1072 tantum
962 1022 1199 1089 pecunia:
1226 1022 1457 1077 dandum
1495 1024 1564 1078 ab
1591 1024 1683 1079 illo
1707 1027 2035 1095 prmscribat.
2073 1027 2161 1081 Sic

579 1124 710 1163 sane
739 1117 792 1163 et
820 1108 1080 1179 benignus
1119 1121 1301 1166 noster
1330 1114 1606 1179 Dominus,
1636 1130 1895 1171 concesso
1923 1117 2159 1171 omnium

578 1211 698 1264 qua:
734 1197 785 1251 in
832 1200 1076 1265 paradiso
1119 1208 1273 1254 erant
1314 1199 1507 1264 fructu.
1544 1202 1612 1256 ab
1640 1218 1747 1257 uno
1772 1212 1975 1258 tantum
2020 1204 2163 1273 ligno

580 1288 850 1343 abstinere
869 1289 1050 1358 jussit,
1099 1299 1155 1343 ut
1194 1290 1332 1346 scire
1358 1302 1539 1360 posset
1583 1293 1762 1358 homo,
1799 1309 1858 1348 se
1903 1309 2024 1349 esse
2064 1294 2164 1348 sub

583 1381 829 1446 Domino,
861 1383 945 1435 cui
974 1382 1193 1438 obedire
1236 1382 1457 1439 deberet
1492 1393 1548 1440 et
1570 1400 1779 1456 parere,
1819 1387 1865 1442 si
1904 1385 2032 1456 quid
2076 1386 2164 1441 ille

582 1472 889 1541 imperaret.

652 1562 708 1616 4.
747 1562 879 1628 Quis
910 1577 1006 1632 pro
1041 1562 1296 1630 dignitate
1332 1563 1678 1619 admirabitur
1715 1567 2016 1621 communis
2046 1579 2164 1619 om-

586 1651 731 1707 nium
759 1654 925 1708 nostri
950 1653 1156 1708 Domini
1177 1654 1586 1709 liberalitatem?
1609 1655 1743 1711 Cum
1765 1658 1971 1711 nullum
1992 1657 2167 1713 adhuc

584 1742 856 1810 specimen
877 1758 988 1813 prae
1007 1757 1067 1797 se
1093 1742 1253 1797 ferret
1282 1743 1469 1807 Adam,
1500 1753 1695 1813 quanta
1725 1745 1979 1801 beneﬁcia
2009 1761 2166 1801 acce-

587 1831 700 1899 pit!
729 1830 909 1901 Neque
937 1832 1079 1887 enim
1105 1832 1432 1887 dimidiatam
1460 1834 1534 1888 illi
1566 1834 1714 1890 dedit
1743 1851 1921 1890 rerum
1955 1834 2166 1890 fruitio-

586 1936 710 1976 nem
731 1962 747 1985 ,
776 1936 949 1991 neque
996 1937 1024 1975 a
1070 1923 1311 1991 pluribus
1352 1924 1623 1979 abstinere
1661 1925 1841 1995 jussit,
1870 1935 1926 1980 et
1960 1926 2169 1980 caeteris

589 2010 724 2064 frui‘
758 2028 773 2065 :
802 2012 894 2065 sed
920 2012 1231 2081 participem
1256 2015 1494 2068 omnium
1525 2029 1643 2083 qua:
1670 2024 1825 2069 erant
1844 2016 1896 2070 in
1929 2015 2171 2083 paradiso

589 2114 713 2156 esse
747 2102 943 2167 voluit;
990 2101 1058 2156 ab
1087 2117 1193 2156 uno
1236 2103 1352 2156 solo
1394 2103 1539 2171 ligno
1583 2103 1853 2159 abstinere
1894 2107 2166 2173 praecepit,

592 2200 897 2244 monstrans
936 2205 996 2243 re
1023 2191 1156 2259 ipsa,
1188 2190 1387 2245 nullius
1415 2192 1633 2245 alterius
1671 2192 1837 2261 gratia
1869 2192 1969 2247 hoc
1996 2194 2168 2263 ipsum

590 2295 650 2334 se
677 2282 868 2344 facere,
899 2296 1057 2351 quam
1084 2292 1140 2335 ut
1167 2292 1434 2337 tantorum
1476 2282 1859 2337 beneﬁciorum
1892 2294 2167 2339 auctorem

590 2389 882 2445 agnoscere
910 2374 1071 2428 homo
1096 2384 1296 2442 posset.
1331 2374 1399 2429 Et
1416 2373 1694 2430 considera
1720 2390 1843 2429 cum
1873 2375 1990 2429 aliis
2010 2376 2170 2431 etiam

591 2465 679 2519 hic
721 2466 1012 2520 bonitatem
1058 2466 1173 2527 Dei,
1203 2475 1402 2535 quanto
1442 2466 1645 2521 honore
1688 2465 1849 2521 etiam
1892 2466 2168 2521 mulierem

598 2554 956 2623 prosequitur,
985 2569 1101 2623 quae
1127 2569 1189 2609 es
1232 2555 1322 2607 illo
1353 2555 1626 2609 formanda
1652 2566 1787 2609 erat.
1819 2554 2063 2609 Nondum
2107 2570 2169 2609 ea

592 2645 735 2699 enim
764 2645 1039 2714 producta,
1070 2647 1221 2714 quasi
1249 2646 1457 2714 utrique
1483 2645 1779 2710 mandaret,
1808 2645 2020 2701 dicebat
2048 2664 2061 2699 :
2088 2645 2173 2701 Ne

592 2733 903 2787 comederitis
944 2750 1007 2787 ea:
1055 2750 1112 2787 eo
1135 2748 1154 2787 :
1182 2742 1269 2798 et,
1326 2734 1649 2803 Quocumque
1702 2735 1785 2788 die
1833 2737 2169 2803 eomederitis,

593 2833 751 2876 morti.-
772 2824 1051 2877 moriemini
1080 2839 1098 2876 :
1123 2824 1401 2888 declarans
1423 2825 1532 2893 jam
1563 2823 1685 2879 inde
1724 2824 1794 2879 ab
1823 2826 1974 2879 initio
2002 2842 2168 2881 unum

594 2930 713 2969 csse
760 2916 930 2970 virum
974 2926 1029 2969 et
1077 2916 1374 2983 mulierem,
1421 2921 1557 2973 sicut
1601 2929 1656 2974 et
1708 2920 1901 2974 Paulus
1956 2921 2167 2991 inquit:

596 3005 759 3073 Caput
803 3007 1027 3059 mulieris
1073 3008 1151 3059 uir
1186 3006 1402 3078 (Eplies.
1448 3009 1501 3063 5.
1534 3008 1649 3077 εδ).
1704 3008 1993 3078 Propterea
2045 3023 2173 3077 ergo

593 3094 742 3163 quasi
790 3095 996 3165 utrique
1039 3096 1289 3165 loquitur,
1331 3107 1390 3151 ut
1433 3098 1651 3167 posthac
1689 3098 1914 3153 formata
1954 3113 2021 3153 ex
2061 3100 2175 3152 viro

596 3184 838 3249 muliere,
861 3185 1196 3239 occasionem
1227 3185 1302 3240 illi
1332 3187 1562 3255 pra-beat
1584 3187 1810 3242 docendi
1836 3188 1981 3241 illam
2008 3187 2175 3255 ipsius

596 3282 880 3342 pneccpta.
927 3274 1045 3329 Jam
1095 3275 1206 3328 scio
1242 3274 1454 3345 quidem
1483 3276 1898 3345 vulgatissimam
1941 3290 2060 3330 esse
2105 3276 2173 3331 de

599 3361 701 3415 hoc
729 3362 870 3431 ligno
902 3363 1274 3432 quzestionem,
1326 3373 1382 3419 et
1424 3366 1622 3419 multos
1647 3378 1848 3421 temere
1875 3367 2169 3435 loquentes,

596 3454 805 3521 culpam
827 3454 895 3509 ab
926 3456 1140 3510 homine
1167 3456 1219 3509 in
1244 3456 1409 3510 Deum
1436 3454 1727 3513 transferre
1744 3459 1862 3523 niti,
1890 3458 2173 3513 audacter-

597 3559 703 3612 que
737 3544 917 3600 dicere
941 3563 955 3599 :
982 3544 1146 3615 Cujus
1189 3547 1263 3599 rei
1299 3547 1467 3616 gratia
1496 3546 1643 3601 dedit
1671 3547 2002 3612 mandatum,
2030 3548 2173 3616 quod

595 3634 796 3689 sciebat
825 3635 1093 3690 hominem
1134 3637 1627 3706 transgressurum?
1657 3646 1711 3691 et
1736 3638 1927 3692 iterum
1956 3656 1969 3691 :
1996 3636 2174 3703 Quare

593 3722 750 3791 jussit
773 3723 974 3792 lignum
1004 3722 1118 3778 ﬁeri
1145 3726 1197 3778 in
1233 3725 1518 3794 paradiso?
1544 3736 1600 3780 et
1624 3727 1789 3780 multa
1806 3728 1909 3780 alia
1937 3745 1949 3781 :
1982 3727 2077 3781 sed
2106 3743 2172 3783 ne

596 3826 739 3865 nunc
764 3822 886 3864 aute
918 3820 1125 3880 tempus
1150 3814 1599 3881 praevaricationis
1628 3814 1900 3870 videamur
1930 3818 2174 3885 prosiliie

598 3899 669 3953 ad
705 3914 767 3953 ea
805 3901 1120 3965 enarranda,
1153 3916 1331 3970 opera:
1356 3904 1585 3971 pretium
1621 3913 1724 3971 est,
1754 3914 1815 3959 ut
1841 3919 1941 3959 nos
1980 3920 2172 3975 exspe-

597 4000 805 4047 ctemus
835 3993 973 4047 beati
998 3992 1157 4047 Musis
1181 3997 1542 4051 narrationem
1572 4013 1585 4049 :
1612 4007 1671 4051 ut
1708 4012 1827 4052 cum
1855 3998 1920 4052 ad
1950 4013 2071 4053 eum
2099 3998 2176 4052 lo-

598 4097 720 4136 cum
744 4085 1164 4150 perveuerimus,
1198 4088 1513 4155 tempestive
1540 4102 1889 4156 quzecumque
1919 4088 2009 4143 Dei
2046 4104 2172 4158 gra-

600 4171 670 4225 tia
722 4170 949 4236 dederit,
996 4172 1065 4226 de
1110 4188 1171 4229 ea
1224 4189 1283 4228 re
1334 4174 1603 4239 dicentes,
1662 4191 1846 4230 verum
1888 4176 2175 4246 Scriptura:

598 4274 815 4315 sensum
851 4270 1077 4315 vestram
1121 4262 1406 4317 doceamus
1456 4265 1728 4319 caritatem
1764 4280 1906 4335 :quo
1948 4267 2178 4321 scientes

600 4352 992 4419 Scripturarum
1036 4352 1345 4418 veritatem,
1390 4353 1620 4407 debitam
1672 4354 1901 4409 Domino
1950 4355 2174 4423 gloriam

599 4439 856 4507 nll‘eratis,
896 4456 994 4495 nec
1022 4456 1087 4495 eo
1116 4442 1203 4511 qui
1234 4444 1471 4510 peccavit
1499 4445 1719 4508 omisso,
1760 4445 1973 4514 culpam
2005 4446 2176 4499 incul-

600 4530 703 4594 pati
734 4530 842 4585 Deo
871 4532 1139 4599 impntetis
1159 4546 1174 4595 ;
1198 4531 1307 4599 jam
1348 4544 1545 4597 autem,
1578 4535 1623 4587 si
1650 4534 1798 4599 libet,
1827 4534 1895 4589 de
1924 4536 2174 4603 prmseuti

602 4619 825 4674 lectione
866 4621 1006 4687 quod
1054 4621 1292 4690 sequitur
1342 4636 1744 4691 prosequamur.
1790 4623 1873 4677 18.
1916 4622 1986 4675 Et
2024 4625 2171 4686 dixit,

604 4707 791 4775 inquit,
831 4708 1075 4763 Dominus
1104 4710 1279 4765 Deus:
1307 4710 1427 4764 Non
1465 4722 1538 4765 est
1570 4712 1754 4765 bonum
1784 4713 2034 4766 hominem
2071 4730 2177 4767 esse

590 4797 783 4851 solum.
839 4799 975 4853 Ecce
1017 4799 1205 4854 iterum
1248 4801 1492 4855 similiter
1533 4800 1683 4863 dixit,
1734 4802 1867 4856 sicut
1908 4813 1961 4856 et
2008 4804 2175 4871 prius,

600 4884 851 4940 Dominus
870 4887 1001 4942 Deus
1024 4905 1042 4941 :
1069 4900 1124 4943 ut
1151 4891 1328 4945 animo
1348 4890 1485 4945 dicta
1517 4892 1813 4960 iungentes,
1845 4908 1913 4948 ne
1935 4904 2177 4961 putemus

602 4975 777 5028 divina
834 4977 1107 5047 Scriptura
1165 4982 1561 5049 praestautiores
1624 4992 1835 5036 nostras
1900 4986 2177 5053 opiniones

600 5079 744 5119 esse.
791 5064 1043 5137 Dixitque,
1092 5070 1187 5132 ait,
1234 5066 1481 5123 Dominus
1508 5068 1645 5125 Deus
1671 5088 1691 5123 :
1715 5070 1836 5125 Non
1884 5082 1956 5125 est
1995 5074 2175 5126 bonum

602 5168 711 5206 esse
729 5155 977 5209 hominem
1007 5159 1191 5211 solum.
1218 5157 1535 5224 Considera,
1564 5161 1829 5227 quomodo
1868 5178 1973 5215 non
2002 5172 2179 5216 cessat

609 5243 777 5297 bonus
827 5245 986 5310 Deus,
1038 5248 1130 5300 sed
1176 5247 1433 5303 bcuelicia
1489 5249 1765 5303 beneﬁciis
1814 5251 2069 5316 etuuulat,
2125 5261 2179 5306 ct

606 5335 881 5389 abundans
912 5338 1143 5391 bonitate
1165 5339 1307 5392 omni
1341 5339 1547 5394 honore
1573 5342 1908 5395 circumdare
1928 5343 2037 5397 vult
2063 5346 2178 5399 ani—

607 5425 710 5477 nial
737 5425 836 5480 hoc
864 5428 1067 5483 ratione
1097 5430 1397 5498 praeditum,
1427 5442 1483 5485 ut
1512 5447 1615 5486 non
1647 5434 1816 5487 solum
1844 5433 2063 5489 honeste
2082 5435 2177 5489 sed

606 5522 659 5567 et
702 5515 979 5572 commode
1024 5521 1183 5572 vivat.
1216 5519 1346 5573 Nam
1394 5518 1536 5573 Dixit
1566 5521 1812 5578 Dominus
1846 5522 1983 5577 Deus
2008 5539 2027 5577 :
2056 5523 2178 5579 Non

672 5673 688 5699 ι
708 5677 989 5741 ηαξ-νοςεῆ
1012 5680 1055 5721 et
1078 5674 1261 5739 victoris
1292 5676 1411 5732 frui,
1434 5676 1636 5727 tit-erant
1683 5680 1727 5727 in
1775 5677 1955 5741 Morel,
1981 5678 2067 5727 sed
2093 5679 2174 5728 ba-

609 5729 782 5783 tentur
806 5734 853 5782 tn
871 5732 1006 5782 Sat‘ll.
1037 5742 1085 5783 et
1112 5736 1157 5783 tu
1184 5729 1354 5785 novum
1382 5744 1483 5784 llas.

1315 381 1371 438 S.
1411 381 1688 439 JOANlilS
1722 379 2196 441 CilRYSOSTOIlI
2234 380 2549 439 ABCIIIEP.
2589 380 3117 438 CONSTANTINOP.

3574 0 4068 313 ή-

2260 503 2331 548 cst
2359 494 2546 547 bonum
2574 494 2825 546 hominem
2868 506 2974 545 esse
3006 493 3187 546 solum.
3218 488 3491 544 Faciamus
3529 491 3606 544 illi
3633 492 3855 561 adjuto-

2260 599 2366 638 rsm
2390 585 2659 637 secundum
2686 583 2854 635 illum.

2343 673 2455 728 Vox
2483 673 2735 727 faciamus
2759 673 2841 725 cui
2865 673 3068 725 dicitur.
3095 701 3166 712 —
3186 671 3325 727 Ecce
3351 672 3543 726 iterum
3564 670 3727 725 etiam
3760 667 3859 724 hic

2262 762 2425 825 dicit,
2456 761 2750 815 Faciamus.
2789 761 2937 815 Sicut
2974 761 3115 815 enim
3160 762 3212 814 in
3242 761 3506 830 principio
3532 760 3601 815 de
3627 760 3863 813 homine

2262 848 2545 904 formando
2570 850 2799 913 dicebat,
2831 848 3105 902 Faciamus
3133 850 3383 903 hominem
3408 850 3683 902 secundum
3711 850 3853 900 ima-

2263 940 2430 1009 ginem
2454 949 2675 993 noslram
2701 949 2749 992 et
2773 940 3043 992 secundum
3062 939 3439 992 similitudinem
3468 954 3489 991 :
3516 937 3589 991 ita
3614 949 3669 993 et
3695 951 3848 992 nunc

2265 1028 2538 1081 mulierem
2561 1027 2903 1090 i’ormaturus,
2931 1027 3118 1082 eodem
3144 1026 3307 1081 verbo
3335 1027 3520 1093 utitur,
3552 1036 3606 1080 et
3629 1025 3808 1095 inquit
3840 1042 3858 1085 ;

2265 1116 2557 1172 Faciamus.
2587 1117 2683 1171 Cui
2716 1116 2816 1171 hoc
2834 1116 2999 1171 dicit?
3024 1116 3137 1171 Non
3165 1127 3356 1172 creata:
3384 1116 3539 1171 alicui
3564 1116 3855 1184 potentiae,

2264 1205 2359 1261 sed
2385 1206 2433 1261 ei
2474 1207 2562 1277 qui
2609 1222 2676 1261 ex
2717 1220 2777 1261 se
2824 1218 2980 1260 natus
3024 1216 3126 1270 est,
3174 1204 3480 1261 consiliario
3519 1205 3853 1271 admirabili,

2266 1295 2490 1363 potenti,
2536 1293 2761 1364 principi
2799 1295 2945 1364 pacis
2976 1292 3131 1365 (lsai.
3177 1293 3231 1349 9.
3277 1292 3354 1363 6),
3398 1293 3674 1363 unigenito
3713 1291 3850 1346 Filir

2266 1397 2385 1438 suo.
2433 1382 2499 1437 Et
2530 1394 2587 1438 ut
2615 1384 2775 1439 sciret
2801 1382 2993 1448 Adam,
3020 1383 3216 1437 animal
3245 1382 3577 1437 formandum
3624 1382 3850 1452 aequalis

2266 1489 2387 1529 cum
2433 1475 2547 1543 ipso
2574 1473 2842 1544 dignitatis
2886 1473 3019 1539 iure,
3064 1473 3263 1527 idcirco
3303 1470 3755 1542 quemadmodum
3782 1471 3859 1525 de

2268 1563 2384 1634 ipso
2408 1563 2635 1630 dicebat,
2674 1561 2968 1627 Faciamus,
2994 1563 3072 1615 sic
3104 1570 3159 1615 et
3186 1575 3328 1616 nunc
3363 1560 3501 1615 dixit
3528 1578 3541 1613 :
3568 1559 3856 1613 Faciamus

2268 1654 2549 1723 adjutorcm
2586 1652 2859 1706 secundum
2897 1652 3063 1705 illum.
3094 1649 3390 1720 Utrumque
3431 1650 3655 1704 multum
3692 1650 3861 1703 habet

2270 1744 2542 1813 ponderis,
2571 1751 2683 1796 tum
2707 1740 2847 1812 quod
2895 1741 2989 1805 ait,
3022 1741 3335 1811 Adjutorem,
3365 1749 3474 1794 tum
3504 1738 3645 1809 quod
3678 1739 3857 1800 addit,

2270 1834 2563 1889 Secundum
2591 1834 2757 1889 illum.
2784 1832 2939 1897 Nolo,
2970 1833 3161 1901 inquit,
3194 1832 3342 1885 illum
3387 1830 3558 1885 solum
3584 1844 3729 1893 esse,
3755 1830 3859 1883 sed

2272 1924 2468 1979 habere
2484 1938 2548 1979 es
2576 1924 2925 1978 contubernio
2945 1921 3363 1977 consolationem
3391 1920 3642 1989 aliquam,
3678 1934 3863 1987 neque

2272 2014 2374 2069 hoc
2422 2015 2617 2077 solum,
2668 2015 2762 2068 sed
2797 2010 3167 2081 producendus
3200 2021 3283 2065 est
3324 2009 3533 2079 adjutor
3574 2008 3672 2077 ipsi
3718 2024 3863 2062 cou-

2271 2118 2507 2175 gruens;
2536 2103 2812 2157 mulierem
2856 2101 3149 2155 insinuans.
3184 2099 3472 2169 Propterea
3512 2113 3632 2153 cum
3679 2098 3862 2152 dixis-

2272 2206 2354 2249 set
2387 2211 2400 2246 :
2430 2192 2703 2246 Faciamus
2728 2192 2803 2245 illi
2831 2191 3138 2261 adjutorcm,
3166 2190 3332 2253 addit,
3365 2189 3655 2244 Secundum
3682 2188 3862 2253 illum,

2273 2295 2333 2341 ut
2357 2300 2477 2340 cum
2507 2283 2707 2339 videris
2741 2282 2920 2337 statim
2949 2280 3137 2335 adduci
3170 2280 3386 2346 bestias,
3415 2290 3471 2333 et
3498 2279 3675 2333 omnia
3704 2279 3865 2331 vola-

2272 2378 2387 2431 tilia
2420 2376 2557 2443 celi,
2605 2391 2675 2430 ne
2715 2385 2869 2445 putes
2897 2374 2965 2429 de
3007 2372 3115 2427 illis
3161 2386 3281 2425 esse
3317 2370 3537 2425 dictum.
3567 2368 3701 2423 Nam
3734 2370 3867 2423 licet

2276 2468 2441 2523 multa
2468 2466 2849 2522 irrationabilia
2890 2464 3177 2519 animantia
3207 2463 3458 2532 adjuvent
3503 2462 3650 2516 illum
3694 2462 3748 2515 in
3780 2460 3866 2513 la-

2275 2560 2493 2616 boribus
2521 2560 2654 2624 suis,
2688 2558 2890 2613 nuilum
2917 2566 3092 2610 tamen
3121 2571 3216 2624 par
3241 2566 3322 2608 est
3348 2554 3588 2609 rationali
3618 2553 3859 2606 mulieri.

2274 2650 2429 2707 Unde
2452 2665 2573 2704 cum
2604 2650 2847 2712 dixisset,
2878 2648 3174 2715 Adjutorem
3202 2644 3474 2698 secundum
3519 2644 3687 2709 illum,
3730 2644 3867 2697 sub-

2274 2741 2351 2796 dit
2380 2759 2393 2795 :
2429 2740 2510 2795 l9.
2541 2738 2605 2793 Et
2636 2738 2866 2809 formavit
2915 2736 3054 2789 Deus
3096 2736 3261 2788 adhuc
3305 2734 3368 2787 de
3395 2743 3530 2787 terra
3572 2749 3745 2786 omnes
3771 2732 3866 2785 be-

2274 2834 2397 2887 stias
2416 2832 2547 2901 agri,
2576 2840 2621 2884 et
2644 2830 2811 2883 omnia
2834 2828 3056 2880 volatilia
3080 2826 3212 2892 curii,
3238 2834 3283 2879 et
3305 2824 3448 2878 duxit
3472 2824 3562 2877 illa
3580 2825 3649 2876 ad
3667 2824 3862 2887 Adam,

2274 2934 2329 2975 ut
2358 2922 2542 2975 rideret
2569 2920 2689 2990 quid
2720 2928 2914 2971 vocaret
2939 2917 3063 2979 illa;
3089 2924 3134 2969 et
3159 2931 3305 2968 omne
3329 2914 3674 2983 quodcumque
3704 2929 3865 2966 voca-

2274 3014 2342 3066 rit
2370 3011 2537 3064 Adam
2575 3011 2794 3062 animant
2832 3008 3093 3071 uirentem,
3139 3006 3233 3057 Itoc
3264 3013 3333 3057 est
3376 3019 3555 3055 nomen
3601 3003 3697 3056 illi.
3742 3001 3865 3058 Non

2279 3112 2501 3165 temere,
2544 3114 2715 3169 neque
2759 3098 2958 3166 absque
3002 3109 3163 3150 causa
3213 3096 3313 3148 hoc
3364 3090 3559 3147 factum
3604 3102 3711 3157 est,
3762 3091 3864 3145 sed

2278 3202 2494 3262 propter
2530 3205 2591 3244 ea
2621 3205 2740 3260 qua:
2768 3190 2924 3258 paulo
2965 3195 3085 3256 post
3129 3186 3299 3239 futura
3327 3194 3498 3238 erant.
3548 3183 3687 3237 Deus
3713 3186 3865 3238 enim

2275 3297 2397 3337 cum
2426 3280 2698 3350 prmsciret
2721 3278 2848 3349 quid
2869 3292 2972 3332 non
3000 3277 3167 3330 multo
3195 3283 3315 3347 post
3333 3284 3649 3329 eventurqu
3688 3284 3864 3342 esset,

2275 3372 2510 3428 ostendit
2548 3371 2703 3427 nobis
2728 3378 2981 3439 quantam
3018 3368 3330 3437 sapientiam
3359 3366 3575 3421 condito
3603 3382 3633 3419 a
3673 3382 3733 3422 se
3763 3368 3866 3421 ho-

2278 3464 2407 3519 mini
2437 3462 2606 3529 dedit,
2646 3471 2706 3517 ut
2742 3475 2862 3515 cum
2888 3458 3255 3530 prmvaricatio
3294 3456 3524 3511 mandati
3551 3473 3582 3512 a
3615 3457 3724 3511 Deo
3750 3457 3862 3512 dati

2276 3558 2567 3625 contingat.
2597 3570 2703 3609 non
2733 3561 2944 3623 putetur
2966 3566 3062 3622 per
3087 3549 3434 3621 ignorantiam
3463 3564 3735 3619 peccasse,
3764 3549 3863 3604 scd

2275 3647 2414 3702 scire
2440 3645 2613 3715 possis
2640 3644 2846 3712 lapsum
2877 3642 3025 3696 illum
3065 3656 3130 3697 ex
3157 3640 3359 3695 desidia
3389 3640 3572 3694 fuisse.

2348 3737 2403 3791 5.
2444 3735 2576 3789 Nam
2622 3732 2764 3803 quod
2818 3746 3007 3801 magna
3057 3731 3312 3800 sapientia
3358 3730 3612 3800 pmditus
3666 3731 3860 3796 fuerit,

2276 3830 2421 3883 disce
2441 3844 2507 3881 ex
2537 3828 2599 3881 iis
2624 3840 2743 3895 quae
2772 3838 2910 3879 nunc
2935 3826 3083 3877 iiunt.
3113 3822 3176 3876 Et
3205 3822 3418 3875 adduxit
3440 3822 3553 3886 illa,
3580 3822 3771 3891 inquit,
3790 3822 3861 3875 ad

2280 3918 2466 3982 Adam,
2515 3926 2570 3969 ut
2616 3914 2803 3968 rideret
2847 3914 2968 3983 quid
3005 3920 3199 3966 vacaret
3226 3911 3337 3964 illa.
3369 3910 3520 3965 Fecit
3549 3910 3651 3965 huc
3693 3911 3859 3973 Deus,

2279 4008 2740 4061 demonstraturus
2778 4004 2935 4057 nobis
2979 4016 3223 4072 magnam
3255 4000 3396 4055 illius
3421 4000 3759 4069 sapientiam.
3794 4001 3863 4056 Et

2280 4096 2512 4160 iterum,
2561 4093 2707 4160 Quod
2743 4093 2933 4146 vocavit
2958 4130 2974 4156 ,
3029 4092 3240 4160 inquit,
3271 4090 3473 4154 Adam,
3512 4092 3607 4143 hoc
3645 4098 3719 4144 est
3762 4108 3859 4144 no-

2279 4200 2392 4240 men
2420 4184 2516 4237 illi.

2348 4274 2531 4328 Adami
2557 4272 2846 4342 sapientia;
2872 4269 3073 4324 libertas
3100 4266 3315 4321 arbitrii.
3340 4295 3415 4306 —
3437 4265 3658 4321 Factum
3681 4276 3860 4321 autem

2278 4366 2380 4421 hoc
2400 4373 2501 4429 est,
2531 4377 2635 4417 non
2667 4370 2723 4415 ut
2744 4361 3014 4415 discamus
3034 4358 3176 4412 illius
3194 4356 3509 4426 sapientiam
3538 4356 3735 4423 solum,
3763 4358 3860 4413 sed

2280 4469 2337 4513 ut
2360 4467 2413 4511 et
2450 4456 2751 4526 symbolum
2777 4452 2995 4507 dominii
3025 4465 3120 4520 per
3164 4451 3435 4504 nominum
3463 4448 3861 4518 impositionem

2280 4556 2649 4618 cognoscatur.
2678 4544 2808 4598 Nam
2859 4550 2914 4596 et
2952 4541 3257 4595 hominibus
3300 4554 3418 4594 mos
3445 4548 3527 4594 est
3557 4539 3659 4594 hoc
3684 4538 3861 4594 facere

2282 4641 2334 4693 in
2364 4640 2571 4705 signum
2599 4633 2841 4697 dominii,
2870 4639 2931 4685 ut
2953 4646 3074 4685 cum
3119 4642 3304 4683 servos
3344 4628 3593 4694 emerint,
3620 4628 3861 4697 ipsorum

2281 4730 2498 4783 nomina
2539 4732 2762 4779 mutent.
2794 4722 2946 4776 Unde
2972 4732 3025 4774 et
3053 4720 3221 4773 Adam
3248 4719 3482 4784 instruit,
3514 4728 3573 4772 ut
3608 4718 3861 4773 omnibus

2282 4819 2453 4874 brutis
2476 4828 2741 4885 tamquam
2766 4814 3014 4867 dominus
3045 4811 3256 4866 nomina
3287 4810 3449 4864 indat.
3481 4809 3557 4865 Ne
3586 4810 3747 4879 igitur
3781 4810 3862 4866 hic

2283 4908 2459 4963 subito
2497 4916 2804 4976 przetereas,
2851 4903 3063 4966 dilecte,
3112 4901 3250 4971 quod
3293 4900 3509 4967 dicitur,
3555 4900 3648 4955 sed
3686 4902 3860 4970 cegita

2283 5008 2493 5069 quantae
2542 4997 2702 5051 fuerit
2740 4993 3017 5063 sapientiae
3068 5002 3145 5046 tot
3189 4991 3492 5061 generibus,
3533 4990 3851 5053 volatilibus,

2283 5089 2576 5158 reptiiibus,
2604 5087 2749 5149 leris,
2780 5082 3057 5153 jumeulis,
3081 5091 3137 5136 et
3163 5082 3283 5136 aliis
3310 5082 3497 5147 brutis,
3525 5080 3857 5146 domesticas,

2282 5189 2339 5235 et
2362 5179 2679 5249 agrestibus,
2711 5188 2765 5231 et
2793 5177 2847 5230 iu
2882 5189 3018 5244 aqua
3047 5174 3207 5228 vitam
3233 5174 3529 5243 agentibus.
3578 5182 3633 5227 et
3660 5187 3691 5227 e
3718 5184 3860 5226 terra

2287 5272 2578 5341 productis,
2608 5280 2661 5323 et
2706 5270 2756 5322 in
2787 5281 2994 5321 summa
3034 5265 3281 5319 omnibus
3313 5267 3526 5333 propria
3570 5275 3623 5318 ct
3666 5279 3860 5318 come-

2286 5364 2481 5418 nientia
2513 5377 2621 5416 sua:
2664 5370 2871 5415 natura:
2910 5360 3184 5425 imponere
3215 5357 3452 5411 nomina.
3502 5355 3631 5410 Nam
3676 5354 3857 5419 Quod—

2283 5469 2496 5524 cumque
2522 5453 2709 5505 vocavit
2734 5451 2919 5513 Adam,
2948 5450 3135 5518 inquit,
3167 5449 3258 5501 hoc
3287 5463 3465 5501 nomen
3493 5456 3565 5500 est
3590 5447 3686 5499 illi.
3717 5445 3858 5499 Vidi-

2283 5548 2353 5603 sti
2380 5553 2795 5601 consummatam
2826 5541 3150 5611 potentiam?
3179 5540 3351 5594 vidisti
3380 5538 3602 5593 dominii
3628 5537 3857 5590 auctori-

2284 5637 2486 5693 tatem?
2513 5633 2785 5705 Pcrpcnde
2803 5648 2922 5687 cum
2946 5632 3061 5686 aliis
3082 5633 3240 5686 etiam
3264 5632 3383 5693 hoc,
3412 5629 3552 5700 quod
3581 5639 3635 5683 et
3656 5630 3855 5691 leones,

2287 5737 2339 5781 et
2368 5725 2540 5799 pardi,
2587 5735 2641 5782 et
2668 5724 2881 5794 viperm,
2911 5732 2965 5779 ct
3000 5723 3214 5794 scorpii,
3244 5731 3296 5777 et
3338 5728 3634 5791 serpentes,
3666 5728 3718 5773 ct
3755 5720 3855 5773 alia
