4068 6420
294 406 398 463 117

288 523 471 576 omnia
496 521 657 576 etiam
690 519 796 575 illis
830 518 1212 574 truculentiora
1252 516 1319 573 ad
1350 516 1498 571 illum
1527 515 1677 587 quasi
1703 513 1880 569 domi.

291 627 421 666 num
466 612 610 665 omni
638 627 760 667 cum
800 610 1130 679 subiectione
1157 614 1519 673 accesserunt,
1568 617 1625 661 et
1665 605 1882 660 nomina

289 710 615 770 acceperunt
634 743 648 765 ,
679 716 777 756 nec
806 700 969 754 ullum
998 701 1205 755 illorum
1245 699 1446 754 veritus
1470 705 1553 751 est
1582 695 1772 750 Adam.
1804 693 1882 750 Ne

289 792 457 861 igitur
481 800 670 860 arguat
696 790 906 859 aliquis,
934 789 1075 860 quod
1119 803 1148 841 a
1178 788 1289 843 Deo
1331 787 1439 842 sint
1477 794 1678 851 creata,
1708 799 1882 854 neque

288 890 485 935 contra
531 879 784 949 Opificem
835 880 1067 948 linguam
1114 887 1291 943 acuat,
1341 876 1449 931 imo
1490 882 1678 930 contra
1725 888 1880 927 suum

290 981 481 1040 caput,
510 970 739 1026 dicendo
782 970 871 1025 illa
913 971 1097 1024 insana
1139 968 1302 1023 verba
1331 966 1532 1036 :Cujus
1556 966 1724 1036 gratia
1756 964 1882 1020 fera:

293 1062 570 1133 producta:
589 1062 755 1116 sunt?
783 1060 914 1115 Nam
931 1062 1108 1115 omnia
1133 1059 1354 1130 perinde
1379 1074 1443 1115 ac
1466 1067 1739 1112 mansueta
1765 1071 1879 1112 ser-

290 1152 517 1206 vitutem
558 1158 926 1220 agnoverunt;
973 1158 1029 1206 et
1074 1150 1369 1204 dominium
1406 1147 1687 1203 manifeste
1726 1146 1882 1200 nobis

292 1249 561 1297 menstrat
612 1241 886 1295 nominum
943 1239 1231 1310 impositio.
1278 1238 1503 1293 Nomina
1546 1237 1712 1304 enim,
1760 1250 1882 1306 qure

294 1331 552 1400 imposuit
580 1330 706 1396 illis,
738 1344 905 1398 usque
936 1330 989 1383 in
1021 1330 1337 1383 hodiernum
1365 1329 1503 1382 diem
1526 1336 1878 1397 permanent:

292 1420 371 1477 ita
397 1420 539 1475 enim
567 1421 681 1473 huic
720 1419 949 1473 ﬁrmavit
977 1419 1136 1485 Deus,
1164 1428 1226 1473 ut
1251 1425 1559 1487 perpetuam
1592 1415 1882 1471 habeamus

292 1511 611 1567 memoriam
664 1510 900 1576 honoris,
951 1525 1110 1580 quem
1164 1509 1315 1564 initio
1353 1507 1523 1563 Adam
1576 1523 1610 1563 a
1655 1507 1882 1562 Domino

292 1603 537 1657 omnium
567 1602 795 1672 accepit,
822 1602 974 1656 bruta
1004 1602 1104 1657 sibi
1136 1600 1344 1656 subdita
1375 1599 1597 1665 habens,
1627 1608 1682 1654 et
1719 1598 1882 1653 ablati

294 1691 462 1762 hujus
484 1706 699 1747 causam
728 1692 803 1747 illi
833 1691 1220 1755 adscribamus,
1248 1692 1340 1762 qui
1363 1699 1579 1760 peccato
1617 1703 1715 1744 suo
1745 1688 1883 1745 hanc

291 1796 448 1839 suam
486 1791 802 1852 potestatem
849 1782 1131 1837 mutilavit.
1168 1781 1261 1836 20.
1309 1780 1379 1835 Et
1418 1782 1643 1845 donavit,
1688 1780 1880 1851 inquit,

292 1871 464 1926 Adam
506 1873 713 1927 nomino
741 1873 974 1927 omnibus
1002 1871 1283 1941 pecoribus,
1314 1881 1362 1926 et
1402 1873 1632 1927 omnibus
1659 1872 1882 1927 volatili-

292 1960 390 2014 bus
412 1962 545 2027 ccli,
572 1970 620 2015 et
638 1960 868 2016 omnibus
896 1961 1062 2015 bestiis
1089 1971 1254 2015 terra.
1281 1961 1416 2016 Hinc
1435 1960 1546 2031 jam
1578 1960 1881 2032 considera,

293 2052 511 2118 dilecte,
534 2053 826 2108 voluntatis
852 2052 1175 2116 libertatem,
1203 2060 1260 2107 et
1297 2052 1572 2123 sapientia:
1601 2052 1718 2122 ejus
1745 2053 1882 2108 etni-

293 2141 554 2208 nentiam,
580 2150 713 2197 etne
730 2141 880 2197 dicas
904 2157 1028 2198 eum
1054 2142 1330 2210 ignorasse
1351 2141 1476 2211 quid
1506 2141 1725 2207 bonum,
1756 2141 1883 2213 quid

293 2232 520 2286 malum.
550 2232 678 2288 Nam
719 2234 807 2303 qui
835 2234 1009 2303 potuit
1031 2234 1287 2303 congruis
1316 2233 1621 2289 nominibus
1640 2234 1882 2304 iumenta

291 2323 589 2394 appellare,
627 2332 691 2380 ~et
729 2324 963 2380 volatilia
1006 2325 1145 2389 cali,
1195 2333 1251 2381 et
1290 2324 1424 2379 alias
1456 2326 1676 2392 bestias,
1708 2340 1882 2396 neque

292 2412 540 2467 ordinem
568 2412 832 2482 confudit,
863 2430 1037 2485 neque
1062 2415 1363 2471 mansuetis
1401 2415 1727 2471 animalibus
1745 2430 1881 2472 con-

295 2502 567 2557 venientia
598 2502 725 2558 feris
748 2505 1021 2575 imposuit,
1067 2518 1167 2560 nec
1194 2504 1323 2560 feris
1350 2506 1697 2576 congruentia
1722 2521 1879 2560 man-

290 2593 463 2647 suetis
481 2594 744 2661 attribuit,
773 2594 869 2650 sed
908 2595 1157 2651 omnibus
1184 2610 1281 2651 sua
1308 2595 1457 2651 dedit
1480 2597 1719 2661 nomina,
1748 2611 1882 2665 quo-

290 2682 456 2738 modo
484 2699 589 2738 non
617 2685 762 2740 omni
788 2687 1045 2756 sapientia
1068 2694 1130 2742 et
1156 2685 1415 2742 industria
1444 2687 1719 2758 pollebat?
1744 2688 1879 2743 Hinc

288 2772 487 2841 cogita,
538 2784 732 2842 quanta
783 2774 943 2845 hujus
987 2777 1239 2846 spiraculi
1286 2776 1340 2831 in
1388 2776 1480 2830 illo
1521 2778 1779 2846 potentia,
1824 2786 1882 2833 et

286 2873 488 2933 quanta
514 2865 845 2937 incorporea:
870 2869 1064 2925 anima:
1108 2871 1389 2941 sapientia,
1422 2887 1580 2941 quam
1622 2871 1879 2929 Dominus

287 2951 368 3006 illi
393 2952 563 3021 dedit,
591 2970 711 3010 cum
740 2957 1057 3014 admirabile
1085 2968 1142 3015 et
1183 2961 1502 3017 rationabile
1551 2962 1653 3017 hoc
1677 2964 1878 3019 animal

287 3056 359 3097 ex
400 3043 606 3098 duabus
642 3048 845 3102 naturis
873 3050 1225 3116 constituens,
1270 3051 1639 3120 iucorpoream
1684 3054 1879 3110 animas

288 3132 664 3202 substantiam,
696 3151 796 3191 ceu
840 3138 1099 3207 optimum
1150 3140 1435 3208 artiﬁcem,
1482 3142 1696 3211 corpori
1725 3144 1878 3215 quasi

288 3219 645 3278 instrumento
686 3225 983 3293 conjunxit.
1035 3227 1200 3298 igitur
1228 3244 1350 3285 cum
1396 3239 1571 3285 tecum
1619 3233 1879 3302 cogitabis

286 3319 491 3368 tantam
532 3312 691 3382 hujus
720 3315 969 3371 animalis
994 3318 1334 3387 sapientiam,
1364 3319 1632 3376 admirare
1660 3321 1879 3392 Opiﬁcis

286 3402 606 3470 potentiam.
633 3402 765 3459 Nam
792 3406 839 3459 si
861 3407 975 3462 caeli
1007 3408 1344 3477 pulchritudo
1364 3424 1394 3464 a
1417 3410 1638 3466 cordata
1663 3422 1876 3481 specta-

286 3500 407 3547 tore
429 3493 560 3560 visa,
589 3493 735 3549 illum
765 3496 833 3551 ad
858 3497 1207 3553 celebrandas
1229 3497 1536 3557 Conditoris
1564 3501 1748 3558 laudes
1777 3504 1876 3559 ad-

282 3581 435 3639 ducit
458 3601 473 3639 :
495 3594 694 3652 quanto
718 3588 886 3657 magis
910 3588 1169 3645 rationale
1198 3589 1301 3646 hoc
1326 3594 1521 3648 animal
1548 3594 1729 3661 homo,
1751 3609 1875 3651 cum

283 3682 437 3726 suam
479 3670 869 3741 formationem,
899 3675 1119 3732 honoris
1146 3694 1177 3733 a
1222 3678 1332 3735 Deo
1358 3680 1459 3735 sibi
1487 3681 1597 3736 dati
1636 3683 1877 3739 eminen-

284 3760 438 3827 tiam,
470 3764 890 3834 magnitudinem
921 3766 1182 3823 donorum
1214 3780 1269 3825 et
1302 3770 1588 3828 ineffabilia
1618 3775 1875 3832 beneﬁcia

282 3852 612 3920 considerat,
650 3864 921 3911 auctorem
952 3857 1143 3913 horum
1164 3860 1431 3917 continuis
1457 3862 1703 3919 laudibus
1732 3881 1874 3935 pm-

283 3941 501 4009 dicare,
559 3953 613 4000 et
657 3960 755 4016 pro
802 3948 915 4004 suis
963 3948 1167 4005 viribus
1208 3951 1429 4022 gloriam
1479 3953 1591 4011 Deo
1644 3956 1907 4015 reddere

283 4036 525 4106 poterit?

358 4124 574 4181 Hor-aiis
608 4128 910 4197 alienatio.
952 4160 1025 4172 ——
1069 4131 1271 4188 Vellem
1310 4142 1366 4189 et
1411 4134 1479 4191 de
1523 4139 1871 4208 sequentibus

282 4227 442 4284 agere
474 4233 488 4269 :
524 4216 617 4271 sed
647 4232 714 4272 ne
756 4218 1095 4276 multitudine
1123 4236 1308 4277 eorum
1332 4239 1451 4293 qua:
1488 4226 1736 4283 dicuntur
1760 4229 1870 4299 jam

281 4302 546 4359 dictorum
586 4306 804 4361 obruam
836 4311 1147 4365 memoriam
1168 4352 1183 4377 ,
1216 4328 1396 4381 operae
1431 4316 1663 4385 pretium
1713 4318 1872 4376 fuerit

280 4390 541 4449 doctrinae
582 4410 888 4453 sermonem
928 4399 1031 4455 hoc
1057 4401 1177 4456 loco
1209 4402 1479 4460 claudere.
1520 4405 1702 4476 Neque
1726 4411 1869 4477 enim

281 4481 387 4539 hoc
409 4486 579 4541 solum
603 4486 754 4541 nobis
778 4503 919 4543 cura:
944 4498 1046 4556 est,
1072 4499 1128 4545 ut
1147 4493 1311 4546 multa
1330 4494 1569 4552 dicamus
1593 4513 1607 4547 ι
1637 4499 1729 4553 sed
1751 4499 1870 4555 ideo

279 4571 509 4629 dicimus
531 4615 547 4641 ,
579 4585 634 4630 ut
666 4588 923 4647 perpetuo
948 4581 1001 4633 in
1034 4581 1227 4636 animis
1256 4585 1451 4639 vestris
1478 4585 1651 4641 deﬁxa
1682 4604 1868 4645 serve.-

280 4665 350 4719 tis
370 4706 386 4732 ,
420 4675 581 4736 utque
622 4684 728 4722 non
758 4670 931 4725 solum
960 4686 1057 4726 vos
1082 4672 1179 4743 ipsi
1208 4674 1390 4729 sciatis
1412 4691 1474 4731 ea
1504 4694 1624 4747 qua:
1651 4681 1703 4735 in
1735 4680 1873 4737 divi-

279 4754 365 4808 nis
394 4754 681 4823 Scripturis
704 4760 1062 4825 continentur,
1092 4762 1186 4816 sed
1214 4770 1272 4817 ut
1299 4774 1353 4818 et
1372 4766 1601 4821 aliorum
1623 4770 1741 4825 sitis
1766 4772 1870 4827 do-

278 4855 477 4908 ctores,
509 4848 829 4917 possitisque
858 4859 914 4903 et
954 4851 1089 4905 alios
1139 4852 1448 4909 admonere.
1490 4856 1869 4930 Unusquisque

278 4936 439 5005 igitur
463 4946 719 5001 vestrum,
744 4938 987 5001 obsecro,
1022 4939 1147 4995 hinc
1176 4957 1421 5011 egressus
1440 4986 1454 5010 ,
1481 4961 1599 5000 cum
1628 4952 1870 5017 proximo

278 5040 378 5079 suo
406 5025 666 5079 dictorum
685 5029 997 5082 memoriam
1027 5029 1264 5094 refricet,
1292 5042 1346 5087 et
1366 5049 1483 5102 qua:
1515 5037 1627 5105 ipse
1651 5042 1870 5096 retinuit

279 5116 530 5183 aﬂ’erens,
563 5132 623 5172 ea
651 5134 769 5187 qua:
798 5119 932 5175 alius
962 5124 1218 5177 memeria
1242 5132 1387 5179 tenet
1413 5129 1656 5197 accipiat.
1706 5132 1773 5187 Et
1798 5135 1867 5189 ita

278 5208 456 5259 omnia
488 5209 799 5278 colligentes
838 5219 997 5280 atque
1046 5216 1302 5268 memoria
1352 5228 1618 5287 tenentes,
1649 5222 1866 5279 domum

278 5298 577 5364 concedite,
607 5300 748 5368 apud
778 5316 874 5355 vos
913 5301 1057 5370 ipsos
1093 5306 1430 5361 ruminantcs
1464 5308 1671 5379 divinas
1710 5312 1869 5370 hasce

280 5387 591 5444 doctrinas:
624 5403 680 5445 ut
707 5392 811 5447 huc
834 5394 981 5447 omni
1008 5408 1134 5448 cura
1162 5406 1338 5450 vestra
1370 5411 1869 5467 conversa,mente-.-

279 5494 383 5546 que
423 5480 475 5533 in
518 5479 601 5534 bis
653 5492 933 5552 occupata,
966 5485 1182 5554 possitis
1231 5485 1386 5541 facile
1434 5500 1488 5543 et
1540 5492 1868 5550 turbulentas

281 5569 442 5651 animi
465 5570 774 5627 affectiones
798 5575 1033 5640 vincere,
1062 5583 1116 5629 et
1142 5575 1335 5630 diaboli
1374 5578 1589 5634 insidias
1612 5582 1865 5653 effugere.

280 5656 411 5712 Nam
433 5675 554 5713 cum
582 5662 753 5717 malus
789 5662 877 5717 ille
900 5664 1108 5719 dmmon
1140 5665 1282 5719 videt
1326 5669 1555 5723 animam
1585 5671 1652 5727 de
1676 5673 1868 5729 divinis

282 5745 442 5807 rebus
468 5749 767 5819 sollicitam,
799 5761 851 5807 ct
877 5761 1129 5823 perpetuo
1158 5755 1277 5811 illas
1313 5757 1633 5825 cogitantem
1665 5770 1717 5816 et
1744 5778 1861 5825 vcr-

1369 400 1435 460 IN
1464 399 1615 459 CAP.
1638 399 1701 455 ll.
1747 397 1995 457 GENES.
2045 398 2267 458 HOMIL.
2316 400 2437 460 XV.

1989 523 2217 582 saniem,
2241 531 2313 572 ne
2335 515 2596 574 accedere
2620 517 2834 588 quidem
2862 516 3092 587 prepius-
3107 516 3290 583 audet,
3321 514 3417 572 sed
3438 518 3585 573 cele-

1989 607 2121 662 riter
2148 609 2344 677 resilit,
2371 625 2401 664 a
2428 609 2659 680 Spiritus
2682 610 2997 679 operatione
3042 607 3196 678 quasi
3243 622 3273 662 a
3322 622 3586 664 succenso

1988 713 2119 768 rogo
2136 700 2376 756 abactos.
2414 700 2482 757 Ut
2510 702 2670 771 igitur
2688 708 2744 755 et
2770 700 2925 756 nobis
2946 699 3232 769 plurimum
3253 700 3324 754 sit
3348 699 3501 764 lucri,
3526 711 3584 756 et

1987 786 2134 842 illum
2181 790 2397 845 vincere
2430 790 2723 857 valeamus,
2752 797 2806 843 et
2845 802 3079 858 superne
3125 788 3280 843 nobis
3310 784 3583 858 cupioslor

1987 886 2268 945 prastctur
2289 880 2480 950 gratia,
2508 879 2560 934 in
2584 878 2667 933 bis
2686 878 2923 933 animum
2946 870 3187 933 nostrum
3206 893 3580 934 exerceamus.

1985 968 2118 1023 Nam
2170 969 2244 1024 ita
2287 971 2740 1039 prosperabuntur
2777 970 2830 1024 in
2869 969 3116 1023 manibus
3142 969 3339 1024 nostris
3375 970 3581 1036 omnia,

1985 1068 2143 1112 erum
2172 1056 2346 1113 facilia
2370 1074 2491 1128 quae
2516 1057 2754 1112 difﬁcilia
2785 1066 2939 1112 erant
2970 1077 2985 1113 :
3015 1071 3137 1126 qua
3162 1055 3386 1111 molesta
3429 1056 3584 1112 vide-

1988 1149 2180 1204 bantur
2204 1164 2346 1213 esse,
2377 1150 2575 1204 bonum
2608 1151 2808 1204 exitum
2828 1148 3139 1212 sortientur,
3163 1162 3266 1203 nec
3290 1145 3583 1217 quidquam

1986 1240 2331 1308 pmsentium
2361 1254 2461 1296 nos
2491 1240 2703 1294 tristitia
2730 1238 2948 1294 afﬁcere
2983 1232 3200 1309 petet-it.
3240 1236 3587 1307 Quandoqui-

1987 1329 2108 1385 dem
2136 1331 2181 1385 si
2208 1330 2365 1386 nobis
2391 1345 2537 1385 cura:
2564 1329 2762 1386 fuerint
2787 1329 2986 1393 divina,
3032 1330 3147 1398 ipse
3185 1341 3398 1398 quoque
3443 1328 3589 1383 Deus

1990 1436 2087 1489 pro
2112 1420 2269 1474 nobis
2294 1421 2554 1476 sollicitus
2579 1421 2703 1487 erit,
2733 1427 2789 1475 et
2816 1433 3008 1490 magna
3045 1418 3332 1473 securitate
3367 1431 3467 1486 per
3491 1431 3585 1486 pe-

1986 1512 2139 1582 lagus
2162 1512 2320 1583 hujus
2344 1513 2465 1567 vita
2491 1511 2881 1583 navigabimus,
2916 1524 2980 1567 ac
3004 1509 3302 1566 deducente
3338 1522 3439 1563 nos
3464 1524 3585 1563 ma-

1984 1616 2091 1671 gno
2119 1602 2212 1658 illo
2240 1602 2600 1673 gubernatore
2648 1602 2761 1658 Deo
2798 1602 2933 1672 ipso,
2965 1600 3035 1657 ad
3086 1601 3231 1656 illius
3282 1599 3584 1656 clementia

1989 1703 2201 1763 portum
2221 1694 2551 1764 appellemus
2582 1712 2599 1748 :
2624 1693 2710 1750 cui
2748 1694 2916 1765 gloria
2942 1695 2984 1761 ⁸,
3011 1701 3068 1750 et
3098 1676 3412 1764 imperium,
3440 1707 3584 1749 nunc

1986 1792 2043 1839 et
2067 1798 2302 1856 semper,
2330 1793 2387 1841 et
2427 1785 2484 1841 in
2534 1785 2740 1841 inﬁnita
2772 1785 2966 1841 saecula
2998 1784 3339 1841 saeculorum.
3378 1784 3579 1842 Amen.

2569 1916 2850 1975 HOMILIA
2888 1917 3004 1973 XV.

1985 2028 2116 2085 Adin
2133 2046 2249 2084 vero
2276 2046 2377 2085 non
2402 2032 2639 2086 inventus
2660 2040 2736 2086 est
2762 2032 2972 2102 odjutor
2993 2030 3175 2087 similis
3194 2029 3292 2086 illi.
3323 2030 3392 2086 Et
3411 2032 3584 2087 ἱππεύ-

2058 2120 2126 2174 sit
2166 2118 2303 2175 Deus
2326 2136 2585 2175 menum
2608 2121 2664 2175 in
2689 2122 2878 2186 Ades»,
2903 2130 2951 2175 et
2976 2120 3237 2175 dormivit.
3276 2118 3347 2175 Et
3392 2122 3585 2191 accepit

2056 2227 2209 2265 unam
2233 2222 2486 2267 costarum
2510 2213 2644 2282 ejus,
2670 2220 2720 2267 et.
2742 2212 2966 2282 implevit
2987 2227 3190 2267 carnem
3218 2227 3312 2281 pro
3351 2211 3463 2266 illa.
3512 2208 3584 2268 Et

2055 2302 2328 2369 tediﬂcouit
2354 2300 2495 2358 Deus
2522 2314 2715 2358 costam
2736 2344 2750 2363 .
2776 2318 2931 2374 φιαυι
2972 2302 3165 2374 occepit
3204 2302 3269 2357 de
3300 2302 3499 2372 Adam,
3528 2303 3585 2359 il

2055 2389 2318 2447 mulierem
2347 2389 2502 2459 (Gen.
2534 2390 2588 2446 2.
2615 2391 2830 2463 20-22).

2056 2502 2112 2556 l.
2154 2501 2232 2556 De
2254 2518 2427 2557 amore
2462 2503 2598 2558 verbi
2616 2502 2775 2557 divini
2795 2503 2901 2558 suis
2922 2502 3239 2557 auditoribus
3270 2501 3580 2575 gratulatur.

1980 2618 2057 2633 —
2084 2590 2324 2661 Magnam
2351 2592 2505 2648 vobis
2520 2591 2693 2647 habeo
2710 2592 2957 2663 gratiam,
2979 2591 3284 2661 quodtanta
3304 2590 3584 2649 alacritate

1984 2680 2288 2737 hesternam
2319 2695 2490 2736 meam
2518 2681 2838 2749 acceperitis
2864 2680 3308 2744 admonitionem,
3335 2689 3392 2736 et
3410 2680 3582 2735 dicto-

1984 2778 2103 2827 rum
2136 2772 2459 2842 prolixitate.
2484 2788 2590 2828 non
2630 2773 2806 2828 solum
2848 2786 2957 2827 non
3004 2772 3123 2827 sitis
3147 2771 3360 2838 offensi,
3396 2772 3494 2829 sed
3524 2772 3581 2830 il

1982 2863 2257 2917 concionis
2283 2862 2423 2918 serie
2449 2869 2762 2932 perpetuum
2784 2860 3035 2917 audiendi
3062 2861 3389 2916 desiderium
3414 2877 3583 2932 usque

1981 2950 2049 3005 ad
2081 2952 2243 3007 ﬁnem
2270 2952 2609 3007 servaveritis
2640 2966 2656 3002 :
2685 2950 2827 3005 unde
2855 2964 3043 3020 magna
3068 2951 3223 3006 nobis
3244 2962 3469 3022 speciest
3484 2966 3583 3009 vos

1982 3041 2237 3110 operibus
2260 3041 2393 3111 ipsis
2420 3040 2646 3096 consilia
2685 3050 2868 3096 nostra
2905 3049 3230 3110 sequuturos
3269 3054 3408 3098 esse.
3447 3040 3583 3097 Nam

1982 3130 2074 3199 qui
2099 3137 2246 3185 tanta
2277 3130 2550 3199 voluptate
2573 3128 2755 3193 audit,
2780 3129 3018 3185 declarat
3064 3128 3131 3192 ad
3176 3134 3341 3201 opera
3355 3145 3581 3205 quoque

1983 3219 2225 3277 iacienda
2263 3236 2324 3277 se
2371 3232 2616 3291 paratum
2649 3242 2665 3279 :
2693 3221 2891 3291 alioqui
2932 3219 3184 3290 frequens
3229 3222 3390 3276 etiam
3438 3234 3584 3278 nunc

1982 3311 2087 3368 iste
2111 3319 2291 3367 vester
2318 3318 2613 3367 conventus
2637 3318 2847 3367 certum
2882 3320 3259 3380 argumentum
3297 3319 3384 3366 081.
3418 3326 3581 3381 quam

1982 3402 2121 3459 bene
2164 3404 2341 3458 anima
2391 3402 2637 3459 valeatis.
2677 3401 2812 3469 Nam
2848 3403 2987 3458 sicut
3022 3402 3233 3457 esurire
3258 3404 3468 3473 signum
3497 3410 3583 3458 est

1980 3496 2136 3552 bonae
2162 3496 2481 3552 valetudinis
2509 3496 2825 3565 corporalis,
2845 3494 2916 3550 ita
2942 3509 3125 3550 amare
3139 3494 3326 3550 divina
3342 3495 3579 3564 eloquia,

1980 3587 2276 3657 spiritualis
2308 3588 2555 3643 sanitatis
2591 3586 2847 3641 iudicium
2889 3585 3047 3640 fuerit
3079 3585 3399 3641 maximum.
3429 3583 3581 3652 Quo-

1981 3680 2124 3733 niam
2151 3688 2330 3734 autem
2357 3678 2561 3735 fructus
2605 3678 2770 3733 vestri
2800 3676 2959 3734 studii
2988 3677 3303 3747 pollicetur,
3335 3690 3434 3731 vos
3458 3691 3581 3747 qua

1978 3769 2201 3825 audistis
2229 3769 2542 3839 impleturos
2568 3784 2710 3836 esse,
2740 3784 2839 3841 age
2863 3777 2920 3825 et
2950 3783 3049 3824 nos
3076 3766 3380 3823 mercedem
3412 3783 3575 3839 quam

1979 3860 2094 3915 beri
2133 3860 2539 3929 pollicebamur,
2569 3860 2731 3917 hodie
2780 3871 2971 3916 vestras
3015 3862 3226 3917 caritati
3268 3860 3580 3917 dinumera-

1977 3967 2119 4047 mus.
2158 3951 2500 4023 Spiritualem
2548 3954 2686 4009 hanc
2727 3953 3025 4009 doctrinam
3074 3953 3379 4010 mercedem
3426 3954 3570 4021 dico,

1977 4044 2097 4113 qua:
2114 4052 2288 4111 potest
2313 4051 2370 4099 et
2394 4058 2573 4100 meam
2593 4058 2791 4114 augere
2806 4044 3158 4099 substantiam
3175 4059 3296 4098 cum
3319 4057 3574 4107 munera-

1975 4150 2128 4200 vero,
2162 4144 2217 4190 et
2245 4149 2340 4191 vos
2364 4136 2451 4205 qui
2482 4136 2741 4206 recipitis,
2770 4136 2992 4191 ditiores
3019 4135 3218 4192 facere.
3261 4136 3375 4191 Hoc
3426 4136 3573 4191 enim

1976 4229 2136 4284 modo
2164 4244 2223 4283 se
2250 4228 2447 4285 habent
2469 4229 2760 4298 spiritualia
2800 4229 2979 4283 omnia
3008 4248 3021 4285 :
3048 4228 3101 4283 id
3130 4228 3273 4298 quod
3305 4229 3357 4282 in
3404 4228 3569 4283 rebus

1975 4320 2317 4375 sensibilibus
2346 4335 2453 4373 non
2473 4327 2575 4374 est.
2606 4318 2738 4373 Nam
2771 4320 2821 4373 in
2848 4319 2952 4373 illis
2972 4356 2989 4381 ,
3014 4319 3104 4389 qui
3146 4318 3451 4373 dinumerat
3479 4332 3574 4386 pe-

1976 4411 2211 4473 cuniam,
2242 4424 2393 4464 suam
2427 4409 2696 4463 imminuit
2714 4408 3063 4463 substantiam
3088 4410 3132 4475 ',
3175 4417 3231 4463 et
3259 4409 3574 4478 locupletio-

1974 4514 2088 4555 rem
2110 4499 2274 4555 efficit
2296 4515 2419 4554 eum
2449 4500 2541 4569 qui
2566 4500 2755 4568 recipit
2782 4516 2796 4549 :
2829 4499 2914 4554 hic
2936 4509 3114 4554 autem
3135 4515 3239 4555 non
3271 4502 3367 4563 sic,
3397 4501 3489 4555 sed
3515 4509 3571 4555 et

1976 4596 2022 4645 is
2041 4592 2132 4661 qui
2162 4601 2443 4655 numerat,
2478 4606 2603 4645 suas
2632 4590 2913 4645 facultates
2946 4591 3114 4661 magis
3143 4601 3329 4660 auget,
3355 4600 3407 4645 et
3429 4591 3569 4646 reci-

1976 4680 2243 4750 pientibus
2260 4680 2565 4735 divitiarum
2604 4680 2827 4735 multum
2856 4680 3083 4735 accedit.
3126 4680 3309 4751 itaque
3353 4694 3472 4734 cum
3515 4688 3571 4734 et

1977 4772 2129 4825 nobis
2158 4778 2399 4839 prompta
2420 4770 2489 4825 sit
2509 4771 2900 4836 benevolentia,
2932 4780 2989 4825 et
3011 4785 3109 4825 vos
3123 4770 3429 4839 spirituales
3450 4770 3569 4824 illas

1974 4876 2107 4931 opes
2142 4862 2437 4930 suscepturi
2469 4862 2617 4916 sinus
2650 4860 2848 4915 mentis
2889 4869 3103 4929 paratos
3149 4860 3431 4915 habeatis:
3470 4873 3569 4927 age

1976 4962 2291 5021 prmstcmus
2320 4952 2461 5021 quod
2486 4954 2540 5009 in
2567 4965 2664 5006 nos
2689 4951 3011 5020 recepimus,
3035 4960 3089 5005 et
3112 4951 3303 5006 iterum
3335 4950 3567 5018 acceptis

1977 5044 2060 5107 iis,
2086 5058 2206 5112 quae
2226 5056 2291 5097 ex
2308 5052 2559 5098 contextu
2588 5042 2726 5097 beati
2754 5041 2915 5095 Mosis
2939 5042 3076 5096 lecta
3103 5048 3246 5105 sunt,
3276 5040 3397 5095 inde
3415 5039 3568 5093 vobis

1975 5135 2276 5190 mercedem
2332 5133 2741 5188 dinumeremus.
2816 5132 2947 5199 Qua:
2999 5134 3157 5203 igitur
3209 5133 3369 5187 hodie
3422 5132 3561 5185 lecta

1975 5235 2097 5281 sunt
2126 5226 2178 5279 in
2207 5225 2440 5280 medium
2469 5224 2643 5279 alferri
2674 5223 2890 5290 debent,
2920 5232 2979 5277 ut
3005 5223 3281 5279 thesauros
3306 5236 3562 5276 sensuum

1976 5317 2027 5367 in
2057 5314 2232 5368 verbis
2262 5316 2507 5372 latentes.
2539 5313 2820 5383 diligenter
2836 5314 3110 5383 quaesitos,
3131 5313 3338 5368 caritati
3364 5319 3561 5366 vestra

2031 5405 2048 5443 ⁸
2082 5402 2336 5466 misum...
2362 5400 2676 5466 appellemus,
2714 5402 2873 5466 gratia
2894 5408 2952 5466 et
2982 5403 3321 5466 misericordia
3365 5399 3559 5466 Domini

1966 5465 2119 5530 nostri
2133 5473 2251 5515 Jesu
2272 5461 2449 5530 christ'i
2472 5478 2587 5530 cum
2603 5477 2695 5527 quo
2807 5464 3024 5530 patrie:
3048 5463 3246 5530 Spiritui
3268 5471 3434 5530 δαῖτας)
3456 5461 3556 5530 glo-

1965 5527 2060 5586 ria,
2102 5532 2198 5577 etc.
2225 5533 2273 5574 In
2295 5524 2432 5575 hisce
2456 5524 2636 5583 verbis,
2673 5538 2783 5587 qua:
2807 5524 3026 5574 bomilias
3045 5524 3291 5580 claudunt.
3318 5524 3463 5587 multa
3504 5524 3553 5573 iu

1966 5585 2297 5647 lacuscriptis
2312 5589 2598 5638 observatur
2619 5585 2843 5643 varietas,
2868 5592 2924 5633 ut
2942 5594 3109 5636 monet
3123 5590 3269 5637 etiam
3292 5585 3516 5635 Savilius.

2031 5658 2049 5686 '
2077 5658 2261 5704 Omnes
2284 5654 2472 5703 habent
2498 5666 2687 5710 vocem,
2712 5648 3029 5700 substantiam
3058 5652 3162 5710 (τήν
3185 5649 3394 5710 suam).
3422 5662 3550 5707 pri?-

1968 5722 2048 5764 ter
2092 5719 2214 5789 lleg.
2251 5728 2407 5764 unum
2437 5721 2490 5765 ct
2523 5708 2691 5764 alorci.
2715 5712 2801 5782 qui
2839 5710 3040 5772 habent,
3063 5708 3409 5759 abundantiam
3444 5711 3549 5769 (τήν

1968 5792 2264 5834 πεοιουσιανι
2275 5812 2285 5825 .
