4068 6458
567 520 944 575 pmponamus.
984 505 1219 561 Audistis
1243 508 1386 562 enim
1413 509 1572 562 modo
1594 510 1921 579 Scripturam
1947 508 2132 562 dicen-

569 607 673 647 tem
705 594 831 650 :20.
859 594 985 648 Adw
1002 611 1116 650 vero
1141 612 1242 650 non
1267 599 1492 651 inventus
1514 609 1588 654 est
1610 601 1817 669 adjutor
1839 599 2015 653 similis
2033 598 2131 654 illi.

563 682 699 750 Quid
740 683 842 738 sibi
881 685 990 738 vult
1019 681 1193 740 brevis
1240 687 1356 742 inec
1395 688 1579 753 dictio,
1609 691 1734 743 Adae
1778 690 1930 744 vero?
1968 703 2136 760 quare

564 773 782 842 apponit
797 775 1254 844 eonjunctionem?
1267 791 1443 832 annon
1453 778 1740 834 snitlciebat
1752 778 1948 843 dicere,
1969 779 2136 834 Adae?

563 859 678 914 Non
704 862 902 932 absque
929 865 1132 919 ratione
1150 903 1166 930 ,
1189 880 1363 935 neque
1386 868 1705 923 curiositatis
1745 869 1912 937 gratia
1964 868 2138 938 inqui-

565 953 716 1006 rendi
749 952 869 1007 talia
893 954 1047 1007 nobis
1083 956 1290 1010 animus
1310 968 1424 1022 est,
1453 957 1547 1012 sed
1569 966 1626 1012 ut
1651 957 1934 1026 diligenter
1956 959 2134 1012 omnia

563 1041 714 1095 vobis
742 1041 1171 1112 interpretantes,
1193 1044 1474 1101 doceamus
1503 1061 1598 1101 vos
1639 1060 1810 1116 neque
1847 1047 2134 1102 dictionem

564 1141 802 1195 parvam,
831 1145 1002 1202 neque
1029 1133 1282 1205 syllabam
1312 1150 1469 1190 uuam
1499 1136 1550 1190 in
1581 1136 1775 1192 divinis
1796 1136 1985 1193 Literis
2003 1151 2136 1191 cou-

566 1225 764 1272 tentam
789 1234 911 1275 esse
946 1222 1387 1290 praetereundam.
1421 1224 1536 1278 Non
1587 1227 1730 1281 enim
1753 1227 1910 1282 verba
1933 1225 2138 1297 qualia-

562 1321 792 1377 cumque
818 1317 960 1372 sunt,
986 1309 1080 1365 sed
1105 1310 1330 1379 Spiritus
1356 1313 1527 1368 sancti
1560 1314 1717 1370 verba
1734 1355 1749 1376 .
1771 1323 1827 1369 et
1854 1324 2134 1384 propterea

566 1413 813 1469 magnum
849 1400 919 1455 ibi
949 1403 1251 1457 thesaurum
1281 1404 1520 1459 invenire
1561 1404 1712 1471 licet,
1747 1405 1906 1459 etiam
1945 1406 1999 1460 in
2031 1420 2132 1459 una

564 1490 785 1558 syllaba.
811 1492 1120 1548 Auscultate
1147 1494 1324 1564 igitur,
1355 1495 1598 1560 obsecro,
1616 1509 1803 1566 magna
1823 1494 2131 1566 diligentia;

565 1579 740 1635 nullus
779 1581 955 1647 deses,
993 1583 1168 1639 nullus
1218 1586 1608 1641 somniculosus
1646 1588 1734 1650 sit,
1756 1600 1944 1642 omnes
1989 1585 2136 1656 vigili

563 1672 742 1725 animo
765 1671 976 1737 adeste;
1001 1673 1173 1728 nullus
1196 1674 1432 1730 externis
1447 1675 1882 1745 occupationibus
1901 1684 2134 1730 mentem

562 1759 837 1824 distrahat,
870 1761 1074 1816 nullum
1099 1763 1381 1818 saeculares
1403 1779 1547 1819 cura:
1571 1765 1854 1834 abripiant,
1871 1765 1966 1820 sed
1991 1765 2138 1835 cogi-

562 1858 638 1903 tet
667 1852 1025 1922 unusquisque
1071 1854 1363 1923 spiritualis
1409 1855 1566 1924 hujus
1605 1856 2028 1926 congregationis
2055 1856 2136 1911 di-

561 1939 834 2007 gnitatem,
861 1951 915 1995 et
937 1956 1000 1996 ea
1027 1958 1146 2013 qua;
1187 1943 1485 2000 audivimus
1509 1945 1677 2000 Deum
1701 1947 1856 2002 nobis
1895 1961 1990 2016 per
2012 1961 2135 2016 pro-

565 2029 839 2097 phetarum
861 2033 1090 2102 linguam
1115 2035 1334 2091 dicere:
1357 2036 1537 2105 sicque
1559 2051 1719 2092 aures
1742 2038 1940 2107 arrigat
1971 2046 2026 2094 et
2050 2037 2132 2092 in-

564 2128 763 2174 tentam
813 2131 1043 2177 mentem
1091 2123 1372 2187 adhibeat,
1421 2139 1486 2179 ne
1527 2125 1728 2195 aliquid
1776 2141 1960 2180 eorum
2014 2141 2134 2196 quae

561 2208 903 2275 seminamus,
935 2211 988 2265 in
1017 2221 1218 2280 petram
1245 2213 1420 2278 cadat,
1440 2215 1524 2269 vel
1543 2229 1698 2271 secus
1714 2218 1872 2280 viam,
1892 2217 1974 2272 vel
1996 2217 2134 2271 inter

559 2295 774 2365 spinas;
804 2297 899 2352 sed
923 2313 1083 2355 omne
1119 2316 1304 2357 semen
1335 2305 1387 2357 in
1415 2311 1611 2358 terram
1641 2305 1864 2368 bonam.
1891 2305 2132 2360 latitudi-

562 2399 685 2439 nem
733 2386 856 2442 dico
904 2389 1098 2445 mentis
1144 2401 1354 2461 vestrae,
1392 2394 1706 2464 projectum,
1736 2396 1938 2466 largum
1983 2397 2134 2452 vobis

562 2477 788 2533 fructum
810 2479 998 2537 aderre
1023 2493 1199 2552 queat,
1227 2495 1280 2539 et
1308 2501 1337 2537 a
1367 2487 1516 2540 nobis
1543 2488 1847 2545 concredita
1874 2490 2131 2561 multipli-

559 2576 666 2622 cet.
704 2567 966 2624 Ceterum
993 2571 1267 2628 videamus
1290 2575 1413 2643 quid
1435 2576 1534 2632 sibi
1565 2578 1695 2632 velit
1719 2577 1878 2647 hujus
1897 2579 2130 2649 conjun-

560 2657 754 2713 ctionls
776 2662 962 2729 copula
994 2679 1008 2714 :
1038 2661 1168 2716 Adin
1217 2678 1332 2719 vero
1384 2682 1485 2720 non
1535 2669 1879 2724 inveniebatur
1929 2671 2136 2742 adjutor

558 2747 740 2802 similis
765 2748 863 2802 illi.
908 2749 1060 2817 Vide,
1087 2751 1331 2817 obsecro,
1356 2754 1550 2811 divinae
1591 2756 1878 2828 Scriptura:
1914 2775 2133 2816 accura-

561 2847 670 2892 tam
689 2837 1035 2909 diligentiam.
1063 2842 1345 2915 Postquam
1364 2846 1518 2913 dixit,
1547 2849 1672 2902 Adat
1695 2864 1810 2904 vero
1834 2867 1937 2905 non
1961 2852 2135 2905 inven-

561 2941 641 2984 tus
666 2940 738 2986 est
756 2931 959 3002 adjutor
988 2935 1005 2965 ⁸
1039 2950 1055 2984 :
1088 2949 1192 2989 non
1219 2936 1292 2991 ibi
1311 2937 1565 3003 substitit,
1587 2939 1681 2995 sed
1709 2940 1942 3010 adjecit,
1971 2942 2134 2998 Simi-

561 3020 625 3075 lis
651 3021 728 3074 illi
755 3037 774 3076 .°
795 3022 1152 3079 additamento
1180 3025 1274 3081 illo
1312 3042 1526 3083 causam
1552 3031 1707 3084 nobis
1732 3030 2038 3096 declarans,
2063 3033 2136 3087 ob

561 3126 720 3181 quam
749 3114 1136 3183 conjunctiouis
1154 3118 1396 3187 copulam
1425 3120 1709 3176 addiderit.
1734 3121 2000 3178 Existimo
2014 3139 2138 3179 acu-

559 3206 724 3262 tiores
768 3208 1072 3276 conjectare
1111 3225 1266 3281 posse
1293 3253 1309 3276 ,
1349 3222 1405 3268 et
1447 3215 1739 3284 praevidere
1779 3216 1902 3285 quid
1943 3216 2135 3274 dicturi

557 3295 744 3350 simus.
789 3295 981 3352 Verum
1000 3300 1125 3370 quia
1154 3301 1321 3356 nostri
1343 3301 1503 3359 ofﬁcii
1534 3316 1653 3372 est,
1680 3305 1770 3375 qui
1799 3320 2135 3362 communem

557 3385 806 3441 omnibus
824 3387 1117 3444 doctrinam
1149 3390 1484 3460 proferimus,
1513 3395 1761 3450 omnibus
1779 3397 1938 3451 etiam
1965 3395 2139 3451 mani-

559 3475 694 3530 festa
725 3475 898 3533 facere
920 3495 1040 3550 qua
1065 3495 1095 3535 a
1121 3483 1274 3539 nobis
1301 3483 1548 3540 dicuntur
1569 3527 1584 3550 ,
1612 3501 1709 3557 age
1728 3487 2015 3544 doceamus
2039 3504 2134 3544 vos

555 3566 706 3634 cujus
729 3568 896 3637 gratia
920 3571 1002 3625 sic
1023 3570 1247 3637 dixerit;
1270 3573 1363 3629 sed
1391 3589 1673 3644 parumper
1693 3578 1968 3633 sustinete.
1998 3577 2132 3632 Nam

558 3666 838 3725 postquam
876 3657 928 3711 in
957 3651 1319 3729 superioribus
1337 3663 1511 3729 dictis,
1539 3666 1676 3720 sicut
1695 3681 1961 3723 memores
1980 3669 2130 3732 estis,

555 3745 828 3814 Scriptura
879 3747 1057 3803 divina
1101 3751 1361 3817 dixisset,
1410 3752 1683 3809 Faciamus
1731 3757 1808 3810 illi
1849 3759 2135 3827 adjutorem

556 3833 832 3888 secundum
852 3851 1002 3891 eum:
1032 3841 1208 3894 statim
1228 3840 1411 3897 docuit
1436 3857 1534 3897 nos
1564 3843 1870 3910 bestiarum,
1897 3856 1952 3902 et
1973 3849 2136 3917 repti-

559 3925 685 3979 iium
711 3935 766 3981 et
788 3925 1062 3982 brutorum
1083 3933 1316 3986 omnium
1343 3931 1748 4001 formationem;
1774 3937 1848 3991 ait
1873 3939 2039 4004 enim,
2067 3937 2133 3992 Et

558 4014 792 4097 formavit
811 4013 950 4070 Deus
968 4018 1136 4072 adhuc
1160 4021 1222 4072 de
1239 4029 1370 4074 terra
1390 4039 1560 4078 omnes
1587 4024 1786 4090 bestias,
1829 4035 1878 4080 et
1909 4027 2134 4082 volucres

557 4103 688 4164 ccli.
711 4113 758 4157 et
772 4104 916 4160 duxit
938 4107 1028 4161 illa
1055 4109 1122 4162 ad
1144 4109 1326 4175 Adam,
1358 4121 1412 4166 ut
1435 4115 1619 4169 videret
1639 4117 1761 4184 quid
1780 4127 1976 4172 vocaret
2017 4116 2133 4172 illa.

563 4190 630 4245 Et
653 4195 806 4261 quasi
827 4195 1073 4251 dominus
1097 4201 1348 4254 omnibus
1373 4202 1620 4272 imposuit
1649 4207 1884 4272 nomina,
1910 4215 1966 4261 et
2011 4208 2134 4262 uni-

560 4283 752 4354 cuique
798 4285 1110 4352 bestiarum,
1135 4296 1189 4342 et
1235 4289 1528 4354 volucrum.
1559 4303 1615 4347 et
1659 4293 1932 4349 brutorum
1989 4297 2134 4351 omni

559 4376 739 4441 generi
787 4390 941 4430 suum
974 4379 1288 4433 vocabulum
1333 4382 1624 4436 secundum
1673 4400 1982 4440 concessam
2033 4387 2135 4441 sibi

561 4465 874 4533 sapientiam
895 4467 1179 4537 assignavit
1204 4487 1216 4521 :
1247 4480 1306 4523 ut
1325 4472 1460 4525 scire
1489 4487 1783 4540 possemus,
1806 4489 1991 4530 omnes
2019 4475 2136 4531 illas

561 4564 851 4620 creaturas,
879 4557 1005 4612 licet
1050 4559 1250 4614 homini
1295 4561 1599 4617 ministrent
1645 4574 1701 4618 et
1740 4580 1838 4619 nos
1883 4565 2137 4636 adjuvent

561 4645 898 4712 cooperando
923 4647 1218 4712 nobiscum,
1257 4650 1645 4707 irrationabiles
1685 4663 1858 4710 tamen
1904 4666 2138 4724 esse,et

565 4735 780 4789 homine
820 4737 975 4807 longe
1019 4739 1331 4807 inferiores;
1361 4743 1501 4797 unde
1543 4759 1612 4798 ne
1639 4755 1883 4813 putemus
1905 4762 2029 4803 eum
2065 4748 2135 4804 de

563 4824 671 4879 illis
693 4824 912 4890 dixisse,
952 4825 1224 4882 Faciamus
1248 4831 1325 4883 illi
1352 4833 1658 4902 adjutorem.
1680 4833 1812 4889 Nam
1837 4837 1960 4892 licet
1981 4838 2135 4907 adju-

564 4923 713 4978 veat,
741 4927 796 4970 et
823 4916 877 4970 in
919 4918 1097 4972 multis
1118 4919 1414 4976 ministerio
1449 4939 1546 4978 suo
1571 4925 1770 4982 homini
1813 4930 1968 4986 utiles
1998 4932 2129 4997 sint,

564 5006 771 5061 ratione
798 5016 975 5064 tamen
995 5019 1197 5066 carent.
1238 5011 1380 5068 Sane
1405 5015 1548 5085 quod
1586 5016 1769 5085 jovent
1792 5035 1890 5077 nos
1907 5060 1923 5088 ,
1953 5037 2132 5078 rerum

562 5097 717 5154 docet
740 5102 1082 5167 experientia.
1102 5103 1218 5158 Alia
1238 5104 1379 5159 enim
1395 5107 1540 5162 utilia
1557 5118 1681 5164 sunt
1698 5110 1763 5164 ad
1786 5112 2132 5169 convehenda

569 5191 891 5268 necessaria,
913 5192 1014 5247 alia
1040 5191 1106 5247 ad
1133 5194 1409 5250 colendam
1435 5204 1652 5252 terram.
1697 5198 2130 5272 Quandoquidem

562 5279 664 5334 bos
682 5289 914 5334 aratrum
939 5281 1117 5348 trahit,
1144 5285 1321 5340 sulcos
1350 5294 1512 5348 secat.
1540 5296 1595 5342 et
1627 5289 1774 5343 varia
1799 5290 2134 5360 agricultura:

562 5385 726 5440 opera
745 5381 956 5427 exercet
971 5388 986 5438 ;
1011 5374 1192 5428 asinus
1205 5373 1272 5428 ad
1282 5377 1622 5432 convehenda
1638 5382 1933 5436 necessaria
1947 5383 2134 5440 admo-

561 5462 690 5515 dum
715 5462 858 5516 utilis
878 5469 960 5516 est
980 5503 996 5526 ,
1021 5473 1074 5517 et
1095 5465 1343 5535 pleraque
1361 5466 1607 5522 animalia
1630 5470 1736 5526 alia
1764 5473 2002 5540 corporis
2035 5489 2134 5528 no-

562 5551 660 5605 stri
707 5550 826 5606 usui
874 5552 1126 5607 serviunt.
1167 5553 1376 5610 Etenim
1417 5571 1545 5613 oves
1569 5559 1744 5618 lanam
1774 5561 1842 5616 ad
1873 5565 2133 5632 parandas

623 5725 641 5756 ¹
675 5725 811 5776 sarit.
839 5736 887 5780 et
915 5730 1118 5796 misum,
1143 5735 1333 5797 edimur
1355 5735 1523 5789 similis
1549 5737 1636 5788 illi.

1267 393 1324 448 S.
1361 392 1636 453 JOANNIS
1655 393 2124 453 CllliYSOSTOIIl
2161 390 2478 450 ARCIIIEP.
2516 392 3042 450 CONSTANTINOP.

2241 516 2419 562 vestes
2448 507 2705 576 praebent,
2733 515 2789 561 et
2828 520 3003 576 caprre
3027 521 3094 562 ex
3118 507 3231 562 suis
3255 505 3376 576 pilis
3414 503 3614 575 aliquid
3635 509 3834 558 nostra

2240 597 2541 651 ministerio
2584 596 2832 660 afferunt,
2865 597 3102 665 Iacteque
3151 606 3206 651 et
3246 596 3354 651 alio
3397 609 3612 664 quoque
3657 592 3829 645 ωωο

2239 702 2417 744 escam
2443 685 2701 757 praebent.
2741 687 2971 742 Proinde
2999 701 3065 741 ne
3083 686 3355 742 existimes
3371 727 3388 751 ,
3416 685 3467 740 id
3489 681 3635 754 quod
3658 695 3830 749 suln

2241 777 2390 844 dicit,
2418 775 2693 832 Faciamus
2715 778 2794 832 illi
2826 777 3130 847 adjutorem,
3159 777 3229 832 dc
3256 777 3361 832 illis
3386 775 3588 831 dictum
3632 787 3649 826 :
3697 769 3830 826 ilico

2242 882 2382 922 nunc
2430 881 2732 922 sermonem
2777 867 3054 935 incipiens,
3085 866 3275 934 inquit,
3301 864 3427 919 Adae
3461 877 3580 916 vero
3609 876 3714 914 non
3750 860 3830 913 iu-

2240 967 2415 1011 ventus
2441 967 2514 1010 est
2532 957 2737 1026 odjutor
2779 955 2961 1011 similis
2996 957 3041 1009 ei
3061 971 3082 1010 ε
3105 955 3255 1025 quasi
3270 954 3487 1009 doceret
3513 965 3613 1006 nos
3633 951 3833 1005 bealtus

2239 1045 2454 1113 Moses,
2483 1056 2539 1101 et
2566 1045 2682 1100 hace
2717 1044 2922 1100 diceret
2965 1045 3128 1099 verba
3161 1062 3175 1098 :
3208 1044 3335 1099 Haec
3381 1041 3560 1098 omnia
3604 1039 3832 1110 quidem

2241 1136 2497 1206 producta
2522 1143 2667 1200 sunt,
2698 1135 2836 1191 etab
2860 1132 3034 1191 Adam
3075 1149 3169 1189 sua
3215 1140 3538 1202 acceperunt
3582 1133 3830 1198 nomina,

2238 1227 2442 1282 nullum
2469 1235 2648 1282 tamen
2689 1242 2756 1283 ex
2783 1227 2851 1282 iis
2901 1225 3151 1281 omnibus
3173 1223 3391 1294 dignum
3419 1223 3522 1277 fuit
3547 1223 3830 1276 inventurus

2238 1317 2381 1388 quod
2408 1317 2555 1371 illum
2581 1316 2875 1386 adjuvaret.
2919 1316 3042 1371 Ideo
3066 1315 3252 1370 volens
3277 1329 3376 1368 nos
3401 1311 3598 1368 docere
3626 1310 3836 1382 produ-

2238 1407 2394 1464 cendi
2432 1407 2678 1462 animalis
2722 1406 3116 1472 formationem,
3147 1413 3203 1460 et
3230 1405 3468 1460 indicare
3494 1402 3692 1457 animal
3720 1401 3832 1459 hoc

2240 1497 2638 1567 producendum
2690 1497 2829 1552 istud
2857 1499 3028 1567 ipsum
3075 1511 3194 1551 esse
3217 1495 3286 1551 de
3314 1510 3423 1565 quo
3446 1493 3680 1558 dicebat,
3716 1491 3832 1546 Fa-

2239 1589 2434 1641 ciamus
2484 1587 2562 1640 illi
2602 1586 2886 1657 adjutorem
2933 1585 3208 1640 secundum
3246 1585 3416 1652 illum,
3468 1582 3699 1638 similem
3750 1581 3830 1637 illi

2240 1675 2431 1744 inquit,
2464 1675 2569 1731 hoc
2610 1685 2714 1742 est,
2756 1675 2995 1744 ejusdem
3041 1674 3369 1737 substantia,
3418 1672 3536 1742 ipso
3576 1671 3828 1743 dignum,

2240 1768 2357 1837 ipso
2383 1767 2513 1821 nihil
2542 1766 2844 1822 inferiorem
2870 1782 2884 1818 :
2916 1775 2971 1822 et
2996 1765 3134 1821 hanc
3169 1765 3241 1820 ob
3281 1781 3395 1820 rem
3435 1764 3668 1830 dicebat,
3698 1764 3830 1818 Ala

2237 1874 2354 1912 vero
2381 1873 2484 1911 non
2528 1856 2869 1912 inveniebatur
2907 1856 3114 1926 adjutor
3138 1855 3319 1910 similis
3363 1855 3440 1909 illi
3467 1870 3488 1910 :
3515 1863 3830 1908 monstrans

2243 1947 2397 2002 nobis
2421 1947 2607 2002 beatus
2630 1947 2718 2000 ille
2737 1987 2753 2010 ,
2775 1954 3262 2016 quantumcumque
3285 1944 3439 1999 nobis
3467 1943 3828 1998 ministerium

2238 2036 2524 2092 exhibeant
2557 2035 2670 2090 haec
2700 2036 2852 2090 bruta
2871 2073 2889 2100 ,
2918 2034 3060 2089 aliud
3089 2043 3264 2088 tamen
3287 2031 3555 2105 quoddam
3606 2031 3825 2099 adjuto-

2235 2126 2373 2180 rium
2400 2139 2520 2180 esse
2539 2125 2718 2180 multis
2742 2125 2978 2180 numeris
3001 2124 3364 2189 excellenttus,
3385 2122 3527 2194 quod
3549 2137 3580 2176 a
3596 2121 3831 2177 muliere

2237 2218 2367 2273 Ade
2400 2225 2698 2286 prastatur.
3471 2288 3491 2297 κ

2305 2310 2362 2363 2.
2403 2308 2584 2380 itaque
2607 2311 2734 2379 quia
2755 2308 3002 2365 omnibus
3027 2307 3343 2364 animalibus
3378 2305 3488 2376 jam
3522 2303 3828 2374 productis.

2237 2410 2294 2459 et
2319 2417 2474 2457 suum
2523 2415 2715 2456 nomen
2745 2415 2776 2455 a
2808 2401 2978 2468 primo
3028 2399 3244 2455 homine
3289 2397 3514 2465 sortitis,
3559 2394 3828 2464 benignius

2238 2493 2493 2548 Dominus
2520 2493 2749 2547 similem
2780 2491 2858 2546 illi
2883 2491 3180 2560 adjutorem
3203 2497 3261 2543 ut
3287 2487 3607 2558 produceret
3641 2483 3828 2555 inqui-

2237 2581 2388 2638 rebat
2418 2581 2546 2651 :qui
2589 2580 2769 2636 omnia
2796 2588 3009 2649 propter
3045 2579 3316 2634 hominem
3338 2591 3371 2631 a
3419 2589 3479 2632 se
3533 2574 3826 2630 formatum

2237 2669 2530 2741 dispensat,
2555 2678 2610 2724 et
2638 2677 2852 2740 propter
2878 2669 3019 2723 hunc
3042 2681 3256 2722 omnem
3298 2664 3560 2720 visibilem
3606 2672 3827 2718 creata-

2238 2777 2351 2816 ram
2393 2759 2662 2830 produxit,
2684 2761 2729 2814 is
2775 2774 2899 2814 cum
2953 2759 3074 2813 allis
3126 2757 3374 2813 omnibus
3423 2763 3480 2810 et
3531 2753 3824 2808 mulierum

2237 2851 2451 2907 format.
2493 2851 2563 2906 Et
2609 2850 2732 2906 vide
2772 2865 2930 2920 quam
2969 2850 3255 2920 diligenter
3301 2846 3677 2903 formationem
3721 2857 3829 2900 nios

2237 2940 2443 2995 doceat.
2484 2939 2615 2995 Nam
2645 2947 2925 3009 postquam
2955 2953 3054 2993 nos
3072 2939 3274 3005 docuit,
3303 2951 3363 2993 se
3392 2935 3527 2992 velle
3555 2933 3825 3004 produce-

2239 3047 2299 3089 re
2323 3032 2400 3087 illi
2421 3033 2740 3102 adjutorium
2782 3031 2954 3086 simile
2985 3030 3088 3100 ipsi
3119 3046 3133 3083 :
3162 3043 3284 3084 nam
3319 3027 3566 3097 superius
3587 3027 3823 3090 dixerat,

2241 3119 2514 3176 Faciamus
2539 3122 2613 3175 illi
2639 3121 2952 3191 adjutorium
2987 3119 3264 3174 secundum
3303 3117 3448 3170 illum
3477 3134 3496 3171 :
3540 3125 3595 3171 et
3624 3116 3713 3171 hic
3736 3115 3825 3170 in-

2240 3211 2374 3280 quit,
2412 3208 2531 3264 Non
2556 3210 2892 3264 inveniebatur
2942 3207 3148 3278 adjutor
3187 3206 3366 3262 similis
3393 3206 3473 3260 illi
3519 3222 3540 3260 :
3581 3219 3702 3260 eam
3750 3204 3827 3259 ob

2240 3314 2454 3355 causam
2477 3315 2540 3354 ex
2567 3299 2706 3353 illius
2743 3297 3039 3353 substantia
3084 3297 3252 3368 ipsam
3280 3294 3496 3358 format,
3523 3304 3580 3350 et
3605 3294 3777 3363 inquit
3801 3309 3820 3347 :

2239 3389 2329 3444 ει.
2355 3387 2421 3442 Et
2445 3388 2649 3441 immisit
2679 3386 2928 3441 Dominus
2981 3384 3117 3440 Deus
3161 3400 3415 3440 messum
3461 3385 3517 3437 in
3551 3382 3742 3448 Adam,
3771 3392 3823 3437 et

2239 3480 2491 3532 dormivit.
2523 3476 2592 3530 Et
2617 3479 2809 3548 accepit
2832 3493 2987 3530 unum
3017 3486 3267 3531 costarum
3311 3474 3472 3540 illius,
3499 3481 3550 3527 et
3595 3473 3826 3540 implevit

2239 3584 2440 3622 carnem
2501 3583 2593 3637 pro
2644 3568 2754 3622 illa.
2801 3565 2893 3620 22.
2946 3565 3342 3635 Εάὶροουὶιφιο
3389 3563 3634 3617 Dominus
3681 3561 3824 3615 Deus

2239 3669 2427 3713 costam
2454 3699 2470 3725 ,
2499 3675 2650 3729 «om
2673 3659 2864 3727 accepit
2891 3657 2955 3711 de
2980 3657 3144 3710 Adam
3166 3697 3182 3720 ,
3209 3655 3264 3710 in
3290 3653 3573 3719 mulierem,
3603 3662 3652 3706 et
3674 3651 3825 3704 duxit

2239 3749 2381 3801 illam
2407 3748 2475 3801 ad
2511 3748 2694 3801 Adam.
2725 3747 2910 3818 Magna
2951 3747 3234 3802 verborum
3278 3745 3359 3800 vis
3384 3755 3498 3809 est,
3527 3752 3582 3798 et
3603 3756 3822 3798 omnem

2242 3835 2530 3891 humanum
2565 3846 2778 3906 captum
2837 3835 3246 3892 transcendens.
3290 3833 3408 3889 Non
3464 3833 3607 3888 enim
3664 3831 3824 3886 aliter

2242 3935 2463 3996 possunt
2489 3925 2602 3980 huic
2645 3940 2834 3994 magna
2861 3926 3102 3996 intelligi,
3129 3940 3288 3995 quam
3335 3923 3457 3978 ﬁdei
3483 3921 3656 3977 oculis
3683 3935 3822 3976 cou-

2239 4026 2440 4085 specta.
2481 4014 2549 4068 Et
2576 4015 2780 4068 immisit
2824 4013 2981 4079 Deus,
3029 4015 3198 4083 inquit
3219 4055 3234 4078 ,
3265 4029 3518 4067 excessum
3547 4013 3600 4064 in
3631 4011 3820 4075 Atlans,

2239 4115 2288 4158 et
2307 4105 2560 4158 dormivit.
2585 4103 2719 4159 Vide
2738 4118 2895 4174 quam
2916 4112 3161 4158 accurata
3178 4104 3248 4160 sit
3265 4114 3320 4158 et
3340 4103 3533 4159 eximia
3551 4102 3820 4157 doctrina.

2242 4193 2477 4263 Utraque
2516 4192 2693 4262 posuit
2735 4192 2925 4247 beatus
2967 4193 3060 4249 ille
3102 4191 3399 4264 propheta,
3432 4194 3540 4246 imo
3587 4191 3826 4261 Spiritus

2241 4294 2455 4341 sancuts
2481 4299 2575 4353 per
2602 4283 2741 4337 illius
2770 4282 3000 4352 linguam
3030 4323 3047 4349 ,
3073 4283 3273 4338 docens
3299 4297 3398 4337 nos
3445 4283 3704 4336 factorum
3735 4296 3827 4335 se-

2242 4375 2397 4430 riem.
2433 4372 2892 4441 Immisitpinquit,
2925 4388 3178 4427 excessum
3200 4374 3254 4427 in
3279 4373 3464 4435 Adam,
3487 4383 3536 4426 et
3560 4371 3822 4426 dormivit.

2240 4465 2391 4532 Quod
2422 4473 2550 4520 tunc
2579 4465 2760 4528 fiebat,
2785 4477 2958 4532 neque
2992 4477 3244 4518 excessus
3271 4465 3442 4518 solum
3472 4472 3618 4530 erat,
3648 4479 3824 4532 neque

2240 4569 2459 4610 somnus
2489 4555 2676 4609 solitus
2703 4571 2716 4607 :
2745 4553 2839 4609 sed
2859 4553 2981 4623 quia
3006 4554 3219 4622 sapiens
3239 4564 3291 4607 et
3313 4552 3482 4608 solers
3507 4561 3706 4607 nostra
3729 4569 3825 4606 na-

2240 4655 2374 4700 tura
2397 4645 2584 4714 Opifex
2610 4659 2769 4699 unam
2793 4660 2860 4700 ex
2901 4644 3067 4700 costis
3108 4643 3252 4698 illius
3294 4644 3569 4700 ablaturus
3594 4656 3734 4713 erat,
3763 4655 3822 4700 ut

2241 4751 2309 4792 ne
2335 4735 2611 4791 sentiendo
2639 4735 2901 4800 dolorem,
2928 4735 3135 4790 mulieri
3165 4750 3231 4790 ex
3261 4744 3408 4790 costa
3434 4751 3530 4791 sua
3575 4737 3818 4792 formata:

2240 4836 2424 4896 postea
2473 4825 2673 4879 doloris
2722 4839 2927 4879 memor
2974 4823 3215 4879 infensus
3259 4834 3444 4892 esset,
3497 4838 3816 4896 eapropter,

2241 4917 2479 4970 immisso
2527 4929 2769 4978 excessu,
2803 4922 2951 4968 tanto
3003 4914 3148 4968 illum
3197 4928 3389 4968 somno
3442 4917 3730 4984 oppressit,
3763 4927 3821 4973 ut

2238 5007 2390 5078 quasi
2429 5006 2718 5076 gravedine
2766 5003 2995 5073 quadam
3033 5012 3338 5074 correptus,
3365 5005 3670 5060 nullumrei
3696 5021 3820 5078 qua

2240 5099 2399 5152 [iebat
2414 5111 2628 5152 sensum
2651 5102 2884 5166 caperet,
2926 5091 3019 5150 se’d
3060 5095 3197 5151 sicut
3235 5097 3467 5165 optimus
3499 5096 3690 5154 artifex
3725 5115 3822 5154 au-

2243 5187 2407 5244 ferret
2431 5189 2572 5259 quod
2622 5188 2726 5243 sibi
2781 5185 3080 5255 videbatur,
3133 5197 3190 5244 et
3226 5191 3500 5260 suppleret
3547 5191 3636 5246 ubi
3690 5192 3818 5261 quid

2239 5281 2443 5347 deerat,
2471 5291 2524 5336 et
2549 5279 2688 5350 quod
2717 5278 2842 5334 inde
2865 5287 3184 5348 sumpserat,
3214 5280 3504 5334 secundum
3526 5294 3678 5336 suam
3706 5281 3820 5336 for-

2240 5382 2412 5426 maret
2477 5372 2832 5426 clementiam.
2902 5368 3152 5435 Immisit,
3207 5371 3415 5440 inquit,
3458 5387 3715 5426 accessum
3767 5373 3822 5424 in

2241 5461 2424 5527 Adam,
2454 5468 2500 5513 et
2527 5460 2778 5514 dormivit.
2809 5459 3110 5530 Accepitque
3136 5475 3289 5512 unum
3311 5469 3565 5515 costarum
3589 5460 3750 5524 illius,
3772 5471 3822 5514 et

2241 5551 2461 5619 implevit
2483 5564 2684 5603 carnem
2714 5565 2804 5618 pro
2831 5547 2923 5602 illa
2952 5565 2972 5601 :
2996 5559 3055 5603 ut
3099 5564 3167 5604 ne
3218 5559 3421 5621 posset,
3448 5550 3692 5606 discusso
3730 5566 3820 5606 so-

2242 5656 2368 5694 mno
2399 5678 2414 5701 ,
2459 5637 2598 5706 quod
2651 5637 3002 5690 iactum'erat
3047 5652 3111 5692 cx
3159 5639 3367 5695 defectu
3409 5643 3631 5697 sentire.
3686 5642 3818 5696 Nam

2243 5745 2487 5800 quantm
2535 5743 2600 5784 co
2639 5739 2913 5798 tempore,
2968 5741 3073 5799 quo
3115 5729 3485 5802 auferebatur,
3533 5736 3813 5804 ignoravit,
