4068 6450
415 536 682 602 αἰρεσεως
709 527 884 598 καιρῷ
911 524 1190 594 ἠγνόησεν,
1215 520 1328 575 ἀλλ’
1347 521 1495 588 ὅμως
1524 513 1713 602 ἔμελλε
1740 511 1878 602 μετά
1901 508 2070 602 ταῦτα

420 595 883 685 ἐπιγινώσκεινίτδ
897 609 1135 680 γεγονός.
1154 608 1249 660 Ἵν’
1269 602 1362 659 οὖν
1386 605 1520 674 μήτε
1541 604 1598 654 ὲν
1628 599 1705 669 τῷ
1727 595 2073 685 ἀφαιρεῖσθαι

417 680 612 772 ὀδύνην
661 693 808 769 αὐτῷ
855 697 1144 768 ἐμποιήσῃ,
1195 694 1329 761 μήτε
1369 688 1506 761 μετά
1544 687 1714 739 ταῦτα
1841 680 2074 772 ἔλλειψις

420 767 662 856 ἀθυμίαν
711 767 1030 853 ἐργάσηται,
1065 767 1346 849 ἀμφότερα
1386 774 1556 836 οὕτως
1605 769 1958 856 ᾠκονόμησε,
1983 767 2077 856 καὶ

421 853 753 940 ἀφελόμενος
783 867 1081 929 ἀνωδύνως,
1101 865 1195 918 καὶ
1230 861 1523 932 πληρώσας
1561 859 1611 909 :6
1635 857 1840 915 λεῖπον,
1878 853 1972 906 καί
2002 853 2076 922 μή

424 958 786 1028 συγχωρήσας
817 952 1039 1023 μηδενὸς
1081 949 1244 1003 αὐτὸν
1273 949 1381 1001 τῶν
1422 942 1800 1028 γεγενημένων
1827 940 2076 1028 αἴσθησιν

422 1025 694 1106 δέξασθαι.
721 1039 913 1094 Λαϐὼν
935 1033 1047 1100 οὖν,
1073 1037 1224 1106 φησὶ,
1249 1034 1447 1102 ταύτην
1469 1031 1563 1101 τήν
1595 1027 1853 1098 πλευρὰν,
1881 1025 2077 1096 ᾠκοδόο

426 1143 568 1197 μησε
595 1126 793 1192 Κύριος
827 1125 855 1176 6
878 1123 1009 1185 Θεὸς
1042 1123 1121 1183 εἰς
1141 1122 1389 1188 γυναῖκα.
1420 1115 1721 1184 Παράδοξον
1757 1113 1816 1164 16
1855 1111 2078 1180 εἰρημέ-

424 1230 534 1274 νον,
557 1211 650 1264 καὶ
677 1210 843 1263 νικῶν
872 1208 1010 1280 μετά
1039 1208 1239 1276 πολλῆς
1258 1209 1356 1275 τῆς
1377 1201 1677 1272 ὑπερϐολῆς
1699 1199 1790 1251 τὸν
1814 1199 2076 1268 ἡμέτερον

423 1298 703 1366 λογισμόν.
739 1295 977 1348 Τοιαῦτα
1006 1293 1113 1363 γὰρ
1149 1293 1357 1345 ἅπαντα
1388 1287 1455 1340 τά
1487 1285 1637 1356 παρά
1664 1284 1756 1338 τοῦ
1786 1282 2071 1336 Δεσπότου.

422 1381 529 1434 Τοῦ
576 1382 686 1451 7&9
738 1381 847 1434 ἀπὸ
903 1378 996 1431 τοῦ
1041 1378 1162 1448 χοὸς
1201 1375 1503 1444 πλασθῆναι
1544 1374 1633 1425 τὸν
1665 1369 1947 1438 ἄνθρωπον
1978 1369 2077 1420 οὐκ

422 1468 638 1520 ἔλαττον
674 1464 848 1519 τοῦτο.
893 1465 1003 1517 Καὶ
1034 1465 1134 1534 δρα
1188 1461 1282 1532 τὴν
1329 1458 1730 1527 συγκατάϐασιν
1782 1458 1881 1524 τῆς
1925 1454 2076 1516 θείας

421 1552 667 1623 Γραφῆς,
696 1549 841 1612 ὅσοις
863 1550 1071 1619 ῥήμασι
1098 1548 1359 1617 κέχρηται
1379 1545 1464 1598 διὰ
1495 1544 1592 1614 τὴν
1619 1541 1888 1612 ἡμετέραν
1920 1538 2077 1592 ἀσθέ-

423 1655 590 1693 νειαν.
622 1638 730 1692 Kal
760 1635 958 1699 ἔλαϐε,
994 1637 1146 1705 φησί,
1175 1634 1322 1702 μίαν
1349 1630 1465 1684 τῶν
1500 1627 1777 1695 πλευρῶν
1800 1624 2004 1679 αὐτοῦ.

492 1775 583 1843 Μὴ
600 1773 950 1844 ἀνθρωπίνως
966 1771 1120 1842 δέχου
1136 1770 1202 1822 τά
1218 1770 1502 1838 λεγόμενα,
1522 1765 1656 1819 ἀλλά
1680 1765 1778 1835 τήν
1793 1763 2079 1832 παχύτητα

421 1859 531 1913 τῶν
557 1859 752 1923 λέξεων
779 1861 844 1926 τῇ
879 1856 1128 1926 ἀσθενείᾳ
1163 1855 1374 1921 λογίζου
1409 1856 1475 1923 τῇ
1501 1851 1831 1922 ἀνθρωπίνη.
1867 1851 1931 1902 Εἰ
1971 1849 2079 1918 γὰρ

427 1945 502 2014 μὴ
527 1943 679 2015 ίΗΒ]
710 1943 920 2004 τούτοις
945 1944 1054 2002 τοῖς
1089 1942 1324 2010 ῥήμασιν
1343 1940 1628 2008 ἐχρήσατο,
1655 1937 1768 1999 πῶς
1795 1935 1864 1989 ἂν
1892 1935 2079 2004 μαθεῖν

422 2031 766 2102 ὴδυνήθημεν
791 2027 962 2082 ταῦτα
990 2028 1060 2080 τά
1084 2027 1367 2096 ἀπόρρητα
1397 2025 1696 2093 μυστήριας
1725 2023 1815 2091 Μὴ
1842 2024 1952 2083 τοῖς
1986 2023 2080 2092 ῥή-

426 2113 699 2186 μασινόὖν
729 2115 912 2185 μόνοις
937 2112 1399 2181 ὲναπομείνωμεν,
1422 2108 1556 2162 ἀλλά
1578 2108 1892 2177 θεοπρεπῶς
1917 2108 2082 2160 ἀπαν-

423 2213 492 2256 τα
521 2201 726 2271 νοῶμεν
751 2201 825 2264 ὼς
848 2200 940 2252 ἰπὶ
959 2196 1116 2250 Θεοῦ.
1146 2196 1219 2248 T6
1248 2195 1376 2265 7&9,
1404 2195 1633 2252 Ἔλαὸε.
1664 2194 1756 2245 καὶ
1783 2193 1882 2245 ὅσα
1909 2192 2083 2245 τοιαῦ-

424 2302 513 2350 τα,
552 2286 641 2338 διά
670 2284 770 2352 τὴν
799 2281 1083 2336 ἀσθένειαν
1105 2281 1204 2350 τὴν
1237 2279 1511 2349 ἡμετέραν
1542 2278 1772 2348 εἴρηται.
1804 2276 2000 2329 Σκόπει
2022 2277 2079 2329 δὲ

425 2371 544 2434 πῶς
593 2370 687 2423 καὶ
720 2369 948 2422 ἐνταῦθα
971 2367 1132 2420 πάλιν
1162 2368 1227 2436 τῇ
1256 2364 1391 2434 αὐτῇ
1426 2364 1683 2433 συνηθείᾳ
1719 2363 2005 2432 ἐχρήσατο,

427 2455 523 2510 καὶ
549 2454 640 2508 ἐπὶ
671 2454 763 2507 τοῦ
806 2451 992 2521 Ἀδάμ.
1028 2453 1236 2521 ’Ὠσπερ
1267 2451 1371 2519 7&9
1401 2451 1517 2501 ἐκεῖ
1543 2448 1633 2501 καὶ
1657 2447 1821 2511 ἅπαξ,
1849 2447 1941 2500 καί
1963 2447 2080 2500 δεύ-

426 2559 604 2613 τερον,
661 2538 768 2602 καὶ,
798 2538 1056 2602 πολλάκις
1093 2534 1230 2591 εἴπεο
1276 2537 1386 2590 Kal
1419 2537 1597 2589 ἔλαϐε
1625 2537 1838 2603 Κύριος
1877 2538 1910 2588 ὁ
1941 2533 2083 2600 Θεὸς

427 2627 532 2681 τὸν
555 2627 886 2694 ἄνθρωπον,
917 2625 988 2678 δν
1020 2624 1269 2677 ἐπλασεο
1292 2623 1387 2675 καὶ
1411 2622 1590 2684 πάλιν,
1621 2621 1725 2675 Kal
1752 2621 2084 2674 ἐνετείλατο

429 2716 644 2778 Κύριος
675 2714 706 2763 ό
733 2710 876 2774 Θεὸς
901 2707 978 2773 τῷ
1025 2707 1214 2775 Ἀδάμ·
1245 2707 1337 2760 καί
1370 2707 1550 2771 πάλιν,
1574 2705 1683 2758 Καὶ
1706 2701 1833 2757 εἷπε
1871 2706 2085 2770 Κύριος

429 2799 466 2852 ὁ
499 2797 661 2860 Θεὸς,
699 2795 1046 2862 Ποιήσωμεν
1087 2793 1245 2856 αὐτῷ
1284 2790 1516 2858 βοηθὸν
1548 2789 1674 2842 κατ’
1701 2789 1904 2842 αὐτόν·
1944 2789 2084 2843 οὕτω

432 2883 524 2936 καὶ
571 2881 665 2935 νῦν
715 2899 866 2951 φησι,
910 2882 1019 2934 Καὶ
1075 2879 1420 2948 ᾠκοδόμησε
1453 2881 1665 2945 Κύριος
1705 2881 1738 2930 ό
1795 2878 1937 2942 Θεὸς
1972 2879 2086 2945 τὴν

431 2965 722 3031 πλευρὰν,
751 2964 832 3031 ἢν
864 2964 1039 3016 ἔλασε
1067 2962 1184 3016 ἀπὸ
1206 2963 1311 3015 τοῦ
1347 2961 1536 3029 Ἀδὰμ,
1570 2963 1657 3024 εἰς
1683 2961 1952 3024 γυναῖκα·
1991 2962 2086 3012 καὶ

431 3054 710 3123 ἀνωτέρω,
746 3052 855 3106 Kal
887 3051 1138 3105 ἐπέϐαλε
1185 3051 1398 3116 Κύριος
1419 3053 1451 3103 d
1489 3050 1631 3115 Θεὸς
1659 3051 1950 3102 ἔκστασιν
1986 3049 2085 3103 ἐπί

432 3139 540 3189 τὸν
575 3135 768 3204 Ἀδάμο
794 3137 882 3188 ἴνα
912 3136 1086 3207 μάθῃς
1122 3135 1196 3197 ὡς
1229 3134 1451 3202 οὐδεμία
1483 3133 1712 3203 διαφορά
1739 3135 1854 3187 ἐστι
1875 3134 2087 3204 Πατρδς

433 3225 531 3277 καὶ
558 3221 675 3274 υἱοῦ
707 3224 764 3273 ὲν
788 3223 906 3283 ταῖς
938 3221 1164 3286 λέξεσιν,
1191 3219 1326 3273 ἀλλά
1351 3219 1437 3272 διὰ
1465 3219 1524 3270 16
1561 3219 1686 3287 μίαν
1714 3215 1852 3271 εἶναι
1882 3219 1979 3288 τὴν
2000 3220 2091 3272 οὐ-

434 3308 557 3360 σίαν
579 3308 784 3375 ἀμφοτέ
796 3322 922 3375 ρων,
951 3306 1255 3374 ἀδιαφόρως
1277 3307 1310 3375 ή
1338 3304 1527 3375 Γραφὴ
1550 3304 1816 3374 κέχρηται
1845 3307 1956 3367 τοῖς
1976 3305 2092 3358 ὸνό-

437 3408 619 3462 μασιν.
667 3391 796 3443 ἰδού
825 3391 954 3458 γοῦν
977 3391 1067 3443 καὶ
1088 3391 1179 3443 ὲπί
1207 3391 1304 3460 τῆς
1331 3389 1670 3451 διαπλάσεως
1706 3391 1804 3460 τῆς
1835 3390 2092 3457 γυναικὸς

436 3479 502 3546 τῇ
545 3478 679 3546 αὐτῇ
733 3476 992 3546 συνηθείᾳ
1033 3477 1302 3546 ἐχρήσατο
1337 3474 1584 3539 εἰποῦσα,
1617 3475 1723 3528 Kal
1745 3475 2092 3544 ᾠκοδόμησε

437 3563 648 3627 Κύριος
705 3563 738 3614 ὁ
797 3561 939 3626 Θεὸς
988 3559 1102 3627 τὴν
1147 3558 1434 3625 πλευρὰν,
1473 3558 1551 3625 ἢν
1576 3559 1791 3611 ἐλαϐεν
1833 3559 1952 3612 ἀπὸ
1986 3559 2092 3613 τοῦ

452 3645 649 3714 Ἀδὰμ,
693 3647 778 3708 εἰς
816 3644 1084 3712 γυναῖκα.
1118 3643 1183 3696 Τί
1219 3644 1284 3695 ἂν
1308 3643 1509 3696 εἴποιεν
1547 3643 1777 3696 ὲνταύθα
1807 3647 1853 3696 οί
1885 3647 2092 3712 αίρετι-

440 3732 546 3791 κοί,
585 3731 634 3782 οἰ
667 3730 844 3783 πάντα
881 3727 1331 3798 περιεργάζεσθαι
1375 3727 1708 3796 βουλόμενοι,
1741 3729 1835 3781 καὶ
1879 3729 1976 3782 τοῦ
2003 3731 2096 3800 δη-

445 3812 704 3883 μιουργοῦ
735 3813 839 3865 τῶν
871 3812 1005 3865 ὅλων
1027 3814 1123 3880 τὴν
1152 3812 1399 3880 γέννησιν
1423 3811 1803 3881 κατειληφέναι
1823 3814 2090 3882 οἱόμενοι;

445 3900 600 3960 ιίοῖος
634 3899 787 3964 λόγος
819 3897 975 3949 τοῦτο
994 3896 1321 3965 ἑρμηνεῦσαι
1340 3896 1589 3960 δύναται;
1614 3901 1766 3959 ποῖος
1795 3898 1917 3961 νοῦς
1939 3916 2095 3952 κατα-

441 3983 628 4038 λαϐεῖν
649 3999 662 4044 ;
690 3983 835 4035 Μίαν
865 3981 1121 4064 πλευρὰν,
1145 3979 1327 4048 φησιν,
1350 3980 1397 4032 ἐ)
1409 3981 1526 4032 αϐε⁶
1549 3982 1638 4035 καὶ
1667 3983 1783 4044 πῶς
1807 3986 1873 4038 ὲκ
1894 3984 2095 4053 ταύτης

441 4069 542 4137 τῆς
575 4069 700 4137 μιᾶς
745 4067 806 4119 τὸ
851 4065 970 4118 ὅλον
1008 4065 1144 4128 ζῶον
1183 4065 1463 4130 διέπλασες
1495 4066 1560 4116 Τί
1587 4065 1643 4117 δὲ
1674 4065 1834 4134 λέγω,
1879 4067 1996 4129 πῶς
2033 4069 2098 4121 ὲκ

443 4155 648 4222 ταύτης
682 4153 780 4223 τῆς
825 4153 951 4220 μιᾶς
984 4153 1046 4203 16
1075 4149 1212 4212 ζῶον
1239 4149 1561 4214 διέπλασεν;
1606 4151 1739 4203 Εἰπέ
1771 4168 1862 4220 μοι
1903 4154 2020 4215 πῶς
2062 4156 2096 4225 ή

444 4240 734 4310 ἀφαίρεσις
771 4238 993 4306 γέγονε;
1022 4237 1138 4299 πῶς
1163 4238 1411 4307 αἴσθησιν
1438 4237 1536 4289 οὐκ
1564 4237 1720 4291 ἔλαϐε
1741 4239 1840 4309 τῆς
1868 4241 2094 4311 ἀφαιρέ.

449 4341 613 4386 σεως;
678 4323 815 4374 Ἀλλ’
874 4323 1022 4375 οὐδὲν
1067 4321 1264 4374 τούτων
1305 4323 1502 4393 δυνήσῃ
1550 4325 1740 4378 εἰπεῖν’
1785 4326 1943 4395 μόνος
1992 4328 2097 4398 γὰρ

450 4410 652 4472 ἐκεῖνος
682 4405 818 4461 οἶδεν
851 4410 879 4461 6
901 4407 997 4477 τὴν
1020 4408 1374 4478 δημιουργίαν
1402 4411 1790 4481 ἐργασάμενος.
1830 4413 1892 4465 Εἰ
1923 4413 2100 4467 τοίνυν

450 4493 619 4546 ταῦτα
657 4494 726 4546 τά
769 4495 824 4544 ὲν
857 4495 1029 4563 χερσὶ,
1060 4495 1154 4546 καὶ
1187 4495 1256 4547 τά
1291 4494 1390 4564 τῆς
1417 4495 1750 4560 διαπλάσεως
1777 4497 1871 4550 τοῦ
1905 4501 2100 4566 ὁμογε-

453 4578 576 4641 νοῦς
611 4581 738 4648 ήμῖν
781 4580 957 4648 εὑρεῖν
1005 4578 1141 4642 ζώου
1183 4580 1242 4631 οὐ
1287 4581 1788 4651 καταλαμϐάνομεν,
1820 4585 1991 4654 πόσης
2035 4585 2101 4638 ἂν

454 4665 540 4734 εἴη
572 4665 766 4733 μανίας
805 4665 897 4717 καί
937 4666 1355 4734 παραφροσύνης
1381 4668 1452 4719 τὰ
1484 4669 1621 4721 κατά
1653 4670 1743 4721 τὸν
1774 4671 2101 4740 δημιουργὸν

457 4751 924 4819 περιεργάζεσθαι,
961 4753 1053 4802 καί
1090 4753 1271 4804 ἐκεῖνα
1301 4753 1526 4817 φάσκειν
1558 4755 1938 4824 κατειληφέναι
1972 4769 1996 4796 ο
2027 4751 2102 4809 ὧν

454 4836 576 4888 οὐτε
605 4839 659 4887 αί
692 4837 967 4905 ἀσώματοι
997 4838 1087 4889 καί
1113 4837 1251 4889 θεῖαι
1275 4838 1528 4907 δυνάμεις
1557 4839 1652 4908 τὴν
1682 4841 1878 4910 ἀκριϐῆ
1905 4842 2102 4908 γνῶσιν

457 4923 684 4990 ἔχουσιν,
742 4923 873 4974 ἀλλά
930 4923 1066 4990 μετά
1121 4923 1285 4992 φόϐου
1329 4924 1424 4974 καὶ
1481 4925 1679 4994 τρόμου
1731 4927 2102 4995 δοξολογοῦσαι

455 5003 715 5072 διηνεκῶς
744 5002 1041 5055 διατελοῦσι
1061 5021 1076 5068 ;

521 5137 591 5200 γ’.
627 5140 732 5192 Kal
763 5140 1124 5207 ᾠκοδόμησε,
1155 5141 1308 5206 φησί,
1335 5142 1546 5209 Κύριος
1565 5161 1596 5195 ο
1619 5143 1762 5209 Θεὸς
1790 5143 1903 5212 τὴν
1922 5150 2105 5201 πλευ-

456 5228 588 5292 ρὰν,
616 5225 692 5290 ἢν
715 5227 927 5278 ἐλαϐεν
943 5226 1060 5277 ἀπὸ
1087 5225 1191 5277 τοῦ
1229 5226 1416 5292 Ἀδὰμ,
1439 5229 1525 5290 είς
1548 5230 1816 5296 γυναῖκα.
1851 5233 1989 5302 Ὀρα
2007 5236 2103 5303 τῆς

460 5310 678 5378 Γραφῆς
700 5311 794 5379 τὴν
822 5311 1121 5380 ἀκρίϐειαν.
1144 5311 1340 5363 Οὐκέτι
1375 5312 1480 5382 γὰρ
1509 5311 1678 5377 εἶπεν,
1709 5316 1958 5380 ἔπλασεν,
1991 5320 2104 5371 ἀλλ’

475 5397 890 5464 ’ῼκοδόμησενο
919 5398 1099 5467 ἐπειδὴ
1129 5401 1190 5450 ὲκ
1221 5398 1312 5452 τοῦ
1337 5399 1436 5469 ἥδη
1458 5400 1782 5463 πλασθέντος
1806 5403 1833 5442 ὶι
1861 5404 1918 5456 16
1945 5407 2107 5474 μέρος

462 5481 638 5544 ἔλαϐε,
687 5484 778 5534 καί
817 5484 890 5544 ώς
926 5483 989 5535 ἀν
1033 5486 1170 5536 εῐποι
1202 5502 1304 5548 τις,
1335 5485 1395 5537 τὸ
1437 5485 1623 5539 λεῖπον
1668 5488 1971 5556 ἐχαρίσατο.
2009 5492 2107 5544 Διά

462 5565 617 5618 τοῦτό
654 5584 804 5637 φησι,
831 5567 935 5621 Kal
957 5568 1358 5639 ᾠκοδόμησεν-ο
1393 5571 1491 5623 οὐκ
1520 5571 1685 5641 ἄλλην
1712 5573 1902 5627 πλάσιν
1926 5576 2106 5646 εἰργά-

463 5736 551 5845 ια²
565 5735 1151 5850 Φὰσκεινῖκατειλημὲλίνα,
1176 5739 1244 5788 s'ic
1274 5739 1465 5814 quida'm
1489 5754 1600 5816 mss;
1667 5738 1695 5779 δ
1718 5743 1913 5804 Coislin.
1941 5749 1995 5796 ὲκ
2016 5749 2100 5799 τοῦ

529 5812 584 5844 ου
619 5798 914 5850 πλασθεντος.
939 5801 1006 5850 lbl
1045 5838 1056 5850 .
1080 5801 1200 5850 Rea.
1225 5815 1349 5850 unus
1368 5818 1502 5850 μερος
1525 5803 1771 5850 έλαιιόανε.

529 5812 584 5844 ου
619 5798 914 5854 πλασθέντας.
939 5798 1056 5851 Ibid.
1080 5801 1200 5865 Reg.
1225 5798 1349 5852 unius
1368 5805 1502 5865 μέρος
1525 5803 1771 5864 ἐλάμϐανε.

1202 408 1259 465 S.
1300 399 1578 462 JOANNIS
1614 389 2098 454 CHRYSOSTOMI
2137 386 2454 445 ARCHIEP.
2493 384 3035 446 CONSTANTINOP.

2175 521 2325 567 σατο,
2355 503 2468 557 ἀλλ’
2494 505 2556 555 ὲκ
2576 503 2674 571 τῆς
2700 501 2798 570 ήδη
2837 500 3128 568 γενομένης
3155 493 3403 560 πλάσεως
3649 511 3707 548 τι
3742 493 3844 564 με·

2177 608 2268 660 ρος
2296 588 2495 650 λαϐὼν,
2523 587 2677 640 τοῦτο
2705 587 2766 638 16
2789 585 2952 655 μέρος
2983 584 3319 654 ᾠκοδόμησε,
3351 582 3447 636 καὶ
3481 581 3694 635 τέλειον
3723 581 3844 650 εἰρ-

2173 675 2379 740 γάσατο
2401 674 2458 725 τὸ
2485 673 2640 737 ζῶον.
2674 671 2822 740 Πὸση
2854 669 2948 722 τοῦ
2969 668 3345 739 ἀριστοτέχνου
3369 664 3503 720 Θεοῦ
3524 665 3560 735 ἡ
3584 664 3846 736 δύναμις,

2175 759 2281 813 ἀπὸ
2328 760 2422 812 τοῦ
2459 756 2791 830 βραχυτάτου
2854 755 3051 825 μέρους
3092 753 3298 806 ἐκείνου
3336 749 3606 805 τοσούτων
3659 751 3850 821 μελῶν

2174 847 2463 910 ἀναλογίαν
2481 848 2505 897 ὲ
2513 843 2836 916 ργάσασθαι,
2869 842 2963 895 καὶ
2987 839 3251 902 τοσαύτας
3275 839 3555 909 αἰσθήσεις
3580 837 3849 908 δημωυρσ

2175 934 2356 1011 γῆσαι,
2425 934 2518 986 καί⁵
2577 931 2775 984 τέλειον
2829 929 2920 981 καί
2961 925 3250 997 ὁλόκληρον
3293 927 3387 980 καί
3424 923 3849 995 ἀπηρτισμένην

2177 1024 2312 1086 ζῶον
2347 1021 2768 1084 κατασκευάσαι,
2791 1019 2850 1072 16
2878 1017 3170 1079 δυνάμενον
3198 1016 3292 1069 καί
3323 1013 3847 1084 προσδιαλέγεσθαι,

2176 1111 2269 1163 καὶ
2296 1114 2362 1181 τῇ
2382 1108 2481 1177 τῆς
2496 1108 2681 1168 οὐσίας
2702 1106 2953 1174 κοινωνίᾳ
2977 1103 3177 1173 πολλὴν
3197 1101 3344 1171 αὐτῷ
3364 1101 3461 1171 τήν
3483 1099 3849 1171 παραμυθίαν

2177 1197 2468 1267 εἰσφέρειν.
2499 1196 2597 1248 Διά
2636 1195 2744 1263 γάρ
2778 1194 2876 1263 τὴν
2911 1191 3100 1246 τούτου
3123 1190 3464 1258 παράκλησιν
3491 1190 3651 1242 τοῦτο
3684 1186 3846 1260 [HQ]

2175 1283 2236 1335 16
2267 1282 2402 1346 ζῶον
2435 1279 2855 1350 ἐδημιουργήθη.
2887 1278 2978 1330 Διὸ
3009 1279 3101 1330 καί
3141 1275 3349 1339 Παῦλος
3375 1275 3578 1343 ἔλεγεν·
3613 1278 3700 1329 Οὐ
3725 1277 3849 1344 γὰρ

2175 1369 2421 1434 ἐκτίσθη
2452 1371 2484 1421 ό
2507 1366 2661 1434 ἀνὴρ
2685 1365 2783 1419 διὰ
2807 1364 2920 1430 τὴν
2940 1363 3209 1432 γυναῖκα,
3237 1361 3400 1416 ἀλλὰ
3424 1361 3578 1430 γυνὴ
3603 1360 3706 1414 διὰ
3729 1361 3850 1414 τὸν

2177 1453 2383 1523 ἄνδρα.
2436 1454 2594 1521 Ὁρᾷς
2621 1451 2736 1514 πῶς
2757 1451 2971 1503 ἀπαντα
2993 1449 3058 1500 δι’
3089 1447 3248 1500 αὐτὸν
3277 1447 3515 1515 γίνεταις
3548 1447 3704 1499 Μετά
3729 1445 3848 1517 γὰρ

2177 1540 2276 1608 τὴν
2305 1537 2659 1610 δημιουργίαν
2694 1536 2794 1604 τῆς
2825 1534 3071 1597 κτίσεως,
3107 1533 3245 1601 μετά
3291 1532 3353 1584 16
3391 1533 3737 1602 παραχθῆναι
3770 1532 3851 1586 τὰ

2179 1625 2363 1691 ἀλογα,
2408 1625 2476 1678 τά
2511 1624 2644 1694 πρὸς
2678 1621 2879 1691 βρῶσιν
2915 1620 3212 1688 ἐπιτήδεια.
3252 1617 3322 1672 τά
3361 1619 3495 1687 πρὸς
3533 1619 3849 1690 ὑπηρεσίαν

2177 1707 2531 1778 χρησιμεύειν
2567 1707 2857 1775 δυνάμενα,
2883 1705 3069 1774 ἐπειδὴ
3096 1705 3264 1756 ἐδεῖτο
3287 1705 3316 1755 6
3345 1702 3600 1766 πλασθεὶς
3626 1703 3850 1774 ἀνθρω-

2179 1797 2278 1857 πός
2312 1811 2456 1856 τινος
2481 1792 2576 1845 τοῦ
2606 1791 3148 1862 προσδιαλεγομένου,
3182 1790 3276 1842 καὶ
3296 1789 3594 1859 δυναμένου
3630 1792 3697 1859 τῇ
3723 1807 3848 1842 κοι-

2179 1879 2343 1949 νωνίᾳ
2360 1879 2457 1946 τῆς
2479 1877 2662 1940 οὐσίας
2683 1876 2880 1946 πολλὴν
2902 1873 3046 1944 αὐτῷ
3067 1874 3324 1944 παρέχειν
3349 1873 3446 1944 τὴν
3463 1875 3848 1945 παραμυθίαν,

2179 1966 2265 2019 διὰ
2287 1965 2442 2018 τοῦτο
2478 1967 2541 2016 ὲκ
2573 1963 2673 2032 τῆς
2704 1963 2943 2031 πλευρᾶς
2976 1961 3138 2014 αὐτοῦ
3172 1963 3583 2032 δημιουργεῖται
3615 1963 3676 2015 16
3702 1963 3852 2026 ζῶον

2179 2051 2335 2105 τοῦτο
2359 2052 2419 2102 16
2456 2049 2687 2116 λογικὸν,
2714 2050 2805 2100 καὶ
2832 2047 2974 2100 κατά
3004 2049 3102 2116 τὴν
3127 2049 3436 2117 εὐμήχανον
3455 2049 3617 2101 αὐτοῦ
3645 2049 3853 2118 σοφίαν

2180 2137 2380 2189 τέλειον
2415 2136 2507 2188 καὶ
2544 2133 2945 2205 ἀπηρτισμένον
2977 2133 3106 2185 αὐτὸ
3145 2134 3455 2203 εἰργάσατο,
3492 2135 3632 2187 κατά
3665 2137 3855 2190 πάντα

2179 2223 2258 2292 τῷ
2298 2222 2568 2293 ἀνθρώπῳ
2603 2221 2804 2290 ὅμοιον,
2857 2220 2977 2271 ἀντί
3017 2218 3130 2281 τοῦ,
3176 2218 3407 2286 λογικὸκ,
3453 2219 3749 2291 δυνάμενον
3788 2224 3855 2276 ιν

2179 2310 2288 2370 τοῖς
2334 2307 2565 2375 καιρίοις
2612 2305 2760 2374 αὐτῷ
2795 2305 2889 2357 καὶ
2937 2307 3046 2365 τοῖς
3080 2304 3393 2370 ἀναγκαίοις
3419 2307 3509 2358 καὶ
3549 2307 3850 2376 συνέχουσι

2179 2393 2278 2463 τὴν
2310 2392 2454 2462 ζωὴν
2480 2392 2550 2445 τά
2582 2391 2680 2459 τῆς
2714 2389 2963 2459 βοηθείας
2990 2388 3281 2457 εἰσφέρειν.
3311 2390 3441 2452 Θεὸς
3473 2391 3581 2460 γάρ
3615 2388 3684 2462 ἦν
3717 2394 3746 2446 6
3779 2395 3854 2447 τά

2182 2479 2357 2531 πάντα
2385 2477 2544 2547 σοφία
2568 2476 2674 2527 τινὶ
2703 2476 2796 2528 καί
2823 2474 3152 2544 δημιουργία
3179 2475 3496 2544 οἰκονομῶν.
3522 2477 3584 2529 Εἰ
3616 2478 3727 2546 γὰρ
3751 2481 3855 2532 καὶ

2182 2565 2341 2633 ἡμεῖς
2387 2563 2474 2616 διὰ
2513 2564 2611 2632 τὴν
2643 2559 2750 2612 τῶν
2782 2559 3056 2628 λογισμῶν
3093 2559 3372 2612 ἀσθένειαν
3406 2547 3856 2631 καταλαμϐάνειν

2186 2652 2260 2719 μή
2299 2648 2574 2719 δυνάμεθα
2614 2647 2703 2700 τὸν
2746 2647 2944 2716 τρόπον
2971 2645 3080 2698 τῶν
3120 2645 3521 2716 γεγενημένων,
3547 2649 3661 2700 ἀλλ’
3697 2652 3857 2720 ὅμως

2184 2735 2530 2804 πιστεύομεν,
2563 2734 2642 2785 ὅτι
2688 2731 2764 2801 τῷ
2804 2731 3102 2800 βουλήματι
3131 2728 3293 2782 αὐτοῦ
3333 2733 3509 2784 πάντα
3551 2733 3711 2799 εἴκει,
3753 2740 3857 2790 καὶ

2184 2821 2318 2888 ὅπερ
2367 2819 2432 2872 ἀν
2487 2817 2782 2888 προστάξῃ,
2828 2818 2985 2870 τοῦτο
3045 2819 3123 2877 εἰς
3171 2817 3333 2886 μέσον
3365 2820 3691 2888 παράγεται.
3736 2822 3858 2875 Kal

2187 2905 2551 2972 ᾠκοδόμησε,
2600 2903 2751 2971 φησὶ,
2795 2903 3008 2968 Κύριος
3043 2903 3076 2955 δ
3112 2902 3256 2967 Θεὸς
3302 2904 3416 2970 τὴν
3452 2907 3741 2974 πλευρὰν,
3770 2905 3858 2974 ἣν

2187 2993 2402 3043 ἔλαϐεν
2426 2990 2543 3043 ἀπὸ
2574 2990 2676 3042 τοῦ
2721 2988 2911 3056 Ἀδὰμ,
2942 2990 3030 3053 εις
3057 2988 3329 3057 γυναῖκα,
3357 2990 3454 3042 καί
3488 2989 3713 3059 ἤγαγεν
3743 2996 3858 3049 ab.

2189 3077 2302 3141 τὴν
2331 3076 2481 3144 πρὸς
2501 3076 2608 3128 τὸν
2642 3073 2832 3142 Ἀδάμ·
2863 3073 3100 3138 δεικνὺς,
3129 3075 3212 3126 ὅτι
3232 3074 3298 3126 δι’
3320 3075 3482 3128 αὐτὸν
3512 3078 3681 3146 αὐτὴν
3707 3096 3856 3152 παρ-

2187 3165 2408 3231 ήγαγεν.
2437 3161 2680 3228 Ἤγαγεν
2712 3158 2904 3228 αὐτὴν,
2935 3159 3090 3227 φησί,
3117 3158 3251 3227 πρὸς
3270 3159 3364 3211 τὸν
3405 3160 3590 3231 Ἀδάμ.
3634 3163 3857 3236 Ἐπειδὴ

2188 3251 2296 3319 γὰρ
2325 3250 2500 3311 οὐδεὶς
2551 3246 2770 3316 εὑρέθη,
2819 3245 3005 3315 φησὶν.
3038 3246 3095 3298 ἒν
3131 3245 3265 3300 πᾶσι
3302 3249 3413 3311 τοῖς
3451 3249 3631 3312 ἀλλοις
3666 3249 3857 3320 ὅμοιός

2192 3353 2272 3387 σοι
2308 3335 2518 3405 βοηθὸς,
2578 3335 2685 3386 ἰδοὺ
2729 3333 2864 3402 ὅπερ
2903 3331 3218 3403 ὑπεσχόμην
3257 3335 3691 3406 (ἐπηγγειλάμην
3740 3339 3858 3409 γὰρ

2193 3421 2383 3490 βοηθὸν
2445 3419 2626 3489 ὅμοιόν
2684 3435 2765 3470 σοι
2821 3417 3292 3489 κατασκευάζειν),
3349 3420 3507 3473 τοῦτο
3556 3421 3859 3492 πληρώσας

2191 3501 2532 3572 παραδίδωμί
2587 3517 2687 3553 σοι.
2722 3501 2941 3570 Ἥγαγε
2981 3498 3089 3569 γὰρ
3117 3500 3332 3567 αὐτὴν,
3368 3502 3522 3570 φησί,
3558 3505 3709 3570 πρὸς
3748 3506 3861 3558 τὸν

2204 3587 2393 3654 Ἀδάμ.
2440 3586 2547 3639 Kal
2595 3581 2766 3637 εἶπεν
2803 3582 2995 3651 Ἀδὰμ.
3036 3583 3212 3638 Τοῦτο
3250 3583 3367 3638 νῦν
3387 3587 3610 3640 ὀστοῦν⁴
3639 3590 3707 3644 ἐκ
3738 3587 3860 3645 τῶν

2194 3671 2418 3726 ὀστέων
2432 3687 2572 3740 μου,
2599 3669 2696 3722 καί
2728 3669 2884 3736 σὰρξ
2910 3669 2980 3723 ἐκ
3016 3665 3135 3722 τῶν
3168 3668 3411 3739 σαρκῶν
3429 3689 3569 3740 μου.

2262 3827 2369 3880 Θέα
2409 3844 2497 3896 μοι
2544 3827 2804 3887 ἐνταῦθα,
2851 3825 3126 3895 ἀγαπητὶ.
3166 3825 3283 3889 πῶς
3332 3828 3470 3896 μετὰ
3515 3829 3618 3897 τῆς
3663 3832 3859 3901 σοφίας

2195 3913 2406 3982 ἐκείνης
2439 3913 2538 3982 τῆς
2574 3911 2802 3979 ἀφάτου,
2853 3911 2951 3979 τῆς
2995 3910 3144 3981 παρά
3178 3911 3272 3963 τοῦ
3313 3911 3446 3965 Θεοῦ
3495 3915 3643 3985 αὐτῷ
3684 3935 3856 3990 χορη-

2194 3998 2473 4067 γηθείσης,
2520 3998 2584 4051 τά
2629 3998 2893 4066 δείγματα
2934 3999 3064 4067 ἡμῖν
3104 3998 3310 4050 ἐδείκνυ
3345 3998 3432 4052 διὰ
3472 4001 3567 4069 τῆς
3599 4004 3708 4058 τῶν
3741 4005 3859 4060 ὀνο·

2201 4084 2383 4152 μάτων
2445 4083 2644 4144 θέσεως
2697 4083 2839 4153 άπερ
2892 4082 3124 4152 ἐπέθηκε
3177 4083 3450 4147 τοσούτοις
3501 4089 3615 4150 τοῖς
3673 4091 3860 4156 γένεσι

2197 4173 2304 4227 τῶν
2349 4173 2552 4241 ἀλόγων
2603 4172 2775 4236 ζώων,
2826 4173 2920 4225 καὶ
2971 4175 3312 4243 προφητικῆς
3362 4174 3559 4244 ήξίωτο
3610 4181 3855 4252 χάριτος.

2199 4264 2296 4318 Διά
2321 4264 2427 4334 7&9
2456 4263 2612 4316 τοῦτο
2647 4265 2705 4314 ὲν
2740 4265 2850 4324 τοῖς
2891 4263 3146 4332 ἀνωτέρω
3179 4264 3414 4328 ἐδίδαξεν
3436 4268 3581 4335 ἡμᾶς
3617 4272 3644 4322 6
3671 4276 3853 4340 μᾳκά-

2202 4373 2314 4426 ριος
2342 4349 2492 4416 οὗτος
2517 4353 2820 4423 προφήτης,
2849 4353 2930 4403 δτι
2971 4352 3106 4421 μετά
3137 4351 3231 4405 τοῦ
3273 4353 3438 4408 ὕπνου
3479 4360 3571 4412 καί
3603 4360 3859 4427 ἔκστασις

2201 4445 2360 4498 αὐτὸν
2400 4443 2588 4497 ἐλαϐεν
2614 4481 2629 4505 ,
2677 4442 2753 4505 ὡς
2803 4442 2935 4512 μηδὲ
2977 4443 3114 4506 ὅλως
3153 4444 3401 4516 αἴσθησιν
3449 4447 3702 4514 δέξασθαι
3762 4455 3858 4508 τοῦ

2201 4535 2506 4604 γενομένου,
2539 4533 2608 4586 ἵν’
2656 4532 2874 4586 ἐπειδὰν
2913 4533 3088 4604 μάθῃς
3120 4532 3244 4600 νῦν,
3279 4537 3358 4589 ἔτι
3402 4537 3540 4606 μετὰ
3582 4541 3681 4612 τήν
3732 4543 3859 4598 θέαν

2200 4626 2297 4696 τῆς
2339 4625 2594 4693 γυναικὸς
2638 4625 2775 4695 μετά
2825 4623 3104 4694 ἀκριϐείας
3139 4625 3468 4695 ἀπαγγέλλει
3513 4632 3573 4683 τὸ
3615 4636 3858 4702 γεγονὸς,

2203 4719 2425 4790 πεισθῇς
2467 4718 2741 4788 ἀκριϐῶς,
2779 4719 2857 4770 ὅτι
2900 4719 3208 4787 προφητικῇ
3245 4721 3430 4789 χάριτι
3468 4723 3638 4777 ταῦτα
3691 4727 3860 4795 φθέτ.

2202 4827 2384 4878 γεται,
2441 4811 2536 4864 καί
2589 4809 2944 4879 ἑνηχούμενος
3001 4809 3103 4860 ὑπὸ
3153 4809 3253 4874 τῆς
3315 4810 3409 4864 τοῦ
3476 4814 3631 4881 ἁγίου
3684 4817 3860 4870 Πνεῦ-

2207 4915 2370 4966 ματος
2416 4898 2781 4960 διδασκαλίας.
2833 4897 2891 4949 '0
2947 4896 3053 4967 7&9
3110 4897 3276 4965 μηδὲν
3321 4899 3428 4952 τῶν
3478 4906 3860 4972 γεγενημένων

2204 4987 2374 5052 εἰδὼς,
2406 4987 2592 5058 ἐπειδὴ
2641 4989 2846 5057 ῆγαγεν
2896 4987 3064 5058 αὐτὴν
3093 4987 3228 5056 πρὸς
3257 4988 3440 5054 αὐτὸν,
3477 4992 3627 5062 φησί·
3679 4997 3860 5052 τοῦτο

2204 5077 2319 5130 νῦν
2356 5078 2578 5131 ὀστοῦν
2621 5077 2688 5130 ἐκ
2730 5077 2847 5130 τῶν
2889 5077 3122 5131 ,ὀστέων
3154 5095 3293 5146 μου,
3330 5079 3430 5131 καί
3458 5079 3616 5148 σὰρξ
3646 5083 3714 5136 ἐκ
3753 5084 3860 5152 τῆς

2205 5168 2428 5232 σαρκός
2447 5185 2585 5235 μου.
2613 5167 2834 5235 Ἕτερος
2864 5166 2920 5219 δέ
2947 5183 3029 5228 τις
3051 5169 3384 5238 ἑρμηνευτής
3407 5185 3588 5238 φησιν,
3620 5173 3739 5224 ἀντί
3763 5174 3857 5227 τοῦ

2205 5257 2352 5321 Νῦν,
2385 5257 2568 5310 Τοῦτο
2606 5256 2786 5320 ἅπαξ,
2823 5255 2998 5326 δηλῶν
3035 5258 3114 5307 ὅτι
3145 5256 3236 5308 νῦν
3261 5257 3417 5309 τοῦτο
3455 5260 3611 5325 μόνον
3649 5263 3854 5330 γέγονε,

2206 5347 2299 5399 καὶ
2330 5347 2510 5399 οὐκέτι
2530 5346 2700 5408 οὕτως
2739 5346 2889 5399 ἔσται
2915 5346 3014 5414 τῆς
3045 5347 3300 5413 γυναικὸς
3332 5349 3364 5416 ἡ
3393 5349 3696 5416 διάπλασις.
3723 5356 3856 5420 Νῦν,

2209 5437 2388 5505 φησίν,
2425 5437 2482 5500 ἐξ
2509 5437 2698 5506 ἀνδρὸς
2744 5434 2964 5504 γέγονεν
3000 5437 3032 5505 ή
3081 5438 3237 5506 γυνὴ,
3295 5439 3432 5504 μετά
3466 5441 3520 5491 δὲ
3553 5443 3722 5496 ταῦτα
3763 5450 3856 5517 οὐχ

2207 5526 2396 5589 οὕτως,
2430 5528 2541 5579 ἀλλ’
2571 5529 2633 5579 ὲκ
2667 5528 2764 5597 τῆς
2800 5527 3053 5595 γυναικὸς
3087 5529 3115 5578 6
3152 5528 3310 5597 ἀνήρ·
3348 5530 3545 5596 μᾶλλον
3570 5533 3624 5586 δὲ
3659 5538 3757 5590 οὐκ
3796 5542 3856 5593 ὲκ

2209 5616 2305 5685 τῆς
2327 5616 2596 5682 γυναικὸς,
2630 5616 2743 5670 ἀλλ’
2773 5618 2836 5668 ἐκ
2858 5620 2954 5686 τῆς
2986 5617 3306 5685 ἀμφοτέρων
3333 5620 3637 5688 συνεργίαςο
3665 5625 3737 5688 ὡς
3768 5633 3857 5683 καὶ

2209 5709 2238 5758 6
2277 5707 2485 5768 Παῦλος
2543 5724 2721 5774 φησιν·
2763 5710 2846 5760 Οὐ
2905 5706 3012 5774 γάρ
3056 5708 3223 5760 ἐστιν
3255 5707 3408 5776 ἀνὴρ
3453 5711 3520 5762 ἐκ
3554 5721 3854 5785 γυναικδς,

2208 5799 2369 5856 ἀλλὰ
2396 5800 2548 5869 γυνὴ
2568 5799 2637 5864 ἐξ
2665 5799 2902 5867 ἀνδρός·
2928 5800 3023 5854 καί
3048 5802 3156 5855 οὐκ
3177 5800 3422 5869 ἐκτίσθη
3441 5801 3596 5872 ἀνὴρ
3618 5805 3714 5861 διὰ
3750 5810 3859 5875 τὴν
