4068 6380
296 508 480 573 postea
508 508 685 555 tanien
711 498 1020 571 cogniturus
1045 504 1179 554 erat.
1221 496 1403 568 Itaque
1457 506 1514 553 ut
1561 513 1629 552 ne
1656 497 1804 551 illum
1835 494 1892 549 in

300 587 594 645 auferendo
622 588 830 656 dolore,
857 603 1029 657 neque
1070 588 1141 643 oh
1182 588 1502 642 ablationem
1540 587 1753 641 tristitia
1774 584 1895 639 am-

297 688 460 741 ceret,
494 688 720 747 utraque
744 679 821 731 sic
845 678 1189 748 dispensavit,
1224 687 1281 731 ut
1325 684 1381 731 et
1422 677 1556 731 citra
1594 679 1889 730 cruciatum

297 768 443 823 silius
479 769 734 831 auferret,
764 774 819 821 et
867 765 1085 835 impleto
1123 781 1189 821 eo
1237 766 1357 821 loco
1398 765 1538 820 unde
1572 765 1887 832 abstulerat,

295 857 557 914 laetorum
587 872 804 912 sensum
823 858 1097 926 percipere
1126 872 1233 911 non
1258 857 1478 911 sineret.
1527 854 1691 926 igitur
1733 869 1890 910 acce-

296 954 444 1016 ptam
471 946 608 1000 hanc
631 954 833 1000 costam
864 942 1144 999 aedificavit
1175 944 1432 999 Dominus
1454 945 1594 999 Deus
1616 945 1668 998 in
1701 944 1893 999 mulie-

298 1050 441 1091 rem.
475 1033 803 1089 Admirabile
856 1035 1357 1101 dictum,nostram
1410 1034 1671 1088 rationem
1726 1032 1891 1095 nimia

299 1124 618 1181 excellentia
643 1125 885 1178 vincens.
944 1124 1220 1193 Ejusmodi
1250 1125 1395 1178 enim
1421 1132 1548 1178 sunt
1570 1123 1750 1177 omnia
1772 1136 1892 1191 quae

300 1209 438 1267 iiuut
462 1226 494 1266 a
514 1206 757 1268 Domino.
800 1212 943 1267 istud
972 1213 1113 1266 enim
1130 1250 1145 1279 ,
1174 1226 1332 1281 quam
1355 1212 1674 1266 homineme
1699 1211 1889 1281 pulve-

301 1310 363 1357 re
393 1298 630 1367 formari,
662 1317 771 1355 nou
813 1312 895 1357 est
926 1303 1122 1356 minus.
1164 1302 1232 1356 Et
1256 1301 1377 1355 vide
1404 1302 1595 1355 iterum
1622 1298 1895 1371 quomodo

300 1391 481 1447 divina
536 1392 812 1461 Scriptura
861 1391 1039 1447 verbis
1076 1401 1273 1447 nostra
1324 1391 1618 1446 infirmitati
1675 1405 1894 1445 accom-

304 1482 481 1536 modis
508 1496 599 1536 usa
629 1484 716 1537 sit.
750 1482 816 1537 Et
840 1485 1052 1551 accepit,
1075 1484 1262 1552 inquit,
1284 1500 1434 1537 unam
1460 1494 1711 1537 costarum
1732 1481 1893 1536 illius.

379 1568 449 1626 Ut
474 1562 636 1626 Deum
662 1573 801 1627 decet
830 1577 938 1626 [uec
967 1573 1114 1627 verba
1145 1573 1506 1642 intelligenda,-
1549 1572 1798 1626 Dominus
1849 1578 1901 1625 et

304 1659 443 1718 Deus
471 1664 534 1717 de
564 1664 720 1717 Patre
742 1674 790 1718 et
816 1664 1160 1719 Filio.—Ne
1200 1665 1432 1718 humano
1472 1678 1625 1718 more
1669 1661 1901 1731 accipias

302 1766 425 1823 qua:
445 1752 714 1820 dicuntur,
745 1755 838 1809 sed
866 1769 1045 1809 crassa
1095 1754 1255 1809 verba
1282 1755 1527 1810 humanas
1549 1752 1899 1809 imbecillitati

301 1846 593 1899 convenire
620 1844 842 1912 cogites.
868 1840 1000 1897 Nam
1032 1845 1133 1898 nisi
1162 1844 1246 1898 his
1270 1844 1450 1899 verbis
1476 1843 1749 1912 Scriptura
1768 1842 1899 1896 fuis—

303 1941 391 1989 set
429 1946 544 1999 usa,
575 1934 843 2003 quomodo
869 1943 974 1989 tam
1006 1949 1195 1989 arcana
1244 1935 1497 2005 mysteria
1545 1933 1753 1988 discere
1801 1948 1901 2002 pu-

304 2024 634 2079 tuissemus?
662 2040 731 2079 ne
770 2025 931 2095 igitur
974 2026 1157 2080 verbis
1206 2034 1408 2081 tantum
1455 2025 1652 2080 addicti
1709 2027 1899 2092 simus,

305 2111 405 2167 sed
445 2114 625 2167 omnia
666 2123 725 2167 ut
750 2129 846 2183 par
871 2124 955 2170 est
979 2115 1046 2170 de
1068 2116 1181 2171 Deo
1208 2116 1525 2171 sentiamus.
1551 2114 1901 2185 Quandoqui-

302 2204 429 2258 dem
467 2204 594 2258 dum
624 2204 836 2271 dicitur,
888 2206 1113 2276 Accepit,
1165 2216 1222 2261 et
1264 2208 1441 2262 omnia
1496 2208 1641 2271 talia,
1688 2215 1904 2277 propter

309 2303 548 2349 nostram
591 2294 953 2350 infirmitatem
1013 2297 1085 2350 ita
1136 2296 1278 2351 dicta
1325 2305 1468 2352 sunt.
1522 2296 1924 2351 Animadverte.

306 2391 488 2437 autem
508 2383 777 2452 quomodo
804 2394 859 2439 et
879 2385 967 2439 hic
998 2385 1186 2441 eadem
1221 2401 1316 2443 usa
1354 2397 1438 2441 est
1478 2387 1902 2453 consuetudine,

303 2485 411 2540 qua
438 2486 620 2540 supra,
652 2486 773 2526 cum
819 2473 886 2527 de
925 2474 1094 2528 Adam
1120 2484 1321 2545 ageret.
1352 2474 1485 2529 Nam
1515 2485 1573 2530 ut
1600 2478 1668 2531 ibi
1694 2479 1860 2533 semel
1884 2518 1902 2547 ,

307 2575 372 2616 ac
392 2561 609 2626 iterum,
638 2572 691 2617 et
716 2564 911 2632 saepius
930 2564 1083 2630 dixit,
1130 2563 1198 2617 Et
1226 2566 1419 2635 accepit
1469 2565 1720 2621 Dominus
1763 2567 1905 2625 Deus

309 2651 561 2705 hominem
586 2669 599 2705 :
631 2662 687 2707 et
715 2654 928 2719 iterum,
964 2654 1031 2707 Et
1052 2658 1290 2725 pracepit
1312 2656 1556 2712 Dominus
1582 2657 1720 2713 Deus
1744 2661 1870 2714 Adae
1887 2676 1907 2715 :

309 2750 367 2795 et
383 2741 597 2807 iterum,
623 2741 863 2812 Dixitque
882 2744 1128 2799 Dominus
1158 2745 1298 2801 Deus
1321 2764 1339 2801 :
1356 2747 1631 2803 Faciamus
1654 2750 1733 2804 illi
1753 2752 1908 2823 adju-

308 2838 471 2883 torem
497 2831 711 2886 similem
740 2834 864 2888 illi:
893 2836 970 2889 sic
992 2844 1048 2889 et
1090 2851 1231 2890 nunc
1273 2837 1463 2907 inquit,
1519 2838 1590 2893 Et
1634 2841 1907 2909 wdi/icarit

313 2916 567 2973 Dominus
621 2920 758 2975 Deus
808 2932 1018 2989 costam,
1064 2940 1214 2993 quam
1266 2928 1457 2997 accepit
1508 2928 1571 2980 ab
1624 2928 1809 2995 Adam,
1854 2930 1907 2984 in

312 3009 609 3074 mulierem;
632 3019 684 3064 et
707 3013 865 3081 paulo
884 3015 1150 3080 superius,
1182 3014 1249 3068 Et
1268 3017 1475 3070 immisit
1497 3017 1744 3071 Dominus
1770 3018 1908 3073 Deus

312 3114 573 3153 excessum
619 3100 672 3153 in
712 3101 916 3153 Adam:
944 3113 1001 3155 ut
1041 3103 1217 3157 discas
1265 3105 1462 3158 nullam
1495 3106 1664 3161 Patris
1693 3117 1748 3161 et
1785 3106 1907 3161 Filii

313 3188 679 3242 diversitatem
716 3188 813 3243 has
850 3190 1111 3245 dictiones
1150 3192 1383 3247 indicare
1418 3210 1430 3246 :
1462 3195 1584 3262 quia
1632 3194 1909 3264 utriusque

310 3285 401 3334 est
447 3293 549 3332 una
605 3280 871 3344 essentia,
928 3280 1385 3336 indiscriminatim
1447 3283 1751 3338 nominibus
1794 3285 1909 3340 istis

312 3371 588 3441 Scriptura
614 3372 803 3426 utitur.
829 3372 966 3427 Ecce
1003 3373 1163 3442 igitur
1187 3381 1245 3428 et
1269 3372 1407 3428 hanc
1426 3374 1866 3429 consuetudinem
1890 3416 1906 3442 ,

313 3478 443 3519 cum
483 3464 553 3519 de
594 3464 913 3521 formatione
938 3467 1180 3522 mulieris
1216 3470 1344 3539 agit,
1369 3465 1613 3521 similiter
1637 3468 1908 3536 servavit,

316 3556 547 3612 dicens:
579 3555 644 3610 Et
681 3557 952 3623 tediﬁcarit
1000 3555 1253 3612 Dominus
1298 3558 1439 3615 Deus
1498 3567 1710 3625 costam,
1758 3574 1910 3627 quam

316 3643 509 3709 accepit
535 3642 597 3693 ab
638 3640 821 3705 Adam,
859 3643 914 3694 in
956 3642 1235 3697 mulierem.
1272 3643 1411 3710 Quid
1438 3661 1569 3716 ergo
1605 3649 1692 3703 hic
1730 3648 1912 3704 dicent

315 3730 595 3799 haeretici,
625 3732 715 3801 qui
740 3732 918 3786 omnia
944 3732 1214 3788 curiosius
1255 3736 1541 3804 explorare
1592 3741 1797 3806 volunt,
1856 3753 1913 3799 et

310 3821 623 3877 Conditoris
650 3822 885 3876 omnium
921 3824 1323 3891 generationem
1353 3829 1825 3896 comprehendisse
1848 3848 1911 3889 se

314 3913 543 3981 putant?
571 3914 701 3981 Quis
725 3928 904 3969 sermo
926 3914 1029 3970 hoc
1050 3916 1321 3985 explicare
1357 3919 1589 3985 poterit?
1614 3935 1731 3989 quae
1757 3937 1912 3977 mens

312 4004 813 4071 comprehendere?
857 4003 1029 4060 Unam
1073 4014 1315 4073 costam,
1350 4007 1541 4077 inquit,
1570 4013 1808 4081 accepit;
1858 4023 1914 4069 et

318 4087 588 4156 quomodo
616 4104 681 4144 ex
726 4090 828 4147 hac
854 4093 1007 4147 unica
1033 4104 1181 4149 costa
1204 4104 1371 4151 totum
1408 4101 1602 4154 animal
1624 4101 1913 4159 formavit?

319 4175 389 4230 Et
414 4177 544 4247 quid
570 4178 713 4245 dico,
742 4182 1009 4250 quomodo
1033 4198 1098 4238 ex
1127 4185 1227 4241 hac
1266 4202 1369 4241 una
1396 4190 1593 4244 animai
1617 4191 1912 4249 formavit?

317 4266 449 4333 Dic,
478 4268 725 4334 obsecro,
755 4273 1023 4340 quomodo
1054 4274 1251 4330 ablatio
1302 4277 1439 4332 facta
1482 4283 1598 4334 est?
1642 4285 1913 4351 quomodo

316 4355 511 4423 Adam,
557 4374 677 4413 cum
717 4361 1016 4418 auferretur
1053 4374 1224 4430 costa.
1276 4382 1383 4422 non
1423 4364 1749 4428 sensil23ed
1782 4375 1912 4432 nihil

317 4447 511 4503 horum
533 4450 716 4507 dicere
748 4455 948 4523 poteris
980 4472 1156 4511 :unus
1193 4458 1335 4513 enim
1388 4468 1591 4517 tantum
1643 4465 1765 4530 scit,
1822 4470 1910 4537 qui
1978 4448 1979 4451 η

316 4546 403 4593 est
422 4539 536 4608 ipse
564 4539 840 4596 Conditor.
869 4543 1021 4610 Quod
1048 4547 1092 4600 si
1125 4547 1238 4602 haec
1262 4563 1381 4619 quae
1408 4552 1459 4605 in
1490 4554 1735 4609 manibus
1765 4567 1909 4624 sunt,

315 4637 374 4682 et
401 4628 647 4683 animalis
672 4630 973 4701 illiusquod
1004 4635 1159 4690 nobis
1179 4650 1341 4693 carne
1364 4652 1646 4710 cognatum
1681 4653 1766 4698 est
1804 4646 1914 4699 for-

317 4719 607 4774 mationem
659 4738 766 4777 non
816 4725 1353 4794 comprehendimus;
1395 4734 1577 4801 quanti
1626 4734 1802 4789 delirii
1857 4746 1911 4790 et

318 4810 570 4864 amentia:
598 4810 758 4866 fuerit
788 4814 1049 4870 curiosius
1071 4817 1343 4887 inquirere
1366 4835 1485 4889 qua:
1519 4823 1682 4891 ipsius
1710 4825 1912 4879 Condi-

317 4899 451 4953 toris
479 4909 624 4963 sunt,
655 4910 709 4954 et
736 4902 913 4958 dicere
939 4918 997 4959 se
1033 4906 1118 4959 illa
1144 4911 1625 4977 comprehendere,
1681 4930 1908 4983 quorum

318 5003 493 5059 neque
523 4990 850 5061 incorporea:
871 5003 925 5048 et
944 4994 1137 5050 divina:
1159 4998 1380 5053 virtutes
1403 5000 1601 5068 justam
1630 5005 1908 5059 scientiam

316 5078 537 5144 habent,
568 5081 663 5135 sed
685 5098 805 5136 cum
852 5084 1043 5141 timore
1069 5095 1123 5141 et
1166 5096 1399 5146 tremore
1427 5092 1480 5146 in
1506 5091 1715 5149 assidua
1742 5095 1913 5166 glori-

316 5170 564 5223 fica'tione
608 5175 985 5239 perseverant?

388 5263 444 5317 5.
470 5260 539 5316 Et
560 5263 829 5330 (ediﬁcavit
856 5264 1104 5321 Dominus
1130 5267 1267 5324 Deus
1293 5281 1506 5340 costam,
1542 5290 1691 5341 quam
1717 5279 1910 5346 accepit

317 5355 380 5405 ab
432 5354 613 5419 Adam,
644 5355 697 5407 in
747 5357 1027 5412 mulierem.
1062 5358 1192 5413 Vide
1236 5360 1525 5432 Scriptura:
1557 5365 1908 5436 diligentiam.

319 5443 436 5498 Non
463 5444 602 5497 enim
621 5444 730 5513 jam
757 5445 906 5510 dicit,
936 5449 1223 5516 Formavit,
1258 5452 1373 5516 sed,
1408 5454 1711 5524 /Ediﬁcavit
1742 5474 1761 5510 :
1786 5460 1908 5527 quia

319 5534 511 5604 exjam
540 5534 766 5590 formato
790 5547 992 5607 partem
1019 5542 1243 5610 accepit,
1295 5551 1349 5596 et
1387 5549 1536 5613 quasi
1565 5547 1766 5603 diceret
1813 5550 1911 5603 ali-

320 5628 460 5697 quis,
517 5628 657 5696 quod
710 5629 893 5684 deerat
939 5630 1105 5687 dedit.
1162 5633 1285 5688 ideo
1336 5633 1483 5701 dicit,
1517 5636 1583 5691 Et
1603 5640 1911 5707 cedi/ierunt:

321 5734 425 5772 non
470 5717 629 5772 aliam
687 5718 1056 5777 formationem
1108 5723 1250 5794 fecit,
1305 5725 1401 5782 sed
1439 5741 1503 5784 ex
1530 5744 1593 5786 eo
1634 5729 1773 5801 quod
1796 5731 1909 5802 jam

1404 386 1472 444 ΙΝ
1507 383 1742 444 CAPJI.
1780 378 2032 440 GENES.
2076 380 2311 437 llOﬂiL.
2354 379 2467 437 XV.

3489 375 3594 436 lli

2000 492 2284 548 formatum
2325 500 2463 556 erat,
2504 500 2720 561 accepta
2763 489 3101 562 portiuncula
3151 489 3401 562 quadam,
3454 489 3594 545 hanc

2000 592 2205 654 partem
2230 582 2533 646 aedificavit,
2563 590 2617 637 et
2638 582 2933 652 perfectum
2977 582 3108 637 fecit
3134 582 3351 636 animal.
3383 581 3593 650 Quanta

1998 674 2185 743 optimi
2233 672 2507 728 architecti
2562 673 2658 727 Dei
2704 674 2965 744 potentia,
2996 689 3114 743 quas
3140 687 3209 726 ex
3240 670 3443 726 tantilla
3471 686 3596 736 par-

2001 762 2160 816 ticula
2213 770 2292 815 tot
2341 771 2396 815 et
2442 773 2549 815 tam
2606 762 2868 831 elegantia
2921 761 3160 816 membra
3214 754 3595 817 concinnavit.

2002 861 2178 907 tantos
2212 851 2461 906 formavit
2510 866 2730 918 sensus,
2758 865 2822 906 ac
2860 852 3176 919 perfectum,
3209 850 3495 918 integrum.
3541 858 3597 901 et

2000 943 2306 998 absolutum
2351 942 2550 996 animal
2580 941 2725 1007 fecit,
2778 941 2921 1011 quod
2964 941 3213 1010 possit-et
3240 936 3495 1008 colloqui,
3543 947 3599 991 et

2000 1032 2377 1087 communione
2422 1031 2737 1087 substantiae
2780 1032 2897 1085 viro
2934 1030 3099 1085 multa
3146 1028 3597 1091 aii‘erresolatia!

2000 1120 2135 1174 Nam
2161 1121 2227 1175 ad
2253 1121 2369 1189 ejus
2389 1121 2812 1175 consolationem
2841 1118 3036 1173 animai
3050 1117 3155 1173 hoc
3183 1116 3467 1172 formatum
3492 1125 3597 1172 est.

2005 1211 2158 1267 Unde
2179 1221 2233 1267 et
2252 1211 2446 1266 Paulus
2475 1211 2731 1266 dicebat:
2766 1208 2890 1263 Non
2936 1209 3073 1265 enim
3114 1214 3365 1280 formatus
3409 1216 3482 1262 est
3525 1208 3601 1261 uir

2003 1312 2210 1372 propter
2261 1302 2543 1366 mulierem,
2566 1300 2656 1355 sed
2687 1300 2867 1354 mulier
2904 1309 3114 1370 propter
3142 1299 3305 1351 virum
3347 1299 3436 1369 (l.
3470 1296 3589 1352 Cor.

2005 1390 2093 1445 ii.
2122 1390 2210 1456 9).
2245 1388 2409 1444 Vides
2450 1388 2723 1459 quomodo
2743 1388 2922 1444 omnia
2950 1400 3171 1458 prepter
3213 1389 3384 1443 virum
3431 1386 3601 1441 ﬂant?

2002 1478 2226 1549 Condita
2252 1478 2395 1532 enim
2426 1488 2693 1545 creatura,
2730 1477 3005 1547 productis
3028 1476 3219 1541 brutis,
3276 1485 3331 1530 et
3378 1476 3501 1535 cibo
3548 1485 3604 1529 et

2004 1570 2300 1625 ministerio
2341 1570 2575 1633 utilibus,
2633 1571 2757 1639 quia
2805 1568 3067 1623 formatus
3113 1566 3275 1621 homo
3320 1566 3599 1635 indigebat

2003 1660 2182 1729 aliquo
2207 1658 2627 1722 confabulatore,
2660 1667 2715 1713 et
2763 1672 2830 1713 eo
2877 1657 2967 1728 qui
3010 1657 3278 1727 particeps
3321 1657 3442 1726 ejus
3465 1656 3599 1709 sub-

2004 1750 2217 1804 stantiae
2260 1750 2486 1804 multum
2526 1749 2699 1805 solatii
2720 1748 2915 1804 afferre
2938 1758 3138 1818 posset,
3170 1746 3292 1802 ideo
3335 1762 3404 1801 ex
3432 1746 3604 1801 latere

2006 1839 2146 1898 illius
2169 1839 2273 1894 hoc
2300 1839 2559 1894 rationale
2582 1839 2783 1893 animai
2829 1838 3045 1904 format,
3086 1846 3143 1893 et
3177 1834 3470 1893 secundum
3522 1835 3607 1889 in-

2005 1929 2265 1983 dustriam
2292 1944 2443 1983 suam
2466 1939 2521 1988 et
2545 1929 2861 1999 sapientiam
2890 1928 3184 1999 perfectum
3215 1936 3271 1982 et
3297 1926 3605 1982 absolutum

2008 2018 2109 2074 hoc
2133 2018 2281 2085 facit,
2306 2034 2401 2089 per
2428 2020 2607 2075 omnia
2636 2019 2837 2074 homini
2865 2019 3063 2085 simile,
3104 2017 3158 2072 id
3180 2025 3283 2085 est,
3314 2016 3601 2079 rationale,

2007 2110 2148 2179 quod
2184 2109 2232 2165 ei
2288 2118 2468 2178 posset
2513 2110 2566 2163 in
2595 2109 3005 2165 necessitatibus
3034 2116 3089 2163 et
3116 2106 3417 2163 commodis
3447 2106 3608 2176 hujus

2009 2200 2131 2252 vitae
2176 2198 2416 2254 subsidio
2442 2214 2582 2255 esse.
2615 2200 2761 2255 Deus
2811 2200 2955 2255 enim
2986 2211 3125 2265 erat,
3171 2199 3262 2269 qui
3303 2199 3483 2253 omnia
3520 2212 3612 2252 sa-

2009 2290 2174 2359 pienti
2203 2288 2433 2359 quadam
2487 2291 2698 2346 ratione
2739 2290 2980 2346 condidit
3020 2300 3077 2345 et
3114 2290 3443 2345 moderatur.
3492 2288 3607 2369 Etsi

2008 2379 2152 2434 enim
2202 2394 2303 2435 nos
2346 2380 2437 2450 qui
2488 2389 2595 2435 tam
2641 2380 2894 2437 imbecilli
2940 2390 3121 2437 mente
3149 2394 3355 2445 sumus,
3387 2380 3606 2436 modum

2009 2484 2115 2539 quo
2140 2467 2276 2523 facta
2303 2477 2429 2523 sunt
2454 2470 2595 2524 scire
2625 2486 2732 2524 non
2764 2485 3068 2540 possumus.
3112 2470 3382 2525 credimus
3427 2480 3606 2524 tamen

2012 2560 2271 2614 voluntati
2314 2560 2455 2614 illius
2502 2560 2680 2615 omnia
2718 2563 2969 2629 cessisse,
3001 2569 3059 2617 et
3089 2560 3343 2631 quidquid
3373 2560 3607 2629 impera-

2009 2654 2107 2718 vit,
2150 2651 2350 2707 factum
2395 2667 2539 2708 esse.
2587 2653 2677 2708 22.
2712 2653 2782 2707 Et
2800 2654 3092 2723 aediﬁcavit,
3141 2653 3332 2723 inquit,
3362 2652 3610 2706 Dominus

2012 2741 2149 2795 Deus
2162 2752 2372 2809 costam,
2394 2759 2546 2812 quam
2565 2744 2754 2814 accepit
2779 2748 2843 2798 ab
2865 2744 3052 2811 Adam,
3071 2744 3123 2797 in
3144 2744 3436 2797 mulierem:
3450 2755 3495 2797 et
3511 2744 3606 2796 ad-

2012 2832 2155 2885 duxit
2177 2833 2317 2885 illam
2336 2833 2403 2885 ad
2425 2833 2631 2888 Adam:
2647 2834 2937 2888 ostendens
2965 2848 3025 2889 se
3044 2842 3260 2904 propter
3277 2834 3426 2887 illum
3453 2834 3610 2887 istam

2010 2922 2336 2988 condidisse,
2367 2923 2588 2979 adduxit
2613 2924 2755 2978 illam
2782 2924 2848 2978 ad
2886 2925 3076 2977 Adam.
3106 2924 3369 2989 Quoniam
3407 2923 3608 2990 nullus,

2012 3013 2205 3082 inquit,
2238 3014 2291 3067 in
2322 3014 2570 3069 omnibus
2593 3015 2712 3069 aliis
2740 3014 2955 3083 adjutor
2991 3013 3084 3068 tibi
3126 3014 3376 3069 inventus
3413 3022 3497 3067 est
3537 3014 3614 3067 si-

2010 3102 2173 3165 milis,
2226 3116 2355 3157 ecce
2399 3102 2501 3157 hoc
2548 3103 2690 3173 quod
2723 3103 3015 3172 pollicebar
3055 3101 3312 3175 (promisi
3339 3104 3484 3157 enim
3517 3103 3612 3158 tibi

2013 3190 2277 3247 facturum
2307 3207 2393 3246 me
2419 3192 2717 3263 adjutorem
2765 3194 2995 3249 similem
3042 3192 3197 3265 tibi),
3243 3208 3386 3249 nunc
3436 3194 3614 3263 perfe-

2010 3289 2158 3337 ctum
2214 3282 2365 3337 trado
2408 3284 2523 3338 tibi.
2551 3284 2779 3338 Adduxit
2799 3283 2966 3352 illam,
2997 3284 3189 3355 inquit,
3216 3284 3285 3336 ad
3308 3283 3494 3337 Adam.
3516 3281 3610 3338 9.3.

2013 3368 2085 3423 Et
2110 3359 2238 3425 dixit
2267 3373 2453 3440 Adam,
2486 3372 2599 3428 Hoc
2621 3390 2753 3428 nunc
2772 3390 2829 3429 os
2856 3390 2921 3430 es
2946 3375 3144 3429 ossibus
3169 3376 3312 3443 meis,
3328 3386 3375 3429 et
3411 3392 3531 3430 caro
3549 3391 3615 3429 es:

2012 3466 2166 3516 carne
2185 3478 2315 3515 mea.

2083 3552 2251 3606 Adam
2298 3554 2646 3624 propheticum
2696 3556 2915 3626 gratiam
2952 3557 3164 3624 accepit.
3207 3585 3280 3597 —-
3320 3555 3455 3612 Vide
3490 3556 3608 3623 hic,

2014 3655 2220 3710 qua-so,
2259 3642 2529 3713 quomodo
2558 3659 2680 3699 cum
2728 3645 2979 3701 ineffabili
3021 3646 3111 3700 illa
3141 3646 3422 3715 sapientia,
3452 3647 3552 3701 sibi
3579 3661 3612 3701 ι

2020 3730 2129 3785 Deo
2180 3733 2549 3801 suppeditata,
2601 3736 2756 3803 cujus
2804 3735 2960 3791 nobis
3004 3736 3198 3790 indicia
3247 3735 3615 3792 demonstrata

2015 3832 2141 3878 sunt
2171 3838 2267 3894 per
2302 3826 2579 3880 nominum
2628 3828 3052 3896 impositionem,
3082 3843 3203 3898 qua:
3231 3836 3309 3882 tot
3334 3828 3614 3883 brutorum

2016 3912 2326 3966 animalium
2348 3914 2637 3983 generibus
2664 3916 2878 3982 indidit,
2898 3916 3061 3972 etiam
3090 3917 3459 3988 prOpheticam
3488 3932 3613 3986 gra-

2018 4004 2146 4057 tiam
2191 4003 2402 4072 aecipit.
2430 4003 2563 4058 Nam
2606 4004 2805 4061 idcirco
2852 4015 3009 4063 antea
3052 4006 3235 4062 docuit
3285 4022 3386 4061 nos
3426 4009 3616 4062 beatus

2018 4093 2108 4148 ille
2135 4096 2414 4165 prepheta,
2446 4110 2570 4150 eum
2617 4108 2673 4150 et
2716 4112 2927 4160 somno,
2959 4104 3014 4151 et
3058 4096 3259 4152 exstasi
3305 4108 3614 4166 correptum

2016 4181 2225 4238 fuisse:
2269 4188 2339 4240 ita
2396 4196 2454 4240 ut
2500 4203 2568 4241 ne
2597 4200 2814 4242 sensum
2844 4187 3061 4256 quidem
3102 4187 3266 4240 ullum
3310 4186 3427 4255 ejus
3473 4187 3619 4256 quod

2018 4273 2180 4329 ﬁebat
2209 4276 2509 4345 perciperet
2535 4295 2548 4331 :
2577 4285 2634 4331 ut
2671 4292 2791 4331 cum
2827 4290 2969 4330 nunc
2995 4276 3179 4339 discis,
3209 4290 3332 4330 eum
3355 4276 3467 4329 visa
3498 4266 3617 4330 mué

2017 4364 2149 4421 liere
2198 4366 2480 4436 diligenter
2509 4368 2649 4436 quod
2691 4367 2889 4421 factum
2938 4376 3057 4423 erat
3099 4383 3375 4433 enarrare,
3426 4368 3615 4423 credas

2017 4466 2187 4522 certo,
2228 4472 2349 4510 eum
2395 4468 2612 4525 accepta
2663 4458 2973 4527 prophetica
3028 4460 3231 4528 gratia,
3282 4466 3339 4511 et
3380 4459 3612 4527 Spiritus

2017 4552 2187 4605 sancti
2216 4550 2457 4604 doctrina
2487 4551 2723 4606 afflatum
2764 4552 2879 4605 hac
2901 4553 3067 4623 loqui.
3104 4551 3313 4622 Quippe
3336 4567 3456 4607 cum
3480 4552 3612 4606 nihil

2018 4641 2086 4695 de
2144 4641 2208 4695 iis
2252 4656 2369 4710 quae
2414 4641 2549 4695 facta
2581 4654 2737 4697 erant
2770 4644 2952 4708 sciret,
2982 4652 3265 4714 postquam
3310 4644 3450 4699 Deus
3478 4645 3616 4699 hanc

2019 4731 2096 4786 illi
2126 4732 2364 4797 adduxit,
2396 4733 2588 4801 inquit,
2619 4733 2735 4787 Hoc
2760 4751 2893 4787 nunc
2939 4752 2995 4789 os
3039 4751 3102 4788 ex
3128 4735 3323 4789 ossibus
3375 4736 3516 4799 meis,
3569 4743 3615 4789 et

2017 4837 2135 4874 caro
2165 4838 2228 4875 ea:
2261 4837 2413 4875 carne
2464 4839 2594 4876 mea.
2624 4825 2776 4877 Alius
2803 4840 2931 4879 vero
2965 4824 3180 4894 quidam
3214 4825 3477 4895 interpres
3500 4822 3575 4894 (a)
3596 4864 3612 4888 ,

2018 4928 2115 4981 pro
2142 4910 2316 4977 Nunc,
2345 4914 2503 4967 vertit
2531 4912 2645 4968 Hoc
2679 4916 2851 4982 semel,
2891 4914 3172 4980 declarans
3195 4916 3361 4970 semel
3404 4923 3611 4969 tantum

2017 5003 2119 5059 hoc
2140 5004 2335 5058 factum
2360 5020 2499 5072 esse,
2547 5021 2719 5075 neque
2744 5009 2880 5061 ultra
2910 5006 3023 5061 fore
3048 5008 3209 5061 talem
3240 5008 3476 5062 mulieris
3499 5006 3611 5060 for-

2016 5095 2327 5149 mationem.
2356 5096 2542 5161 Nunc,
2584 5098 2771 5167 inquit,
2815 5097 2949 5151 facta
2994 5108 3078 5152 est
3117 5113 3183 5152 ex
3230 5099 3347 5152 viro
3376 5099 3607 5163 mulier,

2018 5187 2241 5258 posthac
2291 5203 2397 5242 non
2451 5189 2529 5243 sic
2558 5190 2681 5256 erit,
2734 5189 2825 5244 sed
2866 5205 2933 5245 ex
2963 5190 3185 5245 muliere
3220 5192 3331 5254 vir;
3367 5192 3472 5243 imo
3504 5206 3610 5245 non

2019 5292 2085 5331 ex
2126 5276 2370 5343 muliere,
2418 5276 2511 5331 sed
2544 5293 2606 5332 ex
2654 5280 2930 5349 utriusque
2956 5280 3363 5349 cooperatioue;
3394 5281 3531 5345 sicut
3558 5292 3613 5335 et

2019 5367 2213 5421 Paulus
2234 5368 2404 5437 inquit
2427 5385 2441 5421 :
2473 5370 2595 5422 Non
2628 5379 2699 5423 est
2730 5371 2861 5424 enim
2885 5370 2959 5423 vir
2983 5388 3045 5424 ex
3064 5372 3291 5438 muliere,
3320 5371 3410 5424 sed
3430 5372 3611 5426 mulier

2017 5474 2080 5513 ea:
2116 5460 2221 5513 viro
2249 5469 2334 5514 :et
2363 5476 2464 5514 non
2492 5461 2724 5515 conditus
2751 5471 2823 5515 est
2863 5464 2938 5516 vir
2963 5473 3169 5534 propter
3198 5464 3489 5526 mulierem,
3523 5462 3610 5515 sed

2092 5609 2161 5670 (a)
2188 5606 2294 5655 Non
2320 5619 2446 5654 unus
2473 5612 2680 5665 tantum,
2701 5609 2791 5655 sed
2811 5607 2910 5655 duo
2936 5612 3053 5656 sunt
3072 5608 3392 5667 interpretes,
3412 5608 3498 5665 qui
3520 5616 3604 5651 vo-

2027 5686 2112 5722 ces
2131 5678 2296 5731 DYE‘t
2324 5679 2415 5727 rm
2451 5677 2795 5747 vertunthhoc
2827 5680 2973 5750 semel
3012 5678 3175 5747 (τοῦτο
3214 5676 3390 5743 ἄπαξ);
3428 5686 3609 5785 neniae

2028 5736 2352 5785 Svmmachus
2374 5742 2428 5785 et
2452 5738 2745 5785 Theodotio.
2774 5747 2830 5785 ut
2852 5742 3020 5785 Videas
3043 5754 3092 5785 in
3129 5738 3372 5785 Hexaulis
3406 5743 3541 5784 nostr
3591 5769 3605 5782 .

2028 5736 2352 5795 Symmachus
2374 5742 2428 5787 et
2452 5738 2745 5800 Theodotio,
2774 5747 2830 5790 ut
2852 5736 3026 5789 videas
3043 5740 3092 5788 in
3129 5736 3372 5799 Hexaplis
3406 5736 3605 5785 nostris.
