4068 6436
549 379 652 436 ΙΞό

544 488 728 541 παρῆεν
751 490 952 553 propter
1000 482 1158 534 virum
1201 478 1291 552 (Ι.
1322 479 1438 534 Cor.
1468 479 1554 534 ll.
1585 479 1638 532 8.
1684 476 1780 545 9).
1825 477 1894 529 At
1940 472 2123 527 isthzec

550 580 684 647 ipsa,
710 574 850 630 dicet
873 573 1085 647 aliquis,
1127 589 1244 643 qum
1272 572 1411 625 dicta
1438 579 1581 626 sunt.
1609 568 1894 624 ostendunt
1931 565 2123 618 mulieo

547 645 660 723 rem
681 683 746 722 ex
769 666 884 721 viro
911 645 1099 720 factam
1125 679 1262 719 esse.
1298 663 1494 718 Verum
1522 668 1791 728 exspecta,
1836 667 1890 712 et
1922 655 2124 710 videbis

547 766 850 811 accuratam
903 753 1197 808 doctrinam
1242 767 1403 822 quam
1443 750 1677 820 subjicit.
1724 747 1862 802 Dicit
1909 745 2050 799 enim
2107 760 2119 796 :

557 846 908 901 Verumtamen
931 859 1088 912 neque
1118 843 1193 896 air
1215 842 1323 896 sine
1347 841 1578 904 audiere,
1611 853 1770 907 neque
1801 835 1986 888 mulier
2018 833 2126 887 sine

550 937 657 988 uiro
697 933 866 1005 (Ibid.
912 948 961 986 ν.
983 933 1042 988 il
1072 931 1091 1001 )
1118 949 1130 984 :
1159 946 1264 1000 quo
1303 930 1462 986 docet
1494 943 1593 983 nos
1623 935 1802 995 postea
1850 925 2126 992 utriusque

547 1037 854 1095 congressu,
879 1029 1222 1090 utrorumque
1250 1028 1305 1074 et
1325 1019 1422 1072 viri
1452 1025 1508 1072 et
1530 1015 1766 1070 mulieris
1791 1012 2123 1068 constitutio-

551 1127 675 1168 nem
721 1125 858 1166 esse.
887 1108 1093 1165 Idcirco
1119 1119 1172 1164 et
1199 1108 1367 1163 Adam
1395 1106 1642 1161 dicebat:
1676 1103 1787 1158 Hoc
1809 1118 1942 1156 nunc
1974 1116 2030 1154 os
2061 1115 2126 1154 ea:

548 1202 742 1258 Ossibus
758 1200 899 1265 meis,
929 1209 978 1253 et
1002 1215 1121 1254 caro
1148 1214 1210 1253 ea:
1241 1213 1393 1252 carne
1425 1211 1555 1249 mea.

617 1292 670 1345 ι.
707 1289 908 1343 Deinde
945 1297 1006 1343 nt
1032 1290 1170 1343 scias
1208 1288 1365 1354 hujus
1408 1285 1699 1356 prophetia:
1723 1280 2121 1346 certitudinem,

544 1391 601 1436 et
626 1381 893 1451 quomodo
917 1380 970 1434 in
995 1381 1132 1432 hunc
1153 1378 1292 1433 diem
1318 1387 1371 1431 et
1395 1390 1564 1446 usque
1598 1374 1664 1429 ad
1707 1371 2123 1428 consummatio-

545 1490 669 1530 nem
683 1472 1119 1542 all‘ulgeantillius
1133 1471 1295 1526 dicta.
1312 1470 1432 1524 audi
1447 1467 1745 1539 sequentia.
1756 1466 1845 1520 25.
1861 1464 1968 1518 Ista
1979 1478 2124 1516 voca-

545 1566 676 1618 bitur
696 1563 896 1626 mulier,
913 1562 1114 1632 inquit,
1137 1562 1255 1632 quia
1279 1577 1342 1614 ea:
1368 1561 1473 1612 uiro
1497 1574 1588 1612 suo
1637 1566 1838 1624 sumpta
1874 1564 1947 1608 est
1990 1555 2120 1620 ipsa.

546 1653 637 1707 24.
673 1653 888 1722 l‘r0pter
916 1652 1012 1706 hoc
1039 1651 1344 1718 derelinquet
1372 1650 1520 1702 homo
1544 1655 1734 1715 patrem
1752 1660 1917 1708 suum,
1946 1653 1993 1695 et
2017 1658 2125 1694 nta-

549 1750 674 1794 trent
699 1757 863 1806 suam,
887 1751 934 1794 et
959 1740 1232 1793 adhcrebit
1271 1738 1416 1792 ποτε
1458 1751 1584 1800 sua,
1640 1743 1686 1788 et
1732 1742 1878 1786 enim
1924 1732 2025 1784 duo
2071 1731 2124 1783 in

543 1846 745 1882 carnem
771 1845 942 1883 unam.
975 1828 1166 1882 Vidisti
1187 1827 1454 1897 quomodo
1477 1825 1654 1880 omnia
1679 1820 2126 1890 nobisdiiigenter

543 1918 773 1987 aperuit,
803 1926 857 1972 et
889 1918 1091 1988 singula
1125 1931 1220 1986 per
1249 1916 1581 1986 prophetiam
1609 1927 1758 1967 suam
1798 1909 2123 1980 explanavit.

547 2005 660 2062 Ista
683 2048 698 2072 ,
730 2007 918 2076 inquit,
950 2007 1206 2060 vocabitur
1234 2006 1432 2068 mulier,
1461 2004 1579 2073 quia
1601 2001 1662 2055 de
1690 2001 1796 2053 viro
1817 2015 1907 2054 suo
1926 2007 2126 2067 sumpta

548 2110 642 2153 est.
684 2101 877 2152 lterum
906 2099 1060 2153 nobis
1081 2098 1405 2152 ablationem
1444 2105 1607 2151 costa:
1635 2092 1901 2147 insinuat:
1935 2089 2126 2143 deinde

549 2207 670 2259 quae
723 2191 893 2244 futura
941 2198 1094 2244 erant
1145 2188 1455 2250 declarans,
1502 2185 1710 2253 inquit,
1761 2179 1979 2249 Pr0pter
2032 2178 2126 2231 hoc

545 2277 795 2345 relinquet
849 2281 998 2330 homo
1053 2286 1248 2346 patrem
1279 2291 1427 2328 suum
1448 2312 1464 2335 ,
1522 2281 1571 2324 et
1624 2279 1837 2323 matrem
1865 2282 2011 2319 suam
2030 2305 2048 2331 ,
2075 2273 2124 2318 et

544 2367 816 2422 adherebit
858 2368 1008 2421 uxori
1053 2381 1160 2421 stic
1181 2405 1198 2431 ,
1225 2375 1274 2418 et
1301 2372 1444 2417 erunt
1475 2363 1576 2415 duo
1619 2360 1672 2413 in
1717 2371 1919 2412 carnem
1946 2371 2122 2409 unum.

549 2457 733 2524 Unde,
789 2457 916 2523 dic,
972 2471 1109 2522 oro,
1165 2455 1328 2510 subiit
1375 2454 1451 2508 illi
1508 2454 1560 2506 in
1614 2457 1847 2504 mentem
1899 2457 1959 2502 ut
2011 2446 2127 2502 haec

544 2547 786 2603 diceret:
819 2547 959 2601 unde
987 2545 1189 2600 sciebat
1216 2544 1388 2598 futura
1413 2550 1505 2614 ,_ct
1531 2537 1982 2609 multiplicandum
2007 2548 2128 2590 esse

545 2637 835 2692 humanum
873 2636 1145 2706 genuslct
1167 2632 1307 2704 quod
1329 2633 1534 2686 futurus
1552 2636 1696 2684 esset
1725 2627 1818 2680 viri
1856 2625 2125 2679 mulieris-

545 2742 654 2797 que
673 2740 990 2794 congressus
1023 2724 1163 2778 unde
1203 2719 1490 2777 noscebat?
1507 2717 1836 2788 Congressus
1851 2715 1992 2769 enim
2019 2714 2108 2768 illo

546 2825 667 2882 post
692 2813 1172 2881 prmvaricationem
1197 2811 1295 2865 luit
1319 2827 1331 2861 :
1364 2823 1485 2864 nam
1512 2822 1679 2877 usque
1705 2804 1773 2860 ad
1803 2803 1948 2858 illam
1975 2803 2125 2872 quasi

542 2904 716 2972 angeli
756 2902 1103 2956 versabantur
1141 2905 1192 2956 in
1231 2900 1500 2969 paradiso,
1519 2913 1646 2964 ,non
1686 2894 2128 2963 concupiscentiis

548 2993 834 3060 flagrantes
857 3033 872 3058 ,
919 3007 1026 3046 non
1063 2991 1130 3045 ab
1161 2991 1282 3044 aliis
1327 2987 1695 3044 affectionibus
1735 2984 1986 3049 inlestati,
2019 2997 2127 3038 non

547 3093 752 3135 natura
805 3080 1217 3135 necessitatibus
1259 3079 1500 3144 obnoxii,
1545 3078 1641 3133 sed
1691 3089 1909 3146 prorsus
1951 3075 2127 3130 incor-

545 3172 826 3242 ruptibiles
862 3180 917 3227 et
962 3171 1291 3227 immortales
1332 3169 1566 3234 conditi,
1609 3183 1782 3239 neque
1833 3166 1918 3222 vel
1963 3165 2128 3221 vesti-

549 3271 853 3318 mentorum
894 3264 1090 3316 amictu
1141 3262 1212 3316 ibi
1263 3260 1490 3330 egebant
1529 3278 1542 3313 :
1584 3259 1675 3314 25.
1733 3257 1898 3311 Erant
1952 3257 2084 3310 enim
2113 3297 2127 3321 ,

544 3351 760 3420 inquit,
807 3351 952 3404 ambo
1007 3352 1130 3404 nudi
1152 3391 1168 3417 ,
1224 3359 1270 3405 et
1323 3366 1426 3403 non
1478 3347 1844 3403 erubescebant.
1903 3347 2130 3400 Peccato

546 3444 689 3497 enim
739 3453 792 3496 ct
840 3441 1282 3510 praevaricatione
1309 3440 1544 3494 nondum
1589 3446 1850 3509 praesente
1872 3477 1888 3501 ,
1917 3436 2085 3505 gloria
2109 3474 2127 3501 ,

547 3551 668 3604 qua:
696 3549 924 3602 superne
950 3542 1191 3598 venerat,
1216 3532 1396 3587 vestiti
1425 3541 1573 3586 erant
1593 3569 1612 3598 ,
1643 3538 1697 3584 et
1724 3529 1847 3583 ideo
1871 3544 1975 3581 non
2005 3543 2130 3581 eru-

551 3624 837 3678 bescebant
862 3640 875 3687 ;
907 3631 1027 3691 post
1055 3621 1527 3692 transgressionem
1553 3630 1730 3673 autem
1761 3616 2029 3686 praecepti.
2051 3617 2131 3670 in-

550 3723 814 3781 trogressa
833 3722 915 3767 est
931 3722 984 3768 ct
1000 3712 1386 3776 erubescenda,
1404 3718 1457 3765 et
1471 3709 1723 3764 nuditatis
1742 3707 1958 3777 agnitio.
1977 3707 2131 3762 Unde

555 3799 734 3868 igitur,
761 3801 846 3854 die
869 3843 883 3866 ,
907 3815 1090 3870 quaeso
1113 3841 1129 3866 ,
1160 3800 1213 3853 in
1241 3808 1416 3853 mente
1441 3797 1642 3860 habuit,
1674 3806 1733 3850 ut
1758 3798 1871 3850 hazc
1889 3795 2131 3850 diceret?

555 3907 731 3947 annon
762 3891 933 3958 palam
961 3900 1044 3945 est
1066 3905 1190 3945 cum
1218 3887 1541 3959 prOphetica:
1565 3886 1747 3956 gratiae
1773 3884 2084 3955 participem
2113 3922 2130 3949 ,

556 3983 735 4034 omnia
760 3981 872 4035 lure
888 3981 1253 4050 Spiritualibus
1277 3978 1472 4032 vidisse
1493 3977 1697 4031 oculis?
1718 3975 1842 4029 Hzec
1865 3989 2004 4029 nunc
2027 3989 2134 4028 non

551 4072 754 4139 absque
790 4071 993 4125 ratione
1031 4069 1188 4134 dico,
1233 4067 1327 4124 sed
1350 4075 1408 4120 ut
1448 4067 1606 4122 etiam
1656 4064 1780 4120 hinc
1819 4064 2133 4118 immensam

557 4161 652 4214 Dei
681 4160 1056 4226 benignitatem
1078 4159 1314 4223 discetis,
1341 4171 1499 4226 quam
1529 4155 1760 4210 humano
1786 4151 1970 4223 generi
1987 4151 2129 4206 exhi-

561 4251 714 4310 buit,
762 4249 883 4302 data
923 4248 996 4301 illi
1037 4247 1104 4300 ab
1145 4247 1296 4301 initio
1327 4247 1434 4299 vita
1476 4245 1734 4314 angelica,
1764 4252 1818 4298 et
1847 4243 2134 4299 innumeris

559 4341 612 4392 ir.
645 4341 786 4393 illum
813 4338 1017 4392 collatis
1037 4337 1326 4402 beneﬂciis,
1348 4351 1412 4391 ac
1427 4351 1548 4390 cum
1573 4335 1693 4389 aliis
1713 4333 1956 4389 omnibus
1976 4331 2133 4386 etiam

557 4429 862 4497 prOphetica
888 4427 1141 4496 dignitate
1165 4439 1417 4480 concessa
1447 4441 1460 4477 :
1485 4431 1540 4478 ut
1563 4436 1683 4477 cum
1711 4421 1950 4476 videritis
1966 4419 2137 4474 homi-

556 4535 675 4572 nem
709 4525 826 4586 post
852 4526 929 4571 tot
956 4515 1212 4571 benelicia
1238 4514 1475 4569 desidem
1499 4527 1639 4578 esse,
1668 4512 1877 4582 culpam
1895 4512 1947 4564 in
1972 4511 2134 4564 Deum

560 4625 627 4663 ne
671 4607 983 4676 rejeceritis,
1031 4607 1126 4662 sed
1175 4607 1275 4676 ipsi
1306 4613 1472 4659 totum
1520 4605 1804 4671 imputetis.
1842 4601 1958 4671 Ipse
1995 4601 2136 4655 enim

564 4699 874 4766 sibimetipsi
922 4697 1159 4752 omnium
1201 4697 1460 4749 malorum
1489 4703 1674 4747 auctor
1716 4692 1846 4758 luit,
1895 4692 2033 4759 quod
2085 4700 2140 4744 et

564 4797 742 4857 postea
770 4787 1003 4850 discetis,
1030 4796 1138 4840 tum
1169 4786 1369 4840 scilicet
1397 4783 1535 4854 quod
1563 4783 1721 4836 tantis
1745 4783 1895 4836 bonis
1927 4783 2138 4836 excide-

565 4881 652 4942 rit,
685 4888 795 4932 tum
823 4878 961 4946 quod
1002 4878 1070 4931 ob
1108 4877 1596 4946 praevaricationem
1638 4872 2020 4928 condemnatus
2047 4872 2135 4926 sit.

560 4968 689 5023 Nam
727 4984 847 5022 cum
886 4968 1058 5036 cogito
1091 4968 1213 5020 vita:
1247 4967 1387 5020 illius
1421 4974 1637 5030 statum,
1660 4979 1814 5033 quem
1849 4964 1923 5017 illi
1957 4963 2138 5018 Domi-

560 5075 660 5113 nus
697 5058 860 5122 dedit,
905 5068 1007 5110 tam
1036 5057 1316 5111 multifaria
1355 5058 1406 5111 in
1441 5059 1611 5125 ipsum
1655 5057 1910 5111 beneﬁcia
1952 5071 2139 5110 cumu-

559 5151 720 5206 lando
745 5168 758 5214 ;
788 5160 842 5204 et
871 5150 1094 5219 primum
1127 5150 1338 5217 quidem
1362 5190 1378 5215 ,
1433 5150 1570 5217 quod
1591 5190 1605 5214 ,
1636 5158 1759 5204 ante
1812 5149 1976 5217 ipsius
2025 5146 2138 5201 for-

567 5247 875 5307 mationem,
911 5253 1127 5311 propter
1172 5243 1342 5313 ipsum
1393 5251 1561 5296 totum
1597 5243 1736 5302 hunc
1786 5242 2039 5297 mundum
2087 5250 2142 5297 et

565 5342 834 5388 creaturas
852 5333 1176 5399 condidit,et
1202 5344 1382 5404 postea
1406 5334 1572 5402 ipsum
1593 5331 1854 5397 formavit,
1886 5343 1941 5386 ut
1971 5331 2140 5388 lactus

566 5425 860 5480 visibilibus
885 5426 1127 5481 omnibus
1159 5426 1419 5482 frueretur
1439 5441 1454 5489 ;
1474 5426 1592 5481 dein
1610 5425 1750 5495 quod
1775 5435 1832 5478 ut
1849 5426 2140 5494 jussitesse.

573 5517 870 5584 paradisum
898 5559 911 5581 ,
944 5520 994 5570 in
1022 5517 1111 5573 illo
1140 5518 1316 5571 statim
1343 5519 1514 5586 ipsum
1555 5519 1714 5571 vitam
1757 5530 1914 5585 agere
1939 5515 2134 5580 voluit,

571 5607 815 5660 animalia
839 5608 989 5661 bruta
1017 5609 1082 5662 ab
1115 5608 1205 5661 illo
1235 5610 1493 5677 separavit
1518 5651 1532 5674 ,
1561 5618 1614 5663 et
1642 5607 1877 5661 omnium
1899 5606 1972 5660 illi
1992 5605 2140 5661 dedit

571 5704 902 5766 potestatem,
934 5699 1078 5768 quasi
1104 5698 1375 5754 dominum
1403 5701 1568 5756 servis
1592 5707 1646 5754 et
1669 5694 1893 5754 subditis
1923 5696 2132 5752 nomina

1287 371 1346 426 S.
1384 367 1660 425 JOANNIS
1695 358 2161 422 CHRYSOSTOMI
2201 361 2518 419 AHClllEP.
2558 363 3093 420 CONSTANTINOP.

3731 367 3838 426 εει

2235 477 2506 541 imponere
2525 475 2762 542 jubendo
2785 491 2800 536 ;
2827 483 3010 543 postea
3042 488 3188 538 vero,
3215 475 3337 544 quia
3367 475 3515 532 solus
3541 487 3683 540 erat.
3707 493 3837 535 asin

2237 563 2494 632 indigeret
2524 564 2706 633 aliquo
2730 564 2972 632 adjutore
2991 603 3008 629 ,
3059 565 3148 636 qui
3177 574 3378 620 natura:
3408 569 3527 635 ejus
3560 571 3841 639 particeps

2229 661 2406 715 esset,
2465 666 2639 721 neque
2693 651 2796 706 hoc
2849 653 3070 717 omisit,
3130 653 3222 707 sed
3283 655 3538 723 producta
3603 657 3837 713 muliere

2231 742 2388 796 modo
2411 758 2518 811 quo
2545 742 2645 796 sibi
2670 742 2887 812 placuit,
2918 743 3062 796 illam
3088 743 3186 810 ipsi
3225 744 3277 797 in
3313 759 3502 798 manus
3541 747 3834 800 concredi-

2229 831 2326 896 dit,
2353 846 2415 885 ac
2443 843 2636 900 pnnter
2659 831 2774 887 haec
2801 833 2976 887 omnia
3006 833 3298 901 pmphetize
3321 847 3533 903 quoque
3559 834 3828 903 dignitate

2230 921 2375 974 illum
2419 923 2715 989 insignivit;
2742 931 2796 976 ct
2825 931 2944 991 post
2969 923 3227 976 immensa
3256 923 3345 976 illa
3374 924 3631 978 benelicia
3661 933 3831 990 caput

2229 1009 2387 1062 etiam
2407 1011 2646 1065 omnium
2669 1010 2886 1065 donavit
2901 1011 2999 1075 illi,
3025 1011 3164 1065 utab
3197 1011 3444 1066 omnibus
3455 1013 3602 1067 curis
3622 1023 3680 1066 et
3694 1013 3839 1066 solli-

2228 1097 2548 1153 citudinibus
2582 1101 2821 1170 corporis
2862 1101 2999 1154 liber
3038 1109 3220 1165 esset,
3249 1115 3422 1169 neque
3448 1102 3570 1155 ullis
3593 1102 3835 1156 vestium

2229 1186 2573 1252 indumentis,
2597 1202 2770 1258 neque
2794 1189 2898 1243 alio
2922 1189 3101 1259 aliquo
3122 1189 3360 1258 indigere
3385 1190 3531 1244 illum
3555 1191 3831 1258 permisit,

2230 1277 2324 1330 sed
2342 1318 2358 1342 ,
2388 1285 2449 1332 ut
2472 1277 2582 1332 dixi
2605 1319 2619 1342 ,
2648 1278 2798 1348 quasi
2827 1281 3071 1349 angelum
3101 1289 3408 1335 terrestrem
3438 1295 3600 1350 super
3627 1291 3835 1337 terram

2230 1367 2374 1422 illum
2421 1368 2620 1422 versari
2648 1368 2812 1422 voluit
2845 1385 2858 1421 :
2890 1383 3011 1422 eum
3042 1370 3199 1438 igitur
3246 1371 3361 1424 hac
3389 1371 3565 1424 omnia
3611 1385 3834 1426 mecum

2229 1465 2449 1522 reputo,
2479 1455 2799 1525 obstupesco
2832 1465 2887 1510 et
2928 1458 3133 1510 Domini
3176 1456 3510 1512 clementiam
3552 1458 3604 1511 in
3633 1460 3839 1512 huma-

2229 1558 2356 1596 num
2375 1558 2562 1612 genus,
2593 1555 2646 1599 et
2674 1544 2906 1599 hominis
2931 1545 3188 1599 desidiam
3209 1588 3224 1607 ,
3257 1555 3312 1599 et
3340 1545 3534 1599 diaboli
3577 1545 3836 1600 inviden-

2229 1635 2356 1687 tiam
2387 1652 2401 1687 :
2432 1650 2536 1689 non
2583 1635 2725 1688 enim
2771 1634 2974 1689 ferebat
3024 1635 3197 1690 malus
3250 1636 3340 1690 ille
3392 1635 3605 1690 daemon
3643 1635 3838 1691 videre

2229 1723 2282 1777 in
2327 1738 2551 1792 corpore
2604 1726 2871 1780 hominem
2902 1727 3190 1793 angelicam
3220 1727 3382 1780 vitam
3413 1737 3680 1796 agentem.

2298 1814 2351 1868 5.
2394 1813 2609 1868 Herulis
2631 1816 2895 1886 epilogus;
2939 1815 3212 1870 liberalitas
3253 1815 3347 1869 Dei
3379 1817 3432 1869 in
3461 1817 3710 1870 homines.

2227 1902 2492 1959 Cteterum
2509 1920 2577 1960 ne
2597 1907 2757 1959 nimia
2776 1907 3102 1975 longitudine
3121 1922 3423 1961 sermonem
3445 1907 3831 1975 extendamus,

2229 1993 2274 2046 si
2304 1993 2496 2061 placet,
2521 1993 2606 2048 hic
2632 1993 2789 2049 linem
2816 1995 3068 2064 loquendi
3097 1994 3372 2062 facientes,
3403 2011 3727 2065 reponemus
3772 1999 3832 2053 in

2234 2092 2503 2152 posterum
2533 2100 2596 2138 ea
2639 2101 2758 2155 qua:
2785 2086 2853 2140 de
2891 2086 3085 2140 diaboli
3117 2086 3325 2140 insidiis
3368 2097 3685 2156 sequuntur,
3727 2103 3835 2143 ve-

2229 2185 2395 2227 stram
2435 2185 2650 2230 orantes
2696 2176 2992 2238 caritatem,
3025 2184 3081 2229 nt
3115 2175 3398 2244 diligenter
3420 2192 3482 2231 ea
3511 2192 3632 2246 qua:
3682 2177 3835 2234 dicta

2211 2271 2355 2316 sunt
2393 2264 2667 2316 memoriae
2696 2266 3101 2328 commendeiis,
3131 2275 3185 2319 et
3209 2266 3481 2319 vobiscum
3509 2267 3838 2334 expendatis

2229 2367 2291 2407 ea
2320 2353 2520 2419 omnia,
2547 2364 2602 2407 ut
2623 2353 2934 2423 profundius
2960 2355 3012 2409 in
3039 2355 3449 2424 cogitationibus
3471 2357 3666 2410 vestris
3692 2371 3840 2411 con-

2230 2441 2425 2496 sidant.
2454 2442 2586 2496 Nam
2612 2444 2658 2496 si
2685 2445 2938 2498 continuo
2957 2445 3335 2500 beneﬁciorum
3360 2447 3476 2512 Dei,
3499 2462 3617 2514 qua:
3645 2447 3702 2500 in
3728 2461 3835 2500 no-

2229 2539 2397 2584 strum
2414 2545 2580 2599 genus
2599 2532 2841 2595 contulit,
2868 2533 3228 2599 recordemur.
3253 2545 3307 2589 et
3327 2535 3423 2604 ipsi
3446 2537 3578 2605 grati
3600 2536 3834 2600 erimus.

2230 2633 2286 2679 et
2311 2623 2377 2678 ad
2407 2625 2618 2680 virtutis
2639 2628 2775 2680 viam
2807 2642 2994 2697 magna
3021 2627 3070 2680 id
3088 2627 3192 2682 erit
3212 2628 3590 2682 exstimulatio.
3616 2627 3836 2697 Quippe

2231 2716 2570 2772 manifestum
2597 2727 2697 2783 est,
2731 2734 2853 2773 cum
2878 2720 2967 2788 qui
2999 2719 3254 2775 beneﬁcia
3283 2721 3373 2774 Dei
3402 2734 3588 2775 secum
3610 2722 3830 2791 recogi-

2234 2813 2329 2870 tat,
2361 2821 2579 2875 operam
2605 2807 2852 2861 daturum
2879 2823 2946 2862 ne
2990 2808 3091 2862 illis
3133 2807 3378 2878 indiguus
3417 2809 3683 2876 videatur,
3729 2810 3834 2866 sed

2235 2895 2369 2948 tanti
2408 2897 2567 2949 studii
2591 2905 2647 2950 ct
2685 2906 2790 2950 tam
2834 2897 2966 2965 grati
2997 2897 3160 2951 animi
3203 2897 3456 2959 futurum,
3508 2907 3567 2952 ut
3609 2908 3666 2952 et
3720 2899 3833 2954 alia

2232 2995 2625 3055 consequenter
2652 2998 2942 3042 mereatur.
2987 2987 3246 3042 Liberalis
3279 2988 3476 3058 quippe
3500 2998 3583 3043 est
3635 2989 3830 3044 Domi-

2234 3089 2335 3130 nus
2363 3086 2566 3141 noster,
2619 3086 2674 3132 et
2719 3077 2933 3148 quando
2974 3077 3118 3131 videt
3137 3091 3236 3131 nos
3278 3086 3430 3146 grato
3471 3078 3650 3133 animo
3705 3095 3835 3135 esse

2233 3167 2374 3222 circa
2403 3181 2464 3221 ea
2503 3183 2622 3238 qua:
2661 3168 2770 3236 jam
2810 3169 2963 3223 nobis
2991 3169 3278 3236 concessit,
3310 3171 3446 3225 ultra
3487 3186 3586 3225 nos
3628 3173 3830 3240 potiori

2234 3259 2403 3328 gratia
2429 3259 2826 3328 majoribusque
2851 3260 3156 3314 muneribus
3185 3260 3369 3330 implet
3401 3271 3635 3316 :tantnm
3667 3262 3830 3319 nobis

2235 3359 2420 3403 nostra
2466 3349 2611 3403 salus
2663 3365 2806 3403 cura:
2834 3349 2939 3414 sit,
2993 3365 3060 3404 ne
3103 3350 3176 3404 ita
3223 3351 3571 3420 incogitanter
3611 3361 3833 3422 tempus

2236 3440 2613 3510 transigamus,
2667 3454 2840 3510 neque
2891 3439 2994 3495 hoc
3037 3440 3392 3506 attendamus,
3445 3442 3490 3496 si
3545 3443 3830 3500 dimidium

2234 3527 2661 3597 Quadragesima:
2691 3528 2979 3592 transierit,
3021 3528 3113 3582 sed
3143 3529 3188 3582 si
3217 3545 3316 3598 qua
3345 3531 3400 3584 in
3441 3530 3543 3586 hoc
3583 3541 3834 3603 tempore

2235 3633 2266 3672 a
2294 3618 2448 3672 nobis
2492 3618 2628 3673 bene
2673 3627 2820 3688 gesta
2851 3627 2998 3684 sunt,
3025 3627 3078 3672 et
3106 3619 3151 3672 si
3175 3633 3306 3688 quas
3349 3620 3660 3676 allectiones
3705 3638 3835 3693 qum

2234 3723 2334 3763 nos
2372 3708 2682 3779 perturbant
2708 3710 3118 3763 correxerimus.
3148 3709 3279 3763 Nam
3311 3711 3356 3763 si
3385 3711 3619 3780 quotidie
3661 3713 3834 3782 spiri-

2235 3799 2362 3852 tuali
2383 3798 2625 3853 doctrina
2650 3798 2857 3862 reiecti,
2887 3813 3101 3868 semper
3141 3798 3299 3852 iidem
3326 3802 3698 3868 manserimus,
3727 3820 3833 3859 ne-

2237 3889 2361 3957 que
2387 3891 2441 3943 in
2465 3890 2750 3945 virtutibus
2775 3891 3122 3952 creverimus,
3146 3905 3318 3959 neque
3347 3901 3684 3960 peccatorum
3730 3908 3832 3963 ge-

2239 3991 2367 4032 nera
2397 3992 2427 4030 e
2456 3978 2762 4046 pectoribus
2789 3978 2984 4031 nostris
3012 3977 3440 4047 ell'ugavcrimus,
3483 3995 3589 4033 non
3646 3982 3832 4037 solum

2239 4067 2362 4121 inde
2387 4065 2517 4120 nihil
2545 4067 2643 4118 erit
2671 4051 2928 4128 utilitatis.
2960 4064 3054 4120 sed
3084 4073 3140 4119 et
3159 4066 3442 4134 plurimum
3469 4071 3777 4124 nocumenti
3815 4089 3833 4126 :

2239 4155 2666 4228 quandoquidem
2692 4156 2780 4226 qui
2812 4165 2957 4211 tanta
2977 4172 3102 4210 cura
3126 4156 3339 4212 habitus
3365 4157 3493 4212 nihil
3517 4160 3645 4214 lucri
3676 4159 3830 4229 facit,

2241 4262 2414 4314 neque
2428 4247 2654 4313 proiicit,
2674 4246 2932 4315 majorem
2949 4244 3048 4300 sibi
3062 4255 3342 4300 eoacervat
3355 4246 3614 4314 gehennae
3627 4248 3831 4318 ignem.

2241 4339 2368 4393 Ideo
2397 4353 2514 4402 oro,
2542 4345 2601 4391 ut
2625 4339 2814 4393 saltem
2839 4338 3099 4409 reliquum
3124 4337 3314 4408 jejunii
3344 4349 3554 4410 tempus
3590 4353 3648 4397 ut
3671 4343 3834 4400 decet

2243 4427 2593 4491 insumamus,
2617 4435 2674 4480 ut
2698 4426 2917 4497 singulis
2945 4425 3312 4484 hebdomadis.
3341 4429 3448 4482 imo
3473 4430 3696 4500 singulis
3714 4431 3833 4488 dic-

2244 4516 2342 4571 bus
2369 4531 2467 4571 nos
2505 4516 2646 4585 ipsos
2692 4516 3110 4583 consideremus,
3160 4525 3215 4572 et
3251 4517 3396 4572 vitia
3425 4520 3493 4574 ab
3547 4522 3835 4580 animabus

2245 4607 2442 4660 nostris
2466 4606 2813 4676 expellamus,
2855 4623 2921 4662 ac
2957 4607 3220 4663 honorum
3261 4623 3482 4679 operum
3526 4615 3833 4682 possessio-

2245 4711 2368 4750 nem
2408 4698 2800 4767 conquiramns,
2829 4699 2966 4752 sicut
3009 4697 3266 4767 pr0pheta
3312 4709 3492 4754 noster
3529 4703 3832 4773 admonuit,

2246 4787 2574 4841 declinemus
2598 4803 2628 4841 a
2674 4788 2830 4842 malis
2854 4787 2875 4861 (
2899 4787 3045 4842 Psal.
3078 4789 3166 4843 36.
3205 4789 3274 4842 27
3303 4789 3343 4858 ),
3372 4799 3426 4843 et
3463 4792 3530 4844 ad
3574 4795 3830 4852 virtutem

2248 4884 2581 4930 transeamus
2611 4894 2625 4929 :
2660 4875 2761 4930 hoc
2795 4877 2995 4933 etenim
3041 4893 3226 4933 verum
3259 4888 3342 4933 est
3378 4879 3662 4948 jejunium.
3719 4884 3833 4938 Ira-

2247 4965 2448 5020 cundus
2487 4965 2715 5020 ferocem
2757 4967 3206 5036 perturbationem
3252 4970 3338 5037 pia
3381 4971 3706 5040 cogitatione
3758 4972 3834 5028 ab

2247 5055 2420 5108 anima
2450 5054 2711 5118 eliminet,
2745 5056 3202 5109 mansuetudinem
3227 5065 3403 5112 autem
3448 5067 3504 5112 et
3549 5060 3828 5118 lenitatem

2247 5147 2594 5214 amplexetur.
2644 5145 2809 5199 Deses
2858 5152 2910 5197 et
2935 5143 3314 5213 intemperans,
3363 5157 3419 5200 ct
3470 5148 3827 5208 formosorum

2246 5250 2527 5304 corporum
2557 5235 2798 5289 curiosus
2821 5241 3085 5302 Spectator
3113 5233 3460 5304 cogitationes
3501 5253 3626 5292 suas
3655 5241 3828 5296 refre—

2247 5334 2372 5389 net,
2429 5335 2481 5380 ct
2533 5325 2585 5379 in
2644 5323 2916 5378 latitudine
2957 5322 3151 5377 mentis
3186 5339 3296 5378 sua:
3349 5324 3602 5381 inscribut
3652 5329 3825 5400 legem

2245 5418 2440 5472 Christi
2477 5418 2764 5480 dicentem,
2815 5416 2913 5480 Qui
2955 5419 3224 5485 inspexerit
3263 5419 3520 5471 mulierem
3551 5429 3604 5472 ut
3639 5437 3828 5475 com-u-

2249 5515 2405 5582 piscat
2445 5511 2626 5574 illam,
2672 5513 2784 5578 jam
2830 5508 3129 5560 adulterium
3177 5510 3424 5563 commisit
3481 5527 3592 5564 cum
3647 5512 3742 5565 illa
3770 5519 3824 5568 in

2245 5603 2396 5656 corde
2422 5601 2554 5669 δυο(
2589 5599 2774 5654 Matth.
2804 5600 2856 5655 5.
2904 5597 3035 5669 28),
3067 5602 3458 5656 incontinentizc
3485 5605 3668 5658 vitium
3690 5604 3825 5659 ellu-

2247 5697 2375 5769 giat,
2405 5707 2460 5753 ct
2486 5695 2787 5752 sobrietatis
2815 5694 3062 5749 virtutem
3091 5704 3358 5765 operetur.
