4068 6384
273 401 375 459 ηε.

336 515 525 569 Contra
561 519 762 583 peccata
802 509 1005 579 lingua.
1040 536 1108 546 —
1136 502 1235 571 Qui
1280 501 1567 572 prmeipitis
1598 511 1650 554 et
1681 508 1844 552 teme-

263 606 422 659 raria:
462 604 654 673 linguae
679 613 765 657 est
785 642 798 665 ,
833 609 886 654 et
910 611 1258 669 quaecumque
1286 593 1621 648 olivenientia
1652 590 1853 651 eti'utit,

263 694 504 749 imitetur
529 695 739 748 beatum
774 690 1107 760 prophetam,
1130 697 1187 744 et
1210 688 1392 751 dicaL:
1425 686 1588 751 Pone,
1619 683 1853 747 Domine,

262 785 547 838 custodiam
595 783 671 836 ori
720 798 858 845 meo,
898 791 944 834 et
983 781 1164 834 ostium
1211 779 1500 832 munitionis
1545 775 1691 830 labiis
1733 774 1857 827 meis

264 873 439 942 (Psal.
474 874 595 928 140.
628 875 681 942 5)
713 887 730 931 :
760 884 813 927 et
852 886 1140 941 numquam
1169 881 1369 925 tctncrc
1398 881 1451 923 et
1489 869 1690 937 absque
1717 867 1857 921 utili-

264 973 375 1020 tate
417 964 653 1035 proferat
701 968 859 1021 verba
888 1007 903 1031 ,
946 967 1039 1020 sed
1081 967 1260 1020 audiat
1298 964 1515 1018 Paulum
1542 963 1805 1018 dicentem
1837 978 1852 1015 :

266 1055 447 1108 Omnis
476 1056 793 1124 vociferatio,
827 1066 874 1110 et
901 1071 1062 1125 furor,
1088 1065 1133 1109 et
1160 1054 1469 1124 blasphemia
1490 1095 1503 1117 ,
1534 1065 1579 1106 et
1607 1052 1854 1107 obscaeni-

263 1156 344 1199 tas
366 1187 381 1210 ,
414 1155 459 1200 et
492 1147 767 1201 scurrilitas
804 1149 1012 1200 tollatur
1048 1164 1081 1199 a
1118 1147 1287 1212 vobis,
1326 1162 1441 1198 cum
1484 1146 1621 1197 omni
1660 1144 1855 1196 malitia

262 1243 277 1301 (
308 1236 497 1305 Epltes.
527 1238 580 1291 4.
612 1237 750 1307 51);
782 1248 836 1292 et
866 1237 1056 1291 iterum
1092 1256 1104 1290 :
1135 1237 1195 1291 Si
1228 1238 1338 1304 quis
1372 1252 1536 1289 sermo
1568 1235 1724 1288 bonus
1743 1275 1757 1299 ,
1788 1234 1855 1287 ad

259 1329 651 1397 scdificationem
677 1330 847 1393 utilis,
879 1338 933 1382 ut
959 1313 1291 1398 detigratiam
1320 1327 1640 1380 audientibus
1676 1324 1851 1395 (Ibid.

262 1433 309 1471 ι.
338 1418 451 1487 29).
480 1418 787 1473 Juramenta
815 1433 1025 1489 quoque
1054 1418 1226 1472 modis
1254 1418 1501 1472 omnibus
1528 1416 1725 1487 fugiat,
1757 1431 1852 1469 au-

259 1510 415 1563 diens
438 1512 755 1565 sententiam
783 1510 1001 1577 Christi,
1030 1526 1147 1579 qua:
1173 1510 1302 1564 dicit
1329 1525 1347 1561 :
1374 1509 1579 1563 Dictum
1613 1519 1685 1563 est
1714 1510 1851 1562 anti-

259 1601 374 1667 quis
400 1614 423 1653 :
449 1616 547 1653 non
575 1601 820 1670 pejerabis
846 1615 865 1654 :
894 1616 985 1670 ego
1013 1609 1181 1653 autent
1208 1600 1321 1654 dico
1356 1601 1510 1665 vobis,
1544 1616 1646 1654 non
1665 1601 1855 1669 juran-

258 1689 381 1741 dum
404 1691 605 1743 omnino
630 1690 842 1761 (Matth.
870 1692 922 1745 ὅ.
949 1692 1035 1746 55.
1059 1691 1174 1759 51).
1197 1690 1274 1745 Ne
1300 1692 1458 1760 igitur
1476 1691 1617 1746 dicat
1636 1691 1849 1760 aliquis,

256 1775 320 1831 In
360 1794 419 1833 re
452 1779 594 1848 jnsta
634 1781 757 1849 juro
789 1797 802 1831 :
837 1796 1007 1850 neque
1041 1782 1184 1835 enim
1221 1782 1272 1834 in
1311 1798 1371 1836 re
1406 1784 1760 1852 jnsta.neque
1801 1786 1849 1835 in

257 1868 453 1937 injusta
472 1869 663 1938 .jurare
684 1871 827 1925 licet.
857 1871 1053 1929 Purum
1087 1872 1246 1940 igitur
1265 1888 1295 1926 a
1318 1873 1634 1941 juramentis
1659 1887 1720 1926 os
1748 1888 1853 1926 ser-

256 1975 444 2015 vemus
475 1980 489 2014 :
515 1971 572 2015 et
608 1962 691 2016 his
718 1963 968 2018 omnibus
1000 1964 1301 2019 muniamus
1327 1976 1563 2019 nostram
1594 1964 1848 2034 linguam,

254 2051 416 2116 labia,
446 2060 500 2106 et
528 2061 780 2118 mentem,
814 2069 879 2107 ne
909 2053 991 2108 vel
1021 2054 1146 2124 quid
1179 2056 1435 2109 malarum
1469 2057 1847 2125 cogitationum

255 2144 579 2199 intrinsecus
618 2160 896 2210 nascatur,
930 2148 1010 2201 vel
1040 2161 1138 2216 per
1164 2147 1395 2217 linguam
1428 2148 1582 2202 ioras‘
1610 2147 1848 2218 profera-

253 2245 361 2289 tur.
392 2237 561 2289 Aures
584 2251 799 2306 quoquc
823 2238 1108 2306 diligenter
1137 2239 1426 2308 sepiamus,
1452 2254 1519 2294 ne
1541 2254 1727 2292 vanam
1756 2254 1851 2292 au-

251 2324 512 2380 ditionem
542 2327 832 2395 suscipiant
860 2344 873 2381 :
898 2329 1034 2382 εἰιυι
1060 2338 1115 2383 et
1144 2329 1327 2383 beatus
1352 2329 1526 2383 Moses
1554 2330 1805 2399 praecepit
1829 2371 1845 2397 ,

250 2414 440 2491 dicens
475 2434 488 2469 :
518 2416 845 2471 Auditionem
883 2433 1064 2472 uariant
1099 2436 1200 2473 non
1242 2421 1483 2491 suscipias
1512 2422 1529 2490 (
1554 2421 1724 2475 Eat-1.
1754 2420 1844 2475 ‘25.

250 2505 353 2573 i);
400 2517 453 2559 et
495 2506 687 2562 iterum
737 2508 923 2564 beatus
970 2511 1132 2565 David
1175 2510 1384 2566 dicebat
1432 2529 1444 2564 :
1489 2511 1849 2566 Detraltentem

248 2606 438 2663 secreto
462 2598 695 2667 proximo
732 2615 823 2653 suo
846 2641 860 2664 ,
887 2601 1021 2655 hunc
1050 2603 1378 2671 persequebar
1408 2602 1578 2674 (Psal.
1609 2604 1730 2659 100.
1764 2605 1842 2675 5).

255 2684 465 2751 Vidisti,
496 2687 706 2753 dilecte,
738 2700 933 2759 quanta
962 2692 1115 2746 nobis
1152 2694 1514 2759 contentione,
1548 2705 1741 2764 quanta
1768 2695 1847 2749 vi-

250 2779 470 2849 gilantia
496 2780 562 2835 ad
591 2783 838 2836 virtutem
882 2783 1171 2851 parandam
1199 2801 1334 2855 opus
1366 2787 1471 2841 sit?
1496 2788 1762 2857 quomodo
1793 2797 1845 2843 et

252 2888 414 2940 parva
462 2875 721 2944 particula
773 2876 1046 2944 neglecta,
1098 2878 1255 2931 tutius
1302 2878 1595 2946 periculum
1643 2880 1845 2934 infert?

247 2962 509 3029 Quocirca
538 2974 591 3018 et
618 2964 742 3019 alibi
772 2965 967 3019 clamat
996 2967 1182 3021 beatus
1218 2968 1380 3022 David
1400 3011 1414 3033 ,
1448 2984 1703 3025 accusans
1744 2971 1845 3025 hoc

248 3052 533 3106 facientem
561 3072 575 3107 :
606 3054 800 3108 Sedens
828 3058 1065 3109 adversus
1095 3061 1304 3127 fratrem
1340 3068 1481 3111 tuum
1521 3059 1801 3127 loquebaris
1824 3102 1839 3126 ,

247 3152 293 3192 et
330 3152 507 3194 contra
546 3145 710 3210 filium
750 3148 926 3199 matris
955 3155 1055 3199 tua:
1088 3148 1306 3215 ponebas
1330 3150 1628 3202 scandalum
1654 3150 1839 3222 (Psal.

249 3230 336 3285 t9.
369 3232 483 3301 20).
521 3233 576 3286 Si
610 3235 687 3288 sic
727 3245 906 3288 nostra
938 3238 1116 3290 omnia
1145 3236 1383 3293 membra
1409 3241 1800 3297 muniverimus
1823 3285 1838 3309 ,

247 3323 539 3390 poterimus
574 3323 640 3377 ad
679 3326 887 3380 virtutis
920 3342 1082 3396 Opera
1122 3329 1384 3393 excitari,
1424 3339 1475 3384 et
1516 3330 1748 3400 linguam
1790 3333 1840 3386 in

245 3412 494 3467 laudibus
521 3422 576 3467 et
600 3416 987 3483 glorilicatione
1029 3417 1119 3473 Dei
1151 3432 1413 3487 occupare
1437 3461 1452 3485 ,
1476 3435 1633 3476 aures
1662 3431 1840 3478 autem

245 3501 299 3555 in
326 3502 511 3558 auditu
534 3513 589 3557 et
615 3505 895 3574 disciplina
915 3507 1215 3563 divinorum
1239 3510 1593 3579 eloquiorum,
1615 3521 1669 3567 et
1692 3528 1842 3568 men-

246 3602 355 3647 tem
397 3594 451 3647 in
481 3594 843 3666 spiritualibus
873 3596 1209 3667 dogmatibus
1240 3601 1697 3671 contemplandis,
1728 3619 1844 3657 ma-

246 3700 347 3737 nus
374 3700 501 3739 vero
527 3702 632 3741 non
663 3688 717 3742 in
747 3689 931 3759 rapina
961 3700 1015 3745 et
1038 3692 1280 3759 avaritia,
1306 3694 1400 3748 sed
1427 3694 1478 3748 in
1501 3695 1841 3768 eleemosyna

243 3784 299 3829 et
338 3776 492 3830 bonis
518 3778 771 3846 operibus
801 3780 1090 3851 faciendis,
1120 3791 1173 3837 et
1210 3784 1373 3853 pedes
1404 3800 1508 3839 non
1542 3785 1593 3839 in
1619 3786 1841 3845 theatris

244 3876 300 3920 et
328 3870 647 3935 spectaculis
674 3871 965 3931 damnosis.
999 3875 1439 3945 equestribusque
1478 3876 1635 3944 ludis,
1666 3879 1759 3933 sed
1788 3881 1841 3933 in

242 3959 508 4025 ccclesiis,
534 3971 586 4015 et
606 3962 850 4017 domibus
877 3967 1263 4034 precationum,
1295 3978 1348 4022 et
1373 3978 1679 4023 sanctorum
1708 3986 1842 4025 mar-

245 4058 423 4118 tyrum
457 4052 641 4107 loculis
669 4054 745 4124 (α)
774 4072 787 4117 ;
819 4066 875 4109 ut
909 4058 975 4111 ab
1004 4058 1107 4113 illis
1132 4059 1558 4115 benedictionem
1583 4061 1841 4131 percipia-

246 4154 383 4199 nms.
413 4150 465 4194 et
491 4157 587 4196 nos
611 4158 641 4197 a
671 4143 950 4201 diabolicis
979 4148 1181 4218 laqueis
1209 4149 1405 4205 irretiri
1440 4166 1545 4205 non
1580 4152 1836 4207 sinamus.

244 4225 300 4283 Si
331 4230 409 4284 sic
442 4231 653 4286 solliciti
683 4244 920 4289 nostram
961 4238 1185 4293 salutem
1216 4242 1615 4309 curaverimus,
1646 4244 1840 4311 poteri-

244 4334 367 4373 mus
392 4330 446 4375 ct
469 4336 534 4376 ex
559 4322 767 4393 jejunio
797 4326 997 4381 lucrum
1032 4329 1223 4392 lacere,
1250 4340 1303 4384 et
1331 4331 1589 4387 daemonis
1623 4333 1840 4388 insidias

245 4412 497 4482 eﬂ'ugere,
530 4424 586 4470 et
613 4431 858 4486 magnam
884 4433 1113 4489 superne
1139 4424 1360 4491 gratiam
1392 4426 1600 4494 assequi
1635 4444 1646 4478 :
1677 4442 1837 4495 quam
1876 4464 1880 4467 -

244 4514 304 4557 ut
334 4519 431 4558 nos
458 4521 645 4561 omnes
683 4522 1048 4579 assequamur,
1082 4512 1339 4567 concedat
1374 4517 1542 4584 gratia
1583 4525 1637 4569 et
1675 4519 1837 4570 mise—

243 4595 473 4649 ricordia
506 4597 709 4651 Domini
742 4600 913 4676 nostri
954 4599 1079 4655 Jesu
1106 4602 1299 4657 Christi
1326 4644 1339 4666 ,
1372 4619 1491 4658 cum
1523 4620 1628 4673 quo
1653 4606 1834 4671 Patri,

244 4694 539 4753 sanctoque
563 4685 782 4755 Spiritui
813 4689 882 4742 sit
908 4691 1095 4759 gloria,
1126 4692 1404 4761 imperium
1430 4735 1444 4759 ,
1471 4694 1661 4761 honor,
1692 4711 1835 4751 nunc

242 4783 299 4829 et
325 4789 559 4846 semper,
590 4786 644 4832 et
675 4779 727 4832 in
754 4780 946 4834 smcula
977 4782 1319 4840 saiculorum.
1350 4786 1541 4840 Amen.

809 4973 1085 5030 HOMILIA
1128 4974 1266 5028 XVI.

247 5063 306 5119 In
339 5064 833 5134 prmvaricationem
862 5065 1089 5132 primum
1118 5065 1475 5119 creatorum‘.
1496 5065 1558 5117 Et
1575 5075 1715 5118 erant
1732 5083 1840 5118 am-

318 5160 381 5209 bo
408 5158 534 5208 nudi
551 5197 563 5214 ,
596 5165 640 5207 et
669 5156 863 5221 Adam,
890 5164 935 5208 et
962 5172 1091 5209 uxor
1113 5157 1224 5221 ejus
1242 5196 1256 5221 ,
1284 5165 1329 5209 et
1359 5172 1457 5209 non
1490 5156 1841 5211 erubescebant

323 5245 473 5312 (Gen.
504 5245 557 5299 2.
587 5245 699 5315 25).

324 5360 349 5412 1
364 5398 376 5410 .
408 5357 609 5424 Aliquot
632 5357 694 5410 de
719 5355 1100 5425 Scripturarunt
1124 5358 1422 5413 inexhausta
1444 5360 1588 5429 capia
1610 5360 1755 5413 dictis
1774 5357 1842 5415 ad

244 5466 459 5520 scopum
485 5450 663 5519 pergit.
686 5480 757 5490 —
782 5449 949 5505 Hodie
979 5450 1127 5505 vobis
1152 5491 1165 5514 ,
1194 5450 1523 5509 dilectissimi
1549 5495 1562 5520 ,
1594 5453 1842 5524 spiritua-

310 5644 386 5705 (α)
417 5650 694 5715 servatorum
716 5653 976 5715 martyrum
1000 5647 1142 5697 loculi
1164 5657 1224 5715 et
1239 5651 1394 5700 thecae
1418 5650 1706 5715 frequenter
1730 5668 1834 5705 me-

248 5713 496 5775 morantur
518 5719 546 5754 ti
568 5708 904 5775 Chrysostomo
924 5712 971 5775 in
996 5714 1298 5775 Panegyrieis
1321 5721 1466 5763 'romo
1489 5708 1539 5775 Ii,
1564 5716 1725 5765 ubiiis
1745 5718 1827 5767 ha-

245 5771 380 5824 bitus
400 5773 555 5825 honos
578 5787 710 5837 sepe
729 5771 1042 5824 describitur.

1375 388 1439 443 lN
1475 384 1712 444 CAR".
1743 380 1983 441 GENES.
2033 378 2264 435 llOiilL.
2304 379 2420 436 XVI

3460 379 3558 434 126

1969 494 2073 548 lem
2112 493 2423 549 thesaurum
2452 494 2659 562 aperire
2704 492 2824 546 volo
2844 532 2858 555 ,
2887 492 2976 560 qni
2999 533 3015 558 ,
3044 492 3168 549 licet
3196 493 3334 548 inter
3362 496 3561 551 multos

1962 584 2265 647 dividatur,
2310 599 2597 653 numquam
2640 594 2817 639 tamen
2862 584 3159 641 absumitur
3190 603 3204 640 :
3235 587 3325 654 qui
3370 602 3558 641 omnes

1964 674 2293 746 locupletat,
2326 685 2380 730 et
2420 675 2470 729 in
2516 675 2663 729 nullo
2704 674 3036 729 innninuitur
3058 717 3073 742 ,
3107 675 3201 730 sed
3231 685 3285 731 et
3315 689 3554 746 augetur.

1962 767 2424 833 Quemadmodum
2453 767 2595 820 enim
2623 767 2675 821 in
2707 767 2943 821 sensibili
2975 767 3225 822 thesauro
3252 768 3295 821 si
3325 770 3446 837 quis
3477 769 3561 822 vel

1964 873 2178 926 parvam
2208 860 2479 929 acceperit
2516 858 2815 928 portionem
2841 900 2855 917 ,
2900 860 3095 912 multas
3129 872 3306 912 tamen
3350 859 3559 913 divitias

1963 953 2087 1008 inde
2126 953 2225 1006 sibi
2267 952 2473 1021 parabit
2502 970 2514 1006 :
2545 952 2617 1006 ita
2645 960 2699 1006 et
2729 952 2780 1006 in
2811 952 3005 1005 divinis
3045 950 3370 1021 Scripturis,
3398 952 3558 1007 etiam

1962 1046 2012 1097 in
2044 1057 2204 1113 parva
2232 1043 2464 1098 dictione
2489 1058 2741 1098 sensuum
2769 1042 3001 1112 gravitas
3027 1051 3081 1096 et
3104 1043 3380 1097 immensae
3408 1042 3561 1097 inve-

1962 1136 2179 1189 niuntur
2202 1135 2420 1189 divitiae.
2449 1135 2593 1190 Talis
2622 1135 2763 1189 enim
2794 1143 2982 1189 natura
3014 1134 3172 1205 hujus
3199 1133 3433 1190 thesauri
3458 1176 3473 1200 ,
3506 1145 3561 1189 ut

1959 1230 2241 1298 opulentos
2286 1226 2446 1281 faciat
2484 1242 2577 1281 eos
2613 1227 2703 1297 qui
2744 1242 2804 1282 se
2849 1228 3155 1291 inveniunt,
3188 1238 3241 1282 et
3270 1242 3557 1298 numquam

1959 1317 2172 1371 deﬁciat
2195 1336 2206 1368 :
2233 1316 2350 1371 foris
2372 1317 2513 1370 enim
2537 1316 2769 1387 Spiritus
2793 1318 2961 1372 sancti
2987 1314 3143 1386 hujus
3163 1318 3430 1389 scaturigo
3455 1328 3557 1373 est.

1958 1406 2243 1475 Reliquum
2270 1406 2430 1461 fuerit
2453 1448 2467 1470 ,
2505 1422 2602 1461 vos
2626 1422 2747 1476 qua:
2780 1409 3048 1476 proposita
3077 1417 3203 1461 sunt
3236 1423 3444 1463 summa
3472 1408 3552 1463 di-

1960 1498 2170 1567 ligentia
2200 1497 2251 1550 in
2284 1497 2539 1552 memoria
2572 1507 2828 1567 perpetuo
2849 1513 3095 1563 servare;
3121 1507 3177 1551 ut
3200 1508 3376 1554 autem
3404 1499 3560 1555 facile

1956 1588 2097 1643 dicta
2132 1589 2345 1657 assequi
2378 1590 2615 1657 possitis,
2651 1598 2853 1643 tantum
2885 1589 3027 1659 quod
3059 1599 3299 1645 nostrum
3329 1602 3413 1648 est
3440 1608 3555 1647 ma-

1956 1696 2061 1749 gno
2091 1681 2267 1735 studio
2293 1680 2597 1735 aderamus.
2633 1681 2810 1735 Gratia
2845 1684 2985 1736 enim
3019 1695 3200 1750 parata
3230 1694 3315 1740 est
3336 1726 3351 1749 ,
3382 1695 3437 1740 et
3469 1700 3559 1742 re-

1956 1772 2117 1840 quirit
2159 1786 2253 1825 eos
2296 1772 2385 1840 qui
2431 1772 2598 1840 ipsam
2646 1772 2865 1841 largiter
2901 1775 3217 1844 suscipiant.
3264 1776 3557 1831 Audiamus

1958 1862 2116 1931 igitur
2139 1878 2259 1931 qua:
2297 1862 2456 1917 hodie
2494 1871 2616 1917 sunt
2661 1864 2795 1919 lecta
2816 1907 2831 1930 ,
2860 1874 2918 1920 ut
2946 1865 3216 1920 discamus
3240 1867 3555 1923 immensam

1958 1953 2050 2007 Dei
2076 1953 2477 2023 benignitatem,
2509 1964 2561 2008 et
2586 1963 2785 2025 quanto
2810 1955 2996 2011 salutis
3024 1966 3221 2012 nostra:
3244 1959 3416 2028 gratia
3445 1975 3557 2014 ser-

1956 2045 2130 2098 monis
2153 2054 2577 2114 temperamento
2600 2046 2671 2102 sit
2694 2062 2843 2103 usus.
2870 2047 2961 2104 25.
2990 2048 3057 2102 Et
3077 2061 3221 2104 erant
3241 2053 3389 2105 ambo
3410 2055 3553 2117 nudi,

1956 2144 2057 2187 tam
2080 2134 2275 2198 Adam,
2305 2152 2458 2205 quam
2478 2152 2611 2191 uxor
2632 2139 2742 2209 ejus
2761 2179 2775 2203 ,
2802 2149 2849 2192 et
2882 2155 2983 2192 non
3008 2140 3383 2196 erubescebant.
3412 2141 3555 2196 Con-

1954 2226 2126 2279 sidera
2149 2268 2164 2292 ,
2191 2241 2376 2297 qnznso
2400 2269 2414 2292 ,
2459 2229 2785 2284 eminentem
2828 2229 3211 2286 beatitudinem
3236 2272 3253 2299 ,
3289 2233 3556 2303 quomodo

1953 2318 2256 2386 Superiores
2297 2318 2496 2373 fuerint
2538 2321 2787 2376 omnibus
2829 2323 3202 2393 corporalibus
3226 2365 3240 2391 ,
3288 2325 3556 2395 quomodo

1954 2416 2147 2462 terram
2187 2409 2339 2478 quasi
2384 2410 2571 2464 emtum
2616 2412 2979 2480 incoluerint;
3020 2424 3075 2469 et
3112 2430 3234 2470 cum
3280 2426 3462 2472 essent
3500 2418 3554 2473 in

1950 2513 2179 2568 corpore
2210 2498 2339 2553 nihil
2368 2499 2647 2569 corporale
2678 2502 2896 2559 tulerint
2925 2523 2939 2559 :
2968 2520 3142 2577 neque
3171 2514 3312 2563 tecto
3330 2548 3346 2575 ,
3378 2522 3555 2579 neque

1950 2600 2101 2646 veste
2129 2634 2142 2656 ,
2177 2606 2353 2661 neque
2383 2592 2488 2647 alio
2529 2593 2619 2647 tali
2664 2608 2800 2664 Opus
2844 2596 3122 2653 habentes.
3165 2598 3333 2653 Porro
3369 2599 3552 2655 divina

1950 2682 2221 2751 Scriptura
2254 2700 2359 2739 non
2389 2685 2705 2754 simpliciter
2729 2696 2783 2743 et
2807 2688 3011 2759 absque
3034 2692 3244 2747 ratione
3272 2693 3554 2751 homobis

1950 2775 2305 2844 significavit,
2348 2777 2442 2832 sed
2482 2787 2540 2831 ut
2580 2793 2699 2834 cum
2746 2779 3089 2836 didicerimus
3127 2784 3291 2839 vitam
3339 2787 3549 2842 illorum

1954 2864 2181 2919 tristitia:
2207 2865 2517 2936 dolorisque
2544 2879 2841 2937 expertem,
2865 2881 2921 2925 et
2944 2874 3239 2943 angelicum
3263 2878 3547 2946 quemdam

1944 2956 2167 3020 statum,
2202 2965 2259 3009 ut
2297 2956 2367 3009 ita
2398 2958 2681 3025 dicam,‘et
2719 2972 2904 3029 pOSIea
2934 2963 3224 3021 viderimus
3253 2982 3347 3022 eos
3376 2973 3550 3024 omni-

1948 3044 2049 3098 bus
2084 3045 2190 3098 illis
2226 3044 2478 3110 destitui,
2510 3057 2564 3101 et
2590 3050 2741 3117 quasi
2767 3066 2798 3105 c
2827 3054 3035 3122 magnis
3058 3054 3257 3111 divitiis
3288 3059 3339 3111 in
3368 3072 3550 3117 extre-

1948 3149 2087 3187 mam
2114 3134 2345 3203 inopiam
2373 3138 2562 3206 redigi,
2591 3138 2826 3208 ipsorum
2850 3144 3186 3215 negligentia:
3210 3156 3381 3205 totum
3402 3155 3543 3221 quod

1949 3225 2004 3278 tit
2032 3228 2379 3281 ascribamus.
2412 3230 2601 3298 Operae
2648 3234 2874 3301 pretium
2905 3246 3083 3293 autem
3126 3239 3258 3295 lecta
3298 3243 3411 3312 ipsa
3447 3261 3538 3300 au-

1946 3316 2079 3371 dire.
2112 3316 2275 3383 Nam,
2305 3328 2365 3373 ut
2390 3319 2524 3375 dixit
2565 3321 2756 3379 beatus
2784 3324 2960 3382 Moses
2980 3370 2994 3395 ,
3024 3330 3165 3399 quod
3197 3334 3319 3387 nudi
3352 3344 3510 3391 erant
3530 3380 3545 3401 ,

1945 3420 1997 3463 et
2029 3424 2132 3465 non
2172 3411 2563 3468 erubescebant
2595 3414 2802 3486 (neque
2838 3419 2981 3473 enim
3022 3421 3262 3478 sciebant
3288 3440 3347 3480 se
3373 3427 3546 3483 nudos

1945 3516 2064 3558 csse
2091 3545 2105 3568 ,
2140 3504 2271 3557 mira
2300 3504 2466 3573 gloria
2498 3506 2615 3561 illos
2646 3509 2907 3564 vestiente
2933 3520 2987 3565 et
3015 3514 3187 3583 magis
3214 3532 3374 3586 quam
3408 3519 3544 3573 ullus

1945 3595 2170 3648 vestitus
2196 3595 2478 3664 ornante),
2511 3597 2709 3667 inquit,
2746 3602 2797 3655 1.
2834 3600 3059 3671 Serpens
3095 3615 3261 3659 autent
3285 3619 3393 3663 erat
3422 3627 3531 3679 pm

1945 3683 2265 3739 dentissimus
2292 3687 2517 3739 omnium
2548 3690 2837 3756 bestiarum,
2867 3709 2980 3763 qua:
3006 3711 3158 3762 super
3186 3708 3392 3767 terram,
3419 3718 3540 3771 quas

1946 3780 2131 3848 fecerat
2166 3778 2409 3832 Dominus
2438 3778 2595 3834 Deus.
2632 3781 2699 3835 Et
2729 3783 2857 3837 dixit
2885 3802 3093 3856 serpens
3131 3791 3329 3846 mulieri
3360 3808 3380 3846 :
3410 3794 3547 3859 Quid

1943 3868 2077 3931 quod
2106 3868 2235 3921 dixit
2277 3867 2415 3921 Deus
2435 3910 2451 3932 ,
2486 3868 2569 3924 Ne
2595 3874 2866 3928 comedatis
2893 3892 2957 3930 ea:
2983 3879 3121 3932 omni
3147 3881 3286 3951 ligno
3309 3885 3447 3947 quod
3474 3899 3543 3940 est

1944 3958 1997 4010 in
2024 3958 2260 4027 paradiso
2292 3957 2444 4027 (Gen.
2474 3960 2577 4031 5)?
2609 3961 2741 4018 Vide
2772 3965 2989 4036 maligni
3014 3967 3274 4025 daemonis
3303 3972 3543 4029 inviden-

1946 4048 2110 4112 tiam,
2154 4059 2204 4104 et
2253 4050 2578 4121 multiplices
2624 4054 2866 4111 technas.
2908 4058 3349 4131 Quandoquidem
3388 4063 3544 4121 scivit

1946 4138 2213 4193 hominem
2249 4139 2541 4197 formatum
2571 4144 2624 4197 in
2650 4159 2861 4201 summo
2887 4162 3006 4202 esse
3035 4149 3296 4218 honore‘,
3325 4162 3379 4208 et
3413 4170 3542 4224 pro-

1944 4232 2229 4300 pemodum
2262 4234 2395 4288 nihil
2428 4236 2605 4289 minus
2647 4235 2845 4292 habere
2883 4240 3085 4309 angelis
3125 4243 3254 4311 ipsis
3278 4284 3293 4309 ,
3324 4243 3462 4301 sicut
3491 4258 3544 4302 et

1944 4324 2127 4377 beatus
2158 4323 2319 4378 David
2348 4325 2518 4393 inquit
2543 4344 2555 4379 :
2586 4325 2820 4381 Minuisti
2845 4345 2957 4381 eum
2983 4332 3136 4398 paulo
3170 4334 3335 4388 minus
3358 4335 3420 4389 ab
3440 4351 3541 4388 an-

1942 4416 2067 4483 gelis
2095 4414 2264 4485 (Psal.
2292 4416 2342 4470 8.
2376 4416 2432 4487 6)
2464 4434 2475 4469 :
2508 4426 2667 4487 atque
2688 4404 2798 4472 hoc
2828 4418 2999 4488 ipsum
3026 4419 3196 4475 Paulo
3232 4424 3397 4479 minus
3427 4427 3540 4481 ino-

1942 4505 2224 4561 bedienlizc
2255 4515 2531 4575 peccatum
2564 4508 2853 4563 introduxit
2879 4527 2892 4573 ;
2926 4527 3046 4566 nam
3077 4525 3197 4583 post
3224 4517 3531 4584 praevarica

1944 4597 2142 4651 tionem
2191 4599 2292 4651 hoc
2344 4598 2591 4668 loquutus
2635 4610 2719 4654 est
2763 4602 3023 4671 propheta
3068 4624 3081 4659 :
3124 4606 3336 4662 videbat
3382 4611 3529 4680 igitu;

1942 4703 2106 4759 super
2136 4698 2332 4744 terram
2359 4690 2605 4759 angelum
2636 4701 2967 4761 terrestrem,
2991 4706 3044 4750 et
3070 4710 3100 4749 a
3129 4711 3223 4751 sua
3252 4699 3540 4755 rodebatur

1944 4779 2139 4833 invidia
2170 4779 2380 4834 damon
2417 4781 2683 4836 malorum
2726 4795 2912 4839 auctor
2943 4804 2956 4838 :
2988 4788 3239 4855 quoniam
3267 4805 3390 4845 cum
3426 4792 3539 4861 ipso

1944 4871 2083 4924 inter
2122 4884 2382 4939 supernas
2426 4872 2650 4928 virtutes
2688 4882 2867 4941 esset,
2900 4884 2955 4931 et
2992 4877 3062 4932 ob
3100 4878 3392 4936 voluntatis
3428 4897 3540 4937 suae.

1943 4961 2251 5032 nequitiam,
2280 4972 2334 5017 et
2366 4962 2635 5033 ingentem
2662 4966 2939 5033 malitiam,
2967 4984 2998 5023 e
3019 4984 3233 5025 summo
3260 4975 3392 5029 cmlo
3418 4991 3534 5045 pro-

1937 5053 2115 5121 jectus
2141 5055 2315 5121 fuerit,
2343 5071 2534 5126 magna
2561 5073 2689 5112 usus
2719 5070 2801 5115 est
2832 5063 3246 5132 machinatione,
3276 5077 3335 5123 ut
3360 5079 3414 5123 et
3446 5071 3516 5125 ho

1943 5146 2141 5201 minem
2168 5148 2339 5217 gratia
2368 5148 2460 5202 Dei
2493 5149 2721 5218 privare,
2754 5160 2808 5206 et
2836 5152 3101 5223 ingratum
3128 5156 3347 5221 factum,
3380 5162 3537 5215 tantis

1943 5231 2097 5289 bonis
2140 5250 2237 5305 per
2270 5236 2505 5292 divinam
2549 5238 2842 5295 bonitatem
2884 5242 3011 5312 ipsis
3038 5247 3312 5301 concessis
3338 5249 3539 5305 nudare

1944 5334 2141 5394 posset.
2175 5327 2241 5383 Et
2264 5328 2391 5397 quid
2420 5328 2579 5384 fecit?
2605 5330 2825 5387 invento
2849 5336 3064 5389 animali
3088 5337 3210 5403 hoc,
3235 5350 3538 5408 serpentem

1942 5417 2085 5486 dico,
2116 5419 2205 5488 qui
2236 5430 2426 5475 cratera
2454 5421 2744 5477 calliditate
2768 5439 2863 5479 sua
2891 5427 3156 5496 vincebat,
3186 5431 3322 5484 sicut
3343 5440 3397 5484 et
3424 5431 3537 5487 Mo-

1943 5526 2031 5567 ses
2061 5520 2286 5567 testatus
2313 5520 2427 5578 est,
2455 5528 2575 5567 cum
2604 5514 2767 5581 dixit,
2812 5515 2937 5569 Erat
2973 5529 3141 5573 autem
3180 5537 3383 5591 serpens
3412 5539 3538 5592 pru-

1944 5606 2262 5660 dentissimus
2292 5607 2513 5661 omnium
2541 5607 2810 5662 bestiarum
2844 5626 2955 5680 quc
2980 5628 3132 5681 super
3159 5621 3344 5667 terram
3367 5656 3381 5683 ,
3404 5630 3538 5684 quas

2008 5760 2023 5790 ¹
2059 5757 2273 5820 Coislin.,
2297 5760 2363 5809 ad
2387 5774 2625 5811 summum
2649 5763 2873 5814 honorem
2892 5761 3039 5827 fuisse
3061 5774 3292 5818 evectum.
