4068 6436
608 443 719 502 117

609 557 719 614 fecit
766 555 1011 611 Dominus
1052 553 1187 608 Drus
1226 566 1336 607 :eo
1375 549 1525 618 quasi
1571 549 1920 603 instrumento
1952 544 2180 614 quodam

605 656 860 709 usus-est,
894 661 989 714 per
1015 646 1156 714 quod
1185 643 1478 705 mulierem,
1507 647 1687 707 utpote
1714 636 2003 705 simplicius
2031 642 2085 688 et
2111 635 2189 688 in-

609 738 812 791 firmius
831 751 945 802 vss,
967 735 1111 802 illius
1131 724 1483 788 familiaritate
1506 730 1556 782 in
1584 733 1824 783 errorem
1845 735 1901 780 et
1920 724 2190 793 deceptioo

608 841 730 881 nem
755 836 1088 897 provocant.
1112 823 1179 878 Et
1201 823 1348 886 dixit,
1374 820 1790 890 inquit,-serpens
1813 817 2032 868 mulieri.
2056 813 2191 869 llinc

603 916 797 986 collige
822 916 891 970 ab
919 915 1070 970 initio
1098 913 1293 968 nullam
1333 911 1624 967 bestiarum
1653 910 1820 963 virum
1843 947 1858 971 ,
1886 909 1968 959 vel
1999 904 2189 959 mulie-

609 1021 722 1062 rem
763 1008 1051 1070 terruisse,
1081 1002 1173 1058 sed
1198 1002 1490 1057 dominium
1525 1010 1576 1054 et
1613 998 1995 1067 subjectiouem
2023 1011 2158 1066 agno
2177 1025 2189 1036 -
2217 1017 2221 1026 ε

609 1102 771 1163 visse,
797 1108 852 1153 et
875 1098 1010 1152 sicut
1044 1110 1182 1150 nunc
1207 1095 1500 1149 domestica
1527 1089 1795 1154 animalia,
1825 1089 1896 1143 ita
1923 1096 1978 1144 et
2007 1086 2112 1141 fera
2137 1097 2190 1141 ct

611 1195 960 1247 immansueta
989 1198 1117 1242 tunc
1143 1187 1288 1242 mitia
1318 1185 1501 1240 fuisse.

681 1283 735 1337 2.
759 1281 977 1350 Serpens
993 1281 1079 1351 qui
1097 1278 1257 1332 Evam
1269 1275 1457 1346 decepit
1474 1290 1573 1328 non
1594 1281 1703 1325 erat
1717 1271 1911 1326 ratione
1925 1268 2186 1340 pratditus.

607 1378 746 1430 --At
765 1373 899 1428 forte
921 1374 1006 1427 hic
1024 1368 1338 1426 dubitaverit
1358 1366 1476 1436 quis
1491 1375 1543 1420 et
1563 1363 1852 1434 quaesierit,
1872 1377 1996 1415 num
2017 1367 2072 1413 et
2088 1358 2188 1413 hoc

608 1465 802 1520 animal
839 1461 1061 1517 ratioais
1100 1459 1260 1515 fuerit
1297 1458 1582 1528 particeps.
1622 1453 1736 1506 Non
1763 1452 1833 1506 ita
1863 1460 1983 1504 est:
2014 1449 2182 1513 absit;

604 1555 700 1610 sed
727 1555 759 1609 ii
798 1553 886 1624 qui
934 1530 1239 1621 Scripturas
1281 1556 1577 1618 sequuntur
1621 1542 1913 1612 intelligant
1955 1546 2185 1608 oportet,

609 1648 768 1702 verba
797 1644 1012 1716 quidem
1040 1657 1161 1699 esse
1185 1640 1404 1705 diaboli,
1422 1651 1579 1707 quem
1630 1632 1822 1688 invidia
1863 1629 2186 1695 concitabat,

610 1747 668 1792 ut
697 1738 766 1790 ita
788 1736 1056 1790 hominem
1102 1733 1306 1787 falleret
1338 1746 1353 1785 :
1381 1726 1593 1782 animali
1619 1733 1796 1778 autem
1827 1722 1929 1776 hoc
1969 1732 2026 1774 ut
2068 1720 2186 1775 ido-

611 1843 714 1884 neo
735 1829 1087 1882 instrumento
1111 1820 1355 1878 utebatur
1382 1816 1649 1879 diabolus,
1677 1829 1784 1884 quo
1811 1828 2027 1868 suarum
2052 1812 2190 1866 frau-

605 1917 755 1972 dium
780 1930 900 1972 esca
929 1915 1186 1976 immissa,
1217 1909 1560 1980 supplantare
1589 1904 1813 1976 primum
1859 1912 2040 1972 posset
2067 1917 2187 1956 mu—

608 2008 824 2071 lierem,
873 2019 992 2074 qua:
1032 2002 1236 2056 facilius
1271 1999 1442 2068 decipi
1482 2004 1731 2067 poterat;
1769 2005 1823 2049 et
1863 2002 2046 2062 postea
2096 2007 2189 2060 per

607 2097 750 2152 illam
799 2096 959 2149 etiam
1019 2090 1396 2162 protoplastum
1441 2085 1822 2155 supplantaret.
1867 2083 2046 2151 Itaque
2089 2080 2192 2134 hoc

609 2188 766 2242 bruto
788 2186 949 2240 utitur
967 2185 1033 2237 ad
1061 2180 1278 2236 insidias
1322 2178 1625 2236 stntendas;
1647 2183 1704 2230 et
1729 2189 1824 2243 per
1863 2173 2032 2242 ipsum
2070 2188 2188 2226 mu-

607 2275 731 2331 lieri
780 2274 1031 2344 loquitur,
1074 2280 1128 2327 et
1169 2269 1241 2324 ait
1271 2286 1285 2322 :
1315 2269 1486 2334 Quare
1528 2265 1654 2318 dixit
1699 2262 1864 2325 Deus,
1906 2259 1991 2315 Ne
2026 2276 2190 2315 come-

607 2364 742 2419 dntis
755 2380 822 2419 ea:
849 2363 984 2416 omni
1012 2363 1149 2432 tigno
1170 2357 1306 2429 quod
1331 2365 1403 2412 est
1427 2357 1480 2409 in
1509 2352 1785 2426 paradiso?
1817 2349 2185 2418 Considerate,

607 2459 852 2522 obsecro,
881 2453 1220 2524 malignitatis
1236 2448 1632 2504 callidissimam
1659 2443 2021 2498 subtilitatem.
2043 2439 2192 2494 Indu-

607 2548 684 2603 cit
725 2547 868 2602 enim
913 2545 1120 2599 ratione
1163 2538 1394 2602 consilii,
1439 2548 1494 2590 et
1535 2531 1985 2604 interrogationis,
2029 2531 2189 2586 ctiam

613 2637 757 2710 quod
786 2652 817 2691 a
841 2637 948 2691 Deo
995 2634 1193 2689 dictum
1243 2644 1349 2686 non
1394 2625 1726 2696 erat,'quasi
1769 2623 1971 2679 scilicet
2006 2635 2188 2677 curam

615 2732 850 2799 ipsorum
881 2727 1101 2782 haberet
1127 2743 1141 2779 :
1173 2723 1224 2779 id
1245 2721 1386 2792 quod
1408 2718 1720 2782 ostenditur,
1734 2731 1852 2772 cum
1869 2713 2040 2786 inquit
2058 2731 2070 2766 :
2089 2712 2191 2768 Cur

611 2821 740 2875 dixit
767 2817 924 2884 Deus,
951 2816 1034 2870 Ne
1051 2815 1324 2870 comedetis
1357 2813 1421 2867 de
1456 2813 1593 2867 omni
1621 2811 1757 2882 ligno
1781 2808 2000 2879 quodest
2019 2809 2072 2861 in
2096 2824 2190 2878 pa-

609 2907 824 2964 radiso.’
867 2907 1015 2979 quasi
1061 2906 1262 2961 diceret
1303 2902 1563 2974 malignus
1604 2899 1695 2955 ille
1735 2898 1945 2953 damon
1976 2915 1988 2950 :
2018 2896 2194 2965 Quare

616 3000 756 3055 Deus
786 2999 1015 3069 privavit
1035 3010 1130 3050 vos
1161 3003 1305 3050 tanta
1337 2991 1627 3047 fruitione?
1663 3005 1762 3044 cur
1800 3004 1906 3043 non
1950 2987 2194 3042 concedit

615 3098 673 3146 ut
690 3089 976 3163 participes
999 3088 1116 3142 sitis
1139 3087 1398 3141 bonorum
1427 3097 1546 3153 quae
1569 3089 1694 3136 sunt
1719 3079 1769 3134 in
1793 3079 2068 3151 paradiso;
2097 3078 2192 3134 sed

618 3180 862 3251 prestitit
903 3178 1120 3248 quidem
1160 3183 1217 3231 ut
1243 3174 1357 3230 visu
1403 3172 1731 3236 frueremini,
1771 3185 1879 3224 non
1921 3178 2100 3224 tamen
2128 3184 2194 3224 eo

618 3271 717 3327 frui
764 3270 910 3336 sinit,
938 3278 994 3324 et
1029 3265 1218 3337 majori
1270 3265 1542 3334 voluptate
1591 3259 1878 3316 interdicit.
1924 3256 2030 3313 Cur
2070 3259 2195 3312 dixit

622 3365 757 3419 Dctts
774 3362 800 3415 .9
817 3362 1012 3429 Quare,
1043 3360 1235 3427 inquit,
1265 3357 1397 3412 hoc?
1419 3371 1538 3424 qua:
1574 3353 1769 3407 utilitas
1793 3350 1996 3406 versari
2023 3350 2077 3404 in
2097 3364 2195 3419 pa-

621 3454 816 3513 radiso.
844 3462 899 3507 et
926 3466 1031 3506 non
1049 3449 1148 3504 frui
1179 3448 1262 3504 liis
1287 3460 1406 3516 quae
1432 3445 1486 3500 in
1519 3444 1608 3497 illo
1633 3451 1777 3508 sunt,
1801 3440 1896 3496 sed
1936 3439 2058 3495 ideo
2084 3453 2192 3494 ma-

611 3550 784 3615 jorem
835 3545 971 3599 ferre
1008 3543 1286 3604 dolorem,
1321 3537 1463 3608 quod
1509 3543 1750 3606 spectare
1794 3531 2008 3602 quidem
2048 3531 2198 3585 vobis

617 3640 792 3704 liceat,
841 3635 943 3690 frui
979 3649 1083 3690 non
1126 3631 1316 3688 liccat?
1365 3629 1553 3685 Vidisti
1595 3625 1866 3698 quomodo
1889 3640 1985 3695 per
2011 3624 2192 3690 verba,

618 3729 767 3798 quasi
792 3743 887 3799 per
925 3741 1100 3782 escam
1141 3725 1285 3778 virus
1322 3736 1476 3776 suum
1521 3717 1788 3774 immittit?
1817 3715 2048 3772 Debebat
2078 3731 2196 3769 mu-

619 3821 717 3873 lier
740 3833 806 3872 ex
830 3819 944 3888 ipso
971 3830 1218 3886 aggressa
1241 3811 1562 3868 eminentem
1587 3809 1887 3876 conjectare
1921 3805 2195 3872 malitiam,

626 3920 736 3963 tum
762 3908 904 3979 quod
926 3907 995 3962 de
1025 3905 1280 3961 industria
1310 3918 1429 3974 qua:
1469 3917 1574 3955 non
1622 3909 1774 3954 erant
1819 3898 2040 3964 diceret,
2087 3906 2196 3950 tum

622 4000 764 4069 quod
791 3997 940 4068 quasi
979 4010 1164 4051 curam
1207 3995 1442 4063 ipsorum
1485 3998 1716 4060 gereret,
1746 3997 1804 4042 ut
1845 3987 1982 4042 scire
2024 3994 2203 4055 posset

623 4106 739 4159 qua:
781 4089 885 4144 illis
907 4102 937 4141 a
969 4087 1077 4142 Deo
1119 4094 1403 4155 prteccpta,
1436 4091 1490 4137 ct
1523 4081 1599 4135 sic
1624 4080 1690 4134 ad
1709 4079 2199 4150 przevaricationem

624 4184 766 4251 ipsos
791 4180 1042 4235 traheret.
1074 4177 1234 4246 Igitur
1255 4191 1375 4231 cum
1408 4183 1591 4246 posset
1633 4173 1808 4227 statim
1854 4172 2198 4240 imposturam

624 4273 830 4337 videre,
862 4280 916 4324 et
951 4269 1184 4324 aversari
1230 4269 1388 4322 verba
1426 4267 1503 4319 uti
1534 4266 1772 4333 nugacia,
1803 4272 1855 4317 et
1893 4263 2123 4330 scipsam
2150 4264 2200 4316 in

624 4370 820 4416 tantam
865 4358 1118 4413 vilitatem
1150 4371 1254 4410 non
1282 4355 1534 4423 dejicere.
1563 4353 1750 4408 noluit.
1775 4350 2085 4420 Oportebat,
2118 4352 2200 4405 iu-

623 4451 973 4523 quam,initio
997 4449 1322 4517 colloquium
1351 4446 1488 4500 illius
1534 4460 1637 4499 non
1680 4443 1838 4509 ferre,
1874 4443 1967 4497 sed
2003 4443 2074 4496 illi
2103 4443 2203 4497 soli

628 4541 792 4612 loqui,
820 4549 1031 4610 propter
1059 4554 1238 4608 quem,
1258 4546 1312 4590 et
1341 4538 1391 4590 in
1422 4535 1573 4603 cujus
1603 4535 1917 4603 adjutorium
1951 4532 2204 4601 producta

625 4639 760 4696 erat,
789 4629 1048 4700 particeps
1071 4627 1338 4698 dignitatis
1367 4626 1506 4679 illius
1531 4625 1682 4678 facta.
1714 4624 1843 4691 Quia
1873 4633 2072 4686 autem,
2102 4638 2200 4678 ne-

623 4721 736 4775 scio
756 4718 1022 4791 quomodo
1049 4718 1258 4780 allccta,
1285 4716 1602 4785 colloquium
1653 4714 1912 4783 serpentis
1949 4713 2088 4780 tulit,
2111 4727 2206 4782 per

625 4826 783 4880 quem
809 4851 824 4875 ,
873 4819 930 4864 ut
972 4811 1411 4873 instrumentum,
1464 4805 1758 4878 perniciosa
1800 4805 1995 4860 diaboli
2038 4806 2204 4861 verba

628 4902 881 4972 suscepit,
897 4915 1185 4969 congruum
1212 4907 1327 4954 erat
1346 4899 1521 4953 statim
1546 4911 1666 4951 cum
1689 4895 1918 4950 disceret
1940 4911 2003 4949 ex
2029 4895 2205 4952 verbis

624 5010 762 5065 ejus,
789 5007 908 5049 esse
937 4992 1024 5046 illa
1047 5007 1166 5046 eum
1199 4993 1420 5045 veritate
1448 4989 1732 5058 pugnantia
1757 4998 1810 5042 et
1843 4988 1948 5042 alia
1991 4987 2204 5055 quidem

624 5084 963 5140 Conditorem
1015 5084 1322 5152 imperasse,
1372 5080 1475 5134 alia
1517 5085 1694 5133 autem
1744 5077 1911 5141 illum,
1955 5088 2012 5131 et
2051 5078 2207 5147 plane

627 5174 891 5229 contraria
920 5173 1028 5226 Deo
1072 5171 1271 5236 dicere,
1294 5179 1351 5224 ut
1378 5169 1489 5239 ipsa
1535 5175 1888 5230 aversaretur,
1920 5177 1972 5221 et
2002 5165 2208 5237 fugeret

632 5262 772 5315 illius
817 5260 1292 5325 consuetudinem,
1341 5257 1839 5325 abominareturque
1879 5256 2024 5309 illum
2050 5297 2064 5319 ,
2115 5257 2206 5325 qui

631 5353 881 5422 linguam,
911 5360 1092 5406 contra
1120 5350 1298 5404 datum
1321 5349 1422 5404 illis
1463 5347 1768 5403 mandatum
1806 5363 1998 5401 acuere
2039 5347 2205 5403 audc—

630 5451 726 5494 ret.
762 5440 955 5495 Verum
978 5441 1098 5510 quia
1124 5455 1228 5507 pra:
1258 5453 1443 5508 magna
1467 5437 1784 5509 negligentia
1816 5453 1920 5490 non
1957 5437 2203 5491 attende-

634 5532 746 5596 bat,
775 5547 877 5585 uon
929 5532 1100 5586 solum
1147 5547 1251 5585 non
1296 5541 1378 5584 est
1426 5532 1571 5584 illum
1620 5536 1878 5592 aversata,
1911 5528 2003 5582 sed
2049 5543 2206 5583 omne

631 5619 937 5675 mandatum
986 5621 1058 5675 illi
1099 5620 1320 5686 detexit,
1353 5629 1404 5675 et
1433 5634 1594 5690 porco
1640 5618 1953 5689 margaritas
1991 5617 2202 5686 obiecit,

634 5709 971 5786 implevitque
992 5712 1130 5781 quod
1153 5727 1182 5765 a
1209 5711 1423 5766 Christo
1465 5710 1662 5764 dictum
1705 5718 1788 5762 est
1821 5725 1833 5760 :
1869 5705 1951 5761 Ne
2000 5708 2206 5762 mittatis

633 5803 1144 5871 margaritnst'estras
1167 5814 1280 5854 ante
1310 5815 1504 5869 porcos,
1539 5814 1599 5853 ne
1623 5803 1753 5868 forte
1778 5797 2204 5850 somniantium

1351 437 1407 508 8.
1446 432 1723 492 JOANNIS
1757 420 2233 488 CIIRYSOSTOMI
2271 428 2584 486 ABCIIIEP.
2620 428 3156 488 CONSTANTINOP.

2295 545 2505 616 pedibus
2532 545 2658 608 suis,
2684 554 2730 598 rt
2753 545 2978 600 conversi
3002 561 3088 599 vos
3117 544 3433 614 disrumpant
3458 544 3671 615 (Hatth.
3703 547 3756 601 7.
3779 547 3840 610 Β)
3869 567 3884 602 :

2295 633 2348 689 id
2378 635 2517 705 quod
2547 645 2602 690 et
2622 635 2706 691 hic
2732 635 2927 691 factum
2953 646 3054 691 est.
3085 635 3343 707 Apposuit
3368 636 3510 690 enim
3539 649 3726 706 porco,
3759 635 3888 690 huic

2295 725 2449 781 malze
2489 727 2692 792 bestiae,
2734 724 2964 782 dmmoni
3006 726 3271 791 videlicet,
3293 727 3384 796 qui
3428 741 3523 797 per
3567 735 3884 795 serpentem

2294 816 2634 884 operabatur,
2689 816 2897 872 divinas
2943 817 3278 887 margaritas,
3312 827 3500 872 etnon
3544 817 3722 872 solum
3763 815 3886 870 illas

2291 906 2644 973 conculcavit,
2674 917 2728 962 et
2755 907 2911 962 dictis
2947 921 3007 963 se
3049 908 3316 977 opposuit,
3347 908 3445 963 sed
3475 915 3530 964 et
3561 921 3884 970 conversus,

2295 1010 2398 1051 non
2440 997 2608 1066 ipsam
2650 998 2844 1065 solum,
2871 997 2966 1053 sed
2992 1013 3116 1053 cum
3145 999 3258 1068 ipsa
3286 998 3662 1070 primigeuium
3709 997 3886 1052 Immi-

2295 1104 2414 1144 nem
2459 1105 2670 1162 quoque
2709 1093 2762 1146 in
2792 1093 3140 1162 praecipitium
3182 1091 3558 1148 inobedientia:
3602 1091 3877 1161 perduxit.

2292 1179 2519 1236 Tantum
2569 1182 2766 1238 malum
2799 1193 2897 1239 est
2928 1184 3130 1254 absque
3158 1183 3366 1239 delectu
3394 1183 3562 1238 cuivis
3589 1193 3644 1238 et
3675 1185 3882 1253 promi-

2291 1287 2418 1328 scue
2455 1273 2633 1329 divina
2676 1275 2924 1346 mysteria
2944 1275 3212 1347 detegere.
3239 1276 3473 1332 Audiam
3501 1276 3591 1347 qui
3619 1277 3739 1331 sine
3760 1275 3848 1331 dis
3864 1305 3885 1315 -

2277 1364 2513 1418 crimine
2565 1363 2876 1436 simpliciter
2907 1379 3030 1421 eum
3057 1364 3308 1421 omnibus
3334 1366 3744 1435 colloquuntur.
3770 1363 3882 1419 Ne-

2291 1469 2395 1522 que
2415 1456 2557 1510 enim
2599 1455 2669 1510 ibi
2715 1456 2962 1512 Christus
2999 1456 3068 1512 de
3109 1457 3346 1514 sensibili
3391 1473 3554 1528 porco
3599 1459 3878 1529 przrcepit,

2290 1545 2387 1600 sed
2409 1546 2653 1602 homines
2697 1549 2931 1616 porcinis
2971 1549 3212 1606 moribus
3241 1548 3572 1617 subindicat,
3601 1551 3692 1621 qui
3739 1551 3883 1607 sicut

2295 1637 2446 1691 bruta
2476 1638 2562 1693 illa
2593 1639 2647 1693 in
2676 1639 2878 1708 peccati
2904 1639 3019 1694 luto
3054 1640 3416 1704 involvuntur,
3443 1639 3645 1695 docens
3670 1655 3790 1703 nos,
3822 1649 3883 1696 ut

2294 1741 2643 1796 personarum
2665 1729 3026 1785 diversitatem
3056 1729 3450 1799 dignoseamns,
3477 1741 3532 1785 et
3559 1731 3680 1785 vita:
3708 1730 3880 1786 ratio-

2293 1831 2391 1872 nes
2417 1817 2765 1886 inquit-amns,
2788 1817 3003 1888 quando
3043 1817 3242 1888 aliquid
3272 1819 3587 1875 divinorum
3634 1818 3878 1889 eloquio-

2295 1923 2414 1963 rum
2441 1924 2716 1978 exponere
2738 1924 2877 1980 opus
2902 1910 3090 1976 fuerit,
3125 1926 3190 1965 ne
3210 1921 3264 1966 et
3295 1911 3415 1965 illos
3443 1921 3496 1965 et
3524 1914 3880 1982 nosmetipsos

2296 1998 2570 2080 laedamus.
2602 1999 2732 2054 Nam
2761 2002 2852 2071 qui
2878 2002 3010 2058 tales
3024 2011 3173 2068 sunt,
3207 2018 3312 2058 non
3347 2003 3517 2057 solum
3564 2002 3696 2057 nihil
3746 2005 3881 2059 lucri

2295 2104 2360 2145 ex
2386 2089 2544 2145 dictis
2580 2092 2813 2160 capiunt,
2846 2092 2940 2147 sed
2969 2101 3026 2147 et
3047 2106 3141 2147 eos
3160 2093 3250 2162 qui
3277 2092 3444 2147 bonas
3474 2093 3592 2146 illas
3619 2093 3880 2164 margari-

2295 2189 2376 2234 tas
2404 2180 2604 2249 absque
2632 2180 2999 2252 disquisitione
3038 2182 3141 2237 illis
3185 2192 3590 2254 propesuerant,
3621 2198 3803 2239 secum
3827 2184 3882 2239 in

2295 2284 2407 2324 sua:
2433 2270 2746 2338 perditionis
2775 2272 3093 2340 profundum
3123 2286 3266 2343 saepe
3313 2283 3702 2343 pertraxerunt.
3757 2273 3882 2329 Ideo

2294 2377 2414 2417 cum
2456 2363 2726 2434 diligentia
2775 2365 3106 2420 observanda
3148 2375 3274 2421 sunt
3301 2366 3438 2432 haec,
3467 2381 3536 2421 ne
3563 2365 3751 2422 eadem
3784 2381 3879 2437 ps-

2297 2455 2488 2509 tiamur
2506 2470 2624 2524 qum
2650 2455 2723 2510 illi
2746 2456 2836 2526 qui
2866 2455 2952 2512 hic
2976 2455 3186 2526 decepti
3229 2467 3372 2513 sunt.
3425 2455 3556 2512 Nam
3585 2465 3642 2512 et
3669 2473 3812 2513 nunc
3837 2460 3881 2511 si

2296 2547 2552 2602 voluisset
2591 2547 2782 2602 mulier
2827 2563 2932 2604 non
2982 2563 3285 2620 proponere
3334 2550 3647 2621 margaritas
3695 2564 3879 2619 porca.

2298 2651 2470 2706 neque
2500 2639 2612 2707 ipsa
2638 2637 2690 2692 in
2734 2637 3082 2708 praecipitium
3130 2638 3346 2705 ruisset,
3369 2652 3542 2709 neque
3585 2639 3759 2693 virum
3789 2654 3881 2692 se-

2294 2741 2418 2781 cum
2450 2730 2712 2784 traxisset.

2367 2821 2420 2874 3.
2459 2820 2562 2874 Sed
2601 2821 2876 2876 audiamus
2903 2821 3031 2892 quid
3061 2822 3132 2876 illi
3164 2822 3501 2893 respondeat.
3551 2821 3684 2877 Nam
3712 2833 3771 2879 ut
3797 2825 3881 2878 di-

2296 2918 2468 2974 xerat,
2497 2908 2597 2965 Cur
2621 2911 2748 2964 dixit
2773 2910 2933 2978 Deus,
2960 2910 3037 2966 De
3057 2914 3193 2966 omni
3213 2912 3350 2983 ligno
3380 2913 3607 2982 paradisi
3633 2931 3697 2968 ne
3718 2931 3884 2968 come-

2298 3002 2473 3055 datis?
2497 3001 2667 3071 inquit
2690 3003 2879 3057 mttlier
2898 3002 3133 3072 serpenti
3167 3022 3178 3056 :
3207 3002 3261 3057 2.
3287 3002 3364 3058 De
3390 3005 3526 3057 omni
3553 3006 3695 3076 ligno
3733 3021 3882 3074 para-

2297 3091 2397 3145 disi
2421 3091 2759 3156 comedimus;
2803 3093 2854 3146 3.
2888 3093 2952 3146 de
2978 3097 3146 3162 fructu
3171 3104 3338 3148 autem
3374 3094 3518 3164 ligni,
3560 3095 3700 3166 quod
3727 3107 3798 3150 est
3830 3097 3882 3148 in

2299 3184 2460 3237 medio
2498 3183 2743 3253 paradisi,
2796 3183 2922 3237 dixit
2962 3183 3119 3250 Dens,
3163 3199 3225 3237 ne
3258 3184 3552 3249 comedatis,
3575 3201 3735 3256 neque
3761 3189 3886 3239 atti-

2300 3273 2468 3342 geritis
2495 3274 2682 3341 ipsum,
2706 3281 2758 3325 ut
2788 3289 2890 3326 non
2911 3273 3218 3327 moriemini.
3241 3272 3428 3331 Vidisti
3461 3274 3886 3344 malignitatem?

2305 3361 2445 3415 Dixit
2473 3361 2614 3431 quod
2641 3375 2745 3416 non
2775 3370 2909 3426 erat,
2941 3371 2998 3416 ut
3025 3361 3076 3415 in
3106 3361 3427 3432 colloquium
3455 3373 3790 3432 provocat-et,
3831 3374 3885 3418 et

2301 3450 2532 3505 disceret
2569 3451 2620 3505 id
2658 3451 2800 3521 quod
2844 3461 2978 3506 erat.
3009 3450 3194 3506 Mulier
3227 3453 3369 3507 enim
3399 3461 3580 3522 postea
3611 3453 3884 3509 conlidens

2303 3540 2450 3610 quasi
2479 3539 2735 3597 benevole
2763 3556 2886 3611 erga
2910 3554 2969 3596 se
2996 3541 3215 3596 allectus
3237 3553 3400 3606 esset,
3453 3551 3621 3598 totum
3659 3543 3884 3598 manda-

2305 3640 2414 3684 tum
2459 3629 2696 3698 detexit,
2751 3631 3134 3701 diligenterque
3181 3632 3450 3687 recensuit
3473 3633 3675 3699 omnia,
3717 3645 3774 3689 et
3802 3649 3888 3689 re-

2301 3733 2499 3789 sponso
2532 3737 2630 3775 suo
2667 3736 2882 3776 omnem
2917 3723 3231 3792 sibimetipsi
3256 3723 3616 3779 defensionem
3645 3725 3884 3781 abstuli.

2302 3810 2439 3878 Quid
2469 3812 2611 3867 enim
2641 3820 2791 3882 potes
2812 3811 3014 3881 dicere,
3045 3828 3079 3868 ο
3105 3813 3333 3869 mulier?
3374 3813 3518 3869 Dixit
3561 3815 3700 3870 Dens
3733 3819 3773 3881 ⁸,
3806 3816 3889 3871 Ne

2303 3903 2576 3958 comedetis
2606 3905 2668 3957 de
2693 3904 2830 3957 omni
2851 3904 2987 3974 ligno
3010 3904 3145 3974 quod
3174 3914 3244 3958 est
3278 3905 3330 3958 in
3356 3905 3613 3974 paradiso.
3665 3906 3888 3977 Oporte-

2306 3991 2396 4046 bat
2440 3999 2492 4047 te
2528 3988 2762 4047 aversari
2809 4008 2952 4058 eum,
2981 3994 3071 4063 qui
3117 3993 3326 4048 diversa
3356 4009 3385 4046 a
3418 3993 3526 4049 Deo
3553 3995 3783 4061 dixerat,
3834 4009 3888 4052 et

2305 4082 2484 4139 dicere
2535 4100 2551 4136 :
2600 4087 2799 4154 Apage,
2843 4085 3188 4154 impostores
3217 4093 3293 4149 tu,
3339 4089 3511 4141 nescis
3538 4103 3712 4157 neque
3737 4105 3888 4143 man-

2304 4175 2414 4231 dati
2456 4175 2608 4231 nohis
2653 4176 2762 4231 dati
2812 4178 3139 4246 potentiam,
3197 4192 3370 4247 neque
3397 4178 3612 4247 quantis
3640 4179 3887 4246 fruimur,

2308 4270 2482 4336 neque
2505 4266 2711 4335 copiam
2737 4281 2923 4321 eorum
2968 4282 3086 4335 quae
3116 4267 3269 4322 nobis
3307 4267 3733 4337 suppeditantur.
3757 4269 3888 4325 Nam

2311 4365 2366 4410 tu
2403 4355 2613 4426 quidem
2655 4357 2734 4409 ais
2762 4356 2926 4411 Deum
2955 4357 3172 4421 dixisse,
3224 4358 3424 4411 nullum
3468 4372 3564 4412 nos
3608 4359 3891 4431 degustare

2309 4444 2504 4501 debere
2538 4446 2738 4515 lignum
2763 4462 2778 4512 ;
2827 4446 3081 4500 Dominus
3118 4457 3294 4501 autem
3324 4457 3378 4501 et
3405 4447 3662 4504 Conditor
3690 4451 3762 4504 ob
3791 4451 3890 4505 im-

2309 4553 2546 4593 mensam
2573 4553 2722 4593 suam
2751 4538 3040 4592 bonitatem
3069 4537 3222 4597 nobis
3245 4539 3484 4608 permisit
3504 4539 3634 4606 frui,
3658 4551 3713 4595 et
3738 4555 3890 4611 pose-

2309 4639 2498 4685 statem
2546 4630 2744 4685 habere
2784 4631 3056 4695 omnium;
3099 4630 3166 4684 ab
3213 4645 3320 4684 uno
3367 4638 3573 4684 tantum
3615 4633 3891 4688 abstinere

2304 4721 2482 4792 jussit,
2535 4721 2692 4791 idque
2744 4721 2896 4776 nobis
2943 4720 3248 4785 consulens,
3297 4730 3355 4774 ut
3398 4738 3462 4774 ue
3501 4730 3715 4790 gustato
3769 4724 3888 4784 illo,

2309 4825 2481 4868 morte
2508 4811 2964 4868 occumberenius.
3005 4812 3317 4881 Oportebat,
3348 4813 3392 4867 si
3422 4813 3635 4882 quidem
3657 4816 3891 4884 prudens

2309 4904 2512 4969 fuisset,
2561 4905 2641 4959 his
2684 4905 2837 4958 dictis
2878 4905 3022 4958 illum
3065 4905 3283 4958 omnino
3323 4905 3592 4970 aversari,
3651 4907 3890 4976 nihilque

2311 4996 2447 5050 ultra
2488 4996 2558 5048 illi
2606 4996 2778 5064 loqui,
2822 5008 2993 5063 neque
3015 4993 3201 5048 audire
3243 4994 3546 5064 loquentem
3581 5012 3594 5049 :
3629 4996 3727 5051 sed
3767 4998 3889 5059 ista,

2312 5088 2547 5142 revelato
2590 5095 2888 5156 prmcepto,
2939 5094 2994 5140 et
3045 5086 3274 5139 narratis
3328 5087 3420 5140 Dei
3467 5088 3684 5153 verbis,
3745 5088 3890 5144 aliud

2311 5177 2569 5232 letiferum
2614 5186 2668 5230 et
2718 5177 3074 5245 perniciosum
3113 5176 3392 5230 consilium
3437 5177 3507 5230 ab
3548 5176 3640 5231 illo
3677 5180 3888 5248 accipit.

2311 5270 2439 5324 Nam
2469 5279 2747 5339 postquam
2774 5268 2908 5321 dixit
2932 5268 3123 5321 mulier
3172 5285 3184 5322 :
3233 5265 3313 5319 De
3339 5269 3476 5320 omni
3502 5269 3641 5338 ligno
3667 5273 3892 5338 paradisi

2309 5363 2521 5426 edimus,
2562 5362 2623 5414 de
2665 5363 2833 5430 fructu
2865 5367 3034 5411 autem
3075 5358 3202 5428 ligni
3239 5359 3376 5428 quod
3413 5368 3482 5412 est
3513 5359 3566 5411 in
3608 5360 3776 5414 medio
3802 5377 3895 5430 pa-

2311 5456 2486 5518 radisi,
2537 5455 2666 5510 dixit
2716 5453 2876 5519 Deus,
2924 5469 2984 5506 ne
3013 5453 3289 5506 comedetis
3327 5469 3390 5506 es;
3423 5451 3534 5513 illo,
3577 5468 3739 5522 neque
3772 5455 3894 5504 atti-

2310 5549 2480 5619 geritis
2503 5549 2688 5615 ipsum,
2739 5564 2801 5600 ne
2829 5545 3152 5610 moriamini;
3190 5543 3380 5598 iterum
3423 5543 3683 5613 malignus
3704 5545 3892 5598 Salutis

2373 5744 2388 5774 ¹
2414 5743 2562 5792 Savil.
2585 5740 3048 5812 additlnmargiue,
3078 5754 3224 5803 quare
3255 5741 3318 5803 (τί
3344 5741 3458 5802 ὅτι),
3479 5742 3891 5790 sententiamque

2314 5803 2668 5866 interregative
2695 5803 2970 5865 distinguit.
