4068 6376
243 333 346 390 129

241 456 441 501 nostra:
482 440 731 498 inimicus
786 423 1123 493 contrarium
1163 429 1272 482 Dco
1321 422 1602 479 consilium
1656 415 1827 471 aﬁ‘crt.

242 540 451 607 Quippe
489 549 610 590 eum
652 529 910 598 benignus
955 526 1091 578 Deus
1121 520 1191 574 ob
1240 529 1486 586 magnam
1531 508 1698 566 nostri
1740 521 1836 562 cu-

243 598 365 682 raui
389 598 480 681 -de
522 624 664 692 ligno
698 631 911 673 sumere
938 609 1289 685 prohibuerit,
1337 614 1395 661 ut
1422 618 1488 658 ne
1518 616 1610 670 per
1648 598 1836 654 inohe-

241 719 500 775 dientiam
542 691 798 773 mortales
829 709 1079 762 ﬁeremus
1125 721 1143 757 :
1195 701 1288 756 llle
1322 697 1452 753 dicit
1491 691 1702 749 mulieri
1737 692 1835 746 ιι.

243 810 373 864 Non
416 814 575 860 ntorte
607 791 910 856 moriemini.
958 794 1111 863 Quali
1157 790 1310 845 venia
1354 785 1658 858 dignabitur
1699 782 1841 837 ullus

243 899 548 961 mulierem,
586 890 729 963 quod
755 888 973 944 omnino
996 899 1157 940 aures
1194 879 1463 949 aperuerit
1489 886 1596 930 tam
1621 871 1839 928 audacia

243 985 484 1043 dicenti?
553 961 684 1038 Nam
748 993 869 1035 cum
919 977 1060 1031 Deus
1119 971 1338 1034 dixerit,
1392 967 1472 1023 Ne
1524 961 1835 1026 comedatis,

245 1092 310 1135 ut
363 1093 430 1133 ne
463 1070 766 1130 moriamini
796 1088 808 1122 :
841 1070 929 1124 ille
968 1065 1160 1135 inquit,
1196 1063 1315 1116 Non
1340 1068 1501 1112 morte
1536 1052 1838 1110 moriemini.

247 1169 382 1224 Dein
428 1170 859 1220 non'eonteutus
896 1155 1163 1213 contraria
1194 1152 1350 1207 dictis
1392 1149 1490 1204 Dei
1534 1145 1838 1216 protulisse,

245 1260 458 1313 incusat
509 1270 632 1311 eum
689 1252 850 1307 etiam
898 1260 955 1302 ut
1003 1244 1238 1300 invidum
1265 1239 1558 1311 Opiﬁccm,
1609 1250 1716 1307 quo
1763 1235 1843 1289 sic

247 1349 492 1404 fraudem
539 1345 793 1400 inducere
841 1347 1053 1410 posset,
1123 1344 1178 1390 et
1235 1333 1573 1403 supplantata
1617 1326 1841 1382 muliere

248 1438 582 1510 propositum
630 1449 786 1490 suum
828 1431 1092 1500 impleret.
1156 1425 1280 1480 Non
1335 1432 1494 1478 morte
1535 1413 1840 1473 moriemini.

249 1508 304 1588 ὃ.
349 1508 548 1586 Sciebat
589 1528 722 1582 eraim
755 1525 914 1590 Deus,
958 1522 1092 1590 quod
1129 1529 1446 1590 quocumque
1469 1514 1550 1566 die
1574 1508 1844 1564 comedetis

248 1641 318 1680 ex
332 1639 412 1689 eo,
439 1620 732 1690 aperientur
761 1615 895 1669 oculi
923 1612 1091 1676 vestri,
1123 1619 1170 1663 et
1195 1607 1337 1662 eritis
1361 1605 1488 1660 sicut
1516 1603 1607 1665 dii,
1636 1599 1846 1655 scientes

250 1719 435 1769 bonum
473 1689 520 1765 et
558 1707 770 1762 malum.
809 1705 946 1759 Ecce
992 1711 1154 1756 totam
1198 1712 1377 1753 escam
1411 1713 1423 1748 :
1453 1693 1672 1748 calicem
1703 1689 1845 1744 enim

254 1804 556 1876 pernicioso
585 1813 793 1855 veneno
826 1798 1040 1867 plenum
1073 1784 1285 1848 mulieri
1332 1787 1518 1850 dedit,
1565 1799 1682 1854 quae
1727 1783 1847 1836 leti-

253 1903 420 1953 ferum
446 1895 551 1951 hoc
579 1907 697 1950 esse
722 1891 901 1946 videre
930 1889 1120 1943 nolens
1153 1903 1167 1938 :
1201 1892 1408 1954 poterat
1438 1880 1579 1935 enim
1601 1920 1617 1945 ,
1666 1878 1712 1932 si
1757 1890 1850 1929 vo-

254 1990 462 2052 luisset,
500 1986 570 2040 ab
596 1983 746 2038 initio
778 1981 877 2036 hoc
901 1980 1077 2041 scire;
1120 1976 1217 2031 sed
1259 1984 1312 2029 ut
1358 1971 1560 2027 audivit
1602 1971 1670 2025 ab
1719 1969 1843 2033 illo,

251 2078 398 2149 quod
441 2076 560 2132 ideo
587 2089 736 2129 esum
764 2071 906 2127 hunc
931 2068 1296 2139 prohibuisset
1320 2064 1479 2129 Deus,
1522 2062 1644 2129 quia
1687 2060 1851 2115 sciret

252 2168 441 2225 oculos
479 2166 718 2236 ipsorum
743 2161 1082 2231 aperiendos,
1114 2169 1314 2226 eosque
1353 2155 1490 2208 sicut
1527 2152 1656 2206 deos
1702 2149 1848 2217 fere,

253 2259 491 2313 scientes
529 2256 726 2311 bonum
756 2261 811 2307 et
838 2251 1035 2306 malum
1068 2267 1082 2302 :
1116 2245 1392 2317 aequandae
1417 2242 1709 2298 divinitatis
1757 2255 1852 2310 spe

254 2347 462 2413 inﬂata,
510 2360 698 2416 magna
749 2343 993 2414 quaedam
1041 2354 1225 2395 secum
1283 2335 1637 2406 concipiebat.
1694 2331 1853 2387 Tales

255 2439 403 2493 enim
451 2444 576 2492 sunt
615 2433 1038 2490 machinationes
1085 2428 1320 2494 inimici,
1376 2435 1435 2480 ut
1487 2423 1702 2494 quando
1760 2437 1855 2492 per

256 2527 631 2596 deceptionem
679 2525 732 2579 in
778 2522 1008 2578 sublime
1055 2519 1402 2582 subduxerit,
1436 2514 1649 2570 tandem
1694 2521 1749 2568 et
1802 2514 1852 2567 in

259 2615 582 2688 profundum
609 2629 706 2684 per
736 2625 975 2682 pra-cepa
1005 2609 1238 2678 dejieiat.
1289 2607 1453 2676 Igitur
1496 2613 1558 2659 ut.
1591 2604 1852 2674 aequalem

256 2722 320 2763 se
348 2706 462 2762 fore
507 2706 617 2760 Deo
655 2704 940 2773 imaginata
988 2708 1092 2763 est,
1138 2699 1206 2753 ad
1233 2713 1382 2754 esum
1427 2695 1756 2767 properavit,
1801 2703 1856 2748 et

258 2800 388 2853 illuc
434 2807 617 2868 postea
658 2795 780 2849 ﬁxit
823 2801 879 2850 et
917 2791 1298 2863 cogitationem
1341 2797 1397 2845 et
1436 2795 1670 2844 mentem
1731 2804 1744 2841 :
1800 2795 1856 2841 et

257 2890 391 2945 nihil
439 2888 581 2944 aliud
622 2885 994 2942 considerabat
1048 2898 1208 2951 quam
1261 2892 1317 2936 ut
1360 2881 1580 2936 calicem
1625 2895 1655 2934 a
1697 2878 1855 2933 mali-

256 2997 368 3052 gno
391 2980 632 3034 dmmone
660 2982 1012 3046 temperatum
1054 2980 1314 3044 cpotaret.
1342 2970 1472 3026 Nam
1515 2968 1658 3039 quod
1699 2983 1852 3023 acce-

259 3084 354 3143 pto
391 3071 694 3143 pernicioso
731 3070 824 3135 illo
870 3066 1170 3136 serpentini
1215 3064 1424 3120 consilii
1469 3077 1694 3128 veneno,
1751 3060 1856 3116 tale

261 3165 361 3231 ἱιεί
392 3161 626 3217 studium
657 3159 837 3224 fuerit,
899 3156 1024 3214 audi
1062 3156 1394 3226 Scripturam
1443 3153 1707 3208 dicentem
1739 3169 1751 3204 :
1799 3151 1854 3206 ϐ.

263 3254 330 3306 Et
356 3253 478 3306 vidit
503 3251 682 3305 mulier
704 3250 840 3320 quod
859 3248 1047 3302 bonum
1071 3255 1196 3301 esset
1216 3246 1411 3316 lignum
1441 3242 1509 3295 ad
1536 3241 1854 3306 vescendum,

259 3355 308 3396 et
336 3351 537 3412 gratam
564 3337 724 3392 oculis
751 3337 819 3390 nd
837 3335 1126 3401 videndum,
1151 3337 1526 3406 {armorumque
1548 3331 1617 3383 ad
1638 3339 1862 3384 contem-

261 3433 511 3503 plandum
540 3447 558 3486 :
584 3440 630 3484 et
655 3430 846 3498 accepit
873 3430 936 3482 de
963 3432 1132 3498 fructu
1181 3426 1321 3481 illius
1360 3435 1406 3478 et
1456 3423 1691 3477 comedit.
1716 3421 1858 3478 Vere

262 3523 606 3592 Corrumpunt
637 3521 795 3574 bonos
825 3534 987 3572 mores
1028 3517 1283 3586 colloquia
1322 3529 1476 3584 prava
1509 3514 1583 3584 (l.
1615 3512 1735 3567 Cor.
1768 3513 1856 3566 15.

263 3615 381 3685 55).
422 3614 600 3681 Quare
628 3611 770 3666 enim
807 3624 912 3664 non
941 3619 1066 3664 ante
1096 3608 1421 3662 diabolicum
1469 3604 1754 3659 consilium
1783 3604 1856 3658 illi

262 3706 373 3762 tale
415 3703 544 3775 quid
596 3705 648 3758 in
699 3712 934 3758 mentem
975 3701 1141 3766 venit,
1193 3714 1294 3754 nec
1319 3699 1521 3768 lignum
1553 3697 1654 3751 hoc
1684 3696 1860 3752 consi-

262 3796 492 3862 deravit,
520 3809 620 3850 nec
647 3794 764 3865 ejus
790 3791 1238 3864 pulchritudinem
1271 3790 1441 3845 vidit?
1478 3790 1610 3857 Quia
1644 3787 1862 3843 timebat

266 3885 576 3942 mandatum
620 3886 753 3952 Dei,
805 3895 859 3940 et
904 3883 1357 3954 subsequuturum
1399 3896 1467 3937 ex
1514 3896 1609 3936 esu
1655 3881 1858 3950 suppli-

265 3979 408 4034 cium
432 3994 448 4033 :
468 3981 608 4032 nunc
634 3986 811 4030 autem
841 3983 1120 4045 postquam
1150 3989 1180 4027 a
1211 3973 1346 4027 mala
1379 3971 1478 4027 hac
1508 3972 1676 4026 bestia
1703 3970 1862 4026 dece-

268 4079 358 4140 pta
391 4078 495 4134 est,
541 4069 612 4122 ita
639 4075 695 4121 ut
722 4066 969 4122 crederet
1009 4080 1116 4119 non
1168 4064 1341 4118 solum
1372 4061 1503 4118 nihil
1530 4061 1712 4116 damni
1739 4061 1862 4116 hinc

270 4173 542 4230 passuros,
567 4157 661 4212 sed
687 4165 742 4212 et
769 4156 878 4210 Deo
907 4155 1141 4223 mquales
1170 4169 1290 4209 esse
1317 4153 1541 4219 futuros,
1563 4161 1689 4207 tunc
1715 4152 1859 4206 illam

268 4264 393 4320 spes
413 4246 784 4319 promissionis
812 4245 877 4300 ad
904 4244 1224 4300 sumendum
1246 4246 1421 4299 cibum
1449 4243 1657 4314 impulit
1703 4260 1716 4297 :
1764 4257 1861 4298 ne-

267 4355 374 4412 que
403 4343 540 4392 intra
564 4350 690 4391 suos
711 4335 908 4390 limites
948 4345 1222 4399 contenta,
1270 4335 1363 4389 sed
1391 4333 1608 4388 inimico
1641 4341 1695 4388 et
1719 4331 1860 4386 hosti

268 4430 459 4486 salutis
512 4434 709 4481 nostrae
740 4426 996 4494 majorem
1027 4425 1184 4480 ﬁdem
1214 4424 1437 4489 habens,
1481 4438 1640 4495 quam
1685 4423 1862 4479 verbis

273 4526 365 4581 Dei
394 4543 409 4579 :
440 4525 769 4596 experientia
805 4540 901 4579 sua
946 4540 1052 4578 non
1096 4524 1267 4578 multo
1296 4530 1414 4592 post
1438 4521 1625 4577 didicit
1651 4521 1862 4576 consilii

271 4617 585 4686 perrﬁcicm,
624 4626 680 4672 et
717 4624 912 4686 quanta
943 4615 1219 4670 calamitas
1278 4616 1422 4682 ipsos
1462 4612 1863 4682 deprehensum

269 4715 434 4762 esset.
479 4706 609 4760 Nam
636 4705 703 4760 Ut
732 4707 873 4770 vidit,
904 4705 1094 4775 inquit,
1127 4705 1262 4775 quod
1297 4704 1492 4774 lignum
1526 4711 1648 4756 esset
1679 4703 1865 4756 bonum

268 4797 338 4850 ad
379 4796 699 4859 vescendum,
737 4805 783 4848 et
818 4796 953 4863 quod
982 4795 1140 4848 oculis
1168 4804 1370 4863 gratum
1390 4794 1458 4846 ad
1483 4793 1776 4856 videndum,
1820 4803 1865 4846 et

273 4888 556 4951 formamus
580 4887 649 4940 ad
691 4885 1157 4955 contemplandum,
1196 4885 1448 4954 cogitavit
1486 4899 1690 4950 secum,
1729 4883 1866 4938 forte

270 4996 336 5034 ex
376 4979 575 5033 diaboli
602 4978 940 5047 deceptione,
974 4993 1134 5048 quam
1165 4992 1259 5047 per
1279 4986 1581 5047 serpentem
1610 4977 1698 5032 ille
1735 4978 1864 5032 affeo

269 5069 426 5133 rchat
474 5088 486 5123 :
520 5068 577 5124 Si
611 5078 666 5123 et
704 5069 771 5123 ad
801 5069 1126 5123 vescendum
1157 5069 1352 5124 bonum
1379 5078 1462 5124 est
1487 5059 1712 5139 lignum,
1741 5077 1796 5125 et
1821 5069 1866 5124 si

273 5169 479 5213 tantum
502 5160 684 5214 oculos
713 5159 980 5214 oblectare
1005 5167 1200 5228 potest,
1228 5169 1284 5215 et
1311 5159 1706 5230 pulchritudine
1733 5177 1869 5231 prte-

274 5251 444 5304 ditum
481 5259 563 5304 est
607 5249 881 5314 ineliahili,
923 5250 964 5303 si
1009 5249 1170 5304 etiam
1195 5249 1312 5319 ejus
1337 5251 1570 5319 sumptio
1597 5265 1865 5305 summum

277 5341 432 5395 nobis
483 5339 743 5408 praebebit
795 5339 1091 5403 honorem,
1153 5349 1207 5393 et
1269 5339 1579 5395 habebimus
1625 5340 1868 5396 eamdem

276 5445 438 5500 quam
483 5429 739 5484 Conditor
784 5430 1119 5499 dignitatem,
1167 5443 1331 5499 quare
1377 5445 1486 5485 non
1531 5445 1870 5486 sumeremus

280 5522 344 5576 de
367 5521 472 5574 eo?

349 5615 403 5666 4.
447 5611 637 5668 Vidisti
663 5612 931 5677 quomodo
968 5612 1110 5668 illam
1137 5611 1380 5667 diabolus
1405 5612 1669 5682 captivam
1699 5611 1866 5676 duxit,

292 5717 343 5761 ct
383 5707 565 5761 allcxit
599 5705 931 5762 ratiocinium
982 5705 1133 5775 ejus,
1186 5705 1411 5778 fecitque
1457 5715 1519 5761 ut
1551 5722 1668 5776 quae
1708 5721 1866 5781 supra

1346 312 1408 369 IN
1448 305 1682 367 CAR".
1725 299 1974 362 GENES.
2017 297 2248 355 HOMIL.
2295 293 2433 350 ΧΠ.

3443 279 3552 334 ιω

1948 425 2100 466 suam
2150 407 2464 477 dignitatem
2515 410 2670 459 erant
2713 412 2904 470 sapere
2955 395 3197 460 auderet,
3226 409 3327 464 qut.
3359 393 3551 447 uillam

1944 515 2041 569 spe
2078 512 2238 564 vana,
2295 496 2364 552 ab
2405 494 2491 549 his
2535 505 2751 563 quoque
2793 504 2915 559 quae
2964 487 3066 557 ipsi
3097 498 3354 541 concessa
3389 495 3544 539 erant

1944 585 2265 645 excideret?
2294 585 2360 641 Et
2387 584 2582 654 accepit
2607 583 2671 636 de
2703 583 2872 652 fructu
2906 579 3064 644 illius,
3103 586 3151 631 et
3193 574 3412 630 comedit
3442 591 3461 628 :
3497 590 3549 629 ct

1943 679 2083 735 dedit
2120 678 2277 733 etiam
2307 676 2415 731 viro
2449 690 2563 739 suo,
2594 683 2641 728 et
2671 670 2992 726 comederunt
3022 684 3042 723 :
3069 669 3121 724 7.
3151 678 3197 722 et
3226 666 3392 736 aperti
3429 677 3549 720 sunt

1944 771 2078 827 oculi
2119 769 2346 833 illorum,
2393 778 2442 821 et
2480 770 2820 838 cognoverunt
2846 762 2982 834 quod
3021 762 3145 815 nudi
3174 770 3354 816 essent.
3407 759 3546 828 Quid

1945 862 2152 928 fecisti,
2193 876 2227 916 o
2265 859 2498 914 mulier?
2548 857 2662 912 Non
2713 856 2884 910 solum
2931 853 3232 924 pernicioso
3274 850 3546 921 accepto!

1944 954 2174 1011 consilio
2201 953 2376 1023 legem
2409 966 2440 1004 a
2481 950 2590 1005 Deo
2616 949 2797 1003 datam
2821 944 3169 1008 conculcasti,
3230 953 3287 998 et
3322 941 3552 996 manda.

1948 1053 2058 1100 tum
2100 1041 2500 1112 contempsisti,
2553 1049 2608 1095 et
2640 1041 2692 1094 in
2733 1047 2933 1093 tantum
2961 1036 3150 1091 venisti
3186 1036 3547 1103 intemperan-

1947 1134 2096 1200 tiam,
2141 1143 2202 1188 ut
2245 1149 2351 1187 non
2395 1141 2647 1187 contenta
2693 1139 2773 1184 tot
2821 1136 3199 1196 tantorumque
3247 1125 3542 1184 fruitione.

1947 1227 2109 1281 etiam
2157 1225 2374 1282 unicum
2419 1225 2524 1278 hoc
2565 1221 2768 1292 lignum
2793 1259 2810 1286 ,
2858 1219 2928 1275 de
2968 1233 3077 1289 quo
3117 1233 3185 1272 ne
3230 1217 3552 1284 comederes

1949 1325 2281 1388 praeceperat
2310 1314 2588 1381 Dominus,
2627 1327 2758 1368 ausa
2785 1311 2860 1366 sis
2886 1324 3122 1374 sumere,
3161 1317 3215 1364 et
3240 1308 3344 1363 ﬁde
3374 1307 3551 1362 habita

1949 1409 2015 1465 iis
2050 1424 2170 1479 qum
2197 1424 2228 1462 a
2257 1415 2515 1476 serpente
2541 1404 2682 1460 dicta
2709 1410 2837 1457 sunt
2856 1441 2874 1469 ,
2925 1399 3135 1455 ﬁdelius
3176 1398 3376 1469 putasti
3409 1397 3553 1452 illius

1950 1500 2254 1566 consilium,
2285 1512 2445 1569 quam
2483 1495 2792 1552 mandatum
2838 1507 2870 1547 a
2913 1491 3206 1548 Conditore
3244 1493 3452 1556 datum,
3499 1497 3568 1544 et.

1951 1592 2006 1648 in
2047 1599 2252 1646 tantum
2313 1588 2533 1658 decepta
2578 1601 2677 1652 es,
2736 1594 2794 1640 ut
2839 1599 2909 1640 ne
2950 1583 3103 1640 venia
3135 1581 3350 1653 quidem
3393 1580 3551 1651 digna

1953 1681 2074 1737 sis?
2173 1680 2308 1734 Num
2370 1679 2514 1734 enim
2576 1676 2815 1746 ejusdem
2867 1685 3072 1729 natura:
3133 1683 3251 1728 erat
3303 1673 3392 1741 qui
3455 1673 3556 1728 hoc

1954 1770 2306 1828 consulebat?
2363 1770 2438 1824 Ex
2486 1768 2714 1824 subditis
2743 1777 2799 1822 et
2824 1768 3018 1831 servis,
3066 1775 3121 1819 et
3157 1765 3260 1820 sub
3287 1774 3375 1818 tua
3407 1773 3555 1834 pote~

1953 1873 2092 1919 state
2145 1872 2282 1918 erat.
2329 1862 2506 1931 Quare
2549 1861 2627 1915 sic
2676 1860 2902 1930 teipsam
2950 1857 3194 1923 fmdasti,
3215 1867 3271 1912 et
3298 1857 3389 1912 illo
3425 1856 3553 1911 relir

1954 1966 2062 2019 cto,
2099 1964 2316 2024 propter
2349 1967 2507 2022 quem
2547 1950 2776 2006 formata
2829 1963 2926 2015 es,
2980 1947 3048 2003 ad
3099 1947 3260 2017 cujus
3301 1946 3556 2002 auxilium

1957 2044 2212 2114 producta
2282 2057 2388 2108 es,
2450 2041 2602 2111 cujus
2666 2040 2983 2110 dignitatum
3039 2051 3100 2092 es
3147 2036 3454 2107 particeps,
3504 2045 3561 2091 et

1957 2152 2078 2192 cum
2133 2151 2240 2206 quo
2281 2133 2520 2204 ejusdem
2554 2148 2612 2188 es
2649 2130 2964 2187 substantia:
3009 2139 3066 2185 et
3098 2128 3267 2196 vocis,
3315 2128 3366 2182 in
3409 2128 3562 2182 fami-

1958 2227 2241 2282 liaritatem
2272 2224 2540 2296 serpentis
2582 2223 2768 2277 venire
2814 2219 3137 2292 sustinuisti,
3192 2227 3249 2272 ut
3287 2233 3318 2273 a
3349 2217 3566 2274 diabolo
3599 2237 3615 2254 -

1958 2333 2054 2390 per
2073 2318 2214 2372 hanc
2239 2317 2465 2371 bestiam
2492 2315 2767 2384 acciperes
2805 2312 3090 2368 censilium
3117 2310 3400 2367 manifeste
3430 2324 3563 2365 con-

1960 2410 2179 2466 trarium
2221 2409 2287 2464 iis
2334 2424 2454 2478 quae
2515 2421 2546 2461 a
2599 2406 2712 2461 Deo
2755 2413 2884 2460 sunt
2922 2403 3166 2474 injuncta
3199 2421 3213 2456 :
3244 2416 3419 2474 neque
3487 2402 3567 2458 sic

1912 2498 1915 2502 ’
1959 2510 2200 2558 aversata
2250 2516 2312 2557 es
2353 2500 2540 2566 illum,
2597 2495 2694 2552 sed
2741 2510 2847 2566 spe
2886 2493 3280 2566 promissionis,
3332 2492 3402 2549 de
3442 2492 3567 2549 cibo

1959 2596 2052 2650 illo
2081 2590 2296 2650 sumere
2325 2606 2453 2647 ausa
2486 2591 2580 2646 es?
2610 2589 2969 2658 Esttrigitur;
3018 2588 3245 2657 teipsam
3284 2587 3336 2641 in
3362 2594 3593 2642 tantum--

1961 2685 2314 2756 praecipitium
2355 2682 2649 2753 depuleris,
2691 2689 2747 2736 et
2775 2681 2982 2734 honore
3023 2678 3259 2734 maximo
3315 2678 3562 2748 privave-

1961 2777 2037 2832 ris
2084 2793 2099 2830 :
2172 2789 2338 2845 quare
2374 2781 2430 2829 et
2470 2772 2644 2827 virum
2696 2780 2862 2824 tanta:
2916 2769 3084 2823 ruina:
3132 2769 3340 2823 socium
3385 2765 3562 2821 facis?

1962 2878 2018 2924 et
2060 2868 2220 2937 cujus
2268 2877 2322 2921 te
2350 2866 2668 2935 adjutricem
2711 2876 2834 2916 esse
2878 2860 3187 2930 Oportebat,
3232 2860 3379 2914 illius
3430 2857 3565 2914 facta

1961 2976 2022 3017 es
2045 2960 2363 3022 insidiatrix,
2410 2966 2464 3010 et
2499 2956 2568 3010 ob
2609 2954 2888 3008 minimum
2927 2951 3034 3007 cibi
3065 2951 3216 3007 illum
3243 2965 3460 3021 quoque
3493 2960 3568 3006 tc-

1961 3067 2084 3109 cum
2113 3067 2146 3107 a
2185 3049 2356 3122 gratia
2389 3047 2481 3103 Dei
2512 3045 2833 3102 abalienas?
2879 3043 3010 3111 Quze
3051 3052 3105 3099 tc
3149 3043 3452 3115 prodigiosa
3484 3044 3570 3097 in-

1963 3144 2111 3199 sania
2134 3142 2187 3197 in
2213 3149 2412 3195 tantam
2435 3137 2712 3193 audaciam
2745 3135 2989 3191 induxit?
3018 3133 3135 3190 Non
3170 3135 3301 3190 satis
3330 3145 3446 3190 erat
3475 3134 3574 3188 tibi

1965 3233 2174 3290 beatam
2203 3229 2343 3285 hanc
2368 3229 2529 3283 vitam
2556 3239 2737 3297 agere,
2768 3233 2824 3280 et
2847 3239 3077 3294 corpore
3112 3224 3328 3299 quidem
3357 3225 3567 3288 vestiri,

1965 3340 2138 3397 neque
2162 3321 2460 3394 corporalis
2500 3320 2576 3375 rei
2606 3319 2832 3388 alicujus
2861 3318 3094 3386 indigam
3126 3318 3286 3372 esse?
3322 3316 3569 3372 omnibus

1966 3417 2018 3472 in
2074 3415 2322 3486 paradiso
2361 3411 2500 3477 frui,
2547 3419 2773 3480 excepto
2821 3409 2979 3463 unico
3007 3408 3108 3462 hoc
3136 3407 3568 3479 ligno?visibilia

1965 3509 2144 3564 omnia
2178 3505 2280 3560 sub
2305 3512 2483 3559 vestra
2512 3518 2632 3557 esse
2669 3508 2951 3572 potestate,
3001 3509 3056 3554 et
3091 3508 3144 3555 te
3181 3513 3302 3556 esse
3329 3501 3568 3556 omnium

1964 3605 2278 3660 dominam?
2321 3601 2426 3659 Sed
2457 3600 2612 3656 vanis
2641 3598 2864 3669 decepta
2919 3597 3401 3668 promissionibus,
3447 3611 3568 3668 spe-

1966 3696 2094 3750 rasti
2123 3694 2282 3749 etiam
2314 3693 2367 3747 in
2397 3705 2664 3747 summum
2697 3688 2979 3760 pervenire
3010 3686 3234 3743 honoris
3259 3685 3571 3758 fastigium?

1968 3787 2171 3844 Idcirco
2199 3787 2375 3842 disces
2405 3801 2464 3841 re
2492 3785 2628 3855 ipsa,
2649 3793 2702 3838 te
2730 3796 2836 3837 non
2865 3781 3038 3836 solum
3068 3779 3159 3836 illa
3192 3794 3298 3835 non
3320 3793 3578 3850 assequu-

1968 3889 2140 3935 turam
2187 3892 2332 3943 esse,
2376 3876 2471 3932 sed
2521 3883 2575 3929 et
2619 3873 2868 3929 omnibus
2901 3871 3012 3942 jam
3053 3885 3084 3925 a
3134 3869 3244 3926 Deo
3295 3871 3386 3925 tibi
3434 3869 3570 3925 datis

1968 3967 2277 4039 privandam
2307 3974 2362 4022 et
2391 3967 2638 4035 teipsatn,
2692 3971 2746 4018 et
2783 3963 2959 4016 virum
3000 3979 3014 4015 :
3051 3969 3214 4031 atque
3259 3961 3311 4016 in
3368 3967 3571 4016 tantam

1968 4061 2338 4132 paenitentiam
2388 4057 2635 4122 venietis,
2679 4063 2737 4111 ut
2789 4064 2844 4110 et
2885 4067 3040 4110 serus
3068 4061 3249 4108 vester
3284 4053 3442 4109 dolor
3491 4053 3571 4108 fh-

1968 4164 2138 4222 turus,
2184 4162 2240 4209 et
2277 4153 2542 4223 malignus
2566 4149 2798 4211 dzemon,
2829 4148 2920 4217 qui
2947 4146 3050 4202 hoc
3077 4145 3393 4200 damnosum
3421 4145 3590 4201 vobis.-

1967 4245 2250 4303 consilium
2267 4241 2536 4314 suggessit
2563 4241 2789 4306 risurus,
2812 4239 3073 4309 vobisque
3103 4237 3450 4292 insultaturus
3479 4237 3587 4303 sit,

1969 4347 2154 4409 utpote
2193 4334 2518 4406 jacentibus,
2549 4344 2603 4390 et
2630 4332 2821 4388 eadem
2848 4346 2968 4401 quae
2998 4331 3112 4400 ipse
3138 4329 3338 4399 passis.-
3358 4328 3571 4386 Etenim

1968 4431 2107 4485 sicut
2133 4428 2221 4482 ille
2245 4441 2404 4497 supra
2430 4439 2591 4496 quam
2633 4422 2858 4478 decebat
2890 4421 2961 4477 de
2995 4435 3055 4476 se
3097 4421 3356 4486 sentiens,
3386 4436 3415 4475 a
3445 4437 3572 4476 con-

1968 4534 2118 4576 cessa
2149 4518 2404 4588 dignitate
2428 4515 2766 4580 deturbatus,
2815 4523 2868 4569 et
2897 4528 2928 4569 e
2965 4512 3111 4567 caelis
3147 4511 3199 4566 in
3243 4520 3438 4566 terram
3469 4511 3569 4565 de-

1964 4611 2140 4682 jectus
2177 4618 2261 4665 est
2293 4625 2308 4663 :
2336 4594 2476 4662 istud
2503 4606 2679 4676 ipsum
2705 4613 2760 4659 et
2783 4619 2879 4658 vos
2911 4602 3106 4669 facere,
3137 4611 3191 4656 et
3219 4617 3313 4673 per
3333 4601 3572 4670 mandati

1971 4700 2466 4771 praevaricationem
2525 4697 2578 4751 in
2631 4695 2822 4749 mortis
2870 4694 3055 4749 venire
3104 4706 3320 4762 pinnam
3371 4692 3566 4757 voluit,

1972 4795 2042 4848 ita
2087 4809 2200 4848 suae
2224 4789 2556 4846 satisfaciens
2576 4786 2788 4843 invidiae
2819 4803 2831 4838 :
2866 4787 3006 4841 sicut
3035 4791 3088 4839 et
3113 4783 3328 4854 sapiens
3355 4783 3572 4854 quidam

1972 4883 2179 4940 dicebat
2208 4901 2221 4936 :
2251 4881 2459 4935 Invidia
2493 4888 2661 4932 autem
2701 4875 2913 4942 diaboli,
2962 4892 3098 4929 mors
3126 4876 3182 4928 in
3208 4874 3455 4930 mundum
3492 4876 3574 4928 in-

1969 4976 2120 5031 travit
2162 4973 2319 5045 (Sap.
2348 4973 2402 5026 Ω.
2432 4969 2549 5038 24).
2599 4967 2667 5022 Et
2706 4967 2864 5034 dedit,
2896 4965 3089 5037 inquit,
3122 4957 3273 5020 etiam
3301 4967 3409 5021 viro
3436 4982 3528 5020 suo
3554 4985 3572 5032 ,-

1973 5078 2020 5123 ct
2059 5067 2415 5127 comederunt,
2464 5072 2511 5115 et
2554 5061 2718 5130 aperti
2763 5069 2878 5113 sunt
2923 5058 3058 5112 oculi
3110 5058 3334 5111 illorum.
3385 5057 3571 5127 Magna

1973 5161 2133 5216 etiam
2183 5155 2279 5210 viri
2323 5154 2662 5225 negligentia.
2702 5151 2833 5205 Nam
2863 5150 2988 5204 licet
3016 5149 3104 5204 illa
3132 5149 3372 5221 ejusdem
3403 5163 3568 5220 geneo

1975 5252 2048 5307 ris
2081 5258 2244 5315 esset,
2291 5256 2346 5302 et
2387 5261 2540 5311 uxor,
2582 5254 2817 5298 attamen
2867 5241 3150 5310 Oportebat
3197 5241 3368 5295 virum
3407 5239 3572 5308 pluris

1976 5346 2153 5404 facere
2199 5351 2519 5413 praeceptum
2573 5339 2698 5402 Dei,
2755 5352 2914 5406 quam
2969 5334 3202 5389 illicitam
3249 5333 3385 5386 hanc
3432 5332 3574 5387 illius

1975 5434 2482 5506 concupiscentiam,
2528 5441 2585 5486 et
2633 5445 2738 5484 non
2789 5429 2900 5483 ﬁeri
2945 5422 3402 5496 praevaricationis
3447 5437 3563 5492 par-

1978 5531 2212 5600 ticipem,
2243 5539 2413 5596 neque
2452 5524 2520 5579 ob
2544 5521 2797 5579 minimas
2823 5521 3118 5588 voluptates
3147 5517 3305 5570 tantis
3335 5515 3570 5584 seipsum

2051 5712 2063 5743 '
2102 5706 2243 5761 savii.
2268 5711 2320 5758 et
2343 5713 2468 5764 uss,
2490 5711 2527 5754 0
2549 5699 2766 5752 mulier?
2787 5711 2938 5764 quare
2954 5694 3227 5764 pemicioso
3239 5700 3452 5756 accepto,
3477 5704 3574 5744 etc.
