4068 6392
608 353 701 410 ηε

606 464 814 532 privare
837 459 1013 524 bonis,
1043 466 1097 512 et
1123 454 1394 512 offendere
1425 451 1838 515 benefactorem,
1880 448 1970 518 qui
2014 444 2163 501 illum

610 560 751 605 tanta
789 547 1109 617 benignitate
1139 542 1513 613 ‘.amplexatus
1552 549 1690 602 erat,
1730 538 1995 605 vitamque
2019 532 2170 587 dolo—

608 640 683 695 ris
720 648 773 695 et
811 637 1008 694 laboris
1049 637 1221 691 omnis
1261 642 1531 702 expertem
1579 636 1935 686 concesserat.
1984 627 2172 680 Annon

609 730 753 785 enim
793 728 987 782 licebat
1020 724 1265 780 omnibus
1312 722 1430 777 aliis
1476 736 1597 792 qua:
1633 722 1684 775 in
1726 716 1968 788 paradiso
2021 720 2177 769 erant

609 820 816 877 abunde
848 817 982 873 frui?
1022 832 1184 887 quare
1222 824 1330 870 tam
1365 814 1485 870 leve
1524 811 1824 869 mandatum
1870 821 2043 877 neque
2064 804 2178 875 ipse

612 909 818 965 voluisti
849 907 1100 962 servare?
1138 898 1244 961 Sed
1281 905 1419 960 forte
1455 902 1696 959 audivisti
1733 916 1763 955 a
1810 898 2030 953 muliere
2057 912 2177 967 pcr-

613 998 795 1054 niciosi
840 997 1042 1053 consilii
1084 996 1511 1067 promissionem,
1555 1003 1609 1047 et
1649 1005 1745 1061 spe
1772 990 1931 1045 etiam
1956 988 2070 1056 ipse
2100 986 2179 1037 in-

611 1092 783 1155 ﬂatus,
805 1087 907 1142 cibi
935 1086 1112 1141 statim
1144 1086 1405 1155 particeps
1429 1082 1596 1136 factus
1621 1094 1701 1135 es.
1734 1077 1934 1133 Idcirco
1957 1085 2179 1143 uterque

610 1178 922 1248 supplicium
949 1176 1104 1231 luetis
1126 1214 1141 1241 ,
1172 1173 1484 1241 docebitque
1508 1185 1600 1225 vos
1619 1183 1798 1226 rerum
1816 1163 2139 1237 experientia
2161 1203 2177 1229 ,

611 1286 715 1325 non
758 1282 875 1324 esse
917 1266 1020 1321 ﬁde
1057 1264 1264 1335 dignius
1304 1261 1520 1331 maligni
1565 1257 1823 1314 damonis
1866 1254 2176 1317 consilium,

610 1373 767 1426 quam
798 1356 887 1411 Dei
916 1364 1257 1426 prmceptum.
1306 1349 1373 1405 Et
1402 1350 1538 1404 dedit
1568 1350 1715 1403 etiam
1735 1347 1839 1401 uiro
1859 1360 1985 1408 suo;
2021 1352 2067 1397 et
2092 1358 2180 1395 co-

611 1449 889 1513 mederunt,
918 1455 965 1500 et
991 1446 1151 1515 aperti
1178 1452 1293 1499 sunt
1322 1442 1454 1497 oculi
1474 1440 1755 1503 amborum,
1782 1446 1828 1491 et
1850 1442 2180 1505 cognoverunt

611 1538 745 1608 quod
770 1536 892 1591 nudi
916 1544 1095 1590 essent.

679 1628 732 1682 5.
772 1626 1006 1692 Qumstio
1026 1638 1211 1691 magna
1237 1621 1389 1676 nobis
1418 1619 1539 1673 hinc
1569 1617 1801 1671 nascitur
1821 1655 1835 1678 ,
1862 1628 1921 1669 ea
1950 1612 2177 1676 scilicet,

612 1728 769 1784 quam
810 1727 979 1782 nuper
1008 1708 1294 1780 pollicebar
1320 1706 1528 1762 caritati
1572 1714 1781 1759 vestrm.
1811 1702 1998 1756 Merito
2037 1700 2179 1753 enim

558 1804 565 1811 ’
616 1807 733 1875 quis
762 1804 1045 1873 rogaverit,
1066 1814 1224 1870 quam
1252 1798 1501 1852 virtutem
1538 1794 1780 1849 habuerit
1817 1793 1919 1847 hoc
1946 1791 2143 1859 lignum
2164 1831 2180 1856 ,

615 1897 765 1965 cujus
793 1909 918 1949 esus
945 1892 1153 1946 illorum
1188 1890 1367 1945 oculos
1389 1887 1690 1957 aperuerit,
1716 1894 1770 1940 et
1800 1898 1962 1955 quare
1987 1883 2182 1952 lignum

617 1987 850 2043 scientia:
872 1983 994 2039 boni
1011 1992 1064 2038 et
1083 1981 1206 2036 mali
1225 1988 1461 2035 vocetur.
1486 1978 1555 2033 Et
1582 1978 1624 2032 si
1653 1977 1842 2045 placet,
1857 1982 2179 2043 exspectate,

617 2084 674 2130 nt
707 2088 868 2144 pauca
903 2073 1060 2126 etiam
1096 2070 1163 2124 de
1212 2070 1295 2123 his
1327 2068 1595 2123 disserens
1640 2065 1913 2120 caritatem
1953 2071 2181 2116 vestram

613 2168 851 2228 doceam,
871 2162 913 2216 si
940 2159 1258 2215 voluerimus
1278 2156 1586 2229 prudenter,
1604 2169 1722 2223 qu:e
1754 2154 1806 2207 in
1830 2152 2009 2207 divina
2037 2151 2184 2205 Scri-

616 2264 765 2321 ptura
791 2251 1056 2313 dicuntur,
1091 2247 1404 2317 intelligere,
1432 2245 1561 2303 nihil
1589 2244 1848 2299 dictorum
1877 2242 2032 2296 nobis
2058 2240 2187 2295 diffi-

614 2345 715 2399 cile
758 2342 927 2396 visum
968 2341 1054 2394 iri.
1080 2339 1264 2408 Neque
1292 2337 1433 2392 enim
1477 2351 1598 2389 esus
1634 2349 1699 2388 ex
1728 2348 1793 2388 eo
1823 2334 1962 2400 ligno
2000 2329 2186 2385 oculos

616 2436 829 2489 illorum
873 2431 1120 2500 aperuit:
1158 2444 1277 2483 nam
1329 2436 1381 2483 et
1424 2437 1549 2481 ante
1587 2441 1734 2480 esum
1782 2424 2063 2486 videbant;
2092 2421 2184 2477 sed

614 2525 735 2595 quia
765 2537 889 2577 esus
913 2521 1003 2576 ille
1027 2518 1396 2574 inobedientia:
1426 2525 1541 2571 erat
1566 2524 1952 2585 argumentum,
1973 2523 2025 2567 et
2052 2526 2186 2583 pra:-

616 2612 868 2668 varicatio
911 2607 1142 2664 mandati
1182 2623 1213 2661 a
1246 2608 1352 2661 Deo
1395 2604 1570 2659 traditi
1605 2624 1615 2657 :
1649 2619 1805 2673 quam
1855 2603 1923 2657 ob
1967 2615 2184 2656 causam

614 2712 796 2772 postea
844 2699 1023 2755 nudati
1066 2707 1188 2752 sunt
1234 2697 1430 2765 gloria,
1463 2711 1583 2765 qua:
1626 2696 1745 2750 illos
1792 2692 2186 2757 circumdabat,

613 2794 735 2863 quia
782 2807 841 2847 se
884 2790 1128 2860 indignos
1177 2788 1269 2843 tali
1316 2787 1521 2844 honore
1574 2788 1804 2841 fecerant
1843 2805 1856 2839 :
1908 2796 2188 2855 propterea

619 2884 888 2952 Scriptura
928 2896 1131 2936 morem
1165 2896 1320 2935 suum
1363 2880 1652 2933 observans
1672 2920 1687 2943 ,
1715 2878 1919 2948 inquit:
1949 2877 2189 2932 Comede-

621 2983 734 3028 runt
759 3014 771 3037 ,
796 2984 842 3027 et
867 2973 1026 3042 aperti
1067 2983 1179 3026 sunt
1202 2972 1335 3025 oculi
1356 2971 1559 3023 iIIurum
1583 3011 1595 3034 ,
1627 2980 1671 3022 et
1695 2981 2027 3040 cognoverunt
2056 2970 2189 3041 quod

622 3064 745 3118 nudi
764 3071 921 3117 essent
944 3078 963 3127 ;
990 3060 1169 3116 nudati
1195 3067 1414 3132 propter
1439 3068 1714 3130 peccatum
1740 3074 1981 3128 superna:
2009 3057 2191 3129 gratia:

622 3152 814 3205 amictu
836 3192 850 3213 ,
880 3150 1147 3205 sensibilis
1186 3165 1299 3204 sua:
1326 3148 1576 3203 nuditatis
1601 3162 1813 3202 sensmn
1840 3157 2193 3216 acceperunt,

623 3249 677 3294 ut
708 3254 801 3307 per
820 3238 1260 3301 erubescentiam,
1288 3253 1407 3308 qua:
1434 3237 1716 3291 invadebat
1740 3237 1901 3307 ipsos,
1925 3247 2072 3291 certo
2092 3237 2194 3290 sei-

624 3337 745 3386 rent
780 3331 831 3383 in
879 3338 1129 3398 quantam
1162 3328 1370 3382 ruinam
1417 3328 1560 3398 ipsos
1610 3327 1915 3383 adduxisset
1962 3327 2193 3382 mandati

622 3418 870 3472 dominici
916 3419 1297 3486 prmvaricatio.
1343 3416 1441 3485 Qui
1498 3419 1639 3472 enim
1685 3428 1837 3472 antea
1886 3416 2195 3472 fruebantur

623 3517 766 3562 tanta
797 3506 1005 3573 fiducia,
1034 3515 1088 3561 et
1116 3522 1288 3575 neque
1315 3508 1414 3561 sibi
1443 3508 1642 3562 conscii
1688 3518 1841 3563 erant
1872 3522 1989 3562 sese
2024 3506 2192 3561 nudos

624 3610 745 3652 esse
771 3614 783 3648 :
814 3611 911 3650 nec
958 3596 1085 3650 nudi
1129 3605 1299 3661 erant,
1328 3598 1749 3669 quandoquidem
1778 3614 2007 3669 superna
2049 3598 2194 3670 ipsos

624 3687 792 3756 gloria
836 3686 1021 3755 quovis
1074 3689 1391 3741 vestimento
1445 3688 1721 3743 honestius
1782 3692 2035 3759 tegebat:
2075 3700 2194 3760 post

623 3791 795 3838 esum,
823 3776 922 3829 hoc
948 3783 1048 3840 est,
1083 3784 1202 3845 post
1228 3777 1719 3846 praevaricationem
1771 3789 2190 3846 praeceptorum,

625 3866 679 3917 in
708 3872 904 3918 tantam
936 3865 1187 3919 vilitatem
1228 3864 1430 3920 redacti
1467 3876 1608 3929 sunt,
1638 3876 1694 3921 ut
1719 3867 1787 3921 ob
1811 3868 2193 3924 intolerabilem

630 3954 881 4022 pudorem
926 3964 1125 4009 vestem
1176 3965 1299 4009 tunc
1341 3965 1666 4024 quaererent.
1716 3957 1921 4026 Quippe
1967 3959 2197 4014 mandati

632 4042 996 4111 prmvaricatio
1034 4053 1091 4096 ut
1132 4046 1469 4112 supervenit,
1502 4055 1700 4099 vestem
1741 4046 1883 4099 illam
1927 4064 2114 4101 novatn
2147 4058 2200 4103 et

628 4132 1015 4199 admirabilem,
1042 4134 1225 4203 gloria:
1251 4128 1463 4203 inquam
1484 4150 1541 4188 ac
1562 4152 1801 4205 supernae
1818 4138 2196 4192 benevolentizc

630 4238 731 4292 qua
761 4223 927 4277 induti
960 4233 1113 4277 erant
1135 4264 1147 4288 ,
1178 4225 1427 4287 abstulit,
1458 4234 1511 4278 et
1539 4228 1786 4281 nutlitatis
1807 4243 2020 4284 sensum
2058 4246 2195 4299 prte-

633 4314 766 4379 buit,
794 4315 1019 4384 illosque
1049 4316 1246 4384 ingenti
1278 4316 1479 4383 pudore
1502 4317 1868 4373 circumdedit.
1896 4322 1949 4374 7.
1979 4320 2043 4373 Et
2071 4338 2196 4375 con-

629 4413 833 4456 suerunt
855 4404 979 4473 [alia
1007 4404 1153 4472 ficus,
1178 4414 1221 4457 et
1249 4408 1471 4475 fecerunt
1497 4408 1814 4477 sibimetipsis
1846 4413 2193 4468 succinctoria.

630 4491 883 4558 Obsecro,
908 4492 1132 4557 dilecte,
1164 4496 1354 4564 cogita,
1389 4499 1653 4566 quomodo
1680 4509 1728 4553 ct
1757 4515 1786 4553 a
1824 4510 2019 4570 quanto
2053 4503 2200 4560 fasti-

632 4586 718 4651 gio
755 4584 806 4637 in
853 4585 1170 4654 profundum
1217 4590 1561 4658 praecipitium
1607 4591 1798 4661 deiecit
1844 4594 1965 4649 illos
2005 4594 2196 4652 diaboli

628 4675 926 4729 consilium.
946 4676 1074 4731 Nam
1105 4687 1248 4732 tanta
1290 4681 1455 4750 gloria
1482 4682 1674 4736 dudum
1700 4684 2033 4751 circumdati,
2063 4704 2200 4743 nunc

633 4768 753 4821 folia
784 4768 916 4821 ﬁcus
942 4780 1224 4836 consuunt,
1257 4782 1310 4827 et
1336 4774 1433 4827 sibi
1465 4777 1809 4832 succinctoria
1838 4781 2054 4835 faciunt.
2093 4784 2203 4839 lloc

628 4858 902 4913 diabolica:
932 4860 1256 4929 deceptionis
1299 4865 1498 4920 lucrum
1543 4878 1661 4922 est:
1694 4870 1794 4925 hoc
1842 4875 2047 4929 consilii
2086 4876 2200 4945 ejus

630 4948 970 5013 machinatio,
1000 4960 1056 5004 ut
1085 4967 1188 5006 non
1218 4955 1390 5007 solum
1416 4957 1613 5025 majora
1644 4976 1747 5014 non
1776 4965 2076 5033 conferret,
2106 4968 2199 5022 sed

628 5047 680 5089 et
705 5038 976 5105 acquisitis
1002 5041 1261 5107 nudaret,
1302 5052 1355 5096 et
1377 5046 1655 5104 deSIitutos
1695 5052 1761 5103 ab
1788 5053 1848 5107 iis
1872 5070 1989 5123 qua}
2036 5056 2202 5112 habe-

636 5128 760 5179 bant
784 5128 1109 5184 ostenderet.
1140 5131 1317 5201 Itaque
1341 5136 1461 5203 quia
1496 5138 1598 5193 cibi
1634 5142 1844 5195 occasio
1884 5149 2198 5212 praevarica-

632 5218 825 5271 tionem
868 5218 1022 5285 fceit,
1056 5220 1251 5276 idcirco
1303 5224 1465 5293 inquit
1516 5230 1783 5297 Scriptura
1818 5252 1830 5283 ε
1860 5234 1923 5287 Et
1968 5240 2197 5293 comede-

633 5317 747 5359 runt
768 5348 782 5367 ,
817 5318 864 5361 et
892 5312 1051 5379 aperti
1072 5323 1187 5365 sunt
1218 5316 1347 5367 oculi
1376 5332 1546 5370 eorum
1573 5335 1590 5372 :
1620 5337 1722 5375 non
1753 5323 1819 5378 de
1862 5330 2200 5387 sensibilibns

632 5399 800 5452 oculis
844 5398 1042 5465 dicens,
1076 5403 1167 5458 sed
1214 5405 1284 5460 de
1331 5422 1489 5462 sensu
1536 5413 1746 5467 mentis.
1778 5415 1907 5471 Nam
1953 5424 2197 5489 quoniam

635 5488 878 5545 mandata
912 5497 1227 5561 transgressi
1253 5506 1396 5563 sunt,
1424 5500 1673 5556 Dominus
1697 5519 1789 5559 eos
1816 5510 2015 5565 sentire
2037 5514 2202 5568 voluit

696 5680 712 5710 ³
751 5686 821 5730 Sic
846 5682 1006 5733 .uorel.
1033 5686 1163 5747 Apud
1186 5689 1318 5738 sai-il.
1351 5699 1399 5740 et
1421 5698 1545 5751 Mss,
1582 5702 1711 5747 tanta
1734 5701 2100 5764 magniﬁcmdia.

1305 346 1364 401 S.
1399 340 1673 400 JOANNIS
1704 332 2175 396 CﬂliYSOSTUMI
2213 327 2533 388 ABCIIIEP.
2570 322 3100 383 COSSTANTINOP.

3742 302 3863 371 "Ii!

2284 456 2347 496 ea
2368 455 2486 510 qua:
2509 448 2633 494 ante
2649 437 2722 494 ob
2744 436 3068 507 singularem
3093 433 3237 490 illius
3265 433 3321 487 in
3344 445 3406 489 se
3427 428 3865 488 benevole-tina

2279 546 2384 586 non
2406 529 2727 585 sentiebant.
2751 527 2912 596 Igitur
2937 540 3058 581 eum
3087 522 3351 587 audieris,
3375 521 3553 593 Aponi
3577 529 3699 577 sunt
3722 519 3864 577 eali

2279 623 2483 676 illorum
2512 636 2531 673 :
2555 619 2657 675 hoc
2680 620 2875 689 cogita,
2897 619 3041 672 illum
3080 616 3323 671 etl‘eeisse
3344 624 3403 670 ut
3431 622 3615 687 postea
3640 612 3861 677 nudita-

2282 722 2386 767 tem
2430 712 2691 766 sentirent
2717 718 2768 764 et
2799 707 3150 779 privationem
3196 705 3380 776 glorize
3411 719 3516 774 qua
3550 711 3681 761 ante
3703 717 3864 760 εωω

2283 800 2610 855 fruebantur.
2637 798 2790 865 Quod
2831 807 3009 852 autem
3050 794 3164 850 haec
3192 796 3261 850 sit
3301 793 3592 863 Scriptum
3626 807 3863 849 consue-

2282 890 2429 957 tudo,
2460 888 2584 943 audi
2637 889 2783 942 illaut
2822 887 2949 941 alibi
2993 886 3259 941 dicentem
3294 903 3307 939 :
3337 900 3460 940 nam
3498 898 3619 940 cum
3666 884 3860 940 ancilla

2280 980 2455 1036 Sarra:
2479 978 2773 1035 dominium
2797 978 3004 1049 fugiens
3033 986 3255 1041 erraret,
3276 986 3330 1032 et
3350 976 3523 1045 posito
3543 975 3696 1045 juxta
3720 974 3863 1031 abie

2283 1079 2387 1125 tem
2410 1085 2593 1139 puero,
2617 1084 2647 1123 a
2678 1069 2835 1138 longe
2859 1068 3228 1125 consideraret
3271 1067 3414 1123 illius
3457 1078 3685 1122 mortem
3709 1108 3725 1133 ,
3774 1068 3861 1122 in-

2283 1161 2396 1230 quit
2428 1178 2440 1212 :
2473 1160 2682 1230 Aperuit
2731 1158 2867 1214 Deus
2910 1160 3084 1213 oculos
3129 1160 3267 1229 Agar
3306 1157 3457 1228 (Gen.
3484 1158 3573 1214 21.
3607 1159 3719 1230 19),
3754 1173 3863 1213 non

2279 1250 2423 1321 qttod
2462 1251 2689 1306 antehac
2735 1266 2840 1306 non
2888 1250 3099 1315 viderit,
3131 1251 3225 1305 sed
3262 1250 3404 1320 quod
3450 1259 3682 1305 utentem
3720 1252 3866 1305 illius

2284 1342 2546 1396 excitarit.
2584 1341 2745 1397 Vides
2790 1341 3044 1406 verbum,
3071 1342 3315 1411 Aperuit,
3366 1354 3472 1396 non
3516 1342 3583 1397 de
3608 1356 3868 1412 carpen-

2287 1433 2424 1488 libus
2452 1432 2623 1487 oculis
2651 1432 2778 1495 dici,
2808 1432 2901 1486 sed
2922 1430 2990 1485 de
3018 1446 3179 1486 sensu
3209 1431 3425 1486 mentali
3445 1431 3472 1486 ἲ

2354 1522 2463 1577 συν
2486 1524 2678 1593 lignum
2705 1522 2927 1576 scientiie
2945 1520 3236 1577 dicamn—
3263 1520 3492 1591 ldipsum
3517 1531 3573 1576 et
3598 1521 3670 1576 de
3694 1520 3865 1577 altera

2285 1614 2579 1681 quaestione
2639 1612 2973 1676 dixerimus,
3023 1624 3144 1681 quae
3200 1611 3323 1665 hinc
3370 1610 3632 1666 exoritur.
3674 1611 3869 1666 Dicunt

2286 1705 2426 1760 enim
2453 1722 2464 1757 :
2493 1704 2669 1772 Quare
2700 1704 2901 1773 lignum
2944 1702 3182 1758 scientia:
3222 1702 3346 1759 boni
3373 1714 3425 1759 et
3450 1705 3576 1759 mali
3602 1706 3868 1760 vocatur?

2286 1796 2420 1849 Sunt
2445 1795 2585 1850 enim
2614 1794 2935 1848 cuntcntiosi
2976 1793 3125 1847 multi
3149 1793 3238 1863 qui
3265 1793 3446 1849 dicere
3470 1794 3705 1861 audent,
3740 1804 3861 1864 post

2288 1900 2437 1941 esum
2463 1884 2589 1955 ligni
2618 1886 2893 1941 Scientiam
2931 1884 3180 1940 habuisse
3228 1884 3398 1940 Adam
3429 1886 3495 1940 ad
3538 1886 3858 1943 discernen-

2289 1976 2415 2030 dum
2463 1976 2660 2030 bonum
2712 1985 2767 2030 et
2800 1976 2999 2031 malum
3052 1994 3065 2028 :
3108 1976 3159 2030 id
3215 1978 3355 2046 quod
3411 1989 3674 2033 extrema:
3711 1980 3869 2035 fuerit

2288 2067 2561 2120 amentim.
2589 2065 2719 2120 Nam
2750 2075 2968 2135 propter
2996 2066 3098 2121 hoc
3124 2081 3284 2135 nuper
3322 2063 3869 2137 cumprteviderimus

2290 2154 2426 2219 lucc,
2454 2155 2521 2210 de
2565 2156 2826 2226 sapientia
2856 2156 3057 2210 homini
3098 2172 3130 2210 a
3162 2158 3271 2213 Deo
3300 2144 3509 2211 tradita
3538 2169 3645 2213 tam
3694 2161 3872 2216 multis

2292 2244 2635 2299 tractavimus
2656 2286 2670 2310 ,
2702 2244 2840 2299 hanc
2867 2244 3211 2303 ostendentes
3239 2262 3302 2299 ex
3332 2249 3606 2302 nominum
3651 2250 3869 2319 imposi-

2293 2335 2455 2401 tione,
2482 2351 2599 2405 quas
2628 2336 2752 2392 feris
2778 2338 3024 2391 omnibus
3069 2348 3123 2392 et
3149 2337 3455 2393 volucribus
3476 2341 3592 2394 czeli
3623 2351 3677 2395 et
3710 2342 3874 2397 brutis

2293 2426 2522 2492 indidit;
2554 2437 2607 2482 et
2638 2429 2778 2496 quod
2808 2444 2928 2482 cum
2957 2430 3055 2484 hac
3086 2430 3427 2485 inenarrabili
3460 2434 3726 2500 sapientia
3753 2450 3872 2504 prtia

2295 2518 2485 2591 phetim
2517 2520 2737 2589 gratiam
2779 2521 2936 2574 fuerit
2964 2531 3313 2590 assequutus,
3339 2530 3395 2575 ut
3423 2537 3489 2576 ne
3517 2523 3635 2591 quis
3668 2523 3770 2579 hoc
3800 2525 3874 2579 di-

2294 2626 2415 2664 cere
2440 2613 2596 2664 ausit.
2632 2610 2792 2678 lgitur
2820 2611 2909 2680 qui
2951 2613 3164 2666 nomina
3205 2614 3559 2666 animantibus
3602 2616 3875 2682 imposuit,

2295 2699 2493 2768 quique
2523 2709 2629 2754 tam
2657 2699 3021 2754 admirabilem
3044 2702 3370 2769 prOphctiam
3401 2704 3467 2757 de
3502 2705 3728 2758 muliere
3753 2721 3877 2775 pro.-

2298 2790 2589 2856 nuntiavit,
2648 2791 3096 2858 quemadmodqu
3146 2794 3254 2859 jam
3311 2793 3567 2858 dixinms,
3613 2798 3882 2865 quotnmlo

2295 2877 2564 2947 ignoraret
2591 2879 2714 2948 quid
2745 2879 2940 2933 bonum
2984 2880 3085 2953 sit,
3127 2891 3180 2934 et
3216 2882 3340 2950 quid
3388 2886 3626 2938 malum?
3654 2886 3811 2953 Quod
3838 2890 3881 2943 si

2298 2969 2655 3037 receperimus
2687 2967 2893 3036 (absit),
2921 2968 3113 3022 iterum
3146 2969 3505 3039 blasphemias
3544 2976 3598 3028 in
3624 2975 3881 3032 Condito.

2300 3071 2413 3111 rem
2446 3056 2847 3111 transferemus.
2893 3057 3024 3112 Nam
3065 3060 3329 3129 quomodo
3360 3074 3684 3135 prmceptum
3731 3068 3883 3124 daret

2298 3146 2596 3217 ignoranti.
2624 3150 3100 3217 transgressionem
3131 3164 3250 3205 esse
3281 3154 3473 3206 malum
3494 3156 3519 3206 ’Β
3551 3156 3747 3212 Verum
3777 3175 3884 3215 non

2300 3240 2370 3292 ita
2417 3248 2534 3305 est,
2569 3236 2707 3292 absit
2738 3257 2751 3292 :
2782 3239 2876 3294 sed
2925 3242 3080 3294 scivit
3123 3241 3287 3295 clare.
3331 3243 3618 3301 Enimvero
3668 3248 3771 3304 hac
3816 3251 3886 3307 de

2299 3342 2458 3381 causa
2487 3327 2682 3381 animal
2713 3330 2812 3383 hoc
2851 3330 2918 3383 ab
2952 3330 3103 3384 initio
3136 3330 3305 3386 libero
3343 3333 3563 3391 arbitrio
3602 3338 3888 3406 prmditum

2298 3432 2419 3473 esse
2456 3418 2637 3472 voluit.
2663 3420 2814 3485 Quod
2838 3421 2881 3473 si
2911 3435 3015 3473 non
3044 3420 3225 3476 fuisse!
3245 3464 3261 3487 ,
3296 3439 3470 3495 neque
3499 3442 3623 3483 cum
3662 3433 3891 3487 manda-

2301 3517 2411 3562 tum
2437 3508 2819 3576 prtcvaricatus
2841 3519 2943 3572 est,
2976 3511 3122 3564 illum
3153 3513 3356 3581 puniri,
3390 3530 3560 3585 nequc
3589 3518 3633 3574 si
3671 3535 3889 3578 servas-

2301 3609 2403 3666 set,
2436 3599 2638 3654 laudari
2663 3601 2963 3671 oportebat.
2995 3603 3147 3668 Quod
3171 3607 3311 3658 enim
3339 3604 3510 3664 factus
3534 3610 3604 3665 sit
3645 3615 3892 3670 mortalis

2303 3700 2518 3761 propter
2536 3692 3049 3760 praevaricationem,
3077 3703 3130 3748 et
3157 3711 3220 3749 ex
3249 3694 3350 3750 hoc
3372 3700 3640 3765 mandato,
3663 3713 3718 3757 et
3734 3718 3802 3758 ex
3828 3708 3891 3762 iis

2302 3800 2420 3854 qua:
2451 3796 2670 3857 sequuta
2700 3796 2842 3851 sunt,
2872 3787 3075 3841 clarum
3103 3798 3202 3843 cst.
3233 3789 3371 3844 Audi
3414 3795 3557 3847 enim
3604 3798 3892 3855 mulierem

2306 3877 2470 3943 ipsam
2515 3875 2816 3945 loquentem
2847 3879 3077 3948 serpenti
3110 3897 3121 3932 :
3154 3878 3228 3933 De
3256 3880 3426 3949 fructu
3452 3885 3595 3955 ligni,
3639 3890 3781 3956 quod
3818 3903 3894 3946 est

2304 3968 2358 4017 in
2390 3966 2551 4019 medio
2578 3970 2799 4036 paradisi
2820 4010 2836 4034 ,
2877 3970 3005 4023 dixit
3032 3968 3196 4034 Deus,
3234 3988 3296 4025 ne
3322 3975 3596 4030 comedetis
3620 3994 3681 4031 ex
3708 3994 3768 4033 eo
3790 4021 3807 4045 ,
3841 3993 3896 4034 ut

2306 4071 2404 4108 non
2426 4058 2730 4111 moriemini.
2762 4059 2940 4128 Itaque
2978 4070 3099 4115 ante
3129 4065 3614 4130 pra-varicatioucm
3662 4070 3895 4128 immor-

2309 4150 2441 4202 tales
2487 4159 2676 4213 crant;
2705 4151 2897 4220 alioqui
2937 4162 3055 4220 post
3087 4153 3264 4208 cibum
3320 4172 3423 4210 non
3477 4158 3723 4228 supplicii
3776 4163 3896 4219 loco

2307 4247 2532 4293 mortem
2561 4240 2916 4309 imposuisset.

2377 4329 2429 4383 6.
2472 4329 2635 4383 Adam
2674 4332 2929 4384 scientiam
2959 4334 3073 4387 boni
3102 4343 3149 4387 ct
3176 4337 3298 4389 ntali
3324 4352 3424 4391 non
3463 4356 3525 4393 ea:
3549 4356 3634 4395 ent
3679 4360 3718 4396 α
3755 4347 3896 4417 ligno

2306 4425 2514 4492 accepit.
2548 4448 2614 4463 ε-
2634 4423 2764 4489 Quis
2791 4439 2918 4493 ergo
2943 4424 3078 4479 ferat
3099 4441 3193 4481 eos
3216 4430 3304 4497 qui
3326 4430 3503 4485 dicere
3533 4431 3761 4500 audent,
3798 4438 3895 4493 ho-

2308 4516 2503 4569 minem
2552 4525 2669 4584 post
2720 4530 2870 4569 esum
2913 4514 2981 4571 de
3018 4518 3164 4586 ligno
3212 4522 3558 4589 acquisivisse
3607 4526 3895 4584 scientiam

2308 4606 2432 4661 boni
2461 4616 2514 4660 et
2540 4607 2685 4669 mali,
2718 4606 2807 4677 qui
2837 4616 2892 4661 ct
2921 4617 3041 4663 ante
3061 4625 3210 4663 esum
3243 4622 3385 4667 tanta
3412 4617 3669 4686 sapientia
3694 4621 3895 4687 plenus

2309 4704 2441 4759 erat,
2474 4705 2673 4749 etcum
2711 4697 2933 4749 scientia
2971 4699 3129 4753 etiam
3166 4702 3475 4771 prophetica
3501 4709 3670 4776 gratia
3701 4711 3897 4779 digna-

2312 4794 2395 4839 tus
2420 4789 2544 4841 est?
2574 4788 2639 4841 Et
2669 4788 2939 4857 quomodo
2969 4789 3068 4844 hoc
3115 4793 3308 4849 rationi
3360 4811 3651 4853 consonum
3699 4814 3857 4859 esset
3877 4842 3893 4868 ,

2309 4891 2498 4947 capras
2522 4881 2735 4947 quidem
2782 4888 2836 4934 et
2881 4895 3008 4936 oves
3036 4886 3383 4955 onmiumque
3424 4890 3696 4945 brutornm
3732 4908 3891 4950 natu-

2311 4983 2423 5023 ram
2452 4971 2587 5025 scire
2608 5013 2623 5036 ,
2653 4987 2772 5040 qua:
2803 4971 2965 5026 herba
2995 4974 3063 5027 sit
3092 4976 3368 5044 salutaris,
3403 4989 3456 5033 et
3481 4981 3598 5035 cibo
3627 4983 3780 5038 utilis
3802 5029 3816 5052 ,
3843 4998 3894 5042 et

2311 5074 2427 5129 quce
2458 5062 2776 5130 perniciosa,
2803 5074 2859 5116 ut
2888 5064 3032 5117 illam
3059 5066 3231 5130 adeat,
3255 5067 3391 5122 hanc
3414 5071 3651 5127 studiose
3682 5074 3852 5146 fugiat
3876 5099 3888 5131 :

2312 5159 2367 5205 et
2392 5152 2682 5219 hominem,
2717 5154 2979 5208 rationale
3016 5157 3209 5209 animal
3234 5198 3248 5222 ,
3281 5161 3491 5217 nescire
3516 5164 3639 5232 quid
3685 5164 3890 5222 bonum

2313 5242 2515 5312 etquid
2546 5245 2741 5298 malum
2766 5246 2787 5295 ?
2812 5244 2918 5299 Sed
2959 5260 3119 5315 ecce,
3153 5249 3341 5318 inquit.
3384 5252 3651 5323 Scriptura
3685 5270 3889 5327 ngnum

2312 5332 2416 5388 hoc
2445 5346 2598 5390 vocat
2644 5337 2846 5406 lignum
2880 5337 3117 5392 scientia:
3148 5340 3271 5395 boni
3305 5354 3356 5395 et
3389 5346 3534 5399 mali.
3582 5347 3767 5419 Neque
3810 5368 3891 5406 me

2316 5428 2415 5480 hoc
2448 5428 2576 5483 latet
2608 5446 2621 5481 :
2651 5430 2742 5484 scd
2772 5431 2818 5483 si
2850 5430 3200 5500 proprietates
3240 5434 3434 5489 divinae
3472 5438 3767 5508 Scriptura-
3808 5444 3887 5495 di-

2314 5534 2463 5574 scere
2490 5520 2716 5575 volueris
2739 5564 2749 5585 ,
2776 5521 2913 5575 scies
2934 5538 3099 5593 quare
3124 5524 3223 5579 hoc
3251 5542 3442 5581 nomen
3468 5529 3591 5585 huic
3619 5531 3766 5601 ligno
3797 5535 3887 5586 tri-

2312 5611 2444 5665 buit.
2472 5610 2585 5665 Non
2608 5614 2746 5665 enim
2779 5614 2918 5683 quod
2967 5614 3164 5667 homini
3215 5618 3488 5672 scientiam
3532 5621 3741 5677 dederit
3772 5666 3782 5676 .
3815 5626 3888 5675 sic

2315 5710 2557 5757 vocatum
2585 5712 2698 5757 est:
2730 5704 2819 5758 scd
2842 5706 2961 5775 quia
2989 5720 3081 5775 per
3111 5706 3237 5762 illud
3270 5707 3402 5762 facta
3427 5722 3507 5764 est
3538 5722 3886 5785 transgressio
