4068 6428
318 365 420 420 εδδ

307 477 577 542 rundati,
606 488 660 533 et
703 495 764 532 es
812 477 900 530 illo
942 487 1122 536 postea
1161 472 1377 530 intravit
1414 472 1616 543 peccati
1658 472 1893 541 cognitio

305 583 468 634 atque
495 568 688 637 pudor,
721 577 1000 636 propterea
1029 568 1106 622 sic
1129 566 1453 637 appellatum
1482 573 1584 620 est.
1609 565 1721 618 illos
1751 567 1890 617 enim

302 658 502 712 divina:
543 658 831 727 Scriptura:
859 666 959 721 est,
986 672 1014 710 a
1063 657 1225 712 rebus
1268 657 1631 711 accidentibus
1679 671 1890 708 nonnna

301 749 436 803 locis
468 750 764 818 imponere,
795 748 884 806 ubi
932 763 1018 803 res
1068 749 1404 817 contingunt.
1449 747 1632 816 anue
1674 756 1888 815 prnpte.

301 840 502 908 lignum
544 840 643 892 hoc
675 824 891 894 vocavit
915 839 1185 908 Scriptura
1220 839 1394 893 divina
1417 838 1618 908 ligmtm
1648 838 1888 891 scientize

299 930 424 982 boui
474 937 528 982 et
557 928 702 993 mali,
725 929 845 998 quia
882 930 1021 983 circa
1063 929 1187 982 illud
1236 929 1590 999 transgressio
1619 937 1672 982 et
1698 928 1888 980 obser-

297 1023 443 1074 vatio
479 1021 712 1075 mandati
744 1030 877 1074 erat.
911 1020 1178 1090 Benignus
1203 1023 1344 1076 enim
1389 1021 1645 1074 Dominus
1671 1028 1701 1072 a'
1736 1018 1885 1086 prin-

293 1110 439 1178 cipio
466 1110 663 1164 docere
693 1111 875 1163 volens
909 1108 1179 1166 hominem
1201 1153 1216 1176 ,
1245 1109 1579 1165 conditorem
1611 1117 1664 1164 et
1712 1108 1882 1162 facto—

292 1215 408 1252 rem
455 1216 610 1254 sunm
654 1216 773 1256 esse
817 1202 1103 1257 visibilium
1153 1202 1390 1255 omnium
1443 1200 1698 1272 Opilicem
1726 1243 1741 1265 ,
1793 1201 1881 1268 qui

291 1291 468 1359 ipsum
495 1290 776 1358 formavit,
807 1309 900 1362 per
927 1309 1145 1362 parvum
1180 1292 1320 1346 istud
1363 1293 1670 1348 mandatum
1702 1302 1882 1345 osten-

290 1381 421 1436 dere
445 1384 609 1436 voluit
637 1398 695 1438 se
723 1385 995 1438 dominum
1020 1400 1140 1439 esse
1163 1403 1175 1448 ;
1198 1396 1253 1440 et
1278 1387 1427 1454 quasi
1456 1387 1687 1440 liberalis
1708 1385 1879 1439 domi-

289 1487 392 1524 nus
418 1512 432 1536 ,
474 1487 720 1542 magnam
753 1482 807 1528 et
831 1474 1200 1528 admirabilem
1224 1476 1506 1541 quamdam
1533 1474 1750 1528 domum
1781 1476 1879 1528 ali-

284 1562 443 1630 cujus
470 1564 587 1616 usui
615 1563 821 1617 donans
842 1605 856 1628 ,
888 1573 941 1618 et
972 1579 1077 1616 non
1108 1573 1273 1618 totum
1320 1564 1544 1632 pretium
1567 1606 1580 1628 ,
1633 1563 1728 1617 sed
1781 1564 1878 1616 ali-

280 1652 599 1721 quantulam
630 1653 746 1721 ejus
774 1664 977 1722 partem
1008 1654 1250 1721 accipere
1288 1655 1396 1706 vult
1416 1694 1430 1718 ,
1465 1664 1518 1706 ut
1545 1653 1764 1707 dominii
1790 1653 1876 1720 jus

279 1741 490 1794 salvum
521 1742 619 1796 sibi
649 1753 897 1807 maneat,
928 1752 981 1796 ct
1011 1743 1096 1797 ille
1123 1745 1332 1798 interim
1357 1743 1510 1808 sciat,
1530 1759 1590 1797 se
1616 1757 1719 1796 non
1747 1744 1876 1797 aedi-

281 1831 387 1884 tieii
416 1833 431 1863 ¹
466 1832 739 1886 dominum
767 1849 918 1898 esse,
961 1833 1054 1889 sed
1089 1836 1257 1903 gratia
1291 1845 1343 1889 et
1376 1834 1724 1890 beneﬁcentia
1768 1835 1871 1888 do-

277 1920 410 1972 mini
460 1919 553 1974 illo
597 1920 698 1976 frui
729 1939 744 1976 :
772 1923 852 1978 sic
903 1924 1084 1992 utique
1119 1935 1174 1977 et
1205 1925 1463 1978 Dominus
1504 1935 1718 1991 noster,
1749 1941 1870 1979 cum

276 2009 508 2064 visibilia
539 2011 656 2067 ha'c
685 2013 861 2065 omnia
893 2012 1094 2067 homini
1125 2014 1483 2079 concederet,
1508 2024 1560 2068 et
1591 2024 1872 2082 pra-staret

281 2101 361 2154 illi
395 2112 451 2154 ut
483 2114 788 2158 versaretur
832 2105 884 2157 in
915 2106 1161 2174 paradiso
1181 2146 1195 2166 ,
1226 2115 1280 2160 et
1323 2106 1591 2160 frueretur
1621 2106 1870 2160 omnibus

275 2208 402 2260 qua:
442 2192 494 2246 in
526 2193 615 2246 illo
663 2205 852 2262 erant,
883 2205 940 2248 ut
983 2211 1049 2250 ne
1082 2197 1338 2265 paulatim
1392 2197 1641 2252 seductus
1689 2198 1868 2251 animo

279 2288 495 2345 putaret
541 2298 650 2349 res,
696 2299 815 2351 qua:
865 2285 964 2338 sub
1013 2297 1287 2356 aspectum
1341 2287 1556 2352 eadunt,
1599 2298 1866 2342 automata

270 2384 415 2434 esse,
442 2369 614 2439 deque
665 2387 760 2425 sua
797 2373 1054 2441 dignitate
1081 2376 1244 2429 altius
1284 2376 1555 2444 quidpiam
1601 2379 1863 2439 sentiret,

265 2454 428 2514 iussit
455 2460 522 2513 ab
549 2477 653 2513 uno
673 2462 817 2530 ligno
842 2463 1134 2529 abstinere,
1161 2481 1349 2535 magna
1376 2465 1590 2520 definita
1623 2481 1801 2535 patria,
1821 2467 1863 2519 si

273 2549 380 2603 hoc
411 2552 892 2621 trausgrederetur,
922 2565 981 2609 ut
1029 2557 1168 2610 scire
1220 2568 1436 2625 posset,
1480 2573 1538 2612 se
1585 2558 1861 2611 dominum

269 2637 506 2704 habere,
537 2641 689 2710 cujus
719 2643 1036 2700 liberalitate
1079 2648 1240 2700 etiam
1285 2649 1494 2702 caeteris
1523 2649 1685 2704 rebus
1714 2647 1860 2702 frue-

268 2739 440 2784 retur.
473 2729 670 2786 Verum
701 2735 825 2804 quia
855 2737 1081 2790 multum
1130 2739 1526 2793 incensidcratc
1568 2754 1627 2793 se
1667 2753 1860 2808 gerens

266 2837 373 2874 una
395 2837 516 2877 cum
544 2840 711 2880 uxore
742 2827 792 2880 in
817 2835 1014 2881 tantam
1044 2829 1252 2884 ruinam
1277 2831 1530 2897 concidit,
1550 2832 1690 2901 quod
1720 2848 1858 2900 pra:-

263 2923 482 2980 ceptnm
518 2924 880 2984 transgressus
901 2927 1065 2984 esset,
1090 2926 1143 2971 et
1165 2920 1232 2973 de
1260 2921 1404 2988 ligno
1429 2930 1715 2990 gustasset,
1738 2921 1858 2974 ideo

264 3000 472 3070 lignum
501 3002 671 3070 ipsum
705 3006 943 3058 scientiae
987 3007 1107 3060 boni
1139 3015 1195 3061 ct
1224 3009 1346 3060 mali
1379 3009 1691 3061 neminavit.
1740 3008 1855 3061 Non

265 3090 410 3160 quod
440 3102 597 3146 antea
637 3093 967 3161 ignoraverit
1002 3095 1200 3148 bonum
1241 3105 1296 3148 et
1332 3097 1535 3149 malum
1570 3113 1584 3149 :
1617 3111 1740 3150 nam
1779 3097 1857 3152 sic

263 3194 372 3233 non
408 3180 688 3250 ignoravit,
713 3193 770 3235 ut
791 3184 1024 3251 serpenti
1049 3185 1242 3237 mulier
1263 3185 1458 3240 dixerit
1484 3203 1498 3237 :
1530 3184 1672 3239 Dixit
1697 3185 1852 3251 Deus,

263 3267 350 3322 Ne
390 3268 660 3323 contedatis
697 3287 759 3323 c.7-
800 3271 925 3337 itlo,
972 3288 1034 3325 ne
1082 3275 1403 3339 moriemini;
1429 3274 1605 3343 itaque
1652 3276 1856 3330 sciebat

259 3369 493 3414 mortem
518 3375 728 3429 pmnam
756 3376 894 3425 esse,
915 3365 958 3417 si
983 3365 1290 3418 mandatum
1311 3365 1850 3434 transgrederentur:

260 3449 358 3503 sed
389 3450 513 3517 quia
539 3459 658 3517 post
689 3450 846 3519 hujus
874 3467 1026 3506 esum
1058 3463 1112 3506 et
1142 3469 1373 3523 superna
1401 3457 1568 3524 gloria
1595 3458 1806 3525 spoliati
1833 3500 1848 3523 ,

261 3549 320 3592 et
344 3540 652 3594 scnsibilem
687 3541 1030 3597 nudationem
1065 3547 1269 3613 experti
1302 3560 1425 3600 sunt
1457 3550 1503 3613 ³,
1534 3548 1653 3602 ideo
1684 3565 1814 3602 voca
1834 3580 1848 3591 -

259 3629 342 3682 vit
379 3629 578 3698 lignum
626 3633 866 3686 scientiae
899 3635 1020 3688 boui
1074 3645 1126 3688 et
1169 3638 1292 3689 mali
1330 3648 1482 3692 :crat
1529 3626 1688 3692 enim.
1707 3641 1847 3694 circa

260 3720 388 3774 illttd
419 3721 571 3791 quasi
602 3725 844 3791 qntedam
879 3727 1197 3781 obctlivntitc
1224 3731 1557 3784 exercitatio.

334 3810 551 3864 Moralis
572 3815 872 3868 exhortatio.
899 3846 963 3856 ——
985 3819 1250 3873 Didiristis
1278 3838 1442 3889 quare
1468 3823 1600 3877 dixit
1632 3840 1645 3877 :
1676 3825 1849 3892 Aperti

256 3911 373 3952 sunt
402 3902 536 3954 oculi
564 3903 786 3971 illorum,
806 3916 850 3958 et
868 3921 1201 3977 cognoverunt
1225 3913 1362 3980 quod
1389 3915 1516 3966 nudi
1537 3917 1722 3968 erant?
1744 3917 1846 3971 Co-

254 3991 518 4055 guovistis
564 4009 729 4060 quare
781 3995 981 4065 lignum
1011 3997 1130 4055 .hoc
1179 4002 1418 4056 scientite
1463 4005 1584 4059 boni
1628 4017 1683 4060 et
1720 4009 1844 4062 mali

255 4080 716 4151 Vocetur?Cogita
746 4085 887 4137 enim
916 4097 1114 4154 quanto
1141 4089 1340 4156 pudore
1369 4092 1546 4146 allecti
1570 4103 1696 4147 sunt
1726 4107 1845 4164 post

257 4169 419 4237 hujus
471 4187 658 4238 esum,
711 4190 830 4237 cum
882 4181 1198 4247 transgressi
1248 4181 1472 4237 fuissent
1518 4182 1842 4255 prteceptum

257 4263 468 4315 llomini
502 4263 850 4320 :Consnerunt
873 4270 1014 4323 enim
1043 4273 1168 4342 folia
1211 4274 1371 4340 ﬁcus,
1403 4285 1450 4328 et
1489 4281 1712 4346 fecerunt
1751 4281 1844 4334 sibi

249 4353 605 4407 succinctoria.
645 4356 775 4411 Vide
801 4373 829 4411 a
860 4372 1055 4428 quanta
1086 4363 1254 4431 gloria
1288 4365 1339 4418 iu
1370 4375 1622 4430 quantam
1667 4370 1843 4423 vilita-

254 4451 366 4496 tem
409 4441 620 4498 deducti
651 4447 776 4501 sint.
806 4448 908 4513 Qui
941 4463 1098 4506 antea
1140 4456 1292 4520 quasi
1335 4465 1618 4513 terrestres
1665 4462 1840 4529 angeli

254 4531 530 4595 vivebant,
563 4546 770 4605 tegmen
812 4541 912 4594 sibi
960 4557 1025 4596 ex
1074 4542 1218 4602 foliis
1247 4551 1570 4613 excogitant.
1612 4551 1838 4608 Tantum

251 4623 455 4676 malum
484 4636 564 4680 est
590 4640 883 4694 peccaturo.
918 4633 1030 4687 Non
1059 4637 1231 4690 solum
1263 4641 1403 4692 enim
1431 4657 1527 4695 nos
1550 4656 1578 4693 a
1607 4661 1837 4712 superna

251 4713 620 4768 benevolentia
648 4719 852 4772 alienos
878 4722 997 4775 facit
1020 4766 1033 4789 ,
1068 4726 1161 4779 sed
1198 4738 1252 4781 et
1283 4730 1350 4782 ad
1393 4733 1614 4786 multum
1665 4735 1838 4802 pudo-

249 4819 368 4858 rem
397 4816 450 4858 et
476 4806 730 4861 vilitatem
779 4810 1035 4866 deducit:
1076 4827 1128 4868 et
1179 4832 1299 4870 etim
1328 4836 1425 4874 nos
1469 4824 1639 4889 privat
1683 4826 1836 4880 bonis

247 4985 367 5037 fert.
400 4984 506 5038 Sed
529 5002 595 5040 ne
620 5002 830 5042 sursum
856 4991 1213 5064 deorsumque
1252 5002 1503 5056 rersando
1535 5017 1711 5073 peccat
1723 5024 1830 5073 um,

246 5071 392 5140 quod
424 5088 518 5141 per
545 5090 694 5130 csum
743 5078 869 5149 ligni
905 5091 958 5135 et
987 5084 1397 5144 inobedieutiam
1430 5071 1700 5150 hominem
1741 5071 1834 5152 de;

242 5162 394 5230 jecit,
428 5163 719 5220 luctuosior
764 5170 954 5224 evadat
1005 5177 1179 5226 oratio
1208 5198 1221 5231 :
1253 5195 1368 5247 age,
1401 5183 1444 5235 si
1489 5181 1716 5251 'placet,
1767 5190 1834 5242 ab

248 5249 354 5305 hoc
388 5253 530 5323 ligno
558 5255 624 5308 ad
654 5258 817 5319 aliud,
853 5277 1043 5330 nempe
1072 5265 1137 5319 ad
1172 5267 1368 5336 lignum
1398 5276 1598 5338 crucis,
1628 5292 1832 5330 sermn-

247 5359 370 5396 nem
403 5353 692 5410 vertamus,
713 5358 766 5402 et
795 5352 1070 5407 videamus
1092 5372 1335 5424 quamam
1367 5364 1500 5416 mala
1533 5366 1659 5420 illud
1695 5368 1832 5420 intu-

243 5431 326 5489 lit.
352 5443 407 5486 et
450 5451 566 5502 qua:
606 5437 742 5491 bona
792 5441 928 5496 istud
973 5447 1309 5514 conciliavit;
1340 5452 1445 5506 imo
1496 5471 1600 5510 non
1625 5459 1827 5527 lignum

311 5567 328 5635 ξ
365 5576 542 5618 (tumes
566 5571 668 5621 fere
687 5575 884 5635 habent,
911 5582 1180 5632 errationis.

271 5631 490 5708 “ignes
503 5639 606 5708 ttss.
637 5635 824 5708 legunt,
851 5631 1008 5702 gratia
1030 5651 1075 5694 et
1097 5631 1253 5707 gloria
1275 5649 1461 5702 sootiati
1484 5667 1534 5704 se
1560 5669 1694 5706 nosse
1717 5673 1824 5708 seu»

236 5687 442 5740 sibiiiter
465 5687 721 5754 carpet-ani.

1355 359 1417 415 ΙΝ
1456 359 1606 416 CAP.
1650 359 1736 414 Ill.
1776 353 2018 412 GENES.
2060 354 2290 411 llOMlL.
2335 358 2492 414 XVII.
3502 373 3593 426 154

2007 468 2182 520 attulit
2203 471 2358 532 iiiala,
2390 471 2483 525 sed
2515 473 2758 527 voluntas
2783 475 2984 543 segnis,
3015 485 3069 530 et
3093 486 3430 548 contemptus
3459 496 3596 548 prte-

2003 561 2168 626 cepti.
2221 559 2445 628 Lignum
2493 563 2618 617 illud
2662 575 2888 618 mortem
2936 566 3226 622 introduxit
3263 585 3429 622 :nam
3476 586 3594 640 post

2005 652 2497 716 pncvarieatinnem
2529 671 2674 710 mors
2706 656 2954 724 intravit,
2985 658 3082 712 sed
3105 658 3243 713 istud
3275 661 3591 716 immortali-

2002 751 2160 796 tatem
2194 742 2440 813 largitnm
2486 755 2601 809 est;
2635 747 2763 802 illud
2807 763 2838 802 e
2878 751 3122 819 paradiso
3149 751 3340 820 ejecit,
3371 754 3512 808 istud
3543 756 3594 807 in

1996 832 2156 884 czclos
2183 848 2280 886 nos
2311 833 2562 898 reduxit;
2595 836 2720 890 illud
2754 849 2971 906 propter
3015 855 3171 893 unam
3216 846 3595 913 transgressio-

1995 934 2116 972 nem
2145 922 2274 974 tanti
2294 923 2540 992 supplicii
2564 940 2710 979 reum
2731 927 2898 981 Adam
2924 928 3210 994 lecit,istud
3233 947 3330 986 nos
3347 933 3590 1000 plurimis

1997 1020 2332 1077 peccatorum
2376 1015 2601 1068 sarcinis
2628 1019 2965 1080 exoneravit,
2998 1019 3354 1090 fiduciamque
3383 1022 3449 1076 ad
3482 1024 3554 1078 Do
3575 1055 3589 1066 ο

1993 1099 2194 1154 minutn
2225 1102 2378 1156 nobis
2407 1107 2922 1162 concessit.\’idistis
2946 1108 3072 1178 ligni
3102 1118 3157 1164 et
3183 1111 3308 1180 ligni
3338 1113 3587 1167 differen-

1991 1190 2158 1243 tiam?
2188 1191 2394 1246 vidistis
2437 1193 2634 1249 diaboli
2679 1197 3102 1266 malignitatem,
3134 1199 3366 1256 hominis
3405 1217 3564 1272 pecca

1991 1288 2099 1332 tum
2121 1322 2136 1344 ,
2159 1291 2214 1335 et
2245 1282 2456 1337 Domini
2485 1285 2908 1341 misericordiam
2931 1287 2955 1340 ‘l
2984 1290 3271 1344 Armemus
3291 1292 3471 1361 itaque
3491 1307 3588 1347 nos

1989 1369 2154 1438 ipsos,
2186 1371 2433 1440 obsecro,
2456 1375 2750 1442 carissimi,
2781 1379 2946 1432 armis
2991 1379 3118 1450 ligni
3157 1380 3316 1450 hujus
3363 1383 3578 1450 vivifici,

1986 1460 2258 1531 ipsiusque
2281 1465 2477 1518 virtute
2497 1467 2828 1536 perniciosos
2847 1471 3027 1524 animo
3048 1471 3274 1527 allectus
3295 1475 3583 1528 mortilicc—

1984 1563 2139 1613 mus;
2167 1552 2241 1604 uti
2269 1561 2323 1606 et
2360 1555 2635 1622 apostolus
2666 1556 2861 1613 Paulus
2887 1558 2970 1613 his
3001 1561 3181 1616 verbis
3213 1574 3395 1619 monet
3427 1583 3440 1618 :
3477 1566 3576 1633 Qui

1982 1653 2096 1692 vero
2129 1650 2244 1694 sunt
2273 1641 2480 1710 Christi,
2509 1661 2711 1700 carnem
2758 1650 3119 1718 cruci/iurant
3159 1668 3274 1706 cum
3321 1653 3583 1721 a/I'ectibtts

1980 1737 2028 1780 et
2053 1731 2470 1800 concupiscentiis
2501 1733 2642 1805 (Gal.
2671 1737 2725 1791 5.
2754 1737 2878 1806 24).
2909 1739 3060 1808 Quod
3099 1751 3278 1797 autem
3314 1743 3473 1810 dicit,
3499 1757 3580 1802 est

1979 1820 2318 1890 hujusntodi:
2351 1824 2450 1890 Qui
2494 1838 2553 1880 se
2586 1835 2723 1882 totos
2764 1828 2978 1884 Christo
3021 1831 3358 1898 dedicarunt,
3387 1836 3577 1891 absur-

1977 1910 2100 1964 dam
2142 1927 2360 1967 onmem
2388 1919 2875 1984 concupiscentiam
2923 1922 3313 1977 mortilicarunt
3340 1924 3390 1978 in
3418 1941 3579 1979 carne

1975 2004 2269 2067 suborltam,
2292 2015 2347 2058 ut
2373 2022 2560 2062 omnes
2581 2009 2744 2062 animi
2772 2024 3078 2080 corrumpat
3103 2015 3577 2082 operationeleos

1974 2095 2135 2163 igitur
2182 2106 2237 2148 et
2290 2110 2386 2150 nos
2431 2098 2739 2164 imitantes,
2775 2103 3013 2155 membra
3062 2114 3240 2158 nostra
3271 2105 3338 2158 ad
3372 2106 3564 2160 bellum

1975 2183 2302 2237 instruamus
2330 2185 2588 2242 adversus
2620 2191 2958 2258 tyrannidem
2990 2207 3054 2245 ex
3088 2191 3348 2250 diabolica
3379 2211 3573 2265 opera-

1976 2275 2119 2326 tione
2145 2273 2197 2326 in
2224 2288 2321 2327 nos
2360 2275 2723 2346 insurgentem
2746 2319 2760 2343 ,
2791 2287 2848 2332 ut
2876 2289 2932 2334 et
2959 2281 3010 2334 iu
3044 2284 3294 2350 prmscuti
3325 2286 3427 2338 vita
3461 2294 3572 2340 tur-

1973 2362 2248 2418 bulentum
2279 2365 2380 2420 hoc
2399 2376 2454 2421 et
2481 2368 2840 2436 periculosum
2871 2387 3018 2426 mare
3047 2373 3310 2442 intrepide
3341 2375 3571 2443 trajicia-

1971 2449 2111 2518 inus,
2139 2463 2192 2507 et
2213 2455 2278 2508 ad
2311 2455 2505 2510 divinae
2532 2455 2871 2527 benignitatis
2898 2463 3216 2530 tranquillos
3237 2474 3422 2534 portus
3450 2480 3570 2534 pcr-

1973 2547 2267 2611 vcnientes,
2302 2547 2442 2601 bona
2475 2549 2640 2602 Deum
2664 2550 3007 2619 diligentibus
3032 2555 3292 2623 promissa
3314 2560 3569 2627 consequi

1970 2637 2240 2690 valeamus
2263 2679 2280 2703 ,
2309 2638 2362 2692 in
2393 2638 2606 2694 Christo
2634 2639 2760 2694 Jesu
2789 2642 3015 2697 Domino
3045 2654 3230 2698 nostro
3251 2687 3266 2711 ,
3293 2647 3378 2700 cui
3399 2647 3568 2715 gloria

1968 2742 2089 2782 cum
2122 2728 2277 2783 Patre
2303 2738 2358 2784 et
2399 2739 2588 2784 sancto
2614 2731 2814 2799 Spiritu
2843 2775 2857 2797 ,
2887 2750 3026 2789 nunc
3061 2745 3115 2790 et
3153 2750 3401 2806 semper,
3429 2747 3481 2794 et
3513 2739 3567 2793 in

1966 2817 2161 2872 macula
2194 2821 2534 2876 sarculorum.
2567 2823 2758 2878 Amen.

2521 2952 2795 3008 HOMILIA
2841 2955 3004 3009 XVII.

2036 3059 2103 3114 Et
2133 3062 2431 3116 audiverunt
2476 3080 2646 3118 vocent
2688 3066 2896 3121 Domini
2943 3067 3041 3122 Dei
3083 3070 3453 3128 deambulanti:
3504 3077 3559 3129 in

2225 3155 2463 3223 paradiso
2491 3157 2542 3209 in
2571 3158 2778 3211 meridie
2807 3159 2880 3228 (α)
2915 3157 2935 3230 (
2957 3157 3084 3213 Gen.
3111 3161 3163 3216 5.
3191 3162 3223 3217 8
3251 3163 3292 3232 ).

2034 3264 2082 3316 l.
2114 3262 2256 3317 Satis
2278 3305 2291 3328 ,
2323 3267 2542 3334 opinor,
2573 3282 2669 3335 pro
2696 3275 2884 3322 nostra
2910 3270 3048 3323 virili
3077 3287 3247 3341 nuper
3278 3272 3452 3328 locum
3491 3275 3561 3330 de

1957 3351 2104 3421 ligno
2130 3349 2459 3422 interpretati
2487 3369 2692 3419 sumus,
2721 3356 2979 3414 docentes
2997 3361 3272 3415 caritatem
3298 3371 3550 3428 vestram,

1956 3455 2125 3508 quare
2151 3440 2329 3495 divina
2357 3443 2629 3511 Scriptura
2660 3445 2858 3514 lignum
2888 3450 3247 3518 cognoscendi
3277 3451 3476 3506 bonum
3503 3463 3556 3509 et

1956 3531 2154 3586 malum
2195 3533 2367 3602 ipsum
2407 3537 2648 3591 vocarit:
2677 3538 2902 3605 proinde
2945 3538 3104 3594 hodie
3146 3542 3355 3596 animus
3380 3546 3556 3599 estad

1954 3626 2230 3691 sequentia
2265 3641 2486 3696 pergere
2508 3668 2522 3691 ,
2557 3636 2616 3681 ut
2655 3628 2874 3683 discatis
2916 3629 3237 3686 inell‘abilem
3267 3633 3362 3688 Dei
3399 3635 3553 3691 beni-

1952 3716 2233 3781 gnitatem,
2258 3724 2312 3771 et
2339 3727 2534 3787 quanta
2560 3720 2826 3776 sermonis
2855 3724 3301 3792 attemperatinne
3324 3741 3455 3782 usus
3481 3730 3552 3784 sit

1955 3815 2155 3862 nostra:
2187 3818 2393 3863 natura:
2415 3811 2803 3877 providentiam
2831 3822 2884 3866 et
2906 3828 3088 3868 curam
3117 3815 3338 3871 habens.
3363 3817 3552 3875 Omnia

1952 3897 2094 3950 enim
2127 3897 2250 3952 fecit
2288 3909 2343 3952 et
2364 3909 2617 3968 operatus
2639 3911 2723 3956 est
2744 3943 2758 3967 ,
2788 3913 2847 3956 ut
2877 3905 3139 3961 rationale
3164 3907 3264 3963 hoc
3295 3908 3491 3964 animal
3517 3925 3549 3966 a

1950 3999 2009 4040 se
2033 3987 2328 4051 conditum,
2362 3990 2412 4044 in
2436 3991 2579 4044 omni
2610 3991 2812 4046 humore
2838 4003 3016 4058 esset,
3049 4005 3104 4050 et
3133 3997 3184 4050 in
3213 3998 3360 4052 nullo
3387 4013 3550 4070 ange-

1952 4075 2125 4130 lorum
2157 4079 2264 4132 vita
2295 4079 2534 4153 deterius
2563 4082 2699 4137 foret
2724 4125 2738 4148 ,
2767 4085 2859 4138 sed
2887 4095 2940 4140 et
2980 4087 3031 4140 in
3072 4102 3299 4157 corpore
3329 4090 3543 4147 illorum

1949 4169 2250 4235 possideret
2289 4171 2790 4243 impassibilitatem.
2823 4176 3087 4232 C:eterum
3118 4189 3174 4234 ut
3213 4181 3344 4235 vidit
3370 4193 3546 4239 utros-

1949 4269 2051 4323 quc
2080 4259 2348 4324 peccando
2393 4269 2753 4332 transgressos
2784 4279 2879 4332 per
2908 4267 3282 4336 negligentiam
3316 4285 3379 4325 ea
3425 4287 3548 4341 qua

1948 4359 1976 4396 a
1999 4359 2056 4398 se
2078 4355 2340 4417 praecepta
2360 4359 2533 4414 erant,
2548 4351 2716 4420 idque
2739 4363 3016 4423 postquam
3041 4357 3199 4412 minis
3220 4374 3314 4414 eos
3336 4375 3547 4430 repres-

1949 4446 2110 4500 serat,
2141 4445 2199 4490 ut
2229 4439 2457 4493 tutiores
2488 4441 2757 4506 redderet,
2794 4459 2860 4497 ne
2891 4445 2970 4499 sic
2997 4447 3210 4515 quidem
3242 4464 3270 4502 a
3301 4449 3542 4520 benigni-

1947 4532 2053 4578 tate
2077 4541 2170 4579 sua
2193 4538 2387 4593 cessat,
2417 4530 2508 4583 sed
2529 4545 2741 4599 semper
2761 4533 2839 4587 sui
2863 4535 3071 4602 similis,
3093 4539 3540 4606 quemadmodum

1945 4615 2396 4672 clementissimus
2422 4629 2575 4688 pater
2602 4621 2765 4675 tilium
2799 4623 3074 4694 indignant
3101 4628 3224 4696 quid
3266 4630 3542 4687 nobilitate

1947 4720 2042 4758 sua
2075 4721 2170 4773 per
2192 4709 2564 4778 negligentiam
2591 4714 2943 4779 commisisse,
2973 4726 3026 4770 et
3054 4733 3081 4771 a
3109 4734 3320 4774 summo
3339 4721 3543 4776 bonum

1947 4797 1998 4848 in
2032 4806 2326 4852 extremam
2355 4801 2607 4855 vilitatem
2636 4803 2907 4858 redactum
2936 4806 3142 4874 videns,
3176 4814 3414 4877 paternis
3459 4815 3527 4868 vi-

1943 4888 2180 4942 sceribus
2202 4901 2522 4955 commotus,
2543 4907 2646 4946 non
2671 4894 2814 4946 illum
2837 4897 3034 4949 auxilio
3055 4898 3366 4954 destitutum
3389 4904 3538 4968 sinit,

1943 4976 2033 5028 sed
2067 4978 2255 5030 iterum
2287 4994 2440 5033 suum
2467 4982 2574 5049 agit
2600 4981 2872 5048 officium,
2919 4997 2975 5039 ut
3006 4987 3255 5054 paulatim
3306 4993 3475 5060 ipsum
3511 5008 3542 5046 a

1943 5066 2144 5120 vilitate
2189 5067 2274 5121 illa
2327 5069 2651 5136 liberatum,
2699 5073 2935 5141 pristina!
2980 5078 3222 5132 restituat
3269 5081 3532 5152 dignitati.

1943 5153 2112 5208 Simili
2143 5157 2302 5211 modo
2330 5157 2504 5214 bonus
2529 5162 2667 5215 Deus
2713 5163 2967 5219 misertus
2992 5177 3075 5220 est
3117 5167 3347 5225 hominis
3370 5212 3383 5236 ,
3410 5187 3530 5226 cum

1943 5261 2106 5298 uxore
2149 5261 2240 5298 sua
2270 5248 2468 5303 diaboli
2493 5252 2694 5305 insidiis
2716 5255 3092 5322 circumventi,
3116 5259 3267 5329 cujus
3293 5277 3388 5330 per
3412 5277 3526 5317 ser-

1941 5345 2152 5400 pentem
2176 5338 2456 5391 consilium
2489 5352 2766 5409 acceperat
2797 5361 2810 5397 :
2839 5347 2999 5399 veluti
3032 5349 3267 5402 medicus
3295 5351 3357 5402 ad
3384 5352 3530 5404 inhr-

1939 5441 2082 5482 mum
2103 5466 2115 5484 .
2154 5433 2207 5479 ct
2232 5439 2601 5496 aegrotantem,
2629 5431 2918 5499 jacentem,
2945 5436 3374 5508 indigentcmque
3401 5457 3527 5495 cura

1937 5527 1989 5568 et
2019 5515 2208 5569 medici
2241 5534 2421 5577 manu,
2453 5522 2692 5587 protinus
2714 5525 2938 5579 accedit.
2971 5527 3073 5581 Sed
3104 5537 3162 5582 ut
3190 5538 3243 5583 et
3265 5546 3329 5584 ex
3353 5533 3528 5587 verbis

1996 5664 2068 5724 (η)
2103 5665 2392 5742 tticttoislm.
2422 5676 2472 5716 et
2511 5679 2715 5732 quatuor
2748 5673 2826 5723 alii
2865 5677 3007 5727 Codd.
3047 5681 3299 5742 Scriptura:
3335 5689 3520 5733 textum

1937 5725 2079 5788 longe
2101 5738 2472 5789 prosequuntur.
