4068 6390
543 440 762 498 dissatis
805 455 966 510 quam
1006 438 1282 495 incﬂabilis
1320 436 1390 491 sit
1422 435 1515 491 Dei
1557 433 1852 504 benignitas
1881 471 1898 498 ,
1939 445 2118 501 operae

539 531 766 601 pretium
811 530 973 585 fuerit
995 529 1177 584 audire
1214 541 1333 597 qua:
1361 525 1496 580 lecta
1525 535 1669 579 sunt.
1710 522 1776 577 Et
1814 522 2116 587 audieram,

537 618 708 691 inquit
726 662 742 684 ,
771 636 936 675 locetis
963 617 1165 672 Domini
1185 616 1282 670 Dei
1316 613 1685 668 deantbulantis
1708 614 1759 667 in
1789 611 2024 681 paradiso
2050 610 2120 664 ad

537 711 795 766 meridiem
819 749 835 776 ,
869 719 916 762 et
933 708 1236 762 delituerant
1263 716 1368 759 tant
1391 705 1577 769 Adam,
1596 720 1749 773 quam
1772 718 1898 757 ων
1920 701 2060 755 illius
2085 717 2119 755 a

540 803 669 872 faeie
693 799 894 853 Domini
914 800 966 852 in
994 796 1158 851 medie
1186 796 1309 866 ligni
1339 794 1583 867 paradisi.
1615 793 1693 849 Ne
1721 790 2115 846 iuemrsideran-

532 900 634 957 ter,
663 888 870 957 dilecti,
897 896 1275 959 praetereamus
1292 902 1411 957 quae
1433 884 1658 942 adivina
1681 882 1949 952 Scriptura
1973 880 2114 935 dicta

529 988 676 1047 sunt,
706 995 882 1052 neque
909 980 959 1034 in
985 979 1162 1034 verbis
1183 979 1314 1050 ipsis
1337 979 1632 1033 liareamus
1648 1015 1666 1040 ,
1694 972 1788 1029 sed
1811 972 2114 1030 considere-

531 1087 650 1127 mus
683 1073 754 1128 ob
782 1082 1016 1127 nostram
1059 1070 1474 1126 imbecillitatem
1506 1076 1709 1122 tantam
1746 1065 1835 1121 hic
1870 1063 2112 1120 adhiberi

532 1164 819 1219 verborum
847 1162 1219 1224 humilitatem.
1249 1169 1306 1216 et
1334 1161 1403 1215 ob
1421 1161 1645 1215 salutem
1671 1167 1906 1214 nostram
1931 1159 2111 1212 omnia

531 1266 592 1309 ut
615 1255 725 1310 Deo
750 1255 968 1324 dignum
985 1265 1066 1310 est
1093 1254 1198 1325 agi.
1223 1253 1356 1307 Nam
1381 1252 1425 1306 si
1449 1250 1704 1307 vellemus
1723 1249 1879 1306 verba
1907 1257 1964 1303 ut
1989 1256 2114 1305 sunt

532 1345 868 1414 pronuntiata
898 1345 1110 1409 sectari,
1137 1353 1191 1398 et
1211 1358 1316 1398 non
1343 1342 1576 1411 indigne,
1599 1351 1656 1397 ut
1674 1342 1740 1394 de
1763 1341 1871 1395 Deo
1894 1341 2113 1409 loquen-

534 1443 617 1488 tes
643 1433 836 1500 decet,
866 1449 1152 1504 exponere,
1181 1434 1298 1494 dic.
1326 1447 1536 1502 qmcso,
1569 1446 1746 1486 annon
1779 1430 1940 1484 mttlta
1988 1429 2111 1484 hinc

529 1536 888 1594 sequerentur
930 1525 1201 1579 absurda?
1229 1526 1366 1578 Ecce
1404 1523 1545 1578 enim
1583 1522 1760 1576 statim
1800 1536 1864 1576 ex
1906 1521 1968 1575 iis
1991 1537 2111 1590 qua

529 1617 786 1686 principio
816 1618 952 1670 lecta
976 1625 1130 1680 sunt,
1163 1618 1263 1671 hoc
1291 1626 1534 1685 spectare
1574 1615 1716 1669 licet.
1743 1612 1814 1668 Et
1841 1614 2109 1668 audierunt

523 1720 688 1758 vocent
711 1705 914 1759 Domini
945 1704 1038 1760 Dei
1064 1707 1370 1760 untoulnntis
1395 1707 1447 1760 in
1475 1706 1714 1774 paradiso
1732 1705 1801 1758 ad
1821 1706 2103 1771 meridiem,

520 1804 568 1846 et
589 1793 908 1848 delituerant.
931 1795 1068 1862 Quid
1097 1796 1270 1850 dicis?
1291 1810 1356 1848 an
1386 1794 1690 1849 deambulat
1712 1795 1891 1850 Deus?
1919 1809 1985 1848 an
2017 1810 2111 1862 pe-

519 1883 616 1938 des
649 1885 746 1954 ipsi
777 1887 1069 1941 tribuemus
1091 1927 1106 1950 .
1151 1898 1204 1943 et
1232 1889 1298 1941 de
1328 1901 1394 1941 eo
1423 1887 1554 1940 nihil
1594 1888 1820 1941 sublime
1855 1887 2108 1955 cogitabi-

518 1977 676 2029 utus?
705 1975 821 2030 Non
853 1977 1094 2031 ambulat
1122 1978 1259 2032 Deus
1286 1997 1300 2031 :
1334 1979 1489 2032 absit.
1523 1977 1804 2043 Quomodo
1825 1977 1965 2032 enim
1987 1992 2104 2031 am-

517 2066 722 2122 bularet
747 2109 762 2132 ,
796 2069 886 2136 qui
919 2070 1113 2137 ubique
1146 2083 1386 2136 prmscns
1429 2077 1550 2132 est,
1574 2076 1628 2121 ct
1661 2068 1839 2121 omnia
1883 2067 2108 2134 implet?

514 2157 600 2212 cui
626 2160 821 2213 cit-lum
857 2161 1104 2223 thronus,
1138 2169 1191 2212 et
1220 2168 1359 2214 terra
1385 2159 1674 2214 scabellum
1700 2162 1718 2224 (
1740 2157 1864 2212 Isai.
1889 2157 1978 2213 66.
2012 2159 2104 2224 l),

514 2246 703 2313 ipsene
728 2251 776 2300 in
803 2249 956 2301 horto
977 2249 1315 2302 continetur?
1341 2248 1469 2314 Quis
1489 2248 1740 2303 cordatus
1759 2248 1862 2302 hoc
1881 2248 2108 2302 diceret?

513 2337 648 2402 Quid
667 2339 823 2407 igitur
839 2341 1224 2405 esu/ludicrum
1246 2357 1411 2393 uocem
1429 2339 1727 2393 DominiDei
1737 2340 2104 2392 deambulantis

514 2431 565 2482 in
595 2432 734 2484 horto
764 2433 831 2484 ad
867 2433 1166 2485 meridiem?
1198 2434 1251 2486 ltt
1282 2447 1493 2486 sensum
1535 2431 1660 2484 mali
1692 2431 1810 2485 illos
1836 2431 2104 2486 deducere

514 2519 700 2584 voluit,
734 2532 790 2573 ιιι
823 2523 872 2574 in
893 2537 1082 2589 magno
1111 2524 1301 2576 mentis
1323 2536 1519 2591 angore
1541 2521 2026 2575 constituerentur:
2051 2520 2101 2575 id

512 2609 653 2678 quod
679 2620 734 2665 et
757 2610 949 2664 factmn
977 2623 1078 2666 est.
1105 2613 1272 2666 Tanto
1293 2613 1548 2682 siquidem
1571 2629 1730 2666 sensu
1762 2613 1932 2666 allecti
1958 2621 2098 2686 sunt,

511 2711 567 2753 ιιι
582 2717 702 2754 cum
724 2701 1023 2756 advenisset
1048 2704 1202 2766 Deus,
1225 2719 1344 2757 sese
1362 2705 1628 2758 occultare
1646 2705 1819 2756 conati
1838 2704 1961 2756 sint.
1983 2703 2100 2759 llos

511 2793 654 2844 enim
694 2804 750 2844 ιιι
781 2794 913 2846 intra
927 2794 1002 2846 vit
1028 2806 1321 2862 peccatum,
1346 2806 1397 2849 et
1424 2796 1807 2864 prarvaricatio,
1844 2795 2014 2862 pudor
2040 2810 2102 2847 ac

511 2884 831 2937 verecundia
858 2886 978 2937 illos
1012 2886 1219 2940 invasit.

579 2971 894 3026 Conscientia
931 2976 1252 3046 incorruptus
1268 2978 1451 3046 judex.
1494 2977 1821 3031 Conscientia:
1856 2995 2001 3046 opus.
2028 3007 2096 3018 --

511 3063 718 3133 Quippe
761 3065 924 3133 judex
968 3067 1305 3136 incorruptus
1326 3108 1340 3128 .
1369 3067 1748 3123 conscientiam
1786 3069 1905 3122 dico
1929 3108 1944 3132 ,
1976 3084 2097 3122 cum

514 3152 772 3208 adversus
810 3154 1079 3209 hominem
1136 3158 1628 3226 cxsurgeret,clara
1649 3173 1778 3209 voce
1811 3157 2095 3217 clamabat.

511 3245 792 3296 accusabat
813 3254 865 3296 et
885 3244 1220 3310 ostendebat,
1245 3255 1296 3300 et
1316 3246 1463 3315 quasi
1484 3260 1606 3300 ante
1627 3247 1809 3300 oculos
1831 3247 2101 3301 scribebat

509 3332 637 3401 ipsis
682 3343 1018 3403 peccttorum
1045 3336 1480 3405 magnitudinem.
1512 3336 1635 3391 ideo
1667 3339 1806 3391 enim
1839 3339 2098 3407 benignus

517 3424 774 3478 Dominus
814 3427 1075 3495 principio
1117 3443 1236 3482 cum
1293 3428 1542 3482 fortnaret
1598 3429 1866 3483 hominem
1901 3472 1916 3497 ,
1961 3448 2091 3485 cun-

516 3513 793 3567 scientiam
841 3515 916 3568 illi
962 3515 1148 3571 indidit
1176 3518 1554 3572 accusatricem
1601 3529 1947 3589 perpetuam,
1979 3539 2095 3590 qua:

519 3603 692 3671 decipi
727 3612 781 3658 et
825 3604 1084 3661 fallaciam
1114 3608 1252 3662 ferre
1282 3617 1461 3676 posset
1501 3625 1808 3678 numquam.
1843 3612 1907 3666 Et
1973 3612 2108 3673 licet,

510 3693 632 3762 quis
661 3693 894 3750 admisso
930 3708 1144 3766 peccato
1165 3740 1178 3763 ,
1210 3710 1620 3768 perpetratoque
1645 3704 1820 3770 aliquo
1863 3703 2095 3759 facinore

510 3783 726 3844 illicito.
758 3799 945 3840 omnes
989 3789 1231 3843 homines
1259 3790 1414 3856 celet,
1435 3790 1575 3844 illam
1600 3801 1774 3846 tamen
1801 3795 2094 3848 accusatri-

511 3889 629 3926 cem
655 3889 759 3927 non
793 3877 986 3943 poterit
1029 3877 1192 3932 latere
1215 3919 1228 3940 .
1271 3878 1363 3933 sed
1394 3895 1724 3948 quocumque
1755 3883 1929 3939 abeat.
1953 3885 2092 3937 illam

509 3973 764 4033 perpetuo
783 3965 916 4018 intra
933 3981 992 4020 se
1012 3967 1167 4020 habet
1184 3968 1572 4034 obturbantem,
1595 3971 1898 4036 laniantetn,
1917 3973 2090 4043 flagel-

509 4053 722 4117 lautcm,
765 4071 1053 4124 numquam
1100 4060 1457 4127 quiescentem
1492 4080 1504 4114 :
1537 4063 1628 4116 sed
1656 4073 1706 4117 et
1741 4065 1908 4128 domi,
1940 4076 1993 4120 et
2040 4069 2089 4121 in

509 4143 645 4207 foro,
666 4153 716 4195 et
735 4146 783 4198 in
809 4146 1055 4213 cmtihus,
1075 4160 1128 4201 et
1143 4149 1191 4202 in
1214 4165 1417 4215 mensa,
1439 4164 1484 4204 et
1507 4153 1762 4207 dormicu!
1777 4174 1876 4220 em,
1897 4169 1948 4208 et
1971 4174 2092 4210 sur-

503 4244 718 4302 gentem
757 4235 1018 4303 adoritur,
1059 4238 1316 4293 rationem
1355 4241 1666 4296 delictorum
1695 4245 1874 4313 exigit,
1919 4248 2090 4315 ohque

505 4325 690 4377 oculos
703 4325 848 4392 ponit
862 4338 913 4381 el
925 4327 1233 4382 delictorum
1249 4331 1638 4399 gravitatem,et
1649 4334 2091 4403 subsequutnntm

506 4430 751 4483 laenam,
796 4427 849 4472 et
896 4423 1043 4488 quasi
1083 4423 1320 4477 medicus
1367 4426 1596 4491 optimus
1639 4441 1742 4479 non
1784 4439 1959 4482 cessat
1997 4444 2090 4482 sua

505 4505 891 4562 medicamenta
934 4523 1204 4578 apponere
1234 4529 1246 4564 :
1278 4523 1331 4566 et
1370 4514 1415 4567 si
1441 4515 1607 4569 semel
1645 4517 1960 4585 depellatur,
1993 4535 2089 4574 ne-

512 4611 616 4662 que
658 4597 735 4649 sic
769 4597 991 4662 desistit,
1025 4600 1116 4654 sed
1141 4603 1445 4655 continuam
1482 4605 1888 4661 sollicitudinem
1932 4611 2089 4678 gerit.

587 4686 643 4738 2.
686 4687 799 4740 lloc
823 4691 965 4743 enim
994 4692 1334 4746 conscientia:
1363 4711 1494 4762 opus
1521 4705 1601 4749 est
1627 4736 1640 4758 .
1673 4707 1730 4750 ut
1752 4698 1944 4767 iugiter
1980 4717 2094 4755 me-

510 4778 733 4832 moriam
760 4779 998 4847 ingerat,
1029 4799 1126 4837 nec
1155 4787 1426 4851 permittat
1473 4802 1719 4854 umquam
1748 4789 1798 4842 in
1833 4789 2088 4845 factorum

507 4870 828 4924 oblivionem
858 4887 956 4926 nos
981 4875 1162 4928 venire
1196 4896 1207 4926 ;
1240 4875 1332 4928 sed
1364 4877 1432 4929 ob
1475 4880 1659 4931 oculos
1689 4891 1985 4949 proponat,
2015 4882 2091 4937 uti

505 4959 586 5012 vel
620 4959 720 5014 hac
751 4962 951 5017 ratione
975 4977 1070 5016 nos
1103 4965 1360 5021 tardiores
1389 4969 1559 5033 faciat,
1591 4985 1658 5021 ne
1692 4973 1740 5023 in
1763 4971 1945 5026 eadem
1970 4988 2092 5041 pec-

511 5059 626 5101 cata
660 5051 1020 5116 prolabuntur.
1053 5054 1181 5108 Nam
1213 5056 1255 5109 si
1285 5073 1403 5109 cum
1433 5075 1493 5111 ex
1538 5063 1856 5116 conscientia
1889 5074 2089 5118 tantum

510 5139 663 5194 nobis
687 5144 752 5194 sit
781 5143 1020 5205 subsidii,
1052 5155 1103 5198 et
1135 5156 1337 5201 tantum
1367 5150 1608 5217 adjtttorii
1635 5194 1650 5216 ,
1675 5164 1726 5207 et
1757 5155 1799 5206 si
1830 5155 1962 5209 hanc
1993 5157 2084 5208 Im-

510 5235 694 5288 hentes
716 5235 1081 5289 vehementem
1108 5242 1508 5305 accusatricem,
1539 5260 1654 5312 qua)
1681 5255 1912 5299 nostram
1945 5264 2083 5301 men-

508 5329 613 5373 tem
642 5322 887 5390 ﬂagellet,
920 5337 972 5380 et
1002 5341 1095 5381 cor
1119 5328 1370 5395 lancinel,
1402 5345 1451 5385 et
1477 5336 1664 5402 quot-is
1692 5338 1940 5391 carnifice
1964 5354 2088 5407 gra-

508 5415 621 5465 vius
650 5417 829 5480 instet,
865 5418 1100 5485 plerique
1125 5436 1294 5486 neque
1319 5424 1392 5477 sic
1421 5425 1680 5492 ignaviam
1712 5428 1968 5482 vincimus
2004 5449 2013 5480 :
2045 5431 2087 5483 si

508 5502 607 5554 hoc
633 5504 1040 5561 destitueremur
1069 5511 1325 5566 subsidio.
1353 5529 1457 5581 quo
1486 5531 1589 5568 non
1625 5527 1750 5569 tunc
1793 5522 1966 5571 statim
1998 5536 2090 5573 ex.

504 5594 851 5649 rideremus?
895 5599 1176 5670 Propterea
1227 5603 1570 5672 primigenios
1622 5607 1782 5661 homo
1829 5619 1884 5661 ut
1941 5610 2086 5664 illmn

505 5701 718 5741 setisum
746 5690 978 5758 accepit,
1006 5693 1286 5748 adventum
1337 5695 1540 5749 Domini
1582 5712 1759 5752 secum
1807 5700 2079 5768 cogitans,

1184 324 1243 382 s.
1282 322 1556 382 massis
1591 315 2067 376 cunvsost'om
2109 316 2420 375 MlClllEl’.
2457 287 2998 380 cexsnnrmr.

3711 323 3812 380 ηδ

2233 433 2414 488 statim
2451 447 2514 488 se
2555 433 2858 490 occultavit.
2885 436 3062 506 Quare
3079 476 3098 502 .
3121 436 3243 504 die,
3268 435 3412 493 oro!
3437 434 3703 504 Quoniam
3729 441 3811 491 vi-

2225 519 2385 577 debat
2411 523 2510 578 sibi
2544 533 2744 580 ualeam
2772 525 2984 582 adstare
3007 526 3813 589 accusatorem..mean

2223 611 2366 668 dieo.
2397 612 2586 685 Neque
2601 616 2744 671 enim
2776 617 2940 672 alium
2965 618 3140 676 ullum
3160 619 3559 690 objurgatorcm
3581 617 3825 674 habebu-

2223 714 2279 758 et
2309 712 2496 760 testem
2519 717 2892 777 peccatorum,
2910 710 3003 766 sed
3025 711 3238 767 unicum
3258 710 3406 767 illum
3426 725 3585 782 quem
3617 710 3810 766 intrin-

2222 806 2381 848 secus
2428 795 2851 854 circumferebat.
2917 800 3168 857 Attamen
3217 809 3411 872 prater
3465 801 3811 856 cotiscientiat

2220 885 2650 955 accusationem,
2679 890 2839 944 etiam
2869 891 3102 961 privatio
3124 891 3332 962 gloria»,
3359 907 3477 962 qua
3504 889 3626 946 illos
3649 899 3810 946 antea

2219 977 2370 1046 quasi
2412 979 2790 1035 vestimentum
2821 981 3074 1052 fulgidum
3103 980 3406 1046 ambiebat,
3431 981 3662 1037 docebat
3689 981 3810 1034 illos

2216 1059 2314 1135 per
2345 1068 2512 1137 ipsam
2540 1068 2836 1125 nuditatem
2859 1071 3079 1126 admissi
3117 1072 3322 1142 peccati
3361 1070 3807 1142 magnitudinem.

2218 1154 2405 1227 Itaque
2422 1159 2544 1227 quia
2572 1168 2691 1228 post
2713 1175 2876 1229 grave
2897 1171 3172 1230 peceatum
3199 1161 3328 1216 illud
3353 1161 3556 1231 pudon
3575 1163 3806 1216 circum-

2217 1245 2320 1302 fusi
2349 1259 2504 1302 erant
2527 1289 2544 1314 ,
2574 1252 2886 1308 delitescere
2925 1261 3280 1307 tentaverunt.
3310 1251 3591 1305 Audierant
3619 1251 3766 1306 enim
3791 1293 3807 1308 .

2219 1336 2405 1406 inquit,
2436 1355 2601 1394 vocem
2630 1340 2839 1397 Domini
2860 1342 3343 1398 Deidramlntlantia
3367 1343 3420 1396 in
3449 1342 3594 1396 horto
3615 1344 3684 1397 ad
3704 1358 3808 1396 ute-

2216 1430 2414 1496 ridiem,
2437 1442 2482 1485 et
2510 1433 2884 1488 occultaverunt
2908 1451 2964 1488 se
2990 1445 3094 1486 tant
3121 1434 3285 1487 Adam
3303 1474 3321 1500 ,
3349 1449 3501 1504 quam
3533 1449 3661 1487 uxor
3697 1436 3812 1504 ejus

2213 1534 2245 1569 α
2285 1520 2416 1588 facie
2437 1519 2641 1574 Domini
2664 1521 2762 1574 Dei
2787 1523 2841 1575 in
2862 1523 3026 1575 medio
3057 1523 3304 1590 paradisi.

2287 1608 2434 1663 Nihil
2455 1621 2659 1680 peccato
2690 1613 2857 1682 pejus.
2880 1643 2950 1652 —
2968 1613 3106 1667 Nihil
3136 1621 3352 1682 peccato
3373 1612 3543 1682 pejus,
3569 1611 3799 1668 dilecte.

2214 1701 2386 1769 ipsum
2415 1701 2557 1756 enim
2590 1711 2646 1756 ut
2674 1702 2971 1768 introierit,
3002 1718 3108 1757 non
3153 1703 3326 1757 solum
3360 1702 3560 1771 pudore
3589 1716 3690 1755 nos
3717 1719 3804 1756 re-

2213 1791 2340 1859 plet,
2378 1793 2471 1845 sed
2503 1802 2555 1846 et
2587 1794 2896 1861 insipientes
2930 1793 3216 1848 redditeos
3235 1795 3324 1862 qui
3348 1803 3502 1848 antea
3531 1793 3807 1849 intellecut

2211 1891 2268 1937 et
2308 1884 2564 1950 sapientia
2624 1883 2785 1936 multa
2832 1885 3039 1954 ιιι-τεόὶιί
3099 1885 3329 1939 fuerant.
3383 1882 3806 1949 Animadverte,

2210 1971 2453 2038 obsecro,
2481 1987 2641 2043 quam
2674 1974 2985 2043 insipienter
3009 1977 3117 2042 agit
3149 1990 3288 2029 nunc
3310 2015 3325 2040 ,
3352 1976 3440 2043 qui
3467 1984 3627 2027 antea
3659 1983 3807 2026 tanta

2210 2062 2446 2132 pollebat
2493 2066 2748 2133 sapientia
2777 2109 2790 2131 ,
2833 2067 2921 2136 qui
2946 2082 3010 2121 ex
3057 2068 3190 2120 actis
3237 2067 3368 2135 ipsis
3411 2067 3664 2120 traditam
3701 2068 3806 2120 sibi

2208 2162 2519 2230 Sapientiam
2565 2162 2717 2216 nobis
2759 2163 3105 2227 declarabat,
3133 2159 3226 2232 qui
3257 2161 3380 2215 talia
3426 2159 3803 2230 prophetabat.

2208 2249 2395 2304 Audita
2433 2266 2548 2304 vere
2580 2251 2782 2305 Domini
2826 2251 2922 2306 Dei
2950 2252 3320 2306 deambulantis
3344 2253 3396 2304 in
3422 2252 3566 2304 [torto
3593 2251 3665 2303 ad
3695 2267 3804 2306 meo

2207 2342 2405 2406 ridicm,
2425 2345 2686 2395 occultavit
2731 2360 2784 2396 se
2813 2354 2916 2396 tam
2958 2346 3068 2411 ipse
3096 2359 3249 2411 quam
3273 2358 3401 2396 uxor
3430 2342 3589 2410 ipsius
3613 2357 3644 2392 α
3671 2341 3807 2409 facie

2208 2430 2411 2484 Domini
2447 2432 2540 2486 Dei
2569 2435 2620 2486 in
2661 2437 2823 2488 medio
2855 2438 2977 2504 ligni
3006 2436 3252 2503 paradisi.
3304 2433 3524 2501 Quanta
3569 2434 3673 2487 hoc
3720 2444 3814 2489 est

2206 2520 2520 2590 insipientia:
2545 2564 2560 2588 ,
2592 2525 2730 2592 quod
2759 2541 2787 2577 τι
2819 2525 2927 2578 Deo
2949 2565 2963 2588 ,
2995 2526 3082 2592 qui
3129 2525 3325 2594 ubique
3363 2539 3596 2595 pnesens
3621 2533 3704 2579 est
3730 2565 3746 2587 ,
3775 2541 3819 2577 ιιι

2207 2611 2463 2666 Creatore
2489 2653 2502 2676 ,
2547 2614 2634 2681 qui
2664 2630 2728 2667 ex
2763 2615 2926 2666 nihilo
2957 2630 3042 2668 res
3074 2624 3131 2667 ut
3161 2624 3339 2668 essent
3371 2613 3621 2684 produxit
3646 2655 3662 2678 ,
3709 2631 3802 2684 qui

2211 2702 2524 2756 abscondita
2551 2703 2651 2756 scit
2688 2704 2706 2774 (
2737 2702 2891 2756 Psal.
2925 2703 3013 2757 52.
3064 2702 3200 2772 15),
3229 2704 3318 2771 qui
3351 2703 3499 2756 finxit
3529 2703 3817 2772 sigillatim

2203 2793 2363 2846 corda
2397 2793 2704 2858 hominum,
2735 2803 2786 2845 et
2815 2793 3060 2861 intelligit
3085 2794 3261 2846 omnia
3290 2807 3450 2862 opera
3468 2809 3680 2857 eorum,
3707 2795 3800 2863 qui

2201 2890 2472 2936 scrutatur
2511 2882 2670 2936 corda
2710 2891 2764 2935 ct
2793 2898 2951 2937 renes
2991 2882 3008 2950 (
3038 2881 3177 2935 Psal.
3223 2881 3273 2934 7.
3309 2882 3446 2948 10),
3489 2882 3578 2951 qui
3635 2882 3802 2936 etiam

2203 2973 2345 3042 ipsos
2373 2974 2550 3028 cordis
2573 2984 2750 3028 motus
2775 2974 3066 3042 cognoscit,
3109 2973 3436 3027 abscondere.
3455 2989 3516 3026 se
3535 2984 3805 3028 conentur

2204 3065 2223 3135 (
2248 3066 2393 3118 Psal.
2424 3067 2514 3120 45.
2544 3066 2616 3120 22
2639 3065 2696 3137 )?
2717 3068 2820 3122 Sed
2861 3083 2929 3121 ne
2959 3067 3170 3121 mireris
3191 3107 3205 3130 ,
3237 3065 3433 3120 dilecte
3462 3083 3473 3117 :
3503 3065 3627 3119 talis
3652 3068 3800 3122 enim

2205 3161 2528 3226 peccantium
2558 3159 2888 3213 consuetudo
2912 3168 3030 3218 est.
3064 3169 3122 3212 ut
3148 3157 3361 3212 tametsi
3389 3157 3650 3211 occultari
3684 3174 3804 3213 non

2207 3247 2428 3315 possint,
2453 3248 2709 3302 occultari
2739 3259 2912 3301 tamen
2941 3249 3122 3310 velint,
3143 3257 3197 3301 et
3226 3247 3494 3301 studeant.
3525 3245 3592 3300 Ut
3613 3256 3798 3300 autem

2200 3341 2340 3392 scias
2365 3353 2459 3393 eos
2489 3354 2593 3393 non
2639 3339 2868 3393 ferentes
2897 3337 3150 3408 pudorem
3174 3377 3190 3402 ,
3219 3353 3324 3406 quo
3363 3347 3482 3407 post
3513 3347 3797 3406 peccatum

2198 3443 2318 3482 sese
2341 3428 2691 3493 sulfuderant,
2718 3428 2898 3483 nudati
2929 3427 3312 3497 iucorruptibili
3343 3427 3429 3481 illa
3459 3427 3626 3498 gloria
3645 3468 3662 3491 ,
3692 3426 3800 3482 hoc

2199 3518 2406 3583 fecisse,
2440 3519 2718 3573 considera
2747 3519 2832 3574 ubi
2855 3520 3220 3583 occultentur;
3252 3519 3305 3573 in
3333 3519 3506 3574 medio
3535 3517 3800 3586 paradisi.

2198 3607 2328 3662 Nam
2356 3607 2499 3662 sicut
2526 3607 2849 3664 verberones
2875 3618 2928 3663 et
2955 3609 3144 3677 ingrati
3173 3607 3388 3678 quidam
3421 3608 3636 3672 famuli,
3669 3623 3808 3663 cum-

2199 3713 2302 3752 non
2328 3699 2533 3768 possint
2561 3714 2618 3752 se
2649 3699 2715 3752 ab
2741 3699 2869 3753 hero
2899 3714 2995 3752 suo
3024 3700 3296 3754 occultare
3321 3741 3335 3763 ,
3363 3698 3465 3754 huc
3497 3708 3549 3752 ct
3581 3699 3708 3753 illuc
3738 3700 3800 3753 in

2198 3791 2419 3859 angulos
2442 3790 2631 3844 domus
2653 3806 2870 3845 currere
2895 3790 3068 3845 solent
3091 3831 3106 3853 ,
3137 3802 3283 3846 metu
3317 3791 3523 3844 illorum
3548 3789 3795 3846 animum

2198 3882 2534 3936 concutiente
2562 3899 2574 3934 :
2609 3881 2678 3935 ita
2721 3891 2773 3935 et
2803 3881 2853 3934 bi
2890 3880 3090 3934 nullum
3121 3880 3451 3934 invenientes
3492 3879 3749 3951 ell'ugium
3777 3923 3800 3945 γ

2203 3973 2263 4026 in‘
2287 3973 2396 4040 ipsa
2423 3973 2604 4037 domo,
2628 3972 2892 4042 paradiso,
2927 3977 3140 4040 inquam
3164 4014 3177 4034 .
3208 3973 3657 4042 circumaguntur.
3682 3972 3795 4029 Nec

2197 4063 2398 4131 absque
2441 4063 2648 4117 ratione
2678 4073 2886 4131 tempus
2915 4064 3219 4131 assignatur
3247 4079 3260 4115 :
3295 4063 3572 4117 Audierant
3601 4064 3748 4119 enim
3773 4106 3800 4131 ,.

2197 4154 2365 4222 inquit
2391 4195 2405 4219 ,
2430 4170 2595 4207 vocem
2627 4152 2835 4206 Domini
2866 4153 2960 4206 Dei
2989 4155 3359 4206 demnbulantis
3393 4154 3442 4206 in
3472 4154 3716 4223 paradiso
3732 4157 3787 4210 in

2195 4245 2404 4298 meridie
2437 4245 2572 4298 :sed
2600 4254 2654 4297 ut
2684 4244 2856 4298 discas
2887 4246 3093 4298 Domini
3120 4245 3519 4313 benignitatem,
3549 4247 3692 4316 quod
3717 4262 3790 4303 ne

2199 4336 2464 4389 modicum
2504 4335 2718 4404 quidem
2744 4336 3047 4399 distulerit,
3075 4337 3166 4390 sed
3194 4353 3314 4390 mox
3343 4379 3355 4398 ,
3388 4347 3440 4390 ut
3474 4338 3603 4392 vidit
3641 4344 3787 4408 quod

2199 4426 2388 4480 factum
2414 4437 2547 4489 erat,
2577 4436 2630 4479 et
2654 4429 2848 4481 ulceris
2869 4429 3305 4496 magnitudinem,
3331 4429 3394 4481 ad
3417 4431 3789 4496 epitulandnm

2198 4516 2519 4569 festinaverit
2547 4557 2559 4579 ,
2590 4525 2644 4568 ut
2687 4533 2751 4569 ne
2793 4518 2943 4572 ulcus
2972 4518 3267 4586 grassando
3299 4519 3451 4572 ﬁeret
3491 4520 3792 4576 iucurabile

2199 4607 2426 4661 vulnus:
2459 4606 2657 4660 idcirco
2693 4617 2750 4662 ut
2779 4609 3067 4677 prazveniat
3094 4611 3355 4662 accelerat
3381 4651 3394 4672 ,
3436 4621 3490 4663 et
3531 4613 3790 4668 velociter

2196 4703 2454 4755 crescenti
2485 4702 2645 4755 ulceri
2674 4702 2858 4766 adest,
2885 4717 2946 4755 ac
2973 4718 3066 4770 pro
3107 4719 3201 4777 sua
3232 4703 3473 4758 bonitate
3511 4720 3686 4774 neque
3716 4705 3796 4761 at!

2197 4809 2412 4860 parvum
2444 4803 2648 4861 tempus
2673 4809 2701 4846 a
2723 4809 2847 4847 cura
2875 4810 2969 4846 sua
2999 4793 3141 4846 illum
3168 4792 3479 4850 destitutum
3507 4798 3785 4867 relinquit.

2197 4883 2325 4938 Nam
2357 4894 2553 4936 tantam
2585 4899 2692 4953 pra:
2719 4899 2777 4937 se
2802 4885 3000 4939 ferebat
3032 4884 3232 4937 rabiem
3255 4887 3440 4938 salutis
3463 4897 3658 4940 nostrae
3688 4887 3788 4942 ini-

2196 4975 2377 5036 micus,
2414 4975 2500 5044 qui
2538 4989 2748 5042 semper
2773 4976 2968 5029 nostris
2999 4975 3148 5028 bonis
3178 4973 3405 5040 invidet,
3434 4986 3490 5031 ut
3517 4993 3646 5032 mox
3689 4980 3794 5034 sub

2198 5068 2407 5120 initium
2436 5067 2714 5120 moliretur
2740 5068 2990 5132 insidias,
3023 5077 3074 5121 et
3110 5084 3206 5120 suo
3235 5069 3533 5136 pernicioso
3559 5073 3789 5124 consilio

2197 5159 2339 5225 ipsos
2367 5157 2659 5211 admirabili
2687 5159 2773 5212 illa
2805 5159 2905 5210 vita
2936 5159 3184 5225 privaret.
3215 5159 3319 5214 Sed
3349 5160 3518 5214 solers
3544 5161 3633 5214 ille
3658 5163 3794 5215 arti-

2197 5249 2278 5300 fex
2317 5248 2477 5312 Deus,
2504 5251 2590 5315 qui
2616 5263 2711 5301 sua
2741 5249 2994 5316 sapientia
3021 5265 3102 5301 res
3134 5260 3344 5303 nostras
3371 5251 3678 5319 dispensat,
3704 5251 3784 5304 vi-

2194 5339 2326 5391 dens
2353 5338 2548 5394 diaboli
2576 5341 2976 5410 malignitatem,
3005 5352 3056 5395 et
3086 5342 3317 5395 hominis
3347 5345 3650 5413 segnitiem,
3681 5362 3782 5415 qua

2195 5445 2290 5496 per
2311 5431 2586 5485 mulierem
2605 5432 2878 5499 deceptus,
2899 5433 2948 5483 in
2969 5441 3165 5485 tantam
3191 5435 3372 5486 ιιιι-ἱάίι
3393 5434 3784 5499 confusionem,

2196 5536 2319 5574 Inus
2347 5519 2529 5580 adest,
2564 5530 2614 5574 et
2653 5523 2798 5588 quasi
2832 5533 3136 5576 mansuetus
3166 5533 3219 5576 et
3255 5523 3513 5591 benignus
3539 5524 3702 5592 judcx
3731 5525 3786 5577 in

2198 5611 2442 5663 tribunali
2473 5620 2673 5664 terrore
2710 5621 2762 5664 et
2790 5611 3010 5666 horrore
3039 5614 3193 5681 pleno
3221 5614 3371 5667 sedet
3395 5655 3410 5678 ,
3435 5623 3488 5667 et
3518 5618 3786 5669 esaininat

2195 5702 2475 5771 diligenter
2504 5717 2511 5748 ἰ
2539 5717 2630 5770 [W‘l'
2659 5701 2757 5756 ilOC
2799 5718 2895 5757 ιιυε
2921 5702 3162 5757 (Ιυϐριιὰο
3187 5743 3202 5770 ,
3249 5725 3310 5763 ηρ
3343 5722 3672 5776 (θυμηδεῖς)
3703 5725 3788 5758 υτ).
