4068 6388
372 378 467 431 837

381 492 655 562 ιμογ;νεῖς
685 484 1087 550 καταδικάζειν,
1138 484 1264 554 πρὶν
1310 481 1376 535 ἀν
1418 479 1620 551 ἀκριϐῆ
1664 479 1762 548 τὴν
1797 476 2040 542 ἐξέτασιν

387 573 752 648 ποιησώμεθα.

450 671 517 733 γ’.
557 661 897 728 ’,ἱκούσωμεν
939 657 1135 715 τοίνυν,
1167 655 1410 716 εἰ-δοκεί,
1442 653 1563 707 τίνα
1596 657 1692 723 μὲν
1724 653 1754 705 ὁ
1786 649 2045 717 δικαστὴς

380 748 649 820 ἐπερωτᾷ,
679 746 801 820 τίνα
828 745 883 798 δέ
916 743 966 796 οί
1011 741 1288 796 κατάδικοι
1319 740 1725 811 ἀποκρίνονται,
1765 737 1856 789 καὶ
1885 734 2043 796 ποίας

380 810 647 907 τιμωρίας
666 810 927 902 δέχονται,
946 830 1039 882 καὶ
1071 830 1202 899 ποία
1224 810 1491 897 καταδίκη
1512 825 1807 887 ὑπεύθυνος
1834 824 2043 889 γίνεται

376 926 407 977 δ
431 922 528 993 τὴν
548 920 813 988 τοσαύτην
836 916 1125 987 ἐπιϐουλὴν
1147 919 1224 979 εἰς
1245 914 1442 977 αὐτοὺς
1473 912 1866 986 ἐργασάμενος.
1884 907 2044 993 Ἀλλά

381 992 687 1061 συντείνατέ
724 1021 835 1074 μοι,
856 1002 1175 1074 παρακαλῶ,
1196 1001 1292 1068 τήν
1323 1001 1581 1061 διάνοιαν,
1604 999 1696 1052 καὶ
1728 996 1814 1051 διά
1846 992 2041 1047 πολλοῦ

378 1091 473 1147 τοῦ
501 1090 667 1161 φόϐου
715 1093 827 1154 τοῖς
865 1089 1176 1159 λεγομένοις
1212 1088 1531 1158 προσέχετε.
1553 1087 1611 1139 EI
1650 1083 1757 1153 γάρ
1784 1081 2042 1149 δικαστὴν

375 1177 605 1249 δρῶντες
626 1178 865 1246 ἐπίγειον
882 1178 965 1246 ἐφ’
981 1173 1182 1246 ὑψηλοῦ
1202 1174 1446 1245 βήματος
1466 1172 1790 1243 καθήμενον,
1806 1170 1896 1222 καὶ
1917 1168 2042 1231 τοὺς

377 1263 699 1327 καταδίκους
720 1265 801 1329 εἰς
818 1263 979 1333 μέσον
999 1263 1217 1329 ἄγοντα,
1233 1261 1327 1315 καὶ
1354 1258 1762 1324 καταξαίνοντα,
1778 1256 1869 1309 καὶ
1882 1272 2042 1324 τιμω-

378 1349 659 1421 ρούμενον,
684 1349 821 1421 μετά
849 1347 1044 1401 πολλοῦ
1067 1347 1161 1401 τοῦ
1187 1348 1340 1410 δέους
1364 1345 1783 1416 παρεστήκαμεν
1811 1341 2040 1395 ἀκοῦσαι

376 1437 709 1507 βουλόμενοι,
737 1437 791 1489 τί
830 1437 928 1505 μὲν
962 1438 990 1488 ὁ
1013 1436 1275 1505 δικαστὴς
1319 1434 1485 1501 λέγει,
1514 1432 1567 1483 τί
1607 1430 1664 1485 δέ
1690 1433 1718 1484 ὁ
1745 1429 2042 1491 ὑπεύθυνος

376 1523 732 1596 ἀποκρίνεται
753 1539 768 1555 ο
820 1521 1002 1591 πολλῷ
1038 1522 1236 1592 μᾶλλον
1258 1520 1355 1574 νῦν
1378 1518 1536 1573 τοῦτο
1579 1520 1751 1572 ποιεῖν
1793 1516 1938 1587 ἡμᾶς
1962 1514 2041 1567 δί-

377 1630 551 1675 καιον,
590 1612 830 1682 ὁρῶντας
860 1611 951 1664 τὸν
984 1609 1325 1681 Δημιουργὸν
1355 1609 1450 1677 τῆς
1489 1606 1701 1675 φύσεως
1730 1604 1883 1674 δίκην
1930 1604 2039 1654 εἰσ-

378 1696 747 1771 πραττόμενον
782 1698 891 1749 τῶν
920 1696 1011 1749 ὑπ’
1032 1696 1197 1749 αὐτοῦ
1226 1692 1758 1765 δημιουργηθέντων.
1783 1689 1921 1742 Ἀλλ’
1944 1687 2038 1740 ἐάν

377 1784 677 1853 προσέχητε
716 1784 853 1853 μετά
883 1782 1187 1851 ἀκριϐείας,
1219 1778 1415 1849 ὄψεσθε
1449 1780 1614 1832 πόσον
1646 1777 1707 1830 τὸ
1749 1775 1911 1847 μέσον
1940 1774 2038 1842 τῆς

374 1868 469 1923 τοῦ
487 1867 622 1937 Θεοῦ
644 1867 1073 1937 φιλανθρωπίας,
1092 1867 1184 1919 καὶ
1204 1866 1302 1935 τῆς
1317 1865 1424 1918 τῶν
1444 1863 1744 1935 ἀνθρώπων
1767 1861 1893 1931 περὶ
1914 1861 2038 1923 τοὺς

374 1944 656 2025 ὁμογενεῖς
698 1953 1120 2024 αὐστηρότητος.
1154 1952 1258 2005 Καὶ
1296 1951 1552 2005 ἐκάλεσε
1583 1951 1796 2018 Κύριος
1835 1951 1868 2001 ό
1896 1946 2039 2011 Θεὸς

374 2041 483 2097 τὸν
509 2042 697 2110 Ἀδὰμ,
738 2042 835 2094 καί
868 2041 1036 2094 εἶπεν
1058 2039 1237 2103 αὐτῷ.
1270 2039 1460 2106 Ἀδὰμ.
1488 2037 1606 2091 ποῦ
1637 2034 1721 2101 sl;
1760 2034 2037 2102 Ἐξηαύτῆς

377 2130 478 2201 τῆς
518 2132 837 2201 ἐρωτήσεως
880 2128 1027 2193 ἀξιον
1060 2127 1396 2196 ἐκπλαγῆναι
1434 2125 1529 2179 τοῦ
1563 2123 1697 2178 Θεοῦ
1734 2122 1831 2192 τήν
1867 2123 2035 2191 ὑπερ-

376 2217 676 2287 ϐάλλουσαν
712 2215 1152 2287 φιλανθρωπίαν,
1189 2214 1286 2283 οὐχ
1317 2214 1398 2272 ac:
1431 2212 1657 2266 ἐκάλεσε
1706 2209 1884 2279 μόνον.
1920 2206 2034 2261 ἀλλ’

372 2304 454 2357 ὅτι
481 2302 576 2357 καὶ
603 2303 668 2355 δι’
690 2301 885 2356 ἐαυτοῦ
916 2302 1171 2355 ἐκάλεσεν
1192 2310 1203 2331 ⁸
1228 2301 1364 2370 ὅπερ
1387 2298 1663 2369 ἄνθρωποι
1684 2297 1781 2349 οὐκ
1810 2294 1875 2347 ἀν
1903 2310 2033 2345 ποτε

373 2390 692 2461 ἀνάσχοιντο
731 2390 823 2442 ἐπὶ
851 2388 959 2441 τῶν
1001 2387 1297 2459 ὁμογενῶν,
1329 2386 1424 2439 καὶ
1457 2385 1554 2454 τῆς
1592 2385 1757 2453 αὐτῆς
1800 2382 1980 2444 αὐτοῖς
2006 2393 2031 2421 ει

373 2476 586 2546 φύσεως
608 2476 1027 2530 κοινωνούντων.
1054 2477 1194 2528 ’ἰστε
1223 2474 1330 2545 γὰρ
1355 2474 1459 2536 ὅτι,
1485 2470 1701 2525 ἐπειδὰν
1725 2471 1809 2538 ἐφ’
1832 2467 2033 2538 ὑψηλοῦ

370 2564 466 2617 τοῦ
509 2564 751 2634 βήματος
804 2561 1101 2633 καθήμενοι
1150 2561 1305 2629 δίκην
1356 2560 1775 2629 εἰσπράττονται
1812 2557 1937 2618 τοὺς
1966 2554 2033 2607 τά

373 2649 550 2717 φαῦλα
582 2649 1018 2720 ἐργασαμένους,
1045 2648 1144 2701 οὐκ
1194 2647 1434 2712 ἀξιοῦσιν
1464 2644 1659 2707 αὐτοὺς
1691 2642 1789 2711 τῆς
1828 2642 2034 2704 οἰκείας

370 2737 733 2807 ἀποκρίσεως,
758 2737 851 2789 καὶ
875 2735 962 2788 διὰ
980 2734 1136 2789 τοῦτο
1160 2732 1464 2795 δεικνύντες
1489 2731 1690 2792 αὐτοῖς,
1712 2729 1809 2799 ὅσῃ
1839 2728 2031 2797 ἀτιμίᾳ

369 2824 597 2885 ἐαυτοὺς
618 2821 934 2891 περιέϐαλον
954 2821 1040 2874 διὰ
1062 2821 1162 2892 τῆς
1182 2820 1291 2873 τῶν
1313 2819 1564 2889 πονηρῶν
1592 2814 1842 2887 πράξεων
1870 2816 2032 2885 ἐργα-

371 2909 494 2971 σίας
518 2926 529 2939 ’
565 2909 677 2961 ἀλλ’
710 2910 739 2960 ὁ
778 2909 879 2978 μὲν
921 2907 1180 2977 δικαστής
1213 2906 1584 2975 ἀποκρίνεται,
1627 2904 1810 2973 ἕτερος
1858 2900 1913 2953 δέ
1949 2916 2032 2963 τις

371 2996 541 3058 ἑστὼς
567 2995 865 3058 διαϐιϐάζει
902 2995 972 3048 τά
1006 2993 1155 3065 παρά
1195 2991 1289 3045 τοῦ
1328 2990 1579 3044 δικαστοῦ
1614 2988 1691 3057 τῷ
1722 2986 2029 3053 ὑπευθύνιιι,

372 3083 463 3137 καὶ
486 3084 552 3137 τά
582 3086 709 3153 παρ’
740 3083 946 3135 ἐκείνου
972 3074 1131 3134 πάλιν
1153 3080 1541 3151 διαπορθμεύει
1557 3078 1633 3148 τῷ
1658 3078 1884 3148 δικαστῇ
1902 3094 1914 3105 ⁸
1939 3076 2031 3130 καὶ

369 3170 608 3225 τοιοῦτον
634 3169 700 3224 ἀν
734 3170 829 3223 ἴδοι
871 3186 956 3232 τις
993 3170 1100 3223 τῶν
1130 3167 1457 3231 δικαζόντων
1490 3164 1767 3236 πανταχοῦ
1805 3165 1865 3218 τὸ
1888 3163 2027 3227 ἔθος.

385 3247 521 3313 Ἀλλ’
541 3260 570 3313 ό
596 3257 727 3321 Θεὸς
763 3257 863 3327 οὐχ
887 3255 1079 3319 οὕτως,
1111 3254 1250 3311 ἀλλά
1275 3256 1329 3308 τί
1346 3271 1362 3321 ;
1392 3254 1563 3318 Αὐτὸς
1599 3254 1666 3307 δι’
1700 3252 1896 3306 ἐαυτοῦ
1933 3269 2033 3305 κα·-

368 3348 451 3399 λεῖ
468 3362 481 3377 ⁸
518 3346 627 3401 Καί
649 3344 924 3409 ἐκάλεσε,
954 3346 1107 3415 φησί.
1129 3345 1343 3413 Κύριος
1368 3347 1401 3397 ὀ
1427 3344 1573 3407 Θεὸς
1594 3343 1700 3397 τὸν
1734 3341 1905 3410 Ἀδὰμ
1932 3340 2031 3394 καί

364 3426 743 3496 εἶπενκαὺτῷ,
779 3431 969 3500 Ἀδὰμ,
995 3430 1112 3485 ποῦ
1141 3428 1232 3493 aI;
1254 3432 1396 3503 Ὅρα
1423 3431 1561 3500 πόση
1589 3430 1814 3500 δύναμις
1836 3428 2031 3482 ἐναπό-

366 3535 543 3573 κειται
572 3521 629 3572 ἐν
662 3522 727 3589 τῇ
766 3517 995 3590 βραχείᾳ
1028 3518 1199 3589 ταύτῃ
1232 3517 1395 3582 λέξει.
1436 3518 1546 3570 Καὶ
1587 3517 1718 3571 αὐτὸ
1750 3516 1901 3588 [157]
1934 3518 2031 3586 μὲν

368 3608 476 3677 7&9
504 3607 563 3660 τὸ
591 3606 817 3660 καλέσαι
860 3604 1062 3675 πολλῆς
1098 3605 1191 3658 καὶ
1237 3604 1445 3673 ἀφάτου
1479 3603 1906 3674 φιλανθρωπίας,
1936 3604 2030 3656 καὶ

367 3696 428 3749 τδ
452 3694 529 3764 τῷ
563 3688 1063 3764 καταισχυνομένῳ,
1092 3693 1187 3747 καὶ
1222 3694 1356 3764 μηδὲ
1389 3690 1518 3764 ἆραι
1544 3693 1573 3733 δ
1608 3692 1668 3746 τὸ
1706 3693 1879 3763 στόμα
1909 3692 2030 3745 τολ-

370 3782 563 3852 μῶντι,
616 3782 749 3852 μηδὲ
786 3779 1042 3843 διανοῖξαι
1076 3780 1339 3847 γλῶτταν,
1383 3780 1479 3833 καὶ
1530 3781 1785 3852 ἀφορμήν
1823 3780 2027 3844 δοῦναι,

366 3868 451 3923 διὰ
477 3872 574 3936 τῆς
610 3870 950 3939 ἐρωτήσεως,
983 3866 1185 3936 πολλῆς
1221 3866 1553 3938 ἀγαθότητος
1580 3882 1594 3897 ⁸
1625 3868 1683 3920 τὸ
1722 3868 1780 3921 δέ
1820 3870 1911 3921 καὶ
1939 3869 2027 3922 λέ-

365 3972 504 4025 γειν,
531 3956 653 4010 Ποῦ
673 3952 759 4019 GT;
788 3954 984 4026 πολλὴν
1006 3955 1118 4025 ἔχει
1139 3955 1235 4025 τήν
1260 3955 1412 4025 ἰσχὺν
1435 3953 1574 4024 μετά
1598 3955 1698 4024 τῆς
1728 3954 2033 4024 φιλανθρω-

366 4043 513 4108 πίας.
537 4044 832 4112 Μονονουχὶ
862 4043 970 4112 7&9
1010 4042 1300 4095 αἰνίττεται
1342 4040 1490 4111 αὐτῷ
1520 4041 1608 4094 δια
1640 4041 1827 4095 τούτου
1857 4043 2031 4110 λέγων

366 4131 502 4203 πρὸς
539 4130 729 4184 αὐτόν·
772 4129 837 4182 Τί
882 4128 1144 4196 γέγονεν;
1181 4128 1437 4198 Ἐτέρωθί
1480 4146 1539 4195 σε
1585 4129 1897 4195 κατέλιπον,
1938 4130 2032 4183 καὶ

366 4216 595 4287 ἑτέρωθι
624 4216 718 4267 νῦν
745 4216 1018 4286 εὑρίσκω·
1053 4214 1215 4285 ἑτέρᾳ
1244 4214 1368 4285 δόξῃ
1401 4215 1771 4284 ἠμφιεσμένον
1813 4216 2034 4271 καταλι-

368 4300 506 4363 πὼν,
535 4300 628 4354 νῦν
661 4293 818 4370 εῦρον
853 4301 911 4352 ἐν
939 4299 1256 4370 γυμνότητι.
1292 4299 1416 4352 Ποῦ
1442 4295 1534 4361 sl;
1572 4299 1740 4353 Πόθεν
1781 4316 1864 4353 σοι
1903 4317 2019 4353 συν-

364 4389 461 4459 έϐη
491 4388 680 4455 τοῦτο;
712 4387 807 4450 Τίς
835 4402 895 4439 σε
919 4388 998 4449 είς
1020 4385 1284 4440 τοσαύτην
1306 4386 1481 4457 ήγαγε
1513 4386 1843 4458 μεταϐολήν;
1872 4388 2029 4443 Uolo:

361 4475 563 4551 λῃστής
586 4474 678 4527 καὶ
704 4473 1035 4545 τοιχωρύχος
1070 4472 1242 4537 οὕτως
1269 4472 1464 4544 ἀθρόον
1493 4473 1709 4527 ἃπασαν
1738 4474 1834 4527 τοῦ
1861 4474 2021 4526 πλού-

362 4578 458 4616 του
500 4563 600 4632 τὴν
632 4561 947 4638 περιουσίαν
978 4560 1343 4631 ἀφελόμενος,
1391 4561 1450 4613 ἐν
1494 4560 1726 4631 τοσαύτη
1761 4577 1820 4613 σε
1870 4563 2028 4631 πενίᾳ

362 4648 692 4719 κατέστησες
718 4646 886 4701 Πόθεν
906 4662 986 4701 σοι
1004 4648 1104 4717 τῆς
1127 4647 1455 4718 γυμνώσεως
1476 4648 1509 4719 ή
1532 4648 1785 4719 αῐᾰθησις
1804 4648 1993 4717 γέγονε
2011 4666 2026 4715 ;

362 4735 459 4800 Τίς
492 4752 574 4788 σοι
616 4735 789 4798 αίτιος
820 4735 921 4806 τῆς
951 4734 1290 4805 ἀφαιρέσεως
1325 4734 1420 4786 τοῦ
1452 4733 1764 4805 θαυμαστοῦ
1814 4735 2024 4788 ἐκείνου

362 4822 678 4892 ἐνδύματος,
711 4821 739 4874 δ
779 4820 1240 4893 περιϐεϐλημένος
1278 4820 1723 4891 ἐτύγχανεςςτίς
1771 4822 1804 4892 ή
1853 4821 2025 4891 ἀθρόα

361 4908 500 4978 αὕτη
554 4908 860 4978 μεταϐολή;
919 4908 1053 4962 Ποία
1114 4908 1365 4975 καταιγὶς
1396 4907 1539 4961 οὕτω
1573 4908 1774 4981 σφοδρά
1814 4910 2026 4979 ταχέως

362 4994 579 5050 ἀπαντά
610 5012 703 5047 σου
736 4994 825 5047 τὸν
860 4995 1057 5063 φόρτον
1092 4995 1390 5059 κατέδυσε;
1423 4995 1488 5047 Τί
1521 4994 1779 5061 γέγονεν,
1820 4996 1902 5049 ὃτι
1931 4998 2023 5050 τὸν

357 5080 595 5134 τοσαῦτα
643 5080 1098 5152 εὐεργετήσαντα,
1128 5079 1223 5133 καὶ
1260 5082 1339 5143 εἰς
1382 5080 1649 5151 τοσαύτην
1682 5082 2023 5151 ἀναγαγόντα

356 5166 524 5237 τιμὴν
557 5164 893 5237 κρύπτεσθαι
924 5167 1246 5236 ἐπιχειρεῖς;
1273 5166 1405 5218 Τίνα
1431 5164 1680 5231 δεδοικὼς
1703 5166 1797 5221 νῦν
1826 5168 2023 5222 λανθά⁴

358 5268 471 5306 νειν
513 5252 865 5319 σπουδάζειςς
914 5247 1015 5323 Μή
1040 5252 1149 5324 γὰρ
1201 5254 1505 5325 κατήγορος
1554 5254 1902 5326 παρέστηκε;
1946 5256 2021 5327 μή

308 5368 311 5369 ν
358 5341 467 5412 γάρ
502 5340 780 5423 μάρτυρες
809 5340 1175 5411 ἐφεστήκασις
1214 5342 1385 5395 Πόθεν
1420 5359 1501 5395 σοι
1531 5343 1565 5411 ή
1588 5342 1824 5413 τοσαύτη
1851 5342 2021 5398 δειλία

359 5429 497 5481 καὶό
526 5426 690 5495 φόϐος
718 5427 1119 5497 κατεσκεδάσθη
1148 5439 1206 5495 e;
1244 5427 1356 5496 Τῆς
1378 5428 1583 5498 φωνῆς
1612 5443 1730 5483 σου
1761 5431 2018 5497 ἤκουσα,

358 5514 511 5583 φησὶ,
552 5513 1017 5582 περιπατοῦντος
1055 5514 1125 5567 ἐν
1151 5514 1230 5579 τῷ
1270 5514 1628 5585 παραδείσῳ,
1671 5516 1767 5569 καί
1800 5517 2018 5586 £37061?-

358 5602 476 5667 θην
531 5598 621 5651 ὅτι
676 5601 900 5669 γυμνός
949 5603 1095 5670 εἰμι,
1151 5601 1249 5656 καὶ
1294 5603 1570 5671 ἐκρύϐην.
1624 5603 1793 5656 Πόθεν
1844 5621 1924 5658 σοι
1985 5608 2018 5676 ή

355 5684 557 5752 γνῶσις
595 5683 693 5753 τῆς
738 5685 1066 5755 γυμνώσεως
1107 5687 1361 5756 γέγονεν;
1405 5690 1526 5743 εἰπέ
1558 5707 1682 5761 μοι’
1718 5689 1770 5742 τί
1813 5690 1873 5743 τὸ
1902 5708 2021 5746 και-

354 5770 444 5824 νὸν
485 5770 581 5823 καὶ
612 5771 945 5842 παράδοξον;
989 5774 1085 5836 Τίς
1115 5774 1180 5828 ἂν
1220 5775 1375 5828 τοῦτο
1406 5776 1646 5846 ἠδυνήθη
1689 5776 1818 5828 ποτὲ
1853 5778 2019 5845 ἀναγ-

420 5853 791 5922 {Morelzﬁngp
812 5858 1064 5922 ἀνθρώπων
1087 5876 1170 5915 τις.
1203 5897 1213 5907 .
1238 5860 1551 5922 ἀνάσχοιτο...
1578 5861 1726 5921 αὐτῷ.
1766 5858 1793 5898 ιι
1819 5860 1940 5919 Reg.
1969 5866 2020 5909 el

360 5913 510 5962 Savil.
565 5918 695 5983 μηδὲ.
730 5913 907 5980 δίᾶραιί
955 5920 1061 5967 Mox
1127 5913 1273 5970 Sam.
1321 5913 1509 5977 κινῆσαι
1553 5913 1781 5983 γλῶτταν.
1850 5913 2015 5983 “urg.

366 5991 448 6022 ut
457 5978 749 6037 εσχεδιάσθη.

1098 370 1156 425 S.
1191 364 1474 424 JOANNIS
1512 359 2002 421 CHRYSOSTOMI
2036 355 2352 415 ARCHIEI’.
2393 351 2941 413 CONSTANTINOI‘.

2149 472 2325 541 γεῖλαί
2360 488 2471 534 σοι,
2512 471 2560 522 εἰ
2608 467 2683 540 μή
2723 468 2788 521 σὺ
2824 466 3005 537 σαυτῷ
3047 464 3251 536 ταύτης
3292 463 3464 529 utrm;
3502 465 3693 534 ἐγένου
3722 468 3826 537 τῆς

2147 558 2407 629 αἰσχύνης
2431 571 2446 621 ;
2485 557 2535 608 εἰ
2559 554 2633 625 μή
2654 553 2764 607 ἀπὸ
2782 553 2874 607 τοῦ
2906 553 3083 617 ξύλον,
3117 546 3178 606 οὗ
3207 552 3563 622 ἐνετειλάμην
3590 570 3673 606 σοι
3697 554 3825 611 τού-

2144 656 2239 693 του
2278 637 2439 707 μόνου
2482 633 2556 706 μὴ
2597 634 2810 702 φαγεῖν,
2847 632 2940 684 ἀπ’
2979 632 3143 686 αὐτοῦ
3178 630 3412 699 ἐφαγες;
3441 631 3587 704 Ὅρα
3622 631 3823 700 φιλαν.

2146 719 2388 793 θρωπίαν
2410 718 2680 771 Δεσπότου
2711 719 2807 771 καὶ
2838 715 3187 781 ἀνεξικακίας
3211 717 3536 789 ὑπερϐολήν.
3571 718 3825 789 Δυνάμε-

2145 819 2234 865 νος
2262 802 2369 871 γὰρ
2392 799 2593 861 εὐθέως
2649 799 2783 868 μηδέ
2824 798 3169 871 ἀποκρίσεως
3211 798 3439 866 ἀξιῶσαι
3469 799 3560 853 τὸν
3579 800 3824 856 τοσαῦτα

2145 880 2521 953 ἡμαρτηκότα,
2549 877 2665 932 ἀλλ’
2692 879 2797 931 ὑπὸ
2818 879 2878 931 τὸ
2898 878 3175 949 ἐπιτίμιον
3202 880 3445 948 ἀγαγεῖν,
3474 879 3502 932 ὃ
3524 880 3822 950 προλαϐὼν

2146 963 2364 1035 ὥρισεν,
2415 963 2464 1015 εί
2510 960 2808 1031 παραϐαίη,
2842 960 3204 1031 μακροθυμεῖ,
3249 960 3344 1015 καὶ
3396 962 3673 1031 ἀνέχεται,
3724 964 3824 1016 καὶ

2146 1046 2341 1116 ἐρωτᾷ,
2382 1043 2475 1097 καὶ
2522 1044 2810 1112 ἀπόκρισιν
2835 1042 3068 1111 δέχεται,
3106 1043 3201 1094 καὶ
3226 1042 3385 1095 πάλιν
3420 1043 3599 1112 ἐοωτᾷ
3627 1060 3823 1113 μονον-

2140 1127 2261 1197 ουχὶ
2297 1126 2377 1189 εἰς
2422 1122 2713 1191 ἀπολογίαν
2759 1122 2919 1175 αὐτὸν
2959 1122 3386 1187 ἐκκαλούμενος,
3433 1126 3519 1177 ἵνα
3558 1122 3821 1195 ἀφορμήν

2143 1205 2345 1267 λαϐὼν,
2374 1204 2473 1276 τὴν
2506 1204 2714 1257 οἰκείαν
2751 1203 3159 1275 φιλανθρωπίαν
3201 1204 3294 1257 καὶ
3330 1204 3468 1273 μιτά
3495 1204 3596 1275 τὴν
3618 1204 3821 1258 τοσαύ-

2143 1305 2241 1357 την
2272 1287 2580 1360 παράϐασιν
2611 1287 2737 1355 περὶ
2768 1285 2930 1339 αὐτὸν
2956 1285 3284 1355 ἐπιδείξηται
3310 1301 3325 1316 '
3370 1285 3639 1339 παιδεύων
3666 1288 3820 1357 ἡμᾶς

2144 1376 2237 1427 καὶ
2264 1374 2349 1427 διά
2374 1373 2586 1432 τούτου,
2608 1370 2827 1424 ἐπειδὰν
2841 1370 3148 1440 δικάζωμεν
3175 1372 3285 1433 τοῖς
3307 1364 3629 1433 ὑπευθύνοις
3644 1372 3697 1432 ἀ,
3738 1372 3815 1441 μὴ

2142 1458 2431 1525 ἀνημέρως
2472 1455 2656 1515 αὐτοῖς
2694 1451 3116 1523 προσφέρεσθαι,
3165 1450 3302 1522 μηδὲ
3340 1451 3438 1523 τὴν
3462 1452 3572 1505 τῶν
3602 1452 3815 1522 θηρίων

2142 1538 2402 1609 ὠμότητα
2430 1538 2558 1606 περὶ
2588 1535 2787 1598 αὐτοὺς
2805 1533 3229 1595 ἐπιδείκνυσθαι,
3255 1533 3390 1587 ἀλλά
3414 1533 3580 1605 πολλῇ
3611 1535 3679 1603 τῇ
3713 1549 3819 1602 μα-

2141 1620 2415 1691 κροθυμίᾳ
2445 1619 2537 1671 καὶ
2573 1620 2641 1688 τῇ
2677 1617 2852 1687 φειδοῖ
2891 1614 3209 1687 κεχρῆσθαι.
3260 1616 3355 1669 ﬁt:
3382 1614 3446 1686 δὴ
3474 1614 3552 1679 ὡς
3591 1614 3816 1678 οἰκείοις

2144 1703 2330 1771 μέλεσι
2360 1702 2698 1767 δικάζοντας,
2738 1700 2832 1753 καὶ
2884 1699 2946 1753 τὸ
2975 1698 3236 1769 ὁμογενὲς
3272 1698 3588 1761 ἐννοοῦντας
3617 1698 3815 1767 φιλαν-

2141 1783 2360 1855 θρωπίᾳ
2378 1783 2479 1853 τὴν
2508 1781 2779 1852 τιμωρίαν
2817 1782 3163 1851 κεραννύναι.
3192 1779 3331 1833 Οὐδὲ
3361 1780 3468 1851 7&9
3501 1778 3697 1843 ἁπλῶς
3723 1795 3814 1832 το·

2141 1866 2314 1939 σαύτῃ
2347 1863 2751 1933 συγκαταϐάσει
2787 1864 2821 1933 ή
2863 1862 2981 1916 θεία
3025 1861 3213 1933 Γραφή
3254 1863 3536 1933 κέχρηται,
3561 1860 3703 1916 ἀλλά
3726 1860 3815 1914 διά

2140 1949 2239 2017 τῆς
2259 1948 2567 2019 παχύτητος
2585 1958 2609 1987 ο
2636 1946 2743 2000 τῶν
2774 1946 2970 2012 λέξεων
2997 1945 3318 1998 διδάσκουσα
3340 1945 3484 2014 ήμᾶς
3510 1944 3615 2014 τήν
3634 1960 3697 1997 τε
3716 1942 3812 1996 τοῦ

2140 2030 2273 2084 Θεοῦ
2310 2029 2740 2100 φιλανθρωπίαν,
2789 2028 2883 2081 καὶ
2923 2030 3003 2091 είς
3040 2026 3199 2095 ζῆλον
3238 2026 3464 2094 ἄγουσα,
3497 2025 3642 2079 ὥστε
3670 2025 3817 2080 κατά

2137 2107 2363 2181 δύναμιν
2390 2110 2733 2180 ἀνθρωπίνην
2758 2108 3044 2180 μιμεῖσθαι
3069 2109 3162 2160 τοῦ
3197 2108 3463 2161 Δεσπότου
3483 2109 3583 2179 τήν
3607 2108 3813 2177 ἀγαθό-

2136 2207 2294 2258 τητα·
2327 2191 2438 2248 Καὶ
2459 2187 2628 2245 εἶπεν
2648 2188 2828 2254 αὐτῷ,
2862 2190 2955 2254 Τις
2975 2188 3294 2258 ἀνήγγειλε
3322 2205 3441 2251 σοι,
3465 2188 3553 2241 ὅτι
3578 2189 3813 2258 γυμνὸς

2137 2268 2208 2333 εἴ,
2251 2274 2313 2325 εί
2325 2272 2411 2342 μὴ
2443 2271 2560 2327 ἀπὸ
2588 2271 2694 2325 τοῦ
2720 2270 2912 2335 ξύλου
2940 2265 3011 2325 οὗ
3035 2269 3425 2338 ἐνετειλάμην
3450 2285 3550 2323 σοι
3588 2270 3813 2324 τούτου

2132 2356 2327 2422 μόνου
2354 2354 2440 2423 μὴ
2464 2353 2697 2423 φαγεῖν,
2732 2352 2834 2405 ἀπ’
2866 2350 3053 2404 αὐτοῦ
3091 2351 3345 2421 ignaram
3379 2351 3547 2405 Πόθεν
3578 2351 3669 2415 ἀν,
3699 2369 3811 2423 φη-

2140 2437 2247 2501 σίν,
2283 2436 2554 2507 ὴδυνήθης
2573 2434 2728 2489 τοῦτο
2751 2434 2974 2503 γνῶναι,
3006 2434 3097 2487 καὶ
3120 2433 3355 2505 τοσαύτῃ
3380 2433 3611 2505 αἰσχύνη
3646 2452 3813 2505 περι-

2138 2518 2425 2588 ϐληθῆναι,
2456 2518 2505 2570 εί
2552 2517 2626 2588 μή
2674 2517 2842 2587 πολλῇ
2875 2519 2941 2588 τῇ
2985 2516 3223 2587 ἀκρασίᾳ
3265 2518 3504 2587 ἐχρήσω,
3550 2516 3647 2570 καὶ
3673 2534 3810 2571 κατ-

2136 2600 2440 2672 εφρόνησάς
2475 2616 2575 2668 μου
2604 2600 2703 2668 τῆς
2729 2599 2980 2667 ἐντολῆςς

2208 2680 2358 2753 [158]
2373 2682 2435 2735 δ’.
2450 2681 2666 2744 Σκόπει,
2685 2680 2958 2750 ἀγαπητὴ
2977 2680 3072 2749 τῆς
3090 2678 3421 2749 ἀγαθότητος
3440 2678 3536 2731 τοῦ
3551 2677 3691 2731 Θεοῦ
3711 2678 3813 2749 τὴν

2136 2765 2462 2835 ὑπερϐολὴν,
2486 2765 2632 2827 ὅπως
2662 2758 2911 2833 καθάπερ
2942 2763 3089 2831 φίλος
3124 2762 3262 2831 φίλῳ
3288 2757 3690 2831 διαλεγόμενος,
3716 2762 3813 2813 καὶ

2135 2847 2380 2915 ἐγκαλῶν
2406 2847 2480 2909 ὡς
2509 2845 2811 2914 παραϐάντι
2841 2845 2907 2897 τά
2939 2842 3066 2914 παρ’
3096 2843 3256 2897 αὑτοῦ
3288 2842 3629 2904 ἐνταλθέντα,
3664 2842 3816 2897 οὕτω

2136 2931 2272 3001 πρὸς
2300 2929 2462 2982 αὐτὸν
2490 2927 2587 2996 τὴν
2632 2926 2867 2989 διάλεξιν
2908 2929 3157 2979 ποιεῖται.
3212 2927 3306 2992 Τίς
3362 2924 3680 2995 ἀνήγγειλέ
3709 2940 3813 2979 σοι

2134 3012 2223 3065 ὅτι
2255 3012 2478 3080 γυμνὸς
2499 3006 2571 3071 εἴ,
2604 3008 2753 3077 εἰμὴ
2771 3008 2888 3061 ἀπό
2910 3008 3019 3062 τοῦ
3062 3009 3273 3073 ξύλου,
3313 3006 3385 3064 οὗ
3414 3008 3813 3077 ἐνετειλάμην

2134 3112 2235 3149 σοι
2268 3095 2481 3148 τούτου
2509 3094 2703 3161 μόνου
2731 3089 3079 3159 μὴ’φαγεῖν,
3111 3091 3214 3146 ἀπ’
3236 3091 3422 3145 αὐτοῦ
3443 3091 3697 3159 ἔφαγεςς
3730 3089 3811 3142 Οὔ

2138 3177 2338 3248 μικρὰν
2372 3175 2605 3245 ἔμφασιν
2633 3175 2747 3244 ἔχει
2776 3173 2955 3227 καὶτὸ
2991 3172 3190 3241 λέγειν’
3224 3174 3442 3227 Τούτου
3469 3174 3685 3242 μόνου.
3715 3173 3810 3242 Μὴ

2135 3260 2242 3329 γὰρ
2301 3256 2713 3328 ἐστενοχώρησά
2763 3273 2879 3319 σου,
2938 3257 3095 3326 φησί,
3144 3255 3241 3326 τήν
3290 3255 3618 3319 ἀπόλαυσιν;
3660 3255 3811 3325 ;υῦχὶ

2138 3342 2317 3392 πᾶσαν
2351 3338 2535 3391 ἄδειάν
2593 3354 2673 3390 σοι
2731 3338 3026 3408 παρέσχον,
3080 3339 3175 3390 καὶ
3226 3338 3441 3391 πάντων
3485 3337 3595 3389 τῶν
3633 3338 3692 3390 ἐν
3728 3335 3811 3407 τῷ

2136 3420 2447 3490 παραδείσῳ
2488 3418 2587 3489 τὴν
2630 3419 2875 3485 ἐξουσίαν
2922 3420 3187 3482 δεδωκὼς,
3240 3419 3357 3481 ἐνὸς
3409 3417 3599 3472 τούτου
3642 3418 3810 3487 μόνου

2134 3501 2430 3573 ἀπέχεσθαι
2455 3500 2826 3570 ἐνετειλάμην,
2861 3502 2948 3555 ἵνα
2972 3502 3168 3555 εἰδέναι
3199 3501 3350 3572 ἔχῃς,
3376 3501 3458 3554 ὅτι
3487 3499 3592 3552 ὑπὸ
3613 3499 3812 3552 δεσπό-

2134 3601 2233 3653 την
2264 3578 2314 3635 εῑ
2336 3582 2381 3644 ί,
2408 3582 2501 3635 καὶ
2533 3582 2769 3650 ὀφείλεις
2800 3584 3046 3653 ὑπακοήν
3095 3599 3216 3637 τινα
3270 3580 3670 3642 ἐπιδεικνύναις
3712 3580 3811 3644 Τίς

2133 3663 2225 3726 οὖν
2253 3669 2284 3737 ή
2317 3667 2553 3736 τοσαύτη
2590 3664 2852 3736 ῥᾳθυμία,
2886 3664 3025 3718 ὥστε
3058 3665 3327 3735 τοσαύτην
3355 3664 3544 3734 ἔχοντα
3564 3662 3810 3716 ἀπόλαυ-

2136 3767 2238 3812 σιν,
2279 3749 2354 3819 μὴ
2382 3747 2709 3817 ἀνασχέσθαι
2761 3746 2895 3816 μηδέ
2924 3747 3111 3799 τούτου
3142 3745 3241 3800 τοῦ
3291 3746 3410 3808 ἐνὸς
3444 3742 3807 3813 ἀποσχέσθαι,

2133 3835 2246 3889 ἀλλ’
2273 3832 2414 3886 οὕτω
2461 3830 2672 3901 ταχέως
2706 3830 2805 3892 εἰςκ
2828 3830 2928 3899 τὴν
2966 3830 3096 3901 παρ’
3130 3828 3266 3900 ἐμοῦ
3305 3828 3561 3903 δοθεῖσαν
3585 3827 3810 3898 ἐντολὴν

2134 3916 2433 3986 ἐξυϐρίσαι,
2462 3915 2554 3967 καί
2591 3914 2866 3974 τοσούτοις
2897 3914 3087 3974 κακοῖς
3128 3912 3318 3964 ἐαυτὸν
3347 3910 3701 3981 περιϐαλεῖν;
3741 3908 3807 3961 Τί

2137 4015 2217 4051 σοι
2254 3998 2313 4050 τὸ
2345 3996 2531 4064 ὄφελος
2572 3995 2827 4065 γέγονενς
2865 3994 2941 4048 Ού
2974 3993 3260 4064 προλαϐὼν
3300 3992 3472 4046 ταῦτα
3510 3987 3706 4059 εἶπον;
3744 3992 3806 4044 οὺ

2134 4077 2211 4147 τῷ
2241 4078 2389 4147 φόϐῳ
2416 4077 2508 4129 τοῦ
2550 4078 2825 4146 ἐπιτιμίου
2867 4076 3288 4147 προαναστείλαι
3331 4073 3667 4145 ἠϐουλήθην,
3714 4074 3809 4127 καὶ

2136 4159 2567 4230 ἀσφαλεστέρους
2598 4158 2930 4229 ἐργάσασθαι
2951 4175 2973 4223 ;η
3014 4157 3114 4210 οὐκ
3152 4152 3305 4209 εἷπον
3340 4155 3402 4219 τὸ
3451 4156 3648 4227 μέλλον
3677 4158 3807 4226 ὑμῖν

2136 4241 2507 4312 συμϐήσεσθαι
2530 4258 2543 4305 ;
2579 4242 2639 4292 οὐ
2664 4240 2751 4294 διὰ
2776 4241 2935 4292 τοῦτο
2963 4239 3058 4309 τήν
3081 4238 3283 4309 βρῶσιν
3308 4238 3577 4303 ἐκώλυσα,
3614 4239 3705 4292 ἵνα
3730 4238 3806 4311 μὴ

2132 4324 2343 4385 τούτοις
2374 4321 2705 4393 περιπέσητε
2726 4339 2739 4387 ;
2767 4322 2862 4383 Τίς
2886 4321 2951 4373 άν
2976 4336 3038 4373 σε
3058 4319 3390 4390 συγγνώμης
3410 4319 3686 4384 ἀξιώσειε,
3714 4322 3805 4373 τὴν

2135 4409 2273 4479 μετά
2299 4407 2565 4469 τοσαύτας
2618 4406 2993 4478 παραγγελίας
3031 4406 3203 4469 οὓτως
3244 4404 3533 4474 ἀγνώμονα
3572 4407 3803 4477 γενόμε-

2130 4511 2251 4559 νον;
2305 4494 2380 4546 Οὐ
2422 4492 2672 4563 καθάπερ
2714 4492 2897 4563 πατὴρ
2942 4492 3095 4546 παιδὶ
3155 4492 3392 4562 γνησίῳ,
3435 4489 3581 4545 οὕτω
3624 4493 3804 4546 πάντα

2129 4571 2540 4642 διεστειλάμην,
2585 4572 2679 4624 καί.
2730 4570 2944 4637 ἐδίδαξα
2989 4570 3096 4623 τῶν
3138 4571 3236 4641 μὲν
3280 4570 3454 4624 ἀλλων
3493 4570 3805 4639 ἀπογεύσα-

2136 4652 2281 4715 σθαι,
2317 4653 2505 4706 τούτου
2539 4653 2595 4705 δὲ
2621 4652 2976 4721 ἀποσχέσθαι,
3009 4652 3097 4705 ἵνα
3142 4652 3217 4723 μὴ
3239 4651 3373 4705 πᾶσί
3407 4668 3501 4705 σου
3530 4654 3645 4716 τοῖς
3668 4654 3806 4721 ἀγα-

2131 4731 2243 4795 θοῖς
2263 4732 2325 4785 λυ
2334 4734 2618 4803 μαίνηται;
2662 4731 2801 4783 Ἀλλ’
2838 4734 2968 4794 ἴσως
3005 4733 3214 4803 ἀγαθήν
3238 4734 3333 4786 καὶ
3353 4732 3805 4806 ἀξιοπιστοτέραν

2134 4815 2483 4885 ἡγησάμενος
2523 4817 2622 4884 τῆς
2666 4813 2807 4882 ἐμῆς
2836 4813 3057 4880 ἐντολῆς
3096 4814 3195 4884 τὴν
3232 4814 3420 4883 ἐτέρου
3467 4815 3802 4887 συμϐουλὴν,

2130 4898 2223 4950 καί¹
2254 4896 2625 4966 προσδοκήσας
2656 4894 2917 4965 μειζόνων
2937 4896 3221 4962 ἐφικέσθαι
3244 4898 3269 4936 ⁸
3291 4895 3448 4949 τοῦτο
3469 4898 3802 4967 πεποίηκας,

2128 4984 2219 5037 καὶ
2249 4983 2347 5046 τάς
2383 4982 2520 5052 ἐμὰς
2548 4982 2767 5045 ἐντολάς
2805 4982 3204 5052 παρωσάμενος
3249 4982 3667 5053 κατετόλμησας
3701 4985 3803 5053 τῆς

2126 5063 2216 5116 τοῦ
2255 5063 2409 5129 ξύλου
2449 5061 2724 5134 βρώσεως.
2764 5063 2896 5115 Ἰδοὺ
2919 5062 3010 5115 διὰ
3027 5063 3126 5132 τῆς
3161 5063 3357 5132 πείρας
3387 5058 3462 5116 ὦν
3499 5064 3798 5126 πέπονθας.

2124 5145 2327 5216 ἔμαθες
2360 5147 2483 5199 ὅσον
2510 5144 2608 5213 τῆς
2637 5144 2948 5214 συμϐουλῆς
2981 5144 3193 5214 ἐκείνης
3223 5143 3284 5197 τὸ
3317 5143 3575 5215 ὀλέθριον.
3612 5146 3800 5199 Εἶδετε

2123 5225 2377 5282 δικαστοῦ
2407 5226 2854 5298 φιλανθρωπίαν;
2885 5225 3051 5279 εἴδετε
3080 5226 3396 5298 ήμερότητα
3426 5226 3521 5280 καὶ
3542 5226 3800 5291 ἀνεξικα-

2128 5311 2249 5363 κίαν
2279 5310 2482 5377 ἄφατον
2517 5310 2572 5372 tl;
2599 5308 2766 5360 εἴδετε
2799 5307 3209 5377 συγκατάϐασιν
3265 5309 3442 5362 πάντα
3495 5308 3652 5376 λόγον
3701 5310 3799 5362 καὶ

2122 5393 2363 5445 διάνοιαν
2394 5390 2861 5461 ύπερϐαἱνουσανς
2899 5390 3068 5443 εἴδετε
3091 5390 3207 5453 πῶς
3225 5391 3315 5444 διά
3342 5391 3440 5459 τῆς
3468 5391 3795 5460 ἐρωτήσεως

2125 5477 2217 5535 καὶ
2250 5472 2344 5527 τοῦ
2387 5473 2583 5537 λέγειν,
2625 5473 2721 5539 Τίς
2760 5472 3080 5542 ἀνήγγειλέ
3112 5491 3212 5528 σοι
3245 5474 3334 5543 ὅτι
3372 5474 3598 5545 γυμνὸς
3622 5471 3698 5537 εἷ,
3740 5476 3796 5528 εί

2104 5636 2105 5639 η
2118 5558 2204 5627 μὴ
2234 5556 2353 5639 ἀπὸ
2384 5556 2489 5610 τοῦ
2527 5556 2735 5639 ξύλου,
2780 5551 2853 5610 οὗ
2890 5555 3284 5639 ένετειλιίμην
3312 5572 3411 5612 σοι
3446 5558 3661 5639 τούτου
3683 5558 3794 5639 μό·

2121 5656 2231 5692 νου
2254 5637 2340 5707 μή
2369 5638 2598 5706 φαγεῖν,
2629 5639 2730 5692 ἀπ’
2751 5637 2939 5692 αὐτοῦ
2959 5639 3195 5707 ἔφαγες,
3220 5639 3385 5711 θύρας
3410 5638 3558 5709 αὐτῷ
3582 5638 3791 5703 ἀνοῖξαι

2126 5719 2376 5791 βούλεται
2406 5718 2717 5788 ἀπολογίας,
2761 5720 2846 5772 ἵνα
2885 5720 2979 5771 καὶ
3023 5721 3154 5791 πρὸς
3202 5720 3286 5773 τὸν
3335 5719 3504 5781 οὔτως
3532 5722 3790 5790 ἡμαρτη-

3121 5815 3251 5875 ειηειε
3269 5803 3347 5850 διὰ
3374 5804 3474 5875 μὴν

2187 5816 2214 5841 α
2236 5816 2384 5874 ξανιι.
2405 5818 2513 5856 τους
2544 5816 2835 5873 υπευυυνους.
2904 5816 2927 5832 υ
2960 5816 3081 5910 “cf.
3121 5816 3246 5850 unus
3269 5816 3347 5850 οια
3390 5816 3474 5859 την
3518 5816 3786 5875 ammte.

2134 5862 2153 5925 τ
2184 5864 2280 5912 Alli
2312 5863 2409 5925 ι’)πρ
2427 5862 2717 5925 δεσποτειαν.
2747 5862 2871 5912 Ibid.
2896 5862 3067 5925 More,
3104 5862 3463 5925 ἐπιδείκνυσθαι.
3533 5862 3558 5900 ⁸
3584 5862 3787 5925 βαθείῃ..

2130 5924 2355 5999 ἐφίεσθαι.
2385 5922 2533 5973 Sav'll.
2562 5930 2614 5971 el
2636 5924 2731 5973 duo
2754 5936 2867 5973 mss.
2900 5922 3231 5979 ἐπιτεύξεσθαι.
3300 5921 3327 5962 δ
3359 5922 3478 5987 “by.
3508 5933 3636 5973 unm
3656 5919 3790 5972 ωε

2130 5999 2377 6032 οεσποτου.

2187 5802 2214 5841 (1
2236 5802 2384 5850 Savil.
2405 5805 2513 5856 τοὺς
2544 5802 2835 5857 ὑπευθύνους.
2904 5804 2927 5832 θ
2959 5798 3029 5850 Ré
