4068 6380
266 371 359 424 ΓΠ
1367 354 1430 411 ΙΝ
1472 357 1626 412 CAP.
1671 356 1754 411 lli.
1792 357 2036 413 GENES.
2084 357 2311 413 HOMIL.
2360 359 2519 413 XVII.

260 495 401 537 siros
414 472 963 536 condetuuemusmisi
981 486 1137 526 causa
1154 481 1308 524 antea
1326 472 1605 539 diligenter
1620 470 1851 538 cognita.

331 571 385 622 ὃ.
406 567 704 623 Audiamus
725 565 901 633 igitur,
925 564 969 617 si
996 562 1184 631 placet,
1210 578 1328 630 quae
1345 561 1509 629 judex
1535 562 1851 629 intermgct.

258 674 380 729 qua:
410 658 485 711 rei
515 655 894 725 respondeant,
928 667 1060 722 quas
1090 666 1273 722 punias
1296 650 1486 715 ferant,
1526 662 1577 704 et
1607 651 1689 704 cui
1723 665 1853 703 con-

258 748 595 803 demuatioui
625 745 891 811 obnoxius
915 742 1072 796 fuerit
1098 744 1142 795 is
1172 742 1259 811 qui
1293 742 1344 795 in
1373 741 1492 795 illos
1523 749 1695 793 tantas
1723 739 1853 792 insi-1

260 841 375 893 dias
402 838 734 892 machinatus
754 845 854 890 est.
886 834 1013 901 Sed,
1045 834 1288 898 obsecro,
1310 834 1547 887 animum
1576 831 1853 895 attendite,

260 945 312 985 et
334 930 507 985 multo
522 945 641 984 cum
663 928 853 982 timore
871 926 1009 980 dicta
1027 925 1337 978 auscultate.
1359 924 1415 978 Si
1431 923 1595 987 enim,
1622 936 1743 975 cum
1775 922 1853 973 vi-

262 1024 452 1077 demus
484 1030 753 1077 terrenum
792 1018 1027 1087 judicem
1054 1017 1111 1069 in
1138 1016 1352 1069 sublimi
1386 1014 1633 1069 tribunali
1663 1013 1853 1067 sedcu-

263 1123 393 1178 teut,
418 1126 541 1166 reos
571 1110 621 1163 in
649 1109 880 1163 medium
911 1107 1290 1175 producentem
1312 1146 1326 1171 ,
1359 1115 1413 1158 et
1440 1104 1712 1172 suppliciis
1736 1101 1855 1154 affi-

261 1202 524 1265 cicutem,
559 1215 663 1251 non
692 1198 808 1251 sine
837 1197 1025 1251 timore
1051 1195 1324 1257 adstamus
1345 1236 1360 1258 ,
1394 1194 1579 1247 audire
1610 1194 1853 1246 volentes

262 1293 518 1362 quidnam
539 1292 697 1360 judcx
724 1291 887 1353 dicat,
918 1298 970 1343 et
997 1288 1123 1357 quid
1151 1280 1469 1356 respondeat
1497 1300 1618 1338 reus
1647 1302 1659 1335 :
1687 1285 1855 1337 multo

264 1385 434 1454 magis
465 1398 605 1437 nunc
630 1382 729 1435 hoc
756 1381 910 1434 nobis
941 1379 1263 1443 faciendum,
1296 1393 1415 1431 eum
1443 1378 1685 1430 videmus
1723 1376 1851 1444 Opi.

266 1478 417 1528 licem
446 1481 647 1527 natura:
680 1487 888 1541 pinnam
916 1470 1027 1523 suis
1060 1469 1317 1523 creaturis
1345 1470 1625 1522 intentare.
1658 1467 1852 1520 Verum

263 1567 307 1617 si
340 1565 626 1633 diligenter
653 1561 959 1625 attendatis,
993 1560 1237 1613 videbitis
1259 1568 1510 1627 quantum
1536 1558 1744 1611 intersit
1772 1557 1854 1609 itt-

266 1661 349 1709 t‘er
388 1653 808 1709 tttisericordiam
839 1652 953 1710 Dei,
988 1660 1036 1702 et
1072 1650 1343 1701 hominum
1376 1664 1499 1715 erga
1528 1661 1854 1714 congeneres

262 1747 627 1801 severitatem.
656 1743 710 1797 9.
762 1742 825 1795 Et
873 1742 1061 1794 vocavit
1111 1739 1357 1792 Dominus
1406 1737 1544 1792 Dem
1590 1737 1778 1802 Adam,
1806 1746 1855 1790 et

256 1838 395 1890 dixit
422 1837 502 1889 illi
534 1851 553 1888 :
582 1835 765 1898 Adam,
797 1834 882 1885 ubi
925 1849 974 1884 es
1000 1832 1023 1884 ?
1066 1830 1157 1885 Vel
1191 1846 1253 1883 ex
1296 1832 1407 1898 ipsa
1438 1830 1854 1899 interrogatione

261 1926 383 1995 jure
412 1924 853 1991 obstupescamus
880 1920 944 1974 ad
976 1920 1299 1973 eminentem
1341 1920 1431 1973 Dei
1471 1918 1809 1973 clementiam
1837 1936 1850 1971 ε

260 2035 375 2073 non
397 2018 566 2072 solum
589 2016 728 2085 quod
762 2013 1052 2077 vocaverit,
1081 2011 1173 2065 sed
1204 2012 1345 2081 quod
1375 2027 1466 2080 per
1492 2012 1725 2079 seipsum
1758 2026 1853 2063 vo-

264 2109 469 2163 caverit
496 2126 508 2161 :
543 2106 593 2161 id
615 2104 755 2175 quod
779 2104 1020 2157 homines
1044 2101 1219 2155 facere
1246 2117 1533 2171 numquam
1558 2102 1754 2155 ferrent
1776 2102 1856 2155 itt-

267 2210 349 2253 ter
375 2213 456 2260 se,
480 2198 602 2250 licet
630 2195 872 2249 eamdem
904 2202 1144 2246 naturam
1166 2192 1338 2245 sortiti
1360 2190 1666 2245 sinteScitis
1686 2192 1850 2257 enim,

265 2305 389 2343 cum
413 2287 621 2358 judices
652 2286 703 2339 in
726 2287 834 2339 aito
860 2285 995 2337 solio
1018 2284 1225 2345 Sedent,
1249 2284 1587 2351 rationesque
1610 2293 1856 2352 repetunt

264 2398 297 2435 a
328 2378 778 2440 malefactoribus,
812 2391 913 2431 nec
942 2391 1040 2431 suo
1068 2389 1162 2429 eos
1183 2389 1442 2443 responso
1469 2375 1673 2443 dignari
1706 2392 1718 2428 :
1754 2375 1856 2429 hoc

266 2473 387 2539 ipso
409 2469 752 2525 ostendentes
778 2468 902 2530 illis,
931 2476 1123 2534 quanta
1153 2466 1436 2535 ignominia
1467 2480 1585 2521 sese
1613 2466 1724 2521 suis
1756 2466 1854 2520 lia-

266 2562 409 2630 gitiis
447 2562 808 2627 asperserint:
842 2567 895 2612 et
941 2557 1101 2625 judex
1144 2556 1355 2626 quidem
1398 2556 1711 2624 respondet,
1761 2556 1855 2611 sed

269 2652 407 2705 alius
432 2650 692 2719 quispiam
722 2664 751 2701 a
777 2648 953 2716 judice
981 2647 1097 2700 hmo
1116 2647 1404 2714 excipiens,
1435 2661 1528 2699 reo
1553 2647 1851 2715 annuntiat,

270 2752 322 2796 et
346 2741 510 2811 judici
532 2753 743 2808 quoque
776 2752 895 2807 qua:
923 2752 1046 2791 rcus
1070 2736 1279 2789 dixerat
1310 2754 1322 2787 :
1357 2746 1409 2789 et
1439 2737 1522 2791 hic
1550 2736 1715 2791 fet-me
1737 2738 1852 2790 ubi-

269 2846 374 2898 que
396 2828 742 2898 judicantium
772 2842 888 2880 mos
915 2835 1016 2880 est.
1049 2824 1243 2878 Verum
1289 2825 1429 2879 Deus
1470 2842 1574 2879 non
1605 2827 1683 2879 sic
1710 2826 1852 2894 agit,

268 2921 364 2975 sed
402 2920 710 2991 quomodo?
750 2919 867 2986 ipse
909 2934 1004 2986 per
1042 2931 1161 2971 sese
1204 2927 1357 2970 vocat
1395 2916 1509 2983 :Et
1538 2918 1748 2979 vocavit,
1780 2918 1857 2969 itt-

270 3014 404 3080 quit,
432 3010 682 3064 Domimts
702 3008 841 3062 Deus
867 3009 1051 3071 Adam,
1077 3017 1123 3060 et
1148 3007 1273 3060 dixit
1302 3008 1381 3060 illi
1399 3024 1416 3059 :
1432 3008 1616 3071 Adam,
1649 3009 1732 3059 ubi
1761 3023 1813 3059 es
1835 3008 1859 3059 1’

270 3101 405 3155 Vide
440 3101 492 3156 in
530 3100 674 3154 brevi
704 3099 804 3152 hac
838 3098 1072 3151 dictione
1113 3107 1309 3166 quanta
1350 3098 1428 3149 vis
1459 3096 1729 3151 recondita
1760 3097 1849 3149 sit.

261 3191 403 3247 Nam
432 3200 487 3245 et
516 3192 685 3261 ipsum
727 3203 939 3254 vocare,
981 3202 1183 3257 magna:
1220 3196 1273 3240 et
1316 3185 1599 3241 iueffabilis
1634 3196 1718 3242 est
1750 3189 1861 3240 ele-

273 3285 491 3339 mentiaa
513 3324 529 3349 ,
566 3282 972 3337 erubescentem
993 3320 1007 3344 ,
1038 3287 1091 3333 et
1116 3294 1288 3348 neque
1329 3294 1387 3331 os
1413 3279 1654 3346 aperire,
1687 3294 1860 3347 neque

274 3376 508 3445 linguam
546 3388 761 3427 movere
790 3371 1073 3425 audentem
1108 3385 1331 3433 vocare,
1360 3382 1413 3423 et
1438 3385 1533 3438 per
1558 3369 1857 3440 interroga-

273 3467 471 3520 tionem
504 3463 836 3518 occasionem
863 3461 1011 3525 dare,
1042 3459 1092 3513 id
1117 3460 1337 3528 ingentis
1362 3468 1473 3515 erat
1498 3460 1857 3527 benignitatis:

269 3556 403 3611 illud
424 3566 599 3610 autem
621 3554 820 3625 dicere,
855 3552 951 3606 Ubi
980 3552 1073 3605 es?
1112 3551 1390 3619 plurimam
1422 3565 1522 3603 una
1552 3565 1673 3604 cum
1707 3550 1858 3603 beni-

274 3647 474 3715 gnitate
498 3645 603 3696 vim
636 3643 808 3697 habet.
850 3641 1078 3695 Perinde
1104 3641 1243 3693 enim
1290 3640 1625 3693 subindicare
1652 3640 1860 3694 videtur

274 3750 336 3789 ac
355 3736 399 3789 si
416 3734 644 3787 diceret:
669 3731 803 3797 Quid
831 3730 1024 3783 factum
1053 3730 1170 3783 est?
1198 3727 1253 3782 ιιι
1276 3728 1381 3781 alio
1411 3737 1462 3782 te
1484 3736 1624 3783 statu
1648 3729 1857 3798 reliqui,

276 3824 326 3878 in
357 3824 463 3876 alio
490 3832 541 3877 te
572 3822 782 3875 invenio
813 3836 826 3872 :
858 3820 1022 3889 gloria
1055 3819 1299 3872 vestitum
1332 3826 1382 3872 te
1411 3819 1619 3887 reliqui,
1642 3835 1780 3874 nunc
1808 3821 1859 3873 in

275 3916 515 3969 nuditate
561 3926 621 3965 tc
651 3912 884 3965 invenio.
926 3909 1023 3964 Ubi
1050 3910 1138 3963 es?
1182 3909 1334 3965 Unde
1372 3910 1463 3963 tibi
1490 3909 1591 3963 hoc
1633 3910 1860 3965 accidit?

273 4005 407 4071 Quis
431 4014 481 4057 te
517 4004 567 4057 in
600 4012 798 4057 tantam
844 4002 1048 4055 induxit
1078 4002 1537 4055 vicissitudinem?
1569 4002 1696 4069 Quis
1724 4003 1859 4055 latro

276 4094 365 4147 vel
391 4091 478 4145 fur
507 4092 583 4144 sic
612 4091 776 4143 semel
805 4104 1016 4142 omnem
1046 4088 1351 4141 divitiarum
1387 4077 1734 4141 substantiam
1765 4104 1860 4143 au—

275 4184 477 4245 ferens,
504 4180 554 4234 itt
587 4188 786 4233 tantam
810 4186 861 4233 te
888 4178 1118 4246 inopiam
1144 4176 1401 4231 deduxit?
1431 4175 1580 4231 Unde
1608 4177 1860 4230 nuditatis

277 4285 468 4325 sensus
498 4269 590 4323 tibi
622 4267 872 4337 contigit?
897 4268 1028 4333 Quis
1058 4265 1150 4319 tibi
1177 4266 1227 4319 in
1255 4280 1415 4321 causa
1446 4266 1560 4331 fuit,
1596 4275 1651 4320 ut
1678 4266 1858 4321 aufer-

275 4368 424 4413 retur
450 4374 480 4412 a
504 4368 555 4413 te
581 4358 953 4412 vestimentum
989 4356 1119 4410 illud
1147 4356 1481 4419 admirabile,
1504 4373 1607 4427 quo
1633 4358 1859 4413 amictus

275 4450 439 4505 eras?
479 4452 608 4517 Qua:
648 4450 923 4517 repentina
966 4448 1079 4501 haec
1116 4448 1373 4501 mutatio?
1414 4448 1543 4513 Qua:
1575 4459 1860 4515 tempestas

278 4542 347 4595 ita
371 4540 549 4595 subito
573 4553 760 4593 omnes
791 4546 903 4591 tuas
928 4550 1134 4590 merces
1162 4536 1447 4590 demersit?
1472 4537 1605 4603 Quid
1634 4537 1854 4601 accidit,

275 4630 418 4700 quod
446 4631 515 4684 ab
555 4644 650 4694 eo,
678 4629 766 4696 qui
813 4628 903 4681 tibi
947 4638 1090 4680 tanta
1122 4624 1372 4680 beneﬁcia
1408 4627 1683 4693 praestitit,
1727 4637 1779 4679 et
1807 4626 1859 4679 in

275 4730 486 4774 tantum
524 4718 781 4773 honorem
813 4727 863 4771 te
900 4716 1109 4779 evexit,
1141 4714 1395 4769 occultari
1437 4715 1669 4783 satagis?
1690 4714 1857 4780 Quem

281 4825 421 4865 nunc
446 4811 668 4873 timens,
700 4808 1010 4861 delitescere
1050 4806 1268 4858 studes?
1298 4805 1431 4858 Num
1463 4806 1611 4858 adest
1638 4820 1859 4858 accusa-

277 4900 403 4955 tor?
428 4915 555 4952 num
587 4899 784 4950 instant
813 4894 1014 4947 testes?
1040 4893 1189 4948 Unde
1212 4902 1350 4946 tanta
1379 4888 1625 4957 formido,
1659 4902 1859 4947 tantus-

278 5007 383 5061 que
409 4998 580 5043 metus
608 4997 657 5041 te
693 4986 920 5040 invasit?
949 4984 1033 5037 10.
1070 4982 1249 5047 Tuam,
1278 4983 1465 5051 inquit,
1497 4983 1861 5036 deambulanti:

278 5085 331 5133 in
382 5080 618 5149 paradiso
653 5092 822 5131 vocent
860 5076 1030 5128 audivi
1053 5116 1068 5138 ,
1101 5084 1145 5125 et
1176 5074 1337 5135 timui,
1366 5074 1484 5142 quia
1514 5074 1678 5125 nudus
1706 5089 1818 5125 sum
1841 5113 1856 5139 ,

282 5180 329 5224 et
372 5168 608 5221 abscondi
654 5182 735 5219 me
768 5166 807 5219 ¹.
857 5164 1009 5219 Unde
1054 5166 1147 5218 tibi
1197 5164 1452 5217 nuditatis
1498 5164 1679 5217 notitia
1726 5177 1858 5215 con-

284 5257 449 5327 tigit?
497 5256 582 5307 dic
630 5256 757 5307 mihi
806 5272 819 5307 :
881 5254 1007 5323 quid
1064 5254 1165 5307 hoc
1221 5269 1415 5307 novum
1474 5262 1522 5306 et
1585 5252 1860 5305 insolens?

284 5348 416 5413 Quis
464 5345 564 5398 hoc
616 5358 864 5411 umquam
914 5343 1229 5397 auuuntiare
1283 5344 1540 5411 potuisset
1584 5342 1710 5405 tibi,
1759 5342 1859 5394 nisi

285 5438 399 5504 ipse
446 5434 600 5502 hujus
651 5432 867 5501 pudoris
914 5441 1097 5485 auctor
1150 5432 1240 5487 tibi
1296 5432 1521 5486 fuisses?
1574 5432 1673 5485 nisi
1717 5446 1747 5485 a
1801 5432 1865 5485 li-

285 5541 410 5593 gno,
456 5524 523 5578 de
566 5537 670 5592 quo
710 5521 970 5591 praacepi,
1020 5531 1078 5575 ut
1115 5536 1178 5575 ex
1220 5536 1284 5575 eo
1324 5522 1441 5574 solo
1483 5535 1588 5575 non
1616 5520 1862 5575 comede-

353 5657 369 5686 ι
386 5660 528 5711 'l‘ost,
549 5651 771 5703 abscondi
795 5663 887 5719 ine,
906 5649 1095 5719 quidam
1131 5656 1236 5699 uss.
1262 5658 1451 5701 textum
1473 5652 1725 5713 Scriptura
1751 5663 1861 5713 pro-

286 5710 555 5774 sequuntur
576 5726 730 5777 usque
752 5714 827 5770 ad,
848 5710 1109 5761 rt-titedt'sti.

3454 363 3555 420 £38

1968 487 2086 530 res,
2134 472 2499 525 eontedisses?
2545 473 2673 525 Vide
2702 471 2986 543 'ingeutetn
3040 476 3455 531 misericordiam
3503 491 3555 531 et

1966 562 2269 629 patientiam
2325 562 2551 615 Domini.
2604 563 2733 616 Nam
2782 582 2902 618 eum
2951 576 3129 635 posset
3177 582 3243 621 ne
3292 583 3552 636 responsi

1962 652 2177 719 quidem
2206 653 2409 721 dignari
2438 669 2558 707 eum
2588 655 2676 725 qui
2707 666 3053 724 peccaverat,
3089 656 3181 711 sed
3219 651 3420 712 statim~
3442 673 3553 726 pte-

1964 756 2085 793 nam
2128 742 2395 811 inﬂigere.
2435 760 2591 813 ‘luam
2637 745 2784 812 prius
2825 753 3081 800 statuerat
3118 748 3550 815 praevaricatum,

1965 833 2223 899 patienter
2253 841 2426 887 tamen
2454 835 2585 902 agit,
2613 835 2823 899 tolerat,
2847 845 2897 889 et
2926 836 3233 906 interrogat,
3257 847 3307 889 et
3335 852 3553 907 respon-

1962 938 2078 974 sum
2102 924 2295 992 accipit
2322 942 2336 978 :
2366 934 2420 978 et
2450 924 2641 979 iterum
2670 926 2978 996 interrogat,
3006 929 3154 997 quasi
3186 927 3251 982 ad
3280 929 3549 985 delensio-

1965 1029 2084 1065 netu
2114 1031 2234 1067 eum
2269 1030 2582 1083 provocans,
2615 1026 2672 1071 ut
2696 1028 2908 1086 arrepta
2929 1019 3210 1075 occasione
3241 1022 3400 1074 etiam
3433 1032 3551 1089 post
3590 1069 3595 1073 .

1965 1112 2163 1156 tantam
2198 1106 2708 1173 prmvoricatiouem,
2736 1122 2883 1162 suam
2911 1124 3033 1178 erga
3068 1110 3215 1163 illum
3247 1111 3551 1166 misericor-

1960 1193 2101 1246 diam
2145 1194 2437 1249 exhibeat:
2468 1212 2575 1265 quo
2622 1198 2780 1250 etiam
2829 1213 2927 1251 nos
2964 1202 3138 1265 docet,
3169 1210 3226 1255 ut
3261 1201 3473 1270 quando
3499 1214 3555 1256 et

1964 1300 2060 1337 nos
2093 1286 2197 1338 reis
2222 1285 2309 1353 jus
2335 1286 2558 1340 dicimus
2580 1328 2593 1351 ,
2622 1304 2728 1341 non
2758 1296 2861 1341 tam
2892 1288 3178 1344 inhumane
3220 1292 3322 1345 illis
3360 1292 3551 1361 loqua-

1963 1390 2100 1437 mur,
2128 1391 2299 1444 ueque
2335 1376 2500 1429 ferina
2540 1370 2601 1431 in‘
2630 1378 2747 1431 illos
2789 1390 2999 1433 utamur
3031 1380 3231 1434 stnvitia
3260 1398 3272 1433 :
3306 1382 3398 1435 sed
3426 1396 3548 1436 cum

1965 1467 2242 1520 tolerantia
2288 1469 2451 1522 multa
2490 1477 2544 1521 et
2587 1470 2947 1523 misericordia
2978 1486 3217 1541 agamus,
3249 1482 3427 1541 utpote
3452 1488 3554 1525 no-

1964 1558 2087 1611 stris
2115 1560 2347 1626 ipsorutn
2384 1560 2636 1612 membris
2661 1560 2747 1628 jus
2772 1561 2964 1614 dicturi
2982 1602 2997 1627 ,
3026 1570 3079 1615 et
3104 1562 3403 1630 cogitantes
3430 1563 3549 1616 illos

1961 1649 2113 1701 nobis
2134 1663 2253 1702 esse
2283 1664 2631 1717 congencrcs,
2664 1649 2979 1719 supplicium
3012 1650 3375 1704 misericordia
3411 1663 3547 1704 tem-

1960 1754 2227 1807 pet'cmtts.
2267 1737 2382 1793 Non
2413 1740 2553 1793 enim
2582 1738 2777 1793 frus1ra
2808 1751 2949 1795 tanta
2975 1741 3254 1795 verborum
3286 1751 3548 1813 attempe-

1959 1831 2163 1884 ratione
2191 1830 2355 1883 utitur
2379 1830 2557 1883 divina
2586 1830 2853 1900 Scriptura
2872 1872 2885 1895 ,
2928 1834 3022 1887 sed
3050 1832 3225 1888 verbis
3258 1835 3545 1889 humilibus

1958 1920 2113 1975 docet
2164 1931 2218 1975 et
2254 1933 2523 1990 provocat,
2564 1932 2621 1975 ut
2670 1938 2764 1991 pro
2805 1923 3000 1978 viribus
3048 1924 3292 1979 humanis
3338 1926 3547 1980 Domini

1959 2010 2338 2080 benignitatem
2358 2013 2647 2066 imitemur.
2664 2014 2686 2066 ί
2704 2014 2722 2066 l
2737 2054 2748 2065 .
2783 2012 3024 2083 Dixitque
3045 2032 3062 2067 :
3090 2016 3212 2081 Quis
3229 2017 3558 2075 attntttttiavit,

1959 2101 2049 2154 tibi
2069 2102 2206 2171 quod
2234 2103 2397 2156 nudus
2424 2120 2584 2167 εεεεε,
2616 2104 2712 2158 ηἰσὶ
2739 2102 2915 2177 [quod]
2948 2107 3009 2159 de
3039 2107 3195 2175 ligno,
3225 2108 3287 2159 de
3309 2126 3407 2177 quo
3435 2110 3545 2162 solo

1960 2194 2177 2263 praecepi
2201 2194 2289 2247 tibi
2309 2211 2369 2247 ne
2392 2196 2695 2260 comederes,
2719 2196 2781 2247 de
2800 2186 2892 2249 illo
2910 2196 3017 2266 ipso
3038 2198 3295 2250 comedisti
3316 2199 3339 2251 ?
3369 2197 3541 2264 Unde,

1962 2283 2149 2350 inquit,
2181 2298 2364 2351 posses
2392 2284 2491 2336 hoc
2518 2284 2683 2348 scire,
2730 2295 2779 2338 te
2827 2292 2971 2339 tanto
3008 2286 3207 2353 pudore
3251 2286 3408 2352 allici,
3444 2290 3542 2342 nisi

1960 2372 2181 2425 multum
2228 2372 2587 2440 intemperans
2636 2371 2865 2439 fuisses,
2912 2382 2966 2428 et
3015 2374 3319 2429 mandatum
3365 2392 3540 2431 meum

1960 2463 2371 2532 contempsisses
2390 2463 2413 2515 ?

2031 2554 2084 2606 4.
2124 2552 2436 2620 Considera,
2480 2553 2693 2619 dilecte,
2738 2553 2987 2608 bonitatis
3029 2555 3119 2608 Dei
3153 2555 3539 2615 excellentiam,

1959 2643 2228 2712 quomodo
2269 2645 2417 2713 quasi
2465 2646 2668 2699 amicus
2705 2646 2876 2699 amico
2920 2646 3170 2715 loquitur,
3199 2656 3252 2701 et
3278 2649 3428 2716 quasi
3454 2664 3543 2701 ex-

1959 2733 2192 2802 postulat
2224 2747 2342 2786 cum
2372 2749 2436 2786 eo
2460 2735 2548 2802 qui
2582 2735 2823 2787 mandata
2854 2744 3214 2803 transgressus
3239 2747 3371 2790 erat.
3418 2736 3544 2801 Quis

1961 2823 2308 2876 anntmtiasset
2337 2824 2425 2877 tibi
2448 2824 2583 2892 quod
2608 2826 2775 2877 nudus
2802 2842 2951 2891 esset,
2982 2827 3078 2878 nisi
3108 2827 3169 2879 de
3198 2827 3332 2895 ligno
3360 2830 3423 2880 de
3446 2846 3543 2896 quo

1961 2914 2069 2967 solo
2092 2914 2311 2983 pra'cepi
2330 2916 2415 2967 tibi
2444 2932 2506 2967 ne
2533 2915 2837 2981 comedam,
2866 2916 2927 2969 de
2954 2917 3041 2969 illo
3071 2918 3180 2983 ipso
3208 2919 3501 2972 comedisse;
3520 2920 3545 2972 ?

1962 3004 2077 3059 Non
2107 3016 2253 3060 caret
2278 3007 2539 3075 emphasi,
2568 3016 2622 3061 et
2652 3008 2830 3061 latenti
2862 3008 3086 3077 quadam
3117 3011 3193 3075 vi,
3224 3012 3363 3080 quod
3392 3013 3539 3075 dicit,

1962 3095 2041 3150 De
2063 3114 2161 3166 quo
2180 3098 2286 3151 solo
2309 3114 2326 3149 :
2341 3099 2487 3167 quasi
2510 3098 2730 3162 diceret,
2754 3098 2888 3153 Num
2912 3100 3044 3153 adeo
3062 3110 3313 3169 angustos
3334 3100 3538 3157 fruendi

1962 3188 2155 3241 limites
2178 3188 2269 3242 tibi
2294 3189 2622 3256 prtescripsi?
2649 3188 2834 3242 Nonne
2855 3205 3065 3244 omnem
3088 3193 3293 3258 copiam
3318 3194 3537 3258 prazhui,

1962 3287 2017 3331 et
2044 3278 2277 3331 omnium
2307 3294 2424 3347 qua:
2454 3278 2506 3332 in
2531 3279 2771 3347 paradiso
2799 3290 2922 3333 sunt
2951 3290 3264 3349 potestatem
3296 3282 3386 3334 tibi
3415 3297 3543 3335 cou-

1962 3371 2179 3436 cedens,
2206 3372 2274 3426 ab
2298 3372 2401 3425 hoc
2424 3374 2578 3427 unico
2613 3382 2669 3427 ut
2708 3374 3003 3429 abstineres
3042 3376 3290 3445 prtecepi,
3321 3389 3375 3429 ιιι
3404 3376 3543 3429 scire

1964 3475 2149 3530 posses
2178 3471 2229 3515 te
2254 3462 2353 3517 sub
2376 3462 2594 3516 domino
2622 3463 2851 3532 quodam
2882 3479 2999 3519 esse
3024 3506 3038 3529 ,
3071 3465 3153 3518 cui
3184 3465 3539 3519 obedientiam

1964 3550 2165 3605 debes?
2189 3551 2316 3617 Qua:
2349 3552 2503 3619 igitur
2526 3561 2667 3605 tanta
2695 3554 3015 3621 negligentia
3045 3553 3153 3617 illa,
3183 3564 3233 3605 ut
3260 3554 3416 3606 tantis
3434 3552 3543 3605 fru—

1965 3641 2138 3695 ctibus
2165 3657 2269 3694 non
2291 3651 2588 3705 Contentus,
2613 3642 2677 3695 ab
2700 3642 2799 3696 hoc
2823 3644 2976 3696 unico
3001 3644 3267 3697 abstinere
3286 3644 3539 3707 nolueris,

1965 3739 2019 3782 et
2048 3731 2125 3800 sic
2150 3732 2325 3785 statim
2354 3731 2419 3784 ad
2452 3733 2748 3785 violandum
2774 3732 3075 3786 mandatum
3101 3732 3240 3802 quod
3270 3732 3391 3786 dedi
3420 3748 3543 3801 pro-

1966 3822 2207 3889 ruperis,
2240 3835 2303 3876 ac
2342 3830 2391 3875 te
2437 3822 2596 3874 tantis
2643 3821 2793 3874 malis
2840 3822 3231 3889 itupliatveris?
3278 3822 3406 3887 Qua:
3449 3822 3551 3874 tibi

1966 3909 2089 3964 inde
2119 3912 2351 3963 utilitas?
2394 3912 2581 3963 Annon
2614 3910 2727 3964 bare
2756 3913 3007 3977 prmtlixi?
3047 3926 3222 3963 nonne
3253 3920 3392 3962 metu
3426 3924 3539 3977 pte-

1964 4014 2047 4053 nte
2076 4000 2213 4052 volui
2244 4016 2335 4053 vos
2362 4015 2609 4053 coercere
2635 4010 2688 4052 et
2711 4000 2951 4051 munire?
2982 4015 3155 4053 nonne
3180 3999 3288 4053 dixi
3309 4015 3427 4068 qua:
3451 4015 3541 4050 vo-

1964 4085 2046 4138 bis
2073 4096 2323 4140 eventura
2358 4090 2545 4139 erant?
2581 4101 2757 4139 nonne
2788 4086 2885 4139 hac
2909 4088 2975 4140 de
3002 4102 3158 4141 causa
3180 4128 3194 4152 ,
3227 4103 3292 4141 ne
3319 4089 3368 4141 itt
3400 4097 3538 4140 tanta

1964 4175 2100 4227 mala
2133 4174 2456 4239 iueideretis,
2487 4175 2625 4228 hunc
2650 4175 2826 4228 cibum
2858 4176 3136 4244 prohibui?
3162 4176 3289 4243 Quis
3331 4185 3380 4230 te
3422 4184 3543 4245 post

1964 4266 2116 4318 venia
2146 4264 2388 4333 dignetur
2415 4306 2428 4329 ,
2471 4252 2556 4334 qui
2591 4276 2703 4334 post
2734 4275 2873 4319 tanta
2907 4268 3153 4321 mandata
3181 4269 3287 4320 Deo
3312 4269 3545 4335 ingratus

1965 4354 2159 4408 fueris?
2186 4354 2371 4408 Nonne
2388 4356 2524 4408 sicut
2548 4367 2695 4422 pater
2720 4354 2967 4408 dilectum
2993 4356 3178 4420 tilium,
3202 4356 3268 4408 de
3295 4357 3541 4409 omnibus

1963 4444 2093 4495 satis
2117 4443 2342 4497 dilucide
2371 4453 2425 4497 et
2468 4446 2713 4497 distincte
2742 4444 2986 4507 instruxi,
3014 4453 3070 4498 ut
3095 4445 3162 4498 de
3187 4446 3304 4499 aliis
3330 4448 3541 4516 quidem

1963 4543 2225 4601 gustares,
2253 4534 2319 4587 ab
2362 4534 2460 4586 hoc
2497 4544 2671 4586 autem
2712 4534 3040 4601 abstineres,
3073 4544 3131 4589 ut
3157 4551 3223 4591 nc
3249 4538 3424 4591 omnia
3456 4548 3543 4592 tua

1966 4623 2100 4674 bona
2131 4622 2289 4675 simul
2319 4622 2606 4691 penieres?
2631 4623 2735 4677 Sed
2757 4622 2893 4677 forte
2922 4634 3065 4678 ratus
3090 4641 3147 4679 es
3174 4624 3393 4680 alterius
3416 4641 3544 4680 cou-

1964 4713 2140 4767 silium
2171 4730 2290 4768 meo
2319 4714 2569 4768 mandato
2595 4715 2784 4769 melius
2822 4727 2875 4770 et
2919 4715 3021 4768 fide
3062 4716 3304 4783 dignius;
3353 4725 3407 4770 et
3444 4731 3541 4769 ex-

1964 4806 2286 4871 spectatione
2329 4804 2589 4872 majorum
2638 4806 2897 4859 bonorum
2945 4806 3055 4856 hinc
3098 4804 3289 4869 fecisti,
3318 4813 3371 4858 et
3410 4820 3543 4858 con-

1966 4902 2167 4960 tempto
2194 4894 2442 4947 mandato
2471 4909 2612 4957 meo,
2642 4894 2708 4946 de
2736 4895 2875 4961 ligno
2904 4892 3061 4946 cdere
3092 4908 3253 4946 ausus
3283 4909 3360 4948 es.
3407 4896 3539 4950 Ecce

1965 4985 2089 5053 quid
2118 4985 2207 5038 tibi
2241 4985 2509 5047 acciderit,
2532 4999 2669 5035 nunc
2685 4982 3005 5049 experientia
3032 4984 3290 5038 malorum
3313 4985 3539 5041 didicisti

1965 5086 2158 5147 quanta
2202 5076 2405 5128 consilii
2452 5075 2587 5126 illius
2633 5074 2914 5141 pernicies.
2963 5072 3177 5127 Vidistis
3209 5074 3404 5143 judicis
3432 5076 3539 5129 cle-

1966 5166 2258 5219 mcutiam?
2288 5164 2492 5217 vidistis
2523 5162 2978 5216 mansitetudinem
3011 5172 3063 5217 ct
3095 5164 3429 5217 tolerantiam
3462 5164 3541 5218 iu-

1968 5253 2357 5307 enarrabilem?
2411 5252 2615 5305 vidistis
2668 5253 2949 5306 verborum
3004 5253 3535 5320 attemperationem,

1967 5346 2110 5398 omni
2154 5359 2400 5400 sermone
2448 5354 2501 5396 et
2547 5343 2861 5411 cogitatione
2915 5343 3280 5411 superiorem?
3343 5344 3546 5395 vidistis

1968 5435 2234 5503 quomodo
2256 5449 2348 5501 per
2374 5433 2857 5499 interrogationem,
2883 5442 2933 5486 et
2964 5448 3055 5500 per
3082 5433 3192 5484 haec
3216 5431 3391 5493 verba,
3422 5434 3543 5495 Quia

1969 5525 2279 5577 annuntiavit
2305 5523 2393 5576 tibi
2421 5524 2552 5591 quod
2578 5522 2742 5575 nuda:
2768 5539 2896 5576 esse:
2920 5565 2933 5585 ,
2965 5524 3060 5575 nisi
3088 5523 3148 5574 de
3175 5522 3331 5590 ligno,
3360 5523 3419 5575 de
3445 5540 3539 5591 qua

1968 5616 2076 5669 solo
2097 5617 2311 5685 pracepi
2339 5615 2425 5667 tibi
2452 5632 2511 5667 ne
2535 5614 2835 5679 comede-res,
2869 5620 2930 5666 de
2959 5614 3046 5666 illo
3072 5614 3180 5681 ipso
3204 5613 3500 5667 Cotttediues
3525 5657 3536 5675 ,

1961 5704 2154 5774 januas
2182 5704 2253 5757 illi
2280 5704 2486 5774 aperire
2526 5703 2638 5756 vult
2675 5703 3017 5767 defensionis,
3058 5711 3112 5755 ut
3150 5710 3203 5756 et
3244 5702 3536 5756 misericor-
