4068 6392
546 352 648 410 159

538 467 680 521 diam
704 478 853 518 suam
877 476 1002 532 erga
1031 475 1154 517 eum
1177 460 1265 530 qui
1291 467 1492 513 tantum
1522 469 1856 532 peccaverat,
1883 457 2118 512 doctam.

541 555 657 612 ret?
705 553 997 608 Audiamus
1033 561 1088 606 et
1126 564 1310 615 reum,
1349 547 1474 619 quid
1516 549 1584 606 ad
1627 550 1741 606 haec
1778 543 2114 616 respondeat.

543 643 628 699 12.
657 641 723 696 Et
747 643 877 697 dixit
907 642 1108 695 Adonr:
1133 639 1317 694 Mulier
1336 653 1493 708 quam
1517 641 1700 696 dedisti
1724 649 1778 694 ttt
1803 639 1869 693 sit
1899 652 2116 699 mecum,

537 733 652 800 ipsa
677 732 801 786 mihi
821 731 958 784 dedit
986 729 1051 783 de
1077 729 1235 798 ligno,
1259 737 1306 782 et
1333 730 1554 785 comedi.
1595 727 1909 785 liscrabilia
1930 725 2113 790 verba,

538 836 594 881 et
622 839 808 894 magna
836 821 1172 876 miseratione
1195 819 1374 891 plena,
1395 837 1458 876 ac
1479 822 1634 892 digna
1655 834 1771 890 qua
1795 817 1859 873 ad
1882 818 2116 872 clemen-

542 914 667 968 tiam
696 912 976 967 Dominum
1007 920 1329 984 provocent,
1359 923 1466 968 tam
1497 920 1825 966 mansuetum
1868 919 1921 964 et
1963 907 2115 961 boni-

543 1014 650 1060 tate
686 1018 782 1057 sua
821 1002 1118 1056 vincentem
1156 1009 1341 1059 nostra
1385 1013 1617 1073 peccata.
1664 1001 1794 1055 Nam
1839 1009 2114 1069 postquam

538 1093 762 1148 multum
784 1092 1058 1148 tolerando
1079 1093 1218 1147 illius
1240 1103 1472 1150 mentem
1488 1093 1788 1157 commovit,
1810 1100 1864 1146 et
1887 1088 2119 1144 ostendit

539 1183 740 1248 peccati
786 1181 1224 1252 magnitudinem,
1254 1183 1403 1253 quasi
1440 1182 1799 1237 defensionem
1825 1195 2015 1251 parans
2045 1180 2118 1233 ait

540 1271 614 1324 illi
642 1271 808 1326 Adam
839 1288 853 1325 :
887 1270 1071 1325 Ilulier
1091 1290 1244 1342 quam
1265 1274 1446 1328 dedisti
1466 1281 1521 1327 ut
1538 1275 1602 1328 sit
1629 1287 1840 1337 mecum,
1860 1272 1971 1342 ipsa
1993 1271 2116 1324 mihi

539 1361 676 1414 dedit
713 1362 776 1416 de
813 1361 906 1416 ltoc
952 1361 1113 1432 ligno,
1149 1376 1196 1420 et
1235 1367 1448 1421 comedi.
1486 1365 1630 1433 Scio,
1663 1365 1848 1435 inquit,
1880 1381 1964 1419 mc
1989 1380 2116 1433 pec-

538 1467 690 1507 casse
718 1469 731 1506 :
761 1453 852 1506 sed
882 1453 1078 1511 mulier
1099 1472 1256 1526 quam
1277 1456 1467 1511 dedisti
1500 1466 1556 1533 ut
1581 1458 1648 1510 sit
1673 1471 1900 1520 mecum,
1921 1456 1988 1511 de
2015 1472 2115 1525 qua

544 1541 656 1610 ipse
679 1542 878 1607 dixisti,
924 1543 1194 1600 Faciamus
1238 1545 1314 1599 illi
1355 1547 1636 1616 udjntorem
1673 1547 1943 1598 semidam
1981 1561 2114 1606 eum,

543 1633 656 1700 ipsa
685 1633 812 1688 mihi
843 1633 1000 1706 hujus
1031 1639 1198 1692 ruina:
1225 1652 1382 1691 causa
1411 1639 1523 1691 luit.
1555 1636 1740 1690 Mulier
1765 1653 1912 1705 quam
1936 1636 2115 1690 dedisti

542 1731 599 1773 ut
641 1722 707 1775 sit
749 1739 967 1779 mecum.
1015 1726 1238 1795 Quando
1283 1729 1423 1781 enim
1464 1735 1858 1795 exspectassent
1890 1735 1946 1780 ut
1974 1735 2118 1781 tanta

543 1812 828 1880 ignominia
855 1831 941 1872 me
968 1816 1223 1881 afficeret,
1252 1833 1370 1886 qua:
1395 1817 1515 1872 ideo
1543 1818 1751 1872 condita
1781 1829 1882 1881 est,
1911 1825 1969 1869 ιιι
1989 1818 2118 1872 mibi
2169 1868 2172 1870 γ

542 1901 733 1958 solatio
759 1905 938 1960 esset?
979 1905 1060 1960 'l‘u
1095 1906 1223 1960 milii
1265 1907 1430 1976 ipsam
1459 1906 1648 1961 dedisti
1669 1947 1683 1970 ,
1714 1918 1767 1962 tu
1798 1908 1963 1977 ipsam
1991 1909 2119 1964 milii

546 1991 831 2048 adduxisti.
875 1994 1010 2066 Ipsa.
1042 2001 1222 2050 nescio
1250 1996 1391 2051 unde
1419 2007 1581 2062 mota,
1605 1997 1752 2052 dedit
1790 2000 1916 2053 milii
1951 1999 2017 2054 de
2053 2001 2120 2054 li-

546 2095 673 2150 gno,
699 2091 753 2137 et
783 2083 1015 2139 comedi.
1051 2083 1305 2138 Videntur
1343 2085 1458 2140 inec
1497 2085 1709 2156 quidem
1756 2086 2118 2142 defensionem

546 2168 827 2239 quamdam
869 2185 976 2240 pra:
1020 2187 1078 2226 se
1117 2171 1273 2238 ferre,
1324 2173 1415 2226 sed
1464 2187 1679 2242 prorsus
1724 2177 1876 2229 venia
1913 2187 2118 2232 carent.

547 2261 663 2326 Qua
690 2261 832 2314 enim
860 2262 1012 2316 venia
1041 2261 1232 2332 dignus
1255 2278 1336 2328 es,
1365 2264 1549 2332 inquit,
1582 2265 1669 2332 qui
1710 2280 1825 2319 mea
1859 2278 2118 2337 praerepta

546 2351 742 2405 oblitus
789 2351 973 2418 fueris,
1014 2361 1070 2406 et
1111 2353 1200 2422 qui
1252 2353 1490 2409 mulieris
1532 2353 1726 2409 donum
1774 2358 1906 2411 meis
1947 2359 2122 2414 verbis

549 2441 930 2511 pnrfcrendum
961 2443 1266 2511 putaveris?
1309 2443 1438 2497 Nam
1469 2444 1590 2498 licet
1616 2446 1804 2500 mulier
1825 2446 2001 2501 cibum
2029 2449 2122 2503 de-

546 2530 721 2593 derit,
763 2531 1057 2586 sufficiebat
1101 2542 1273 2586 tamen
1317 2533 1618 2588 mandatum
1649 2551 1844 2600 meum,
1872 2549 1925 2593 et
1964 2539 2121 2594 timor

547 2619 812 2690 supplicii,
843 2631 900 2675 ut
931 2631 981 2676 te
1009 2622 1076 2676 ab
1102 2637 1196 2676 esu
1223 2621 1576 2678 deterrerent.
1608 2625 1688 2678 Au
1717 2626 2029 2696 ignorabas?
2051 2645 2119 2684 an

552 2709 864 2764 nesciebas?
905 2710 1029 2765 ideo
1063 2726 1244 2766 curam
1277 2714 1438 2767 vestri
1463 2728 1652 2782 gerens
1690 2716 1905 2784 praedixi
1925 2759 1941 2785 ,
1975 2734 2041 2773 ne
2068 2720 2118 2774 in

550 2796 666 2851 lucc
707 2796 1050 2853 incideretis:
1084 2801 1258 2870 itaque
1301 2802 1426 2856 licet
1467 2804 1657 2858 mulier
1702 2805 1791 2859 tibi
1840 2807 1905 2861 ad
1953 2819 2122 2863 trans-

545 2887 875 2956 gressionem
916 2889 1149 2943 mandati
1187 2891 1523 2956 ministrarit,
1553 2905 1607 2948 tu
1635 2906 1908 2965 propterea
1939 2899 2120 2955 insitus

549 2991 653 3028 non
676 2977 801 3031 eris.
830 2977 1079 3047 Majorem
1102 2980 1241 3033 enim
1266 2979 1420 3035 fidem
1443 2983 1688 3037 mandato
1711 3000 1830 3039 meo
1851 2994 1902 3040 te
1925 2986 2120 3043 habere

546 3067 843 3135 oportebat,
884 3077 938 3122 et
973 3085 1078 3123 non
1121 3071 1292 3125 solum
1335 3081 1391 3126 ut
1431 3081 1484 3125 tu
1529 3073 1641 3142 ipse
1668 3074 1736 3128 ab
1762 3091 1854 3128 esu
1879 3091 2116 3144 caveres,

549 3155 642 3211 sed
677 3167 728 3210 et
773 3166 826 3210 ut
869 3159 1142 3213 mulierem
1180 3159 1401 3214 doceres
1435 3173 1772 3230 peccatorum
1808 3167 2121 3234 magnitudi-

545 3261 692 3302 nem.
724 3244 892 3316 Caput
919 3248 1058 3302 enim
1089 3263 1147 3303 es
1174 3250 1407 3305 mulieris
1435 3250 1509 3321 (l.
1544 3251 1661 3304 Cor.
1693 3253 1777 3306 Η.
1811 3253 1885 3320 5),
1916 3264 1970 3308 et
1995 3271 2118 3323 pro-

546 3343 664 3403 pter
689 3342 740 3389 te
763 3335 846 3388 illa
875 3336 1126 3405 producta
1147 3349 1229 3392 est
1259 3356 1272 3391 :
1303 3350 1357 3392 tu
1377 3348 1551 3394 autem
1572 3339 1812 3394 ordinem
1839 3342 2116 3408 invertisti,

545 3433 600 3479 et
625 3439 732 3480 non
757 3427 926 3480 solum
958 3427 1098 3482 illam
1133 3444 1233 3482 non
1264 3431 1540 3484 correxisti
1561 3472 1576 3495 ,
1606 3431 1697 3484 sed
1727 3440 1781 3485 et
1819 3433 1929 3501 ipse
1961 3433 2119 3488 simul

544 3517 794 3586 abreptus
817 3531 876 3571 es
909 3535 923 3570 :
953 3532 1015 3571 ac
1043 3534 1165 3572 cum
1191 3526 1463 3587 oporteret
1490 3535 1682 3591 corpus
1722 3510 1982 3590 reliquum
2023 3539 2118 3578 ca-

548 3607 641 3676 piti
682 3608 921 3678 obsequi,
969 3611 1183 3664 diverso
1231 3611 1389 3664 modo
1435 3627 1521 3667 res
1567 3614 1760 3677 evenit,
1801 3615 2116 3683 corporique

548 3697 752 3767 reliquo
779 3708 936 3766 caput
960 3699 1305 3769 obsequuttnn
1336 3712 1413 3755 est
1436 3743 1450 3764 ,
1480 3712 1533 3756 et
1557 3718 1674 3770 qua:
1701 3719 1912 3758 sursum
1943 3715 2115 3768 erant,

545 3783 601 3838 in
623 3785 860 3841 intimum
883 3787 1056 3842 locum
1081 3800 1352 3844 venerunt.
1377 3790 1660 3859 Propterea
1684 3795 1928 3860 quoniam
1951 3802 2118 3849 totum

545 3876 786 3931 ordinem
834 3877 1112 3945 invertisti,
1153 3895 1219 3934 eo
1265 3896 1403 3934 nunc
1452 3882 1692 3935 redactus
1730 3898 1808 3948 es,
1838 3887 1924 3954 qui
1966 3896 2118 3940 antea

548 3975 692 4022 tanta
721 3968 882 4036 gloria
914 3971 1131 4025 vestitus
1157 3986 1294 4025 eras.
1320 3972 1449 4038 Quis
1478 3983 1527 4027 te
1547 3975 1674 4028 satis
1696 3972 1851 4044 digne
1879 3975 2121 4046 deplora-

548 4057 703 4120 verit,
727 4058 810 4111 cui
838 4067 916 4112 tot
939 4070 991 4114 et
1017 4069 1156 4114 tanta
1190 4061 1323 4116 bona
1355 4062 1528 4116 ablata
1554 4064 1716 4117 sunt?
1747 4063 2118 4122 Verumtamen

549 4148 674 4203 licet
713 4147 827 4203 inec
867 4151 1046 4204 omnia
1088 4152 1177 4205 tibi
1218 4153 1525 4221 acciderint,
1574 4155 1697 4210 nulli
1748 4166 1919 4213 tamen
1967 4148 2117 4214 alteri

546 4249 762 4291 causam
790 4236 1031 4294 adscribe
1050 4280 1064 4303 ,
1097 4241 1190 4295 scd
1219 4242 1411 4309 tibiipsi
1437 4253 1490 4297 et
1517 4253 1616 4297 tum
1645 4247 1866 4315 ignavia:
1901 4267 1913 4302 :
1943 4251 2114 4304 neuti-

543 4339 703 4393 quam
730 4327 869 4380 enitn
897 4336 949 4381 te
980 4328 1243 4382 nolentem
1282 4332 1470 4386 mulier
1507 4334 1558 4386 in
1599 4343 1795 4389 tantam
1825 4336 2119 4394 ἱιιάυχίμεει

548 4414 776 4469 ruinam.
808 4416 939 4471 Num
971 4418 1172 4472 hortata
1200 4423 1318 4474 est?
1352 4439 1476 4476 num
1508 4424 1794 4479 disseruit?
1818 4444 1938 4482 num
1964 4430 2119 4485 (lece-

549 4503 662 4574 pit?
710 4505 863 4560 Dedit
909 4518 1130 4575 tantum,
1163 4521 1215 4564 et
1258 4514 1433 4568 statim
1477 4526 1686 4586 Iamque
1731 4519 1882 4575 facile
1919 4522 1983 4575 ad
2030 4539 2119 4576 su-

547 4595 796 4652 mendum
826 4599 998 4652 cibum
1025 4600 1279 4656 adductus
1303 4619 1380 4666 es,
1407 4607 1607 4660 nullam
1637 4609 1864 4664 mandati
1896 4615 1976 4666 vel
2003 4629 2114 4666 me-

545 4689 767 4743 moriam
806 4689 1018 4744 fecisti:
1045 4695 1236 4760 putasti
1280 4708 1310 4748 a
1349 4711 1435 4749 me
1481 4705 1530 4750 te
1574 4699 1852 4767 deceptum
1896 4719 2032 4766 esse,
2063 4716 2116 4759 ct

550 4786 829 4847 propterea
874 4780 1049 4834 cibum
1092 4781 1231 4838 hunc
1273 4783 1365 4837 tibi
1407 4801 1511 4839 non
1554 4789 1896 4850 concessisse,
1948 4805 2006 4846 ut
2051 4811 2116 4849 ne

553 4866 836 4932 tnajoribus
866 4865 1133 4924 fruereris.
1181 4872 1243 4925 Et
1281 4889 1384 4942 qua
1423 4877 1628 4930 ratione
1655 4893 1752 4945 ego
1784 4889 1831 4933 te
1858 4881 2114 4948 fallerent,

547 4953 637 5022 qui
665 4963 742 5006 tot
767 4955 818 5009 in
850 4964 901 5008 te
928 4955 1180 5014 beneficia
1206 4963 1439 5017 contuli?
1468 4965 1532 5017 Et
1571 4965 1706 5030 istuc
1736 4967 1902 5036 ipsum
1924 4983 2117 5038 quanta

551 5048 909 5105 beneficentia:
953 5055 1256 5122 magnitudo
1294 5067 1428 5123 erat,
1457 5067 1515 5113 ut
1558 5060 1890 5128 prmdieendo
1928 5063 2116 5118 distin-

548 5152 763 5204 guet-em
789 5154 818 5193 a
845 5157 950 5208 quo
978 5143 1347 5201 abstinendum
1377 5156 1539 5214 esset,
1563 5159 1619 5204 ut
1648 5166 1755 5204 non
1787 5152 2043 5209 inc-idercs
2064 5158 2115 5210 in

547 5243 668 5296 qua:
712 5229 974 5284 incidisti?
1017 5231 1120 5287 Sed
1163 5234 1278 5290 inec
1321 5238 1496 5292 omnia
1527 5239 1675 5294 nihili
1697 5240 1941 5296 faciebas.
1980 5243 2119 5300 Ecce

552 5332 690 5371 nunc
709 5321 1028 5388 experientia
1054 5333 1106 5377 te
1133 5323 1309 5389 docet,
1329 5337 1522 5396 quanta
1547 5339 1877 5399 peccatorum
1908 5343 2117 5391 tuorum

552 5409 620 5458 sit
648 5407 953 5476 magnitudo
980 5427 993 5464 :
1022 5411 1277 5481 reliquum
1306 5424 1421 5479 est,
1453 5425 1509 5470 ut
1541 5418 1639 5473 soli
1670 5419 1876 5475 mulieri
1910 5425 2118 5495 culpam

552 5510 656 5550 non
684 5497 970 5565 adscribas,
994 5501 1087 5556 sed
1117 5514 1173 5557 et
1191 5506 1519 5577 negligentia:
1549 5519 1676 5566 tute.

621 5585 675 5640 5.
702 5585 858 5655 Igitur
877 5589 1005 5644 satis
1035 5592 1294 5648 Adamum
1320 5597 1646 5667 alloquutus,
1685 5611 1964 5673 postquam
1992 5621 2118 5662 eon-

548 5673 831 5731 fessionem
861 5677 943 5734 ille
975 5677 1313 5750 delictorum,
1343 5694 1399 5740 ut
1426 5688 1660 5758 putabat,
1692 5692 1872 5757 edidit,
1903 5711 2116 5766 peccato

1257 345 1312 398 S.
1353 340 1632 400 JUANNIS
1667 341 2136 400 CliilVSOSTOMi
2177 339 2492 396 AliCIIIEI’.
2530 340 3058 398 CONSTARTINUI‘.

3703 348 3805 402 HO

2222 455 2274 508 in
2306 454 2581 510 mulierem
2605 456 2862 511 translato
2884 473 2898 511 :
2919 457 3040 512 vide
3061 458 3255 513 bonum
3279 459 3580 529 Dominum,
3604 477 3805 534 quanta

2223 546 2412 602 iterum
2440 545 2760 616 indulgentia
2781 549 3028 619 dignatur
3044 552 3204 606 etiam
3230 551 3373 606 illam
3394 568 3494 609 suo
3517 569 3803 624 responso.

2224 639 2308 692 15.
2353 637 2421 690 Et
2459 639 2604 704 dixit,
2638 640 2824 709 inquit,
2876 640 3010 695 Deus
3055 643 3296 696 mulieri:
3321 641 3424 698 Cur
3461 644 3557 698 hoc
3595 647 3807 714 fecisti?

2222 728 2428 782 Audisti
2456 729 2622 783 virum
2664 730 2715 784 in
2753 741 2803 784 tc
2841 731 3050 802 culpam
3079 732 3507 796 transferentium
3535 745 3592 791 et
3619 737 3804 790 omnia

2222 815 2312 870 tibi
2349 816 2762 885 adscribeutem,
2802 835 2920 889 qute
2964 821 3061 889 ipsi
3107 822 3159 875 in
3197 822 3508 892 adjutricem
3546 824 3672 879 data
3719 840 3804 887 es,

2220 914 2380 975 atque
2408 906 2525 961 ideo
2553 908 2786 974 condita,
2817 917 2872 963 ut
2899 911 3002 965 tuis
3031 910 3234 964 solatiis
3260 913 3433 981 ipsum
3462 912 3691 979 foveres,
3721 925 3808 968 ut-

2221 1007 2344 1064 pote
2368 998 2609 1051 eamdem
2639 1008 2880 1055 naturam
2907 1016 3027 1055 cum
3064 1002 3178 1071 ipso
3204 1002 3413 1057 sortita.
3455 1004 3563 1059 Cur
3594 1006 3696 1059 ltoc
3727 1004 3808 1059 fe-

2220 1085 2336 1140 cisti
2361 1127 2376 1152 ,
2411 1102 2445 1142 o
2474 1089 2700 1143 mulier?
2729 1104 2824 1144 cur
2847 1091 3043 1157 et'tibi,
3071 1100 3126 1146 et
3147 1093 3261 1147 viro
3289 1102 3449 1148 tanta:
3475 1094 3809 1151 confusionis

2221 1175 2358 1232 facta
2396 1193 2454 1232 cs
2495 1183 2714 1233 auctor?
2749 1181 2878 1248 Quae
2917 1183 3112 1236 utilitas
3151 1198 3214 1238 ex
3259 1182 3358 1239 hac
3396 1186 3807 1252 intemperantia

2224 1269 2314 1322 tibi
2354 1271 2628 1324 accrevit?
2665 1271 2805 1340 quod
2833 1287 2902 1326 ex
2936 1272 3036 1327 hoc
3063 1289 3246 1330 errore
3272 1276 3474 1330 lucrtnu
3499 1277 3590 1330 tibi
3619 1291 3808 1332 acces-

2221 1357 2310 1423 sit,
2341 1375 2446 1429 quo
2472 1370 2659 1429 sponte
2684 1361 2926 1432 decepta,
2953 1364 3110 1417 etiam
3143 1365 3315 1419 virum
3344 1365 3457 1434 ejus
3489 1367 3610 1420 tnali
3641 1368 3812 1436 parti-

2219 1449 2390 1518 cipctn
2421 1448 2624 1504 fecisti?
2650 1451 2784 1518 Quid
2810 1468 2941 1522 ergo
2966 1454 3188 1508 mulier?
3215 1454 3438 1521 Serpens
3461 1459 3654 1527 decepit
3686 1475 3802 1522 inc,

2220 1549 2267 1590 et
2299 1541 2515 1592 comedi.
2559 1540 2690 1595 Vide
2718 1543 2878 1596 etiam
2908 1542 3042 1598 hanc
3069 1545 3333 1611 quomodo
3362 1549 3642 1615 perterrita
3674 1563 3806 1616 pce-

2219 1637 2337 1681 cata
2359 1643 2453 1683 sua
2483 1630 2752 1686 defendat.
2780 1633 2912 1687 Nam
2941 1633 3077 1688 sicut
3102 1636 3182 1688 vir
3209 1638 3416 1706 culpam
3446 1639 3498 1690 in
3522 1639 3804 1694 mulierem

2221 1718 2444 1787 rejiccre
2467 1721 2674 1774 videtur
2699 1721 2881 1777 dicens
2911 1741 2924 1778 :
2952 1723 3138 1779 Mulier
3166 1727 3302 1791 tulit,
3327 1737 3381 1781 et
3399 1727 3545 1782 dedit
3569 1729 3727 1794 mihi,
3751 1742 3805 1784 ct

2221 1810 2425 1864 comedi
2453 1829 2466 1865 :
2496 1811 2571 1866 sic
2593 1821 2646 1867 et
2677 1813 2788 1882 ipsa
2811 1815 3014 1870 nullum
3036 1816 3283 1887 effugium
3307 1818 3584 1874 inveniens
3606 1820 3808 1876 fatetur

2225 1899 2438 1965 factum,
2465 1912 2519 1956 et
2550 1903 2716 1973 inquit
2739 1922 2753 1958 :
2779 1904 3000 1974 Serpens
3023 1907 3215 1978 decepit
3237 1925 3333 1971 me,
3355 1920 3404 1963 et
3423 1911 3639 1966 comedi.
3666 1912 3804 1968 blatta

2224 1989 2330 2053 illa,
2363 1991 2548 2061 inquit,
2591 1993 2757 2049 bestia
2803 1994 2946 2051 hunc
2988 1996 3141 2053 nobis
3182 1999 3386 2067 lapsum
3425 2001 3618 2065 attulit,
3661 2002 3807 2057 illius

2223 2080 2576 2149 perniciosum
2605 2086 2882 2140 consilium
2929 2087 2980 2142 in
3022 2087 3158 2144 itane
3195 2105 3292 2144 nos
3323 2092 3664 2161 ignominiam
3705 2095 3807 2148 atl-

2222 2172 2349 2240 egit,
2385 2171 2472 2227 ille
2500 2188 2585 2228 me
2611 2174 2837 2245 decepit,
2864 2188 2916 2232 et
2941 2179 3168 2234 comedi.
3211 2179 3397 2236 Dilecti
3417 2223 3432 2247 ,
3462 2199 3528 2237 ne
3556 2194 3806 2240 transea-

2223 2277 2342 2315 mus
2383 2264 2712 2334 simpliciter,
2740 2283 2858 2334 qua:
2901 2283 3042 2324 nunc
3083 2271 3360 2337 dicuntur;
3401 2274 3493 2328 sed
3519 2275 3809 2345 diligenter

2223 2362 2553 2419 scrutantes,
2596 2356 2876 2424 plurimam
2926 2359 3046 2414 inde
3095 2362 3370 2418 utilitatem
3421 2367 3805 2435 percipiarnus.

2224 2441 2484 2499 Terribile
2531 2448 2670 2501 enim
2718 2450 2971 2515 judicium
3010 2461 3120 2518 est,
3157 2464 3212 2508 et
3266 2454 3487 2512 horrore
3535 2459 3802 2527 plenum:

2221 2543 2535 2605 oportetquc
2573 2547 2820 2591 accurate
2857 2543 3034 2595 omnia
3063 2543 3370 2609 audientes,
3401 2563 3650 2617 magnum
3679 2551 3800 2606 tlte-

2221 2636 2433 2677 saurunt
2483 2625 2677 2681 inferre
2721 2630 2906 2683 menti.
2950 2629 3237 2688 Considera
3267 2636 3407 2689 enini
3434 2648 3488 2692 ct
3518 2639 3693 2694 virum
3725 2642 3806 2695 di-

2221 2721 2451 2773 centem,
2477 2714 2681 2779 Mulier,
2704 2733 2854 2786 quam
2889 2719 3068 2774 dedisti
3109 2733 3162 2775 ut
3203 2724 3267 2776 sit
3307 2741 3520 2789 mecum,
3544 2730 3660 2797 ipsa
3681 2732 3807 2782 mihi

2223 2802 2380 2867 dedit,
2409 2814 2454 2858 et
2488 2807 2700 2860 comedi.
2748 2808 3015 2880 Nusquam
3059 2815 3368 2880 necessitas,
3397 2831 3659 2884 nusquam
3687 2820 3806 2874 vio-

2224 2895 2404 2963 lentia,
2427 2899 2521 2952 sed
2550 2900 2739 2954 electio
2766 2910 2820 2955 et
2859 2903 3137 2957 voluntas:
3167 2905 3310 2960 dedit
3349 2908 3558 2974 solum,
3598 2919 3654 2964 et
3699 2927 3806 2966 non

2221 2991 2412 3059 coegit,
2433 3005 2528 3045 nec
2549 2993 2653 3046 vim
2675 2993 2866 3046 attulit.
2894 2994 3027 3060 Quin
3054 3005 3108 3050 et
3134 2996 3246 3064 ipsa
3267 3013 3476 3066 quoque
3501 3001 3805 3071 apologiam

2222 3080 2546 3133 concinnans
2573 3097 2675 3133 non
2703 3081 2833 3136 dixit
2858 3102 2872 3136 :
2893 3082 3126 3154 Serpens
3150 3087 3324 3156 coegit
3350 3105 3452 3150 me,
3476 3099 3530 3143 et
3555 3094 3767 3147 comedi
3791 3113 3803 3146 :

2223 3168 2317 3221 sed
2345 3169 2509 3236 quid?
2538 3170 2757 3239 Serpens
2780 3171 2973 3237 decepit
2997 3191 3078 3229 me
3099 3191 3119 3229 :
3144 3184 3202 3230 ut
3228 3188 3402 3233 autem
3427 3179 3807 3251 deciperetur,

2221 3267 2314 3310 aut
2335 3273 2438 3310 non
2467 3258 2819 3328 deciperetur,
2845 3263 2894 3315 itt
2919 3263 3084 3331 ipsius
3103 3274 3218 3319 erat
3243 3276 3523 3335 potesmte.
3552 3271 3805 3341 Serpens,

2223 3348 2424 3419 inquit,
2475 3350 2667 3423 decepit
2711 3369 2807 3405 me.
2862 3353 3144 3409 lnimicus‘
3178 3357 3327 3411 enim
3372 3369 3570 3414 nostra:
3616 3363 3808 3418 salutis

2222 3454 2384 3508 opera
2415 3440 2566 3509 hujus
2595 3441 2747 3495 mala:
2780 3441 2961 3496 bestia:
2988 3458 3138 3510 usus,
3163 3448 3442 3518 consilium
3466 3449 3620 3504 dedit
3646 3463 3702 3506 ct
3723 3454 3808 3508 de-

2223 3530 2362 3600 cepit
2394 3548 2406 3584 :
2433 3545 2537 3584 non
2579 3533 2682 3585 vim
2723 3532 2878 3599 fecit,
2920 3550 3092 3604 neque
3124 3538 3326 3607 coegit,
3367 3539 3461 3593 sed
3502 3544 3808 3610 pernicies”

2222 3621 2445 3674 consilio
2475 3620 2684 3676 fraudes
2711 3637 2837 3678 suas
2861 3639 3023 3693 opere
3046 3629 3331 3696 complevit
3363 3648 3376 3684 :
3405 3635 3658 3700 quoniam
3691 3652 3808 3690 nnt-

2223 3709 2405 3764 lierem
2449 3710 2708 3777 offendit,
2751 3728 2868 3782 quae
2913 3714 3278 3782 deceptionetn
3316 3718 3466 3775 facile
3503 3724 3807 3781 admissura

2223 3811 2357 3864 erat,
2387 3801 2528 3854 nulla
2559 3803 2708 3855 venia
2739 3803 2969 3872 dignam.
3005 3805 3229 3876 Serpens
3252 3810 3446 3879 decepit
3466 3829 3564 3880 me,
3591 3825 3640 3868 et
3666 3832 3810 3869 cout-

2225 3891 2322 3941 edi.
2373 3890 2501 3944 Vide
2536 3893 2729 3945 bonum
2778 3892 3078 3960 Dominum,
3109 3897 3316 3952 illorum
3357 3901 3532 3956 verbis
3575 3917 3806 3961 conten-

2226 3989 2355 4045 tum,
2389 3989 2442 4035 ct
2470 3981 2536 4036 ad
2569 3983 2712 4050 plum
2743 3984 2964 4039 dicenda
2995 4001 3101 4040 non
3128 4001 3423 4057 cogentem.
3454 3993 3806 4068 Quandoqui-

2223 4070 2343 4125 dem
2369 4074 2508 4127 enim
2534 4074 2646 4129 lucc
2666 4091 2770 4130 non
2793 4077 3040 4147 ignorans
3062 4079 3436 4152 interrogabat,
3465 4088 3559 4140 sed
3580 4103 3804 4157 gnarus,

2223 4172 2276 4242 ut
2300 4163 2583 4217 admodum
2607 4180 2820 4233 gnarus,
2848 4176 2904 4220 ut
2930 4169 3079 4221 suam
3101 4168 3334 4226 declaret
3359 4177 3804 4243 misericordiam,

2222 4251 2287 4305 ad
2321 4252 2528 4306 illorum
2558 4269 2614 4307 se
2636 4255 2988 4311 infirmitatem
3016 4257 3263 4327 demittit,
3291 4274 3344 4316 et
3369 4265 3435 4317 ad
3464 4278 3804 4333 peccatorum

2223 4341 2610 4398 confessionem
2632 4347 2774 4416 ipsos
2801 4360 3068 4416 provocat.
3094 4351 3201 4405 Hac
3225 4353 3383 4422 igitur
3402 4356 3469 4411 de
3483 4373 3644 4414 causa
3674 4363 3806 4418 nihil

2224 4432 2445 4487 ulterius
2479 4451 2542 4489 cx
2578 4436 2655 4490 eis
2691 4439 2896 4506 qumrit.
2941 4440 3193 4496 Ediscere
3223 4442 3355 4499 forte
3384 4462 3475 4514 par
3502 4459 3617 4504 erat
3643 4453 3808 4506 dccc-

2224 4523 2418 4591 ptionis
2442 4539 2641 4590 genus;
2684 4542 2866 4583 verum
2889 4538 2945 4581 ut
2974 4530 3127 4584 nobis
3156 4535 3400 4586 ostendat
3427 4551 3485 4590 se
3513 4555 3617 4592 non
3654 4543 3806 4611 igno-

2223 4624 2428 4684 rantem
2473 4616 2841 4686 interrogasse,
2872 4619 2968 4674 fuit
3006 4632 3286 4678 contentus
3328 4627 3501 4683 dictis.
3548 4630 3680 4685 Nam
3717 4634 3805 4689 illa

2223 4702 2449 4758 dicendo
2479 4724 2491 4757 :
2527 4708 2744 4776 Serpens
2764 4711 2955 4779 decepit
2983 4730 3080 4778 me,
3107 4726 3156 4767 et
3189 4719 3380 4772 comedi
3406 4762 3420 4783 ,
3450 4721 3810 4783 subindicavit

2223 4795 2572 4861 perniciosum
2597 4799 2897 4864 consilium,
2917 4803 3055 4871 quod
3081 4818 3108 4856 a
3140 4806 3350 4860 diabolo
3382 4825 3474 4878 per
3496 4827 3804 4883 serpentem

2224 4886 2426 4952 accepit
2445 4925 2460 4948 ,
2502 4887 2649 4955 quasi
2680 4899 2799 4958 post
2825 4897 2974 4944 esum
3001 4891 3163 4947 futuri
3191 4909 3371 4951 essent
3409 4908 3677 4969 tamquam
3707 4908 3802 4960 dii.

2227 4971 2441 5027 Vidistis
2462 4987 2653 5044 quanta
2675 4978 2941 5048 diligentia
2964 4982 3132 5036 Adam
3158 4985 3510 5056 interrogatus
3535 4992 3652 5045 est?
3681 5011 3805 5050 cum

2224 5073 2415 5132 quanta
2468 5067 2787 5137 indulgentia
2832 5072 2881 5123 in
2923 5073 3178 5139 judicium
3208 5078 3430 5133 adducta
3462 5092 3544 5136 est
3574 5087 3808 5145 mulier?

2223 5155 2491 5222 quomodo
2521 5166 2737 5226 uterque
2762 5175 2820 5213 se
2844 5161 3109 5217 defendit?
3141 5164 3326 5222 Videte
3354 5170 3568 5228 demum
3601 5179 3688 5230 hic
3719 5179 3804 5233 in-

2224 5243 2486 5299 effabilem
2541 5249 2918 5304 misericordia:
2963 5251 3161 5309 Judieis
3205 5259 3593 5317 excellentiam.
3647 5265 3804 5322 Post-

2223 5350 2378 5404 quam
2421 5337 2608 5390 mulier
2647 5338 2774 5393 dixit
2809 5359 2823 5394 :
2855 5341 3074 5411 Serpens
3119 5348 3309 5418 decepit
3347 5369 3443 5416 me,
3477 5365 3521 5408 et
3561 5362 3759 5412 comedi
3789 5379 3806 5415 :

2225 5441 2330 5480 non
2357 5424 2465 5494 jam
2493 5438 2793 5496 serpentem
2821 5430 3071 5501 dignatur
3097 5440 3472 5510 responsione,
3507 5461 3681 5517 neque
3722 5453 3802 5503 lo-

2223 5532 2345 5571 cum
2372 5517 2420 5572 ei
2447 5517 2539 5572 dat
2562 5535 2680 5576 sese
2704 5525 2962 5592 purgandi
2992 5543 3005 5580 :
3035 5543 3205 5598 neque
3234 5531 3523 5605 interrogat
3560 5541 3700 5594 sicut
3727 5546 3805 5596 vi-

2289 5647 2666 5725 jgglrlgrgl-J’iqe
2680 5652 2827 5725 filim,
3117 5667 3219 5713 Mss.
3237 5676 3364 5724 pene
3387 5679 3560 5719 omnes
3583 5676 3804 5725 etsavii.:

2230 5708 2407 5760 odium
2426 5709 2554 5761 enim
2569 5713 2734 5764 stantis
2752 5708 2941 5768 nostra.
