4068 6374
224 328 326 389 130

231 445 368 500 κότα
395 443 493 516 τὴν
528 442 738 498 οἰκείαν
766 443 1179 517 φιλανθρωπίαν
1220 445 1596 518 ἐπιδείξηταις
1640 446 1914 500 Ἀκούσω-

233 542 340 596 μιν
372 526 554 582 τοίνυν
577 530 672 583 καὶ
702 530 797 583 τοῦ
836 530 1153 594 καταδίκου,
1179 529 1229 582 τί
1262 529 1399 597 πρὸς
1424 528 1600 582 ταῦτα
1624 523 1918 602 ἀποκρίνει

229 627 344 665 ται.
371 611 476 665 Καὶ
505 608 656 677 εἷπε,
701 613 886 684 φησὶν,
919 616 954 667 ό
987 611 1160 680 Ἀδάμ
1188 629 1204 644 ο
1256 613 1326 666 ’11
1361 612 1539 681 γυνὴ,
1579 610 1660 680 ἣν
1691 612 1917 679 ἔδωκας

225 691 358 758 μετ’
387 692 554 760 ἐμοῦ,
582 693 735 760 αὕτη
752 711 854 763 μοι
876 693 1099 749 ἔδωκεν
1124 693 1244 748 ἀπὸ
1269 693 1376 748 τοῦ
1404 687 1616 760 ξύλου,
1641 694 1740 748 καὶ
1773 694 1915 764 ἐφα-

231 787 364 837 τον.
412 772 652 846 Ἐλεεινά
693 773 765 827 τά
801 775 1052 846 ῥήματα,
1087 776 1182 829 καὶ
1220 775 1419 833 πολλοῦ
1465 775 1560 829 τοῦ
1600 775 1783 830 οῖκτου
1822 775 1914 845 γέο

233 867 424 922 μοντα,
458 844 552 908 καὶ
577 856 737 911 ίκανά
945 856 1360 929 φιλανθρωπίαν
1390 859 1799 914 ἐπισπάσασθαι
1822 844 1914 912 τὸν

229 936 529 1007 Δεσπότην,
559 939 651 992 τὸν
670 938 846 1004 οὕτως
864 939 1096 1012 ἡμερον,
1125 941 1220 995 καὶ
1243 941 1544 1014 ἀγαθότητι
1576 942 1816 996 νικῶντα
1843 941 1914 994 τά

228 1020 477 1090 ἡμέτερα
525 1020 1000 1094 πλημμελήματα.
1044 1024 1264 1096 Ἐπειδὴ
1291 1024 1402 1097 γάρ
1437 1025 1527 1079 διά
1563 1025 1666 1093 τῆς
1709 1025 1914 1096 πολλῆς

231 1103 621 1174 μακροθυμίας
636 1106 956 1159 κατέσεισεν
982 1105 1148 1160 αὐτοῦ
1175 1107 1275 1178 τὴν
1292 1105 1554 1173 διάνοιαν,
1589 1107 1684 1160 καί
1713 1105 1913 1172 ἔδειξεν

229 1183 382 1254 αὐτῷ
402 1186 498 1240 τοῦ
522 1187 918 1258 ἁμαρτήματος
936 1187 1000 1242 τδ
1028 1187 1279 1258 μέγεθος,
1307 1189 1590 1260 μονονουχὶ
1616 1188 1912 1258 ἀπολογίαν

242 1266 417 1338 ’Δδάμ
447 1269 735 1333 συντιθεὶς,
768 1272 902 1342 φησι
926 1271 1063 1344 προς
1091 1272 1274 1337 αὐτὸν,
1300 1272 1363 1326 Ἠ
1387 1272 1542 1342 γυνὴ
1575 1271 1657 1339 ἢν
1681 1270 1910 1340 ἅδωκας

221 1350 354 1417 μετ’
397 1349 568 1418 ἐμοῦ,
605 1350 759 1418 αὕτη
803 1369 906 1418 μοι
957 1351 1182 1407 ἔδωκεν
1227 1353 1346 1408 ἀπὸ
1392 1352 1502 1407 τοῦ
1543 1352 1760 1418 ξύλου,
1809 1353 1910 1410 καί

224 1430 476 1501 ιφατονο
509 1427 664 1497 οῖδα,
687 1433 872 1507 φησὶν,
908 1433 1268 1507 ἡμαρτηκὼς.
1297 1433 1412 1490 ἀλλ’
1443 1437 1476 1507 ἠ
1506 1435 1645 1507 γυνὴ
1685 1437 1754 1508 ἢν
1778 1437 1909 1490 ἐδω-

225 1528 331 1576 κας
356 1513 474 1582 μετ’
502 1513 660 1585 ἐμοῦ,
698 1517 828 1586 περὶ
847 1510 916 1589 ἦς
956 1518 1121 1582 αὐτὸς
1145 1513 1328 1586 εῐπας,
1357 1518 1710 1590 Ποιήσωμεν
1745 1519 1908 1585 αὐτῷ

216 1594 458 1662 ,βοηθὸν
475 1597 605 1650 κατ’
621 1597 830 1666 αὐτὸν,
852 1599 992 1670 αὕτη
1015 1618 1106 1670 μοι
1128 1601 1277 1656 αίτία
1299 1601 1395 1656 τοῦ
1417 1601 1632 1656 ὀλίσθου
1661 1603 1904 1670 γέγονεν.

234 1675 312 1758 Ἦ
339 1677 497 1746 γυνὴ
535 1677 616 1746 ἢν
637 1678 866 1748 ἔδωκας
887 1682 1015 1752 μετ’
1044 1683 1210 1754 ἐμοῦ.
1244 1683 1400 1758 [159]
1433 1686 1571 1741 Πότε
1599 1686 1709 1757 γάρ
1739 1701 1908 1756 προσ-

220 1757 462 1841 εδόκησα
480 1760 775 1833 ταύτην,τῇ
799 1765 1031 1838 αίσχύνῃ
1055 1783 1124 1836 με
1143 1767 1315 1841 ταύτῃ
1337 1768 1672 1839 περιϐαλεῖν,
1693 1768 1793 1840 τὴν
1818 1767 1906 1822 διά

220 1839 384 1895 τοῦτο
403 1841 924 1916 δημιουργηθεῖσαν,
950 1846 1038 1900 ῖνα
1069 1864 1161 1918 μοι
1197 1839 1311 1922 τὴν
1328 1852 1457 1920 παρ’
1505 1850 1706 1922 ἐαυτῆς
1731 1839 1906 1922 παρα·

224 1922 430 1991 μυθίαν
457 1925 761 1998 είσαγάγῃς
785 1926 856 1980 Σύ
886 1945 975 1998 μοι
1006 1929 1178 2002 αὐτὴν
1202 1930 1460 1996 δέδωκας,
1481 1932 1546 1986 οὐ
1567 1931 1737 2002 αὐτὴν
1768 1933 1904 2004 ἡγα-

220 2020 320 2087 τες
347 2005 487 2076 πρός
517 2025 606 2076 με.
645 2009 794 2080 Δῦτη
826 2011 1026 2076 τοίνυν,
1066 2013 1169 2087 οὐκ
1215 2012 1332 2070 οἶδα
1373 2017 1539 2070 πόθεν
1583 2015 1900 2087 κινουμένη,

417 2104 508 2158 μοι
536 2089 647 2144 ἀπὺ
675 2091 770 2145 τοῦ
808 2090 988 2160 ξύλου,
1025 2085 1379 2166 καὶνέφαγον.
1410 2096 1598 2153 Ταῦτα
1622 2085 1773 2152 δοκεῖ

217 2166 518 2236 ἀπολογίαν
550 2170 671 2226 τινά
715 2170 879 2242 ἐχειν,
912 2174 1096 2247 πάσης
1131 2176 1187 2231 δέ
1238 2177 1608 2250 ἀπεστέρηται
1655 2166 1901 2247 συγγνώ-

220 2267 354 2320 μης.
395 2251 563 2316 Ποίας
602 2253 711 2325 7&9
747 2253 972 2326 ἀνείης
1015 2259 1345 2332 συγγνώμης
1381 2261 1551 2328 ἀξιος,
1590 2262 1748 2332 φησὶ,
1787 2259 1900 2314 τῶν

215 2332 373 2402 ἐμῶν
407 2335 638 2390 ἐντολῶν
672 2336 1087 2409 ἐπιλαθόμενος,
1118 2343 1216 2396 καὶ
1237 2342 1347 2396 τῶν
1381 2343 1512 2415 παρ’
1543 2343 1678 2414 ἐμοῦ
1706 2343 1902 2414 ρηθένο

214 2429 328 2498 των
359 2418 758 2498 προτιμοτέραν
793 2421 1141 2493 ἡγησάμενος
1175 2423 1272 2496 τὴν
1315 2425 1467 2498 παρὰ
1503 2428 1602 2498 τῆς
1639 2426 1900 2494 γυναικὸς

212 2493 398 2561 δόσιν;
427 2497 491 2550 EI
543 2498 653 2570 γὰρ
679 2501 775 2555 καὶ
803 2502 837 2572 ἡ
876 2502 1013 2573 γυνὴ
1043 2493 1266 2572 ἔδωκεν,
1297 2493 1413 2559 ἀλλῖ
1441 2508 1474 2578 ἡ
1509 2493 1696 2577 ἐντολὴ
1723 2508 1756 2578 ἡ
1790 2507 1898 2578 ἐμὴ

217 2577 314 2631 καὶ
333 2580 361 2631 ὁ
373 2579 535 2648 φόϐος
549 2581 645 2634 τοῦ
669 2583 946 2654 ἐπιτιμίου
971 2585 1156 2650 ίκανδς
1171 2584 1239 2657 ἦν
1253 2577 1778 2658 παρασκευάσασθαι
1799 2577 1900 2660 φυ-

215 2661 348 2744 7_¢Iv_
361 2660 462 2744 τὴν
489 2662 809 2744 μετάληψιν.
839 2664 929 2744 θεὴ
958 2667 1068 2739 γάρ
1088 2669 1374 2741 οὐκῇδειςς
1395 2671 1470 2743 μὴ
1505 2670 1614 2744 γὰρ
1642 2671 1894 2743 ἡγνόεις;

219 2740 518 2810 Προλαϐὼν
553 2742 642 2798 διά
663 2744 822 2799 τοῦτο
847 2740 1001 2801 εἷπον
1030 2740 1325 2822 κηδόμενος
1352 2740 1526 2824 ὑμῶν,
1564 2740 1756 2827 ῖνα
1781 2755 1898 2810 τού-

215 2839 332 2911 τοις
358 2828 712 2911 περιπέσητε·
731 2829 895 2896 ὥστε,
916 2833 964 2885 εί
989 2834 1081 2886 καὶ
1109 2835 1140 2904 ἡ
1176 2835 1312 2903 γυνή
1331 2852 1414 2888 σοι
1437 2837 1573 2908 πρὸς
1599 2838 1698 2911 τὴν
1720 2839 1899 2910 παρά·

216 2905 378 2960 ϐασιν
399 2908 498 2978 τῆς
530 2909 750 2983 ἐντολῆς
780 2911 1196 2985 ὐπηρετὴσατο,
1225 2915 1343 2969 ἀλλ’
1373 2905 1494 2971 οὐδέ
1528 2905 1704 2984 οὕτως
1738 2905 1896 2974 ἀνεύ-

214 2991 376 3059 θυνος
406 2993 527 3067 ἐση.
571 2997 1051 3070 ’Δξιοπιστοτέραν
1089 3001 1198 3074 γάρ
1236 3002 1404 3073 ἐχρῆν
1442 3005 1753 3077 ἡγήσασθαι
1796 3007 1895 3078 τὴν

213 3081 348 3152 παρ’
380 3081 517 3151 ἐμοῦ
553 3083 794 3156 ἐντολὴν,
821 3087 919 3139 καὶ
955 3087 1018 3140 οὐ
1050 3087 1211 3158 μόνον
1244 3089 1411 3143 αὐτὸν
1441 3091 1501 3144 σέ
1550 3095 1896 3165 παραιτήσα-

210 3167 339 3222 σθαι
368 3168 468 3241 τὴν
501 3168 726 3240 βρῶσιν,
751 3171 889 3226 ἀλλά
913 3173 1008 3227 καὶ
1037 3176 1103 3245 τῇ
1133 3176 1353 3243 γυναικὶ
1382 3176 1552 3245 δεῖξαι
1581 3179 1690 3235 τῶν
1721 3182 1898 3252 ἡμαρ-

207 3254 464 3325 τημένων
494 3256 556 3309 τδ
579 3255 829 3326 μέγεθος.
869 3259 1097 3333 Κεφαλὴ
1120 3262 1229 3332 7&9
1259 3257 1312 3315 εί
1344 3262 1448 3333 τῆς
1482 3266 1760 3333 γυναικθις,
1799 3267 1896 3321 καὶ⁵

207 3341 300 3397 διὰ
326 3341 386 3395 σέ
415 3341 599 3413 ἐκείνη
645 3344 937 3417 παρήχθηο
969 3348 1036 3400 σὺ
1069 3347 1126 3401 δέ
1159 3347 1258 3421 τὴν
1285 3349 1439 3416 τάξιν
1475 3351 1815 3426 ἀνέστρεψας
1841 3366 1892 3420 ι,

207 3427 304 3482 καὶ
330 3428 394 3480 οὐ
432 3428 594 3498 μόνον
618 3429 837 3502 ἐκείνην
866 3431 927 3485 οὐ
959 3430 1297 3503 διώρθωσας,
1325 3436 1461 3491 ἀλλά
1490 3439 1584 3492 καὶ
1627 3456 1896 3509 συγκατε-

209 3513 462 3584 σπάσθης
481 3529 497 3546 ⁸
525 3514 618 3568 καὶ
644 3515 762 3570 δέον
791 3515 854 3570 τὸ
874 3517 1061 3572 λοιπὸν
1093 3520 1255 3590 σῶμα
1289 3524 1356 3592 τῇ
1388 3523 1597 3596 κεφαλῇ
1624 3525 1853 3582 ἐπεσθαι
1875 3569 1891 3593 ,

205 3599 272 3654 τὺ
315 3601 559 3656 ἐναντίον
603 3603 829 3673 γέγονε,
883 3605 1042 3678 καὶὴ
1083 3607 1298 3680 κεφαλὴ
1337 3609 1419 3681 τῷ
1461 3610 1633 3682 λοιπῷ
1681 3613 1894 3684 σώματι

207 3687 629 3760 ἐξηκολούθησε,
677 3692 772 3746 καὶ
823 3693 892 3748 τά
937 3693 1052 3748 ἀνω
1107 3695 1259 3750 κάτω
1303 3697 1517 3766 γέγονε.
1566 3700 1666 3752 Διά
1697 3700 1890 3767 τοῦτο,

205 3775 397 3847 ἐπειδὴ
430 3775 530 3848 τὴν
560 3777 713 3844 τάξιν
746 3779 964 3836 ἃπασαν
991 3782 1350 3854 ἀνέστρεψας,
1380 3787 1440 3839 ἐν
1465 3786 1676 3850 τούτοις
1699 3785 1750 3842 εί
1773 3789 1886 3854 νῦν,

204 3862 238 3915 6
271 3862 378 3934 πρὸ
403 3864 595 3918 τούτου
629 3867 868 3940 τοσαύτη
896 3868 1024 3940 δόξῃ
1069 3871 1558 3944 περιϐεϐλημένος.
1589 3875 1684 3940 Τίς
1709 3893 1767 3930 σε
1796 3873 1891 3932 οῦν

204 3950 331 4003 κατ’
363 3949 522 4016 ἀξίαν
545 3951 799 4025 ὀδύρηται
831 3955 933 4026 τῆς
965 3957 1309 4029 ἀφαιρέσεως
1327 3958 1438 4014 τῶν
1465 3960 1733 4017 τοσούτων
1757 3965 1894 4032 ἀγα-

205 4036 355 4116 θῶν;
399 4038 542 4092 Ἀλλ’
566 4041 738 4110 ὅμως,
761 4043 808 4095 εί
846 4045 939 4096 καὶ
967 4044 1140 4098 ταῦτά
1178 4061 1262 4099 σοι
1295 4046 1514 4102 ἅπαντα
1551 4051 1889 4122 συμϐέϐηκε,

208 4127 402 4199 μηδενὶ
441 4128 615 4200 ἑτέρῳ
645 4129 744 4203 τὴν
779 4133 960 4186 αἰτίαν
989 4134 1262 4205 ἐπίγραφε
1286 4177 1300 4202 ,
1324 4136 1461 4190 ἀλλά
1490 4138 1670 4210 σαυτῷ
1703 4143 1796 4194 καὶ
1822 4144 1890 4215 τῇ

207 4217 276 4286 σῇ
301 4215 548 4288 ῥαθυμίᾳ
574 4234 588 4248 ’
630 4219 692 4272 οὐ
744 4220 854 4292 7&9
889 4220 978 4284 ἂν,
1019 4223 1065 4275 εί
1098 4223 1173 4295 μὴ
1216 4224 1547 4298 ὴϐουλὴθης,
1584 4229 1616 4297 ἡ
1660 4230 1798 4300 γυνὴ
1831 4247 1891 4284 σε

201 4301 440 4373 ἠδύνατο
475 4307 554 4368 είς
592 4305 682 4359 τὸν
723 4306 936 4361 ὄλισθον
973 4309 1159 4362 τοῦτον
1201 4311 1452 4380 ἀγαγεῖν.
1487 4313 1580 4385 Μὴ
1610 4315 1718 4385 γὰρ
1747 4334 1889 4387 παρ-

203 4389 469 4456 εκάλεσες
502 4390 576 4462 μὴ
606 4393 715 4465 γάρ
752 4393 1034 4467 meum;
1074 4397 1149 4468 μὴ
1184 4399 1293 4470 γάρ
1316 4400 1638 4472 ἡπάτησεν;
1680 4404 1890 4458 Ἔδωκε

204 4476 389 4564 μόνον,
411 4478 505 4564 καὶ
529 4478 734 4544 εὐθέως
757 4482 895 4551 μετά
916 4482 1186 4554 τοσαύτης
1209 4485 1459 4551 εὐκολίας
1485 4489 1580 4543 ἐπὶ
1599 4491 1700 4564 τὴν
1726 4493 1891 4562 μετά-

201 4562 369 4633 ληψιν
402 4563 676 4637 ὐπὴχθης,
700 4566 956 4638 οὐδεμίαν
987 4571 1210 4642 μνήμην
1235 4576 1605 4646 ποιησάμενος
1631 4562 1729 4648 τῆς
1746 4579 1890 4651 ἐμῆς

202 4651 447 4722 ἐντολῆς,
491 4653 607 4706 ἀλλ’
642 4655 899 4725 ἐνόμισας
943 4657 1259 4728 ὴπατῆσθαι
1307 4665 1439 4734 παρ’
1479 4663 1651 4735 ἐμοῦ,
1681 4667 1775 4720 καὶ
1799 4668 1888 4722 διὰ

200 4737 364 4791 τοῦτο
396 4738 472 4810 μὴ
508 4742 926 4813 συγχωρηθῆναί
958 4761 1041 4798 σοι
1073 4746 1171 4817 τὴν
1208 4747 1432 4819 βρῶσιν,
1471 4752 1557 4804 ἵνα
1601 4755 1678 4824 μὴ
1707 4757 1888 4824 μειζό-

202 4843 310 4879 νων
343 4827 626 4899 ἐπιτύχῃς.
661 4829 770 4882 Καὶ
818 4830 935 4893 πῶς
965 4832 1032 4885 ἂν
1063 4833 1175 4903 ἔχοι
1202 4835 1358 4902 λόγον
1407 4839 1541 4910 παρ’
1569 4841 1705 4911 ἐμοῦ
1744 4841 1889 4912 ἡπα-

201 4913 402 4984 τῆσθαί
432 4932 511 4976 σε,
531 4915 625 4969 τοῦ
649 4917 918 4982 τοσαύτας
944 4921 1263 4992 εὐεργεσίας
1293 4927 1371 4990 είς
1399 4928 1456 4980 σὲ
1481 4931 1885 5002 καταθεμένου;

203 5001 318 5092 Ilia}
349 5001 511 5092 τοῦτο
538 5003 593 5056 δὲ
623 5004 754 5057 αὐτὸ
782 5006 912 5076 ὅσης
935 5003 1002 5079 ἦν
1029 5010 1350 5080 εὐεργεσίας
1378 5015 1605 5084 μέγεθος
1665 5001 1727 5072 τὸ
1757 5038 1888 5092 προ-

202 5087 394 5144 λαϐεῖν
433 5091 526 5143 καὶ
551 5091 953 5147 διαστείλασθαι
996 5097 1093 5167 τὴν
1121 5101 1353 5171 ἀποχὴν,
1386 5101 1527 5156 ὥστε
1560 5105 1633 5177 μὴ
1677 5087 1888 5172 τούτοις

207 5180 563 5247 περιπεσεῖν,
601 5174 682 5242 οἷς
716 5180 810 5233 νῦν
845 5184 1037 5238 ἐαυτὸν
1088 5190 1446 5258 περιέϐαλες;
1496 5174 1656 5247 Ἀλλά
1708 5198 1886 5252 πάντα

203 5265 380 5318 ταῦτα
410 5267 540 5336 παρ’
564 5267 718 5320 οὐδὲν
743 5268 986 5340 θέμενος,
1028 5273 1138 5326 ίδοῦ
1182 5276 1271 5328 διὰ
1315 5281 1412 5346 τῆς
1443 5283 1639 5350 πείρας
1684 5282 1888 5353 ἔμαθες

202 5351 313 5405 τῶν
344 5355 752 5425 ἡμαρτημένων
796 5374 877 5409 σοι
916 5360 976 5412 τὸ
1012 5361 1240 5430 μέγεθος
1262 5381 1276 5394 ο
1306 5365 1489 5419 λοιπὸν
1523 5370 1656 5438 μηδὲ
1683 5351 1748 5442 τῆ
1788 5392 1887 5442 γυ-

208 5442 356 5535 ναικὶ
385 5442 518 5535 μόνη
559 5441 661 5513 τὴν
695 5444 876 5499 αἰτίαν
904 5448 1177 5518 ὲπίγραφε
1203 5492 1216 5515 ,
1249 5452 1385 5506 ἀλλά
1418 5457 1513 5509 καὶ
1540 5461 1606 5530 τῇ
1641 5441 1886 5535 ῥᾳθυμίᾳ

203 5529 271 5596 τῇ
309 5528 531 5581 σαυτοῦ.

274 5618 340 5665 ε’.
360 5614 577 5685 Ἐπειδὴ
600 5617 779 5670 τοίνυν
802 5619 1112 5691 ἀρκούντως
1145 5628 1281 5695 πρὸς
1310 5629 1399 5681 τὸν
1431 5632 1599 5704 Ἀδὰμ
1613 5636 1883 5710 διελέχθη,

206 5701 422 5795 καὶ-τὴν
450 5703 739 5795 ὁμολογίαν
763 5709 965 5774 ἐκεῖνος
996 5714 1292 5784 ἐποιήσατο
1326 5719 1433 5769 τῶν
1455 5699 1881 5795 ἡμαρτημένων,

207 5787 280 5850 ὡς
313 5789 528 5860 ἐνόμισε
583 5794 680 5864 τὴν
723 5797 901 5850 αἰτίαν
935 5799 1014 5862 εἰς
1061 5801 1160 5872 την
1188 5808 1420 5871 γυναῖκα
1780 5787 1880 5889 ὅρα

269 5941 296 5970 ⁸
322 5941 523 5994 Coian.
549 5949 863 6011 ἀπίστρεῲας.
891 5953 988 6003 Sex
1015 5970 1130 6005 mss.
1159 5965 1212 6009 el
1231 5961 1382 6010 Savil.
1407 5963 1740 6028 ἀντέστρεηύας.

618 6052 881 6113 ΡΔτιιυι..
927 6058 1040 6118 Gn.
1101 6060 1228 6122 IIII

1366 330 1431 387 IN
1472 329 1627 388 CAP.
1669 330 1735 388 III
1773 330 2019 389 GENES.
2065 329 2296 389 IIOMII..
2342 331 2502 390 XVII.

3597 332 3697 388 HO

2019 448 2109 501 τὸν
2162 448 2365 517 ἀγαθὸν
2414 447 2691 520 Δεσπότην
2711 488 2726 514 ,
2774 447 2917 519 πόση
2972 449 3040 520 τῇ
3093 445 3502 517 συγκαταϐἀσει
3536 447 3700 504 πάλιν

2020 535 2305 606 κέχρηται,
2331 535 2428 588 καὶ
2466 534 2611 602 ἀξιοῖ
2637 535 2730 587 καὶ
2756 532 2963 605 ταύτην
2991 533 3095 606 τῆς
3119 534 3250 605 παρ’
3283 533 3452 588 αὐτοῦ
3477 534 3705 606 ἀποκρί-

2018 639 2176 686 σεως.
2213 621 2323 676 Καὶ
2347 617 2508 688 εἶπε,
2535 623 2721 694 φησὶν,
2750 625 2783 676 ὀ
2824 620 2971 688 Θεὸς
2992 619 3066 689 τῇ
3100 621 3344 691 γυναικί
3432 623 3496 677 Τί
3522 621 3702 674 τοῦτο

2013 709 2350 779 ἐποίησαςς
2394 711 2693 776 Ἤκουσας,
2720 710 2878 782 φησὶ,
2916 707 3010 762 τοῦ
3041 707 3232 779 ἀνδρὸς
3255 709 3348 762 ἐπὶ
3391 707 3452 760 σέ
3487 707 3586 778 τὴν
3615 708 3702 762 αι-

2012 797 2138 851 τίαν
2188 795 2591 868 μεταφέροντος
2611 834 2627 861 ,
2677 796 2772 850 καὶ
2814 795 2875 849 τὸ
2915 797 3024 850 πᾶν
3069 795 3467 870 ἐπιγράφοντός
3510 811 3594 848 σοι
3634 796 3701 866 τῇ

2013 883 2150 955 πρὸς
2181 883 2434 955 βοήθειαν
2461 883 2628 938 αὐτοῦ
2655 883 2945 956 δεδομένῃ,
2972 885 3072 939 καὶ
3103 884 3193 938 διά
3219 883 3381 938 τοῦτο
3412 880 3564 955 [140]
3593 899 3698 934 πα-

2016 970 2298 1044 ραχθείσῃ.
2333 972 2420 1026 ῖνα
2444 970 2544 1042 τὴν
2582 971 2734 1043 παρά
2771 972 2976 1042 σαυτῆς
3006 970 3360 1042 παραμυθίαν
3392 969 3700 1042 είσαγάγῃς

2012 1057 2184 1130 αὐτῷ,
2209 1060 2297 1114 οῖα
2316 1058 2382 1128 δὴ
2407 1057 2676 1130 ὁμογενὴς
2700 1060 2794 1113 καὶ
2825 1059 2924 1129 τῆς
2957 1058 3130 1129 αὐτῆς
3152 1057 3303 1130 αὐτῷ
3329 1057 3546 1128 φύσεως
3587 1074 3700 1112 κοι-

2011 1146 2274 1202 νωνοῦσα.
2307 1147 2466 1211 Τίνος
2515 1142 2609 1201 οῦν
2650 1147 2836 1200 ἐνεκεν
2881 1146 3041 1200 τοῦτο
3079 1145 3366 1217 ἐποίησας,
3405 1139 3452 1200 ὦ
3503 1144 3699 1214 γύναις

2012 1234 2105 1287 καὶ
2125 1233 2214 1288 διὰ
2241 1233 2295 1287 τί
2337 1235 2434 1289 καὶ
2478 1237 2650 1306 σαυτῇ
2688 1235 2785 1288 καὶ
2817 1235 2898 1304 τῷ
2941 1234 3098 1306 ἀνδρὶ
3123 1233 3398 1306 τοσαύτης
3433 1232 3700 1304 αίσχύνης

2009 1321 2158 1375 αἰτία
2183 1321 2455 1391 κατέστης
2482 1339 2496 1387 ;
2533 1322 2600 1374 Τί
2646 1339 2729 1375 σοι
2763 1321 2827 1389 τὸ¹
2853 1321 3045 1389 ὄφελος
3074 1321 3298 1390 γέγονεν
3336 1319 3447 1375 ἀπὸ
3486 1320 3588 1389 τῆς
3614 1335 3701 1373 το-

2012 1405 2215 1479 σαύτης
2261 1407 2573 1479 ἀκρασίας;
2615 1408 2671 1462 τί
2715 1425 2798 1462 σοι
2846 1411 2947 1478 τῆς
2997 1409 3217 1479 ἀπάτης
3258 1407 3322 1462 τὸ
3377 1405 3594 1479 κέρδος,
3628 1405 3698 1477 ὴν

2009 1493 2210 1548 ἐκοῦσα
2238 1495 2549 1565 ὴπατὴθης,
2581 1493 2678 1548 καὶ
2704 1494 2796 1547 τὸν
2841 1495 3009 1566 ἄνδρα
3047 1489 3304 1549 κοινωνὸν
3339 1494 3442 1565 τῆς
3477 1494 3700 1564 ἀπάτης

2007 1581 2279 1652 εἰργάσως
2308 1581 2375 1634 Τί
2421 1576 2515 1635 οῦν
2559 1583 2593 1652 ἡ
2636 1582 2811 1652 γυνή’
2856 1581 2910 1634 '0
2959 1582 3096 1651 ὄφις
3141 1579 3422 1650 ἠπάτησέ
3449 1597 3559 1650 με,
3595 1579 3696 1633 καί

2004 1668 2252 1737 ἔφαγον.
2291 1669 2433 1739 Ὅρα
2453 1658 2555 1722 ’καὶ
2584 1667 2787 1738 ταύτην
2811 1667 2871 1722 ἐν
2906 1668 3075 1740 πολλῇ
3107 1667 3280 1738 δειλίᾳ
3304 1667 3660 1721 καθεστῶσαν
3679 1707 3694 1731 ,

2006 1754 2101 1808 καὶ
2125 1754 2569 1826 ἀπολογουμένην
2606 1754 2747 1827 ὑπὲρ
2793 1754 2902 1808 τῶν
2949 1755 3383 1827 ἡμαρτημένων.
3426 1754 3699 1826 Καθάπερ

2004 1840 2115 1913 γάρ
2146 1841 2176 1895 δ
2205 1840 2346 1912 ἀνὴρ
2373 1841 2474 1912 τὴν
2500 1841 2678 1896 αίτίαν
2710 1842 2803 1895 ἐπὶ
2848 1839 2946 1914 τὴν
2987 1843 3225 1910 γυναῖκα
3255 1838 3402 1905 εδοξε
3439 1841 3699 1911 μετάγειν

2004 1926 2200 1995 λέγων·
2245 1927 2309 1981 Ἠ
2343 1927 2481 1999 γυνὴ
2531 1929 2729 1999 ἡνεγκε
2751 1970 2766 1996 ,
2801 1929 2896 1982 καὶ
2932 1927 3100 1982 ἐδωκέ
3127 1944 3240 2000 ,μοι
3266 1967 3282 1992 ,
3329 1926 3426 1980 καὶ
3457 1925 3694 1995 ἐφαγον·

2002 2013 2148 2068 οὕτω
2173 2013 2269 2069 καὶ
2301 2015 2440 2086 αὐτὴ
2466 2015 2722 2086 οὐδεμίαν
2751 2014 3084 2087 εὑρίσκουσα
3115 2013 3410 2084 ἀποφυγὴν
3440 2011 3700 2082 ὁμολογεῖ

2000 2101 2063 2155 τὺ
2093 2100 2486 2172 γεγενημένον,
2516 2101 2611 2155 καί
2648 2119 2834 2172 φησιν,
2873 2102 2928 2154 ’0
2956 2101 3092 2171 ὄφις
3134 2098 3416 2168 ἠπάτησέ
3444 2115 3522 2169 με
3546 2137 3562 2163 ,
3597 2097 3697 2150 καί

2001 2186 2248 2257 ἔφατον.
2283 2187 2358 2241 Τὸ
2380 2188 2617 2260 πονηρὸν
2659 2189 2856 2254 ἐκεῖνο,
2900 2189 3035 2260 φησὶ
3058 2229 3073 2253 ,
3109 2186 3299 2258 θηρίον
3337 2183 3529 2244 τοῦτον
3559 2186 3695 2254 ἡμῖν

1997 2273 2091 2327 τὸν
2124 2274 2338 2329 ὄλισθον
2370 2275 2756 2346 προεξένησεν,
2788 2276 3000 2329 ἐκείνου
3038 2275 3072 2346 ἡ
3121 2273 3370 2346 ὀλέθριος
3413 2271 3694 2344 συμϐουλὴ

1999 2362 2080 2425 είς
2113 2360 2318 2432 ταύτην
2341 2363 2490 2433 ἡμᾶς
2517 2362 2618 2433 τὴν
2643 2362 2908 2434 αἰσχύνην
2931 2362 3187 2433 ἡνεγκεν,
3217 2358 3427 2423 ἐκεῖνός
3451 2375 3519 2429 με
3549 2357 3694 2428 ἡπά-

1999 2463 2151 2519 τησε,
2186 2449 2281 2503 καὶ
2308 2448 2533 2518 ἔφαγον.
2561 2448 2655 2521 Μὴ
2681 2448 2867 2514 ἀπλῶς
2898 2448 3360 2521 παρατρέχωμεν,
3391 2444 3690 2517 ἀγαπητοὶ.

1997 2534 2068 2588 τά
2097 2535 2388 2608 λεγόμενα,
2417 2535 2531 2590 ἀλλ’
2553 2535 2799 2607 ἀκριϐῶς
2826 2533 3245 2607 διερευνώμενοι
3271 2531 3474 2604 πολλὴν
3505 2530 3690 2585 ἐντεῦ-

1999 2622 2090 2676 θεν
2112 2623 2539 2695 καρπωσώμεθα
2575 2624 2675 2695 τὴν
2718 2622 3008 2693 ὠφέλειαν.
3048 2622 3408 2694 Δικαστὴριον
3439 2619 3548 2690 γάρ
3574 2621 3692 2674 ἐστι

1998 2711 2250 2782 φοϐερὸν,
2274 2712 2371 2765 καὶ
2401 2711 2608 2782 φρίκης
2634 2710 2834 2782 γέμον,
2865 2710 2961 2764 καὶ
2988 2709 3071 2764 δεῖ
3101 2709 3282 2763 πάντα
3327 2709 3468 2778 μετά
3507 2707 3690 2776 ἀσφα-

1997 2797 2148 2861 λείας
2179 2797 2523 2862 ἀκούσαντας
2546 2797 2714 2852 πολὺν
2743 2797 2836 2852 τὸν
2866 2796 2975 2851 ἀπὸ
2997 2795 3109 2850 τῶν
3137 2794 3447 2865 λεγομένων
3480 2792 3687 2863 θησαυ-

2001 2885 2092 2956 ρὸν
2116 2885 2531 2960 ἐναποτίθεσθαι
2567 2887 2632 2956 τῇ
2665 2884 2886 2956 διανοίᾳ.
2917 2883 3122 2937 Σκόπει
3156 2881 3267 2952 γάρ
3290 2881 3388 2934 καὶ
3402 2879 3496 2933 τὸν
3519 2878 3689 2949 ἀνδρα

1996 2971 2242 3041 λέγοντα,
2276 2973 2360 3026 ὅτι
2399 2972 2467 3027 Ἠ
2491 2971 2649 3042 γυνὴ
2674 2971 2757 3040 ἣν
2793 2970 3023 3036 ἔδωκας
3045 2970 3178 3038 μετ’
3201 2967 3372 3037 ἐμοῦ,
3403 2966 3559 3033 αὕτη
3584 2983 3689 3036 μοι

1995 3057 2214 3124 ἔδωκε,
2247 3059 2348 3112 καί
2396 3059 2644 3128 ἔφαγον.
2692 3055 2942 3128 Οὐδαμοῦ
2986 3057 3203 3129 ἀνάγκη
3223 3093 3238 3120 ,
3271 3053 3514 3124 οὐδαμοῦ
3546 3053 3637 3124 βία
3669 3095 3685 3120 ,

1995 3145 2134 3200 ἀλλά
2172 3146 2494 3218 προαίρεσις
2543 3147 2638 3200 καὶ
2685 3145 2912 3216 γνώμη·
2943 3144 3114 3198 ἐδωκε
3147 3144 3343 3214 μόνον,
3383 3144 3486 3196 οὐκ
3520 3142 3689 3213 ἡνάγ-

1996 3247 2185 3296 κασεν,
2227 3233 2330 3286 οὐκ
2357 3232 2634 3286 ἐϐιάσατο.
2687 3229 2792 3285 Καὶ
2850 3229 2990 3300 αὐτὴ
3036 3229 3200 3285 πάλιν
3227 3229 3525 3298 ἀπολογίαν
3564 3247 3692 3282 συν-

1993 3319 2206 3374 τιθεῖσα
2225 3358 2240 3384 ,
2266 3319 2366 3373 οὐκ
2399 3317 2582 3372 εἶπεν
2621 3318 2682 3372 '0
2704 3317 2828 3387 δφις
2859 3317 3142 3386 ἠνάγκασέ
3183 3334 3252 3388 με
3273 3359 3288 3382 ,
3319 3317 3414 3371 καὶ⁸
3461 3316 3686 3386 ἔφαγον.

2007 3409 2168 3464 Ἀλλά
2223 3408 2310 3477 τίς
2353 3409 2418 3463 '0
2458 3408 2595 3479 ὄφις
2634 3408 2912 3477 ἠπάτησέ
2947 3424 3055 3478 με·
3085 3406 3181 3461 τοῦ
3208 3406 3268 3461 δὲ
3297 3406 3688 3478 ἀπατηθῆναι,

1995 3495 2091 3548 καὶ
2127 3494 2202 3564 μὴ
2236 3493 2584 3566 ἀπατηθῆναι
2618 3493 2784 3564 κυρία
2813 3488 2901 3565 ἦν.
2941 3494 3004 3547 '0
3025 3492 3183 3562 ὄφις,
3219 3490 3691 3564 φησὶν,ἡπὰτησέ

1986 3599 2085 3652 με.
2103 3583 2162 3636 '0
2189 3582 2298 3654 γάρ
2331 3581 2573 3654 ἐχθροςὶ³
2621 3584 2718 3652 τῆς
2777 3582 3054 3654 σωτηρίας
3088 3581 3188 3652 τῆς
3218 3582 3497 3652 ἡμετέρας
3537 3581 3690 3651 ἐλδερο

1992 3670 2167 3741 γήσας
2199 3669 2287 3724 διὰ
2307 3670 2402 3723 τοῦ
2435 3669 2672 3741 πονηροῦ
2707 3669 2916 3724 ἐκείνου
2947 3669 3137 3742 θηρίου
3157 3710 3172 3734 ,
3199 3669 3294 3723 καὶ
3320 3670 3418 3739 τὴν
3448 3669 3690 3738 συμϐου-

1992 3756 2091 3828 λὴν
2111 3756 2424 3826 εἰσαγαγὼν
2445 3759 2752 3830 ἠπάτησεν,
2769 3758 2870 3812 οὐκ
2896 3757 3230 3828 ἠνάγκασεν,
3255 3756 3376 3810 οὐδὲ
3406 3756 3686 3821 ἐϐιάσατο,

1993 3843 2130 3897 ἀλλά
2158 3844 2250 3898 διὰ
2268 3843 2371 3914 τῆς
2391 3844 2645 3916 ὀλεθρίας
2677 3844 2990 3917 συμϐουλῆς
3024 3846 3124 3918 τὴν
3162 3845 3381 3915 ἀπάτην
3415 3844 3495 3907 είς
3525 3843 3689 3913 ἔργον

1991 3931 2220 4001 ἡγαγεν,
2261 3931 2451 4003 ἐπειδὴ
2497 3925 2624 4003 εὗρε
2665 3932 2763 4003 τὴν
2810 3935 3050 4000 γυναῖκα
3093 3931 3333 3994 εὐκόλως
3380 3929 3687 4000 δυναμένην

1990 4019 2240 4085 δέξασθαι
2271 4019 2367 4091 τὴν
2392 4021 2608 4091 ἀπάτην
2627 4020 2726 4092 τὴν
2760 4022 2938 4090 πάσης
2967 4020 3298 4091 συγγνώμης
3321 4029 3344 4059 °
3377 4021 3687 4089 ἀπεστερη-

1995 4111 2184 4180 μένην.
2204 4110 2267 4162 '0
2301 4110 2438 4180 ὄφις
2489 4110 2771 4178 ἠπάτησέ
2818 4127 2916 4180 με,
2943 4109 3044 4163 καί
3073 4108 3476 4178 ἔφαγον-,Ὅρα
3506 4107 3689 4161 τοίνυν

1990 4196 2082 4250 τὸν
2118 4197 2321 4266 ἀγαθὸν
2353 4198 2633 4269 Δεσπότην
2683 4198 3022 4268 ἀρκούμενον
3061 4197 3247 4250 αὐτῶν
3281 4197 3394 4259 τοῖς
3433 4197 3641 4266 ῥήμασι
3668 4235 3683 4254 .

1992 4285 2084 4338 καὶ
2135 4286 2288 4339 οὐδὲν
2322 4286 2634 4357 περαιτέρω
2677 4284 3166 4354 καταναγκάζοντα
3207 4283 3406 4352 λέγειν.
3465 4283 3686 4352 Ἐπειδὴ

1991 4374 2101 4446 γάρ
2133 4376 2232 4428 οὐκ
2265 4375 2478 4444 ἀγνοῶν
2502 4375 2677 4428 ταῦτα
2724 4374 2913 4445 ὴρώτα
2933 4415 2946 4440 ,
2975 4374 3090 4428 ἀλλ’
3123 4372 3279 4436 εἰδὼς
3303 4414 3316 4438 ,
3355 4373 3449 4426 καὶ
3480 4373 3686 4443 σφόδρα

1992 4461 2167 4526 εἰδὼς,
2205 4463 2293 4516 ἵνα
2351 4462 2409 4516 δέ
2449 4463 2550 4534 τὴν
2607 4462 2814 4516 οἰκείαν
2862 4460 3274 4532 φιλανθρωπίαν
3309 4459 3683 4530 ἐπιδείξηται,

1993 4548 2417 4617 συγκαταϐαίνει
2440 4549 2620 4602 αὐτῶν
2641 4552 2707 4620 τῇ
2735 4549 3009 4621 ἀσθενείᾳ,
3037 4550 3129 4602 καὶ
3155 4546 3471 4602 ἐκκαλεῖται
3486 4549 3684 4613 αὐτοὺς

1990 4637 2068 4698 εἰς
2111 4635 2404 4705 ὁμολογίαν
2441 4635 2551 4688 τῶν
2599 4636 3000 4706 ἐπταισμένων.
3053 4635 3153 4689 Διά
3193 4634 3351 4688 τοῦτο
3389 4629 3484 4688 οῦν
3528 4635 3684 4688 οὐδὲν

1992 4723 2153 4776 πλέον
2185 4725 2383 4795 ἐρωτᾷ.
2429 4724 2628 4794 Ἐχρῆν
2659 4725 2770 4795 γὰρ
2811 4725 2920 4796 ἄρα
2954 4724 3146 4795 μαθεῖν
3179 4725 3274 4778 καὶ
3321 4723 3382 4776 τὸ
3412 4719 3550 4788 εἶδος
3582 4722 3686 4792 τῆς

1990 4812 2208 4882 ἀπάτης
2227 4828 2238 4840 ·
2265 4812 2488 4866 ἀλλ’ἵνα
2519 4815 2651 4883 ἡμῖν
2688 4813 2839 4885 δείξῃ
2875 4813 2957 4867 ὅτι
2993 4812 3096 4865 οὐκ
3125 4811 3350 4882 ἀγνοίας
3375 4807 3446 4883 ἦν
3479 4813 3512 4882 ἡ
3540 4811 3684 4882 ἐρώ-

1989 4914 2146 4968 τησις
2172 4939 2185 4962 ,
2238 4899 2490 4969 ἀρκεῖται
2535 4902 2648 4963 τοῖς
2677 4901 2941 4970 ῥηθεῖσιν.
2994 4899 3239 4953 Είποῦσα
3270 4900 3402 4971 γάρ,
3447 4899 3510 4953 '0
3544 4900 3681 4968 ὄφις

1989 4986 2270 5054 ἠπάτησέ
2292 5003 2390 5055 με,
2435 4988 2536 5041 καί
2573 4989 2821 5057 ἔφαγον,
2868 4987 3085 5058 ἐκείνην
3134 4987 3355 5058 ᾐνίξατο
3413 4987 3511 5060 τὴν
3564 4988 3682 5041 ὀλε-

1993 5072 2148 5142 θρίαν
2202 5072 2534 5143 συμϐουλὴν,
2581 5077 2647 5144 ἣν
2692 5074 2910 5139 ἐδέξατο
2953 5074 3106 5146 παρά
3145 5073 3240 5128 τοῦ
3294 5075 3543 5130 διαϐόλου
3591 5077 3682 5131 διὰ

1987 5160 2082 5213 τοῦ
2118 5162 2315 5230 δφεως,
2362 5162 2444 5215 ὅτι
2484 5163 2716 5216 Ἔσεσθε
2755 5164 2893 5234 μετά
2926 5164 3025 5236 τὴν
3061 5165 3264 5235 βρῶσιν
3301 5167 3378 5230 ὡς
3418 5167 3547 5220 θεοί.
3587 5167 3680 5220 Εἶ-

1987 5248 2105 5301 δετε
2151 5250 2269 5320 μεθ’
2305 5252 2441 5319 ὅσης
2477 5251 2765 5323 ἀκριϐείας
2797 5253 3059 5324 ἠρωτήθη
3091 5253 3119 5304 ὁ
3157 5253 3357 5324 Ἀδάμ;
3398 5255 3519 5321 μεθ’
3549 5257 3682 5325 ὅσης

1990 5337 2339 5402 ἀνεξικακίας
2389 5339 2618 5410 εἰσήχθη
2670 5342 2750 5403 εἷς
2785 5341 2846 5394 τὸ
2891 5342 3239 5413 δικαστήριον
3289 5343 3381 5395 καὶ
3432 5345 3464 5412 ἡ
3507 5347 3678 5414 γυνής

1990 5423 2105 5487 πῶς
2142 5425 2405 5497 ἑκάτερος
2453 5429 2634 5482 αὐτῶν
2685 5429 2784 5500 τὴν
2833 5430 3132 5498 ἀπολογίαν
3183 5431 3505 5501 ἐποιήσατος
3547 5431 3682 5484 Βλέ-

1989 5530 2120 5566 πετε
2173 5513 2362 5566 λοιπὸν
2413 5514 2650 5569 ἐνταῦθα
2700 5519 2799 5588 τῆς
2853 5518 3062 5586 ἀφάτου
3115 5519 3527 5588 φιλανθρωπίας
3582 5519 3680 5574 τοῦ

1987 5601 2242 5653 δικαστοῦ
2284 5603 2384 5671 τὴν
2425 5603 2753 5674 ὑπερϐολήν.
2791 5604 2972 5676 [HI]
3035 5606 3254 5675 Ἐπειδὴ
3301 5607 3407 5676 γὰρ
3449 5603 3598 5660 εἶπεν
3645 5613 3679 5678 ἡ

1991 5689 2146 5758 γυνὴ,
2170 5689 2250 5740 ὅτι
2281 5689 2334 5741 Ὀ
2372 5689 2506 5758 ὄφις
2526 5691 2804 5758 ἠπάτησιὲ
2832 5710 2928 5761 με,
2958 5693 3056 5746 καὶ
3086 5695 3333 5761 ἔφαγον
3357 5693 3541 5746 οὐκέτι
3570 5696 3677 5748 λοι-

1995 5774 2093 5826 πον
2129 5776 2470 5846 ἀποκρίσεως
2519 5777 2662 5842 ἀξιοῖ
2704 5781 2792 5831 τὸν
2826 5781 2969 5848 ὅφιν,
2999 5780 3118 5833 οὐδέ
3159 5780 3454 5846 ἀπολογίας
3497 5781 3678 5850 χώραν

2006 5975 2016 5985 ι
2058 5913 2086 5950 ἲ»
2115 5912 2284 5985 Morel.
2305 5915 2392 5985 ὅρα
2415 5913 2518 5985 γάρ’
2591 5916 2764 5979 ἐχθρός.
2795 5933 2918 5985 mss.
2937 5931 3068 5985 pene
3095 5931 3266 5969 omnes
3291 5924 3341 5968 et
3369 5919 3515 5970 SMN.
3543 5920 3570 5966 ὀ
3592 5921 3682 5981 γὶρ

2001 5977 2171 6034 ἐχθρός.
2246 5979 2266 6005 ε
2303 5977 2477 6026 Morel.
2504 5979 2658 6033 πάσης
2677 5977 2772 6034 ’τῆς
2797 5977 3081 6040 (ταχυϐούλῆς.

3171 6087 3208 6143 9
