4068 6376
186 286 278 340 με
1291 295 1355 351 ΙΝ
1393 296 1544 351 CAP.
1577 296 1662 352 ΙΙΙ.
1706 295 1767 353 Gl

1878 297 1946 355 ZS.
1994 299 2218 362 llOMlL.
2263 305 2422 368 XVII.

188 414 304 451 rum
332 407 385 453 et
415 400 696 456 mulierem
729 420 743 458 :
776 404 867 460 sed
897 415 1112 477 accepta
1143 407 1211 464 ab
1239 410 1338 464 illis
1360 410 1691 476 defensione,
1726 412 1777 466 in

183 489 355 555 illum,
379 493 527 561 quasi
553 494 812 550 malorum
839 507 1134 566 auctorem,
1152 515 1211 556 se
1232 504 1513 558 convertit.
1547 504 1613 558 Et
1634 507 1779 575 quia,

183 590 366 649 utpote
397 584 560 648 Deus,
589 585 676 640 cui
705 587 862 641 etiam
891 604 1081 644 arcana
1115 600 1237 647 nota
1268 604 1411 660 sunt,
1440 595 1642 650 sciebat
1669 611 1784 652 ser-

183 682 401 737 pentem
431 673 816 732 ministravisse
834 679 1026 735 diaboli
1055 681 1260 738 insidiis
1287 693 1340 739 et
1362 685 1595 750 invidiae,
1622 702 1780 756 quam

182 776 308 829 erga
345 763 612 820 hominem
644 767 977 837 exhibuerat,
998 783 1052 826 ut
1071 773 1247 830 discas
1273 777 1439 846 ipsius
1462 777 1777 844 bonitatem,

181 853 477 921 quomodo,
506 869 702 923 gnarus
744 867 939 926 tamen,
973 863 1039 916 ad
1090 864 1257 918 Adam
1298 867 1511 936 quidem
1557 869 1651 935 ait,
1686 868 1783 922 Ubi

180 955 236 993 es
254 941 281 994 ?
323 942 447 1008 Quis
485 949 801 1003 annuntiavit
828 952 916 1004 tibi
938 953 1077 1021 quod
1102 958 1265 1010 nudus
1291 957 1358 1010 sis
1381 957 1406 1011 .9
1449 959 1576 1014 Eva:
1602 968 1781 1016 autem

182 1029 328 1086 dixit
360 1049 373 1086 :
408 1033 512 1089 Cur
537 1037 632 1090 hoc
659 1039 870 1106 fecisti?
914 1043 1037 1098 huic
1084 1047 1237 1100 mala:
1281 1047 1465 1103 bestia:
1506 1049 1637 1103 nihil
1677 1051 1782 1106 tale

183 1121 318 1177 dicit
346 1142 360 1189 ;
389 1126 482 1180 sed
508 1128 632 1197 quid
655 1130 677 1183 ?
706 1133 790 1186 Η.
827 1133 891 1188 Et
918 1137 1047 1190 dixit
1077 1136 1327 1194 Dominus
1354 1140 1493 1196 Deus
1515 1153 1732 1214 serpenti
1761 1159 1780 1197 :

186 1211 324 1276 Quid
360 1217 522 1284 fecisti
559 1218 670 1273 hoc.
705 1221 1322 1285 Vidistixtlill'erentiam?
1365 1233 1570 1289 Mulieri
1598 1211 1732 1290 dixit
1765 1253 1778 1291 :

182 1303 291 1358 Cur
336 1307 429 1360 hoc
477 1312 676 1380 fecisti?
721 1314 967 1385 Serpcnti
1020 1330 1244 1378 autem:
1280 1323 1413 1391 Quia
1458 1328 1623 1397 fecisti
1662 1329 1777 1383 hoc.

180 1396 318 1463 Quia
349 1398 451 1454 hoc
477 1403 695 1469 malum,
726 1407 926 1476 inquit,
959 1422 1209 1480 operatus
1235 1431 1293 1470 es
1314 1457 1328 1481 ,
1362 1396 1482 1487 quia
1513 1422 1780 1488 pernicio-

180 1500 304 1540 sum
330 1486 431 1543 hoc
456 1493 734 1549 consilium
773 1497 1045 1567 induxisti,
1076 1504 1198 1572 quia
1228 1505 1349 1560 huic
1373 1508 1582 1563 invidia:
1615 1512 1776 1565 mini-

179 1577 401 1642 strasti,
449 1581 570 1648 quia
627 1583 878 1642 invidiam
932 1592 1120 1648 acuisti
1173 1595 1431 1653 adversus
1477 1610 1775 1656 creaturam

183 1678 381 1732 meam,
418 1667 724 1729 Maledictus
765 1687 820 1730 tu
861 1695 968 1748 pra:
1007 1683 1236 1738 omnibus
1275 1688 1556 1756 pecoribus,
1592 1701 1636 1744 et
1675 1709 1780 1760 pra:

180 1757 414 1812 omnibus
460 1760 628 1817 bestiis
669 1774 836 1820 terrm.
878 1768 1048 1841 Super
1076 1785 1248 1843 pectus
1276 1785 1424 1831 tuum
1468 1789 1514 1834 et
1559 1757 1779 1837 ventrem

179 1857 324 1901 tuum
343 1851 613 1920 gradieris,
647 1866 696 1910 et
729 1867 916 1914 terram
951 1867 1180 1920 comedes
1212 1869 1441 1925 omnibus
1471 1871 1642 1928 diebus
1664 1874 1780 1929 vita:

179 1948 300 1993 tute.
335 1942 418 1996 l5.
445 1942 514 1996 Et
536 1946 829 2006 inimicitias
850 1969 1036 2021 ponam
1058 1957 1190 2011 inter
1209 1969 1257 2013 te
1275 1969 1323 2014 et
1343 1962 1474 2015 inter
1493 1965 1774 2032 mulierem,

179 2040 228 2083 et
259 2032 390 2085 inter
416 2050 586 2090 semen
617 2049 757 2094 tuum
782 2051 829 2096 et
855 2045 984 2099 inter
1012 2063 1179 2102 semen
1204 2051 1361 2105 illius.
1402 2052 1430 2104 Ι
1436 2070 1525 2124 pse
1545 2055 1774 2112 observa-

179 2118 251 2170 bit
275 2133 425 2190 caput
453 2133 614 2195 tuum,
644 2139 690 2183 et
719 2141 773 2184 tu
793 2135 1078 2209 observabis
1106 2139 1217 2208 ejus
1242 2118 1558 2201 calcaneunt.

252 2209 304 2263 6.
337 2211 599 2282 Serpentis
620 2218 897 2278 damnatio.
919 2257 991 2266 —
1007 2229 1256 2297 Attende,
1284 2248 1400 2298 oro,
1424 2235 1512 2292 hic
1531 2238 1774 2296 ordinem

175 2310 464 2357 contextus
493 2305 748 2364 refertum
790 2312 886 2368 Dei
924 2330 1047 2388 erga
1088 2317 1337 2378 homines
1380 2323 1772 2384 benevolentia.

174 2391 314 2446 Nam
344 2394 676 2470 interrogans
703 2418 734 2458 a
763 2406 877 2461 viro
923 2407 1144 2481 incepit,
1174 2415 1368 2471 deinde
1389 2417 1454 2473 ad
1497 2421 1772 2477 mulierem

179 2485 414 2541 transiit.
443 2489 506 2544 Et
529 2504 807 2564 postquam
838 2499 946 2567 ipsa
977 2503 1131 2570 dixit,
1160 2507 1277 2575 quis
1303 2510 1402 2564 sibi
1434 2523 1620 2568 auctor
1647 2514 1780 2570 tuis-

175 2584 264 2630 set
295 2593 308 2629 :
343 2587 398 2632 ut
427 2591 640 2638 ventum
670 2595 754 2642 est
781 2590 847 2643 ad
877 2604 1212 2666 serpentem,
1241 2613 1346 2654 non
1369 2601 1482 2670 jam
1513 2605 1661 2660 illum
1688 2607 1774 2662 di-

173 2678 392 2736 gnatur,
418 2681 478 2726 ut
506 2689 819 2744 responsum
846 2698 912 2738 ex
937 2699 1002 2740 eo
1026 2688 1224 2756 audiat,
1245 2691 1339 2746 sed
1367 2708 1578 2763 poenam
1602 2698 1775 2754 inten-

176 2767 278 2824 tat,
305 2770 360 2816 et
391 2763 549 2820 talem
576 2782 695 2837 qua:
721 2771 775 2825 in
801 2787 963 2830 omne
1000 2785 1208 2848 tempus
1236 2785 1577 2856 extendatur,
1607 2797 1662 2844 et
1689 2792 1772 2861 sui

172 2855 485 2919 spectaculo
521 2861 769 2918 omnibus
813 2866 1033 2934 posthac
1073 2869 1266 2929 futuris
1307 2855 1672 2947 doctrinasit,
1703 2855 1772 2940 ne

175 2941 315 2996 ultra
346 2946 598 3012 pestilens
637 2950 767 3007 illud
806 2957 1053 3013 audiatur
1076 2965 1380 3033 consilium,
1413 2985 1587 3040 neque
1623 2941 1770 3030 locus

172 3035 502 3091 concedatur
532 3038 732 3099 dolosis
764 3045 931 3116 ipsius
970 3051 1196 3110 insidiis.
1245 3057 1349 3114 Sed
1395 3035 1534 3117 forte
1576 3064 1771 3121 dixerit

173 3122 414 3219 aliquis:
442 3128 572 3184 Cum
603 3131 846 3192 diabolus
872 3146 1137 3211 serpentis
1173 3162 1336 3217 opera
1372 3167 1529 3219 usus,
1571 3158 1770 3213 malum

172 3214 418 3270 attulerit
445 3222 725 3278 consilium
750 3267 765 3290 ,
806 3243 902 3285 cur
938 3232 1124 3290 bestia:
1165 3214 1244 3293 illi
1284 3255 1442 3309 pinna
1475 3214 1771 3316 inﬂigitur?

173 3306 272 3362 Est
295 3317 351 3364 et
379 3309 479 3368 hoc
502 3314 784 3374 incﬂ‘abilis
806 3321 1145 3394 benignitatis
1171 3329 1263 3385 Dei
1284 3306 1442 3402 opus.
1471 3306 1613 3392 Nani
1633 3341 1771 3395 sicut

170 3403 574 3462 amantissimus
600 3418 752 3477 pater
780 3404 1006 3482 puniens
1034 3434 1157 3475 eum
1187 3424 1275 3492 qui
1306 3424 1470 3480 lilium
1498 3444 1651 3484 suum
1675 3446 1768 3487 oc-

168 3488 389 3582 ciderit,
410 3501 465 3548 et
485 3494 714 3564 gladium
741 3511 795 3557 et
819 3519 1024 3572 ensem,
1050 3524 1146 3578 per
1167 3488 1326 3582 quem
1357 3515 1495 3572 {ilius
1518 3532 1647 3575 suus
1677 3536 1771 3576 oc-

167 3579 334 3646 cisus,
360 3581 604 3653 destruit,
629 3601 682 3644 et
706 3591 758 3646 in
782 3594 978 3651 multas
996 3579 1513 3670 partes'comminuit
1538 3626 1550 3662 :
1575 3611 1765 3667 eodem

169 3674 333 3728 modo
379 3676 518 3733 Deus
548 3682 687 3750 egit;
734 3687 856 3756 quia
882 3701 1105 3760 serpens
1128 3695 1279 3762 quasi
1314 3697 1521 3766 gladius
1550 3701 1763 3770 quidam

167 3762 372 3820 diaboli
400 3771 617 3826 servivit
641 3775 877 3842 malitiae,
909 3790 1216 3850 perpetuam
1249 3762 1345 3855 ipsi
1380 3762 1592 3857 poenam
1619 3792 1762 3848 inlli-

166 3854 266 3952 git,
294 3866 355 3952 ut
384 3872 481 3952 per
501 3859 604 3917 hoc
626 3865 768 3934 quod
794 3870 894 3924 sub
918 3886 1132 3928 sensum
1158 3885 1214 3931 et
1240 3854 1339 3934 sub
1363 3854 1642 3952 aspectum
1669 3902 1762 3942 ca-

166 3944 267 4010 dit,
313 3946 673 4020 intelligamus
716 3956 766 4011 in
807 3970 1001 4029 quanta
1049 3964 1338 4034 ignoninia
1384 3944 1452 4026 sit
1494 3975 1759 4033 diabolus.

166 4033 300 4089 Nam
343 4037 388 4091 si
431 4039 475 4092 is
521 4042 607 4111 qui
651 4054 706 4099 ut
743 4033 1153 4111 instrumentum
1195 4060 1536 4131 ministravit,
1566 4075 1763 4124 tantam

164 4137 421 4194 expertus
445 4141 526 4184 est
556 4132 1005 4209 indignationem,
1038 4148 1197 4216 quale
1229 4154 1545 4222 supplicium
1573 4159 1762 4214 verisi-

165 4215 294 4270 mile
335 4227 418 4273 est
457 4236 825 4294 suscepturum
862 4215 1169 4292 diabolum?
1213 4239 1324 4298 lino
1368 4245 1472 4302 hoc
1511 4264 1607 4304 nos
1649 4251 1759 4320 jam

162 4303 344 4361 docuit
368 4308 420 4362 in
443 4311 636 4372 divinis
666 4324 954 4392 evangeliis
980 4326 1225 4388 Christus
1248 4333 1432 4391 dicens
1460 4339 1525 4394 ad
1554 4303 1762 4412 eos'qui

163 4411 193 4451 a
222 4400 441 4458 sinistra
471 4419 594 4463 sunt
623 4416 893 4471 constituti
926 4435 938 4472 :
967 4418 1225 4479 Discedite
1257 4444 1288 4480 a
1323 4446 1402 4484 me
1428 4400 1760 4489 maledicti-in

161 4490 331 4560 ignem
370 4504 646 4568 mternum,‘
671 4505 756 4572 qui
789 4523 1107 4578 prwparatus
1140 4527 1212 4570 est
1249 4517 1450 4576 diabolo
1484 4534 1531 4579 et
1569 4527 1762 4598 angelis

161 4583 274 4650 ejus
289 4583 519 4680 illati/2.
547 4588 634 4646 25.
655 4595 766 4664 4i).
799 4597 872 4651 llli
898 4604 1038 4657 enim
1061 4606 1186 4661 olim
1212 4624 1539 4680 praeparatus
1569 4583 1760 4674 esiin;

160 4675 556 4746 exstinguibilis
587 4684 672 4738 ille
700 4687 855 4758 ignis.
895 4692 1031 4758 Quid
1061 4713 1188 4769 ergo
1217 4705 1464 4759 miserius
1495 4708 1599 4762 illis
1621 4751 1634 4774 ,
1666 4715 1754 4781 qui

160 4765 482 4836 negligenda
532 4775 749 4831 salutem
791 4797 939 4836 suam
986 4788 1190 4855 seipsos
1235 4797 1496 4863 supplicio
1542 4800 1612 4853 illi
1660 4765 1755 4857 (ξι)-

159 4858 354 4911 noxios
383 4861 633 4931 reddunt,
663 4871 804 4937 quod
842 4873 1052 4932 diabolo
1078 4858 1431 4950 prteparatum
1463 4891 1586 4944 est?
1625 4893 1753 4947 Nam

157 4949 300 5012 quod
330 4952 479 5005 nobis
505 4995 518 5019 ,
547 4958 590 5010 si
625 4961 945 5020 voluerimus
976 4968 1223 5026 virtutem
1252 4978 1563 5047 amplexari,
1597 4992 1650 5036 et
1676 4985 1753 5038 lc—

156 5057 251 5111 ges
268 5057 298 5098 a
319 5043 534 5101 Christo
554 5061 776 5109 statutas
793 5062 960 5128 sequi,
983 5076 1220 5131 pn-atum
1239 5043 1562 5142 sitiregnum,
1586 5079 1751 5146 ipsum

153 5135 279 5189 andi
307 5137 609 5209 loquentem
642 5170 655 5204 :
694 5148 879 5218 Venite,
911 5156 1154 5214 benedicti
1178 5162 1349 5220 Patris
1375 5171 1490 5233 mei,
1514 5171 1564 5223 in
1589 5173 1752 5228 licere-

149 5231 370 5284 ditatem
409 5239 618 5306 accipite
646 5259 854 5312 regnum
880 5291 893 5312 ,
926 5255 1060 5318 quod
1094 5257 1227 5309 vobis
1255 5273 1595 5328 prteparatum
1621 5275 1692 5319 est
1722 5287 1751 5319 a

155 5323 515 5380 constitutione
545 5335 718 5386 mundi
760 5336 918 5405 (Ibid.
945 5357 992 5394 υ.
1025 5346 1132 5413 5i).
1170 5323 1457 5407 Vidisti’illi
1489 5355 1740 5410 inexstin-

157 5413 410 5480 gnibilem
441 5419 611 5487 ignem
645 5439 993 5496 praeparatum
1014 5475 1030 5501 ,
1063 5437 1214 5492 nobis
1244 5454 1419 5497 autem
1443 5486 1455 5509 ,
1487 5449 1583 5501 nisi
1611 5450 1751 5503 desi-

159 5509 253 5561 des
300 5511 575 5582 fuerimus,
609 5524 870 5587 regnum?
917 5527 1039 5582 llaec
1081 5530 1237 5599 igitur
1282 5538 1598 5605 cogitantes,
1637 5541 1748 5596 vita:

158 5613 360 5657 nostrm
388 5619 568 5661 curam
600 5625 848 5681 agamus,
889 5627 942 5672 ct
978 5622 1230 5677 malitiam
1272 5624 1553 5696 fugientes,
1589 5650 1744 5688 nutu-

159 5709 316 5760 quam
352 5696 624 5757 diabolicis
660 5707 861 5762 artibus
892 5699 1237 5782 decipiantur.
1279 5718 1341 5771 At
1376 5719 1418 5774 si
1447 5731 1493 5773 ct
1529 5739 1619 5778 vos
1651 5742 1744 5780 v0-

3390 322 3494 381 Hi

1891 414 2116 488 lueritis,
2149 434 2198 475 et
2234 424 2467 480 nondum
2498 425 2620 483 fessi
2652 431 2800 500 estis,
2832 435 3022 489 iterum
3057 437 3107 490 in
3140 437 3376 494 medium
3403 442 3486 495 at-

1889 510 2119 566 lcramus
2146 529 2356 583 pit-nam
2386 534 2505 587 qua:
2531 524 2764 590 serpenti
2798 524 2993 580 inﬂicta
3019 537 3121 595 est,
3148 539 3204 582 ut
3233 529 3484 599 paulatim

1887 602 1953 656 ad
1996 603 2153 660 ﬁnem
2198 608 2382 677 juditzii
2431 623 2795 681 ptopcrantcs,
2831 617 3108 674 videamus
3144 620 3338 677 divina:
3378 624 3486 679 cleo

1887 695 2101 751 mentite
2130 701 2570 768 magnitudinem.
2611 703 2744 758 Nam
2789 707 2833 762 si
2877 706 3120 765 homines
3145 712 3486 781 judicemvi-

1886 788 2074 844 dentes
2106 791 2316 859 publice
2342 792 2640 861 sedentem,
2670 805 2720 852 et
2769 808 2955 854 contra
2999 817 3122 858 reos
3165 805 3484 860 sententiam

1887 882 2318 947 pronuntiantem
2340 924 2356 949 ,
2399 899 2543 955 smpe
2574 894 2686 943 toto
2714 889 2800 945 die
2839 890 2910 946 ibi
2952 903 3191 961 manent,
3222 911 3320 950 nec
3362 896 3487 953 inde

1884 969 2200 1038 abscedunt,
2227 972 2400 1029 donec
2424 978 2724 1034 surrexisse
2750 979 2983 1038 viderint
3006 983 3240 1053 iudicem
3275 1005 3286 1039 :
3318 989 3487 1042 multo

1886 1062 2060 1130 magis
2080 1078 2222 1118 nunc
2251 1079 2348 1119 nos
2377 1065 2586 1123 decebit
2603 1069 2838 1138 judieem
2862 1075 3049 1144 majori
3073 1091 3193 1131 cum
3212 1078 3489 1134 alacritate

1889 1152 2072 1207 videre
2099 1153 2297 1211 bonum
2329 1157 2526 1224 Deum,
2560 1165 2826 1232 quomodo
2854 1171 3084 1238 serpenti
3115 1185 3331 1241 gravem
3375 1188 3490 1244 po:-

1884 1258 2008 1298 nam
2035 1244 2368 1316 imposuerit,
2395 1259 2452 1304 ut
2475 1266 2571 1322 per
2591 1255 2860 1312 sensibilis
2882 1257 3040 1336 huius
3067 1263 3250 1318 bestiae
3273 1279 3482 1334 poenas,

1885 1351 1987 1406 qua
2019 1337 2161 1393 velut
2187 1353 2388 1410 organo
2433 1358 2560 1400 usus
2599 1355 2682 1402 est
2717 1349 2983 1420 malignus
3010 1353 3097 1408 ille
3120 1353 3331 1410 daemon
3353 1398 3367 1420 ,
3401 1359 3487 1412 in-

1887 1431 2217 1502 telligamus,
2249 1451 2380 1505 quas
2409 1437 2479 1492 illi
2511 1455 2694 1507 pinnas
2723 1442 2773 1496 in
2803 1441 2983 1499 futuro
3022 1447 3218 1502 Str-culo
3251 1447 3487 1506 inﬂictu-

1884 1536 1977 1576 rus
2004 1525 2074 1577 sit
2102 1542 2115 1577 :
2140 1525 2409 1593 quomodo
2440 1529 2564 1584 item
2589 1531 2920 1588 misericordi
2950 1539 3289 1606 correptione
3313 1540 3486 1596 virum

1885 1620 1937 1666 et
1969 1614 2244 1670 mulierem
2279 1623 2522 1689 castiget,
2547 1637 2666 1690 qua:
2692 1623 2989 1681 admonitio
3021 1627 3196 1697 potius
3228 1630 3292 1684 sit
3326 1648 3485 1702 quam

1888 1704 2092 1771 punitio
2123 1723 2138 1760 :
2169 1718 2225 1762 ut
2265 1706 2348 1762 his
2376 1713 2625 1767 omnibus
2655 1714 2937 1785 diligenter
2958 1719 3365 1789 animadversis,
3392 1723 3489 1778 ad-

1884 1795 2141 1853 miremur
2169 1801 2450 1857 clementis
2479 1804 2570 1858 Dei
2599 1806 2988 1875 providentiam
3010 1852 3025 1877 ,
3053 1827 3211 1880 quam
3240 1813 3331 1870 ille
3358 1830 3485 1886 erga

1884 1897 2120 1943 nostram
2168 1901 2410 1948 naturam
2452 1895 2689 1951 exhibet.
2717 1897 2855 1965 Quid
2885 1915 3013 1971 ergo
3039 1901 3114 1956 illi
3145 1903 3387 1959 dictum?
3421 1907 3486 1961 lit

1883 1978 2014 2033 dixit
2038 1979 2287 2038 Dominus
2313 1983 2448 2040 Deus
2473 1988 2692 2054 serpenti
2721 2005 2740 2043 :
2778 1990 2914 2056 Quia
2938 1992 3102 2063 fecisti
3130 1993 3244 2060 hoc,
3272 1996 3490 2050 maledi-

1883 2079 1993 2125 ctus
2031 2081 2085 2126 tu
2123 2089 2231 2140 pra:
2256 2076 2489 2131 omnibus
2520 2079 2802 2147 pecoribus,
2830 2090 2876 2136 et
2916 2098 3025 2151 pra:
3055 2085 3284 2140 omnibus
3319 2086 3488 2142 bestiis

1881 2179 1995 2234 qua:
2022 2175 2138 2220 sunt
2165 2183 2319 2238 super
2344 2179 2550 2224 terram.
2585 2170 2753 2244 Super
2785 2183 2959 2244 pectus
2995 2184 3138 2230 tuum
3178 2188 3226 2232 et
3259 2188 3500 2241 ventrem

1883 2266 2023 2310 tuum
2049 2258 2318 2328 gradieris,
2351 2273 2396 2315 et
2437 2272 2626 2317 terram
2663 2266 2893 2321 comedcs
2920 2268 3151 2323 omnibus
3172 2269 3348 2326 diebus
3373 2272 3486 2326 vita

1880 2356 1999 2402 tute.
2043 2347 2113 2404 Et
2151 2351 2441 2407 inimicitias
2476 2371 2664 2423 ponam
2693 2355 2824 2410 inter
2849 2366 2896 2412 te
2914 2367 2962 2412 et
2983 2359 3112 2412 inter
3130 2361 3413 2423 mulierem.
3437 2372 3486 2415 et

1881 2439 2013 2493 inter
2050 2457 2218 2496 semen
2255 2452 2398 2497 tuum
2434 2454 2478 2498 et
2517 2461 2688 2500 semen
2727 2449 2857 2517 ejus.
2892 2445 3014 2516 Ipse
3036 2457 3179 2504 tuum
3202 2450 3485 2507 observabit

1880 2539 2052 2599 caput,
2076 2540 2122 2584 et
2143 2542 2196 2586 tu
2222 2532 2509 2589 observabis
2529 2536 2640 2606 ejus
2664 2538 2981 2593 calcaneum.

1951 2623 2003 2676 7.
2054 2622 2244 2680 Gravis
2288 2634 2342 2680 et
2386 2627 2678 2685 vehemens
2727 2629 3022 2701 indignatio
3070 2650 3082 2686 :
3121 2633 3246 2704 quia
3291 2649 3482 2705 magna

1879 2714 2039 2768 etiam
2071 2725 2124 2770 et
2170 2715 2357 2785 ingens
2401 2718 2667 2789 deceptio,
2717 2736 2877 2791 quam
2910 2737 3007 2793 per
3035 2723 3185 2780 illum
3213 2726 3480 2797 malignus

1877 2803 2088 2861 dromon
2136 2806 2334 2862 intulit.
2366 2809 2434 2864 Et
2461 2811 2590 2865 dixit
2617 2810 2866 2868 Dominus
2892 2814 3031 2870 Deus
3057 2828 3278 2887 serpenti
3303 2835 3322 2873 :
3349 2819 3485 2886 Quia

1880 2894 2041 2963 fecisti
2069 2895 2182 2950 hoc.
2227 2896 2360 2966 Quia
2402 2899 2514 2967 tali,
2564 2902 2755 2973 inquit,
2804 2905 3027 2962 malitia:
3055 2907 3392 2977 ministrasti,
3423 2922 3482 2967 ut

1878 2984 2026 3039 fraus
2073 2986 2159 3040 illa
2209 3003 2373 3057 opere
2392 2993 2772 3060 compleretur,
2816 2995 3014 3051 malum
3041 2999 3323 3054 consilium
3349 3001 3481 3058 απο-

1879 3075 2066 3142 rendo,
2112 3087 2165 3131 et
2211 3077 2370 3134 letale
2401 3081 2648 3148 poculum
2682 3086 3061 3155 temperando;
3091 3089 3211 3159 quia
3242 3091 3318 3145 sic
3347 3089 3482 3147 feci-

1876 3169 1967 3235 sti,
1991 3179 2045 3225 et
2068 3185 2097 3226 a
2129 3186 2247 3227 mea
2275 3173 2646 3232 benevolentia
2669 3178 2955 3236 excludere
2974 3181 3183 3237 voluisti
3207 3195 3482 3240 creaturas

1877 3277 2044 3329 meas,
2094 3265 2394 3321 ministerio
2441 3269 2659 3340 maligni
2708 3270 2971 3328 daemonis
3015 3276 3297 3332 sententia:
3323 3278 3472 3334 exhi-

1877 3352 2009 3420 bito,
2042 3355 2131 3425 qui
2162 3356 2230 3411 ob
2257 3357 2508 3413 invidiam
2537 3369 2593 3416 et
2624 3361 2894 3430 ingentem
2921 3365 3226 3435 superbiam
3266 3381 3417 3423 suam
3449 3384 3482 3425 e

1875 3445 2022 3498 caelis
2050 3445 2101 3498 in
2133 3453 2330 3501 terram
2353 3447 2594 3519 deiectus
2623 3461 2704 3506 est
2734 3469 2746 3506 :
2773 3461 3056 3522 propterea
3083 3455 3204 3526 quia
3238 3466 3289 3512 te
3315 3457 3366 3512 in
3395 3457 3480 3514 bis

1876 3543 1933 3588 ut
1959 3535 2313 3592 instrumento
2361 3550 2445 3596 est
2488 3556 2636 3607 usus,
2665 3552 2976 3613 perpetuam
3005 3545 3097 3602 tibi
3129 3563 3340 3616 poenam
3371 3550 3478 3604 iut-

1876 3642 2037 3697 pono,
2089 3638 2146 3684 ut
2184 3646 2281 3700 per
2326 3646 2410 3699 ea,
2456 3648 2575 3704 qua:
2622 3634 2712 3688 tibi
2757 3635 3079 3707 inferuntur,
3123 3648 3178 3695 et
3217 3642 3309 3698 ille
3337 3643 3478 3700 scire

1875 3719 2061 3786 possit,
2093 3720 2361 3789 quodnam
2405 3722 2578 3792 ipsum
2620 3734 2834 3781 maneat
2857 3729 3202 3799 supplicium,
3236 3740 3287 3787 et
3313 3731 3477 3789 futuri

1876 3810 2120 3866 homines
2146 3813 2477 3883 erudiantur,
2521 3831 2588 3871 ne
2613 3818 2940 3874 seducantur
2975 3821 3174 3876 diaboli
3212 3824 3478 3890 consiliis,

1874 3919 2048 3975 neque
2079 3905 2221 3960 illius
2261 3906 2476 3964 fraudes
2509 3910 2812 3980 admittant,
2843 3898 2898 3967 ut
2925 3929 2993 3968 ne
3020 3913 3071 3968 in
3098 3915 3314 3971 easdem
3344 3917 3478 3973 inci-

1871 3998 2000 4053 dant
2041 4015 2245 4071 pinnas.
2296 4002 2582 4073 Propterea
2613 4005 2925 4062 maledictus
2945 4023 3005 4064 es
3037 4018 3091 4063 tu
3120 4010 3257 4065 inter
3285 4025 3475 4068 omnes

1873 4090 2090 4159 bestias,
2139 4094 2260 4164 quia
2287 4095 2606 4152 calliditate'
2629 4099 2766 4153 male
2792 4108 2846 4153 et
2878 4114 2985 4155 non
3017 4109 3075 4155 ut
3103 4100 3386 4172 oportebat
3412 4118 3473 4159 es

1873 4198 2021 4249 usus,
2054 4184 2146 4239 sed
2178 4185 2511 4256 privilegium
2558 4188 2701 4258 quod
2745 4203 2907 4260 super
2951 4193 3130 4248 omnia
3178 4194 3470 4251 animantia

1871 4274 2204 4343 possidebas,
2235 4275 2338 4332 hoc
2366 4279 2459 4333 tibi
2491 4280 2542 4333 in
2575 4281 2811 4336 omnium
2839 4283 3102 4338 malorum
3123 4286 3287 4341 cessit
3309 4301 3468 4342 occa-

1869 4367 2098 4423 sionem.
2147 4369 2321 4439 lnquit
2368 4372 2513 4427 enim
2563 4391 2577 4427 :
2640 4362 2864 4445 Serpens
2914 4385 3023 4430 erat
3071 4378 3470 4448 prudentissima

1868 4461 2092 4514 omnium
2118 4460 2407 4527 bestiarum,
2437 4480 2550 4524 qua:
2573 4475 2714 4519 erant
2751 4484 2904 4536 super
2941 4478 3148 4524 terram.
3179 4470 3466 4542 Propterea

1870 4553 2183 4608 maledictus
2213 4563 2267 4607 tu
2318 4555 2455 4608 inter
2481 4558 2658 4610 omnia
2704 4557 2944 4626 jumenta
2969 4569 3024 4616 et
3049 4576 3238 4617 omnes
3265 4563 3466 4619 bestias

1869 4654 2026 4698 terra:
2074 4643 2285 4699 futurus
2315 4660 2393 4699 es.
2425 4645 2491 4699 Et
2519 4646 2638 4715 quia
2672 4649 2974 4704 maledictio
3005 4666 3110 4706 non
3147 4655 3466 4708 erat-sensi-

1867 4737 2006 4801 bilis,
2041 4751 2213 4806 neque
2255 4738 2422 4791 oculis
2450 4739 2614 4794 videri
2647 4751 2876 4810 poterat,
2907 4753 3126 4812 propter
3159 4744 3262 4799 hoc
3287 4747 3466 4801 sensi-

1867 4829 2024 4883 bilem
2068 4829 2138 4883 illi
2180 4845 2390 4898 poenam
2423 4830 2602 4899 infert,
2643 4842 2698 4886 ut
2729 4834 2984 4889 continuo
3010 4844 3134 4891 ante
3164 4837 3352 4893 oculos
3381 4838 3461 4892 vi-

1865 4920 1990 4974 dere
2022 4921 2286 4990 possimus
2313 4923 2554 4992 supplicii
2580 4924 2696 4991 ejus
2728 4927 3071 4981 monimenta.
3099 4927 3270 5000 Super
3292 4941 3464 4999 pectus

1865 5021 1912 5064 et
1955 5028 2104 5080 super
2134 5021 2352 5066 ventrem
2381 5015 2649 5085 gradieris,
2695 5026 2741 5068 et
2764 5027 2948 5072 terram
2974 5022 3200 5074 comedes
3229 5022 3461 5076 omnibus

1863 5103 2035 5157 diebus
2065 5103 2177 5157 vitae
2198 5113 2298 5158 tute
2321 5122 2338 5158 :
2367 5107 2488 5175 quia
2513 5106 2681 5162 forma
2707 5117 2792 5163 tua
2820 5109 3016 5166 abusus
3039 5127 3118 5179 es,
3146 5121 3201 5168 et
3225 5114 3277 5169 in
3306 5113 3460 5169 fand-

1865 5196 2146 5249 Ii.iritatem
2193 5199 2469 5254 rationalis
2513 5203 2758 5257 animalis
2804 5218 2833 5256 a
2883 5220 2969 5261 me
3025 5207 3227 5262 conditi
3269 5208 3458 5264 venire

1863 5303 1967 5340 non
1995 5287 2309 5344 formidasti.
2339 5291 2487 5346 Sicut
2515 5291 2677 5362 igitur
2701 5295 2964 5364 diabolus,
3009 5299 3094 5368 qui
3123 5314 3216 5369 per
3243 5308 3292 5354 te
3321 5315 3457 5369 Ope-

1863 5393 2026 5445 ratus,
2073 5392 2128 5436 et
2173 5392 2222 5436 te
2268 5385 2623 5441 instrumento
2669 5404 2795 5442 usus
2826 5400 2928 5455 est,
2976 5393 3174 5445 ccarlis
3199 5391 3453 5448 deorsum

1861 5473 2112 5544 depulsus
2158 5482 2256 5535 cst,
2313 5476 2433 5544 quia
2485 5478 2606 5546 plus
2652 5495 2810 5548 quam
2852 5481 3121 5550 dignitatis
3171 5500 3281 5540 sum
3316 5491 3449 5542 eral.

1859 5579 2043 5633 sapere
2080 5566 2290 5620 volebat
2321 5585 2332 5620 :
2369 5569 2437 5623 ita
2479 5570 2724 5626 similiter
2769 5573 2990 5642 impero,
3031 5584 3088 5628 ut
3128 5583 3179 5632 et
3207 5583 3260 5631 ttt
3298 5579 3451 5633 aliam

1929 5740 1942 5769 ⁸
1974 5739 2190 5801 Loislin.,
2210 5754 2336 5802 νηί-ι’,
2363 5757 2467 5806 pro,
2495 5746 2792 5810 calliditate;
2819 5763 2910 5800 non
2948 5749 3091 5798 male.
