4068 6404
603 317 699 368 £15

597 430 923 484 fut-tuatiuuis
967 432 1186 501 figuram
1236 432 1462 496 habeas;
1499 441 1554 487 et
1577 447 1736 501 super
1765 440 1959 488 terram
1991 449 2168 502 repos,

595 536 764 590 caque
789 521 981 586 alaris;
1009 531 1169 592 atque
1197 523 1331 578 adeo
1358 537 1424 577 ne
1450 523 1599 577 liceat
1633 522 1724 577 tibi
1752 522 1972 593 posthac
1996 525 2170 594 suspi-

595 626 738 674 cvrc,
780 611 874 665 sed
915 626 1127 680 semper
1172 611 1224 666 in
1275 612 1374 666 hoc
1412 626 1628 666 maneas
1670 621 1828 678 statu,
1861 622 1915 667 et
1937 612 2081 667 solus
2106 628 2170 668 ex

593 703 915 756 animalibus
937 712 1076 758 terra
1108 703 1374 772 pascaris;
1399 711 1453 758 et
1476 718 1648 773 neque
1683 704 1782 758 hoc
1807 703 2015 757 solum:
2047 718 2170 757 nam

601 790 668 845 Et
685 793 973 847 inimicitias
997 810 1180 861 ponam
1212 793 1341 846 inter
1369 804 1414 848 te
1432 803 1480 846 et
1506 791 1922 856 intermulierem,
1948 793 2169 848 interse-

593 899 705 937 men
727 892 866 936 tuum
885 891 931 937 et
950 899 1114 937 semen
1134 883 1264 952 ejus.
1286 882 1464 953 Neque
1485 883 1582 936 hoc
1595 889 1870 936 contentus
1890 897 2002 948 ero,
2030 882 2170 952 quod

589 986 748 1040 super
799 981 991 1026 terram
1042 974 1252 1041 reptes,
1305 973 1397 1028 sed
1442 982 1494 1027 et
1541 967 1808 1027 inimicam
1853 970 2171 1042 fmderisque

590 1061 820 1116 nesciam
865 1062 1052 1117 inciam
1103 1064 1193 1117 tibi
1243 1063 1516 1117 mulierem
1555 1076 1774 1132 :ueque
1815 1076 1934 1117 eam
1977 1062 2168 1129 solam,

585 1153 678 1208 scd
718 1163 772 1209 et
813 1169 998 1210 semen
1027 1156 1142 1223 ejus
1165 1156 1372 1226 .semini
1406 1164 1496 1210 tuo
1519 1157 1729 1225 hostem
1757 1165 2065 1226 perpetuum
2094 1156 2170 1210 fa-

585 1243 740 1296 ciam.
778 1243 899 1314 Ipse
925 1254 1063 1297 tuum
1087 1245 1363 1298 observabit
1382 1255 1558 1316 caput,
1601 1255 1649 1299 et
1672 1255 1727 1298 tu
1753 1246 1862 1316 ejus
1891 1246 2167 1300 observabis

586 1333 893 1386 calcaneum.
948 1333 1172 1388 Tantum
1219 1335 1362 1389 enim
1415 1335 1486 1389 illi
1535 1336 1697 1391 robur
1739 1336 2058 1403 concedam,
2109 1345 2166 1390 ut

582 1423 836 1477 continuo
884 1425 1156 1480 incumbat
1196 1425 1356 1495 capiti
1402 1437 1511 1493 tuo,
1545 1436 1597 1482 te
1643 1437 1819 1483 autem
1857 1427 2040 1482 faciam
2066 1428 2166 1482 sub

583 1513 804 1579 pedibus
846 1514 962 1582 ejus
1005 1516 1205 1583 jacere.
1251 1516 1379 1572 Vide
1402 1517 1504 1580 hic,
1551 1517 1762 1580 dilecte,
1812 1532 1907 1587 per
1950 1532 2162 1587 pmuam

585 1604 705 1659 huic
734 1605 918 1661 bestiae
944 1606 1270 1676 deputatam,
1299 1618 1548 1677 quantam
1577 1609 1792 1664 humani
1833 1611 2045 1680 generis
2071 1624 2163 1664 cu-

584 1708 694 1748 ram
725 1695 875 1750 nobis
899 1695 1246 1751 demmistret.
1273 1696 1339 1751 Et
1367 1697 1467 1752 hoc
1495 1697 1710 1767 quidem
1739 1698 1808 1753 de
1837 1699 2025 1754 visibili
2049 1713 2165 1754 ser-

583 1793 739 1852 pente
769 1802 782 1840 :
815 1786 936 1840 licet
984 1797 1158 1842 autem
1190 1788 1386 1843 volenti
1433 1799 1617 1858 postea
1663 1790 2004 1846 considerare
2027 1793 2161 1846 scri-

587 1884 793 1942 ptorum
824 1877 1038 1944 seriem,
1061 1887 1116 1932 et
1139 1891 1463 1947 cognoscere
1489 1879 1531 1932 si
1555 1879 1623 1933 de
1650 1879 1888 1934 sensibili
1915 1887 2163 1948 serpente

585 1965 696 2020 lucc
741 1965 878 2022 dicta
909 1980 1050 2031 sunt,
1095 1969 1260 2022 multo
1291 1969 1456 2039 magis
1483 1970 1787 2040 accipienda
1817 1986 1939 2028 esse
1964 1971 2032 2027 de
2055 1971 2163 2042 spi-

581 2057 755 2112 rituali
809 2071 1076 2128 serpente.
1126 2060 1334 2114 Etenim
1381 2069 1434 2114 et
1487 2061 1636 2116 illum
1692 2063 1916 2132 pedibus
1965 2063 2161 2120 nostris

580 2147 806 2217 subjecit
839 2149 1190 2215 lnnniliatum,
1216 2158 1272 2206 et
1300 2150 1350 2206 id
1395 2153 1636 2220 pra-stitit
1662 2161 1720 2208 ut
1741 2168 1839 2209 nos
1858 2154 1977 2223 ejus
2001 2154 2158 2224 capiti

580 2237 966 2294 incumbamus.
1008 2242 1198 2295 Annon
1249 2241 1350 2297 hoc
1395 2243 1659 2313 signiﬁcat
1705 2244 1910 2311 dicens,
1961 2244 2163 2302 Calcate

579 2343 731 2395 super
758 2339 1030 2397 serpentes,
1080 2340 1126 2384 et
1167 2332 1455 2400 scorpiones
1488 2331 1636 2403 (Luc.
1667 2335 1752 2389 10.
1795 2333 1922 2406 i9)?
1959 2334 2161 2391 Deinde

581 2431 648 2471 nc
677 2427 922 2486 putemus
950 2417 1016 2473 de
1039 2419 1379 2475 sensibilibus
1410 2420 1535 2475 feris
1560 2436 1680 2477 esse
1703 2422 1924 2490 dictum,
1947 2423 2158 2480 subdit:

588 2505 651 2559 Et
677 2523 828 2576 super
851 2523 1046 2562 omnem
1074 2511 1304 2563 uirtutem
1341 2510 1551 2564 inimici.
1588 2511 1804 2566 Vidistis
1841 2526 1906 2567 ex
1935 2512 2016 2566 his
2040 2528 2160 2582 quae

578 2595 716 2651 dicta
761 2606 883 2651 sunt
911 2594 994 2653 de
1040 2613 1196 2667 patna
1244 2599 1596 2655 instrumento
1640 2600 1902 2657 diabolica
1938 2601 2156 2670 inflicta,

581 2687 850 2755 ingentem
891 2686 982 2742 Dei
1036 2688 1458 2744 humanitatem?
1508 2688 1794 2746 Veniamus
1837 2695 2062 2758 iterum,
2113 2693 2160 2747 si

574 2777 770 2846 placet,
819 2778 884 2833 ad
932 2780 1228 2835 mulierem.
1257 2780 1488 2851 Serpens
1513 2783 1633 2852 quia
1662 2783 1920 2838 fallaciam
1961 2785 2156 2850 intulit,

580 2875 857 2935 propterea
904 2876 959 2924 et
1003 2883 1213 2938 pinnam
1256 2872 1368 2941 ipse
1406 2870 1610 2940 primus
1646 2873 1893 2943 accepit:
1935 2880 1991 2929 et
2034 2873 2159 2943 quia

580 2957 750 3024 primo
790 2957 1065 3012 mulierem
1094 2959 1320 3029 decepit,
1354 2970 1408 3016 et
1437 2961 1528 3014 illa
1554 2971 1736 3031 postea
1775 2963 1945 3016 virum
1975 2976 2157 3018 secum

578 3048 758 3112 traxit,
791 3047 911 3104 ideo
939 3058 992 3104 et
1021 3050 1134 3120 ipsa
1166 3052 1311 3120 prior
1336 3051 1585 3120 plectitur
1611 3066 1765 3119 poena
1792 3067 2039 3123 magnam
2066 3052 2160 3107 ad-

583 3137 928 3192 monitionem
968 3138 1217 3194 habente.
1267 3140 1353 3195 16.
1381 3139 1450 3193 Et
1474 3141 1674 3194 mulieri
1699 3141 1828 3195 dixit
1851 3157 1870 3194 :
1897 3140 2158 3211 Multipli-

579 3242 700 3281 (ποτε
738 3228 1076 3294 multiplicabo
1116 3246 1368 3284 minuas
1393 3239 1524 3298 tuas,
1552 3239 1600 3284 et
1622 3231 1862 3300 gemitum
1902 3240 2040 3285 tuum
2068 3247 2087 3285 .'
2105 3233 2159 3286 in

574 3320 832 3373 doloribus
855 3324 1020 3391 paries
1047 3323 1215 3390 ﬁlios;
1250 3331 1299 3378 et
1324 3324 1392 3377 ad
1413 3325 1576 3377 cirum
1604 3333 1742 3378 tuum
1769 3325 2023 3378 conversio
2049 3335 2155 3392 tua,

575 3421 621 3463 ct
645 3412 752 3481 ipse
769 3414 840 3466 tui
859 3414 1216 3469 dominabitur.
1241 3415 1374 3471 Vide
1394 3415 1685 3472 bonitatem
1708 3417 1940 3484 Domini,
1964 3422 2157 3487 quanta

578 3513 696 3572 po..t
746 3514 943 3558 tantam
995 3507 1480 3574 prgcvaricatiouem
1521 3509 1928 3564 mansuetudine
1971 3509 2155 3564 utitur.

586 3593 927 3662 Multiplicans
967 3597 1304 3667 multiplicabo
1349 3614 1601 3652 aerumnas
1640 3609 1772 3653 tuas.
1805 3599 1919 3669 Ego
1945 3599 2156 3669 quidem

583 3685 846 3753 volebam,
879 3686 1066 3755 inquit,
1085 3695 1136 3742 te
1155 3688 1285 3742 citra
1306 3688 1542 3744 dolorem
1567 3697 1622 3742 et
1640 3704 1932 3744 utrumnam
1954 3689 2152 3757 vivere,

579 3778 903 3846 liberamque
931 3778 997 3833 ab
1023 3777 1166 3832 omni
1194 3793 1426 3835 maerore
1449 3788 1502 3834 et
1540 3779 1769 3844 tristitia,
1810 3788 1865 3835 et
1893 3782 2038 3834 omni
2065 3795 2158 3834 vo-

576 3865 774 3933 luptate
806 3866 1019 3936 repleri,
1047 3877 1099 3922 et
1130 3868 1252 3922 licet
1271 3883 1498 3938 corpore
1522 3869 1926 3934 circumdatam,
1961 3885 2156 3940 corpo-

576 3955 832 4024 poralium
887 3971 1047 4011 sensu
1092 3973 1198 4012 non
1243 3959 1382 4014 afﬁci
1414 3977 1427 4013 :
1457 3969 1510 4013 at
1553 3961 1675 4030 quia
1723 3976 1828 4016 non
1878 3976 1972 4016 usa
2016 3975 2075 4017 es
2101 3971 2160 4018 ut

576 4051 786 4111 oportet
835 4053 976 4099 tanta
1020 4048 1393 4117 prosperitate,
1438 4048 1533 4104 sed
1581 4049 1852 4105 afﬂuentia
1892 4050 2153 4106 bonorum

580 4144 690 4188 tam
719 4135 980 4204 ingratum
1025 4136 1118 4191 tibi
1168 4137 1402 4192 animum
1456 4140 1678 4207 invexit,
1733 4150 2013 4210 propterea
2061 4141 2155 4196 tibi

577 4227 781 4280 frenum
834 4227 1068 4296 impono,
1127 4236 1187 4282 ut
1231 4243 1300 4283 ne
1353 4229 1578 4299 amplius
1627 4230 1892 4296 lascivias,
1937 4231 2003 4286 ad
2055 4233 2153 4286 tri-

577 4316 748 4370 stitias
808 4325 863 4370 et
929 4318 1154 4387 gemitus
1229 4327 1282 4373 te
1342 4318 1726 4374 condemnatis.
1801 4319 2152 4391 Multiplicans

576 4408 915 4471 multiplicabo
973 4425 1224 4464 (erumnas
1278 4421 1420 4477 tuas,
1478 4420 1526 4465 et
1577 4412 1815 4481 gemitum
1882 4422 2020 4468 tuum
2049 4431 2068 4467 :
2099 4414 2156 4468 in

568 4499 832 4553 doloribus
877 4500 1040 4569 paries
1079 4500 1232 4565 ﬁlios.
1278 4502 1431 4569 Rem,
1478 4503 1666 4572 inquit,
1714 4517 1919 4573 magnai
1963 4505 2156 4560 latitia:

577 4599 630 4644 ct
660 4590 884 4645 filiorum
906 4593 1336 4660 propagatiouem
1361 4607 1390 4645 a
1417 4591 1602 4646 dolore
1623 4604 1679 4647 ut
1703 4594 1924 4663 incipias
1940 4593 2151 4661 faciam,

578 4690 633 4734 ut
662 4689 714 4734 et
741 4681 849 4750 ipsa
881 4696 977 4750 per
1021 4682 1277 4753 cujusque
1307 4691 1486 4752 partus
1518 4682 1730 4739 dolores
1774 4693 1828 4739 et
1855 4701 2150 4756 mrumnas,

570 4780 834 4840 perpetuo
860 4772 1126 4826 mouearis
1149 4783 1342 4842 quanta
1371 4772 1442 4826 sit
1465 4773 1667 4841 peccati
1690 4781 1744 4827 et
1781 4773 2153 4830 inobedicntia:

581 4861 907 4930 magnitudo,
954 4871 1007 4916 ct
1049 4878 1115 4918 ne
1139 4878 1388 4931 processu
1418 4865 1670 4932 temporis
1694 4864 1944 4920 oblivioni
1976 4867 2152 4923 tradas

577 4951 718 5020 quod
749 4952 940 5006 factum
971 4960 1073 5020 est,
1102 4953 1195 5007 sed
1223 4968 1410 5008 noscas
1439 4953 1737 5023 huiusmodi
1765 4955 2026 5012 fallaciam
2056 4957 2152 5011 ho-

577 5057 694 5095 rum
723 5044 813 5097 tibi
843 5058 1054 5098 causam
1080 5042 1260 5099 fuisse.
1291 5044 1575 5113 Propterea
1603 5046 1950 5117 Multiplicans
1978 5051 2151 5102 multi-

576 5135 769 5201 plicabo
808 5150 1056 5188 (erumnas
1096 5145 1226 5202 tuas,
1267 5146 1313 5189 ct
1338 5137 1574 5206 gemitum
1620 5147 1793 5193 tuum:
1819 5141 1870 5194 in
1895 5139 2151 5195 doloribus

579 5225 742 5290 paries
802 5226 954 5291 filios.
998 5225 1095 5279 Hic
1141 5225 1401 5292 significat
1451 5227 1851 5296 parturientium
1912 5229 2146 5297 dolores,

580 5315 1026 5385 multiplicemque
1066 5317 1210 5370 illum
1261 5318 1514 5385 laborem,
1561 5335 1718 5390 quem
1747 5319 1886 5376 ferre
1930 5336 2150 5378 necesse

579 5414 705 5458 est:
735 5421 924 5475 nempe
966 5415 1043 5460 tot
1091 5408 1381 5470 mensibus,
1421 5411 1564 5464 velut
1603 5410 1865 5467 sarcinam
1896 5413 2146 5466 infantem

579 5506 812 5563 geStare,
863 5505 915 5549 et
951 5498 1150 5552 sentire
1194 5499 1502 5568 singulares,
1557 5517 1672 5570 qua:
1722 5501 1846 5556 inde
1883 5503 2145 5567 oriuntur,

581 5599 866 5650 aerumnas,
895 5589 1251 5643 membrorum
1282 5589 1676 5656 distursioncm,
1711 5600 1764 5646 et
1792 5592 2147 5649 intolerabiles

582 5673 698 5728 illos
725 5675 930 5730 dolores
955 5691 1087 5745 quos
1118 5678 1240 5734 solm
1275 5678 1377 5734 illm
1400 5681 1589 5747 sciunt,
1608 5697 1726 5752 qua:
1755 5692 1984 5754 experta:
2002 5692 2143 5738 sunt.

1337 320 1390 376 S.
1427 317 1700 375 JO.\NNI3
1739 318 2206 383 ριιῐιῖεοετοω
2243 321 2558 388 ARCiill'P.
2598 325 3128 385 CONSTANTINOP.

3769 329 3871 382 att

2353 437 2405 492 8.
2439 439 2572 507 Spes
2597 439 2713 493 boni
2732 439 2890 509 futuri
2918 440 3052 492 mala
3079 439 3208 492 levat
3235 440 3524 508 prtesenlia.
3549 469 3617 479 —-
3641 439 3845 494 Verum

2281 531 2458 578 tanton
2489 525 2758 582 doloribus
2796 535 2937 580 tanta
2967 526 3157 581 solatia
3203 528 3358 581 simul
3398 527 3683 582 admiscuit
3712 529 3870 582 beni-

2278 630 2413 685 gnus
2443 617 2602 684 Deus,
2635 629 2689 671 ut
2718 617 2888 673 ferme
2918 618 3298 673 conferendum
3325 620 3393 671 sit
3417 618 3692 688 gaudium,
3723 620 3870 686 quod

2277 721 2342 760 cx
2375 716 2500 762 nato
2542 722 2709 778 puero
2743 709 3001 776 habetur,
3032 725 3154 764 cum
3194 709 3463 764 doloribus
3509 710 3617 764 illis
3653 709 3746 779 qui
3790 717 3871 764 tot

2279 798 2553 853 mensibus
2579 809 2816 854 ventrem
2856 799 3138 856 dissecant.
3172 799 3303 854 Nam
3327 814 3445 868 qua:
3477 808 3685 853 tantum
3717 799 3871 854 labo-

2278 903 2392 942 rem
2425 887 2622 954 ferunt,
2654 899 2837 959 totque
2857 889 3098 944 dolorum
3121 889 3438 944 cruciatibus
3462 888 3866 958 discerpuntur,

2276 988 2332 1030 ut
2362 992 2498 1047 pene
2522 977 2589 1032 de
2616 979 2728 1048 ipsa
2750 981 2854 1032 vita
2874 978 3191 1048 desperent;
3224 988 3501 1048 postquam
3529 981 3864 1048 pepercrint.

2274 1074 2328 1118 et
2356 1065 2631 1121 doloribus
2657 1065 2852 1121 fuerint
2876 1068 3064 1122 soluta:
3082 1108 3098 1134 ,
3126 1067 3411 1137 lmtitiaque
3441 1066 3542 1122 frui
3571 1067 3864 1138 cmpeript,

2274 1155 2466 1210 iterum
2492 1157 2642 1232 quasi
2670 1157 2848 1213 oblita:
2875 1158 3115 1212 laborum
3143 1158 3404 1221 omnium,
3435 1158 3666 1212 ﬁliorqu
3701 1172 3868 1226 gene-

2273 1245 2464 1301 rationi
2509 1260 2728 1317 operam
2771 1247 2901 1301 dant
2931 1263 2945 1300 :
2976 1248 3054 1301 sic
3082 1246 3424 1316 dispensante
3462 1245 3700 1316 benigno
3730 1246 3866 1308 Deo,

2272 1343 2329 1389 ut
2354 1335 2626 1390 hominum
2655 1344 2898 1392 servetur
2920 1350 3107 1407 genus.
3137 1337 3361 1405 Semper
3384 1335 3526 1389 enim
3555 1333 3866 1389 futurorum

2270 1426 2531 1482 bonorum
2578 1442 2702 1497 spes
2744 1427 2798 1483 id
2847 1427 3046 1494 efﬁcit,
3092 1437 3149 1482 ut
3192 1426 3470 1497 prmsentia
3521 1425 3866 1480 incommoda

2267 1517 2436 1571 levius
2464 1517 2717 1572 ferantur.
2749 1517 2804 1573 Id
2833 1517 2973 1588 quod
3005 1518 3059 1572 in
3091 1516 3510 1587 negotiatoribus
3563 1516 3690 1585 quis
3716 1515 3866 1570 vide-

2267 1607 2369 1673 rit,
2402 1608 2490 1676 qui
2535 1608 2766 1678 ingentia
2813 1609 2976 1662 maria
3011 1614 3285 1661 transeunt
3305 1647 3320 1673 ,
3351 1606 3625 1676 naufragia
3657 1609 3864 1671 ferunt,

2267 1704 2323 1752 et
2355 1698 2553 1766 piratas
2576 1738 2590 1762 ,
2637 1712 2700 1752 ac
2741 1706 2860 1768 post
2903 1697 3140 1768 pericula
3172 1697 3335 1751 multa
3359 1737 3374 1762 ,
3405 1697 3600 1766 quibus
3647 1697 3863 1751 illorum

2266 1800 2390 1855 spes
2413 1786 2717 1852 frustratur,
2743 1801 2916 1856 neque
2941 1787 3018 1842 sic
3040 1795 3213 1840 tamen
3235 1785 3515 1850 desistunt,
3540 1787 3636 1840 sed
3663 1787 3862 1841 iterum

2265 1874 2453 1931 eadem
2498 1885 2782 1931 attentam.
2829 1876 2942 1930 Hoc
2978 1877 3139 1931 etiam
3181 1875 3250 1930 de
3278 1875 3526 1946 agricolis
3574 1890 3865 1944 possemus

2265 1968 2445 2025 dicere
2469 1971 2485 2002 ¹
2515 1986 2530 2023 :
2561 1970 2759 2024 etenim
2790 1978 2844 2024 et
2871 1969 2945 2024 illi
2981 1984 3102 2023 cum
3145 1967 3406 2038 profunde
3431 1969 3706 2023 secuerint
3750 1976 3864 2023 ter-

2264 2075 2401 2124 ram,
2436 2067 2489 2114 et
2527 2059 2813 2129 diligenter
2837 2059 3204 2122 excolueriut,
3230 2073 3295 2113 ac
3331 2058 3530 2128 largam
3556 2067 3863 2113 sementem

2260 2149 2521 2218 jecerint,
2562 2163 2706 2218 saepe
2749 2149 2994 2204 ariditate
3034 2148 3120 2203 vel
3149 2147 3449 2203 immodicis
3499 2147 3698 2216 pluviis
3722 2189 3738 2212 ,
3774 2149 3864 2202 vel

2265 2239 2480 2294 tandem
2512 2238 2729 2310 quando
2759 2239 3011 2309 manipuli
3039 2239 3361 2310 colligendi,
3392 2238 3642 2308 rubigine
3665 2253 3864 2308 super-

2265 2331 2510 2385 veniente
2529 2372 2544 2396 ,
2576 2344 2670 2399 spe
2695 2343 2791 2385 sua
2817 2330 3073 2385 excidunt
3104 2346 3116 2383 :
3164 2338 3530 2385 verumtamen
3575 2344 3757 2398 neque
3787 2329 3863 2383 illi

2265 2419 2341 2474 sic
2367 2417 2668 2485 desistunt;
2710 2421 2804 2474 sed
2831 2420 3022 2475 iterum
3049 2429 3107 2474 ut
3137 2428 3346 2489 tempus
3367 2417 3682 2489 appetierit,
3715 2419 3863 2488 agri-

2263 2509 2531 2562 culturam
2569 2517 2846 2564 exercent.
2879 2509 3054 2578 Atque
3100 2509 3154 2562 in
3196 2509 3622 2578 quibuscumque
3664 2508 3865 2563 studiis

2261 2609 2318 2654 et
2343 2599 2545 2654 artibus
2574 2600 2678 2654 hoc
2706 2599 2920 2655 obvium
2950 2609 3052 2654 est.
3081 2598 3171 2654 Sic
3198 2599 3392 2654 mulier
3417 2614 3633 2669 quoque
3657 2609 3718 2655 et
3745 2599 3864 2670 ipsa

2262 2703 2408 2759 saepe
2433 2699 2553 2759 post
2575 2699 2654 2745 tot
2677 2703 2895 2745 menses
2917 2689 3058 2756 illos,
3082 2696 3203 2759 post
3228 2687 3591 2744 intolerabiles
3616 2689 3862 2755 dolores,

2265 2790 2384 2850 post
2411 2789 2594 2835 noctes
2615 2781 2910 2844 insomnes,
2934 2788 3056 2849 post
3083 2779 3447 2834 membrorum
3467 2778 3863 2849 distensiones,

2263 2885 2428 2940 parvo
2468 2869 2703 2941 quodam
2748 2884 2876 2924 casu
2920 2869 3226 2936 incidente,
3273 2869 3397 2924 licet
3440 2879 3567 2925 ante
3597 2880 3864 2927 statutum

2264 2967 2476 3030 tempus
2523 2968 2732 3030 partum
2781 2958 3094 3015 abortiverit
3143 2959 3423 3015 infamem
3446 3001 3462 3026 ,
3512 2970 3567 3017 et
3615 2962 3866 3018 nondum

2265 3050 2603 3106 lineamentis
2649 3050 2970 3122 ﬁguratum;
3001 3049 3088 3105 vel
3132 3049 3417 3105 formatum
3447 3051 3665 3121 quidem
3692 3092 3710 3117 ,
3753 3068 3864 3109 non

2267 3141 2531 3210 integrum
2561 3148 2758 3206 autem,
2793 3155 2968 3210 neque
2993 3155 3203 3208 sanum,
3234 3140 3318 3194 vel
3349 3141 3508 3195 etiam
3538 3156 3688 3210 sape
3713 3159 3867 3199 mor-

2265 3239 2414 3286 tuum
2438 3271 2452 3294 ,
2483 3230 2571 3284 vix
2613 3245 2644 3284 e
2670 3230 2921 3300 periculis
2949 3231 3129 3300 elapsa
3155 3246 3169 3282 :
3201 3239 3435 3284 attamen
3482 3231 3638 3299 quasi
3689 3232 3864 3290 oblita

2264 3323 2452 3377 horum
2479 3323 2757 3388 omnium,
2805 3321 2992 3376 eadem
3031 3336 3151 3391 quae
3195 3329 3351 3375 antea
3395 3322 3496 3376 fert
3538 3330 3596 3376 et
3639 3323 3862 3378 tolerat.

2263 3412 2331 3466 Et
2359 3412 2484 3482 quid
2512 3411 2631 3466 dico
2659 3410 2892 3466 eadem?
2937 3409 3093 3479 Smpe
3117 3424 3238 3464 cum
3279 3409 3389 3465 fetu
3432 3418 3559 3464 nato
3588 3415 3866 3468 mmniori

2263 3517 2356 3558 cas
2399 3503 2699 3572 contingit,
2746 3511 2798 3556 ct
2828 3517 3000 3571 neque
3040 3502 3142 3556 hoc
3179 3509 3402 3557 cazteras
3431 3510 3636 3568 terret,
3683 3520 3865 3576 neque

2264 3594 2548 3663 persuadet
2574 3603 2630 3647 ut
2659 3608 2772 3648 rem
2801 3592 3000 3664 fugiant
3029 3611 3042 3647 :
3077 3601 3274 3648 lautam
3305 3593 3445 3648 Deus
3473 3594 3724 3651 tristibus
3752 3597 3864 3654 illis

2263 3684 2456 3739 insevit
2493 3684 2818 3753 voluptatem
2863 3682 3020 3738 simul
3063 3691 3117 3737 et
3163 3683 3425 3739 laetitiam.
3468 3683 3706 3755 Pmpter
3755 3687 3864 3743 hoc

2260 3773 2470 3829 dicebat
2510 3791 2522 3826 :
2574 3773 2924 3843 Multiplicans
2976 3773 3321 3843 multiplicabo
3363 3790 3619 3829 terunanas
3663 3785 3865 3834 tuasel

2260 3864 2498 3930 gmnitum
2528 3872 2708 3926 tuum;
2749 3863 2802 3916 in
2845 3862 3103 3916 doloribus
3148 3863 3313 3933 paries
3353 3862 3508 3930 ﬁlios.
3542 3864 3659 3920 [ioc
3690 3868 3860 3922 etiam

2263 3952 2508 4008 Christus
2534 3953 2742 4009 dicebat
2769 3954 3043 4023 discipulis
3067 3957 3198 4020 suis,
3226 3962 3532 4011 monstrans
3560 3966 3672 4012 tam
3704 3959 3863 4015 dolo-

2263 4042 2338 4096 ris
2363 4041 2802 4112 magnitudinem,
2824 4059 2982 4112 quam
3006 4043 3201 4098 Imtititc
3228 4044 3597 4100 excellentiam
3625 4046 3863 4103 :llulier

2260 4135 2464 4206 quando
2491 4136 2647 4205 parit,
2681 4135 2932 4189 tristitiam
2964 4135 3135 4201 habet,
3163 4137 3399 4205 quoniam
3425 4137 3560 4191 venit
3588 4138 3724 4192 hora
3749 4143 3862 4212 ejus

2263 4223 2450 4293 (Joan.
2482 4224 2566 4279 l6.
2590 4225 2654 4279 9.!
2685 4225 2702 4293 )
2735 4240 2752 4279 ι
2782 4223 2975 4279 deinde
2999 4224 3186 4279 volens
3211 4224 3364 4279 nobis
3392 4225 3672 4283 declarare
3717 4245 3859 4298 quo-

2259 4315 2420 4371 modo
2441 4315 2611 4369 tristia
2639 4315 2795 4369 simul
2826 4329 2857 4369 c
2882 4313 3060 4369 medio
3088 4314 3361 4378 tollantur.
3384 4315 3639 4385 gaudium
3671 4329 3858 4375 autent

2258 4415 2311 4462 et
2335 4406 2515 4460 lattitia
2545 4404 2870 4470 succedant,
2900 4405 3069 4475 inquit
3102 4420 3118 4458 :
3154 4405 3375 4472 Quando
3404 4415 3568 4459 autem
3601 4410 3859 4477 pepererit

2260 4515 2490 4569 puerum,
2533 4513 2634 4550 non
2667 4501 2781 4567 jam
2809 4512 2997 4550 memor
3027 4506 3100 4551 est
3127 4497 3414 4566 aﬁlictionis
3433 4537 3448 4561 ,
3477 4509 3691 4568 propter
3717 4519 3855 4570 gau-

2258 4591 2430 4655 dium,
2462 4590 2582 4660 quia
2611 4598 2762 4641 natus
2787 4598 2862 4642 est
2892 4588 3040 4641 homo
3083 4588 3136 4640 in
3161 4587 3428 4641 mundum.
3463 4587 3692 4643 Vidistis
3723 4607 3856 4660 pro-

2257 4680 2542 4734 videntiam
2571 4686 2625 4733 et
2649 4691 2829 4734 curam
2869 4676 3032 4731 nostri
3071 4677 3366 4731 eximiam?
3396 4676 3603 4733 vidistis
3633 4693 3855 4747 prunam

2257 4769 2634 4824 admonitionis
2676 4766 2925 4837 plenam?
2955 4765 3020 4820 In
3052 4765 3310 4820 doloribus
3339 4768 3504 4835 paries
3534 4768 3695 4836 ﬁlios.
3748 4770 3853 4825 De-

2258 4861 2401 4924 inde,
2429 4860 2508 4914 Ad
2527 4861 2691 4914 virum
2716 4869 2860 4912 tuum
2885 4860 3140 4913 conversio
3160 4867 3270 4924 tua,
3297 4868 3344 4912 et
3368 4859 3476 4928 ipse
3501 4860 3854 4916 dominabitur

2260 4955 2346 5006 tui.
2395 4953 2555 5020 Quasi
2599 4966 2657 5006 se
2699 4948 2994 5006 defendens
3039 4948 3179 5020 apud
3228 4950 3506 5004 mulierem
3551 4949 3671 5006 hac
3722 4951 3856 5008 dicit

2257 5043 2512 5113 benignus
2543 5042 2707 5098 Deus.
2738 5042 2879 5111 Ego,
2911 5040 3112 5110 inquit,
3146 5039 3213 5094 ab
3243 5039 3394 5095 initio
3420 5039 3630 5096 honore
3660 5057 3852 5112 parem

2258 5143 2310 5189 te
2338 5135 2590 5200 formavi,
2623 5143 2678 5189 et
2701 5133 2938 5202 ejusdem
2971 5131 3242 5201 dignitatis
3269 5133 3320 5185 in
3349 5132 3600 5187 omnibus
3629 5135 3852 5202 partici-

2256 5241 2374 5295 pem
2399 5267 2415 5291 ,
2458 5235 2514 5281 et
2542 5226 2678 5280 sicut
2719 5225 2864 5288 viro,
2897 5223 2966 5276 ita
3008 5232 3062 5278 et
3093 5223 3183 5278 tibi
3224 5223 3459 5278 omnium
3487 5225 3852 5294 principatum

2255 5314 2557 5370 concredidi
2589 5333 2600 5368 :
2624 5324 2876 5368 cmterum
2905 5312 3022 5382 quia
3046 5312 3208 5366 abusa
3235 5327 3293 5366 es
3319 5311 3536 5366 honoris
3555 5312 3849 5383 dignitate,

2254 5406 2478 5475 subjicio
2525 5415 2575 5459 tc
2600 5406 2734 5469 viro,
2785 5403 2846 5456 Et
2873 5405 2940 5455 ad
2968 5405 3128 5456 virum
3164 5413 3304 5456 tuum
3349 5405 3606 5457 conversio
3640 5417 3730 5460 tua
3754 5450 3770 5472 ,
3806 5422 3853 5461 et

2254 5497 2362 5565 ipse
2386 5495 2457 5547 tui
2477 5494 2831 5547 dominabitur.
2863 5493 2992 5558 Quia
3026 5492 3209 5546 relicto
3230 5506 3294 5545 eo
3325 5492 3412 5562 qui
3441 5491 3700 5562 dignitate
3726 5512 3846 5564 par,

2320 5633 2334 5661 ι
2371 5632 2443 5679 Sic
2466 5630 2601 5692 Savil.
2648 5629 2777 5692 Apud
2812 5628 2983 5692 atorcl.
3033 5635 3082 5676 et
3128 5626 3314 5677 Mentel.
3353 5642 3364 5677 :
3395 5636 3494 5678 Hoc
3533 5628 3678 5680 etiam
3713 5635 3847 5692 apud

2254 5692 2491 5755 agricolas
2505 5689 2770 5740 unintedre:
2784 5689 2818 5740 tt'
2837 5699 3003 5752 potest.
