4068 6376
235 399 337 458 "3

227 517 300 591 δὴ
334 519 534 594 τρόπον
575 523 670 576 καὶ
707 522 765 576 σὲ
799 524 985 595 ἐτερον
1027 520 1214 596 σχῆμα
1251 523 1587 588 διαπλάσεως
1622 525 1911 581 ἀναλαϐεῖν

225 609 570 676 προστάττω,
593 610 688 663 καὶ
714 610 807 663 ἐπὶ
833 610 934 681 τῆς
956 609 1062 681 γῆς
1085 609 1364 683 σύρεσθαι,
1405 611 1500 664 καὶ
1523 611 1729 683 ταύτην
1766 612 1910 683 ἐχειν

221 694 454 766 τροφὴν,
484 695 628 750 ὥστε
647 696 733 768 ’μὴ
757 696 953 762 ἐξεῖναί
984 715 1066 752 σοι
1097 697 1282 752 λοιπὸν
1308 697 1592 766 ἀνανεύειν
1611 697 1744 760 ἀνω,
1769 698 1907 753 ἀλλά

219 778 488 852 διηνεκῶς
519 784 578 836 ἐν
619 784 792 856 ταύτῃ
825 785 1112 856 τυγχάνειν
1145 787 1212 857 τῇ
1235 785 1593 846 καταστάσει,
1631 786 1725 839 καὶ
1758 785 1911 856 παρά

224 867 403 923 πάντα
426 869 590 926 λοιπά
613 871 681 925 τά
712 871 876 943 θηρία
903 872 1001 943 τήν
1032 872 1138 942 γῆν
1165 857 1455 926 σιτεῖσθαι·
1485 871 1580 925 καὶ
1604 871 1728 926 ούδέ
1751 871 1911 926 τοῦτο

227 955 413 1026 μόνον,
449 956 586 1013 ἀλλά
614 959 730 1015 Καί
781 946 1004 1029 ἔχθραν
1046 959 1214 1026 θήσω
1256 960 1376 1015 ἀνὰ
1416 961 1614 1030 μέσον
1658 960 1776 1015 σοῦ
1810 961 1911 1017 καί

221 1044 343 1098 ἀνὰ
361 1044 559 1113 μέσον
599 1045 711 1114 τῆς
740 1047 1046 1118 γυναικὸς,
1079 1046 1181 1101 καί
1217 1046 1335 1103 ἀνὰ
1358 1047 1556 1117 μέσον
1586 1047 1694 1102 τοῦ
1723 1047 1912 1116 σπέρ-

221 1131 413 1198 ματός
455 1148 576 1188 σου
597 1134 722 1187 ’καὶ
770 1134 886 1188 ἀνὰ
924 1134 1122 1203 μέσον
1161 1133 1268 1188 τοῦ
1314 1133 1658 1203 σπέρματος
1693 1134 1906 1203 αὐτῆς.

227 1218 340 1290 Καὶ
364 1218 489 1274 οὐδὲ
522 1220 697 1290 τούτῳ
718 1221 1151 1293 ἀρκεσθήσομαι,
1176 1221 1256 1292 τῷ
1279 1221 1374 1275 ἐπὶ
1402 1222 1498 1293 τῆς
1521 1222 1911 1293 γῆς’σύρεσθαί

227 1321 310 1370 σε,
345 1306 483 1360 άλλά
522 1308 617 1361 καὶ
650 1308 854 1380 ἐχθράν
885 1309 1148 1365 ἄσπονδόν
1188 1326 1270 1363 σοι
1307 1312 1637 1380 καταστήσω
1669 1310 1770 1379 τὴν
1814 1326 1914 1377 γυ-

223 1396 407 1448 ναῖκα·
436 1395 530 1448 καὶ
555 1396 656 1449 οὐκ
690 1395 859 1468 αὐτὴν
896 1397 1084 1467 μόνην,
1121 1396 1256 1451 ἀλλά
1279 1398 1373 1450 καὶ
1397 1396 1458 1450 τὸ
1489 1395 1712 1467 σπέρμα
1739 1396 1912 1466 αὐτῆς

224 1479 305 1549 τῷ
335 1482 614 1553 σπέρματί
660 1499 756 1536 σου
797 1483 1054 1554 πολέμιον
1100 1483 1323 1555 διηνεκῆ
1353 1483 1682 1553 ἐργάσομαι.
1717 1484 1912 1549 Αὐτός

223 1579 346 1620 σου
370 1566 620 1635 τηρήσει
649 1569 944 1638 κεφαλὴν,
969 1568 1170 1624 καὶσὺ
1206 1568 1489 1638 τηρήσεις
1521 1568 1709 1624 αὑτοῦ
1739 1568 1913 1638 πτέρ-

222 1669 362 1708 ναν.
395 1655 504 1708 Καὶ
529 1654 638 1729 γάρ
671 1656 938 1730 τοσαύτην
975 1657 1169 1728 ἐκείνῳ
1200 1659 1300 1727 μὲν
1337 1658 1561 1730 παρέξω
1590 1656 1688 1728 τὴν
1733 1657 1911 1726 ἰσχὺν,

223 1739 306 1804 ὡς
323 1739 586 1810 διηνεκῶς
607 1744 914 1798 ἐπικεῖσθαι
934 1747 1000 1817 τῇ
1023 1748 1091 1817 σῇ
1123 1745 1356 1816 κεφαλῇ,
1399 1745 1457 1799 σέ
1485 1743 1543 1798 δέ
1563 1745 1678 1806 τοῖς
1704 1744 1913 1796 ἐκείνου

225 1829 390 1883 ποσὶν
418 1829 758 1886 ὕποκεῖσθαι.
784 1833 954 1905 Ὅρα,
985 1833 1259 1904 ἀγαπητὴ
1280 1833 1368 1886 διά
1404 1832 1502 1904 τῆς
1523 1831 1667 1885 κατά
1698 1830 1794 1884 τοῦ
1819 1830 1915 1904 θη·

227 1915 349 1987 ρίου
380 1919 570 1972 τούτου
598 1921 892 1992 τιμωρίας,
919 1923 1051 1992 ὅσην
1092 1923 1223 1992 ήμῖν
1256 1919 1594 1975 ἐνδείκνυται
1625 1919 1725 1991 τὴν
1751 1918 1914 1988 κηδε-

226 2003 445 2072 μονίαν,
503 2006 571 2077 ἢν
627 2007 758 2079 περὶ
799 2009 900 2081 τὴν
941 2007 1049 2062 τῶν
1092 2006 1398 2078 ἀνθρώπων
1430 2005 1594 2075 φύσιν
1627 2006 1761 2077 ἔχει.
1804 2005 1915 2060 Καὶ

226 2089 400 2144 ταῦτα
439 2092 539 2162 μέν
572 2095 700 2165 περὶ
729 2094 824 2148 τοῦ
857 2093 1115 2166 αἰσθητοῦ
1144 2096 1341 2163 δςρεως·
1375 2093 1552 2162 ἔξεστι
1584 2093 1640 2147 δέ
1684 2093 1762 2164 τῷ
1793 2093 1915 2164 βου-

220 2174 439 2250 λομένφ
487 2180 626 2248 μετά
676 2180 839 2236 τοῦτο
889 2185 1079 2255 τηρεῖν
1131 2181 1241 2236 τῶν
1290 2180 1764 2254 ἐγγεγραμμένων
1813 2181 1915 2251 τὴν

219 2263 568 2331 ἀκολουθίαν,
605 2267 700 2322 καὶ
727 2268 948 2336 εἰδέναι,
967 2269 1052 2322 ὅτι
1082 2269 1132 2321 εἰ
1163 2268 1293 2338 περὶ
1323 2268 1415 2321 τοῦ
1447 2267 1708 2338 αἰσθητοῦ
1739 2266 1914 2322 ταῦτα

219 2352 469 2424 εἴρηται.
504 2354 684 2430 πολλῷ
706 2355 906 2425 μᾶλλον
938 2356 1301 2427 ἐκλαμϐάνειν
1326 2357 1394 2410 τά
1417 2356 1688 2428 εἰρημένα
1715 2355 1796 2409 δεῖ
1821 2357 1914 2410 καὶ

221 2443 357 2514 περὶ
395 2442 493 2496 τοῦ
537 2444 728 2514 νοητοῦ
765 2445 964 2513 ὄφεως.
1005 2445 1118 2500 Καὶ
1153 2445 1261 2517 γάρ
1297 2446 1391 2499 καὶ
1416 2446 1624 2499 ἐκεῖνον
1648 2445 1754 2498 ὑπὸ
1788 2444 1914 2508 τοὺς

221 2531 395 2596 πόδας
417 2531 576 2603 ἡμῶν
598 2531 943 2598 ταπεινώσας
966 2535 1292 2604 κατήνεγκε,
1319 2534 1414 2588 καὶ
1435 2535 1584 2605 ἡμᾶς
1606 2531 1913 2587 ἐπικεῖσθαι

219 2618 390 2674 αὑτοῦ
432 2623 515 2692 τῇ
541 2621 750 2694 κεφαλῇ
797 2623 1119 2694 πεποίηκεν.
1177 2625 1250 2676 Ἢ
1283 2624 1405 2695 οὐχὶ
1442 2623 1602 2678 τοῦτο
1657 2623 1914 2693 σημαίνει

219 2704 424 2773 λέγων,
455 2708 707 2763 Πατεῖτε
729 2708 931 2764 ἐπάνω
956 2705 1153 2778 ὄφεων
1171 2710 1271 2766 καί
1289 2711 1636 2779 σκορπίων;
1664 2706 1799 2764 Εἶτα
1826 2710 1912 2764 ἵνα

225 2791 304 2864 μὴ
322 2793 636 2866 νομίσωμεν
654 2797 784 2866 περὶ
799 2795 910 2850 τῶν
925 2795 1200 2866 αἰσθητῶν
1216 2795 1422 2868 θηρίων
1439 2795 1615 2854 ταῦτα
1636 2796 1910 2868 εἰρῆσθαι,

221 2881 499 2968 ἐπήγαγεο
527 2882 637 2936 Kal
672 2881 773 2936 ἐπί
811 2882 1021 2938 πᾶσαν
1049 2883 1166 2968 ςὴν
1193 2883 1453 2953 δύναμιν
1491 2883 1598 2938 τοῦ
1635 2883 1911 2953 Ἐχθροῦ.

221 2966 414 3021 Εἷδετε
459 2969 554 3021 καὶ
598 2970 663 3022 ἐκ
692 2970 795 3041 τῆς
831 2966 1164 3042 ἐπαχθείσης
1199 2970 1278 3041 τῷ
1298 2969 1517 3042 ὀργάνῳ
1543 2969 1638 3024 τοῦ
1663 2970 1911 3024 διαϐόλου

220 3054 499 3126 τιμωρίας
540 3055 641 3127 τήν
677 3055 1125 3127 ὑπερϐάλλουσαν
1166 3056 1259 3109 τοῦ
1294 3056 1431 3112 Θεοῦ
1464 3057 1911 3129 φιλανθρωπίανς

225 3141 561 3211 ’Ἑλθωμενι
601 3144 786 3208 πάλιν,
833 3146 882 3198 εἰ
924 3143 1101 3208 δοκεῖ,
1135 3144 1229 3197 ἐπὶ
1262 3143 1365 3215 τήν
1394 3146 1651 3212 γυναῖκα.
1695 3143 1912 3216 Ἐπειδὴ

222 3227 339 3300 γάρ
370 3220 527 3291 οὗτος
554 3229 653 3300 τὴν
696 3229 914 3300 ἀπάτην
950 3230 1234 3300 εἰσήγαγε,
1260 3228 1348 3283 διά
1384 3229 1543 3283 τοῦτο
1578 3228 1729 3303 [1M]
1760 3224 1915 3295 οὗτος

224 3314 446 3385 πρῶτος
486 3315 586 3387 τὴν
628 3316 900 3388 τιμωρίαν
923 3315 1164 3382 ἐδέξατο’
1205 3317 1301 3371 καὶ
1331 3316 1518 3388 ἐπειδὴ
1558 3317 1784 3390 πρώτην
1815 3316 1915 3388 τὴν

224 3405 462 3471 γυναῖκα
516 3403 788 3475 ήπάτησε,
849 3405 944 3458 καὶ
994 3405 1118 3458 τότε
1179 3405 1364 3475 ἐκείνη
1418 3404 1512 3459 τὸν
1569 3404 1739 3477 ἄνδρα
1784 3421 1915 3473 συγ-

226 3490 570 3552 κατέσπασε,
599 3491 690 3545 διά
715 3491 874 3545 τοῦτο
897 3493 1116 3565 ἐκείνην
1151 3491 1370 3563 πρῶτον
1392 3495 1714 3564 τιμωρεῖται
1744 3510 1916 3562 τιμω-

226 3577 355 3651 ρίαν
385 3577 667 3633 νουθεσίαν
715 3579 918 3651 πολλὴν
970 3579 1222 3650 ἔχουσαν.
1244 3579 1355 3634 Καί
1375 3578 1448 3647 τῇ
1475 3581 1712 3648 τυναικί
1741 3576 1873 3633 εἷπε
1895 3597 1912 3613 ·

225 3666 568 3733 Πληθύνων
598 3664 888 3734 πληθυνῶ
911 3668 1018 3733 τὰς
1045 3668 1248 3733 λύπας
1267 3680 1386 3721 σου
1422 3666 1522 3720 καί
1559 3666 1668 3720 τὸν
1699 3683 1917 3720 στενα-

223 3748 381 3818 γμόν
397 3764 535 3804 σου·
568 3751 640 3804 ἐν
664 3753 894 3818 λύπαις
915 3751 1058 3820 τέξῃ
1078 3750 1281 3806 τέκναο
1306 3752 1404 3806 καί
1427 3751 1579 3820 πρὸς
1596 3751 1703 3805 τόν
1725 3751 1916 3820 ἄνδρα

221 3851 345 3889 σου
362 3836 400 3903 ἠ
426 3837 780 3907 ἀποστροφή
800 3855 938 3902 σου,
959 3837 1055 3892 καί
1075 3840 1262 3904 αὑτός
1281 3855 1399 3893 σου
1420 3839 1744 3906 κυριεύσει.
1772 3839 1916 3908 Ὅρα

222 3924 503 3987 Δεσπότου
522 3923 854 3994 ἀγαθότητα,
867 3926 968 3998 ὅσῃ
980 3927 1247 3998 κέχρηται
1262 3928 1327 3997 τῇ
1348 3926 1648 3997 ήμερότητι
1666 3926 1806 3997 μετά
1816 3927 1915 3997 τὴν

222 4009 498 4080 τοσαύτην
524 4011 856 4082 παράϐασιν.
888 4014 1223 4080 Πληθύνων
1257 4011 1548 4081 πληθυνῶ
1579 4013 1686 4077 τὰς
1711 4014 1916 4079 λύπας

221 4110 346 4153 σου
363 4098 461 4152 καί
478 4098 586 4152 τόν
594 4102 934 4170 στεναγμόν
944 4115 1081 4156 σου.
1101 4101 1242 4170 Ἐγὼ
1257 4101 1357 4171 μὲν
1373 4100 1703 4172 ἠϐουλήθην,
1727 4103 1912 4172 φησὶν,

223 4184 498 4239 ἀνώδυνον
539 4187 633 4241 καὶ
665 4188 1048 4260 ἀταλαίπωρόν
1069 4207 1128 4243 σε
1151 4188 1297 4260 ἔχειν
1325 4189 1491 4262 ζωήν,
1527 4191 1707 4261 πάσης
1737 4190 1913 4263 λύπης

225 4273 322 4326 καὶ
360 4273 602 4344 ἀθυμίας
629 4275 1082 4346 ἀπηλλαγμένην,
1131 4275 1227 4329 καὶ
1265 4277 1445 4347 πάσης
1477 4276 1672 4347 ἡδονῆς
1701 4277 1914 4348 πεπλη-

225 4360 484 4432 ρωμένην
518 4362 612 4416 καὶ
651 4363 880 4434 μηδενὸς
919 4362 1272 4417 αἰσθάνεσθαι
1305 4363 1414 4416 τῶν
1445 4364 1773 4434 σωματικῶν
1807 4365 1915 4419 σῶ-

225 4467 306 4521 μα
360 4451 775 4524 περικειμένην
827 4454 1015 4526 ἐπειδὴ
1069 4454 1128 4507 δέ
1178 4455 1281 4508 οὐκ
1323 4456 1542 4526 ἐχρήσω
1583 4456 1662 4519 εἰς
1698 4455 1818 4510 δέον
1847 4459 1911 4528 τῇ

222 4539 466 4611 τοσαύτῃ
522 4541 729 4604 ἀνέσει,
785 4541 903 4595 ἀλλ’
950 4543 984 4612 ή
1057 4542 1345 4613 περιουσία
1406 4543 1514 4595 τῶν
1575 4542 1800 4608 ἀγαθῶν
1833 4547 1914 4609 εἰς

223 4625 496 4698 τοσαύτην
525 4643 582 4680 σε
605 4627 1002 4699 ἀγνωμοσύνην
1035 4629 1234 4698 ήγαγε,
1263 4629 1351 4682 διὰ
1389 4629 1548 4683 τοῦτό
1587 4646 1670 4683 σοι
1694 4630 1913 4701 χαλινὸν

222 4712 534 4783 ἐπιτίθημι,
562 4711 705 4768 ὥστε
729 4713 805 4786 μὴ
835 4714 929 4768 ἐπὶ
961 4715 1123 4768 πλέον
1143 4716 1565 4788 ἀποσκιρτῆσαι,
1591 4716 1686 4770 καὶ
1715 4717 1912 4782 λύπαις

223 4800 322 4852 καὶ
354 4802 680 4870 στεναγμοῖς
721 4817 782 4853 σε
812 4802 840 4841 δ
868 4801 1233 4866 καταδικάζω.
1260 4803 1592 4871 Πληθύνων
1623 4803 1914 4870 πληθυνῶ

222 4883 334 4950 τὰς
355 4886 559 4951 λύπας
585 4901 704 4940 σου
744 4886 843 4941 καί
883 4887 990 4940 τὸν
1021 4891 1363 4957 στεναγμόν
1377 4903 1496 4942 σου
1521 4905 1534 4919 ’
1561 4889 1631 4943 ἐν
1686 4891 1912 4956 λύπαις

225 4973 370 5041 τέξῃ
389 4970 590 5027 τέκνα.
608 4973 722 5046 Τήν
742 4974 1020 5039 ὑπόθεσιν,
1041 4975 1198 5045 φησὶ,
1211 4974 1312 5044 τῆς
1325 4973 1526 5045 πολλῆς
1546 4975 1910 5047 εὐφροσύνης,

224 5063 323 5115 κα)⁸
351 5061 460 5116 τῶν
489 5063 700 5116 τέκνων
747 5063 847 5135 τὴν
888 5064 1139 5136 διαδοχὴν
1173 5063 1283 5118 ἀπὸ
1325 5062 1502 5133 λύπης
1528 5063 1794 5134 ἄρχεσθαί
1828 5082 1911 5119 σοι

227 5149 658 5218 παρασκευάσω,
687 5150 776 5211 ἵνα
793 5150 1018 5221 διηνεκῆ
1043 5151 1174 5224 ἔχῃς
1199 5150 1293 5204 καὶ
1322 5149 1461 5221 αὑτὴ
1481 5150 1580 5222 τὴν
1603 5151 1912 5223 ὑπόμνησιν

221 5233 314 5288 διὰ
345 5236 455 5286 τῶν
483 5235 609 5289 καθ’
641 5236 873 5290 ἕκαστον
906 5239 1098 5310 καιρὸν
1125 5238 1352 5302 ὠδίνων,
1379 5237 1473 5291 καὶ
1510 5238 1619 5292 τῶν
1651 5238 1913 5312 λυπηρῶν

223 5321 335 5374 τῶν
361 5321 482 5375 καθ’
504 5323 742 5393 ἑκάστην
778 5326 1134 5395 τικτομένων,
1161 5326 1330 5378 πόσον
1353 5326 1454 5397 τῆς
1485 5326 1760 5398 ἁμαρτίας
1781 5325 1913 5381 ταύ-

224 5426 326 5480 της
360 5411 577 5480 καὶτῆς
610 5413 900 5483 παρακοῆς
928 5413 989 5466 τὸ
1027 5413 1279 5484 μέγεθος,
1327 5413 1421 5467 καὶ
1471 5414 1545 5486 μὴ
1587 5413 1681 5468 τοῦ
1715 5416 1911 5485 χρόνου

225 5497 506 5564 προϊόντος
555 5498 692 5569 λήθῃ
729 5499 985 5571 παραδῷς
1021 5503 1083 5554 τὸ
1119 5501 1506 5573 γεγενημένον,
1553 5503 1668 5556 ἀλλ’
1715 5503 1913 5556 εἰδέναι

225 5582 356 5655 ῐχῃς
383 5584 457 5647 ὡς
481 5586 516 5655 ή
541 5586 724 5657 ἀπάτη
749 5588 954 5641 τούτων
977 5606 1059 5642 σοι
1089 5589 1260 5652 αἴτιος
1279 5589 1594 5660 γεγένηται.
1622 5589 1720 5643 Διά
1753 5590 1914 5644 τοῦτο

227 5670 560 5735 Πληθύνων
569 5671 859 5739 πληθυνῶ
873 5675 977 5741 τὰς
992 5677 1194 5742 λύπας
1204 5691 1321 5730 σου
1333 5676 1434 5731 καί
1451 5677 1561 5730 τὸν
1575 5679 1915 5748 στεναγμόν

224 5766 364 5805 σου·
380 5752 451 5804 ἐν
469 5756 694 5821 λύπαις
714 5755 858 5824 τέξῃ
871 5755 1071 5811 τέκνα.
1085 5759 1197 5822 Τάς
1218 5759 1416 5824 ὠδῖνας
1430 5759 1664 5815 ἐνταῦθα
1678 5761 1912 5815 αἰνίττε-

223 5848 315 5886 ται
333 5835 429 5887 καὶ
448 5835 541 5888 τὸν
563 5835 729 5892 πολὺν
759 5839 1003 5910 κάματον
1027 5842 1254 5907 ἐκεῖνον,
1277 5842 1336 5895 ὃν
1353 5843 1644 5914 ὑπομένειν
1674 5846 1909 5917 ἀνάγκη,

290 5994 437 6066 'hSiq
672 6002 724 6047 cl.
769 6001 954 6066 aliquot
1002 5987 1119 6066 πῆξε.
1155 5979 1328 6066 ῌστοί.
1359 6005 1670 6066 μετελθωμεν.
1739 6009 1766 6050 b
1794 6009 1910 6060 Mss.

227 6057 368 6106 limiti
391 6061 442 6106 el
463 6057 666 6108 Coislln.
691 6057 1008 6120 καταδικάζω.
1035 6063 1205 6114 Morel.
1234 6057 1562 6116 καταδικάσω.

1395 405 1464 462 ΙΝ
1497 405 1650 463 CAP.
1689 407 1759 463 Ill
1791 404 2042 466 GENES.
2085 409 2323 468 HOMIL.
2365 407 2529 464 XVII.

3615 401 3717 459 2'.“

2019 527 2270 600 καθάπερ
2295 527 2514 599 φορτίον
2547 525 2604 578 ἐν
2634 524 2768 595 μησὶ
2796 523 3072 588 τοσούτοις
3098 525 3158 578 τὸ
3184 523 3386 597 βρέφος
3409 521 3707 594 pandicu-

2020 626 2141 675 σαν,
2176 608 2390 670 καὶτὰς
2417 606 2560 661 κατά
2582 604 2749 676 μέρος
2786 607 3064 676 φυομένας
3100 607 3352 661 ἐντεῦθεν
3380 605 3704 675 ἀλγηδόνας,

2017 692 2112 745 καὶ
2137 690 2248 744 τῶν
2285 689 2464 759 μελῶν
2489 687 2582 741 τὸν
2614 685 2983 758 διασπασμόν,
3027 688 3123 742 καὶ
3157 687 3256 753 τὰς
3286 688 3478 751 ὀδύνας
3501 697 3524 726 ο
3558 682 3705 738 ἐκεί-

2014 791 2114 836 νας
2148 771 2250 836 τὰς
2284 772 2612 842 ἀφορήτους,
2653 770 2720 835 ἃς
2749 772 2956 825 ἐκεῖναι
2999 771 3160 843 μόναι
3195 770 3374 826 ἴσασιν
3405 772 3463 826 αἱ
3489 770 3580 824 διὰ
3605 767 3707 839 τῆς

2017 856 2214 928 πείρας
2235 853 2507 908 ἐλθοῦσαι.

2085 945 2156 1009 η’.
2176 938 2315 991 Ἀλλ’
2348 939 2497 1008 ὅμως
2523 941 2793 1010 τοσαύτην
2818 937 2849 990 ό
2880 939 3264 1011 φιλάνθρωπος
3289 937 3425 1000 Θεὸς
3464 935 3706 1005 παρέσχε

2019 1020 2157 1090 μετά
2183 1020 2294 1073 τῶν
2326 1021 2588 1092 λυπηρῶν
2611 1021 2709 1092 τὴν
2735 1021 3112 1092 παραμυθίαν,
3147 1021 3223 1084 ὡς
3249 1020 3538 1090 ἰσόρροπον
3567 1011 3705 1069 εἶναι

2014 1103 2114 1170 τὴν
2134 1101 2223 1156 διά
2243 1102 2305 1155 τὸ
2329 1101 2521 1173 τεχθὲν
2544 1101 2744 1174 βρέφος
2767 1102 3109 1174 εὐφροσύνην
3127 1104 3236 1155 τῶν
3255 1102 3462 1155 ὠδίνων
3479 1099 3708 1154 ἐκείνων

2013 1183 2123 1237 τῶν
2158 1183 2218 1237 ἐν
2248 1184 2527 1247 τοσούτοις
2555 1185 2693 1256 μησὶ
2719 1185 2819 1255 τὴν
2845 1186 3089 1257 γαστέρα
3122 1183 3534 1239 διακοπτουσῶν
3552 1181 3604 1236 δ.
3639 1182 3708 1243 Δί

2014 1266 2125 1339 γάρ
2165 1267 2425 1322 τοσοῦτον
2476 1269 2638 1322 πόνον
2689 1269 3082 1339 ὑπομένουσαι,
3119 1269 3214 1323 καὶ
3246 1268 3422 1331 οὓτως
3462 1266 3570 1321 ὑπὸ
3597 1263 3707 1319 τῶν

2015 1349 2327 1420 ἀλγηδόνων
2380 1349 2846 1421 σπαραττόμεναι,
2885 1351 2979 1403 καὶ
3021 1350 3098 1414 ὡς
3137 1350 3316 1403 εἰπεῖν
3356 1349 3496 1421 πρὸς
3535 1345 3709 1420 αὐτὴν

2014 1431 2113 1503 τὴν
2143 1429 2290 1505 ζωὴν
2333 1431 2800 1504 ἀπαγορεύουσαι,
2838 1435 2975 1504 μετά
3023 1433 3086 1486 τὸ
3123 1435 3302 1487 τεκεῖν
3341 1433 3564 1502 καὶτῆς
3598 1429 3710 1484 ἀπὸ

2016 1513 2126 1568 τῶν
2155 1515 2422 1586 καμάτων
2454 1516 2793 1588 εὐφροσύνης
2823 1515 3154 1580 ἀπολαῦσαι,
3184 1515 3347 1569 πάλιν
3371 1514 3563 1582 ῶσπερ
3589 1516 3711 1569 ἐπι-

2018 1595 2314 1668 λαθόμεναι
2349 1599 2461 1652 τῶν
2493 1599 2876 1672 γεγενημένων
2915 1599 3172 1654 ἀπάντων
3207 1596 3409 1661 ἐαυτάς
3437 1595 3729 1649 ἐκδιδόασι.

2019 1681 2156 1750 πρὸς
2186 1683 2286 1753 τὴν
2319 1681 2428 1736 τῶν
2453 1682 2660 1737 τέκνων
2693 1683 2876 1752 γονὴν.
2910 1680 3006 1736 τοῦ
3033 1680 3420 1752 φιλανθρώπου
3452 1676 3588 1732 Θεοῦ
3618 1674 3711 1729 οῦ-

2015 1779 2124 1826 τως
2153 1764 2608 1834 υἰκονομήσαντος
2640 1764 2778 1836 πρὸς
2825 1765 3084 1819 σύστασιν
3129 1763 3231 1834 τῆς
3257 1763 3366 1816 τῶν
3404 1758 3725 1832 ἀνθρώπων.

2019 1845 2314 1917 σωτηρίας.
2351 1845 2415 1899 Ἦ
2443 1846 2552 1918 γάρ
2575 1846 2729 1911 ἐλπὶς
2757 1846 2848 1900 ἀεὶ
2875 1850 2985 1900 τῶν
3010 1846 3314 1917 μελλόντων
3339 1842 3563 1912 ἀγαθῶν
3584 1839 3712 1895 κού-

2017 1944 2134 1995 φως
2157 1930 2302 1982 ποιεῖ
2329 1929 2518 2002 φέρειν
2543 1928 2611 1982 τὰ
2640 1931 2884 2001 παρόντα
2912 1931 3155 2002 λυπηρά.
3186 1930 3298 1984 Καὶ
3323 1928 3482 1982 τοῦτο
3505 1926 3604 1981 ῖδοι
3627 1941 3712 1989 τις

2015 2010 2082 2064 ἂν
2119 2011 2212 2065 καὶ
2240 2011 2367 2076 τοὺς
2398 2013 2676 2085 ἐμπόρους
2717 2013 3109 2086 ὑπομένοντας.
3152 2012 3244 2066 καὶ
3275 2010 3464 2083 μακρά
3494 2008 3711 2077 πελάγη

2016 2093 2411 2164 διαπερῶντας,
2444 2097 2538 2150 καὶ
2559 2097 2836 2165 ναυαγίων
2867 2098 3229 2167 ἀνεχομένους
3269 2095 3363 2149 καὶ
3394 2091 3708 2164 πειρατῶν,

2018 2176 2114 2230 καὶ
2154 2177 2293 2247 μετά
2319 2180 2445 2242 τοὺς
2481 2179 2711 2244 πολλοὺς
2739 2180 3019 2243 κινδύνους
3051 2179 3292 2242 ἐκείνους
3330 2176 3590 2238 πολλάκις
3617 2175 3713 2229 καὶ

2015 2261 2416 2333 διαμαρτόντας
2443 2267 2544 2336 τῆς
2570 2265 2917 2335 προσδοκίας,
2944 2265 3040 2318 καὶ
3069 2263 3204 2335 μηδέ
3235 2261 3408 2325 οὕτως
3436 2259 3713 2315 ἀποστάνι

2015 2361 2135 2408 τας,
2161 2343 2298 2397 ἀλλά
2333 2345 2496 2400 πάλιν
2529 2348 2640 2400 τῶν
2675 2346 2857 2400 αὐτῶν
2885 2348 3250 2416 ἁπτομένους.
3289 2344 3462 2399 Τοῦτο
3494 2344 3590 2416 καί
3619 2342 3714 2396 ἐπὶ

2016 2422 2123 2475 τῶν
2143 2424 2399 2492 γηπόνων
2428 2425 2575 2478 ἐστιν
2604 2429 2779 2480 εἰπεῖν
2811 2435 2857 2478 ετ
2889 2414 3043 2498 [145]
3066 2426 3160 2480 καὶ
3190 2424 3298 2494 γὰρ
3329 2423 3422 2477 καὶ
3447 2414 3593 2476 οῦτοι
3623 2421 3714 2475 ὅτε

2017 2501 2241 2571 βαθεῖαν
2291 2501 2503 2557 αὔλακα
2541 2503 2880 2574 ἀνατέμωσι,
2909 2504 3001 2558 καὶ
3032 2503 3233 2575 πολλὴν
3263 2502 3361 2574 τήν
3394 2499 3714 2571 ἐπιμέλειαν

2014 2582 2115 2652 τῆς
2139 2581 2244 2650 γῇς
2276 2581 2670 2646 ἐπιδείξωνται,
2696 2583 2792 2636 καὶ
2825 2582 3025 2653 δαψιλῆ
3047 2583 3116 2636 τά
3139 2590 3434 2652 σπέρματα
3469 2577 3713 2632 καταϐά-

2015 2661 2171 2726 λωσι,
2210 2661 2474 2724 πολλάκις
2505 2660 2722 2733 αὐχμοῦ
2758 2662 3054 2734 γενομένου
3083 2663 3117 2733 ἢ
3144 2660 3475 2732 ἐπομϐρίας,
3505 2659 3539 2729 ἢ
3576 2657 3725 2728 πρὸς,

2015 2740 2167 2810 αὐτῷ
2185 2740 2266 2811 τῷ
2295 2740 2437 2794 τέλει
2472 2742 2583 2794 τῶν
2602 2742 2934 2813 δραγμάτων
2973 2742 3236 2816 ἐρυσίϐης
3270 2739 3712 2816 κατενεχθείσης,

2016 2819 2116 2889 τῆς
2136 2817 2349 2882 ἐλπίδος
2372 2817 2694 2891 διήμαρτον·
2716 2819 2832 2874 ἀλλ’
2851 2821 2976 2875 ούδέ
3001 2815 3174 2885 οὕτως
3197 2819 3545 2889 ἀφίστανται,
3575 2815 3715 2870 ἀλλά

2017 2898 2183 2954 πάλιν
2205 2898 2298 2952 τοῦ
2324 2899 2519 2970 καιροῦ
2551 2901 2974 2965 καταλαϐόντος,
3001 2901 3264 2955 ἀπτονται
3293 2901 3397 2969 τῆς
3417 2897 3710 2969 γεωργίας-

2016 2978 2130 3032 Kal
2161 2977 2319 3031 τοῦτο
2360 2979 2446 3048 ἐφ’
2477 2978 2709 3032 ἑκάστου
2743 2977 2896 3049 εὖροι
2947 2996 3032 3042 τις
3064 2979 3130 3032 ἂν
3163 2976 3597 3049 ἐπιτηδεύματος
3623 2991 3714 3042 γιφ

2015 3058 2264 3128 νόμενον.
2306 3057 2412 3111 Τὸν
2452 3058 2616 3111 αὐτὸν
2657 3058 2722 3131 δὴ
2770 3059 2972 3130 τρόπον
3015 3060 3107 3114 καὶ
3146 3063 3183 3131 ἡ
3221 3059 3360 3130 γυνὴ
3404 3057 3498 3112 καὶ
3531 3053 3722 3126 αὑτηί

2018 3136 2280 3202 πολλάκις
2323 3135 2464 3206 μετά
2495 3139 2622 3202 τοὺς
2655 3137 2887 3201 πολλοὺς
2921 3140 3098 3209 μῆνας
3125 3139 3394 3201 ἐκείνους,
3439 3135 3579 3207 μετά
3615 3134 3715 3196 τάς

2015 3217 2214 3278 ὠδῖνας
2266 3215 2365 3278 τάς
2405 3216 2737 3288 ἀφορήτους,
2775 3216 2912 3288 μετά
2950 3217 3049 3282 τάς
3085 3217 3284 3282 νύκτας
3317 3217 3415 3280 τάς
3449 3217 3736 3278 ἀύπνους,⁵

2020 3297 2158 3368 μετὰ
2178 3296 2269 3348 τὸν
2289 3295 2399 3350 τῶν
2432 3296 2611 3366 μελῶν
2640 3298 3004 3369 διασπασμὸν,
3041 3300 3244 3371 μικρᾶς
3274 3315 3422 3361 τινος
3449 3296 3714 3368 περιστά-

2020 3397 2158 3444 σεως
2195 3377 2517 3451 γενομένης,
2551 3380 2658 3450 πρὸ
2690 3381 2784 3433 τοῦ
2816 3382 3187 3453 προσήκοντος
3219 3380 3413 3451 καιροῦ
3434 3383 3494 3433 τὸ
3515 3377 3716 3451 βρέφος

2017 3461 2281 3532 ὠθήσασα
2303 3460 2632 3532 ἀμόρφωτω
2661 3461 2756 3515 καὶ
2792 3461 3189 3521 ἀδιατύπωτον,
3217 3461 3251 3530 ἢ
3283 3459 3717 3532 μεμορφωμένον

2022 3541 2145 3610 μέν,
2171 3540 2274 3593 οὐκ
2307 3540 2496 3610 ἄρτιον
2527 3538 2606 3604 δέ,
2639 3540 2760 3593 ούδέ
2799 3540 2977 3609 ὑγιὲς,
3014 3540 3047 3610 ἢ
3083 3541 3180 3593 καὶ
3203 3541 3398 3610 νεκρὸν
3428 3537 3715 3601 πολλάκις,

2021 3619 2174 3691 μόλις
2203 3617 2294 3670 τὸν
2324 3618 2568 3670 κίνδυνον
2589 3618 2835 3687 διέφυγε,
2866 3620 2960 3673 καὶ
2989 3618 3138 3688 ὅμως
3164 3618 3355 3688 ῶσπερ
3387 3616 3718 3688 ἐπιλαθομέν-

2017 3715 2082 3770 νη
2113 3697 2319 3751 τούτων
2355 3695 2634 3760 ἁπάντων,
2670 3697 2781 3749 τῶν
2815 3696 2997 3751 αὐτῶν
3026 3697 3303 3768 ἀνέχεται,
3343 3697 3438 3750 καὶ
3469 3697 3536 3751 τὰ
3575 3696 3737 3750 αύτάςι

2019 3775 2303 3847 ὑπομένει.
2329 3775 2439 3829 Καὶ
2465 3775 2518 3828 τί
2559 3775 2705 3844 λέγω
2740 3774 2810 3828 τά
2846 3776 3019 3843 αύτά;
3054 3777 3322 3840 Πολλάκις
3356 3775 3451 3829 καὶ
3493 3792 3720 3828 συναπο.

2018 3858 2204 3911 θανεῖν
2240 3855 2317 3926 τῷ
2355 3855 2601 3924 τεχθέντι
2642 3855 2866 3926 συνέϐη,
2902 3857 2998 3909 καί⁵
3039 3856 3161 3909 ούδέ
3205 3856 3364 3909 τοῦτο
3393 3855 3493 3918 τὰς
3520 3855 3716 3916 λοιπάς

2017 3936 2351 4008 ἐσωφρόνισε
2376 3936 2469 3989 καὶ
2495 3935 2751 3989 ἀνέπεισε
2773 3939 2964 4005 φυγεῖν
2983 3937 3008 3975 8
3028 3937 3088 3990 τὸ
3110 3938 3364 4007 πρᾶγμω
3387 3936 3659 4006 τοσαύτην
3690 3938 3719 3989 ὁ

2018 4020 2148 4082 Θεὸς
2187 4017 2589 4089 ἐγκατέσπειρε
2638 4019 2752 4080 τοῖς
2798 4017 3064 4088 λυπηροῖς
3097 4019 3197 4087 τὴν
3225 4017 3419 4088 ἡδονὴν
3458 4018 3595 4088 ὁμοῦ
3623 4019 3719 4072 καὶ

2017 4102 2117 4174 τὴν
2155 4100 2516 4174 εὐφροσύνην.
2548 4100 2646 4154 Διά
2670 4100 2831 4154 τοῦτο
2861 4101 3038 4169 ἐλεγε,
3067 4101 3404 4169 Πληθύνων
3425 4100 3720 4168 πληθυνῶ

2017 4186 2125 4250 τὰς
2138 4184 2341 4248 λύπας
2359 4199 2478 4236 σου
2498 4181 2596 4236 καί
2618 4182 2724 4236 τὸν
2737 4184 3079 4252 στεναγμόν
3094 4197 3232 4236 σου’
3251 4183 3557 4247 ὲνλύπαις
3574 4182 3718 4250 τέξῃ
3775 4230 3780 4233 ,

2021 4264 2225 4317 τέκνα.
2265 4260 2440 4315 Τοῦτο
2475 4261 2656 4314 τοίνυν
2695 4263 2790 4314 καὶ
2826 4264 2855 4315 ό
2915 4262 3150 4333 Χριστὸς
3187 4261 3568 4331 διαλεγόμενος
3606 4263 3720 4324 τοῖς

2021 4344 2292 4415 μαθηταῖς
2331 4343 2424 4395 καὶ
2459 4341 2674 4404 δεικνὺς
2704 4343 2800 4396 καὶ
2821 4342 2922 4412 τῆς
2940 4341 3132 4409 ὀδύνης
3155 4341 3218 4393 τὸ
3242 4339 3473 4410 μέγεθος
3498 4343 3593 4394 καὶ
3619 4342 3720 4409 τῆς

2016 4421 2358 4494 εὐφροσύνης
2381 4420 2480 4492 τὴν
2512 4419 2841 4491 ὑπερϐολὴν,
2862 4420 3068 4486 ἐλεγεψ
3103 4420 3176 4472 'H
3193 4420 3350 4494 γυνὴ
3379 4418 3528 4472 ὅταν
3548 4420 3737 4484 τίκτῃ.

2021 4493 2230 4565 λύπην
2259 4500 2406 4568 ἔχει,
2436 4499 2526 4552 ὅτι
2549 4498 2740 4565 ἦλθεν
2757 4498 2795 4565 ἡ
2818 4497 2945 4565 ὥρα
2967 4495 3158 4564 αὐτῆς
3176 4513 3190 4526 ο
3221 4493 3340 4550 εἶτα
3365 4498 3726 4569 παραστῆσαι

2017 4582 2151 4652 ἡμῖν
2176 4577 2500 4648 βουλόμενος
2527 4577 2678 4639 ὅπως
2705 4575 2774 4628 τὰ
2800 4579 2898 4648 μὲν
2920 4575 3021 4645 τῆς
3045 4575 3223 4646 λύπης
3250 4574 3447 4645 ἀθρόον
3472 4576 3720 4628 ἐκποδὼν

2016 4659 2250 4728 γίνεται,
2289 4655 2359 4708 τὰ
2399 4655 2457 4707 δὲ
2489 4655 2591 4724 τῆς
2619 4657 2796 4726 χαρᾶς
2832 4656 2926 4708 καὶ
2963 4655 3066 4724 τῆς
3104 4654 3448 4727 εὐφροσύνης
3471 4655 3718 4725 διαδέχεο

2015 4755 2128 4796 ται.
2143 4733 2329 4805 φησιν·
2348 4734 2525 4787 Ὅταν
2543 4733 2612 4786 δὲ
2625 4732 2897 4802 γεννήσῃ
2914 4732 2982 4787 τὸ
2994 4732 3256 4794 παιδίον,
3273 4732 3472 4786 οὐκέτι
3488 4751 3694 4802 μνημο
3706 4765 3718 4772 -

2014 4816 2176 4870 νεύει
2198 4812 2310 4881 τῆς
2332 4815 2596 4880 θλίψεως
2608 4811 2706 4865 διὰ
2718 4811 2834 4879 την
2850 4810 3067 4879 χαρὰν,
3085 4810 3174 4864 ὅτι
3191 4811 3484 4880 ἐγεννήθη
3497 4813 3717 4879 ἀνθρω-

2014 4905 2124 4958 πος
2145 4895 2234 4959 είς
2266 4890 2377 4944 τὸν
2411 4891 2674 4960 κόσμον.
2703 4885 2858 4953 Εἶδες
2890 4890 3220 4961 κηδεμονίαν
3238 4890 3715 4960 ὑπερϐάλλουσανς

2014 4968 2153 5035 εἶδες
2173 4969 2448 5041 τιμωρίαν
2464 4969 2746 5032 νουθεσίας
2766 4968 3238 5040 πεπληρωμένην;
3270 4970 3373 5029 Ἑν
3385 4971 3612 5034 λύπαις
3634 4970 3720 5022 τέ-

2014 5050 2090 5119 ξῃ
2114 5049 2315 5104 τέκνα.
2334 5043 2485 5114 Εῐτα,
2499 5049 2656 5118 Πρὸς
2674 5049 2781 5103 τὸν
2795 5048 2988 5117 ἄνδρα
3002 5064 3120 5106 σου
3142 5050 3178 5117 η
3201 5049 3557 5117 ἀποστροφή
3573 5065 3714 5109 σου.

2015 5129 2114 5183 καί
2132 5127 2316 5191 αὐτός
2328 5142 2444 5182 σου
2462 5128 2784 5196 κυριεύσει.
2802 5128 3105 5196 Μονονουχὶ
3120 5127 3558 5198 ἀπολογούμενος
3579 5128 3719 5199 πρὸς

2015 5205 2112 5276 τὴν
2132 5208 2370 5273 γυναῖκα
2383 5207 2411 5258 ό
2429 5205 2810 5274 φιλάνθρωπος
2826 5205 2958 5272 Θεὸς
2973 5205 3144 5258 ταῦτά
3159 5223 3344 5275 φησιν,
3359 5207 3441 5259 ὅτι
3457 5205 3600 5274 Ἐγὼ
3616 5208 3716 5275 μὲν

2016 5284 2075 5350 ἐξ
2097 5285 2271 5354 ἀρχῆς
2293 5284 2554 5354 ὁμότιμόν
2578 5301 2638 5336 σε
2661 5284 3093 5358 ἐδημιούργησα,
3120 5285 3217 5337 καὶ
3236 5285 3332 5355 τῆς
3362 5285 3531 5356 αὐτῆς
3557 5287 3716 5352 ἀξίας

2014 5365 2073 5415 ἐν
2120 5363 2326 5416 άπασιν
2373 5362 2524 5431 αύτῷ
2571 5367 2850 5416 κοινωνεῖν
2897 5363 3233 5436 ἠϐουλήθην,
3275 5365 3371 5418 καὶ
3402 5364 3594 5434 ῶσπερ
3637 5365 3717 5435 τῷ

2017 5443 2198 5512 ἀνδρὶ,
2227 5441 2370 5494 οὕτω
2403 5441 2499 5494 καὶ
2530 5441 2613 5494 σοὶ
2645 5442 2743 5512 τήν
2772 5444 2914 5496 κατὰ
2936 5443 3154 5497 πάντων
3179 5445 3354 5514 ἀρχὴν
3382 5445 3711 5515 ἐνεχείρισα·

2017 5521 2133 5574 ἀλλ’
2159 5519 2350 5589 ἐπειδὴ
2385 5521 2489 5572 οὐκ
2512 5519 2734 5592 ἐχρήσω
2760 5523 2841 5585 εἰς
2871 5521 2990 5574 δέον
3017 5525 3083 5592 τῇ
3113 5523 3396 5594 ὁμοτιμία·
3432 5523 3518 5576 διὰ
3555 5523 3716 5578 τοῦτό

2024 5618 2084 5654 σε
2113 5599 2404 5653 ύποτάττω
2421 5598 2501 5668 τῷ
2515 5599 2691 5668 ἀνδρὶ,
2725 5601 2832 5653 Καί
2856 5600 3006 5668 πρὸς
3026 5602 3131 5653 τὸν
3153 5600 3343 5669 ἄνδρα
3362 5617 3480 5655 σου
3502 5604 3541 5669 ἠ
3564 5603 3712 5656 ἀπο-

2023 5676 2252 5746 στροφή
2271 5691 2412 5735 σου.
2436 5676 2534 5729 καὶ
2556 5679 2742 5742 αὐτός
2762 5691 2879 5731 σου
2899 5680 3225 5746 κυριεύσει.
3247 5679 3464 5752 Ἐπειδὴ
3483 5679 3676 5733 καταλι
3689 5713 3706 5720 -

2018 5757 2198 5812 ποῦσα
2228 5757 2318 5810 τὸν
2345 5755 2631 5826 ὁμότιμον,
2657 5756 2865 5810 καὶτὸν
2897 5757 2994 5827 τῆς
3027 5757 3198 5827 αὐτῆς
3231 5760 3312 5811 σοὶ
3345 5758 3562 5827 φύσεως
3592 5777 3707 5812 κοι-

2088 5955 2109 5984 ε
2134 5952 2276 6001 (ἴση).
2302 5953 2385 6009 τὰς
2408 5951 2596 6008 ὠδῖνας.
2662 5947 2688 5990 ἀ
2716 5951 2799 6001 Sic
2821 5950 2933 6001 ειη.
2966 5950 3136 5999 Morel.
3179 5957 3234 5998 οι
3271 5948 3438 5997 Manu.
3465 5949 3701 5998 ὀδυνῶν...

2021 6015 2396 6081 διιιικοεειτόντςιινΣ
2420 6014 2567 6081 τηειρ.
2599 6011 2746 6081 [οἴοισι-.-
2807 6015 2838 6081 θ.
2866 6013 3070 6072 Quidam
3096 6027 3230 6081 _m_ss.
3259 6012 3389 6059 ἰδεῖν.
3456 6009 3503 6081 ,τ
3531 6010 3703 6060 Μαι-οἶ.

2023 6078 2053 6130 ἡ
2073 6076 2203 6139 γυνή.
2233 6078 2326 6124 Καὶ
2347 6077 2436 6140 γὰρ
2453 6077 2591 6133 αὐτή.
2663 6077 2689 6115 8
2714 6077 2920 6135 Quadam
2945 6089 3060 6124 mss.
3087 6076 3318 6127 ἀνέστησε
3342 6076 3519 6133 φυγεῖν,
