4068 6396
435 440 540 498 135

432 555 725 619 νωνοῦντα,
748 552 841 607 καὶ
864 552 930 606 δι’
949 551 1005 604 ὃν
1028 549 1480 622 ἐδημιουργήθης,
1497 548 1574 620 τῷ
1592 544 1810 617 πονηρῷ
1830 542 2002 615 θηρίῳ
2020 542 2094 613 τῷ

432 641 551 709 ϐφει
577 640 656 704 είς
680 639 898 711 ὁμιλίαν
935 638 1108 691 ἐλθεῖν
1141 636 1465 707 ἠϐουλήθης,
1498 637 1588 688 καὶ
1617 633 1713 704 τὴν
1745 632 1870 702 παρ’
1889 632 2096 685 ἐκείνου

433 728 687 797 δέξασθαι
710 727 1034 799 συμϐουλήν·
1065 726 1149 779 διά
1175 723 1331 777 τοῦτό
1360 741 1418 778 σε
1455 723 1635 776 λοιπὸν
1668 722 1841 792 τούτῳ
1868 719 2095 773 ὑποτάτ-

432 833 532 883 τω,
559 817 654 870 καὶ
680 814 868 869 τοῦτόν
896 831 987 868 σου
1006 811 1193 883 κύριον
1218 823 1245 852 ι
1279 812 1582 881 ἀποφαίνω,
1612 808 1753 862 ὥστε
1779 808 1875 881 τὴν
1905 807 2095 861 τούτου

431 902 746 960 δεσποτείαν
778 899 1175 970 ἐπιγινώσκειν,
1207 899 1299 952 καὶ
1329 897 1513 969 ἐπειδὴ
1551 897 1650 950 οὐκ
1688 895 1859 965 ἔγνως
1888 894 2094 965 ἄρχειν,

438 988 579 1059 μάθε
601 986 782 1052 καλῶς
826 985 1109 1057 ἄρχεσθαι.
1139 984 1294 1055 Πρὸς
1336 985 1444 1038 τὸν
1502 982 1690 1052 ἄνδρα
1722 998 1837 1037 σου
1884 982 1922 1047 ἡ
1950 982 2097 1035 ἀπο-

434 1074 669 1145 στροφή
721 1088 856 1137 σου,
869 1072 965 1127 καί
979 1072 1155 1139 αὐτός
1169 1088 1284 1127 σου
1303 1071 1622 1141 κυριεύσει.
1663 1068 1876 1123 Βέλτιόν
1900 1084 1958 1122 σε
1994 1066 2097 1121 ὑπὸ

434 1159 620 1213 τοῦτον
647 1154 809 1222 εἶναι,
832 1159 926 1212 καὶ
955 1158 1059 1212 ὑπὸ
1080 1158 1178 1230 τὴν
1210 1158 1400 1229 τούτου
1437 1156 1751 1212 δεσποτείαν
1786 1155 2094 1225 τυγχάνειν,

434 1246 468 1316 ἤ
494 1245 676 1308 ἀδείας
698 1245 1071 1299 ἀπολαύουσαν
1097 1247 1189 1299 καὶ
1209 1244 1452 1310 ἐξουσίας
1482 1243 1620 1298 κατά
1640 1241 1899 1315 κρημνῶν
1937 1240 2098 1312 φέρε-

435 1332 578 1386 σθαι.
617 1332 772 1386 Ἐπεί⁵
793 1333 887 1386 καὶ
913 1333 1064 1402 ἵππῳ
1085 1330 1357 1396 λυσιτελὲς
1381 1332 1445 1385 ἂν
1466 1330 1673 1399 γένοιτο
1695 1328 1907 1400 χαλινὸν
1930 1328 2093 1399 ἐχειν,

433 1420 526 1473 καὶ
551 1416 700 1491 [146]
727 1419 961 1473 εὖτακτα
988 1418 1246 1489 βαδίζειν,
1267 1418 1300 1488 ἢ
1329 1419 1455 1472 ἀνευ
1477 1416 1666 1469 τούτου
1683 1414 1822 1469 κατά
1838 1412 2097 1487 κρημνῶν

433 1505 714 1578 φέρεσθαι.
737 1506 810 1561 Tb
843 1505 1116 1578 συμφέρον
1143 1504 1317 1559 τοίνυν
1344 1502 1562 1557 σκοπῶν
1597 1503 1658 1556 rb
1689 1502 1799 1567 σὺν,
1824 1502 1960 1573 πρὸς
1979 1500 2101 1555 τοῦ·

432 1590 524 1647 τόν
570 1608 629 1647 σε
666 1591 813 1664 ἔχειν
850 1592 950 1665 τὴν
992 1589 1338 1663 ἀποστροφὴν
1382 1588 1661 1660 βούλομαι.
1706 1588 1800 1642 καὶ
1844 1587 2095 1657 καθάπερ

434 1676 597 1750 σῶμα
640 1676 850 1749 κεφαλῇ
867 1676 1116 1742 ἐπεσθαι,
1157 1677 1253 1731 καὶ
1279 1674 1377 1747 τὴν
1395 1675 1710 1729 δεσποτείαν
1754 1672 1875 1744 μεθ’
1904 1672 2097 1743 ήδονῆς

431 1760 838 1832 ἐπιγινώσκειν.
867 1759 997 1816 Οἶδα
1028 1763 1109 1817 δτι
1140 1762 1454 1833 ἀπεκάμετε
1505 1760 1642 1832 πρὸς
1688 1760 1749 1815 rb
1786 1759 1959 1830 μῆκος
1988 1758 2096 1812 τῶν

432 1849 760 1921 εἰρημένωνο
814 1848 951 1903 ἀλλά
1000 1847 1313 1919 διεγέρθητε
1354 1847 1592 1919 μικρὸν,
1651 1845 1974 1916 παρακαλῶ,
2021 1844 2097 1918 μὴ

326 1988 329 1989 ν
433 1934 716 1991 ἀτέλεστον
737 1934 835 2005 τὴν
861 1933 1014 2004 δίκην
1035 1933 1441 2005 καταλίπωμεν,
1481 1932 1614 2004 μηδέ
1648 1935 1876 2002 ἀφέντες
1899 1931 1977 1986 ἐτι
2007 1932 2097 1986 τὸν

433 2021 692 2093 δικαστὴν
721 2021 1026 2095 καθήμενον
1049 2022 1510 2093 ἀναχωρήσωμεν·
1552 2022 1646 2074 καὶ
1672 2019 1781 2092 γὰρ
1809 2019 1946 2093 πρὸς
1969 2021 2098 2074 αὐτὸ

433 2110 497 2168 rb
520 2108 671 2173 τέλος
698 2108 885 2163 λοιπὸν
913 2100 1325 2181 ἀπηντῆκαμεν.

507 2212 577 2266 θ’.
608 2212 838 2282 ’Ῑδωμεν
865 2212 1043 2265 τοίνυν
1076 2211 1131 2264 τί
1169 2209 1307 2281 μετά
1334 2210 1433 2283 τήν
1462 2214 1691 2280 γυναῖκα
1730 2209 1865 2281 πρὸς
1886 2208 1977 2263 τὸν
2002 2210 2099 2265 ἀν-

435 2298 539 2372 δρα
576 2299 728 2370 φησὶ,
763 2300 858 2353 καὶ
877 2298 1034 2352 ποίαν
1066 2299 1159 2366 καὶ
1179 2298 1354 2369 τούτῳ
1378 2299 1646 2370 τιμωρίαν
1670 2298 1886 2366 ἐπάγει.
1920 2294 2011 2362 Τῷ,
2031 2296 2101 2351 δὲ

449 2385 624 2459 Ἀδὰμ
657 2380 847 2450 εἶπεν,
877 2384 1008 2441 Ὅτι
1044 2383 1316 2455 ἤκουσας
1353 2384 1462 2455 τῆς
1500 2384 1704 2456 φωνῆς
1750 2384 1860 2453 τῆς
1897 2401 2101 2455 γυναι-

437 2475 546 2539 κός
572 2490 709 2539 σου,
732 2474 829 2528 καί
856 2474 1075 2543 ἔφαγες
1097 2466 1216 2528 ἀ.τό
1240 2472 1347 2527 τοῦ
1376 2472 1588 2538 ξύλου,
1614 2467 1685 2528 οὗ
1713 2469 2103 2541 ἐνετειλάμην

437 2574 541 2614 σοι
580 2561 795 2616 τούτου
848 2562 1040 2631 μόνου
1088 2558 1175 2630 μὴ
1218 2557 1449 2630 φαγεῖν,
1489 2558 1590 2614 ἀπ’
1627 2559 1814 2613 αὑτοῦ
1862 2557 2098 2627 ἔφαγες·

438 2646 869 2716 ἐπικατάρατος
899 2647 937 2714 ἡ
976 2646 1053 2716 γῆ
1094 2646 1165 2699 ἐν
1205 2646 1328 2711 τοῖς
1359 2644 1555 2715 ἔργοις
1584 2657 1721 2701 σου.
1758 2647 1854 2699 Ἐν
1877 2647 2102 2711 λύπαις

436 2732 599 2805 φάγῃ
627 2733 821 2803 αὐτὴν
842 2732 968 2787 πάσ
968 2750 1042 2799 ας
1062 2748 1096 2787 τ
1097 2731 1168 2798 ἀς
1190 2731 1411 2801 ἡμέρας
1434 2730 1544 2799 τῆς
1568 2731 1715 2801 ζωῆς
1733 2748 1870 2787 σου.
1912 2731 2103 2786 Ἀκάν-

436 2820 549 2885 θας
580 2817 678 2872 καὶ
708 2818 1016 2885 τριϐόλους
1050 2812 1332 2869 ἀνατελεῖ
1352 2830 1470 2878 σοι,
1501 2814 1600 2869 καὶ
1635 2815 1794 2885 φάγῃ
1832 2814 1940 2869 τὸν
1963 2815 2101 2884 χόρ-

435 2920 547 2960 τον
571 2902 678 2958 τοῦ
717 2903 922 2973 ἀγροῦ.
966 2903 1064 2955 Ἐν
1087 2900 1280 2969 ἱδρῶτι
1311 2900 1414 2956 τοῦ
1449 2900 1773 2968 προσώπου
1799 2916 1915 2954 σου
1940 2899 2100 2969 φάγῃ

435 2988 546 3044 τὸν
564 2988 747 3058 ἄρτον
772 3005 909 3051 σου,
939 2985 1049 3053 ἕως
1071 2985 1178 3041 τοῦ
1206 2985 1582 3055 ἀποστρέψαι
1608 3000 1681 3039 σε
1709 2988 1796 3052 εις
1826 2984 1940 3053 τὴν
1960 2985 2097 3055 γῆν,

436 3075 508 3141 ἐξ
539 3070 615 3145 ἧς
643 3074 931 3143 ἐλήφθης
987 3072 1076 3125 ὅτι
1122 3071 1197 3143 γῆ
1242 3072 1298 3125 εῖ
1336 3072 1433 3125 καί
1469 3074 1551 3137 εὶς
1598 3070 1717 3140 γῆν
1764 3072 2097 3140 ἀπελεύσῃ.

437 3161 665 3233 Μεγάλη
710 3161 803 3214 καὶ
842 3160 1047 3229 ἀφατος
1081 3158 1175 3211 καὶ
1205 3155 1452 3211 ἐντεῦθεν
1477 3157 1749 3211 δείκνυται
1780 3159 1813 3229 ή
1851 3160 1978 3229 περὶ
2010 3159 2101 3212 τὸν

436 3249 723 3320 ἀνθρωπον
776 3247 871 3301 τοῦ
929 3246 1198 3299 Δεσπότου
1256 3244 1567 3315 κηδεμονία’
1612 3244 1728 3297 ἀλλ’
1780 3245 2101 3315 ἀκούσωμεν

437 3334 682 3406 ἀκριϐῶς
715 3334 943 3388 ἐκαστον
976 3333 1084 3386 τῶν
1110 3331 1430 3404 εἰρημένων·
1470 3328 1555 3396 Τῷ
1592 3329 1661 3383 δὲ
1693 3330 1872 3400 Ἀδὰμ
1908 3326 2097 3398 εἶπεν,

439 3416 563 3470 Ὅτι
612 3415 886 3484 ἤκουσας
927 3414 1038 3482 τῆς
1087 3414 1293 3483 φωνῆς
1339 3414 1449 3481 τῆς
1500 3415 1783 3482 γυναικός
1828 3430 1965 3479 σου,
2001 3415 2097 3469 καί

436 3503 653 3572 ἔφαγες
687 3501 807 3557 ἀπὸ
836 3500 943 3556 τοῦ
977 3501 1191 3565 ξύλου,
1229 3494 1304 3557 οὖ
1324 3499 1717 3569 ἐνετειλάμην
1753 3516 1852 3554 σοι
1886 3502 2100 3557 τούτου

433 3589 626 3660 μόνου
655 3589 742 3659 μὴ
767 3588 998 3658 φαγεῖν,
1041 3587 1141 3642 ἀπ’
1180 3587 1365 3642 αὑτοῦ
1408 3587 1645 3656 ἔφαγες.
1685 3587 1899 3659 Ἐπειδὴ
1933 3589 2101 3658 ἡκου-

443 3692 562 3742 σας,
597 3678 750 3746 φησι,
783 3674 1153 3745 τῆςγυναικός
1190 3690 1283 3728 σου
1322 3674 1416 3728 καί⁵
1446 3672 1645 3743 ἔφαγες
1666 3674 1774 3727 ἀπὸ
1796 3674 1889 3727 τοῦ
1920 3675 2098 3744 ξύλου,

442 3763 535 3817 καὶ
580 3764 679 3832 τῆς
732 3762 871 3832 ἐμῆς
916 3760 1133 3832 ἐντολῆς
1177 3760 1548 3831 προετίμησας
1590 3760 1689 3831 τὴν
1725 3761 1853 3832 παρ’
1886 3763 2102 3834 ἐκείνης

441 3845 768 3919 συμϐουλὴν,
795 3847 886 3899 καὶ
903 3846 1004 3899 οὐκ
1030 3844 1336 3917 ἠϐουλήθης
1356 3844 1449 3899 τοῦ
1480 3844 1638 3909 ξύλου
1658 3844 1753 3899 τοῦ
1777 3846 1893 3910 ἐνὸς
1916 3845 2101 3900 τούτου

444 3935 606 4005 μόνου
629 3932 982 4004 ἀποσχέσθαι,
999 3925 1061 3985 οὗ
1088 3931 1434 4003 ἐνετειλάμην
1453 3948 1532 3984 σοι
1562 3931 1637 4003 μὴ
1662 3935 1852 4000 φαγεῖν
1874 3933 1974 4005 (μή
1997 3934 2105 4004 γὰρ

441 4021 650 4076 πολλῶν
686 4037 746 4074 σε
780 4019 1077 4090 ἀπέχεσθαι
1114 4019 1403 4084 ἐκέλευσας
1440 4019 1587 4082 Ἐνὸς
1636 4019 1821 4089 μόνου,
1855 4020 1949 4073 καὶ
1987 4020 2106 4073 ούδέ

441 4110 629 4164 τούτου
665 4108 916 4178 ἠνέσχου,
953 4105 1068 4159 ἀλλ’
1109 4105 1495 4175 ἐπιλαθόμενος
1537 4105 1646 4158 τῶν
1686 4106 1832 4177 ἐμῶν
1876 4106 2104 4160 ἐντολῶν

442 4193 699 4264 ἐπείσθης
734 4197 801 4264 τῇ
834 4193 1095 4263 γυναικί)·
1116 4192 1205 4245 διὰ
1242 4193 1399 4246 τοῦτο
1436 4193 1652 4264 μαθήσῃ
1679 4193 1745 4246 δι’
1774 4193 1952 4250 αὐτῶν
1995 4194 2105 4248 τῶν

443 4282 640 4353 ἐργων,
675 4282 797 4334 ὅσον
827 4280 1067 4351 εἰργάσω
1097 4279 1285 4333 κακόν.

454 4440 457 4443 λ
525 4385 891 4440 ’Δκουέτωσαν
918 4383 1135 4455 ἄνδρες
1172 4385 1517 4439 ἀκουέτωσαν
1560 4387 1849 4454 γυναῖκες·
1890 4387 1938 4438 οἰ
1986 4384 2106 4456 μὲν,

444 4475 533 4528 ba
561 4473 635 4544 μὴ
668 4472 965 4542 ἀνέχωνται
1000 4469 1107 4523 τῶν
1145 4471 1356 4541 πονηρά
1386 4471 1865 4541 συμϐουλευουσῶν
1886 4489 1899 4503 ·
1931 4475 1988 4525 αἱ
2028 4474 2106 4539 δὲ,

444 4562 532 4615 ἵνα
563 4560 636 4632 μή
686 4558 912 4613 τοιαῦτα
946 4557 1402 4626 συμϐουλεύωσιν.
1443 4559 1508 4611 Εἰ
1540 4559 1649 4629 γὰρ
1673 4553 1831 4621 οὗτος
1870 4560 1964 4616 ἐπὶ
2008 4560 2107 4632 τήν

442 4649 675 4716 γυναῖκα
695 4646 793 4716 τήν
819 4644 995 4698 αἰτίαν
1038 4642 1379 4713 μεταγαγὼν,
1433 4644 1689 4713 οὐδεμιᾶς
1716 4645 1922 4716 ήξιώθη
1978 4663 2107 4716 συγ-

442 4734 669 4807 γνώμης
689 4776 705 4800 ,
748 4731 904 4788 ποίαν
942 4732 1007 4786 ἀν
1048 4748 1132 4795 τις
1162 4730 1457 4799 ἀπολογίαν
1490 4732 1642 4803 σχοίη
1673 4732 1865 4800 λέγων,
1908 4736 1987 4788 ὅτι
2019 4734 2109 4789 διὰ

441 4823 541 4895 τὴν
566 4823 799 4891 γυναῖκα
827 4819 888 4872 τὸ
922 4818 1014 4871 καὶ
1042 4820 1103 4871 τὸ
1129 4819 1397 4888 ἥμαρτον,
1432 4819 1526 4872 καὶ
1553 4818 1617 4870 rb
1640 4818 1732 4871 καὶ
1760 4819 1821 4871 rb
1847 4819 2055 4890 ἔπραξα
2090 4839 2104 4887 ;

442 4908 544 4963 Διά
581 4907 738 4960 τοῦτο
768 4906 876 4978 γάρ
908 4905 1000 4959 καὶ
1035 4906 1138 4958 ὑπὸ
1174 4905 1272 4977 τὴν
1299 4905 1618 4959 δεσποτείαν
1646 4904 1834 4973 γέγονε
1863 4906 1959 4977 τὴν
1987 4907 2106 4978 σὴν,

443 4996 536 5050 καὶ
554 4995 738 5067 κύριος
754 4994 923 5064 αὐτῆς
941 4991 1277 5063 ἀπεφάνθης,
1304 4993 1390 5046 ἵνα
1413 4993 1593 5063 ἐκείνη
1614 4993 1696 5046 σοὶ
1713 4992 2103 5065 κατακολουθῇ,

442 5081 537 5134 κει)⁸
584 5079 657 5151 μὴ
690 5081 724 5150 ή
758 5077 965 5148 κεφαλὴ
1017 5080 1129 5139 τοῖς
1181 5076 1338 5129 ποσὶν
1370 5076 1587 5146 ἕπηται.
1630 5076 1767 5129 Ἀλλ’
1818 5073 1911 5130 οὖν
1960 5076 2107 5129 ἐστιν

444 5166 574 5221 ἰδεῖν
596 5166 853 5229 πολλάκις
898 5164 958 5218 rb
1004 5162 1243 5217 ἐναντίον
1274 5163 1591 5233 συμϐαῖνον,
1624 5164 1719 5217 καὶ
1745 5164 1833 5217 τὸν
1864 5165 1922 5217 ἐν
1956 5164 2108 5230 τάξει

444 5251 683 5322 κεφαλῆς
724 5247 862 5305 εἶναι
910 5250 1225 5321 ὀφείλοντα,
1273 5250 1394 5302 οὐδὲ
1435 5249 1542 5302 τῶν
1593 5248 1770 5303 ποδῶν
1808 5250 1908 5321 τὴν
1954 5249 2108 5315 τάξιν

443 5340 734 5410 ἐπέχοντα’
754 5339 846 5391 καὶ
859 5338 958 5409 τὴν
983 5339 1040 5392 ἐν
1062 5336 1214 5400 τάξει
1241 5336 1415 5389 ποδῶν
1435 5333 1618 5400 οὖσαν,
1644 5337 1846 5408 ταύτην
1873 5339 1931 5390 ἐν
1955 5337 2109 5403 τάξει

445 5426 683 5497 κεφαλῆς
715 5424 1133 5495 καθισταμένην.
1170 5426 1246 5476 Δι’
1273 5424 1300 5475 ὃ
1327 5425 1421 5478 καὶ
1446 5427 1474 5477 ό
1498 5426 1764 5496 μακάριος
1796 5425 2008 5489 Παῦλος
2027 5469 2042 5491 ,
2080 5428 2108 5479 ό

438 5513 540 5585 τῆς
561 5510 883 5581 οἰκουμένης
914 5511 1245 5574 διδάσκαλος,
1264 5511 1437 5563 ταῦτα
1463 5512 1641 5565 πάντα
1670 5512 1916 5583 προορῶν
1942 5513 2069 5565 ἐϐόα
2090 5529 2104 5543 ο

446 5598 513 5656 Τί
567 5602 676 5669 γὰρ
709 5595 896 5665 οἶδας,
930 5601 1125 5669 γύναι,
1180 5602 1233 5652 εἰ
1281 5599 1389 5652 τὸν
1439 5599 1627 5665 ἄνδρα
1674 5598 1929 5665 σώσεις;
1975 5599 2013 5666 ἢ
2052 5600 2108 5651 τι

444 5684 629 5751 οἶδας,
660 5686 822 5755 ἄνερ,
854 5690 905 5740 εἰ
932 5687 1046 5754 τὴν
1079 5687 1334 5757 γυναῖκα
1376 5686 1595 5751 σώσεις
1612 5703 1630 5751 ;
1669 5686 1808 5739 Ἀλλ’
1841 5688 1990 5756 ὅμως
2017 5688 2109 5740 καὶ

446 5779 472 5827 b
526 5775 665 5843 ἀνὴρ
712 5766 909 5842 πολλὴν
958 5772 1054 5841 τὴν
1107 5773 1352 5843 φυλακὴν
1408 5772 1825 5835 ἐπιδεικνύσθω,
1862 5773 2000 5825 ὥστε
2040 5775 2108 5825 τὰ

448 5859 668 5925 ὀλέθρια
692 5859 1154 5920 συμϐουλεύουσαν
1178 5859 1545 5924 ἀποσείεσθαι,
1574 5858 1663 5912 καὶ
1684 5860 1714 5927 ἡ
1738 5860 1871 5929 γυνὴ
1890 5859 2104 5913 ἔναυλον

517 6012 542 6042 ⁸
568 6011 768 6073 Ωἰὶὼω
791 6027 901 6065 ωδε.
928 6032 1002 6064 σοι
1038 6016 1211 6079 κύριον.

1254 433 1311 492 S.
1349 429 1631 488 JOANNIS
1667 423 2155 486 CllllYSOSTOMl
2193 422 2511 482 ARCIIIEP.
2552 418 3096 481 CONSTANTINUP.

3780 408 3879 467 HG

2198 540 2398 611 ἔχουσα
2423 541 2522 613 τὴν
2554 537 2823 611 τιμωρίαν
2869 537 2936 609 ῆν
2969 535 3189 600 ἐδέξατο
3217 532 3252 604 ή
3300 529 3416 585 Εὔα
3469 529 3569 601 τὴν
3621 528 3880 613 ὀλεθρίαν

2198 624 2412 695 ἐκείνην
2444 612 2750 693 συμϐουλὴν
2777 617 3142 689 εἰσαγαγοῦσα
3166 614 3244 686 τῷ
3277 614 3463 685 ἀνδρὶ,
3500 613 3586 695 μὴ
3613 612 3881 695 τολμάτω

2192 694 2416 759 τοιαῦτα
2438 703 2842 776 συμϐουλεύειν,
2871 701 3004 774 μηδέ
3028 697 3299 770 μιμείσθω
3322 697 3420 766 τὴν
3436 694 3604 759 Εὔαν,
3628 694 3772 749 ἀλλὰ
3806 694 3879 766 τῷ

2198 787 2554 859 ὑποδείγματι
2576 784 2729 858 [147]
2751 782 3165 855 σωφρονιζέσθω
3183 781 3411 834 κάκεῖνα
3427 777 3877 859 συμϐουλευέτω,

2197 872 2234 925 ἃ
2259 869 2353 924 καὶ
2385 858 2551 939 αὐτὴν
2585 868 2678 923 καὶ
2717 866 2808 920 rbv
2845 864 3012 936 ἀνδρα
3044 862 3228 932 πάσης
3265 860 3563 926 ἀπαλλάξει
3592 858 3879 922 κολάσεως

2196 952 2290 1006 καὶ
2334 952 2624 1024 τιμωρίας.
2667 949 2806 1003 Ἀλλ’
2846 948 2938 1002 ἐπὶ
2963 948 3025 1003 rb
3066 943 3426 1017 προκείμενον
3456 940 3876 1024 ἐπανέλθωμεν.

2201 1034 2286 1100 Τῷ
2314 1020 2613 1104 δέἋδὰμ,
2644 1033 2828 1103 φησὶν,
2852 1027 3021 1085 εἶπεν
3051 1032 3083 1084 ὁ
3119 1028 3285 1095 Θεός·
3303 1028 3421 1080 Ὅτι
3455 1026 3739 1094 ἤκουσας
3766 1020 3879 1091 τῆς

2195 1116 2400 1186 φωνῆς
2425 1115 2533 1185 τῆς
2553 1115 2836 1187 γυναικός
2850 1131 2987 1179 σου,
3010 1114 3103 1166 καὶ
3124 1113 3341 1182 ἔφαγες
3368 1110 3487 1165 ἀπὸ
3518 1110 3627 1164 τοῦ
3651 1109 3875 1174 ξύλου.

2193 1195 2266 1255 οὗ
2297 1198 2686 1268 ἐνετειλάμην
2730 1211 2830 1251 σοι
2866 1198 3073 1251 τούτου
3119 1195 3313 1265 μόνον
3357 1192 3444 1263 μὴ
3483 1190 3725 1262 φαγεῖν,
3773 1191 3876 1245 ἀπ’

2195 1279 2379 1334 αὑτοῦ
2407 1279 2645 1348 ἔφαγες.
2690 1276 2925 1350 Ἐπειδὴ,
2947 1277 3352 1349 φησὶ,τοσαύτῃ
3375 1276 3619 1347 ῥᾳθυμίᾳ
3649 1276 3877 1346 ἐχρήσω

2195 1363 2324 1433 περὶ
2353 1362 2452 1433 τὴν
2478 1360 2726 1433 φυλακὴν
2754 1361 2856 1431 τῆς
2884 1361 3013 1431 παρ’
3045 1359 3180 1430 ἐμοῦ
3207 1358 3453 1429 δοθείσης
3476 1358 3727 1429 ἐντολῆς,
3780 1357 3878 1411 καὶ

2196 1443 2319 1498 οὔτε
2353 1445 2381 1497 ό
2410 1443 2597 1513 φόϐος,
2628 1442 2752 1496 οὕτε
2778 1442 2842 1495 rb
2869 1441 3209 1518 προλαϐόντα
3251 1458 3319 1512 με
3357 1440 3773 1495 διαστείλασθαι
3807 1439 3877 1494 ra

2199 1528 2457 1598 μέλλοντα
2485 1526 2857 1598 συμϐήσεσθαι
2892 1528 3020 1596 ύμῖν
3045 1524 3152 1580 ἀπὸ
3182 1525 3278 1595 τῆς
3315 1523 3590 1594 βρώσεως,
3616 1523 3874 1595 manu

2194 1626 2247 1664 τι
2282 1610 2333 1675 ι’,
2365 1609 2479 1663 ἀλλ’
2504 1610 2585 1673 είς
2612 1607 2882 1679 τοσαύτην
2911 1606 3109 1661 κακίαν
3148 1605 3460 1671 ἐξώκειλας,
3485 1604 3565 1669 ὡς
3606 1606 3686 1675 μὴ
3712 1606 3875 1676 δυνη-

2196 1691 2358 1762 θῆναι
2384 1690 2519 1762 μηδὲ
2553 1690 2648 1744 τοῦ
2684 1691 2803 1755 ἐνὸς
2835 1690 3168 1760 ἀποσχέσθαι
3190 1689 3348 1755 ξύλου
3385 1688 3527 1760 μετά
3554 1690 3659 1761 τήν
3680 1690 3877 1743 τοσαύ-

2192 1790 2294 1844 την
2312 1772 2609 1827 ἀπόλαυσιν
2629 1789 2641 1803 ·
2678 1771 2766 1826 διά
2790 1770 2948 1826 τοῦτο
2996 1771 3460 1839 Ἐπικατάρατος
3503 1770 3684 1824 ἔσται
3718 1772 3759 1840 ἡ
3793 1769 3873 1841 τῆ

2194 1854 2264 1909 ἐν
2291 1852 2414 1919 τοῖς
2439 1850 2635 1921 ἔργοις
2658 1866 2795 1906 σου.
2822 1852 2963 1921 Ὅρα
2987 1849 3396 1921 φιλανθρωπίαν
3424 1848 3728 1917 Δεσπότου,
3754 1850 3873 1913 πῶς

2199 1931 2299 2004 μὲν
2325 1931 2417 1986 τὸν
2442 1931 2567 1999 ὅφιν
2621 1932 2981 2002 τιμωρεῖται,
3021 1930 3139 1994 πῶς
3207 1929 3265 1983 δέ
3329 1929 3390 1983 rb
3430 1928 3653 1997 λογικὸν
3713 1928 3876 1983 τοῦτο

2197 2009 2355 2075 ζῶον.
2397 2009 2621 2080 Ἐκείνφ
2658 2008 2766 2080 γάρ
2790 2024 2975 2079 φησιν’
3015 2008 3480 2076 Ἐπικατάρατος
3498 2007 3583 2061 σὺ
3607 2008 3729 2063 ἀπὸ
3762 2006 3901 2076 τῆς

2195 2089 2344 2160 γῆς;
2373 2088 2605 2143 ἐνταῦθα
2647 2088 2705 2142 δέ
2732 2088 2831 2159 ούχ
2862 2086 3055 2152 οὕτως.
3090 2087 3251 2141 Ἀλλά
3277 2088 3368 2153 τί;
3411 2087 3877 2157 Ἐπικατάρατος

2197 2170 2238 2237 ἠ
2276 2166 2352 2237 γῆ
2380 2167 2449 2221 ἐν
2492 2166 2616 2233 τοῖς
2650 2168 2847 2235 ἔργοις
2898 2182 3036 2221 σου.
3072 2167 3181 2220 Καὶ
3208 2165 3453 2229 εἰκότως.
3501 2165 3728 2237 Ἐπειδὴ
3766 2167 3876 2236 γάρ

2195 2245 2287 2300 διά
2310 2245 2402 2300 τὸν
2430 2244 2717 2318 ἄνθρωπον
2728 2245 3001 2318 παρήχθη,
3019 2246 3105 2300 ἵνα
3132 2245 3306 2309 οὕτως
3322 2243 3620 2298 ἀπολαύειν
3644 2244 3878 2316 δύνηται

2196 2326 2305 2380 τῶν
2330 2325 2389 2392 ἐξ
2427 2326 2596 2397 αὐτῆς
2643 2325 3059 2396 ἀναδιδομένων,
3107 2323 3195 2378 διὰ
3242 2323 3401 2377 τοῦτο
3450 2323 3618 2379 πάλιν
3656 2324 3752 2378 διὰ
3784 2324 3877 2377 τὸν

2198 2404 2483 2476 ἄνθρωπον
2522 2405 2837 2475 ἁμαρτόντα
2865 2404 3041 2475 ταύτῃ
3074 2403 3174 2476 τὴν
3212 2403 3455 2474 κατάραν
3505 2401 3823 2473 ἐπιτίθησιν
3858 2419 3874 2435 θ

2200 2481 2390 2555 ἐπειδὴ
2411 2485 2445 2555 ή
2469 2485 2548 2547 εἰς
2580 2482 2750 2554 αὐτὴν
2782 2482 2997 2553 κατάρα
3023 2482 3183 2537 πάλιν
3210 2481 3305 2535 τοῦ
3328 2480 3621 2554 ἀνθρώπου
3643 2482 3875 2554 ἐλυμαί-

2198 2558 2321 2615 νετο
2356 2563 2420 2631 τῇ
2455 2561 2637 2615 ἀνέσει
2668 2560 2763 2615 καὶ
2796 2563 2862 2631 τῇ
2887 2562 3061 2632 ἀδείᾳ,
3096 2560 3572 2629 Ἐπικατάρατος,
3597 2563 3791 2633 φησιν,
3840 2562 3877 2629 ἡ

2197 2638 2276 2709 τῆ
2306 2640 2375 2693 ὲν
2398 2639 2522 2706 τοῖς
2547 2639 2742 2710 ἔργοις
2768 2653 2906 2694 σου.
2938 2635 3071 2694 Εἶτα
3098 2640 3185 2693 ῖνα
3218 2640 3397 2711 μάθῃς
3420 2640 3478 2693 τί
3504 2642 3682 2705 ἐστιν,
3720 2640 3881 2695 Ἐπι-

2198 2720 2547 2787 κατάρατος,
2564 2721 2864 2789 ἐπήγαγεν,
2901 2721 3003 2773 Ἐν
3021 2721 3244 2787 λύπαις
3272 2719 3649 2789 φάγῃαύτὴν
3669 2720 3881 2785 πάσας

2198 2802 2307 2863 τὰς
2332 2798 2555 2867 ἡμέρας
2584 2797 2694 2866 τῆς
2725 2797 2875 2866 ζωῆς
2897 2813 3034 2853 σου.
3069 2799 3213 2869 Ὅρα
3243 2799 3481 2870 ἑκάστην
3500 2798 3782 2870 τιμωρίαν
3802 2799 3880 2870 τῷ

2199 2879 2355 2933 αίῶνι
2390 2879 2907 2951 παρεκτεινομένην,
2938 2881 3025 2933 ἴνα
3057 2879 3130 2950 μή
3155 2878 3314 2950 μόνον
3341 2879 3495 2932 αὐτοὶ
3513 2879 3877 2945 κερδάνωσιν,

2197 2956 2333 3011 ἀλλὰ
2359 2958 2454 3010 καὶ
2479 2958 2527 3011 οἰ
2552 2959 2632 3021 εἰς
2657 2956 2719 3010 rb
2747 2957 2875 3027 ἑξῆς
2902 2957 3184 3028 μέλλοντες
3202 2957 3444 3025 γίνεσθαι
3467 2956 3537 3011 δι’
3563 2957 3753 3011 αὐτῶν
3772 2961 3880 3011 τῶν

2198 3037 2541 3107 πραγμάτων
2564 3035 2943 3100 διδάσκωνται,
2974 3036 3137 3090 πόθεν
3159 3036 3342 3098 αὐτοῖς
3366 3036 3433 3089 τά
3469 3037 3571 3107 τῆς
3600 3039 3881 3107 τιμωρίας

2198 3113 2400 3183 ταύτης
2432 3114 2647 3185 ἐπήχθη
2665 3130 2678 3144 ·
2711 3116 2815 3169 Ἐν
2832 3116 3072 3180 λύπαις,
3096 3115 3248 3186 φησὶ,
3267 3114 3426 3183 φάγῃ
3453 3114 3654 3182 αὐτὴν
3668 3115 3880 3183 πάσας

2199 3192 2305 3258 τὰς
2322 3192 2546 3262 ἡμέρας
2565 3192 2672 3260 τῆς
2700 3192 2846 3261 ζωῆς
2874 3208 3010 3249 σου.
3036 3191 3169 3247 Εἶτα
3186 3192 3575 3265 ἀκριϐέστερον
3603 3192 3880 3247 διδάσκων

2198 3271 2296 3341 τῆς
2329 3272 2571 3341 κατάρας
2609 3275 2669 3325 rb
2693 3268 2851 3336 εἶδος,
2888 3273 2983 3326 καὶ
3031 3273 3130 3342 τῆς
3168 3270 3349 3342 λύπης
3384 3272 3484 3343 τήν
3529 3272 3739 3335 αἰτίαν,
3782 3275 3880 3326 ἐπ-

2198 3349 2426 3419 ήγαγεν·
2468 3349 2759 3417 Ἀκάνθας
2791 3351 2889 3404 καί
2914 3351 3231 3417 τριϐόλους
3257 3349 3538 3404 άνατελεῖ
3562 3366 3689 3405 σοι.
3746 3351 3879 3406 Ἰδοὺ

2196 3430 2295 3497 τῆς
2327 3427 2571 3499 κατάρας
2591 3427 2659 3481 τά
2684 3428 3072 3498 ὑπομνήματα.
3113 3426 3401 3491 Ἀκάνθας,
3428 3422 3621 3498 φησὶν,
3646 3426 3881 3483 ἐκδώσεῖ

2198 3507 2293 3557 καὶ
2329 3505 2605 3576 τριϐόλους
2624 3524 2636 3537 ·
2669 3504 2808 3559 ὥστε
2842 3504 3008 3559 πολὺν
3033 3506 3123 3559 τὸν
3151 3505 3310 3559 πόνον
3339 3507 3433 3559 καὶ
3461 3506 3561 3577 τήν
3591 3507 3880 3561 ταλαιπω-

2204 3584 2322 3653 ρίαν
2374 3585 2738 3655 ὲργάσασθαι,
2788 3586 2881 3639 καὶ
2935 3584 3071 3654 μετά
3118 3584 3296 3656 λύπης
3330 3585 3510 3639 πάντα
3537 3586 3631 3638 τὸν
3685 3587 3879 3659 χρόνον

2199 3664 2403 3731 διάγειν
2431 3680 2491 3717 σε
2520 3665 2754 3734 ποιήσω,
2784 3664 2871 3716 ἵνα
2891 3662 3048 3715 τοῦτο
3072 3663 3285 3732 χαλινός
3315 3680 3394 3717 σοι
3419 3662 3647 3733 γένηται
3677 3664 3778 3717 τοῦ
3805 3666 3879 3736 μή

2202 3742 2339 3813 ὑπὲρ
2370 3752 2391 3779 ε
2426 3740 2582 3808 ἀξίαν
2609 3741 3008 3810 φαντάζεσθαι,
3044 3740 3182 3795 ἀλλὰ
3219 3741 3485 3812 διηνεκῶς
3515 3742 3649 3814 ἔχῃς
3674 3744 3881 3797 ἐννοεῖν

2199 3823 2297 3894 τὴν
2318 3824 2514 3877 σαυτοῦ
2539 3822 2747 3886 ούσίαν,
2772 3822 2867 3875 καὶ
2897 3821 3165 3892 μηδέποτε
3186 3822 3396 3892 ἀνάσχῃ
3415 3822 3641 3874 τοιαῦτα
3662 3822 3883 3894 ἀπατη-

2203 3901 2381 3971 θῆναι.
2410 3900 2517 3955 Καὶ
2549 3900 2711 3970 φάγῃ
2743 3899 2850 3953 τὸν
2886 3900 3105 3968 χόρτον
3130 3899 3237 3954 τοῦ
3276 3899 3480 3968 ἀγροῦ.
3541 3900 3646 3953 Ἐν
3677 3898 3883 3967 ἱδρῶτι

2204 3980 2309 4034 τοῦ
2347 3978 2669 4048 προσώπου
2695 3994 2811 4033 σου
2837 3977 2997 4048 φάγῃ
3032 3978 3140 4031 τὸν
3169 3976 3351 4045 ἄρτον
3380 3991 3519 4032 σου.
3562 3978 3712 4049 Ὅρα
3763 3979 3883 4043 πῶς

2204 4057 2530 4122 ἀπεναντίας
2548 4057 2646 4128 τῆς
2682 4058 2955 4129 προτέρας
2982 4057 3258 4125 διαγωγῆς
3311 4055 3378 4110 τὰ
3409 4056 3546 4126 μετά
3568 4058 3672 4128 τὴν
3700 4075 3885 4128 παρα-

2210 4139 2342 4210 κοήν
2378 4137 2593 4192 ἅπαντα
2620 4137 2767 4206 αύτῷ
2805 4137 3036 4208 ἐπήχθη.
3087 4137 3230 4206 Ἐγὼ
3280 4137 3380 4207 μὲν
3406 4136 3539 4207 γάρ,
3570 4139 3734 4207 φησὶ,
3773 4155 3884 4192 πα-

2208 4214 2461 4287 ραγαγών
2497 4232 2555 4269 σε
2581 4218 2660 4279 εἰς
2690 4215 2840 4269 τόνδε
2863 4215 2951 4267 τὸν
2975 4218 3178 4284 κόσμον
3212 4215 3516 4285 ἠϐουλήθην
3540 4214 3671 4267 ἄνευ
3703 4212 3885 4286 λύπης

2204 4295 2300 4346 καὶ
2336 4293 2546 4363 μόχθων
2579 4294 2674 4346 καὶ
2698 4294 3071 4365 ταλαιπωρίας
3112 4295 3207 4347 καὶ
3232 4295 3359 4348 ἄνευ
3395 4295 3637 4366 ἱδρώτων
3670 4294 3885 4364 διάγειν

2207 4388 2288 4437 σε,
2311 4373 2405 4425 καὶ
2431 4375 2489 4425 ἐν
2510 4371 2806 4425 ἀπολαύσει
2843 4368 2978 4424 εἶναι
3008 4372 3101 4424 καὶ⁸
3130 4371 3420 4442 εὐημερίᾳ,
3451 4371 3546 4425 καὶ
3586 4373 3730 4444 μηδὲ
3760 4376 3885 4440 ταῖς

2205 4449 2299 4502 τοῦ
2336 4448 2584 4518 σώματος
2610 4450 2876 4517 ἀνάγκαις
2898 4449 3236 4511 ὑποκεῖσθαι,
3262 4450 3399 4504 ἀλλά
3419 4449 3638 4503 πάντων
3670 4451 3886 4506 τούτων

2206 4527 2570 4597 ἀπηλλάχθαι,
2597 4527 2690 4581 καὶ
2707 4528 2765 4581 ἐν
2794 4525 3076 4599 ἐλευθερία
3098 4526 3286 4598 πάσῃά
3305 4529 3615 4598 τυγχάνειν.
3655 4529 3885 4601 Ἐπειδὴ

2204 4606 2260 4658 δὲ
2289 4606 2387 4658 οὐκ
2415 4606 2591 4675 ὤνησέ
2614 4621 2673 4657 σε
2703 4607 2736 4675 ἡ
2765 4605 3000 4673 τοσαύτη
3025 4605 3198 4671 ἄδεια,
3222 4606 3311 4659 διὰ
3344 4607 3499 4659 τοῦτο
3528 4606 3623 4659 καλ¹
3645 4608 3754 4680 τὴν
3778 4609 3885 4679 γῆν

2207 4685 2607 4755 καταράσομαι,
2642 4682 2783 4736 ὥστε
2814 4683 2887 4753 μὴ
2916 4684 3172 4751 ἀσπαρτά
3204 4701 3286 4737 σοι
3313 4685 3407 4738 καὶ
3444 4685 3687 4755 ἀνήροτα
3711 4727 3727 4747 ,
3780 4705 3885 4741 κα-

2207 4761 2383 4831 θάπερ
2415 4761 2713 4831 πρότερον,
2760 4760 2832 4812 τὰ
2860 4760 2920 4825 ἐξ
2970 4763 3141 4832 αὐτῆς
3190 4763 3543 4833 ἀναδιδόμενα
3588 4766 3881 4835 παρέχειν,

2206 4840 2343 4892 ἀλλὰ
2376 4840 2468 4892 καὶ
2496 4840 2631 4909 μετά
2658 4838 2853 4892 πολλοῦ
2882 4839 2975 4893 τοῦ
3006 4841 3186 4903 πόνου,
3210 4842 3305 4894 καὶ
3328 4842 3424 4894 τοῦ
3458 4841 3660 4911 μόχθου
3694 4842 3878 4915 [148],

2207 4918 2301 4970 καὶ
2337 4917 2433 4986 τῆς
2461 4918 2855 4990 ταλαιπωρίας,
2884 4920 2977 4971 καὶ
2998 4918 3196 4981 λύπαις
3225 4935 3285 4972 σε
3313 4919 3583 4990 διηνεκέσι
3619 4922 3717 4987 καὶ
3749 4925 3885 4978 ἀθυ-

2210 4996 2359 5066 μίαις
2392 5006 2415 5035 ο
2462 4997 2760 5068 περιϐαλῶ,
2806 4999 2901 5051 καὶ
2936 4996 3070 5068 μετά
3102 4996 3341 5069 ἱδρώτων
3374 4999 3551 5053 πάντα
3586 5017 3650 5052 σε
3684 5005 3885 5072 κατορ-

2207 5073 2333 5126 θοῦν
2357 5076 2762 5144 παρασκευάσω
2794 5076 2881 5129 ίνα
2916 5076 3125 5139 τούτοις
3178 5076 3499 5146 πιεζόμενος
3551 5077 3684 5148 ἔχῃς
3732 5080 3881 5133 διδα-

2209 5151 2434 5204 σκαλίαν
2475 5151 2698 5221 διηνεκῆ
2733 5152 2826 5205 τοῦ
2873 5154 3204 5224 μετριάζειν,
3235 5155 3329 5206 καί
3356 5154 3458 5223 τὴν
3485 5156 3684 5208 ἐαυτοῦ
3713 5157 3881 5226 φύσιν

2206 5231 2606 5298 ἐπιγινώσκειν.
2620 5232 2730 5285 Καὶ
2753 5232 2911 5285 τοῦτο
2930 5234 2990 5284 ού
3010 5233 3143 5302 πρὸς
3159 5232 3337 5300 ὀλίγον
3351 5234 3472 5288 οὐδὲ
3500 5236 3641 5305 πρὸς
3668 5236 3883 5307 βραχὺν

2208 5311 2395 5380 χρόνον
2428 5310 2603 5374 ἔσται,
2630 5310 2767 5364 ἀλλά
2794 5310 2956 5364 παντὶ
2984 5310 3061 5380 τῷ
3086 5312 3182 5380 τῆς
3208 5311 3353 5381 ζωῆς
3381 5311 3557 5381 χρόνῳ
3594 5330 3885 5383 παρεκτα-

2209 5389 2449 5456 θήσεται.
2500 5389 2595 5442 Ἐν
2632 5387 2827 5456 ἱδρῶτι
2873 5389 2982 5458 γὰρ
3028 5388 3135 5442 τοῦ
3184 5390 3507 5456 προσώπου
3542 5407 3661 5444 σου
3712 5393 3881 5462 φάγῃ

2208 5469 2313 5520 τὸν
2338 5468 2518 5536 ἄρτον
2546 5484 2684 5532 σου,
2711 5466 2821 5532 ἕως
2835 5468 2937 5522 τοῦ
2970 5468 3345 5536 ἀποστρέψαι
3384 5485 3458 5522 σε
3490 5470 3578 5530 είς
3597 5471 3719 5537 τὴν
3740 5472 3876 5539 γῆν,

2209 5548 2277 5609 ἐξ
2311 5542 2383 5615 ἧς
2432 5547 2739 5614 ἐλήφθης·
2779 5545 2867 5599 ὅτι
2898 5545 2974 5615 γῆ
3006 5543 3078 5612 εἴ,
3136 5548 3231 5600 καὶ
3270 5550 3356 5612 εὶς
3398 5545 3513 5617 γῆν
3531 5551 3876 5620 ἀπελεύσῃ.

2270 5701 2298 5739 b
2329 5701 2557 5762 Ὠφὲλησέ
2582 5717 2627 5749 τι
2646 5703 2789 5767 deest
2811 5702 2859 5752 in
2876 5704 3073 5767 illm-01.,
3090 5705 3175 5751 sed
3200 5706 3247 5753 in
3274 5705 3383 5767 aliis
3403 5703 3600 5767 legitur.
3630 5704 3743 5753 Mox
3768 5720 3879 5767 qm-

2206 5763 2314 5809 dum
2348 5778 2459 5811 ams.
2489 5773 2537 5810 ut
2564 5765 2713 5812 bavil.
2740 5766 2802 5825 μὴ
2834 5766 3053 5813 δύνασθαι
3081 5766 3144 5820 εἰς
3164 5766 3399 5821 τοσαύτην
3422 5763 3611 5811 κακίαν.
3638 5768 3723 5814 Sa\
3740 5763 3797 5815 ἰὶξ
3817 5781 3877 5816 ex

2209 5825 2483 5887 gunjeclura
2510 5825 2749 5887 βλακείαν,
2778 5828 2854 5873 cui
2884 5828 3081 5875 lectioni
3099 5838 3385 5887 ppngruere
3413 5825 3606 5872 videtur
3628 5828 3877 5887 imvrprcs

2218 5881 2418 5947 Latinus
2463 5881 2621 5941 m’lus,
2667 5884 2750 5947 qui
2795 5889 2939 5934 venit
2974 5881 3237 5935 ιιιοίιὶιίινιῖ.
3308 5890 3329 5916 ε
3358 5887 3482 5947 Reg.
3509 5899 3636 5947 unus
3658 5889 3717 5934 τὰ
3746 5881 3873 5947 ὑπὲρ.

2218 5937 2243 6011 *ξ
2271 5946 2407 6009 ΙΙάοῃ
2431 5946 2568 6011 ditus!
2593 5920 2640 6011 ﬂ?!
2667 5920 2935 6011 ‘l‘{‘('g._llllo.
2974 5920 2983 5935 ι
3006 5920 3048 5987 ἓν
3068 5920 3163 5995 Καί
3184 5920 3394 6010 ἅθνιιὶαἷς
3419 5920 3555 5996 ιιῖὶεεὶ
3578 5961 3603 5996 a
3626 5920 3769 6011 B53”

2219 6006 2364 6056 Sam.
2394 6006 2517 6054 male
2546 6006 2809 6072 ῥᾳθυμίαις]
