4068 6380
289 429 390 483 IIIS

291 554 341 597 et
369 539 520 607 cujus
561 542 764 589 naturte
794 530 1056 602 particeps
1077 569 1091 594 ,
1133 535 1189 582 et
1217 533 1432 595 prepter
1461 537 1620 591 quem
1648 519 1876 573 formata

294 648 384 698 es,
415 628 830 685 familiaritatem
861 638 981 678 cum
1009 628 1259 689 serpente
1307 616 1444 670 mala
1472 615 1558 669 illa
1587 612 1754 667 bestia
1785 611 1880 663 ha-

297 724 423 777 bere
447 762 463 786 ,
511 728 564 774 ct
589 718 709 788 ejus
737 715 980 782 accipere
1007 710 1286 767 consilium
1314 705 1526 761 voluisti
1557 722 1568 756 :
1604 713 1885 774 propterea

299 813 520 881 posthac
545 807 617 862 illi
645 814 697 861 te
723 804 969 875 subjieio,
999 810 1054 857 et
1083 801 1230 856 illum
1258 797 1534 853 dominum
1565 802 1714 849 tuum
1741 807 1890 846 asse-

299 917 392 964 ro,
437 909 500 953 ut
543 898 681 952 illius
727 895 932 951 scilicet
973 891 1270 948 dominium
1315 901 1574 959 agnoscas
1617 902 1631 939 :
1673 892 1726 940 et
1768 883 1889 953 quia

299 989 572 1046 nescivisti
622 989 922 1058 imperare,
969 984 1117 1038 disce
1165 981 1303 1037 bene
1353 993 1562 1050 parere.
1605 975 1686 1030 Ad
1731 975 1890 1028 cirum

300 1081 446 1137 enim
480 1091 618 1133 tuum
641 1119 658 1146 ,
692 1079 880 1147 inquit,
909 1075 1168 1129 conversio
1195 1082 1280 1126 tua
1303 1113 1318 1138 ,
1350 1080 1396 1126 et
1423 1072 1529 1140 ipse
1555 1065 1895 1122 dominabitur

303 1173 398 1225 tui.
429 1171 614 1226 Melius
643 1177 724 1223 est
752 1177 805 1222 ut
842 1175 897 1220 tu
935 1166 1035 1221 sub
1064 1165 1156 1220 illo
1185 1164 1293 1228 sis,
1341 1171 1396 1217 et
1437 1161 1584 1215 illum
1619 1157 1893 1212 dominum

307 1261 526 1326 habeas,
572 1275 731 1330 quam
777 1258 946 1314 libere
991 1265 1045 1314 et
1084 1271 1207 1312 cum
1255 1262 1519 1325 potestate
1567 1251 1750 1305 vivens
1801 1264 1898 1319 per

307 1350 598 1422 pracipitia
627 1349 832 1405 feraris.
859 1349 993 1403 Nam
1022 1355 1078 1403 et
1105 1361 1244 1418 equo
1270 1346 1448 1400 utilius
1474 1353 1556 1398 est
1583 1345 1733 1397 freno
1761 1340 1892 1410 regi,

304 1455 360 1500 et
388 1444 685 1513 composite
710 1440 996 1514 progredi,
1029 1455 1188 1510 quam
1218 1440 1334 1494 sine
1365 1438 1457 1492 illo
1487 1452 1580 1507 per
1606 1433 1898 1505 prmcipitia

307 1534 455 1590 ferri.
493 1535 675 1604 Itaque
702 1531 1050 1587 considerans
1075 1528 1203 1600 quid
1239 1528 1332 1582 tibi
1362 1528 1429 1582 sit
1459 1526 1586 1581 utile
1605 1567 1620 1591 ,
1649 1524 1716 1579 ad
1747 1524 1899 1578 illum

308 1638 364 1684 te
387 1628 584 1683 habere
605 1627 727 1681 volo
751 1623 1156 1680 conversionem
1183 1639 1195 1674 :
1224 1621 1361 1675 sicut
1382 1619 1622 1689 corporis
1641 1626 1725 1673 est
1743 1624 1904 1685 caput

306 1714 498 1791 sequi;
515 1728 570 1774 et
597 1717 893 1773 dominium
921 1715 1040 1786 ejus
1062 1714 1298 1769 suaviter
1322 1726 1631 1782 agnoscere.
1659 1709 1783 1766 Scio
1807 1724 1904 1763 vos

308 1811 580 1867 dictorum
601 1809 756 1880 copia
785 1807 990 1878 fatigari
1017 1821 1031 1873 ;
1060 1804 1154 1860 sed
1176 1803 1483 1860 excitemini
1510 1800 1904 1872 aliquantulum

308 1919 443 1967 oro,
472 1917 542 1958 ne
571 1899 944 1971 imperfectum
989 1897 1248 1968 judicium
1293 1896 1660 1966 relinquamus
1683 1933 1698 1960 ,
1731 1909 1906 1963 neque

307 1995 501 2049 relicto
543 1993 718 2047 adhuc
757 1990 938 2062 judice
976 1990 1202 2046 sedente
1230 1988 1565 2045 discedamus
1595 2006 1609 2044 :
1641 1987 1904 2058 siquidem

311 2084 484 2139 ferme
514 2081 581 2136 ad
611 2081 768 2137 ﬁnem
802 2082 1162 2151 pervenimus.

384 2175 438 2229 9.
481 2173 768 2228 Videamus
809 2173 991 2244 itaque
1032 2171 1162 2243 quid
1203 2180 1324 2241 post
1363 2184 1666 2226 sermonem
1695 2167 1906 2223 mulieri

311 2265 552 2330 factum,
602 2266 720 2320 viro
764 2264 946 2332 dicat,
997 2274 1051 2319 et
1093 2279 1252 2336 quam
1304 2265 1376 2318 illi
1425 2278 1638 2333 pmuam
1684 2261 1904 2330 inlligat.

318 2357 408 2412 I7.
445 2357 571 2412 Ade
596 2367 763 2411 autem
791 2356 919 2411 dixit
947 2372 964 2410 .'
991 2356 1123 2424 Quia
1163 2355 1353 2408 audisti
1380 2371 1546 2409 vocem
1585 2353 1758 2407 uxoris
1792 2364 1912 2414 mar.

313 2458 360 2503 et
387 2449 650 2503 comedisti
686 2449 748 2503 de
777 2448 915 2519 ligno
935 2490 950 2512 ,
997 2448 1061 2502 de
1105 2463 1204 2519 quo
1241 2447 1476 2500 mandavi
1507 2447 1636 2512 tibi,
1683 2455 1736 2499 ut
1763 2461 1826 2498 ea:
1851 2459 1911 2498 eo

313 2546 426 2598 solo
455 2559 554 2598 non
597 2542 849 2608 comedas,
895 2541 959 2596 de
1001 2541 1092 2595 illo
1137 2542 1250 2610 ipso
1295 2540 1598 2602 comedtsti;
1645 2538 1912 2592 maledicta

317 2645 454 2688 terra
478 2635 529 2687 in
557 2633 792 2703 operibus
817 2633 938 2686 tuis.
968 2630 1035 2686 In
1056 2631 1298 2686 aerumnis
1322 2629 1550 2684 comedes
1579 2629 1723 2683 illaut
1748 2630 1913 2683 omni-

317 2724 412 2779 bus
433 2723 606 2778 diebus
627 2723 741 2778 ritte
760 2732 879 2777 tusc.
909 2721 996 2777 I8.
1021 2720 1218 2791 Spinas
1240 2730 1287 2775 et
1311 2719 1518 2773 tribulos
1540 2719 1628 2772 tibi
1647 2719 1908 2790 producet,

315 2825 366 2870 et
392 2814 620 2869 comedes
645 2814 836 2884 {mnum
863 2813 996 2884 agri.
1031 2812 1117 2868 I9.
1143 2811 1212 2866 In
1237 2811 1422 2865 sudore
1446 2812 1594 2882 faciei
1625 2821 1724 2866 tua:
1749 2826 1914 2864 vesce-

315 2905 389 2960 ris
415 2921 550 2986 parte
582 2913 666 2958 tuo
690 2947 706 2971 ,
754 2903 913 2959 donec
956 2903 1220 2958 revertaris
1267 2909 1322 2956 tu
1364 2903 1417 2956 in
1447 2911 1664 2967 terram,
1710 2902 1772 2955 de
1813 2917 1914 2970 qua

315 3007 548 3066 suntptus
573 3013 623 3051 es
648 3013 667 3050 :
696 2996 816 3068 quia
846 3006 980 3050 terra
998 3012 1070 3063 es,
1103 3005 1148 3049 et
1175 2996 1227 3049 in
1255 3005 1440 3050 terram
1466 2993 1644 3048 abibis.
1677 2994 1910 3049 Plurima

313 3096 374 3142 et
404 3086 689 3142 inell‘abilis
719 3088 882 3142 etiam
912 3087 1015 3140 hoc
1042 3086 1160 3140 loco
1188 3086 1486 3141 ostenditur
1513 3085 1721 3139 Domini
1748 3086 1762 3115 ί
1787 3100 1912 3153 erga

315 3180 592 3235 hominem
625 3179 956 3249 providentia
988 3187 1039 3233 et
1066 3192 1190 3232 cura
1223 3194 1236 3230 :
1266 3176 1359 3232 sed
1389 3176 1664 3231 audiamus
1689 3176 1914 3245 diligen-

319 3283 403 3328 ter
450 3269 864 3340 unumquodque
908 3269 1195 3323 dictorum.
1227 3268 1354 3321 Atla:
1382 3277 1547 3321 autem
1578 3267 1706 3320 dixit
1735 3282 1753 3320 :
1784 3265 1915 3330 Quia

316 3362 509 3418 audisti
533 3377 702 3417 vocem
729 3361 901 3416 uxoris
926 3369 1044 3424 tute,
1073 3369 1118 3413 et
1143 3359 1404 3413 comedisti
1432 3359 1496 3411 de
1520 3360 1656 3428 ligno
1679 3400 1692 3424 ,
1726 3358 1787 3412 de
1815 3375 1914 3430 quo

320 3473 661 3529 praceptorum
703 3455 814 3521 tibi,
861 3464 915 3507 ut
944 3471 1007 3508 ea:
1033 3469 1091 3507 eo
1118 3454 1228 3507 solo
1273 3468 1374 3506 non
1417 3451 1682 3515 comedas,
1725 3451 1787 3505 de
1825 3452 1916 3506 illo

317 3552 432 3619 ipso
469 3547 748 3603 comedisti.
782 3545 1045 3612 Quoniam
1068 3586 1082 3611 ,
1130 3545 1302 3614 inquit
1325 3586 1339 3610 ,
1386 3542 1584 3597 audisti
1633 3543 1913 3597 mulierem

316 3651 489 3708 tuam,
521 3650 576 3695 et
598 3639 879 3694 comedisti
908 3638 976 3693 de
1005 3638 1150 3708 ligno
1172 3678 1186 3702 ,
1231 3644 1287 3691 et
1312 3636 1594 3692 consilium
1622 3636 1766 3690 illius
1795 3649 1916 3691 meo

319 3734 576 3788 mandato
601 3733 770 3803 pluris
800 3730 970 3787 fecisti
992 3771 1007 3795 ,
1037 3739 1092 3785 et
1118 3729 1334 3792 noluisti
1362 3729 1620 3784 ab‘unico
1647 3729 1748 3784 hoc
1774 3730 1916 3799 ligno

314 3825 611 3890 abstinere,
657 3824 724 3878 de
767 3837 873 3891 quo
900 3822 1020 3876 solo
1050 3821 1281 3892 praecepi
1327 3820 1418 3875 tibi
1464 3835 1531 3875 ne
1559 3819 1872 3874 comederes
1901 3838 1913 3874 :

317 3930 451 3969 num
493 3915 588 3969 tibi
638 3912 865 3983 praecepi
905 3921 962 3966 ut
1002 3927 1033 3965 a
1080 3911 1263 3967 multis
1301 3909 1644 3966 abstineres?
1683 3911 1764 3965 Ab
1806 3924 1917 3964 uno

320 4005 461 4072 solo,
487 4011 542 4058 et
568 4019 742 4073 neque
769 4003 837 4058 ab
869 4003 960 4057 illo
989 4001 1290 4056 abstinuisti
1307 4041 1322 4064 ,
1349 4000 1444 4056 sed
1471 3999 1669 4055 oblitus
1696 3999 1911 4054 manda-

324 4108 504 4152 torum
548 4110 789 4150 mcorum
815 4136 830 4161 ,
880 4094 1093 4149 mulieri
1140 4092 1566 4162 obtemperasti:
1615 4091 1814 4147 idcirco
1858 4106 1916 4146 rc

320 4190 436 4260 ipsa
465 4187 674 4254 disces,
704 4197 957 4257 quantum
989 4185 1188 4240 malum
1215 4185 1290 4240 sis
1323 4193 1594 4254 operatus.

400 4279 596 4336 Uxores
623 4279 742 4332 viris
769 4293 945 4347 parere
972 4277 1169 4331 debent.
1199 4307 1269 4316 —
1297 4276 1528 4330 Audiant
1551 4275 1671 4338 viri,
1699 4275 1917 4330 audiant

322 4371 579 4427 mulieres
599 4411 614 4437 ,
648 4380 701 4425 et
730 4369 806 4423 illi
834 4368 1053 4438 quidem
1072 4409 1087 4436 ,
1119 4375 1177 4422 ut
1202 4383 1269 4423 ne
1298 4367 1472 4422 ferant
1497 4383 1589 4421 eas
1618 4368 1753 4421 mala
1783 4383 1912 4422 con-

323 4464 602 4527 sulentes;
644 4461 729 4515 Ine
769 4468 970 4526 autem,
1016 4469 1076 4513 ut
1115 4473 1183 4514 ne
1212 4458 1335 4513 talia
1381 4459 1680 4512 consulant.
1711 4457 1842 4512 Nam
1871 4458 1917 4513 si

325 4556 414 4609 hic
441 4552 598 4621 culpa
630 4552 682 4606 in
712 4551 988 4606 mulierem
1033 4550 1228 4618 rejeeta
1251 4591 1265 4615 ,
1301 4548 1498 4603 nullam
1529 4550 1735 4604 veniam
1769 4565 1916 4604 asse-

324 4653 523 4715 quutus
561 4651 680 4707 est,
727 4642 936 4711 qualem
982 4640 1101 4710 quis
1141 4638 1362 4694 haberet
1392 4640 1599 4693 veniam
1625 4683 1639 4705 ,
1687 4640 1870 4695 dicens
1901 4657 1916 4694 :

325 4737 557 4804 Propter
583 4748 802 4788 uxorem
833 4733 935 4788 hoc
961 4742 1014 4787 et
1043 4731 1146 4786 hoc
1193 4731 1443 4800 peccavi,
1489 4740 1543 4786 et
1586 4731 1688 4786 hoc
1726 4741 1779 4787 et
1819 4732 1920 4787 hoc

328 4826 473 4882 feci?
519 4825 594 4879 Ea
639 4825 783 4879 enim
811 4823 877 4880 de
919 4837 1078 4878 causa
1110 4822 1208 4877 sub
1240 4831 1326 4876 tua
1358 4831 1621 4892 potestate
1650 4821 1786 4876 facta
1815 4831 1915 4890 est,

326 4927 382 4974 et
412 4915 663 4972 dominus
690 4915 808 4985 ejus
852 4907 1225 4983 pronuntiatus
1263 4928 1323 4969 es
1343 4953 1357 4978 ,
1393 4920 1450 4967 ut
1475 4914 1560 4967 illa
1592 4914 1682 4968 tibi
1710 4923 1914 4984 pareat,

325 5019 381 5064 et
415 5022 521 5062 non
559 5013 720 5075 caput
740 5000 908 5073 pedes
952 5012 1221 5074 sequatur.
1255 5004 1448 5058 Verum
1479 5019 1584 5058 non
1625 5021 1745 5058 raro
1769 5005 1918 5061 vide-

331 5113 450 5154 mus
494 5098 819 5152 contrarium
863 5111 960 5150 usu
1008 5097 1264 5163 evenire,
1309 5107 1364 5150 ut
1414 5097 1458 5150 is
1487 5096 1579 5167 qui
1610 5111 1708 5152 suo
1734 5099 1920 5154 ordine

328 5199 490 5259 caput
517 5204 637 5244 esse
659 5188 904 5254 deberet,
931 5203 1103 5257 neque
1131 5187 1323 5256 pedum
1350 5188 1593 5243 ordinem
1619 5199 1794 5245 servet
1823 5208 1836 5244 :
1867 5201 1922 5245 et

320 5295 390 5334 ea
439 5281 645 5348 quae‘in
690 5278 884 5348 pedum
933 5279 1052 5333 loco
1096 5289 1198 5344 est,
1243 5281 1296 5334 in
1340 5289 1499 5350 caput
1541 5282 1918 5336 constituatur.

324 5372 528 5429 Idcirco
565 5377 622 5424 et
659 5369 849 5424 beatus
877 5368 1076 5423 Paulus
1121 5370 1376 5440 magister
1413 5371 1558 5426 orbis
1605 5372 1716 5426 haec
1742 5373 1919 5427 omnia

321 5461 625 5535 pratvidens
652 5501 668 5525 ,
703 5459 968 5515 clamabat
993 5476 1006 5513 :
1039 5458 1185 5513 Unde
1213 5475 1429 5529 namque
1456 5461 1553 5515 scis
1597 5462 1780 5515 mulier
1807 5505 1821 5529 ,
1854 5479 1922 5516 an

327 5548 494 5597 virum
525 5547 601 5600 sis
638 5551 896 5604 saloatura
917 5552 943 5604 .’
987 5561 1075 5602 aut
1103 5551 1187 5618 qui
1232 5552 1330 5605 scis
1360 5552 1432 5604 vir
1456 5591 1470 5617 ,
1517 5569 1581 5606 an
1612 5569 1818 5606 uxorem
1853 5554 1921 5607 sis

325 5637 628 5695 salvatnrus
659 5643 739 5708 (I.
767 5642 885 5696 Cor.
917 5642 968 5694 7.
1005 5641 1155 5709 I6)?
1187 5641 1565 5697 Verumtamen
1594 5643 1688 5696 viri
1716 5653 1830 5709 est,
1865 5653 1921 5699 ut

396 5826 488 5877 ιω
511 5823 800 5884 quibusdam
822 5826 935 5878 llus.
955 5840 1068 5889 vox,
1086 5822 1276 5876 Domini
1302 5819 1406 5884 (τοῦ
1439 5825 1729 5887 Aequoreo),
1745 5824 1902 5874 deest.

1391 407 1454 463 IN
1493 405 1645 463 CAP.
1689 403 1775 459 III.
1816 399 2060 459 GENES.
2105 394 2332 451 IIOMIL.
2377 391 2538 449 XVII.

3489 384 3587 436 iiii

1995 512 2233 584 diligenti
2282 523 2447 579 opera
2499 507 2640 562 male
2684 503 3055 560 consulentem
3101 499 3367 571 repellat.
3399 499 3589 554 mulier

1996 620 2124 658 vero
2154 617 2368 672 semper
2412 600 2463 654 in
2500 595 2759 653 memoria
2788 595 3016 650 retineat
3045 592 3363 660 suppliciqu
3391 631 3404 653 ,
3449 590 3592 657 quod

2000 695 2125 749 Eva:
2163 694 2454 763 irrogalttm
2486 700 2600 753 est,
2648 703 2766 758 qua:
2813 683 3118 755 pestiferum
3152 681 3282 736 illud
3311 674 3592 736 censiliuut

1999 787 2113 839 viro
2144 791 2481 852 suggesserat
2515 799 2526 835 :
2562 795 2630 834 ne
2672 777 2870 832 audeat
2901 775 3022 828 talia
3052 773 3340 828 consulere
3363 813 3378 837 ,
3425 786 3598 841 neque

2000 877 2237 931 imitetur
2276 873 2488 928 Evam:
2521 870 2618 927 sed
2663 869 2802 924 illius
2849 867 3096 936 exemplo
3129 864 3442 934 prudentior
3483 862 3596 926 fiat,

2001 976 2054 1022 et
2086 967 2209 1022 talia
2239 965 2502 1028 consulat,
2529 977 2647 1032 qum
2676 963 2846 1032 ipsam
2876 968 2929 1013 et
2957 959 3129 1012 virum
3161 956 3304 1012 omni
3338 953 3599 1024 supplicio

2003 1060 2289 1114 liberalura
2337 1057 2461 1111 sint.
2497 1055 2663 1108 Porro
2693 1052 2758 1106 ad
2794 1052 3094 1105 institutum
3139 1048 3442 1103 redeamus.
3478 1045 3605 1098 Αιιιυ

2004 1158 2169 1202 autem
2198 1149 2324 1201 dixit
2358 1145 2494 1200 Deus
2531 1162 2549 1198 :
2582 1145 2714 1212 Quia
2758 1142 2948 1196 audisti
2978 1156 3146 1195 uocem
3189 1137 3362 1193 uxoris
3392 1147 3523 1201 tute,
3559 1148 3606 1189 at

2004 1235 2264 1294 comedisti
2293 1239 2356 1293 de
2403 1237 2539 1307 ligno
2563 1277 2578 1300 ,
2623 1235 2686 1288 de
2713 1251 2812 1304 quo
2842 1231 3060 1303 prwcepi
3104 1229 3193 1283 tibi
3230 1229 3292 1283 de
3320 1245 3376 1284 eo
3406 1227 3514 1282 solo
3547 1244 3609 1280 ne

2005 1330 2327 1393 comederes,
2373 1328 2436 1382 de
2481 1327 2572 1381 illo
2615 1327 2726 1395 ipso
2756 1323 3037 1378 comedisti.
3082 1320 3366 1390 Quoniam,
3413 1318 3606 1388 inquit,

2008 1431 2115 1478 tam
2142 1423 2418 1495 negligens
2445 1420 2590 1474 fuisti
2621 1421 2672 1473 in
2699 1415 3033 1473 observando
3063 1412 3314 1469 mandato
3340 1426 3483 1478 meo,
3515 1426 3608 1464 ne-

2008 1531 2111 1585 que
2142 1515 2302 1568 timor
2333 1521 2384 1567 te
2411 1510 2670 1576 coercuit,
2701 1523 2874 1579 neque
2904 1504 3216 1577 prtecedens
3245 1502 3610 1558 interminatto

2009 1606 2330 1662 calamitatis
2359 1619 2508 1660 esum
2559 1610 2972 1668 consequuturae
3005 1597 3098 1653 tibi
3144 1595 3434 1666 quidquam
3482 1609 3608 1662 pro-

2011 1699 2130 1766 fuit,
2158 1698 2254 1755 sed
2280 1698 2331 1752 in
2365 1705 2565 1752 tantam
2595 1693 2884 1765 nequitiam
2913 1688 3228 1763 pervenisti,
3260 1697 3320 1743 ut
3344 1701 3519 1757 neque
3545 1684 3612 1740 ab

2013 1792 2172 1847 unico
2199 1789 2300 1845 hoc
2330 1789 2472 1860 ligno
2500 1788 2591 1844 tibi
2623 1785 3028 1858 temperaveris,
3061 1783 3272 1839 tametsi
3301 1789 3379 1836 tot
3406 1789 3461 1836 et
3491 1789 3612 1834 tau-

2015 1883 2083 1936 tis
2113 1881 2208 1936 tibi
2237 1879 2341 1935 frui
2370 1881 2555 1935 liceret
2585 1898 2600 1935 :
2633 1879 2755 1934 ideo
2783 1877 3059 1932 Maledicta
3085 1875 3178 1930 erit
3205 1886 3341 1929 terra
3367 1873 3419 1927 in
3447 1871 3615 1941 operi-

2015 1974 2105 2028 bus
2147 1973 2266 2026 tuis.
2307 1972 2436 2028 Vide
2482 1971 2862 2043 benignitatem
2895 1967 3143 2033 Domini,
3190 1965 3461 2038 quomodo
3502 1978 3616 2019 ser-

2016 2075 2229 2135 pentem
2262 2066 2452 2135 punit,
2502 2061 2770 2135 quomodo
2817 2062 2947 2116 item
2993 2068 3048 2116 et
3097 2057 3361 2113 rationale
3396 2056 3611 2120 animal.

2015 2156 2094 2211 Illi
2143 2157 2286 2211 enim
2330 2155 2464 2211 dixit
2497 2173 2510 2209 :
2543 2154 2849 2208 Maledict'us
2893 2161 2946 2205 tu
2989 2152 3052 2206 de
3091 2159 3226 2205 terra
3263 2165 3282 2204 :
3313 2148 3399 2202 hic
3437 2155 3616 2201 autem

2017 2264 2122 2303 non
2153 2248 2267 2313 sic;
2316 2245 2411 2302 sed
2440 2245 2609 2316 quid?
2641 2244 2918 2299 Maledicta
2959 2251 3094 2296 terra
3133 2243 3186 2296 in
3211 2239 3449 2312 operibus
3493 2239 3612 2291 tuis.

2019 2339 2083 2393 Et
2116 2337 2328 2394 merito.
2360 2336 2492 2392 Nam
2523 2336 2647 2406 quia
2679 2343 2898 2406 propter
2920 2333 3192 2388 hominem
3222 2331 3479 2401 producta
3509 2343 3543 2384 e
3575 2338 3614 2390 t.

2017 2441 2075 2486 ut
2107 2432 2196 2486 ille
2246 2438 2426 2500 posset
2473 2429 2576 2483 frui
2630 2428 2693 2482 iis
2728 2442 2847 2497 quae
2895 2441 2964 2481 ex
3016 2439 3079 2480 ea
3125 2431 3418 2478 nascuntur
3452 2439 3464 2474 :
3498 2420 3619 2476 ideo

2019 2522 2211 2576 iterum
2260 2529 2479 2590 propter
2523 2519 2795 2573 hominem
2849 2524 3156 2586 peccantem
3201 2513 3541 2569 maledictum
3571 2511 3618 2565 ei

2020 2611 2218 2666 inditur
2253 2611 2420 2681 :quia
2465 2609 2808 2664 maledictum
2851 2617 3009 2662 teme
3048 2605 3338 2671 eveniens,
3386 2601 3619 2656 hominis

2018 2703 2293 2759 securitati
2323 2711 2378 2758 et
2407 2702 2572 2772 quieti
2599 2702 2776 2766 obest,
2814 2699 3091 2754 Maledicta
3112 2739 3127 2763 ,
3159 2697 3329 2767 inquit
3352 2736 3368 2762 ,
3406 2705 3539 2748 terra
3567 2695 3619 2747 in

2019 2795 2252 2866 cperibus
2282 2794 2400 2848 tuis.
2435 2792 2571 2846 Exin
2603 2801 2660 2846 ut
2699 2791 2971 2845 discamus
3015 2787 3142 2859 quid
3173 2787 3281 2854 sit,
3323 2785 3618 2843 Maledicta.

1937 2896 1948 2905 ‘
2019 2884 2198 2939 subdit
2227 2901 2240 2936 :
2267 2881 2332 2936 In
2363 2881 2620 2936 doloribus
2648 2881 2880 2935 romedes
2910 2896 3023 2933 eam
3048 2877 3278 2932 omnibus
3308 2876 3481 2930 diebus
3509 2876 3620 2928 vita:

2019 2985 2140 3029 luce.
2167 2975 2297 3030 Vide
2319 2986 2750 3044 unamquamque
2770 2986 2985 3040 pmnam
3011 2971 3065 3024 in
3096 2967 3290 3023 ssreula
3315 2967 3618 3030 durantem,

2021 3077 2076 3121 ut
2109 3084 2212 3121 non
2246 3067 2417 3122 solum
2459 3065 2565 3120 illis
2596 3064 2646 3118 id
2675 3051 2806 3118 utile
2835 3063 2937 3128 sit,
2974 3060 3075 3122 sed
3107 3068 3161 3115 et
3189 3059 3387 3128 posteri
3431 3057 3619 3112 iisdem

2020 3157 2180 3213 rebus
2207 3157 2534 3220 doceantur,
2569 3154 2711 3209 unde
2754 3153 2859 3208 illis
2909 3151 3024 3206 ἱ]ωο
3062 3149 3322 3221 supplicia
3368 3157 3493 3202 sunt
3540 3147 3611 3200 in-

2021 3259 2171 3305 vecta
2209 3268 2221 3305 :
2259 3248 2327 3303 In
2369 3247 2666 3316 doloribus,
2715 3245 2918 3316 inquit,
2963 3242 3193 3298 comcdes
3235 3257 3346 3295 eam
3391 3238 3621 3294 omnibus

2021 3344 2194 3397 diebus
2221 3342 2337 3395 uiue
2365 3351 2483 3395 tute.
2533 3339 2723 3393 Postea
2769 3335 3078 3407 diligentius
3107 3334 3307 3388 docens
3350 3329 3619 3386 maledicti

2020 3435 2255 3506 speciem
2283 3441 2338 3488 et
2364 3431 2570 3488 doloris
2597 3443 2837 3495 causam,
2869 3427 3048 3482 subdit
3077 3443 3091 3480 :
3119 3426 3312 3499 Spinas
3340 3434 3384 3476 et
3409 3422 3622 3476 tribulos

2024 3526 2111 3579 tibi
2141 3525 2404 3595 producet.
2435 3522 2577 3578 Ecce
2604 3520 2872 3575 maledicti
2913 3519 3260 3573 meuimenta.
3296 3515 3506 3584 Spinas,
3538 3515 3621 3567 iu-

2021 3617 2175 3686 quit,
2206 3613 2517 3681 et.tribulos
2557 3611 2793 3682 proferet
2834 3621 2973 3665 terra
3004 3627 3016 3664 :
3053 3610 3230 3678 itaque
3258 3606 3440 3660 multis
3471 3606 3621 3659 labo-

2022 3708 2166 3762 ribus
2196 3717 2248 3762 et
2278 3705 2534 3761 aerumnis
2571 3703 2901 3774 operandum
2946 3702 3082 3768 tibi,
3113 3709 3167 3755 et
3193 3699 3337 3753 omni
3378 3708 3623 3766 tempore

2021 3813 2142 3852 eum
2175 3797 2384 3852 tristitia
2422 3799 2601 3851 vivere
2644 3803 2697 3849 te
2740 3793 2971 3858 curabo,
3019 3801 3077 3845 ut
3123 3790 3226 3844 hoe
3271 3789 3366 3842 tibi
3415 3790 3621 3842 frenum

2023 3889 2111 3952 sit,
2142 3903 2209 3942 ne
2234 3886 2361 3957 quid
2389 3901 2548 3956 supra
2572 3885 2884 3955 dignitatem
2916 3882 2983 3936 de
3014 3891 3066 3943 te
3091 3881 3291 3935 sentias
3323 3897 3334 3933 :
3369 3877 3462 3934 sed
3493 3893 3621 3932 cuu-

2025 3982 2172 4036 tinuo
2201 3980 2405 4050 cogites
2435 3989 2580 4033 tuam
2632 3977 2798 4048 ipsius
2840 3974 3193 4029 substantiam
3221 4013 3235 4035 ,
3285 3986 3454 4038 neque
3484 3970 3624 4024 feras

2025 4082 2081 4127 ut
2111 4071 2334 4143 posthac
2366 4071 2444 4125 sic
2469 4070 2773 4139 decipiaris.
2807 4067 2873 4121 Et
2903 4065 3132 4120 comedas
3159 4068 3348 4134 [mirum
3377 4062 3508 4131 agri.
3558 4060 3621 4113 In

2025 4165 2212 4219 sudore
2250 4163 2398 4234 faciei
2424 4173 2526 4216 tua:
2555 4161 2765 4215 vesceris
2805 4175 2934 4228 pane
2961 4166 3069 4210 tuo.
3108 4152 3488 4209 Animadverte
3517 4168 3622 4221 quo

2023 4265 2179 4326 pacto
2209 4263 2329 4324 post
2370 4252 2785 4328 inobedie'ntiam
2811 4248 2994 4304 omnia
3040 4245 3365 4315 contigerint
3408 4251 3620 4297 contra--

2019 4348 2098 4403 ria
2132 4346 2296 4415 priori
2324 4345 2448 4400 vitae
2478 4342 2791 4400 conditioni.
2826 4341 2936 4410 Ego
2964 4337 3176 4405 quidem
3199 4378 3215 4404 ,
3256 4336 3424 4405 inquit
3451 4378 3466 4401 ,
3500 4348 3622 4389 cum

2025 4439 2076 4493 in
2109 4438 2252 4492 hunc
2283 4446 2334 4492 te
2364 4435 2621 4490 mundmn
2655 4432 2902 4503 produxi,
2928 4428 3173 4483 volebam
3203 4435 3255 4481 te
3277 4425 3468 4494 degere
3497 4424 3622 4478 abs-

2023 4543 2126 4598 que
2154 4526 2450 4593 doloribus,
2481 4523 2782 4586 laboribus,
2813 4519 3100 4576 sudoribus
3121 4559 3136 4583 ,
3164 4527 3216 4572 et
3245 4515 3498 4570 aerumnis
3522 4557 3536 4580 ,
3571 4525 3623 4568 et

2024 4619 2171 4674 omni
2212 4618 2468 4673 felicitate
2505 4616 2630 4679 frui,
2674 4628 2846 4682 neque
2891 4609 3261 4679 corporalibus
3291 4607 3623 4662 ncccssitati-

2026 4711 2124 4764 bus
2151 4707 2443 4764 obnoxium
2483 4719 2603 4760 esse
2623 4745 2636 4770 ,
2671 4702 2764 4756 sed
2793 4701 2861 4754 ab
2887 4698 3138 4754 omnibus
3170 4696 3274 4751 illis
3308 4709 3533 4748 vacuum
3569 4695 3621 4748 in

2023 4800 2170 4855 oumi
2219 4798 2465 4853 libertate
2508 4793 2730 4850 versari.
2778 4791 2911 4858 Quia
2954 4803 3080 4843 vero
3127 4802 3232 4842 non
3281 4784 3480 4854 profuit
3531 4786 3622 4839 tibi

2029 4900 2174 4945 tanta
2205 4892 2484 4950 securitas,
2515 4895 2800 4954 eapropter
2828 4891 2881 4936 et
2907 4891 3064 4935 terrae
3095 4876 3430 4941 maledicam,
3468 4877 3534 4928 ita
3569 4887 3624 4929 ut

2026 4985 2229 5053 absque
2257 4983 2464 5036 satione
2491 4989 2544 5034 et
2572 4978 2813 5032 aratione
2840 4990 2945 5029 non
2985 4972 3210 5042 proferat
3243 4985 3368 5024 suos
3400 4969 3622 5028 fructus,

2027 5077 2164 5130 sicut
2191 5082 2347 5128 antea
2381 5088 2394 5124 :
2428 5069 2522 5125 sed
2552 5079 2606 5123 et
2634 5083 2756 5122 cum
2788 5068 2958 5120 multo
3001 5063 3181 5116 labore
3205 5105 3217 5127 ,
3249 5059 3509 5114 molestiis
3531 5099 3544 5121 ,
3571 5067 3626 5111 et

2028 5167 2306 5231 aerumnis,
2329 5163 2559 5220 afﬁciam
2585 5171 2637 5215 te
2662 5159 2957 5222 doloribus,
2987 5167 3040 5210 et
3067 5154 3334 5210 coutinuis
3359 5150 3624 5220 fatigatio-

2029 5261 2185 5315 nibus
2214 5245 2488 5312 {efﬁciam
2523 5256 2650 5310 item
2681 5262 2737 5308 ut
2766 5251 2896 5305 nihil
2935 5260 3252 5320 promoveas
3289 5245 3494 5314 absque
3531 5259 3622 5296 su-

2027 5352 2282 5417 doribus;
2332 5359 2391 5404 ut
2439 5349 2523 5402 his
2567 5345 2920 5407 exercitatus,
2969 5348 3280 5412 perpetuam
3325 5337 3624 5391 doctrinam

2031 5445 2226 5500 habeas
2247 5439 2712 5510 modestcagendi,
2736 5448 2983 5504 tuamque
3018 5435 3180 5503 ipsius
3205 5441 3448 5485 naturam
3466 5441 3622 5496 agno-

2029 5536 2233 5591 scendi.
2263 5533 2451 5604 Neque
2475 5532 2577 5586 hoc
2602 5531 2667 5586 ad
2693 5528 2958 5584 modicum
2981 5534 3038 5581 et
3067 5525 3227 5578 brc're
3260 5533 3470 5590 tempus
3499 5519 3624 5575 erit.

2028 5628 2120 5684 sed
2147 5627 2293 5682 omni
2327 5635 2563 5696 tempore
2584 5623 2709 5678 vita:
2731 5619 2944 5676 durabit
2969 5636 2981 5672 :
3014 5616 3072 5670 In
3097 5615 3282 5670 sudore
3307 5612 3448 5668 enim
3477 5610 3623 5680 faciei

2030 5735 2130 5778 tua:
2154 5722 2366 5777 vesceris
2407 5733 2538 5789 pane
2567 5728 2653 5771 tuo
2674 5759 2688 5784 ,
2720 5716 2876 5768 donec
2921 5708 3185 5765 revertaris
3233 5719 3285 5760 tu
3318 5707 3369 5758 in
3411 5714 3621 5764 terram,

2031 5819 2092 5873 de
2130 5835 2224 5881 qua
2254 5827 2480 5880 sumptus
2521 5833 2572 5871 es
2601 5830 2616 5866 :
2645 5815 2759 5879 quia
2791 5820 2922 5866 terra
2949 5823 2999 5862 es
3023 5847 3040 5870 ,
3076 5813 3122 5859 et
3149 5803 3199 5859 in
3227 5811 3412 5856 terram
3438 5796 3617 5849 abibis.
