4068 6406
532 370 635 423 lii

529 479 653 535 ll;ec
681 480 966 536 sustinebis
997 496 1164 553 usque
1193 483 1257 538 ad
1288 482 1446 538 linem
1475 484 1598 539 vitrc
1628 495 1750 547 tuae,
1778 495 1832 539 et
1854 483 2024 539 donec
2053 483 2102 535 in

530 570 673 625 iliam
706 572 985 629 resolvaris
1012 615 1027 639 ,
1059 589 1123 628 ex
1154 588 1253 643 qua
1299 575 1554 629 formatus
1581 590 1658 631 es.
1701 574 1829 629 Nam
1864 573 2106 644 quamvis

533 660 625 713 tibi
655 662 896 731 corporis
922 664 1157 718 dederim
1199 673 1440 719 naturam
1480 666 1548 721 ob
1576 680 1745 720 meam
1793 665 2101 729 bonitatem,

531 752 704 821 ipsum
734 761 908 808 tamen
948 754 1047 809 hoc
1087 769 1281 825 corpus
1312 772 1377 811 ex
1408 766 1546 811 terra
1575 756 1867 821 exsistens,
1914 756 2105 810 iterum

529 844 632 897 erit
658 852 815 898 terra.
844 843 1001 898 Terra
1040 846 1181 900 enim
1210 863 1290 915 es,
1334 859 1379 903 et
1408 848 1459 901 in
1484 856 1667 901 terram
1704 846 1881 899 abibis.
1921 844 2105 899 Enim-

530 949 657 989 vero
687 944 743 988 ut
782 951 846 989 ne
892 937 1003 992 hare
1049 938 1236 993 licreut
1259 979 1276 1006 ,
1316 939 1457 1005 dixi,
1502 937 1585 992 Ne
1624 937 1895 992 comedatis
1920 938 2104 992 delrec

530 1023 667 1093 ligna
693 1039 713 1077 :
737 1040 1049 1096 quocumque
1077 1029 1207 1081 enim
1247 1030 1328 1082 die
1367 1028 1680 1083 comederitis
1697 1069 1710 1092 ,
1744 1039 1902 1082 morte
1926 1028 2103 1079 maric-

527 1114 669 1167 mim‘.
700 1114 815 1169 Non
857 1117 1000 1171 enim
1028 1116 1129 1172 hoc
1157 1118 1396 1173 volebam
1430 1137 1442 1172 :
1471 1119 1564 1174 sed
1600 1120 1718 1189 quia
1759 1132 1941 1173 eorum
1983 1132 2102 1186 qua:

526 1204 593 1257 ad
623 1219 710 1259 me
734 1205 1048 1271 attinebant,
1074 1206 1204 1261 nihil
1228 1208 1588 1263 intermissum
1613 1217 1732 1263 est:
1763 1218 1817 1261 tu
1846 1216 2019 1261 autem
2050 1216 2101 1261 te

526 1292 697 1361 ipsum
730 1294 783 1349 in
814 1294 928 1351 hmc
953 1296 1226 1366 coniecisti
1247 1339 1263 1365 ,
1308 1314 1375 1354 ne
1401 1299 1451 1351 in
1481 1299 1639 1353 alium
1665 1313 1877 1353 causam
1908 1298 2095 1353 retule-

520 1382 635 1449 ris,
686 1384 779 1440 sed
827 1394 927 1441 tua:
967 1388 1133 1457 ipsius
1161 1388 1379 1443 desidize
1423 1398 1591 1445 totum
1634 1390 1935 1444 abscribito.
1980 1390 2098 1445 Jam

522 1471 699 1529 denuo
726 1476 830 1530 alia
857 1479 1010 1533 nobis
1034 1479 1255 1548 quurstio
1285 1480 1410 1537 hinc
1438 1482 1705 1545 nascitur,
1734 1496 1833 1550 qua
1852 1520 1869 1546 ,
1911 1481 1955 1535 si
1984 1481 2097 1549 pla-
2128 1548 2135 1555 ι

523 1564 728 1631 cuerit,
766 1564 997 1621 breviter
1024 1568 1259 1623 absoluta
1286 1612 1300 1635 ,
1349 1570 1504 1625 linem
1532 1570 1793 1624 sermonis
1822 1570 1906 1625 hic
1934 1569 2097 1623 facie-
2135 1610 2139 1621 .

524 1669 659 1709 mus.
692 1656 861 1723 Dixit,
894 1657 1095 1727 inquit,
1137 1658 1274 1712 Deus
1300 1677 1313 1712 :
1341 1659 1661 1729 Quocumque
1685 1660 1766 1712 die
1789 1660 2099 1714 comederitis

522 1760 585 1797 ea:
608 1760 685 1809 eo,
714 1758 873 1799 morte
892 1747 1171 1801 moriemini
1196 1747 1346 1818 (Gen.
1370 1749 1425 1803 2.
1457 1751 1543 1817 l7)
1570 1767 1584 1806 :
1608 1750 1893 1804 multorum
1920 1758 2097 1805 autem

518 1847 777 1888 annorum
806 1852 1030 1893 numero
1067 1838 1364 1893 ostenditur
1390 1840 1584 1894 vixisse
1613 1840 1730 1894 illos
1761 1849 1877 1909 post
1913 1840 2097 1895 inobeo

520 1922 769 1978 dientiam
791 1967 805 1990 ,
838 1934 892 1981 et
916 1928 1020 1982 cibi
1047 1929 1191 1982 vetiti
1222 1944 1393 1984 esum.
1423 1930 1483 1983 Et
1518 1933 1739 2000 quaestio
1764 1930 1976 2001 quidem
2004 1932 2099 1985 ali-

519 2029 622 2085 qua
651 2030 770 2073 esse
794 2018 1004 2074 videtur
1030 2020 1093 2075 iis
1116 2020 1204 2089 qui
1234 2037 1263 2075 a
1305 2012 1585 2090 superﬁcie
1621 2024 1852 2078 salutant
1888 2024 2098 2079 divinas

523 2104 728 2160 Literas
757 2123 771 2157 :
805 2117 855 2161 at
893 2108 937 2161 si
969 2110 1085 2177 quis
1113 2124 1266 2178 a'quo
1291 2112 1470 2164 animo
1496 2125 1651 2165 aures
1677 2112 1953 2174 adhibeat,
1986 2129 2099 2167 ma~

524 2193 770 2248 nifestum
794 2206 876 2250 est
896 2197 1035 2265 quod
1064 2197 1279 2265 dicitur,
1306 2214 1474 2268 neque
1497 2201 1719 2269 qumstio
1744 2200 1900 2256 fuerit
1927 2212 2098 2256 atten-

518 2283 684 2338 denti.
728 2282 861 2340 Nam
905 2286 1028 2341 licet
1073 2289 1267 2344 multos
1293 2303 1462 2344 annos
1506 2292 1767 2359 vixerint,
1801 2302 2031 2348 attamen
2067 2309 2095 2348 a

520 2389 626 2442 quo
652 2382 889 2445 tempore
918 2376 1197 2433 audierunt
1227 2397 1239 2431 :
1266 2378 1419 2433 Terra
1448 2396 1520 2447 es,
1561 2391 1605 2434 et
1629 2383 1681 2435 in
1707 2390 1889 2435 terram
1919 2383 2095 2449 abibis,

522 2474 574 2517 et
601 2467 916 2520 sententiam
946 2480 1265 2537 acceperunt
1292 2470 1479 2524 mortis
1502 2511 1518 2537 ,
1563 2474 1813 2527 mortales
1843 2473 2051 2529 fuerunt
2080 2494 2093 2528 :

519 2560 574 2607 et
597 2568 660 2606 ex
691 2554 781 2608 illo
818 2564 1055 2625 tempore
1087 2557 1299 2612 fuerunt
1346 2560 1563 2629 perinde
1585 2600 1601 2625 ,
1646 2576 1707 2615 ac
1750 2563 1793 2616 si
1832 2563 1950 2633 quis
1980 2564 2097 2618 illos

521 2642 663 2698 dicat
688 2656 925 2702 mortuos
969 2647 1151 2704 fuisse.
1183 2649 1294 2705 Hoc
1326 2651 1481 2721 igitur
1516 2661 1570 2707 et
1598 2652 1867 2724 Scriptura
1898 2656 2097 2725 signin-

520 2746 670 2797 cans,
695 2734 862 2802 dixit,
894 2736 1218 2808 Quocumque
1247 2740 1330 2795 die
1350 2742 1680 2809 comederitis,
1716 2756 1873 2799 morte
1909 2747 2093 2800 morie-

520 2821 643 2874 mini
673 2839 691 2875 :
721 2822 821 2877 hoc
845 2836 946 2887 est,
987 2829 1303 2884 sententiam
1329 2830 1600 2901 accipietis
1624 2873 1637 2897 ,
1671 2836 1919 2890 mortales
1947 2846 2094 2904 post-

522 2911 619 2966 hac
663 2928 757 2968 vos
800 2914 1023 2971 futuros.
1085 2917 1233 2975 Sicut
1275 2922 1416 2976 enim
1467 2923 1517 2977 in
1565 2923 1809 2979 humanis
1857 2925 2091 2995 judiciis,

515 3002 730 3069 quando
753 3004 870 3073 quis
895 3009 1153 3063 sententia
1180 3010 1279 3063 lata
1305 3022 1359 3064 ut
1384 3013 1556 3081 capite
1581 3014 1883 3083 mulctctur,
1906 3018 2093 3072 iterent

522 3089 574 3142 in
599 3105 868 3149 carcerem
892 3096 1204 3167 conjicitur,
1238 3101 1361 3155 licet
1396 3100 1467 3155 ibi
1497 3103 1663 3158 multo
1693 3114 1930 3174 tempore
1954 3118 2092 3177 agat,

520 3178 652 3235 nihil
684 3183 871 3239 melius
897 3194 1071 3241 tamen
1096 3188 1253 3243 habet
1272 3189 1534 3247 defunctis
1560 3201 1614 3249 et
1642 3196 1885 3263 mortuis,
1913 3205 2096 3266 utpote

513 3267 623 3336 jam
651 3284 747 3339 per
773 3276 1085 3330 sententiam
1110 3289 1351 3334 mortuus
1378 3297 1392 3332 :
1426 3281 1611 3337 eodem
1636 3284 1793 3339 modo
1822 3293 1875 3339 et
1908 3286 1961 3340 hi
1981 3328 1996 3352 ,
2028 3287 2096 3343 ab

518 3370 585 3413 eo
611 3357 699 3414 die
722 3374 751 3414 a
771 3376 876 3431 quo
902 3367 1237 3422 mortalitatis
1262 3372 1578 3426 sententiam
1605 3386 1943 3444 acceperunt,
1969 3388 2093 3434 tam-

518 3448 619 3502 etsi
649 3449 809 3522 longo
839 3461 1078 3525 tempore
1103 3458 1429 3528 duraverint,
1461 3463 1804 3521 nihilominus
1833 3472 2091 3527 sententia

518 3540 712 3594 mortui
737 3550 909 3597 erant.
934 3545 1057 3600 Seio
1083 3561 1169 3603 me
1192 3551 1487 3619 copiosiora
1514 3567 1761 3609 sermone
1782 3566 1833 3611 et
1856 3559 2094 3628 longiore

518 3628 758 3688 doctrina
790 3648 939 3689 usum
974 3654 987 3690 :
1022 3637 1142 3694 ideo
1168 3640 1289 3709 quia
1335 3658 1429 3711 per
1456 3645 1676 3712 gratiam
1705 3646 1795 3701 Dei
1822 3688 1835 3710 ,
1869 3664 1963 3718 pro
1991 3665 2089 3704 no-

516 3722 643 3777 stris
672 3723 871 3780 viribus
911 3728 1086 3781 omnia
1118 3731 1169 3783 in
1202 3731 1433 3786 medium
1478 3735 1680 3801 prolata
1719 3747 1875 3803 sunt,
1916 3750 1969 3793 et
2010 3739 2092 3796 his

516 3826 635 3881 quae
664 3813 799 3869 lecta
829 3826 951 3871 sunt
974 3817 1132 3874 linem
1177 3820 1525 3892 imposuimus
1549 3864 1564 3890 ,
1607 3841 1745 3881 nunc
1787 3842 2089 3886 sermonem

514 3914 613 3955 con
620 3902 909 3960 trahamus.

584 3992 672 4047 l0.
704 3993 947 4068 Epilogus
969 3999 1505 4059 hamum—Possem
1524 4005 1737 4076 quidem
1762 4016 1816 4063 et
1835 4008 1936 4063 alia
1964 4024 2090 4079 pro-

515 4080 641 4137 ferri
665 4124 682 4149 ,
706 4094 755 4139 et
790 4086 980 4142 iterum
1011 4092 1294 4146 monstrari
1323 4092 1576 4149 inﬂictam
1610 4096 1732 4152 hinc
1755 4113 1963 4167 poenam
1990 4139 2004 4163 ,
2037 4112 2093 4156 et

515 4173 890 4230 mortalitatem
923 4177 973 4231 in
1001 4194 1100 4233 nos
1124 4180 1393 4236 inductam
1423 4224 1438 4250 ,
1467 4184 1685 4239 multam
1713 4186 1962 4257 abyssum
1993 4189 2091 4244 ba-

518 4263 645 4319 bere
671 4264 862 4321 divime
891 4269 1267 4329 misericordia:
1291 4291 1304 4326 :
1337 4274 1433 4330 sed
1461 4290 1529 4331 ne
1558 4277 1894 4335 multitudine
1923 4281 2091 4337 dicto-

511 4368 631 4408 rum
652 4366 883 4413 mentem
902 4370 1130 4416 vestram
1151 4363 1457 4431 obruamus,
1473 4381 1589 4437 age,
1604 4368 1948 4427 obsecremus
1970 4389 2084 4442 vos,

512 4452 573 4498 ut
594 4458 715 4499 cum
742 4446 865 4502 hinc
892 4449 1149 4519 abieritis,
1180 4470 1246 4509 ne
1268 4456 1319 4510 in
1336 4459 1704 4514 conventicula
1728 4462 2085 4532 insipientium

512 4548 606 4589 vos
625 4536 933 4607 conferatis,
955 4558 1126 4613 neque
1151 4545 1531 4617 intempestiva:
1553 4554 1835 4621 nugacitati
1862 4558 2082 4624 vacetis,

510 4625 607 4681 sed
631 4630 769 4697 apud
814 4646 909 4687 vos
962 4632 1237 4705 intelligite
1285 4646 1339 4691 et
1380 4652 1500 4692 cum
1544 4641 1661 4694 aliis
1700 4642 1928 4711 colligite
1967 4662 2086 4716 quae

511 4716 651 4773 dicta
674 4729 797 4774 sunt
823 4761 839 4786 ,
862 4730 917 4776 et
945 4723 997 4776 in
1030 4726 1340 4780 memoriam
1376 4726 1571 4783 referte
1594 4770 1609 4795 ,
1641 4730 1893 4800 quidnam
1922 4733 2084 4802 judex

510 4810 886 4877 responderit,
913 4813 1039 4883 quid
1082 4815 1157 4869 rei
1196 4831 1292 4885 pro
1338 4832 1397 4873 se
1433 4817 1706 4885 dixerint,
1735 4830 1790 4876 et
1819 4825 2086 4893 quomodo

512 4898 687 4953 Adam
706 4900 917 4970 culpam
948 4903 1000 4957 in
1026 4919 1243 4959 uxorem
1271 4908 1633 4974 transtulerit,
1660 4910 1752 4965 illa
1774 4911 1825 4966 in
1861 4927 2085 4984 serpen-

510 4999 639 5053 tem.
667 4994 933 5061 quomodo
953 4995 1079 5051 item
1106 4996 1243 5053 Deus
1260 4999 1417 5054 etiam
1446 4999 1587 5057 hunc
1616 5003 1865 5072 punierit,
1894 5014 1947 5060 et
1969 5021 2084 5075 pae-

510 5096 631 5136 nam
662 5082 735 5138 illi
765 5092 878 5141 toto
903 5089 1099 5143 saeculo
1117 5088 1423 5151 duraturam
1448 5092 1694 5148 indixerit
1714 5135 1730 5161 ,
1763 5110 2082 5166 gravemque

510 5172 562 5224 in
602 5173 749 5227 illum
793 5174 1211 5246 indignationem
1246 5180 1634 5249 declaraverit,
1681 5193 1839 5255 atque
1872 5201 1939 5240 ex
1983 5186 2085 5240 hoc

506 5262 802 5318 ostenderit
845 5279 995 5323 suam
1040 5282 1162 5337 erga
1193 5268 1443 5339 deceptos
1485 5286 1689 5325 curam.
1730 5272 1806 5327 Ex
1834 5290 1900 5328 eo
1939 5276 2080 5329 enim

507 5365 610 5419 quo
622 5352 647 5405 .l
673 5352 1022 5436 decipientem
1049 5356 1126 5410 sic
1155 5357 1292 5413 ultus
1324 5369 1407 5414 est
1428 5402 1443 5425 ,
1472 5361 1780 5431 intelligitur
1804 5363 1871 5418 ab
1893 5379 1957 5417 eo
1982 5364 2077 5418 dc-

506 5450 691 5511 ccptos
715 5457 807 5497 eos
827 5443 1008 5511 fuisse,
1026 5446 1115 5515 qui
1138 5446 1247 5501 Deo
1259 5447 1409 5503 valde
1423 5450 1554 5518 grati
1572 5460 1742 5515 erant,
1757 5462 1810 5506 et
1832 5468 1927 5520 pro
1960 5454 2078 5523 qui-

508 5531 610 5584 bus
651 5532 869 5587 multum
908 5534 1161 5591 sollicitus
1193 5537 1381 5593 fuerat.
1433 5538 1561 5593 Dein
1606 5552 1926 5597 mementote
1955 5556 2080 5613 supc

507 5621 647 5691 plicii
680 5625 936 5689 mulieris,
960 5636 1012 5681 et
1029 5642 1197 5696 paena:
1217 5644 1333 5697 (ιωο
1351 5628 1424 5683 illi
1447 5628 1641 5684 inﬂicta
1662 5640 1763 5693 est,
1782 5631 1889 5685 imo
1905 5633 2078 5701 potius

505 5713 881 5771 admonitionis
909 5756 924 5784 ,
964 5726 1015 5772 et
1057 5718 1133 5773 sic
1169 5733 1377 5790 quoque
1414 5716 1767 5776 recordemini
1812 5737 1928 5791 qua:
1973 5721 2077 5777 sint

1232 371 1290 429 S.
1328 369 1605 427 JUANNIS
1643 341 2115 425 Clli‘tYSOSTOMI
2163 366 2476 423 ARCIIIEP.
2507 368 3037 425 CONS'I’ANTINOP.

3699 355 3804 410 ΗΒ

2223 479 2352 534 Adae
2403 479 2540 535 dicta
2570 522 2584 545 ,
2624 481 3044 549 sententiamque
3103 478 3238 534 hanc
3295 478 3477 533 animo
3520 481 3793 549 repetite,

2220 568 2375 624 Terra
2403 588 2457 625 es
2479 612 2495 638 ,
2532 583 2579 626 et
2606 573 2659 626 in
2690 582 2873 626 (errant
2901 571 3075 626 abibis.
3108 571 3242 626 llinc
3266 571 3627 642 obstupescite
3654 573 3799 626 inef-

2215 658 2425 715 fabilem
2468 661 2559 717 Dei
2602 661 3018 716 miscricordiam
3045 702 3059 724 ,
3096 661 3236 731 quod
3276 676 3402 726 nos,
3427 664 3517 732 qui
3545 676 3610 717 ex
3653 672 3802 716 terra

2212 762 2394 804 sumus
2413 792 2429 817 ,
2457 761 2511 806 et
2540 751 2590 806 in
2619 759 2817 807 terram
2840 752 3221 816 dissolvemur,
3255 752 3300 807 si
3339 753 3663 807 voluerimus
3688 753 3788 805 Vir-

2213 848 2375 893 tutem
2405 841 2701 909 amplexari
2731 882 2746 906 ,
2780 851 2831 895 et
2857 841 2977 894 vitia
3006 840 3183 910 fugere
3213 881 3227 905 ,
3258 842 3465 919 assequi
3497 841 3799 909 poterimus

2212 928 2494 985 ineffabilia
2524 932 2610 985 illa
2650 932 2788 987 bona
2812 972 2826 997 ,
2849 947 2966 1001 qua:
2996 931 3202 1001 paravit
3220 940 3273 987 et
3296 930 3538 1001 promisit
3563 932 3798 1000 diligen-

2209 1019 2349 1076 tibus
2365 1037 2441 1081 se.
2456 1037 2573 1091 qua:
2588 1024 2773 1078 oculus
2788 1039 2891 1078 non
2905 1022 3035 1078 vidit
3052 1025 3089 1088 ¹,
3114 1024 3361 1078 necauris
3378 1023 3599 1088 audivit,
3620 1038 3721 1078 nec
3739 1026 3796 1078 in

2207 1124 2301 1162 cor
2319 1109 3010 1181 hominisascenderunt(l.
3035 1112 3153 1166 Cor.
3191 1113 3241 1167 2.
3272 1110 3351 1183 9).
3389 1111 3599 1168 Gratias
3624 1113 3791 1181 igitur
3866 1168 3881 1177 ,,

2208 1201 2399 1253 multas
2423 1201 2645 1255 Domino
2674 1212 2855 1255 nostro
2879 1202 3135 1257 debemus
3157 1216 3252 1271 pro
3281 1211 3357 1255 tot
3381 1201 3682 1271 talibusque
3704 1202 3796 1256 be-

2207 1291 2407 1345 neficiis
2428 1310 2441 1346 :
2459 1301 2511 1347 et
2525 1308 2585 1346 ea
2603 1308 2933 1363 nequaquam
2959 1308 3021 1347 ex
3042 1293 3297 1347 memoria
3312 1292 3627 1347 dimittendo
3644 1334 3658 1355 ,
3695 1306 3791 1361 per

2207 1379 2341 1434 bona
2367 1395 2525 1449 opera
2547 1423 2560 1446 ,
2593 1390 2643 1437 et
2670 1381 2906 1451 diligenti
2940 1381 3200 1435 malorum
3238 1379 3352 1449 fuga
3377 1381 3545 1449 ipsum
3574 1382 3791 1449 mitige-

2205 1460 2342 1530 mus,
2358 1483 2421 1522 ac
2437 1470 2717 1539 propitium
2736 1470 2887 1525 nobis
2904 1469 3204 1525 reddamus.
3230 1469 3505 1537 Quomodo
3516 1471 3662 1524 enim
3682 1486 3789 1524 non

2206 1558 2395 1626 ingrati
2428 1573 2645 1627 prorsus
2673 1560 2833 1613 animi
2861 1560 3069 1629 signum
3101 1559 3294 1623 fuerit,
3320 1560 3364 1613 si
3393 1561 3505 1628 ipse
3526 1560 3747 1628 quidem
3770 1602 3787 1624 ,

2203 1661 2321 1701 cum
2370 1646 2507 1701 Deus
2552 1649 2622 1703 sit
2665 1658 2720 1703 et
2771 1648 3083 1702 immortalis
3128 1656 3327 1703 natura!
3359 1688 3373 1712 ,
3404 1662 3509 1701 non
3560 1648 3792 1718 refugiat

2203 1752 2475 1793 assumere
2514 1742 2791 1793 mortaiem
2836 1749 2890 1793 Cl
2934 1748 3237 1793 terrestrem
3265 1748 3502 1793 ηοειηῐιι
3534 1740 3789 1794 substan-

2205 1832 2352 1897 tiam,
2383 1840 2439 1886 ut
2465 1840 2517 1887 et
2538 1831 2605 1886 ab
2628 1832 2840 1901 antiqua
2871 1839 3039 1885 morte
3071 1845 3167 1885 nos
3191 1829 3396 1896 liberet,
3427 1844 3590 1899 supra
3617 1829 3789 1885 cados

2204 1922 2414 1987 evehat,
2448 1932 2669 1990 paterno
2694 1936 2948 1976 consessu
2971 1921 3216 1985 honoret,
3246 1928 3300 1974 et
3324 1920 3390 1973 ab
3410 1918 3554 1973 omni
3582 1919 3789 1973 crelesti

2204 2013 2439 2068 exercitu
2481 2012 2689 2066 adorari
2721 2020 2905 2065 curet:
2932 2024 3026 2064 nos
3056 2018 3232 2063 autem
3267 2008 3531 2062 contraria
3580 2009 3655 2061 illi
3703 2024 3793 2062 re-

2204 2102 2436 2155 tribuere
2476 2115 2580 2155 non
2621 2100 2997 2155 erubescamus
3024 2140 3039 2166 ,
3074 2098 3167 2153 sed
3202 2108 3254 2153 et
3288 2098 3643 2153 immortalem
3674 2099 3791 2152 ani-

2203 2204 2365 2255 mam,
2390 2190 2537 2259 quasi
2559 2188 2750 2244 dixerit
2766 2189 2904 2257 quis,
2928 2189 3074 2242 carni
3096 2187 3493 2256 agglutinatam,
3515 2195 3788 2240 terrenam

2202 2288 2256 2335 et
2284 2289 2547 2333 mortuam
2579 2320 2594 2346 ,
2617 2288 2672 2334 et
2698 2278 2825 2333 nihil
2857 2278 3065 2347 operari
3090 2277 3352 2331 valentem
3386 2318 3400 2339 ,
3433 2275 3664 2330 evadere
3694 2290 3787 2329 cu-

2203 2371 2419 2425 remus?
2444 2370 2699 2432 Obsecro,
2738 2384 2806 2424 ne
2847 2370 2925 2423 sic
2971 2368 3061 2422 llat
3090 2408 3105 2433 ,
3150 2381 3219 2423 ne
3260 2368 3337 2421 sic
3374 2366 3563 2435 ingrati
3615 2366 3788 2420 simus

2202 2476 2325 2531 erga
2358 2471 2559 2516 tantum
2611 2462 3003 2517 benefactorem
3046 2469 3287 2515 nostrum
3317 2477 3331 2514 :
3356 2460 3448 2514 sed
3475 2460 3616 2514 illius
3646 2475 3789 2529 pne-

2201 2553 2367 2621 ceptis
2394 2550 2705 2606 obedientes
2729 2591 2743 2615 ,
2775 2566 2894 2620 quae
2930 2551 3027 2620 ipsi
3060 2560 3205 2620 grata
3228 2558 3348 2604 sunt
3375 2557 3424 2603 et
3454 2549 3784 2618 probantur,

2200 2655 2485 2711 operemur
2522 2658 2535 2692 :
2569 2650 2626 2695 ut
2663 2649 2717 2695 et
2748 2654 2846 2696 nos
2872 2640 3087 2694 :eternis
3122 2639 3275 2694 bonis
3312 2638 3499 2709 dignos
3548 2637 3784 2693 efﬁciat:

2200 2745 2318 2801 qua:
2350 2744 2447 2785 nos
2471 2744 2659 2785 omnes
2688 2730 2902 2799 assequi
2928 2729 3199 2798 contingat
3220 2768 3235 2793 ,
3262 2729 3428 2797 gratia
3457 2736 3511 2783 et
3534 2725 3788 2797 benigni-

2203 2828 2309 2873 tate
2352 2818 2561 2873 Domini
2590 2817 2757 2872 nostri
2798 2817 2924 2872 Jesu
2967 2815 3201 2880 Christi,
3233 2816 3317 2869 cui
3358 2830 3479 2869 cum
3527 2815 3688 2869 Patre
3732 2825 3787 2870 et

2199 2908 2397 2978 Spiritu
2422 2918 2605 2962 sancto
2629 2908 2697 2962 sit
2726 2906 2889 2976 gloria
2909 2946 2924 2971 ,
2954 2906 3125 2959 honor
3150 2946 3164 2970 ,
3193 2906 3471 2974 imperium
3501 2946 3517 2971 ,
3553 2920 3697 2959 nunc
3728 2916 3787 2959 et

2200 3012 2430 3068 semper,
2461 3007 2514 3053 et
2540 2998 2591 3052 in
2621 2996 2812 3052 smcula
2834 2995 3173 3051 saeculorum.
3204 2996 3397 3049 Amen.

2732 3128 3010 3186 HOMILIA
3057 3127 3243 3184 XVIII.

2202 3239 2269 3293 Et
2298 3240 2485 3295 vocavit
2511 3241 2672 3293 Adam
2702 3256 2881 3293 nomen
2914 3241 3096 3301 uxoris
3132 3254 3237 3294 sum
3284 3237 3450 3292 Vitam
3474 3279 3490 3305 ,
3520 3240 3641 3307 quia
3666 3239 3786 3307 ipsa

2269 3340 2342 3395 est
2372 3338 2528 3384 mater
2558 3329 2781 3382 omnium
2817 3329 3101 3382 viventium.
3134 3328 3200 3380 Et
3223 3328 3341 3396 fecit
3367 3327 3615 3380 Dominus
3641 3325 3785 3381 Deus

2269 3421 2394 3474 Adae
2417 3429 2463 3473 et
2493 3419 2638 3473 uxori
2663 3420 2771 3489 ejus
2787 3420 2979 3472 tunicas
3004 3419 3255 3490 pellicem,
3288 3428 3333 3471 et
3364 3419 3527 3470 induit
3550 3416 3692 3470 illas.
3714 3416 3783 3470 Et

2268 3515 2340 3567 ait
2365 3511 2539 3566 Deus:
2570 3510 2700 3564 Ecce
2724 3511 2888 3565 Adam
2916 3513 3080 3582 {actus
3120 3520 3191 3564 est
3225 3511 3355 3564 sicut
3376 3525 3504 3563 unus
3534 3525 3596 3563 ex
3634 3509 3782 3563 nobis

2272 3602 2427 3672 (Gen.
2459 3603 2514 3656 5.
2537 3600 2608 3655 20
2636 3600 2748 3670 22).

3592 3692 3613 3719 /

2269 3735 2320 3788 Ι.
2354 3733 2429 3786 De
2456 3742 2656 3802 peccato
2698 3731 2879 3785 Λάαηή
2918 3732 3145 3800 superius
3169 3729 3303 3783 dicta
3331 3730 3617 3784 suntutatim
3647 3731 3780 3785 rele-

2198 3829 2287 3895 git.
2317 3823 2532 3878 Gravior
2559 3839 2707 3892 pana
2744 3833 2913 3876 manet
2938 3838 3023 3876 eos
3055 3862 3070 3886 ,
3102 3821 3189 3888 qui
3212 3830 3323 3890 post
3349 3820 3507 3891 legem
3542 3830 3778 3889 peccant.

2195 3914 2487 3969 -—Vidistis
2512 3914 2626 3969 heri
2651 3912 2850 3968 Judicis
2872 3912 3247 3980 benignitatem
3263 3911 3288 3963 τ
3308 3909 3513 3963 vidistis
3540 3924 3776 3965 examen

2197 4003 2431 4059 bonitate
2448 4001 2697 4057 refertum
2714 4002 2736 4055 ?
2752 4002 2957 4056 vidistis
2972 3999 3347 4070 suppliciorum
3370 3997 3737 4054 diversitatem
3754 4000 3779 4055 *Ξ

2197 4092 2466 4165 quomodo
2493 4091 2707 4162 punitus
2732 4092 2800 4145 sit
2825 4091 3041 4144 dolosas
3070 4090 3156 4144 ille
3182 4090 3548 4159 supplautator
3579 4130 3596 4154 ,
3630 4103 3774 4157 quo-

2202 4186 2362 4240 modo
2388 4184 2544 4239 etiam
2566 4183 2799 4251 deceptis
2823 4197 2977 4251 poma
3007 4181 3076 4235 sit
3103 4180 3321 4245 inﬂicta,
3354 4194 3473 4249 quae
3520 4194 3773 4249 magnam

2196 4277 2291 4332 Dei
2334 4292 2443 4347 pra:
2485 4291 2546 4331 se
2587 4274 2751 4329 ferret
2794 4272 3208 4343 benignitatem?
3257 4270 3462 4325 vidistis
3504 4272 3779 4340 quomodo

2196 4368 2348 4423 nobis
2372 4364 2775 4422 commodorum
2807 4363 3015 4418 occasio
3041 4361 3137 4416 fuit
3161 4400 3177 4427 ,
3208 4362 3461 4416 assistere
3489 4361 3774 4429 tribuna'i,

2194 4469 2248 4515 et
2271 4458 2454 4514 videre
2479 4456 2743 4528 quomodo
2773 4454 3090 4525 processerit
3117 4453 3378 4508 examen?
3407 4452 3778 4521 Cognovimus

2193 4551 2335 4604 enim
2361 4590 2374 4612 ,
2399 4548 2608 4617 quantis
2632 4548 2839 4615 seipsos
2876 4544 3030 4599 bonis
3073 4542 3305 4597 mandati
3347 4544 3777 4613 transgressione

2194 4643 2451 4711 privarim
2475 4639 2645 4694 Adam
2693 4646 2750 4692 et
2779 4637 2889 4691 Eva
2914 4678 2928 4701 ,
2958 4635 3140 4689 nudati
3169 4632 3335 4705 gloria
3362 4634 3447 4688 illa
3473 4632 3729 4688 inelfabili
3756 4676 3772 4699 ,

2193 4742 2247 4787 et
2274 4731 2375 4785 vita
2404 4743 2509 4784 non
2538 4726 2787 4782 inferiore
2815 4740 2972 4794 quam
3014 4723 3273 4793 angelica.
3302 4722 3545 4777 Vidimus
3572 4723 3777 4790 patien-

2193 4822 2316 4875 tiam
2344 4817 2575 4883 Domini,
2594 4816 2874 4871 didicimus
2895 4826 3150 4883 quantum
3181 4812 3377 4867 malum
3415 4812 3485 4866 sit
3520 4810 3727 4866 desidia
3752 4852 3773 4880 ,

2189 4910 2455 4981 quomodo
2482 4918 2533 4963 et
2561 4906 2907 4977 praesentibus
2937 4905 3146 4973 spoliet,
3178 4911 3233 4958 et
3258 4917 3446 4973 magna
3476 4903 3773 4973 ignominia

2189 4999 2402 5055 alliciat.
2426 4998 2646 5062 Idcirco,
2673 4996 2917 5060 obsecro,
2945 4992 3111 5048 sobrii
3136 4991 3323 5057 simus,
3349 4990 3581 5061 fiantque
3605 4992 3773 5047 nobis

2190 5091 2394 5143 illorum
2423 5088 2604 5156 lapsus
2624 5083 2882 5149 remedia,
2910 5090 2963 5136 et
2994 5082 3203 5135 illorum
3233 5079 3434 5135 desidia
3460 5080 3771 5139 securitatis

2189 5194 2377 5234 causa:
2409 5174 2835 5247 quandoquidem
2854 5173 3023 5241 major
3043 5186 3196 5241 poena
3215 5179 3297 5226 est
3315 5184 3498 5225 eorum
3520 5171 3609 5240 qui
3640 5182 3767 5242 post

2189 5270 2304 5324 illos
2330 5275 2565 5337 peccant,
2591 5276 2642 5321 et
2668 5280 2733 5320 eo
2760 5266 2927 5332 major
2946 5263 3083 5331 quod
3113 5260 3371 5330 exemplis
3396 5261 3684 5317 emendare
3705 5278 3770 5319 se

2188 5360 2373 5414 nolint.
2402 5358 2517 5413 Non
2541 5358 2679 5412 enim
2710 5356 2799 5425 qui
2826 5365 3008 5425 postea
3030 5353 3214 5408 eadem
3244 5361 3466 5422 peccant
3498 5368 3617 5422 qua
3650 5356 3766 5422 pri-
3832 5378 3845 5389 ι

2186 5451 2256 5506 mi
2282 5491 2299 5517 ,
2323 5451 2375 5504 in
2402 5448 2641 5503 eamdem
2664 5459 2874 5516 pmnam
2902 5444 3152 5498 incident.
3185 5441 3241 5497 ω
3269 5443 3409 5513 quod
3438 5443 3675 5498 breviter
3694 5444 3767 5500 ab

2246 5537 2261 5564 ¹
2294 5538 2343 5583 ln
2369 5542 2480 5583 octo
2499 5534 2609 5582 Mss.
2634 5540 2688 5581 et
2709 5547 2804 5582 uno
2837 5532 3025 5591 Savilii,
3049 5535 3179 5583 bene
3214 5539 3386 5591 multa,
3420 5536 3478 5585 ab
3513 5538 3589 5585 bis
3624 5540 3760 5587 voci-

2182 5593 2287 5653 bus,
2318 5608 2427 5659 quw
2448 5599 2611 5644 oculus
2634 5607 2727 5643 non
2748 5592 2871 5659 vidit
2894 5596 3199 5659 (ingentiab;
3226 5597 3313 5643 οὐκ
3349 5597 3484 5656 εἶδε),
3510 5612 3671 5659 usque
3697 5602 3759 5648 ad

2181 5660 2303 5717 hac,
2330 5655 2486 5705 iribus
2506 5663 2621 5703 ante
2647 5659 2795 5703 linem
2815 5655 3030 5718 homilia:
3050 5655 3292 5714 versibus,
3314 5668 3421 5718 qua:
3461 5655 3547 5708 nos
3586 5655 3757 5710 onum

2184 5720 2267 5785 (div
2290 5716 2470 5782 vexat-to
2492 5721 2665 5773 πάντας
2684 5716 2828 5777 ἡμᾶς)
2863 5716 3220 5768 desiderantur.
