4068 6384
258 400 356 457 ιιτ

249 517 460 584 Μέχρις
490 515 695 568 ἐκείνου
736 513 906 567 ταῦτα
957 512 1264 581 ὑπομενεῖς,
1301 510 1404 573 ἕως
1437 511 1502 563 ἂν
1535 510 1593 563 τὸ
1636 511 1788 573 τέλος
1815 508 1912 577 τῆς

251 602 399 669 ζωῆς
433 618 511 652 σοι
543 613 566 641 ι
593 601 977 672 ἐπαχθήσεται,
1006 599 1099 652 καὶ
1121 601 1200 661 είς
1228 598 1442 668 ἐκείνην
1460 597 1739 668 διαλυθῇςς
1769 596 1827 660 ἐξ
1850 590 1916 667 ἧς

253 691 348 742 καὶ
381 689 676 760 ἐπλάσθης.
710 689 770 741 Εἰ
800 687 908 758 γάρ
959 688 1052 739 καὶ
1081 685 1331 755 σώματός
1361 703 1440 737 σοι
1471 684 1631 754 φύσιν
1657 684 1917 755 ἐχαρισά-

255 794 365 846 μην
395 776 482 829 διὰ
509 777 605 845 τὴν
629 774 868 846 ἐμαυτοῦ
899 772 1330 844 φιλανθρωπίαν,
1359 771 1473 826 ἀλλ’
1502 770 1632 825 αὐτὸ
1661 773 1720 824 τὸ
1758 770 1917 841 σῶμα

249 862 360 914 ἀπὸ
411 862 515 929 γῆς
563 861 642 922 ὃν,
690 862 761 930 γῆ
797 859 956 913 πάλιν
979 859 1149 911 ἔσται.
1182 857 1272 924 Γῆ
1298 858 1407 928 γὰρ
1435 852 1507 921 εἴ,
1539 856 1634 909 καὶ
1659 859 1747 922 είς
1800 855 1918 926 γῆν

247 947 704 1014 ἁπε·.ιεύσῃ.”1να
726 948 834 1016 γάρ
865 947 938 1015 μὴ
971 943 1140 997 ταῦτα
1165 944 1407 1013 γένηται,
1443 942 1529 995 διά
1548 943 1706 995 τοῦτο
1741 938 1914 1008 εἷπον,

245 1033 346 1098 Μὴ
382 1033 620 1100 ἇψησθε
649 1033 752 1086 τοῦ
810 1033 1041 1095 ξύλου,
1095 1029 1296 1092 εἰπὼν,
1338 1031 1420 1081 ὅτι
1473 1025 1557 1100 ᾟ
1603 1030 1681 1082 ἂν
1728 1026 1914 1096 ἡμέρᾳ

245 1118 478 1188 φάγητε
524 1119 624 1174 ἀπ’
673 1117 878 1182 αὐτοῦ,
918 1117 1151 1179 θανάτῳ
1206 1114 1624 1170 ἀποθανεῖσθε.
1683 1115 1757 1167 Οὐ
1809 1115 1918 1185 γάρ

246 1205 548 1275 ἐϐουλόμην
580 1205 766 1258 τοῦτο’
795 1204 908 1257 ἀλλ’
940 1203 1127 1273 ἐπειδὴ
1155 1202 1224 1255 τά
1248 1202 1347 1270 μὲν
1378 1201 1506 1271 παρ’
1538 1200 1671 1270 ἐμοῦ
1704 1201 1916 1254 ἅπαντα

245 1292 555 1362 γεγένηται,
583 1292 647 1344 σύ
681 1291 736 1343 δέ
763 1289 944 1359 σαυτῷ
971 1289 1140 1343 ταῦτα
1165 1287 1554 1358 προεξένησας,
1587 1288 1680 1340 ἐπὶ
1707 1287 1911 1356 μηδένα

245 1379 432 1448 ἕτερον
469 1379 564 1448 τὴν
600 1377 777 1430 αἰτίαν
821 1377 993 1442 ἔπαγε
1016 1375 1043 1414 δ
1070 1415 1084 1437 ,
1135 1376 1270 1428 ἀλλὰ
1308 1377 1374 1444 τῇ
1422 1373 1619 1426 σαυτοῦ
1675 1373 1914 1444 ῥαθυμίᾳ

245 1466 354 1517 πᾶν
385 1465 674 1533 ἐπίγραφε.
714 1462 872 1516 Ἀλλά
892 1462 1050 1515 πάλιν
1073 1463 1202 1531 ἡμῖν
1223 1461 1407 1531 ἕτερον
1425 1460 1642 1530 ζήτημα
1670 1460 1916 1512 ἐντεῦθεν

243 1551 508 1611 τίκτεται,
541 1550 695 1618 ὅπερ,
727 1551 772 1600 εί
805 1547 1058 1616 βούλεσθε
1079 1586 1094 1611 ,
1133 1547 1412 1616 συντόμως
1457 1547 1807 1610 διαλύσαντες
1855 1548 1917 1599 τὸ

244 1636 543 1708 τηνικαῦτα
581 1634 1000 1704 καταπαύσομεν
1053 1634 1144 1687 τὸν
1195 1634 1369 1702 λόγον.
1426 1631 1591 1697 Εῐπε,
1644 1633 1845 1702 φησὶν,
1888 1635 1916 1686 ὁ

243 1723 402 1784 Θεός·
430 1716 511 1792 ᾟ
533 1722 608 1775 ἂν
627 1721 808 1788 ἡμέρᾳ
834 1719 1060 1790 φάγητε
1075 1721 1176 1774 ἀπ’
1207 1720 1413 1782 αὑτοῦ,
1439 1721 1670 1784 θανάτῳ
1697 1721 1915 1774 ἀποθα-

241 1809 465 1861 νεῖσθε
489 1807 789 1860 δείκνυνται
817 1806 871 1858 δὲ
891 1806 1153 1877 ζήσαντες
1183 1807 1321 1876 μετά
1357 1807 1457 1876 τὴν
1490 1809 1798 1876 παρακοήν,
1822 1807 1915 1858 καὶ

243 1895 306 1949 τὸ
330 1897 430 1964 τῆς
456 1894 710 1966 βρώσεως
737 1896 1048 1964 μετασχεῖν,
1081 1892 1286 1946 πολλῶν
1318 1892 1453 1945 ἐτῶν
1478 1893 1729 1963 ἀριθμόν.
1746 1892 1916 1945 Τοῦτο

242 1983 390 2036 δοκεῖ
447 1984 543 2038 μὲν
593 1981 778 2044 ἁπλῶς
828 1984 939 2043 τοῖς
984 1980 1319 2044 ἐπιπολαίως
1371 1982 1758 2048 ἐντυγχάνουσι
1803 1981 1916 2043 τοῖς

242 2069 586 2138 ἐγκιιμένοις
635 2068 778 2137 ἔχειν
811 2066 1033 2138 ζήτησίν
1085 2085 1204 2120 τινα
1229 2083 1240 2095 ·
1289 2069 1337 2121 εί
1379 2067 1434 2119 δέ
1456 2085 1536 2129 τις
1561 2067 1915 2136 εὐγνωμόνως

239 2157 342 2227 τὴν
387 2156 554 2226 ἀκοὴν
584 2155 893 2224 ὑπόσχοιτο,
920 2153 1090 2221 σαφές
1125 2155 1240 2206 ἐστι
1276 2153 1338 2205 τὸ
1380 2153 1667 2223 εἰρημένον
1697 2155 1789 2206 καὶ
1826 2153 1915 2206 οὐ-

241 2241 433 2311 δεμίαν
471 2239 546 2310 τῷ
578 2239 897 2309 προσέχοντι
925 2239 1149 2308 ζήτησιν
1192 2237 1330 2307 ἔχον.
1377 2238 1442 2292 Εἰ
1473 2236 1579 2310 γάρ
1616 2238 1710 2291 καὶ
1750 2238 1915 2292 πολὺν

241 2326 379 2379 ἐτῶν
408 2327 597 2394 χρόνον
619 2324 839 2394 ἔζησαν,
867 2324 980 2377 ἀλλ’
996 2327 1146 2395 ὅμως
1163 2325 1257 2394 ἀφ’
1287 2321 1354 2396 ἦς
1376 2326 1616 2395 ήκουσαν
1633 2325 1714 2387 τὸ,
1735 2323 1824 2392 Γῆ
1840 2321 1912 2389 εἴ,

242 2414 340 2467 καὶ
374 2417 460 2478 εἰς
480 2412 595 2482 γῆν
621 2413 950 2480 ἀπελεύσῃ,
987 2413 1076 2464 καὶ
1103 2411 1200 2483 τὴν
1227 2413 1500 2481 ἀπόφασιν
1548 2411 1795 2476 ἐδέξαντο
1821 2411 1912 2465 τοῦ

242 2500 494 2566 θανάτου,
533 2502 626 2553 καὶ
681 2499 862 2569 θνητοὶ
914 2499 1190 2568 γεγόνασι,
1245 2501 1338 2552 καὶ
1369 2500 1429 2563 ἐξ
1462 2500 1671 2553 ἐκείνου
1719 2500 1783 2554 ἀν
1832 2517 1914 2564 τις

240 2583 394 2640 εἶπεν
423 2587 617 2648 αὐτοὺς
647 2586 984 2656 τεθνηκέναι.
1017 2585 1186 2638 Τοῦτο
1217 2582 1309 2638 οὖν
1339 2587 1486 2656 καὶὴ
1527 2586 1716 2657 Γραφὴ
1745 2587 1915 2640 αἰνιτσ

238 2675 443 2743 τομένη
470 2669 644 2735 εἶπεν,
681 2673 760 2724 ὅτι
808 2665 892 2744 ⁷ῌ
944 2671 996 2726 δ’
1028 2673 1105 2738 ἂν
1157 2672 1348 2742 ἡμέρᾳ
1392 2673 1641 2742 φάγητε,
1682 2674 1914 2738 θανάτῳ

238 2759 638 2815 ἀποθανεῖσθε
653 2776 666 2789 ·
687 2758 806 2811 ἀντὶ
833 2758 1065 2828 τοῦ,Τὴν
1088 2760 1359 2828 ἀπόφασιν
1379 2760 1594 2826 δέξεσθε
1619 2759 1713 2813 τοῦ
1731 2760 1914 2832 θνητοὶ

239 2846 428 2898 λοιπὸν
488 2843 644 2898 είναι.
704 2844 970 2915 Καθάπερ
1009 2845 1116 2915 γάρ
1150 2848 1242 2899 ἐπὶ
1269 2847 1374 2900 τῶν
1404 2848 1774 2919 δικαστηρίων
1803 2849 1912 2901 τῶν

239 2930 618 2999 ἀνθρωπίνων,
662 2930 880 2982 ἐπειδὰν
912 2930 1186 2999 ἀπόφασίν
1216 2949 1298 2995 τις
1325 2932 1619 3003 δεξάμενος
1650 2934 1744 2987 τοῦ
1775 2936 1912 2990 πάν-

235 3033 344 3079 τως
379 3018 476 3086 τὴν
500 3017 740 3085 κεφαλὴν
762 3017 1169 3088 ἀποτμηθῆναι,
1197 3014 1315 3071 εἶτα
1347 3020 1425 3082 εἰς
1452 3020 1511 3072 τὸ
1539 3020 1911 3090 δεσμωτήριον

236 3102 506 3173 ἐμϐληθῇ,
556 3102 659 3155 κᾶν
691 3104 783 3154 ἐπὶ
809 3103 976 3156 πολὺν
1003 3106 1192 3174 χρόνον
1220 3104 1471 3176 διαμένῃ,
1508 3107 1658 3159 οὐδὲν
1688 3108 1911 3176 άμεινον

237 3190 347 3244 τῶν
373 3190 583 3259 νεκρῶν
611 3190 702 3241 καὶ
730 3190 1067 3258 τεθνηκότων
1093 3190 1286 3255 διάξει,
1315 3194 1381 3261 τῇ
1411 3193 1684 3260 ἀποφάσει
1721 3193 1912 3263 τεθνη-

237 3275 349 3338 κώς
371 3294 384 3306 ·
437 3277 528 3329 τὸν
582 3275 741 3328 αὐτὸν
778 3276 842 3346 δὴ
873 3275 1072 3347 τρόπον
1102 3278 1194 3329 καὶ
1235 3271 1403 3342 οὗτοι,
1460 3278 1519 3344 ἐξ
1560 3279 1776 3349 ἐκείνης
1813 3281 1912 3351 τῆς

235 3365 472 3435 ἡμέρας,
497 3362 556 3427 ἐξ
577 3358 643 3433 ἦς
669 3364 767 3432 τὴν
787 3363 1061 3430 ἀπόφασιν
1095 3364 1342 3427 ἐδέξαντο
1365 3366 1462 3436 τῆς
1490 3365 1832 3437 θνητότητος,
1865 3371 1912 3421 εί

235 3453 332 3506 καὶ
364 3451 529 3504 πολὺν
571 3450 863 3519 διήρκεσαν
893 3451 1100 3520 χρόνον,
1129 3449 1266 3503 ἀλλά
1315 3454 1381 3522 τῇ
1415 3452 1686 3522 ἀποφάσει
1718 3455 1912 3525 τεθνή-

236 3555 418 3592 κασιν.
454 3532 584 3590 Οἶδα
606 3537 688 3589 ὅτι
716 3536 886 3590 πολλά
916 3537 986 3589 τά
1023 3538 1292 3608 εἰρημένα
1345 3539 1438 3592 καὶ
1463 3541 1542 3602 εἰς
1576 3541 1708 3594 πολὺ
1741 3542 1912 3612 μῆκος

235 3627 372 3696 ημῖν
431 3623 660 3693 ἐξετάθη
701 3623 768 3676 τά
815 3623 915 3692 τῆς
961 3624 1342 3689 διδασκαλίας·
1375 3625 1454 3678 διὸ
1488 3627 1674 3697 ἐπειδὴ
1721 3631 1786 3698 τῇ
1816 3629 1910 3682 τοῦ

235 3711 373 3765 Θεοῦ
405 3712 587 3780 χάριτι
617 3709 755 3763 κατά
783 3710 1013 3780 δύναμιν
1043 3711 1315 3782 ἡμετέραν
1361 3713 1576 3766 ᾶπαντα
1617 3714 1696 3774 εἰς
1748 3715 1912 3783 μέσον

237 3798 368 3868 ὑμῖν
407 3796 699 3866 προθέντες
729 3796 880 3860 τέλος
913 3796 1267 3868 ἐπεθήκαμεν
1312 3800 1424 3861 τοῖς
1476 3800 1908 3868 ἀναγνωσθεῖσι,

240 3885 609 3953 συστείλωμεν
643 3883 879 3937 ἐνταῦθα
908 3883 999 3936 τὸν
1037 3883 1217 3951 λόγον.

309 3978 366 4028 ι’.
405 3971 562 4040 Ἐνῆν
607 3971 706 4040 μὲν
735 3970 845 4040 γὰρ
875 3969 966 4023 καὶ
994 3969 1153 4041 ἔτερα
1187 3971 1518 4042 προσθέντας
1549 3973 1720 4040 δεῖξαι
1750 3977 1912 4030 πάλιν

237 4060 334 4114 καὶ
363 4057 564 4128 ταύτην
594 4058 764 4128 αὐτὴν
797 4058 896 4127 τήν
919 4059 1190 4129 τιμωρίαν
1216 4058 1314 4129 τήν
1343 4060 1696 4130 ἐπαχθεῖσαν,
1725 4065 1818 4115 καὶ
1852 4065 1912 4116 τὸ

238 4145 466 4215 θνητοὺς
482 4144 733 4212 γενέσθαι
753 4142 952 4212 πολλὴν
974 4144 1202 4214 ἔχουσαν
1221 4146 1455 4200 άϐυσσον
1479 4147 1667 4216 φιλανθ
1677 4151 1907 4218 ρωπίας

239 4231 372 4288 ἁ)λά
402 4234 489 4285 ἵνα
524 4233 600 4302 μὴ
624 4229 701 4301 τῷ
737 4230 913 4300 πολλῷ
947 4231 1142 4303 πλήθει
1169 4232 1573 4304 καταχώσωμεν
1630 4235 1783 4304 ὐμῶν
1813 4237 1910 4309 τὴν

235 4320 498 4382 διάνοιαν,
555 4318 704 4387 φέρε,
759 4318 1230 4388 παρακαλέσωμεν
1278 4321 1422 4389 ὑμᾶς
1458 4321 1609 4394 [HQ]
1658 4325 1911 4380 ἐντεῦθεν

237 4404 551 4470 ἐξελθόντας
588 4404 662 4474 μῆ
697 4405 775 4465 είς
825 4406 1115 4474 ἀνονήτους
1144 4416 1166 4444 ε
1203 4406 1493 4475 συλλόγους
1531 4410 1761 4474 ἑαυτοὺς
1815 4415 1905 4466 ἐκ-

234 4492 458 4555 διδόναι,
502 4489 634 4559 μηδέ
659 4490 737 4552 είς
768 4489 1035 4562 φλυαρίας
1060 4493 1344 4562 ἀκαίρους,
1371 4494 1507 4547 ἀλλά
1534 4496 1658 4549 καθ’
1681 4499 1910 4561 ἑαυτοὺς

237 4573 518 4636 συνιέντας
547 4572 662 4642 μετ’
690 4572 931 4643 ἀλλήλων
959 4575 1239 4643 συλλέγειν
1266 4576 1334 4628 τὰ
1367 4579 1634 4648 εἰρημένα
1653 4621 1668 4645 ,
1715 4583 1805 4635 καὶ
1830 4586 1910 4647 εἰς

236 4662 541 4729 ὑπόμνησιν
569 4660 796 4721 ἐαυτούς
819 4658 993 4726 άγειν,
1025 4661 1078 4712 τί
1105 4661 1203 4730 μὲν
1223 4663 1250 4714 ὁ
1273 4663 1532 4736 δικαστής
1553 4667 1906 4736 ἀπεκρίνατο,

235 4748 288 4801 τί
311 4749 368 4800 δέ
395 4749 443 4799 οί
471 4745 762 4799 ὑπεύθυνοι
789 4747 1198 4818 ἀπελογήσαντο
1226 4789 1240 4814 ,
1293 4749 1386 4802 καὶ
1434 4751 1552 4814 πῶς
1579 4754 1608 4805 ό
1664 4755 1763 4824 μὲν
1820 4757 1906 4808 ἐπ’

235 4834 450 4903 ἐκείνην
475 4832 576 4902 τὴν
608 4833 786 4884 αἰτίαν
817 4835 1145 4901 μετήγαγεν,
1173 4834 1355 4903 ἐκείνη
1393 4834 1449 4887 δέ
1495 4837 1587 4890 ἐπὶ
1616 4839 1705 4892 τὸν
1742 4839 1864 4908 ὅφιν
1891 4882 1903 4902 .

235 4921 333 4976 καὶ
358 4918 475 4982 πῶς
514 4919 608 4971 καὶ
639 4917 827 4970 τοῦτον
865 4919 1249 4990 ἐτιμωρήσατο
1274 4961 1287 4984 ,
1329 4923 1421 4974 καὶ
1450 4923 1530 4975 δτι
1564 4923 1783 4996 διηνεκῆ
1814 4929 1907 4981 καὶ

235 5006 313 5078 τῷ
342 5006 507 5059 παντὶ
528 5003 683 5058 αἰῶνι
721 5005 1330 5075 συμπαρεκτεινομένην
1357 5007 1614 5080 αὐτῷτὴν
1636 5013 1907 5084 τιμωρίαν

236 5095 505 5164 ἐπήγαγε,
569 5092 664 5144 καὶ
726 5091 960 5161 σφοδράν
1013 5092 1112 5163 τὴν
1161 5093 1281 5146 κατ’
1315 5095 1479 5148 αὐτοῦ
1530 5098 1906 5170 ἀγανάκτησιν

234 5182 549 5249 ἐποιήσατο,
591 5179 686 5232 καὶ
707 5178 794 5235 διά
836 5179 1026 5230 τούτου
1052 5179 1266 5243 δεικνὺς
1291 5181 1390 5252 τὴν
1429 5183 1567 5253 πρὸς
1606 5187 1731 5250 τούς
1764 5190 1908 5244 ἀπα-

232 5267 495 5336 τηθέντας
529 5266 872 5335 κηδεμονίαν.
896 5267 973 5317 Δι’
1006 5259 1081 5319 ὧν
1102 5266 1209 5337 γὰρ
1231 5268 1322 5320 τὸν
1351 5269 1707 5340 ἀπατήσαντα
1737 5275 1910 5340 οὕτως

232 5348 499 5419 ⁴ήμύνατο,
527 5349 682 5417 δῆλον
698 5349 780 5399 ὅτι
813 5349 891 5409 εἰς
911 5349 1036 5411 τοὺς
1072 5349 1212 5400 πάνυ
1239 5349 1386 5419 αὐτῷ
1410 5355 1909 5424 περισπουδάστους

231 5435 332 5504 τὴν
366 5433 580 5501 ἀπάτην
602 5434 913 5501 εἰργάσατο.
941 5429 1073 5484 Εἶτα
1097 5433 1344 5487 ἐντεῦθεν
1376 5453 1480 5506 μνη
1490 5438 1785 5506 μονεύσατε
1809 5443 1904 5496 τοῦ

234 5518 510 5588 ἐπιτιμίου
555 5518 656 5588 τῆς
693 5517 969 5586 γυναικὸς,
1026 5519 1120 5571 καὶ
1171 5519 1269 5589 τῆς
1327 5521 1602 5587 κολάσεως
1652 5526 1751 5596 τῆς
1805 5530 1904 5582 ἐπ-

233 5605 494 5675 αχθείσης
522 5605 682 5675 αὐτῇ,
725 5604 925 5673 μᾶλλον
973 5604 1030 5657 δὲ
1062 5605 1157 5675 τῆς
1191 5605 1490 5673 νουθεσίας,
1533 5613 1626 5664 καὶ
1659 5613 1802 5668 οὕτω
1838 5618 1904 5671 τά

232 5691 370 5761 πρὸς
425 5691 517 5743 τὸν
559 5689 729 5757 Ἀδάμ
771 5691 1034 5760 εἰρημένα
1083 5693 1597 5764 μνημονεύσαντες,
1657 5701 1752 5753 καὶ
1805 5704 1906 5773 τῆς

296 5821 322 5850 ⁸
367 5819 572 5890 Ουίιίριῃ
612 5820 974 5890 11103291811111.-
995 5826 1115 5890 ζωῆς
1142 5840 1246 5890 εξου..
1275 5824 1398 5874 Infra
1423 5829 1520 5875 duo
1541 5843 1652 5878 mss.
1681 5839 1738 5890 χὴ
1765 5836 1904 5883 πάλιν

233 5884 424 5955 γίνηαι.
491 5881 518 5920 ιδ
543 5881 884 5955 53.111.511072.
935 5882 1106 5955 Myrﬁl.
1151 5886 1370 5955 ἐπάγαγε.
1397 5891 1537 5937 Alius
1561 5881 1746 5955 ειέωξέ,

229 5944 424 6004 quidam
453 5957 563 5995 mss.
593 5943 788 5991 ἐνταῦθα
808 5961 911 5993 κατ.
983 5947 1001 5973 τ
1033 5943 1201 5994 Morel.
1245 5943 1483 6007 ἀνοήτους.

1348 393 1414 450 IN
1452 394 1605 450 CAP.
1650 393 1713 448 ιιι
1755 385 1998 448 GENES.
2043 375 2497 448 1101110111111.

3607 385 3703 440 “8

2022 507 2353 575 ἀποφάσεως
2386 508 2467 569 είς
2511 504 2717 559 ἔννοιαν
2770 503 3036 566 ἐλθόντες,
3065 502 3192 556 Ὀτι
3231 499 3307 570 τῆ
3344 494 3416 564 ετ,
3465 502 3561 552 καὶ
3613 504 3702 567 εἰς

2019 591 2134 661 γῆν
2147 594 2483 661 ἀπελεύσῃ,
2510 591 2758 645 ἐντεῦθεν
2778 590 3090 660 ἐκπλάγητε
3104 590 3200 660 τὴν
3217 589 3423 657 ἄφατον
3451 585 3544 638 τοῦ
3569 585 3710 640 Θεοῦ

2019 679 2450 750 φιλανθρωπίαν,
2481 680 2562 732 ὅτι
2589 679 2738 750 ἡμᾶς
2759 679 2884 740 τοὺς
2919 679 2983 730 ἐκ
3016 677 3117 748 τῆς
3143 675 3249 746 γῆς
3277 675 3458 738 ὄντας,
3497 677 3590 727 καὶ.
3625 677 3704 736 εἰς

2017 766 2122 836 γῆν
2174 765 2574 836 διαλυομένους,
2615 767 2664 818 εἰ
2709 763 3102 834 βουληθείημεν
3151 761 3353 833 ἀρετὴν
3386 759 3703 829 μετελθεῖν,

2018 852 2113 904 καὶ
2165 851 2363 905 κακίαν
2415 852 2627 920 φυγεῖν,
2685 850 2794 903 τῶν
2839 850 3168 920 ἀπορρήτων
3212 847 3436 900 ἐκείνων
3483 845 3704 914 ἀγαθῶν

2017 939 2201 1004 ἀξιοῦν
2224 937 2586 1009 ἐπηγγείλατο
2617 939 2724 990 τῶν
2761 935 3177 1008 ἡτοιμασμένων
3202 938 3315 998 τοῖς
3358 933 3703 1004 ἠγαπηκόσιν

2018 1023 2200 1092 αὐτὸν,
2241 1026 2301 1079 Ἃ
2331 1025 2638 1093 ὀφθαλμὸς
2671 1027 2782 1078 οὐκ
2811 1021 2954 1086 εἶδε,
2997 1023 3094 1076 καὶ
3143 1018 3255 1088 οὖς
3293 1024 3405 1074 οὐκ
3446 1021 3701 1088 ἤκουσε,

2018 1110 2118 1163 καί
2156 1109 2254 1163 ἐπὶ
2285 1109 2537 1178 καρδίαν
2577 1109 2894 1178 ἀνθρώπου
2933 1111 3046 1163 οὐκ
3070 1108 3277 1174 ἀνέϐη.
3314 1108 3490 1177 Χάριν
3523 1107 3702 1159 τοίνυν

2017 1196 2216 1267 πολλὴν
2255 1196 2542 1266 ὀφείλομεν
2585 1195 2742 1266 ήμῶν
2797 1195 3079 1265 ὁμολογεῖν
3133 1194 3210 1264 τῷ
3262 1193 3510 1263 Δεσπότη
3564 1193 3701 1262 ὑπὲρ

2017 1283 2124 1336 τῶν
2147 1282 2481 1352 τηλικούτων
2504 1282 2854 1352 εὐεργεσιῶν,
2891 1283 2987 1335 καὶ
3021 1282 3296 1352 μηδέποτε
3333 1280 3474 1350 λήθῃ
3517 1278 3699 1332 ταῦτα

2018 1369 2436 1439 παραπέμπειν,
2497 1369 2633 1421 ἀλλά
2680 1368 2768 1421 διά
2820 1367 2929 1421 τῶν
2978 1367 3200 1435 ἀγαθῶν
3239 1367 3418 1438 ἔργων
3456 1367 3548 1419 καὶ
3598 1366 3700 1434 τῆς

2017 1457 2216 1527 πολλῆς
2241 1457 2347 1508 τῶν
2371 1455 2590 1524 φαύλων
2612 1455 2923 1525 ἀποφυγῆς,
2947 1455 3136 1508 τοῦτον
3165 1452 3581 1524 ἐξιλεωσώμεθα
3604 1452 3702 1504 ιιιαῖ⁹

2016 1543 2216 1613 εὐμενῆ
2267 1545 2396 1612 ήμίν
2448 1543 2904 1612 καταστήσωμεν.
2940 1542 3063 1604 Πῶς
3095 1540 3204 1611 γάρ
3229 1541 3291 1592 οὐ
3335 1541 3516 1610 πάσης
3541 1537 3701 1592 τοῦτο

2017 1628 2407 1699 ἀγνωμοσύνης
2443 1627 2663 1698 δεῖγμα,
2695 1629 2742 1680 εί
2769 1628 2931 1691 αὐτὸς
2965 1627 3085 1697 μὲν,
3121 1627 3254 1688 Θεὸς
3279 1625 3354 1679 ὣν
3389 1626 3701 1679 κα“ιάθάνα-

2016 1733 2127 1779 10;.
2161 1715 2257 1785 τὴν
2283 1715 2441 1778 φύσιν
2467 1713 2833 1768 ἀναλαϐέσθαι
2863 1713 2963 1785 τὴν
2987 1713 3188 1783 θνητὴν
3213 1713 3372 1783 ήμῶν
3395 1714 3490 1766 καὶ
3513 1714 3699 1782 γήϊνον

2016 1802 2203 1856 οὐσίαν
2241 1804 2300 1856 οὐ
2337 1803 2732 1875 παρῃτήσατο,
2786 1803 2879 1856 καὶ
2932 1803 3034 1872 τῆς
3083 1802 3318 1873 ἀρχαίας
3376 1801 3700 1872 νεκρώσεως

2015 1890 2341 1955 ἀπαλλάξαι,
2377 1893 2470 1944 καὶ
2516 1890 2652 1959 ὑπὲρ
2683 1891 2773 1944 τὸν
2803 1890 3033 1961 οὐρανὸν
3064 1888 3272 1958 ταύτην
3327 1887 3697 1953 ἀναϐιϐάσαι,

2015 1977 2112 2031 καὶ
2143 1981 2210 2049 τῇ
2243 1980 2485 2050 πατρικῇ
2535 1974 2791 2048 συνεδρίᾳ
2818 1976 3070 2047 τιμῆσαι,
3119 1977 3213 2029 καὶ
3244 1975 3351 2028 ὐπὸ
3377 1975 3561 2046 πάσης
3600 1974 3700 2046 τῆς

2014 2066 2272 2136 οὐρανίας
2295 2068 2553 2135 στρατιᾶς
2584 2065 3005 2138 προσκυνεῖσθαι
3037 2065 3396 2130 καταξιῶσαι,
3433 2063 3611 2136 ’ἡμεῖς
3641 2065 3698 2118 δὲ

2014 2155 2082 2204 τὰ
2100 2153 2315 2206 ἐναντία
2342 2153 2516 2222 τούτῳ
2537 2152 2868 2223 ἀνταμεϊψαι
2891 2153 2952 2205 οὐ
2979 2150 3416 2224 κατηδέσθημεν,
3441 2151 3581 2204 ἀλλά
3603 2151 3700 2204 καὶ

2014 2239 2114 2312 τὴν
2137 2239 2400 2293 ἀθάνατον
2429 2239 2627 2310 ψυχὴν,
2661 2239 2737 2301 ὡς
2759 2241 2825 2294 ἄν
2846 2256 2929 2303 τις
2951 2238 3116 2303 εἴποι,
3149 2240 3216 2309 τῇ
3241 2239 3405 2309 σαρκὶ
3428 2237 3698 2308 προσκολο

2015 2326 2302 2396 λήσαντες,
2335 2328 2526 2398 γήϊνον
2575 2327 2744 2398 αὐτὴν
2800 2326 2896 2380 καλ⁵
2953 2325 3156 2396 νεκρὰν
3200 2327 3294 2379 καὶ
3339 2326 3700 2397 ἀνενέργητον

2015 2413 2267 2480 γενέσθαι
2308 2414 2844 2486 κατεσκευάσαμενςυ
2883 2413 2994 2482 Μή,
3039 2410 3366 2483 παρακαλῶ,
3410 2413 3484 2483 μὴ
3528 2413 3699 2475 οὕτως

2015 2499 2326 2570 ἀγνώμονες
2349 2494 2497 2570 ὦμεν
2528 2501 2655 2571 περὶ
2681 2501 2770 2553 τὸν
2821 2499 3056 2553 τοσαῦτα
3083 2499 3229 2570 ἡμᾶς
3263 2499 3696 2570 εὐηργετηκότα,

2016 2585 2150 2639 ἀλλὰ
2183 2589 2292 2650 τοῖς
2313 2587 2478 2640 αὐτοῦ
2503 2588 2688 2657 νόμοις
2720 2586 2996 2656 ἑπόμενοι,
3033 2586 3100 2639 τὰ
3141 2585 3292 2656 αὐτῷ
3316 2586 3577 2639 δοκοῦντα
3606 2587 3700 2638 καὶ

2016 2674 2287 2744 εὐάρεστα
2339 2675 2468 2727 δντα
2518 2671 3001 2745 διαπραττώμεθα,
3059 2673 3145 2725 ἵνα
3181 2674 3276 2726 καὶ
3321 2672 3430 2724 τῶν
3465 2673 3701 2724 αἰωνίων

2015 2760 2236 2828 ἀγαθῶν
2267 2759 2448 2826 ἀξίους
2475 2762 2624 2830 ἡμᾶς
2648 2759 2936 2832 ἀναδείξῃο
2970 2753 3044 2818 ῶν
3071 2759 3281 2828 γένοιτο
3313 2760 3522 2822 πάντας
3552 2761 3700 2829 ἡμᾶς

2016 2845 2334 2915 ἀξιωθῆναι,
2395 2847 2579 2918 χάριτι
2617 2848 2706 2900 καὶ
2739 2846 3120 2916 φιλανθρωπίᾳ
3175 2847 3266 2899 τοῦ
3301 2846 3509 2917 Κυρίου
3543 2847 3701 2914 ήμῶν

2029 2932 2204 3002 Ἰησοῦ
2231 2933 2485 3003 Χριστοῦ,
2525 2934 2646 3004 μεθ’
2684 2926 2744 2985 οὗ
2778 2933 2854 3003 τῷ
2895 2934 3091 3004 Πατρὶ,
3119 2933 3234 3002 ἅμα
3257 2933 3333 3001 τῶ
3368 2934 3509 3003 ἁγίῳ
3534 2934 3702 2985 Πνεύ-

2019 3035 2152 3088 ματι
2198 3019 2346 3082 δόξα,
2384 3021 2620 3088 κράτος,
2665 3021 2820 3090 τιμὴ,
2874 3020 2971 3073 νῦν
3020 3021 3114 3074 καὶ
3155 3021 3276 3086 ἀεὶ,
3319 3023 3415 3074 καὶ
3454 3023 3535 3084 εἰς
3577 3023 3702 3086 τοὺς

2015 3105 2216 3169 αἰῶνας
2247 3106 2354 3160 τῶν
2378 3106 2615 3161 αἰώνων.
2663 3109 2856 3177 Ἀμήν.

2580 3268 2728 3341 [150]
2755 3270 2997 3323 οιιιιΑιΑ
3031 3270 3140 3323 ιιιυ.

2017 3397 2127 3453 Kal
2163 3399 2462 3452 ἐκάλεσεν
2502 3398 2671 3466 Ἀδὰμ
2705 3399 2771 3450 τὸ
2803 3399 2990 3468 ὄνομα
3022 3397 3132 3466 τῆς
3171 3401 3456 3468 γυναικὸς
3487 3401 3696 3462 αὐτοῦ,

2087 3468 2284 3531 Ζωήἀ,
2315 3468 2402 3519 ὅτι
2429 3468 2581 3532 αὕτη
2608 3469 2812 3535 μήτηρ
2840 3467 3082 3520 πάντων
3132 3467 3251 3521 τῶν
3291 3468 3540 3530 ζώντων.
3589 3473 3699 3526 Καὶ

2087 3539 2342 3609 ἐποίησε
2396 3539 2609 3609 Ιςύριος
2637 3541 2668 3589 ὀ
2705 3537 2964 3602 Θεὸς-τῷ
3010 3538 3187 3608 Ἀδὰμ
3221 3542 3317 3592 καὶ
3349 3539 3422 3606 τῇ
3460 3541 3698 3609 γυναικὶ

2084 3607 2272 3659 αὑτοῦ
2297 3605 2554 3674 χιτῶνας
2576 3605 2989 3675 δερματίνους,
3014 3611 3109 3660 καί
3131 3605 3425 3661 ἐνέδυσεν
3452 3605 3694 3675 αὐτούς.

2085 3676 2206 3747 Καί
2225 3671 2394 3728 εἶπεν
2421 3679 2452 3730 ό
2481 3677 2627 3741 Θεός
2648 3691 2660 3704 ο
2706 3675 2863 3729 Ἰδοὺ
2912 3677 3092 3745 Ἀδὰμ
3123 3679 3369 3747 γέγονεν
3397 3680 3476 3746 ὡς
3513 3675 3600 3746 εἷς
3630 3681 3699 3746 ἐξ

2279 3697 2394 3728 πεν
2421 3697 2452 3730 o
2481 3697 2627 3741 σεος
2648 3697 2660 3704 ’
2718 3697 2863 3729 100v
2925 3697 3092 3745 nam
3123 3697 3369 3746 γεγονεν
3397 3699 3476 3746 ως
3513 3697 3600 3746 εις
3630 3697 3657 3734 ε

2086 3743 2272 3814 ἡμῶν.

2087 3886 2153 3932 α’.
2174 3879 2356 3932 Είδετε
2379 3879 2496 3949 χθὲς
2519 3880 2784 3933 Δικαστοῦ
2804 3880 3215 3954 φιλανθρωπίαν
3232 3899 3246 3948 ;
3265 3884 3433 3936 εἴδετε
3453 3884 3700 3950 ἐξέτασιν

2013 3967 2351 4036 ἀγαθότητος
2382 3967 2661 4038 γέμουσαν
2690 3986 2704 4034 ;
2731 3969 2900 4022 εἴδετε
2938 3972 3220 4041 τιμωριῶν
3255 3973 3550 4044 διαφοράν;
3583 3973 3699 4037 πῶς

2016 4054 2116 4124 μὲν
2145 4057 2173 4106 ό
2207 4054 2293 4107 διὰ
2333 4054 2434 4124 τῆς
2462 4057 2679 4124 ἀπάτης
2717 4055 3085 4120 ὑποσκελίσας
3117 4060 3459 4129 ἐτιμωρήθη,
3490 4062 3607 4123 πῶς
3641 4063 3698 4114 δὲ

2013 4143 2046 4212 ἡ
2072 4143 2182 4204 τοῖς
2208 4141 2678 4194 ὐποσκελισθεῖσιν
2711 4142 3015 4211 ἐπαχθεῖσα
3059 4145 3304 4214 τιμωρία
3335 4146 3537 4216 πολλὴν
3587 4148 3696 4200 δεί-

2013 4244 2171 4280 κνυσι
2201 4229 2300 4299 τὴν
2337 4227 2433 4280 τοῦ
2465 4227 2599 4280 Θεοῦ
2645 4227 3092 4299 φιλανθρωπίαν;
3129 4230 3300 4284 είδετε
3348 4233 3524 4304 πόσης
3563 4237 3697 4304 ήμίν

2011 4312 2278 4382 ὠφελείας
2313 4315 2535 4381 γέγονεν
2566 4315 2825 4378 ὑπόθεσις
2855 4315 2916 4368 τὸ
2958 4317 3305 4387 παραστῆναι
3338 4318 3418 4388 τῷ
3436 4320 3696 4391 δικαστη-

2014 4401 2136 4472 ρίῳ,
2170 4402 2264 4454 καὶ
2293 4401 2420 4453 ἰδεῖν
2438 4401 2587 4463 ὅπως
2608 4401 3052 4474 προεχώρησενή
3082 4404 3368 4472 ἐξέτασις;
3407 4408 3696 4478 Ἐγνωμεν

2011 4488 2141 4558 γάρ,
2180 4489 2320 4540 ὅσων
2350 4505 2406 4540 τε
2433 4489 2527 4540 καὶ
2562 4488 2768 4558 ἡλίκων
2796 4490 3019 4556 ἀγαθῶν
3050 4492 3278 4555 ἑαυτοὺς
3307 4495 3694 4565 ἀπεστέρησαν

2011 4576 2038 4627 ὅ
2065 4592 2125 4627 τε
2161 4575 2350 4645 Ἀδάμ,
2381 4577 2414 4644 ἥ
2446 4593 2504 4628 τε
2535 4575 2672 4641 Εὕα,
2698 4576 2785 4629 διὰ
2805 4577 2904 4646 τῆς
2931 4579 3296 4648 παραϐάσεως
3325 4582 3427 4651 τῆς
3447 4583 3695 4654 δοθείσης

2009 4662 2232 4731 ἐντολῆς
2254 4702 2268 4725 ,
2319 4663 2696 4732 γυμνωθέντες
2727 4664 2825 4734 τῆς
2867 4665 3025 4734 δόξης
3062 4667 3280 4737 ἐκείνης
3309 4670 3407 4739 τῆς
3438 4673 3651 4737 άφάτου
3675 4715 3690 4739 ,

2009 4749 2106 4803 καὶ
2134 4749 2233 4817 τῆς
2266 4749 2413 4818 ζωῆς
2435 4749 2534 4819 τῆς
2583 4751 2734 4803 οὐδὲν
2783 4751 3003 4804 ἔλαττον
3055 4755 3242 4823 σχεδὸν
3268 4767 3290 4794 ο
3327 4757 3560 4828 ἐχούσης
3585 4761 3692 4813 τῶν

2012 4833 2276 4902 ἀγγέλων.
2303 4836 2530 4906 Εἶδομεν
2564 4837 2662 4906 τὴν
2686 4837 3043 4902 ἀνεξικακίαν
3072 4841 3166 4893 τοῦ
3197 4844 3492 4907 Δεσπότου,
3537 4847 3693 4899 ἐπαι-

2009 4923 2281 4994 δεύθημεν
2311 4926 2436 4978 ὅσον
2472 4925 2642 4978 κακόν
2675 4928 2790 4980 ἐστι
2837 4928 3100 4998 ῥᾳθυμία,
3139 4932 3233 4983 καὶ
3267 4932 3415 4996 ὅπως
3449 4935 3544 4987 καὶ
3586 4937 3692 4988 τῶν

2010 5010 2112 5080 ἤδη
2153 5011 2522 5081 ὑπηργμένων
2561 5013 2782 5079 ἀγαθῶν
2812 5017 3056 5084 γυμνοὺς
3104 5019 3197 5071 καὶ
3250 5021 3492 5091 ἐρήμους
3542 5026 3691 5094 ήμᾶς

2011 5095 2323 5166 ἐργάζεται,
2358 5099 2450 5150 καὶ
2499 5101 2557 5150 ἐν
2605 5099 2774 5170 πολλῇ
2824 5101 3116 5172 καθίστησι
3156 5108 3222 5175 τῇ
3272 5107 3523 5180 αἰσχύνῃ.
3578 5112 3688 5175 Διὸ,

2013 5183 2332 5254 παρακαλῶ,
2372 5185 2652 5256 νήφωμεν,
2702 5189 2798 5241 καὶ
2850 5188 2920 5242 τὰ
2973 5190 3201 5244 ἐκείνων
3242 5194 3512 5264 πτώματα
3562 5198 3694 5268 ήμίν

2012 5271 2252 5338 γενέσθω
2270 5274 2558 5342 φάρμακα,
2589 5276 2682 5326 καὶ
2713 5277 2744 5343 ὴ
2775 5275 2999 5330 ἐκείνων
3027 5278 3270 5349 ῥᾳθυμία
3296 5282 3427 5351 ἡμῖν
3454 5285 3696 5351 γενέσθω

2013 5359 2312 5426 ἀσφαλείας
2345 5359 2599 5421 ὑπόθεσις
2621 5376 2635 5392 ο
2666 5362 2854 5432 ἐπειδὴ
2887 5365 2980 5416 καὶ
3013 5365 3217 5433 μείζων
3248 5369 3280 5436 ή
3317 5371 3557 5438 τιμωρία
3582 5375 3696 5436 τοῖς

2010 5447 2091 5508 είς
2121 5446 2178 5497 τὸ
2210 5447 2334 5515 ἑξῆς
2361 5447 2431 5498 τά
2451 5447 2592 5500 αὐτά
2629 5448 3064 5518 πλημμελοῦσιν,
3104 5452 3215 5522 ὅσῳ
3252 5456 3384 5524 μηδὲ
3417 5459 3528 5519 τοῖς
3561 5459 3695 5512 ὐπο-

2008 5531 2264 5600 δεὶγμασι
2284 5533 2713 5605 σωφρονέστεροι
2730 5535 2985 5602 γενέσθαι
3000 5537 3400 5610 ἠϐουλήθησαν.
3427 5544 3562 5596 Οὐδὲ
3585 5546 3695 5615 γὰρ

2010 5618 2060 5669 οἱ
2084 5619 2222 5687 μετά
2254 5618 2426 5671 ταῦτα
2454 5620 2521 5672 τά
2545 5620 2684 5672 αὐτά
2716 5624 2829 5683 τοῖς
2858 5624 3145 5692 προτέροις
3168 5627 3576 5696 ἁμαρτάνοντες
3599 5633 3695 5702 τὴν

2010 5703 2179 5774 αὐτὴν
2217 5705 2636 5774 εἰσπράττονται
2668 5707 2843 5777 δίκην.
2870 5709 2979 5760 Καὶ
2999 5709 3158 5763 τοῦτο
3187 5714 3468 5784 συντόμως
3501 5719 3695 5787 μαθεῖν

2013 5790 2220 5854 ἔξεστιν
2247 5792 2356 5844 ἀπὸ
2389 5791 2482 5845 τοῦ
2512 5792 2674 5861 σοφοῦ
2711 5794 3035 5850 διδασκάλου
3065 5799 3165 5869 τῆς
3206 5802 3557 5876 οἰκουμένης,
3599 5808 3692 5861 τοῦ

2077 5966 2102 6004 ἀ
2126 5968 2272 6016 δαδιι.
2303 5969 2419 6027 Εὕα,
2448 5971 2559 6032 ὅπερ
2587 5973 2682 6020 ἐστὶ
2714 5981 2806 6031 ζωή
2875 5989 2898 6016 c
2948 5978 3116 6038 Σχεδὸν
3141 5978 3280 6031 deest
3308 5981 3547 6036 1113201121.
