4068 6402
389 425 489 480 ιιο

387 536 656 607 μακαρίου
687 533 896 587 Παύλου
930 534 1094 604 φημὶ,
1144 533 1390 599 λέγοντος
1411 546 1426 562 ⁸
1457 532 1629 603 Ὅσοι
1661 531 1770 599 τιῖσρ
1816 527 2046 598 ἀνόμως

387 623 671 691 ἥμαρτον,
688 622 925 690 ἀνόμως
953 622 1048 674 καὶ
1075 619 1468 674 ἀπολοῦνται*
1489 620 1582 671 καί
1603 618 1734 670 ὅσοι
1758 616 2050 684 ἑννόμωςι

385 711 670 780 ἥμαρτον,
704 709 802 762 διὰ
823 710 1006 778 νόμου
1049 706 1454 774 κριθήσονται,
1497 707 1560 758 Ὃ
1581 705 1636 757 δὲ
1657 703 1802 771 λέγει
1819 703 2055 756 τοιοῦτόν

385 795 565 850 ἐστιν·
598 797 671 850 Οὐ
707 797 806 866 τὴν
851 794 1020 864 αὐτὴν
1048 791 1278 846 δώσουσι
1318 792 1472 861 δίκην
1502 793 1551 843 οί
1597 790 1703 861 πρὸ
1741 789 1834 842 τοῦ
1866 788 2052 858 νόμου,

385 882 482 936 καὶ
513 885 562 936 οῖ
594 883 732 954 μετά
777 883 868 934 τὸν
896 881 1062 951 νόμον
1087 919 1102 944 ,
1152 879 1289 934 ἀλλά
1321 878 1626 948 βαρυτέρας
1659 876 2055 945 ὑποστήσονται

384 973 654 1044 τιμωρίας
691 972 739 1023 οί
768 969 907 1040 μετά
954 969 1054 1039 τὴν
1104 967 1197 1021 τοῦ
1246 967 1412 1036 νόμου
1443 965 1589 1019 δόσιν
1629 965 2054 1038 ἁμαρτάνοντες.

389 1058 554 1111 Ὅσοι
577 1057 685 1126 ’μὰρ
715 1056 947 1123 ἀνόμως
980 1055 1263 1123 ἥμαρτον,
1286 1051 1641 1120 ἀνόμως-’καὶ
1665 1048 2056 1103 ἀπολοῦνταιθ

385 1143 698 1206 τουτέστιν,
747 1141 1106 1212 ήμερωτέραν
1148 1139 1331 1202 αὐτοῖς
1367 1141 1512 1190 ποιεῖ
1541 1138 1639 1209 τὴν
1674 1135 1945 1205 τιμωρίαν
1996 1137 2058 1188 τὸ

391 1231 465 1302 μὴ
487 1230 631 1302 ἐχειν
649 1231 750 1301 τὴν
776 1227 987 1282 ἀπὸτοῦ
1008 1227 1173 1296 νόμου
1205 1224 1550 1278 διδασκαλίαν
1579 1240 1636 1275 τε
1665 1223 1758 1274 καὶ
1781 1220 2052 1292 βοήθειαν.

386 1318 497 1372 Kal
549 1316 680 1371 ὅσοι
712 1317 780 1369 ἐν
806 1315 962 1383 νόμῳ
994 1312 1280 1381 ἥμαρτον,
1321 1310 1418 1364 διὰ
1437 1311 1623 1378 νόμου
1650 1308 2052 1375 κριθήσονται.

387 1397 547 1459 οὗτοι
571 1404 650 1468 δέ,
674 1403 857 1474 φησὶν,
885 1400 1074 1470 ἐπειδὴ
1102 1399 1194 1453 καὶ
1219 1397 1312 1451 τὸν
1341 1397 1503 1466 νόμον
1528 1396 1686 1466 ἔσχον
1714 1395 2054 1456 διδάσκαλον,

388 1493 484 1546 καὶ
511 1491 630 1544 οὐδέ
663 1489 836 1551 οὕτως
865 1485 1370 1558 ἐσωφρονίσθησαν,
1407 1481 1544 1536 ἀλλὰ
1562 1483 1630 1534 τά
1661 1481 1800 1534 αὐτά
1833 1482 2060 1544 ἐκείνοις

387 1579 654 1650 ῆμαρτον,
688 1577 912 1646 μείζονα
944 1575 1037 1627 καὶ
1059 1572 1158 1642 τὴν
1202 1570 1364 1641 δίκην
1392 1569 1602 1622 τίσουσι
1631 1569 1678 1620 ιι.
1729 1568 1867 1620 Ἀλλ’
1896 1567 2062 1622 ἀκού-

391 1679 575 1744 σωμεν
604 1664 700 1717 καὶ
726 1660 834 1714 τῶν
855 1660 1098 1731 σήμερον
1129 1655 1606 1744 ἀναγνωσθέντων.
1645 1654 1753 1744 Ka}
1777 1652 2056 1744 édefsig-a,

392 1741 579 1823 φησὶν,
630 1750 814 1819 Ἀδὰμ
850 1749 914 1802 τὸ
966 1748 1153 1815 ὄνομα
1181 1744 1293 1813 τῆς
1330 1741 1615 1813 γυναικὸς
1659 1741 1867 1804 αὑτοῦ,
1897 1741 2056 1806 Εὕα,

390 1837 538 1905 ὅπερ
565 1837 692 1890 ἐστι
719 1834 853 1902 ζωὴ,
885 1833 972 1887 ὅτι
1002 1834 1156 1901 αῦτη
1167 1831 1364 1901 μήτηρ
1393 1830 1637 1885 πάντων
1668 1829 1787 1882 τῶν
1808 1827 2053 1888 ζώντων.

394 1926 537 1994 Ὅρα
557 1923 657 1993 τῆς
684 1921 834 1984 θείας
860 1922 1085 1992 Γραφῆς
1121 1921 1220 1991 τὴν
1261 1917 1566 1990 ἀκρίϐειαν,
1608 1915 1725 1980 πῶς
1753 1914 1872 1968 οὐδέ
1903 1915 2062 1968 τοῦτο

393 2011 662 2081 παρῆκεν,
709 2008 824 2063 ἀλλ’
854 2005 1087 2072 ἐδίδαξεν
1119 2007 1288 2077 ἡμᾶς,
1317 2005 1398 2058 δτι
1427 2005 1522 2057 καὶ
1549 2004 1614 2073 τῇ
1644 2003 1864 2071 γυναικὶ
1895 2017 2063 2073 προσ-

392 2097 704 2169 ηγορίανοὸ
749 2095 922 2166 Ἀδὰμ
960 2092 1248 2162 ἐπέθηκεν.
1290 2089 1589 2156 Ἐκάλεσε,
1621 2089 1765 2160 γὰρ,
1807 2088 1964 2159 φησὶ,
1997 2087 2063 2142 τὸ

395 2186 582 2254 ὄνομα
614 2183 723 2251 τῆς
749 2180 1032 2252 γυναικὸς
1069 2179 1279 2243 αὐτοῦ,
1306 2178 1451 2242 Εὕα,
1498 2178 1636 2247 ὅπερ
1666 2175 1781 2228 ἐστὶ
1811 2175 1945 2243 ζωὴ,
1975 2174 2063 2229 ὅτι

392 2270 545 2337 αὕτη
568 2269 764 2338 μήτηρ
790 2265 1030 2319 πάντων
1060 2265 1180 2318 τῶν
1224 2261 1452 2324 ᾇὸντων
1483 2279 1497 2294 ο
1553 2261 1854 2325 τουτέστιν,
1922 2261 2060 2332 αῦτη

393 2357 538 2428 ἀρχή
567 2357 683 2407 ἐστι
734 2353 953 2406 πάντων
1000 2350 1108 2404 τῶν
1142 2350 1203 2415 ἐξ
1247 2349 1420 2420 αὐτῆς
1467 2350 1763 2419 ἐσομένων,
1787 2350 1881 2402 καὶ
1913 2347 2062 2421 [151]

397 2442 524 2514 ῥίζα
555 2441 647 2495 καὶ
677 2439 925 2510 θεμέλιος
953 2437 1052 2508 τῆς
1084 2437 1221 2507 μετά
1250 2437 1422 2490 ταῦτα
1473 2438 1688 2505 γενεᾶς.
1743 2431 1876 2489 Είτα
1927 2436 2067 2506 μετά

395 2530 458 2583 τὸ
477 2527 683 2595 διδάξαι
726 2528 872 2598 ἡμᾶς
912 2525 1008 2595 τὴν
1041 2523 1381 2578 ἐπιτιθεῖσαν
1415 2525 1481 2594 τῇ
1529 2523 1749 2592 γυναικὶ
1799 2540 2066 2593 προσηγο-

401 2616 545 2688 ρίαν,
593 2614 756 2668 πάλιν
799 2613 1072 2668 δείκνυσιν
1100 2613 1233 2682 ήμῖν
1283 2610 1374 2664 τοῦ
1423 2609 1559 2664 Θεοῦ
1587 2609 1686 2680 τήν
1733 2609 2066 2680 ἀγαθότητα,

399 2704 549 2765 ὅπως
588 2701 649 2754 οὐ
698 2701 928 2772 περιορᾷ
973 2701 1031 2754 ἐν
1067 2698 1303 2770 τοσαύτη
1350 2697 1578 2769 αἰσχύνῃ
1617 2698 1710 2751 καὶ
1769 2697 2068 2767 γυμνότητι

399 2789 526 2850 τοὺς
566 2787 657 2840 ὑπ’
683 2785 850 2840 αὐτοῦ
882 2784 1402 2855 δημιουργηθέντας.
1437 2784 1547 2838 Kal
1598 2784 1871 2852 ἐποίησε,
1913 2784 2069 2853 φησὶ,

399 2874 618 2941 Κύριος
652 2875 686 2927 ό
717 2871 862 2938 Θεὸς
891 2871 970 2935 τῷ
1007 2870 1187 2939 Ἀδὰμ
1211 2870 1306 2923 καὶ
1334 2868 1408 2937 τῇ
1433 2869 1668 2939 γυναικί
1697 2869 1884 2924 αὐτοῦ
1904 2869 2072 2937 χιτῶ-

400 2976 513 3024 νας
557 2957 983 3028 δερματίνους,
1037 2956 1137 3010 καῖ
1185 2955 1478 3010 ἐνέδυσεν
1529 2956 1769 3030 αὐτούς.
1807 2956 2072 3025 Καθάπερ

402 3047 512 3117 γὰρ
552 3043 732 3116 πατὴρ
765 3043 1136 3114 εὐσπλαγχνος
1169 3041 1334 3096 παῖδα
1357 3041 1497 3111 έχων
1520 3041 1716 3112 εὐγενῆ
1736 3052 1783 3106 ο,
1809 3042 1901 3096 καὶ⁵
1934 3044 2073 3112 μετὰ

407 3133 589 3201 πάσης
618 3129 933 3200 ἐπιμελείας
962 3128 1419 3199 ἀνατρεφόμενον,
1456 3129 1549 3181 καὶ
1595 3128 1806 3198 τρυφῆς
1858 3129 2075 3199 ἀπάσης

406 3217 769 3278 ἀπολαύοντα,
797 3217 890 3269 καὶ
917 3216 1071 3285 ἐστίᾳ
1101 3215 1331 3284 λαμπρᾷ
1361 3215 1718 3284 κεχρημένον,
1750 3215 1846 3268 καὶ
1876 3216 2077 3286 σηρικά

411 3303 602 3372 ἱμάτια
632 3301 1119 3372 περιϐεϐλημένον,
1147 3301 1241 3353 κα)⁵
1274 3299 1411 3369 μετά
1464 3300 1647 3363 ἁδείας
1688 3302 1751 3370 τῇ
1789 3302 2076 3372 περιουσίᾳ

409 3391 504 3444 καὶ
533 3389 610 3460 τῷ
631 3391 845 3460 πλούτῳ
875 3387 1216 3460 κεχρημένον
1239 3387 1316 3458 τῷ
1345 3385 1618 3457 πατρικῷ,
1665 3387 1808 3458 δρῶν
1848 3387 2075 3456 ὕστερον

407 3477 518 3533 ἀπὸ
542 3478 641 3547 τῆς
668 3477 904 3539 ἀνέσεως
927 3480 1134 3547 ταύτης
1155 3475 1254 3546 τῆς
1288 3475 1486 3545 πολλῆς
1515 3477 1594 3535 είς
1614 3475 1858 3545 κρημνὸν
1881 3477 2078 3540 κακίας

409 3561 773 3629 ἐξοκείλαντα,
800 3563 1014 3618 πάντων
1035 3563 1256 3616 ἐκείνων
1278 3563 1657 3632 ἀποστερήσας
1682 3561 1775 3614 καὶ⁸
1792 3564 1859 3632 τῇ
1881 3561 2077 3615 ἐαυτοῦ

411 3651 628 3722 ἐξουσίᾳ
650 3651 942 3717 ὑποτάξας,
974 3650 1068 3703 καὶ
1096 3649 1196 3719 τῆς
1225 3649 1450 3720 ἐσθῆτος
1501 3647 1818 3718 γυμνώσας,
1865 3648 2079 3719 ἱμάτιον

412 3737 626 3800 εὐτελὲς
659 3736 806 3807 αὐτῷ
837 3736 1096 3799 πολλάκις
1143 3736 1238 3789 καὶ
1267 3733 1512 3788 δουλικὸν
1544 3735 1907 3806 περιτίθησιν,
1939 3735 2079 3788 ὥστε

418 3825 493 3896 μὴ
519 3826 697 3895 πάντη
734 3823 938 3895 γυμνὸν
971 3819 1111 3877 εἷναι
1163 3825 1257 3877 καὶ
1305 3825 1634 3894 ἀσχημονεῖν
1659 3843 1672 3856 ο
1703 3823 1845 3878 οὕτω
1888 3823 1950 3896 δὴ
1987 3825 2082 3880 καὶ

413 3916 442 3966 ὁ
462 3911 843 3983 φιλάνθρωπος
877 3910 1030 3977 Θεὸς,
1077 3910 1262 3981 ἐπειδὴ
1296 3911 1547 3976 ἀναξίους
1571 3911 1796 3974 ἐαυτούς
1821 3911 2082 3982 κατέστη-

417 4017 517 4052 σαν
558 3999 653 4052 τοῦ
688 3998 941 4069 λαμπροῦ
993 3998 1202 4052 ἐκείνου
1234 3998 1328 4052 καὶ
1377 3997 1607 4067 φαιδροῦ
1637 3998 1953 4067 ἐνδύματος,
1985 4000 2080 4053 τοῦ

416 4085 856 4158 περιστέλλοντος
885 4085 1081 4148 αὐτοὺς
1100 4126 1115 4150 ,
1145 4086 1238 4137 καὶ
1288 4083 1799 4156 παρασκευάζοντος
1825 4085 1851 4124 ά
1882 4087 2082 4139 ἀνωτέ-

421 4189 544 4243 ρους
578 4167 720 4225 εἶναι
749 4171 855 4224 τῶν
880 4171 1206 4240 σωματικῶν
1231 4171 1506 4239 ἀναγκῶν,
1564 4171 1861 4241 γυμνώσας
1887 4172 2084 4236 αὐτοὺς

417 4258 517 4327 τῆς
531 4257 688 4322 δόξης
725 4256 936 4328 ἐκείνης
967 4258 1202 4327 ἀπάσης,
1222 4258 1315 4310 καὶ
1343 4257 1439 4328 τῆς
1461 4258 1834 4322 ἀπολαύσεως,
1866 4253 1933 4328 ἧς
1950 4260 2086 4330 πρό-

416 4361 573 4411 τερον
609 4347 877 4415 μετεῖχον,
919 4346 1048 4414 πρὶν
1093 4345 1336 4414 ἢπεσείν
1369 4345 1429 4397 τδ
1465 4345 1667 4414 πτῶμα
1699 4346 1858 4399 τοῦτο
1892 4346 1952 4399 τὸ
1992 4365 2084 4416 χα-

410 4432 600 4497 λεπὸν,
648 4433 814 4486 πολὺν
864 4432 990 4503 περὶ
1014 4432 1211 4493 αὐτοὺς
1257 4432 1346 4484 τὸν
1393 4427 1569 4484 οἶκτον
1616 4433 2080 4503 ἐπιδεικνύμενος,

421 4519 515 4571 καὶ
542 4517 708 4572 ἐλεῶν
733 4518 930 4581 αὐτοὺς
960 4519 1058 4587 τῆς
1093 4517 1443 4582 ἐκπτώσεως,
1469 4520 1566 4571 καὶ
1592 4519 1733 4589 ὀρῶν
1763 4520 1960 4591 πολλὴν
1985 4523 2082 4590 τὴν

420 4604 807 4676 ἀσχημοσύνην
832 4604 1343 4676 περιϐεϐλημένους,
1366 4606 1457 4657 καὶ
1476 4604 1574 4657 οὐκ
1598 4605 1829 4668 εἰδότας,
1855 4607 1882 4659 ὃ
1907 4623 1959 4658 τι
1990 4607 2083 4660 καὶ

421 4695 707 4763 πράξουσι,
742 4694 878 4764 πρὸς
899 4695 958 4748 τὸ
996 4694 1069 4764 μὴ
1101 4695 1342 4763 γυμνοὺς
1374 4688 1512 4747 εἶναι
1541 4695 1636 4746 καὶ
1669 4698 2081 4767 ἐνασχημονεῖν,

421 4783 651 4852 χιτῶνας
704 4782 884 4844 αὐτοῖς
956 4781 1243 4850 ἐργάζεται
1308 4781 1664 4852 δερματίνους
1717 4783 1808 4836 καὶ
1859 4785 2084 4854 ἀμφιέν-

421 4884 562 4923 νυσι.
595 4865 828 4940 Τοιαῦτα
854 4867 960 4939 γὰρ
979 4867 1044 4920 τὰ
1070 4868 1214 4938 παρά
1244 4865 1338 4919 τοῦ
1365 4878 1387 4906 ε
1409 4867 1653 4920 διαϐόλου
1689 4872 2080 4940 μηχανήματα·

423 4955 640 5010 ἐπειδάν
651 4957 758 5027 7&9
775 4956 905 5027 εὐρῃ
919 4959 1042 5019 τοὺς
1058 4955 1202 5026 αὐτῷ
1219 4957 1591 5026 πειθομένους,
1610 4957 1697 5009 διὰ
1707 4959 1804 5027 τῆς
1825 4958 2078 5029 βραχείας

423 5043 614 5112 ἡδονῆς
641 5043 1023 5106 ὑποσκελίσας,
1049 5044 1141 5094 καὶ
1164 5045 1241 5106 είς
1267 5043 1429 5096 αὐτὸν
1460 5045 1557 5112 τῆς
1583 5045 1779 5107 κακίας
1810 5045 1898 5098 τὸν
1927 5047 2084 5116 βυθὸν

425 5128 752 5198 καταγαγὼν
786 5127 830 5194 ί,
858 5130 949 5182 κοιλ⁵
983 5130 1160 5197 πάσης
1202 5129 1461 5199 αἰσχύνης
1491 5134 1581 5183 καί
1609 5132 1830 5201 ἀτιμίας
1865 5134 2083 5206 πληρὼ-

425 5233 545 5280 σας,
579 5215 772 5285 ἀφίησι
811 5214 1020 5268 κεῖσθαι
1053 5215 1221 5276 κάτω,
1255 5215 1483 5267 ἐλεεινὸν
1516 5216 1694 5285 θέαμα
1721 5221 1828 5281 τοῖς
1863 5220 2081 5290 ὁρῶσιν.

437 5303 576 5354 Ἀλλ’
611 5303 773 5355 ὁτῶν
814 5303 1093 5371 ήμετέρων
1115 5301 1300 5371 ψυχῶν
1329 5301 1599 5370 κηδεμὼν,
1632 5304 1772 5374 ὁρῶν
1805 5307 2000 5370 αὐτοὺς
2028 5309 2085 5362 ἐν

418 5388 708 5459 ἀμηχανίᾳ
750 5388 937 5458 πολλῇ,
984 5387 1106 5440 οὐδέ
1151 5386 1290 5439 οὓτω
1338 5387 1594 5456 περιιδεῖν
1643 5390 1916 5463 ἀνέχεται,
1950 5394 2087 5449 ἀλλά

428 5476 635 5544 σκέπην
663 5474 844 5537 αὐτοῖς
880 5476 1099 5534 ἐπινοεῖ,
1130 5472 1215 5525 διὰ
1240 5474 1338 5542 τῆς
1365 5474 1637 5538 εὐτελείας
1662 5475 1755 5527 τοῦ
1790 5477 2086 5548 ἐνδύματος

423 5563 639 5624 δεικνὺς
682 5563 860 5627 αὐτοῖς
903 5562 1028 5615 οἴων
1063 5561 1286 5624 ἑαυτοὺς
1334 5562 1670 5631 κατέστησαν
1711 5561 1893 5628 ἀξίους
1937 5567 2087 5620 ἐνδυ-

428 5651 633 5720 μάτων.

491 5817 636 5863 'Sex
678 5830 790 5862 mss.
817 5815 1033 5880 etrSavil.
1081 5818 1126 5864 έν
1165 5817 1336 5880 νόμῳ»,
1380 5817 1407 5880 b
1451 5818 1652 5880 Quiilam
1696 5831 1804 5865 mss.
1855 5822 2076 5870 elSaxil.

429 5880 790 5933 ὺποοτήσονται.
863 5879 882 5905 (⁵
921 5880 1133 5933 Quatuor
1152 5875 1483 5932 anm:
1536 5875 1561 5913 τι
1589 5879 1680 5924 Alli
1710 5884 2081 5935 κατασκευάζον-

430 5954 522 6004 τος.
595 5955 616 5977 e
644 5938 788 6005 διαίτη,
821 5942 869 5982 el
892 5939 971 5985 alii
1071 5954 1112 5984 τι
1133 5940 1212 6005 καὶ
1232 5937 1495 6005 ,πράξουσα
1532 5937 1746 6005 Τοιαῦται
1771 5939 1857 6005 γὰρ
1880 5942 1937 5988 τὰ.
1959 5943 2084 6005 παρὰ

423 5996 535 6052 τοῦ,
563 5999 751 6046 omissis
779 5997 1096 6046 iulermcdiis.
1169 5998 1188 6037 ί
1217 5996 1417 6057 Aliquot
1443 6011 1552 6047 mss.
1597 5996 1888 6046 καταϐαλών.

1161 417 1218 474 S.
1263 417 1546 473 JO.\NNIS
1585 412 2072 472 CHIWSOSTOMI
2111 411 2431 470 ARCHIEP.
2474 414 3019 472 CONSTANTINOP.

3711 411 3820 468 150

2227 528 2336 581 Καὶ
2368 530 2619 596 ἐποίησε
2658 531 2759 595 Κὺι
2783 547 2870 594 ιος
2901 531 2934 583 δ
2974 527 3116 593 Θεές
3148 527 3228 593 τῷ
3273 526 3458 596 Ἀδὰμ
3483 527 3581 580 καὶ
3612 525 3688 594 τῇ
3721 545 3820 596 γυ-

2153 616 2310 668 ναικί
2344 616 2529 669 αὺτοῦ
2556 613 2813 683 χιτῶνας
2835 614 3247 684 δερματίνους,
3280 615 3378 667 καὶ
3411 613 3707 667 ἐνέδυσεν
3719 614 3830 664 αὺ-

2155 703 2317 766 τούς.
2363 703 2504 772 Ὅρα
2535 703 2673 771 πόση
2704 702 2802 770 τῆς
2843 700 2993 764 θείας
3045 701 3266 771 Γραφῆς
3312 703 3344 771 ή
3389 700 3826 768 συγκατάϐασις.

2169 786 2305 840 ‘AM’
2334 788 2470 858 ὅπερ
2523 787 2779 850 πολλάκις
2821 783 2995 849 εἷπον,
3029 789 3122 841 καὶ
3160 786 3256 841 νῦν
3300 788 3466 856 λέγω·
3501 786 3830 855 θεοπρεπῶς

2158 875 2373 928 ἅπαντα
2407 874 2631 944 νοῶμεν,
2675 875 2767 927 καὶ
2803 875 2885 936 τὺ,
2940 873 3283 941 Ἐποίησεν,
3317 875 3436 928 ἀντὶ
3479 873 3595 935 τοῦ,
3644 873 3828 943 Προσ-

2158 959 2363 1025 έταξεν,
2390 962 2616 1030 νοῶμεν.
2662 960 2945 1013 Ἐκέλευσε
2977 958 3211 1029 χὶτῶνας
3247 961 3598 1032 δερματίνους
3628 960 3830 1021 αὐτοὺς

2157 1046 2543 1116 περιϐαλέσθαι
2570 1049 2595 1087 ⁸
2629 1034 2928 1116 ὑπόμνημα
2963 1046 3208 1116 διηνεκὲς
3235 1046 3331 1116 τῆς
3363 1047 3671 1117 παρακοῆς.

2230 1135 2296 1204 β’.
2327 1136 2700 1189 Ἀκουέτωσαν
2736 1138 2785 1191 οί
2820 1136 3198 1200 πλουτοῦντες,
3227 1139 3276 1190 οῖ
3311 1138 3692 1207 ἐντρυφῶντες
3717 1139 3832 1200 τοῖς

2155 1221 2263 1273 τῶν
2291 1223 2588 1291 σκωλήκων
2623 1224 2846 1292 νήμασι,
2884 1224 2978 1278 καὶ
3010 1224 3081 1276 τὰ
3111 1224 3314 1294 σηρικὰ
3345 1223 3832 1294 περιϐαλλόμενοι,

2158 1309 2252 1359 καὶ
2287 1307 2709 1376 μανθανέτωσαν
2729 1309 2848 1371 πῶς
2868 1309 2927 1371 ἐξ
2950 1311 3124 1380 ἀρχῆς
3149 1311 3244 1363 καὶ⁵
3271 1311 3336 1363 ἐκ
3364 1311 3673 1381 προοιμίων
3702 1329 3836 1365 παι⁶

2156 1392 2325 1445 δεύων
2354 1393 2452 1464 τὴν
2479 1394 2827 1466 ἀνθρωπίνην
2855 1396 3016 1465 φύσιν
3047 1397 3076 1448 ὁ
3109 1395 3491 1467 φιλάνθρωπος
3525 1398 3834 1468 Δεσπὰτης,

2159 1480 2347 1549 ἐπειδὴ
2395 1479 2483 1532 διὰ
2528 1481 2624 1552 τὴν
2677 1483 2988 1552 παράϐασιν
3021 1483 3099 1553 τῷ
3149 1483 3416 1554 ἐπιτιμίῳ
3445 1486 3543 1539 τοῦ
3595 1486 3836 1540 θανάτου

2160 1566 2383 1635 γέγονεν
2420 1568 2719 1631 ὑπεύθυνος
2753 1571 2781 1623 δ
2819 1570 3264 1641 πρωτόπλαστος,
3300 1572 3470 1643 ἐχρῆν
3507 1573 3566 1628 δέ
3612 1574 3840 1644 ἱμάτιον

2161 1652 2310 1724 αὐτῷ
2344 1654 2696 1724 περιτεθῆναι
2727 1655 2905 1725 τὸτὴν
2934 1656 3199 1726 αἰσχύνην
3227 1656 3524 1723 καλύπτον,
3566 1659 3838 1731 δερματί-

2159 1755 2283 1801 νους
2310 1740 2491 1803 αὐτοῖς
2509 1740 2733 1810 ἐποίησε
2762 1740 3014 1811 χιτῶνας,
3033 1742 3301 1797 διδάσκων
3324 1745 3469 1815 ήμᾶς
3491 1745 3724 1815 φεύγειν
3746 1747 3842 1801 τὸν

2163 1825 2327 1896 ὑγρὸν
2357 1827 2451 1879 καὶ
2479 1826 2858 1898 διαλελυμένον
2879 1828 3013 1898 βίον,
3053 1829 3149 1883 καὶ
3187 1830 3262 1900 μὴ
3290 1831 3383 1884 τὸν
3413 1833 3704 1902 ἀνειμένον
3740 1834 3838 1887 καὶ

2164 1911 2422 1982 βλακείας
2455 1912 2691 1984 γέμοντα
2716 1913 3094 1985 μεταδιώκειν,
3118 1915 3257 1971 ἀλλά
3275 1917 3365 1971 τὸν
3392 1918 3669 1990 αὐστηρὸν
3701 1921 3838 1990 μᾶλ-

2163 1998 2254 2052 λον
2293 1997 2451 2071 [ΙΒΞ]
2475 2001 2838 2066 ἀσπάζεσθαι.
2887 2001 3028 2056 Ἀλλ’
3080 2003 3214 2067 ἴσως
3251 2004 3544 2076 ἀχθόμενοι
3583 2007 3726 2077 πρὸς
3771 2008 3840 2062 τὰ

2164 2083 2435 2156 λεγόμενα
2474 2088 2525 2140 οῖ
2561 2087 2920 2154 πλουτοῦντες
2958 2091 3179 2161 ἐροῦσι·
3209 2091 3276 2145 Τί
3321 2088 3448 2158 οὗν;
3475 2093 3842 2163 δερματίνους

2166 2172 2314 2241 ἡμᾶς
2351 2174 2584 2242 χιτῶνας
2611 2174 2856 2239 κελεύεις
2891 2176 3315 2248 περιϐαλέσθαις
3351 2179 3424 2232 Οὐ
3456 2178 3618 2232 τοῦτο
3657 2180 3839 2248 λέγω·

2167 2258 2286 2311 οὐδέ
2314 2258 2423 2330 γάρ
2472 2261 2671 2315 ἐκεῖνοι
2709 2262 2788 2326 είς
2820 2262 2881 2316 τὸ
2909 2262 3154 2335 διηνεκὲς
3197 2263 3424 2329 ἐκείνοις
3461 2269 3577 2330 τοῖς
3609 2267 3844 2336 χιτῶσιν

2167 2345 2464 2416 ἐκέχρηντο
2487 2362 2502 2376 ·
2538 2349 2567 2401 ὁ
2595 2349 2705 2419 7&9
2730 2349 3112 2421 φιλάνθρωπος
3144 2351 3424 2424 Δεσπότης
3453 2352 3543 2406 ἀεὶ
3565 2356 3694 2418 ταῖς
3719 2371 3848 2425 προ-

2167 2430 2456 2496 λαϐούσαις
2489 2433 2830 2503 εὐεργεσίαις
2848 2435 3042 2508 ἐτέρας
3071 2436 3444 2509 προστίθησιν.
3483 2439 3711 2512 Ἐπειδὴ
3737 2442 3846 2514 7&9

2167 2517 2352 2573 λοιπὸν
2374 2521 2709 2586 ὑπευθύνους
2735 2524 2958 2588 ἐαυτούς
2989 2525 3333 2596 κατέστησαν
3357 2530 3478 2591 ταῖς
3495 2530 3848 2597 σωματικαῖς

2169 2603 2456 2672 ἀνάγκαις,
2490 2607 2589 2676 τῆς
2627 2607 2895 2673 ἀπαθείας
2927 2610 3139 2680 ἐκείνης
3175 2613 3269 2665 καὶ
3305 2614 3402 2681 τῆς
3437 2612 3743 2684 ἀγγελικῆς
3771 2614 3851 2668 δι·

2169 2691 2389 2762 ἀγωγῆς
2432 2692 2918 2765 ἀποστερηθέντες,
2959 2695 3098 2765 μετά
3129 2695 3300 2751 ταῦτα
3327 2698 3709 2770 ᾠκονόμησεν,
3739 2701 3852 2755 ἀπδ

2169 2775 2276 2828 τῶν
2319 2779 2482 2849 ἐρίων
2515 2781 2622 2834 τῶν
2651 2780 2938 2852 προϐάτων
2976 2784 3046 2838 τὰ
3074 2783 3349 2855 ἐνδύματα
3387 2787 3500 2850 τοῖς
3532 2786 3852 2857 ἀνθρώποις

2174 2865 2705 2932 κατασκευάζεσθαι,
2731 2869 2946 2932 οὐδενὸς
2962 2871 3147 2941 ἐτέρου
3171 2871 3380 2938 ἐνεκεν,
3404 2872 3437 2944 ἢ
3457 2873 3602 2928 ὥστε
3634 2874 3853 2946 σκέπην

2173 2950 2448 3017 γενέσθαι,
2484 2953 2580 3005 καὶ
2616 2954 2691 3025 μή
2730 2955 2791 3007 τὸ
2815 2955 3032 3024 λογικὸν
3064 2957 3222 3012 τοῦτο
3250 2959 3388 3022 ζῶον
3425 2961 3571 3014 κατά
3614 2961 3682 3015 τὸ
3717 2963 3853 3015 αὐτὸ

2172 3042 2286 3103 τοῖς
2317 3040 2534 3109 ἀλόγοις
2573 3043 2630 3096 ἐν
2663 3046 2962 3116 γυμνότητι
2996 3050 3091 3101 καὶ
3119 3049 3475 3123 ἀσχημοσύνῃ
3506 3052 3742 3121 διάγειν.
3786 3055 3852 3106 Ἦ

2173 3129 2353 3180 τοίνυν
2393 3127 2500 3182 τῶν
2546 3130 2773 3200 ἱματίων
2807 3134 3067 3204 περιϐολὴ
3111 3136 3417 3208 ὑπόμνησις
3442 3141 3576 3209 ημῖν
3605 3141 3854 3209 γενέσθω

2176 3212 2428 3284 διηνεκὴς
2449 3215 2550 3286 τῆς
2573 3217 2682 3270 τῶν
2710 3219 2931 3288 ἀγαθῶν
2952 3220 3298 3286 ἐκπτώσεως,
3327 3225 3540 3296 καὶτῆς
3570 3229 3854 3298 τιμωρίας

2175 3298 2516 3366 διδασκαλία,
2551 3305 2616 3373 ην
2640 3303 2729 3358 διά
2761 3305 2858 3378 τὴν
2893 3308 3180 3379 παρακοήν
3205 3309 3266 3362 τὸ
3290 3310 3401 3364 τῶν
3425 3310 3738 3382 ἀνθρώπων
3761 3314 3853 3383 γέ-

2177 3402 2266 3449 νος
2308 3388 2547 3453 ἔδέξατο.
2580 3391 2905 3460 Λεγέτωσαν
2939 3395 3116 3449 τοίνυν
3139 3399 3272 3467 ⁴ημῖν
3297 3399 3346 3451 οί
3378 3399 3618 3473 τοσαύτῃ
3641 3419 3855 3472 κεχρη-

2182 3475 2332 3544 μένοι
2363 3480 2429 3548 τῇ
2464 3481 2756 3552 φαντασίᾳ,
2786 3482 2864 3545 ὡς
2893 3483 3028 3552 μηδὲ
3059 3484 3260 3539 εἰδέναι
3286 3486 3470 3540 λοιπὸν
3511 3487 3585 3541 τὰ
3615 3490 3730 3543 ἀπὸ
3761 3490 3857 3544 τοῦ

2180 3561 2339 3650 ἐρίου,
2361 3563 2468 3616 τῶν
2504 3567 2790 3635 προϐάτων
2835 3569 3128 3641 ἐνδύματα,
3163 3571 3298 3626 ἀλλὰ
3336 3573 3404 3628 τὰ
3441 3575 3647 3647 σηρικά
3699 3594 3858 3650 περι-

2181 3646 2500 3718 ϐαλλόμενοι
2525 3651 2619 3705 καὶ
2642 3654 2720 3716 είς
2746 3653 3000 3710 τοσοῦτον
3023 3657 3393 3723 ἐξοκείλαντες
3421 3646 3643 3731 μανίας,
3659 3662 3740 3727 ὡς
3760 3646 3860 3717 καὶ

2180 3735 2404 3802 χρυσίον
2426 3738 2770 3806 συνυφαίνειν
2793 3743 2904 3805 τοῖς
2930 3743 3226 3814 ἐνδύμασι·
3255 3746 3488 3816 μάλιστα
3519 3747 3633 3818 7&9
3661 3750 3727 3802 τὸ
3746 3751 3860 3803 τῶν

2181 3822 2454 3888 γυναικῶν
2475 3824 2631 3891 γένος
2653 3826 2858 3897 ταύτην
2880 3830 3010 3899 ἡμῖν
3033 3831 3402 3887 ἐπιδείκνυται
3427 3834 3526 3904 τὴν
3557 3836 3825 3905 βλακείαν
3843 3857 3857 3871 ·

2180 3911 2324 3970 τίνος
2361 3911 2472 3981 γάρ
2504 3911 2710 3978 ἐνεκεν,
2745 3915 2865 3968 είπέ
2900 3934 3011 3986 μοι,
3042 3918 3254 3983 τούτοις
3295 3921 3356 3973 τὸ
3387 3921 3548 3992 σῶμα
3579 3923 3862 3978 καλλωπί-

2183 3995 2316 4060 ζεις,
2353 3998 2449 4050 καὶ
2479 4000 2690 4070 χαίρεις
2716 4005 2782 4072 τῇ
2810 4003 3058 4058 ἐντεῦθεν
3087 4006 3370 4079 περιϐολῇ,
3399 4010 3493 4061 καὶ
3525 4009 3629 4069 οὐκ
3649 4010 3861 4076 ἐννοεῖς

2183 4081 2265 4170 ὅτι
2300 4084 2417 4137 ἀντὶ
2449 4085 2714 4156 μεγίστης
2742 4091 3014 4161 τιμωρίας
3043 4092 3132 4145 διὰ
3153 4092 3250 4164 τήν
3273 4093 3585 4165 παράϐασιν
3609 4098 3644 4167 ή
3670 4098 3858 4170 σκέπη

2184 4167 2324 4239 αὐτη
2357 4171 2625 4244 ἐπενοήθη
2644 4191 2657 4240 ;
2677 4174 2775 4227 Διά
2798 4176 2850 4229 τί
2877 4177 2983 4249 γάρ
3009 4179 3083 4250 μὴ
3108 4179 3324 4244 ἀκούεις
3341 4181 3554 4235 Παύλου
3573 4167 3858 4251 λέγοντοςί

2190 4256 2470 4325 Ἔχοντες
2492 4258 2811 4329 διατροφὰς
2840 4263 2940 4316 καὶ
2975 4265 3392 4335 σκεπάσματα,
3418 4269 3654 4334 τούτοις
3682 4272 3864 4338 ἀρκε-

2184 4346 2568 4413 σθησόμεθα;
2608 4348 2769 4418 Ὁρᾷς
2797 4351 2879 4402 δτι
2927 4351 3044 4414 ἐνὸς
3079 4353 3241 4422 μόνου
3282 4354 3362 4407 δεῖ
3392 4356 3727 4425 φροντίζειν,
3766 4360 3861 4412 τοῦ

2188 4429 2262 4500 μὴ
2290 4432 2497 4501 γυμνὸν
2523 4429 2662 4486 εἶναι
2693 4436 2752 4488 τὸ
2783 4435 2959 4506 σῶμα,
2993 4436 3087 4491 τοῦ
3119 4440 3416 4493 σκέπεσθαι
3447 4442 3610 4511 μόνον
3644 4444 3696 4507 ιι,
3755 4463 3860 4515 μη.

2186 4517 2302 4569 κέτι
2335 4518 2392 4569 δέ
2436 4519 2530 4572 καὶ
2559 4521 2686 4591 περὶ
2718 4522 2977 4594 διαφορᾶς
3005 4525 3231 4595 ἐσθῆτος
3257 4527 3510 4596 φροντίδα
3536 4531 3814 4584 ποιεῖσθαι
3843 4549 3857 4596 ;

2197 4604 2337 4656 Ἀλλ’
2366 4605 2460 4658 ἐπὶ
2494 4607 2589 4678 τήν
2618 4610 2937 4664 ἀκολουθίαν
2964 4611 3226 4681 ἔλθωμεν
3261 4614 3370 4668 Καὶ
3401 4611 3572 4670 εἶπεν
3612 4620 3643 4671 ὁ
3675 4621 3826 4686 Θεός
3847 4639 3861 4651 ·

2199 4687 2352 4742 Ἰδοὺ
2397 4689 2570 4758 Ἀδὰμ
2607 4691 2849 4762 γέγονεν
2877 4695 2956 4758 ὡς
2980 4689 3067 4758 εἷς
3089 4694 3158 4758 ἐξ
3179 4693 3366 4764 ήμῶν,
3397 4699 3504 4752 τοῦ
3533 4701 3863 4768 γινώσκειν

2186 4773 2379 4826 καλὸν
2420 4775 2516 4828 καὶ
2553 4779 2839 4844 πονηρόν.
2886 4778 2995 4833 Καὶ
3027 4779 3144 4834 νῦν
3181 4781 3414 4849 μήποτε
3451 4783 3692 4854 ἐκτεινῃ
3745 4789 3862 4855 τὴν

2186 4861 2354 4929 χεῖρα
2378 4863 2587 4925 αὐτοῦ,
2622 4865 2719 4917 καὶ
2749 4863 2902 4933 λάϐῃ
2934 4866 3050 4919 ἀπὸ
3080 4867 3184 4920 τοῦ
3209 4867 3403 4931 ξύλου
3431 4871 3541 4939 τῆς
3559 4870 3733 4940 ζωῆς,
3762 4877 3862 4927 καὶ

2184 4948 2344 5018 φάγῃ
2380 4950 2480 5003 καὶ
2509 4949 2748 5020 ζήσεται
2781 4955 2867 5017 εἰς
2896 4952 3002 5005 τὸν
3041 4951 3244 5007 αἰῶνα.
3282 4957 3392 5010 Καὶ
3420 4957 3864 5022 ἐξαπέστειλεν

2185 5035 2372 5090 αὑτὸν
2394 5039 2608 5106 Κύριος
2634 5043 2667 5095 ὀ
2696 5039 2838 5104 Θεὸς
2858 5040 2927 5092 ἐκ
2959 5039 3062 5094 τοῦ
3083 5042 3453 5109 παραδείσου
3469 5045 3578 5112 τῆς
3596 5047 3860 5115 τρυφῆς,

2185 5121 2529 5192 ἐργάζεσθαι
2556 5124 2670 5192 τὴν
2707 5125 2825 5195 γῆν
2861 5124 2929 5190 ἐξ
2959 5121 3034 5197 ἧς
3066 5126 3318 5197 ἐλήφθη.
3353 5129 3496 5201 Ὀρα
3524 5131 3687 5184 πάλιν
3719 5134 3861 5188 Θεοῦ

2189 5211 2618 5278 συγκατάϐασιν.
2649 5212 2759 5264 Καὶ
2784 5212 2933 5274 εἷπε,
2967 5213 3123 5284 φησὶ,
3165 5215 3382 5284 Κύριος
3409 5220 3443 5271 ό
3476 5219 3620 5284 Θεός
3641 5236 3654 5250 ο
3697 5219 3860 5276 Ἰδοὺ

2199 5298 2369 5367 Ἀδὰμ
2398 5298 2644 5366 γέγονεν
2663 5299 2744 5363 ὡς
2774 5294 2860 5364 εἷς
2886 5299 2956 5363 ἐξ
2976 5301 3163 5369 ἡμῶν,
3191 5302 3300 5355 τοῦ
3322 5304 3638 5372 γινώσκειν
3662 5312 3862 5363 καλὸν

2188 5385 2285 5438 καὶ
2331 5385 2621 5452 πονηρόν.
2656 5382 2807 5448 Εἶδες
2848 5388 2988 5456 πόση
3030 5388 3130 5458 τῆς
3176 5387 3374 5454 λέξεως
3418 5392 3451 5447 ἡ
3490 5394 3858 5460 ταπείνωσις;

2188 5469 2372 5525 Ταῦτα
2402 5472 2456 5524 δὲ
2488 5472 2702 5525 ἅπαντα
2731 5472 3048 5539 θεοπρεπῶς
3083 5474 3314 5543 νοῶμεν.
3349 5478 3604 5532 Βούλεται
3635 5482 3747 5552 7&9
3776 5486 3859 5535 ἐν-

2187 5557 2355 5611 ταῦθα
2380 5559 2467 5611 διὰ
2499 5560 2606 5612 τῶν
2642 5561 2899 5630 ῥημάτων
2925 5559 3128 5614 τούτων
3157 5564 3256 5632 τῆς
3294 5566 3510 5634 ἀπάτης
3548 5568 3697 5637 ἡμᾶς
3728 5571 3856 5623 ὐπο-

2192 5643 2413 5712 μνῆσαι,
2447 5646 2512 5713 ἢν
2534 5647 2889 5715 ἠπατήθησαν
2911 5648 3015 5700 ὑπὸ
3043 5647 3133 5700 τοῦ
3165 5647 3410 5702 διαϐόλου
3432 5650 3518 5704 διὰ
3536 5651 3629 5705 τοῦ
3655 5654 3853 5720 ὄφεως.

2201 5733 2416 5804 Ἐπειδὴ
2449 5735 2557 5805 γὰρ
2589 5734 2770 5804 ἔλεγεν
2801 5739 3028 5802 ἐκεῖνος,
3065 5738 3146 5792 δτι
3184 5740 3326 5792 Ἐὰν
3353 5738 3604 5808 φάγητε,
3638 5743 3859 5800 ἔσεσθε

2263 6009 2286 6046 Β
2309 6005 2406 6056 Alii
2427 6007 2804 6067 περιῦςὸλῑεοθαι.
2876 6008 2902 6047 δ
2927 6011 3075 6060 Savll.
3105 6015 3153 6061 et
3180 6013 3262 6066 alii
3282 6012 3396 6061 αὐτο
3426 6011 3585 6075 μόνον.
