4068 6394
336 445 438 503 με)

332 556 482 610 orbis
515 553 733 609 doctore
772 553 1163 625 sapientissimo
1187 593 1202 618 ,
1250 551 1405 606 beato
1457 547 1622 602 Paulo
1667 547 1879 617 inquam
1905 588 1921 612 ,

334 650 543 704 discere
576 664 858 717 possumus
883 690 896 714 ,
940 649 1026 718 qui
1068 648 1196 702 dicit
1238 664 1251 700 :
1298 645 1610 716 Quicumque
1645 643 1778 697 enim
1820 641 1928 696 sine

338 740 447 811 lege
474 757 805 810 peccaverunt
825 781 840 805 ,
885 742 990 794 sine
1020 741 1126 809 lege
1153 740 1302 792 etiam
1329 737 1557 808 peribunt
1581 750 1600 790 :
1628 745 1673 789 et
1700 734 1928 805 quicum-

327 848 428 902 que
457 833 511 887 in
538 832 645 903 lege
668 846 876 902 peccare
908 841 995 884 unt
1020 871 1033 894 ,
1068 848 1155 899 per
1175 831 1331 901 legem
1350 827 1720 899 judicabuntur
1745 824 1922 887 (Rom.

328 923 530 993 2.12).
565 923 655 977 llis
694 922 867 977 verbis
910 922 1171 992 signiﬁcat
1198 962 1213 988 ,
1258 934 1365 975 non
1409 917 1653 975 eamdem
1702 916 1926 970 luituros

336 1028 549 1081 numam
600 1028 693 1069 eos
736 1014 827 1083 qui
866 1022 991 1068 ante
1032 1012 1203 1081 legem
1236 1053 1252 1077 ,
1284 1019 1336 1066 et
1364 1025 1457 1065 eos
1484 1009 1572 1080 qui
1604 1019 1724 1078 post
1750 1008 1924 1077 legem

332 1108 706 1172 peccaverunt.
740 1102 969 1159 Gravius
991 1104 1133 1157 enim
1168 1102 1454 1171 punientur
1482 1100 1570 1169 qui
1600 1106 1722 1168 post
1752 1097 1923 1167 legem

329 1191 509 1247 datam
536 1195 893 1263 peccaverint.
922 1193 1055 1248 Nam
1082 1192 1391 1263 Quicumque
1409 1193 1517 1247 sine
1544 1191 1652 1262 lege
1679 1206 1922 1261 peccave-

328 1292 473 1349 runt,
505 1284 654 1337 etiam
682 1285 789 1338 sine
816 1284 925 1355 lege
961 1283 1190 1353 peribunt
1220 1299 1238 1336 :
1266 1282 1505 1352 proﬁciet
1528 1282 1632 1336 illis
1658 1281 1723 1335 ad
1754 1281 1924 1335 levio-

330 1386 446 1428 rem
488 1389 698 1443 prunam
723 1416 737 1439 ,
766 1374 907 1444 quod
944 1376 1073 1444 legis
1112 1374 1352 1429 doctrina
1383 1382 1437 1428 et
1466 1372 1791 1427 adminiculo
1829 1386 1921 1426 ca-

332 1465 562 1518 ruerint.
592 1464 658 1519 El
679 1466 982 1535 quicumque
1016 1467 1105 1519 sub
1131 1465 1236 1535 lege
1262 1464 1613 1535 peccaverunt,
1648 1479 1735 1533 per
1760 1464 1921 1532 legem

327 1562 377 1607 et
395 1554 783 1623 judicabunmr.
812 1556 900 1609 Isti
930 1596 947 1623 ,
978 1556 1167 1625 inquit,
1197 1557 1317 1624 quia
1346 1564 1399 1609 et
1420 1555 1592 1624 legem
1621 1552 1921 1607 habuerunt

328 1644 638 1714 magistram
664 1685 681 1710 ,
715 1653 769 1701 et
794 1660 967 1715 neque
993 1645 1071 1699 sic
1108 1644 1377 1701 emendati
1418 1654 1543 1698 sunt
1568 1683 1585 1709 ,
1608 1643 1701 1698 sed
1732 1641 1917 1696 eadem

326 1749 449 1803 qua:
478 1733 551 1788 illi
584 1744 938 1804 peccaverunt
968 1775 985 1803 ,
1016 1736 1315 1807 graviorem
1343 1748 1556 1805 quoque
1582 1747 1794 1804 ptenam
1820 1732 1919 1786 da-

325 1823 479 1878 bunt.
517 1822 624 1880 Sed
667 1825 947 1881 audiamus
993 1841 1114 1896 qua:
1153 1825 1311 1882 hodie
1353 1835 1477 1880 sunt
1510 1826 1683 1886 lecta,
1713 1824 1803 1879 20.
1850 1822 1919 1877 Et

324 1918 539 1983 vocavit,
571 1916 763 1989 inquit,
794 1917 959 1972 Adam
986 1934 1168 1972 nomen
1185 1918 1359 1972 uxoris
1384 1933 1511 1983 ante,
1543 1916 1669 1981 Eva,
1700 1916 1756 1969 id
1783 1915 1920 1984 quod

324 2018 400 2062 est
425 2010 545 2076 vita,
577 2010 697 2079 quia
716 2011 828 2081 ipsa
853 1999 1014 2065 mater
1040 2010 1267 2064 omnium
1291 2009 1583 2063 viventium.
1612 2006 1748 2064 Vide
1777 2006 1917 2062 divi-

326 2114 413 2154 na:
453 2100 744 2170 Scriptura:
773 2101 1124 2172 diligentiam,
1150 2100 1419 2173 quomodo
1451 2116 1625 2172 neque
1653 2100 1755 2157 hoe
1776 2116 1915 2170 prm-

328 2192 487 2256 terit,‘
503 2192 598 2247 sed
626 2191 1218 2257 docetnos,Adamum
1260 2194 1423 2249 etiam
1463 2194 1673 2249 mulieri
1719 2209 1914 2249 nomen

325 2280 666 2352 imposuisse.
746 2282 953 2339 Vocavit
982 2326 996 2350 ,
1056 2285 1264 2355 inquit,
1310 2302 1491 2341 nomen
1566 2288 1742 2341 uxoris
1812 2303 1919 2342 sua!

326 2369 439 2425 Eva
462 2412 475 2435 ,
523 2372 576 2426 id
630 2382 705 2428 est
754 2376 854 2429 vita
884 2390 903 2429 :
934 2376 1053 2445 quia
1085 2377 1197 2445 ipsa
1250 2386 1411 2431 mater
1460 2386 1533 2432 est
1576 2378 1799 2431 omnium
1837 2380 1915 2431 vi-

326 2462 547 2516 ventium
572 2478 591 2517 :
626 2466 725 2519 hoc
762 2474 883 2532 est,
928 2465 1043 2535 ipsa
1077 2476 1163 2521 est
1183 2466 1333 2536 origo
1359 2480 1546 2522 eorum
1593 2467 1684 2539 qui
1720 2483 1786 2524 ex
1828 2468 1916 2523 illa

325 2562 451 2606 sunt
491 2552 687 2619 futuri,
714 2553 971 2626 nidisque
1007 2565 1061 2612 et
1087 2555 1490 2613 fundamentum
1519 2559 1794 2628 sequentis
1818 2574 1914 2629 ge-

326 2643 637 2699 nerationis.
674 2645 805 2699 Dein
836 2656 1117 2716 postquam
1153 2646 1333 2703 docuit
1371 2663 1471 2703 nos
1498 2647 1770 2717 quomodo
1800 2663 1917 2702 mu-

324 2730 443 2786 lieri
459 2733 761 2803 impositum
776 2750 968 2791 nomen
987 2735 1167 2805 fuerit,
1184 2738 1375 2793 iterum
1388 2738 1623 2794 ostendit
1645 2739 1801 2793 nobis
1822 2739 1916 2794 Dei

327 2821 644 2890 bonitatem,
669 2840 789 2895 quze
814 2840 918 2881 non
937 2826 1181 2897 despexit
1196 2843 1291 2883 eos
1308 2830 1397 2899 qui
1422 2844 1451 2883 a
1474 2845 1536 2887 se
1554 2831 1718 2885 creati
1741 2839 1911 2895 erant,

325 2912 382 2965 in
407 2921 549 2967 tanta
578 2914 818 2970 nuditate
845 2924 900 2970 et
925 2917 1213 2987 ignominia
1235 2928 1532 2974 versantes.
1559 2920 1651 2976 2i.
1677 2920 1745 2975 Et
1774 2921 1914 2992 fecit,

324 3001 539 3073 inquit,
570 3003 821 3060 Dominus
847 3004 987 3061 Deus
1024 3008 1150 3062 Ade:
1174 3018 1218 3062 et
1238 3011 1387 3064 uxori
1411 3011 1550 3065 illius
1579 3022 1735 3068 vestes
1765 3012 1919 3084 pelli-

323 3106 439 3145 ceas
469 3132 486 3159 ,
521 3103 567 3147 et
590 3095 755 3148 induit
779 3096 915 3151 illos.
948 3096 1098 3152 Sicut
1124 3098 1427 3155 misericors
1457 3110 1607 3170 pater
1627 3100 1792 3157 filium
1821 3101 1918 3156 ha-

324 3180 461 3237 bens
488 3183 622 3239 bona
644 3185 855 3241 indole‘
879 3189 1181 3257 praditum,
1209 3199 1263 3245 et
1287 3191 1433 3246 omni
1453 3201 1582 3247 cura
1608 3194 1915 3258 educatum,

324 3280 381 3325 et
408 3271 675 3329 fruentem
700 3277 947 3331 omnibus
977 3278 1182 3334 deliciis
1205 3320 1222 3346 ,
1272 3290 1423 3335 veste
1453 3282 1616 3336 nitida
1641 3298 1705 3338 ac
1728 3284 1917 3340 sericis

322 3361 578 3418 amictum
604 3406 620 3429 ,
653 3369 997 3438 paternisque
1035 3370 1225 3440 Opibus
1251 3386 1441 3428 secure
1480 3382 1719 3429 utentem
1749 3415 1763 3441 ,
1792 3391 1913 3431 cum

324 3454 520 3510 viderit
544 3470 666 3511 eum
694 3458 853 3514 nimia
878 3463 1231 3529 prosperitate
1252 3464 1304 3518 in
1327 3464 1543 3520 malitia:
1560 3468 1913 3537 praecipitium

324 3548 652 3620 prolapsum,
676 3553 850 3621 privat
874 3553 978 3608 illis
1002 3556 1267 3621 omnibus,
1288 3567 1341 3611 et
1370 3572 1479 3613 sua:
1505 3559 1755 3628 potestati
1785 3561 1916 3615 sub-

327 3638 461 3708 iicit,
494 3647 643 3695 veste
662 3642 887 3711 spoliat,
915 3658 979 3697 ac
997 3644 1088 3699 vili
1117 3646 1404 3717 servilique
1424 3649 1619 3703 amictu
1647 3635 1797 3704 illum
1827 3651 1909 3705 in-

322 3729 460 3796 duit,
491 3745 558 3785 ne
583 3733 801 3787 omnino
830 3734 1003 3789 nudus
1034 3735 1103 3790 sit
1142 3744 1196 3791 et
1229 3740 1397 3807 turpis
1430 3757 1443 3794 :
1478 3739 1548 3794 ita
1579 3748 1632 3795 et
1655 3740 1916 3810 benignus

326 3820 501 3886 Deus,
528 3823 777 3891 quoniam
808 3824 981 3880 Adam
1009 3835 1063 3881 et
1092 3828 1198 3881 Eva
1227 3829 1477 3899 indignos
1504 3845 1624 3887 sese
1652 3832 1916 3888 exhibue-

324 3922 450 3965 runt
473 3912 784 3969 indumento
809 3917 1041 3984 glorioso
1065 3917 1156 3972 illo
1172 3926 1226 3973 et
1247 3919 1435 3986 nitido,
1459 3936 1566 3992 quo
1591 3924 1917 3979 amicieban-

326 4009 413 4054 tur
442 4043 458 4067 ,
506 4011 562 4057 et
609 4004 750 4073 quod
782 4006 943 4061 nullis
983 4010 1353 4077 corporalibus
1380 4026 1474 4066 eos
1502 4014 1915 4070 necessitatibus

322 4091 585 4150 obnoxios
630 4108 750 4152 esse
779 4097 984 4153 sinebat
1016 4140 1030 4163 ,
1066 4100 1283 4155 nudavit
1314 4102 1433 4157 illos
1454 4106 1599 4159 omni
1629 4106 1718 4160 illa
1744 4107 1913 4176 gloria

326 4194 380 4239 et
402 4185 672 4253 fruittone,
696 4204 799 4257 qua
820 4200 942 4245 ante
961 4206 1175 4260 gravem
1204 4192 1341 4248 hanc
1364 4195 1569 4250 ruinam
1589 4197 1911 4267 gaudebant:

326 4279 654 4347 multamque
675 4295 798 4349 erga
826 4281 943 4336 illos
972 4284 1022 4336 in
1055 4291 1253 4338 tantam
1287 4286 1575 4355 perniciem
1614 4289 1792 4357 lapsos
1822 4306 1917 4344 ex-

328 4364 517 4423 hibens
559 4370 953 4427 miserationem
986 4415 1001 4438 ,
1047 4375 1336 4444 vidensque
1366 4392 1557 4446 magno
1587 4378 1789 4448 pudore
1813 4382 1916 4435 cir-

328 4459 601 4514 cumfusos
634 4500 649 4526 ,
681 4462 997 4533 consiliique
1043 4465 1231 4534 inopes
1262 4508 1277 4534 ,
1311 4483 1378 4523 ne
1427 4469 1555 4522 nudi
1611 4482 1790 4525 essent
1817 4512 1832 4536 ,
1862 4480 1917 4527 et

331 4547 583 4603 indecore
612 4564 669 4604 se
693 4564 962 4619 gererent,
991 4564 1168 4609 vestes
1195 4556 1323 4623 ipsis
1354 4559 1604 4626 pelliceas
1626 4560 1771 4627 facit,
1803 4576 1915 4617 eos-

325 4652 429 4707 que
454 4640 707 4709 contegit.
731 4640 888 4697 Tales
908 4644 1051 4697 enim
1074 4648 1218 4699 sunt'
1236 4645 1433 4701 diaboli
1457 4650 1910 4709 machinatioaes:

326 4731 371 4785 si
402 4731 614 4799 quando
635 4732 776 4785 enim
797 4734 1004 4803 aliquos
1028 4737 1289 4792 invenerit
1313 4739 1402 4808 qui
1426 4739 1525 4793 sibi
1552 4752 1791 4810 pareant,
1822 4760 1914 4799 eos

327 4818 599 4887 voluptate
615 4821 839 4889 quadam
863 4824 1069 4880 modica
1100 4828 1492 4897 supplantatos,
1524 4840 1578 4885 et
1607 4833 1659 4885 in
1693 4836 1912 4901 profun-

306 4910 451 4964 .-;lum
478 4910 696 4965 malitia:
725 4914 991 4983 proiectos
1015 4956 1030 4979 ,
1065 4919 1314 4987 omnique
1343 4920 1658 4978 confusione
1688 4934 1740 4977 et
1767 4925 1916 4994 igno-

328 5001 489 5054 tninia
518 5002 726 5069 plenos,
750 5004 931 5072 jacere
972 5008 1261 5077 relinquit,
1312 5012 1617 5068 miserabile
1664 5017 1914 5071 omnibus

327 5090 418 5160 qui
447 5092 594 5145 illum
626 5092 810 5148 vident
855 5098 1240 5165 spectaculum.
1274 5102 1339 5153 At
1368 5103 1666 5157 animarum
1700 5117 1913 5160 nostra-

327 5196 444 5235 rum
466 5182 693 5237 Curator
728 5226 744 5251 ,
774 5185 962 5241 videns
988 5189 1107 5242 illos
1134 5191 1185 5243 in
1214 5192 1375 5245 tantis
1399 5192 1824 5262 difficultatibus,
1859 5198 1912 5251 in

329 5272 433 5329 hoc
455 5278 827 5346 statu-positos
850 5294 954 5333 non
985 5280 1211 5351 despicit
1242 5324 1257 5347 ,
1291 5283 1384 5337 sed
1424 5286 1779 5340 velamentum
1812 5289 1914 5343 illis

326 5365 591 5433 excogitat
624 5408 638 5432 ,
671 5384 767 5436 per
792 5379 993 5423 vestem
1037 5372 1198 5426 vilem
1244 5376 1536 5432 ostendens
1565 5380 1812 5448 qualibus
1854 5397 1912 5436 se

328 5452 657 5511 vestimentis
686 5458 873 5528 dignos
898 5460 1141 5516 fecerint.

394 5655 410 5724 ξ
442 5660 651 5724 Quatuor
673 5661 800 5724 Mss,
829 5658 1020 5717 decore,
1048 5674 1150 5724 pro,
1176 5660 1297 5711 bona
1321 5661 1497 5713 indole.

391 5717 413 5789 ε
443 5714 603 5789 δογίιη
628 5714 916 5789 mutemque
939 5714 1060 5789 erga
1078 5714 1184 5773 illos
1206 5723 1422 5789 exhibuit
1445 5726 1814 5789 miserationem,
1852 5730 1913 5780 ri-

328 5776 444 5853 dens
468 5788 639 5853 magno
674 5776 859 5853 pudore
879 5776 1106 5853 somnos,
1126 5784 1405 5849 consiliique
1428 5776 1615 5853 inopes.
1636 5776 1911 5842 tulesemm

327 5841 451 5888 sunt.
479 5846 594 5887 etc..
620 5846 809 5892 omissis
832 5841 1153 5908 interpositis.

1406 437 1469 493 IN
1508 434 1657 491 CAP.
1693 432 1778 488 Ill.
1807 432 2049 489 GENES.
2088 431 2311 488 IIOMIL.
2359 431 2548 488 XVIII.

3532 436 3634 492 150

2112 545 2374 612 Quomodo
2400 556 2556 600 vestes
2576 546 2811 617 pelliceas
2842 547 3007 617 ptimo
3056 548 3253 617 parenti
3279 557 3324 601 et
3345 550 3489 602 uxori
3516 553 3633 620 fecit

2038 634 2198 691 Deus.
2255 636 2433 692 Luxus
2476 639 2527 691 in
2554 638 2769 693 vestibus
2810 648 3033 710 tempore
3072 638 3443 710 Chrysoslomi.
3471 671 3540 681 —
3569 640 3631 697 Et

2036 728 2156 791 fecit
2187 728 2435 781 Dominus
2463 726 2601 782 Deus
2624 729 2747 783 Ade
2779 739 2825 782 et
2858 731 3003 783 uxori
3024 730 3162 784 illius
3182 740 3340 785 vestes
3366 731 3625 801 pellit-cus,

2034 826 2081 871 et
2122 818 2288 871 induit
2335 818 2473 873 illos.
2528 817 2907 889 Vide,qu:eso,
2949 831 3200 891 quantam
3233 825 3501 878 sermonis
3532 825 3633 877 bn~

2034 910 2311 965 militatem
2377 911 2531 967 nobis
2582 922 2903 982 attemperat
2951 914 3130 969 divina
3187 914 3483 984 Scriptura.
3524 915 3629 971 Sed

2030 998 2173 1071 quod
2196 1016 2339 1071 sarpe
2371 1002 2502 1069 dixi,
2538 1004 2589 1057 id
2620 1013 2673 1057 ct
2702 999 2842 1058 nunc
2864 1005 2986 1059 dico
3015 1024 3027 1058 :
3052 1009 3231 1061 omnia
3262 1009 3331 1061 ita
3363 1009 3628 1077 intelliga-

2033 1108 2151 1146 nms
2183 1135 2197 1157 ,
2228 1094 2365 1149 sicut
2405 1109 2503 1164 par
2545 1104 2628 1149 est
2657 1096 2723 1150 de
2769 1096 2881 1151 Deo
2916 1097 3162 1169 intelligi.
3210 1099 3443 1155 Verbum
3488 1100 3630 1155 Fecit

2026 1184 2212 1253 accipe
2257 1199 2354 1253 pro
2400 1199 2467 1240 eo
2493 1185 2633 1252 quod
2662 1196 2747 1240 est
2780 1227 2796 1250 ,
2840 1187 3125 1256 imperavit
3152 1197 3212 1244 ut
3236 1199 3438 1244 essent.
3463 1189 3631 1245 Jussit

2024 1275 2169 1329 enim
2213 1276 2404 1332 tunicis
2446 1276 2685 1347 pelliceis
2728 1279 2911 1334 vestiri
2952 1280 3005 1334 in
3056 1289 3368 1351 perpetuam
3409 1282 3627 1337 inobsoo

2025 1366 2259 1435 quentia:
2286 1368 2623 1422 memoriam.

2093 1457 2146 1511 2.
2164 1459 2662 1531 Audiantopulenti,
2680 1471 2735 1525 et
2750 1462 2839 1532 qui
2859 1462 3126 1518 luxuriant
3152 1464 3203 1517 in
3223 1465 3483 1519 vermium
3511 1473 3629 1519 tex-

2027 1548 2225 1617 tilibus,
2248 1564 2311 1605 ac
2338 1552 2638 1607 vestiuntur
2664 1552 2851 1609 sericis
2874 1594 2892 1621 ,
2914 1552 3231 1624 discantque
3259 1555 3530 1625 quomodo
3555 1556 3624 1609 ab

2025 1642 2179 1698 initio
2211 1642 2496 1697 humanam
2523 1644 2725 1699 docens
2744 1650 2992 1700 naturam
3018 1645 3280 1717 benignus
3324 1645 3584 1701 Dominus
3611 1686 3624 1710 ,

2025 1734 2146 1803 quia
2184 1741 2402 1803 prepter
2424 1734 2908 1805 transgressionem
2937 1750 3110 1804 poenae
3138 1736 3329 1790 mortis
3356 1750 3479 1790 reus
3508 1744 3624 1790 erat

2025 1825 2229 1896 primus
2258 1825 2421 1881 homo
2444 1866 2459 1892 ,
2487 1841 2729 1897 opusque
2758 1826 2987 1882 habebat
3015 1834 3168 1881 veste
3194 1842 3312 1897 qua:
3356 1827 3618 1897 pudorem

2025 1923 2262 1987 tegeret,
2293 1915 2542 1986 pelliceas
2587 1916 2686 1985 ipsi
2711 1915 2835 1972 fecit
2861 1926 3039 1972 vestes
3071 1934 3084 1969 :
3118 1931 3226 1987 quo
3264 1917 3447 1972 docuit
3473 1932 3573 1972 nos
3594 1956 3612 1983 ,

2022 2016 2082 2062 ut
2112 2006 2329 2063 mollem
2353 2017 2407 2063 et
2436 2007 2747 2063 dissolutam
2765 2008 2929 2063 vitam
2958 2006 3249 2079 fugiamus,
3273 2023 3446 2078 neque
3473 2009 3621 2063 iner-

2025 2105 2130 2151 tem
2159 2105 2214 2151 ct
2239 2096 2517 2152 remissam
2551 2106 2821 2159 sectemur
2840 2139 2854 2162 ,
2888 2097 2982 2153 scd
3012 2099 3180 2168 magis
3210 2108 3481 2154 austeram
3507 2112 3625 2152 am-

2023 2187 2318 2258 plcxemur.
2351 2186 2457 2242 Sed
2480 2186 2616 2243 forte
2639 2188 2900 2259 gravatim
2935 2186 3167 2243 ferentes
3186 2187 3302 2243 haec
3319 2187 3529 2254 divites,
3546 2188 3627 2241 di-

2021 2289 2141 2333 cent
2172 2295 2186 2333 :
2217 2279 2353 2348 Quid
2379 2278 2572 2350 igitur?
2596 2295 2665 2333 an
2695 2279 2919 2349 pellibus
2945 2280 3129 2334 vestiri
3158 2293 3256 2333 nos
3277 2278 3433 2348 jubes
3452 2278 3476 2331 ‘l
3496 2277 3615 2333 Non

2022 2369 2125 2426 hoc
2150 2368 2272 2425 dico
2304 2388 2319 2426 :
2352 2384 2476 2425 nam
2507 2385 2683 2441 neque
2727 2370 2802 2425 illi
2851 2380 3113 2441 perpetuo
3156 2369 3239 2424 usi
3283 2368 3499 2423 fuerunt
3541 2368 3624 2423 his

2022 2447 2296 2529 vestibus;
2323 2463 2589 2534 benignus
2620 2463 2764 2519 enim
2814 2462 3073 2520 Dominus
3115 2463 3385 2535 prioribus
3410 2477 3625 2532 semper

2022 2554 2298 2611 beneﬁciis
2328 2558 2629 2611 recentiora
2652 2556 2898 2627 quaedam
2933 2555 3263 2627 superaddit.
3296 2555 3429 2610 Nam
3473 2565 3622 2623 post-

2020 2660 2179 2715 quam
2198 2660 2319 2702 sese
2334 2647 2707 2717 corporalibus
2721 2647 3126 2702 necessitatibus
3143 2647 3405 2700 obnoxios
3423 2643 3621 2709 fecere,

2022 2745 2076 2790 et
2105 2750 2133 2789 a
2158 2736 2345 2792 dolore
2374 2752 2538 2793 vacua
2568 2747 2623 2793 et
2642 2738 2880 2807 angelica
2906 2738 3013 2792 vita
3035 2737 3373 2801 exciderunt,
3399 2735 3619 2804 dispen-

2023 2829 2160 2883 savit
2210 2828 2392 2894 Deus,
2427 2837 2485 2883 ut
2513 2844 2578 2884 ex
2628 2830 2806 2884 ovium
2850 2829 3140 2885 velleribus
3182 2828 3428 2882 homines
3477 2827 3626 2882 indu-

2024 2927 2203 2972 menta
2231 2918 2333 2973 sibi
2366 2926 2635 2988 pararent,
2668 2935 2774 2974 non
2802 2920 2905 2973 alia
2948 2919 3015 2974 de
3045 2934 3204 2974 causa
3226 2959 3242 2985 ,
3269 2934 3428 2989 quam
3462 2928 3518 2973 ut
3544 2928 3620 2973 te-

2022 3018 2333 3080 gumentum
2366 3010 2636 3073 habeant,
2668 3020 2723 3065 et
2750 3027 2818 3066 tte
2850 3012 3110 3065 rationale
3138 3011 3337 3065 animal
3382 3011 3482 3065 hoc
3512 3028 3619 3065 non

2022 3115 2179 3155 secus
2207 3115 2272 3156 ac
2296 3100 2451 3155 bruta
2493 3100 2545 3155 in
2576 3101 2818 3155 nuditate
2845 3110 2899 3154 et
2938 3100 3207 3157 dedecore
3245 3103 3409 3157 vitam
3441 3103 3620 3172 degat.

2023 3189 2205 3259 Itaque
2242 3191 2471 3244 vestium
2516 3188 2742 3244 amictus
2771 3189 3084 3245 continuum
3136 3191 3290 3246 nobis
3338 3192 3407 3245 sit
3450 3193 3615 3247 moni-

2024 3288 2262 3334 mentum
2287 3321 2302 3347 ,
2332 3294 2437 3350 quo
2469 3293 2737 3334 memores
2780 3281 2950 3336 simus
2974 3322 2989 3348 ,
3020 3282 3236 3350 quantis
3284 3282 3439 3337 bonis
3466 3284 3623 3338 exci-

2022 3370 2285 3437 derimus,
2308 3381 2362 3425 et
2391 3370 2662 3425 discamus
2686 3379 2889 3439 quanto
2914 3372 3180 3442 supplicio
3210 3372 3497 3427 humanum
3524 3389 3619 3442 κου

2022 3475 2121 3514 nus
2140 3460 2209 3515 ob
2236 3459 2653 3515 inobedientiam
2680 3459 2751 3515 sit
2774 3459 3047 3516 affectum.
3070 3462 3254 3517 Dicant
3277 3461 3436 3532 igitur
3462 3463 3618 3519 nobis

2020 3550 2110 3619 qui
2146 3558 2292 3604 tanto
2316 3557 2538 3605 utuntur
2554 3560 2832 3621 apparatu,
2852 3560 2910 3607 ut
2928 3552 3039 3621 jam
3064 3567 3217 3607 usum
3234 3552 3370 3607 laure
3402 3569 3622 3624 prorsus

2021 3656 2182 3697 nosse
2212 3642 2424 3709 nolint,
2458 3641 2553 3697 sed
2606 3642 2783 3699 serico
2826 3644 3144 3711 vestiantur,
3175 3658 3350 3715 eoque
3398 3645 3621 3700 insania:

2021 3746 2349 3803 pervenere,
2384 3742 2443 3787 ut
2495 3748 2683 3787 aurum
2730 3734 2967 3787 vestibus
3014 3734 3257 3789 intexant
3287 3751 3300 3788 :
3333 3735 3385 3787 in
3434 3736 3621 3804 primis

2021 3826 2162 3880 enim
2210 3825 2463 3880 mulieres
2510 3826 2633 3881 huic
2672 3827 2913 3881 mollitiei
2964 3827 3159 3881 deditae
3207 3838 3370 3883 sunt:
3400 3830 3576 3897 Quare
3601 3872 3614 3891 ,

2020 3914 2128 3981 dic,
2157 3917 2383 3971 obsecro
2402 3957 2415 3982 ,
2451 3931 2647 3986 corpus
2669 3918 2739 3970 ita
2769 3932 2948 3979 ornas.
2980 3926 3035 3972 et
3058 3918 3258 3987 gaudes
3288 3919 3615 3987 ejnscemodi

2022 4008 2267 4063 amictu?
2295 4023 2402 4063 non
2437 4009 2648 4079 cogitas
2690 4023 2787 4077 pro
2831 4022 3023 4079 magno
3064 4010 3359 4079 supplicio,
3403 4021 3623 4079 preptcr

2022 4099 2504 4170 transgressionem
2526 4141 2539 4164 ,
2576 4108 2786 4169 tegmen
2836 4100 2937 4153 boc
2985 4102 3342 4170 excogitatum
3366 4102 3529 4155 esse?
3557 4102 3622 4155 Et

2022 4207 2187 4261 quare
2215 4208 2320 4245 non
2358 4192 2513 4246 audis
2539 4192 2759 4245 Paulum
2791 4191 3057 4247 dicentem
3086 4210 3098 4244 :
3138 4192 3393 4246 [labentes
3433 4195 3621 4246 victum

2022 4296 2067 4337 et
2095 4285 2334 4338 amictum
2361 4325 2375 4349 ,
2399 4283 2504 4338 illis
2534 4284 2754 4338 contenti
2778 4285 2966 4338 erimus
2996 4284 3070 4354 (I.
3101 4283 3238 4338 Tim.
3264 4285 3315 4338 6.
3346 4285 3423 4354 8).
3462 4285 3623 4341 Vides

2024 4377 2179 4429 unius
2208 4375 2488 4429 dumtaxat
2526 4375 2605 4429 rei
2658 4374 2958 4428 habendam
3007 4390 3128 4429 esse
3155 4389 3338 4429 curam
3378 4392 3391 4429 :
3425 4375 3621 4429 videli-

2023 4478 2128 4534 cet,
2154 4484 2219 4521 ne
2244 4483 2440 4535 corpus
2465 4466 2664 4521 nudum
2692 4467 2781 4531 sit,
2811 4466 2902 4520 sed
2930 4476 2980 4519 ut
3018 4475 3243 4536 tegatur,
3268 4482 3365 4521 nec
3390 4468 3623 4537 amplius

2022 4561 2091 4615 de
2120 4562 2375 4615 varietate
2402 4561 2632 4614 veStium
2674 4574 2794 4613 esse
2827 4574 2924 4612 nos
2952 4558 3214 4613 sollicitos
3242 4569 3475 4627 Oportet.
3508 4559 3618 4613 (ἷίεο

2023 4662 2191 4705 tcrunt
2220 4651 2285 4704 ad
2323 4651 2598 4719 sequentia
2631 4650 2928 4703 veniamus.
2970 4648 3062 4701 22.
3104 4648 3170 4701 Et
3206 4649 3334 4701 dixit
3367 4649 3620 4704 Dominus

2020 4742 2160 4798 Deus
2191 4758 2209 4795 :
2238 4741 2369 4795 Ecce
2398 4742 2562 4794 Adam
2593 4741 2758 4809 [actus
2800 4750 2869 4793 est
2909 4741 3034 4793 sicut
3076 4757 3206 4793 unus
3247 4756 3309 4793 ea:
3346 4741 3489 4793 nobis
3510 4781 3523 4798 ,
3555 4740 3628 4791 ud

2018 4834 2279 4888 sciendum
2306 4832 2491 4886 bonum
2538 4842 2583 4885 et
2613 4830 2823 4884 malum.
2858 4830 2923 4882 Et
2954 4844 3085 4883 nunc
3129 4847 3190 4882 ne
3223 4832 3352 4899 forte
3390 4830 3623 4883 extendat

2020 4940 2229 4977 manum
2255 4938 2433 4988 suam,
2459 4932 2504 4975 et
2525 4922 2742 4989 accipiat
2777 4921 2838 4973 de
2867 4920 3002 4991 ligno
3024 4921 3138 4973 vita:
3160 4961 3174 4983 ,
3203 4928 3249 4973 et
3280 4916 3508 4973 comedr‘tt
3531 4960 3545 4983 ,
3577 4930 3621 4973 et

2018 5017 2152 5078 vivat
2178 5017 2229 5069 in
2258 5015 2520 5068 saxulum.
2547 5013 2638 5067 25.
2670 5012 2736 5065 Et
2759 5012 2924 5066 emisit
2947 5012 3094 5065 illum
3125 5010 3377 5065 Dominus
3402 5010 3536 5064 Deus
3560 5028 3623 5066 ea:

2022 5105 2262 5175 paradiso
2287 5104 2561 5173 voluptatis
2578 5145 2592 5171 ,
2622 5113 2677 5155 ut
2697 5112 2992 5173 operaretur
3021 5112 3239 5163 terram,
3264 5101 3326 5154 de
3350 5118 3449 5172 qua
3478 5118 3619 5154 sum-

2020 5206 2137 5266 ptus
2176 5206 2307 5250 erat.
2337 5194 2434 5249 llic
2458 5209 2670 5265 quoque
2702 5193 2823 5247 vide
2868 5208 3026 5262 quam
3075 5192 3279 5247 idoneis
3319 5191 3616 5247 infirmitati

2018 5298 2217 5342 nostrae
2248 5287 2432 5342 verbis
2456 5295 2635 5341 utatur
2658 5287 2817 5341 Deus.
2853 5285 2921 5339 Et
2952 5284 3080 5338 dixit
3100 5325 3115 5351 ,
3148 5284 3338 5353 inquit,
3369 5283 3617 5339 Dominus

2021 5379 2163 5433 Deus
2195 5394 2213 5433 :
2243 5379 2374 5433 Ecce
2400 5379 2567 5431 Adam
2599 5378 2766 5448 factus
2815 5386 2888 5431 est
2924 5376 3070 5445 quasi
3105 5392 3237 5429 unus
3264 5392 3325 5428 ex
3352 5376 3493 5428 nobis
3513 5416 3526 5440 ,
3552 5373 3617 5428 ad

2018 5471 2281 5527 sciendum
2322 5474 2507 5525 bonum
2557 5481 2603 5524 et
2642 5471 2854 5524 malum.
2886 5468 3076 5524 Vidisti
3117 5477 3315 5537 quanta
3363 5468 3613 5521 dictionis

2019 5564 2334 5619 hmnilitas?
2363 5564 2488 5619 Hrec
2515 5574 2714 5629 autem,
2748 5574 2804 5616 ut
2834 5562 3005 5628 decet,
3033 5562 3190 5631 digne
3210 5562 3277 5615 de
3308 5561 3419 5615 Deo
3452 5559 3613 5613 intel-

2020 5650 2267 5729 ligamus.
2304 5658 2427 5712 Vult
2453 5658 2595 5712 enim
2624 5672 2718 5725 per
2746 5658 2859 5711 lucc
2884 5655 3043 5710 verba
3066 5655 3116 5707 in
3159 5652 3474 5705 memoriam
3524 5668 3611 5705 re-

2021 5752 2181 5815 ferre,
2206 5748 2476 5819 quomodo
2512 5747 2721 5815 decepti
2752 5740 2947 5802 fuerint
2971 5761 2998 5798 a
3030 5744 3243 5799 diabolo
3270 5757 3365 5810 per
3388 5757 3611 5811 serpen-

2020 5851 2145 5897 tetn.
2170 5840 2611 5912 Quandoquidem
2640 5836 2725 5896 illc
2751 5839 2962 5894 diccbat
2985 5881 2998 5906 ,
3027 5837 3087 5892 Si
3106 5835 3450 5905 comederitis,
3469 5836 3613 5891 eritis
