4068 6392
507 379 595 435 IS!
890 397 895 403 ·
1228 385 1284 441 S.
1325 384 1602 444 JO.\NNIS
1640 386 2117 448 CIIRYSOSTOMI
2151 393 2461 454 ARClliEP.
2502 348 3034 461 CONSTANTINDP.

501 504 554 548 ut
590 494 683 560 ait,
715 503 770 550 et
798 509 894 565 spe
942 497 1204 567 potienda:
1237 500 1552 570 mqualitutis
1599 517 1721 557 cum
1769 503 1880 558 Deo
1907 505 2084 560 cibum

507 583 647 639 hunc
677 599 893 640 sumere
921 587 1036 642 ausi
1063 597 1204 641 sunt.
1238 590 1409 659 Atque
1430 589 1529 644 hac
1558 590 1627 647 de
1653 606 1810 646 causa
1842 593 1980 648 Deus
1999 594 2090 649 ite-

504 689 622 728 rum
654 675 771 729 illos
802 691 1023 731 monere
1045 679 1228 732 volens
1249 719 1262 740 ,
1294 687 1350 732 ut
1379 681 1642 735 sentirent
1676 697 1834 751 quam
1858 683 2090 752 graviter

504 775 687 820 essent
733 767 868 837 lapsi
898 785 997 839 per
1037 769 1456 826 iuohedientiam
1498 781 1554 826 et
1575 771 1944 842 deccptionem
1964 816 1980 842 ,
2009 775 2091 830 in-

503 856 620 923 qttit
654 874 668 907 :
703 855 829 910 Ecce
865 858 1028 911 Adam
1057 861 1222 928 [actus
1269 869 1340 914 est
1368 861 1514 930 quasi
1561 877 1690 914 unus
1715 877 1780 916 ea:
1816 863 1978 917 nobis.
2035 863 2089 919 In

507 957 713 1001 tantum
743 947 991 1003 ruborem
1021 948 1125 1004 hoc
1163 951 1382 1005 verbum
1415 952 1615 1020 injicit,
1647 961 1707 1006 ut
1734 962 2094 1024 transgresso-

507 1051 618 1090 rem
667 1037 900 1105 graviter
928 1048 1145 1110 tangere
1193 1041 1386 1095 valeat.
1433 1040 1590 1108 ideo,
1622 1043 1826 1114 inquit,
1854 1053 2094 1100 contem-

508 1125 658 1193 psisti
701 1125 1008 1181 mandatum
1059 1145 1234 1184 tneum
1261 1129 1401 1200 quod
1441 1131 1698 1201 atthalem
1745 1140 1797 1188 te
1827 1133 1937 1188 Deo
1980 1133 2093 1189 fore

513 1225 725 1284 putares
759 1219 815 1272 ’ἲ
845 1219 985 1275 Ecce
1011 1220 1179 1276 factus
1205 1237 1265 1275 es
1290 1223 1430 1290 quod
1456 1225 1775 1293 exspectasti
1803 1243 1816 1278 :
1847 1226 1954 1279 imo
1983 1241 2089 1280 non

507 1305 649 1373 quod
676 1309 1032 1376 exspectasti,
1063 1309 1156 1364 sed
1199 1311 1408 1380 qualem
1452 1321 1504 1367 te
1557 1313 1668 1367 ﬁeri
1696 1313 1915 1383 dignum
1951 1325 2087 1370 erat.

508 1392 662 1459 Ecce,
697 1396 884 1464 inquit,
919 1396 1081 1450 Adam
1118 1399 1278 1468 {actus
1300 1409 1372 1455 est
1407 1403 1552 1470 quasi
1573 1418 1702 1457 unus
1734 1419 1796 1458 ea:
1821 1405 1963 1458 nobis
1982 1446 1997 1467 ,
2023 1405 2091 1458 ad

503 1485 762 1538 sciendum
785 1487 970 1540 bonum
996 1498 1043 1542 et
1065 1491 1272 1544 malum.
1305 1491 1418 1547 Hoc
1454 1493 1598 1546 enim
1647 1493 1803 1548 fallax
1848 1495 2092 1552 diabolus

507 1573 716 1629 dicebat
743 1593 836 1645 per
862 1589 1182 1648 serpentem,
1215 1581 1515 1650 Aperiantur
1548 1585 1682 1636 oculi
1725 1587 1907 1652 uestri,
1930 1588 2082 1642 eritis-

506 1681 605 1732 que
639 1665 766 1718 sicut
792 1667 900 1733 dii,
947 1669 1157 1722 scientes
1192 1669 1378 1722 bonum
1407 1680 1454 1724 et
1497 1672 1708 1725 malum.
1755 1671 1822 1727 Et
1855 1691 1987 1730 nunc
2031 1692 2094 1730 ne

514 1758 644 1822 forte
665 1757 900 1809 extmdat
954 1772 1161 1810 manum
1204 1767 1254 1811 et
1281 1766 1454 1828 tangat
1481 1761 1671 1831 lignum
1705 1763 1819 1816 vitae
1836 1804 1851 1828 ,
1883 1774 1931 1818 et
1956 1781 2094 1818 com-

506 1841 642 1906 edat,
668 1853 714 1896 et
743 1845 872 1897 uiuat
888 1845 938 1897 in
959 1857 1224 1901 aeternum.
1240 1845 1392 1911 Vide,
1412 1863 1530 1916 oro,
1560 1848 2091 1908 hic'misericordiam

509 1933 735 1987 Domini.
791 1933 1013 2004 Oportet
1058 1938 1202 1991 enim
1245 1938 1386 2007 quod
1431 1939 1632 1994 dictum
1680 1951 1764 1995 est
1812 1942 2095 2014 diligenter

507 2025 770 2091 scrutari,
804 2033 862 2080 ut
894 2026 1027 2080 nihil
1054 2041 1239 2082 eorum
1268 2043 1387 2097 quas
1431 2021 1503 2083 in.
1525 2030 1687 2086 fundo
1720 2042 1845 2088 sunt
1868 2033 2096 2090 abscon-

508 2111 640 2180 dita,
666 2113 832 2178 latere
859 2131 956 2171 nos
993 2127 1175 2186 queat.
1200 2119 1333 2173 Cum
1383 2121 1524 2176 Deus
1553 2122 1759 2178 Adamo
1785 2125 2092 2181 mandatum

508 2203 660 2258 daret
683 2245 698 2271 ,
725 2220 755 2258 a
781 2207 926 2261 nullo
947 2208 1054 2263 alio
1072 2208 1342 2266 abstinere
1365 2213 1637 2284 praecepit,
1664 2228 1823 2284 quam
1845 2216 1912 2271 ah
1933 2217 2093 2273 unico

509 2293 673 2362 ligno,
701 2294 768 2350 de
799 2309 905 2366 quo
935 2299 1056 2368 quia
1077 2298 1240 2355 edere
1267 2299 1364 2355 fuit
1388 2316 1572 2371 ausus,
1595 2318 1751 2373 pinna
1776 2305 1965 2361 mortis
1995 2307 2094 2377 ipsi

506 2381 736 2454 irrogata
782 2395 865 2441 est
894 2387 1071 2457 :qnod
1101 2403 1222 2444 cum
1273 2392 1589 2461 praeciperet
1632 2393 1704 2448 illi
1736 2393 2014 2461 deﬁnivit,
2045 2397 2091 2451 si

507 2474 984 2543 praevaricaretur,
1049 2478 1116 2533 de
1174 2479 1318 2550 ligno
1375 2482 1499 2536 vitae
1568 2482 1700 2537 nihil
1756 2485 2089 2554 praecipiens.

506 2564 947 2635 Quandoquidem
976 2567 1120 2622 enim
1140 2611 1155 2634 ,
1181 2577 1239 2624 ut
1259 2571 1508 2627 existimo
1531 2613 1548 2638 ,
1570 2581 1626 2628 et
1656 2573 1950 2644 intelligere
1975 2584 2088 2640 est,

509 2654 862 2709 immortalem
891 2656 1042 2711 illum
1072 2660 1273 2714 creavit
1291 2700 1306 2726 ,
1339 2662 1600 2730 potuisset
1644 2662 1786 2734 ipse,
1815 2664 1860 2718 si
1887 2664 2089 2721 voluis-

505 2750 606 2810 sct,
630 2758 750 2798 cum
779 2745 897 2801 aliis
924 2748 1084 2802 etiam
1112 2748 1180 2803 de
1207 2749 1310 2804 hoc
1335 2753 1476 2806 vesci
1497 2752 1638 2822 quod
1669 2762 1980 2824 perpetuam
2010 2755 2087 2810 illi

504 2833 816 2892 contulisset
853 2838 1016 2892 vitam
1048 2854 1249 2910 :quare
1288 2841 1494 2897 nullum
1539 2843 1850 2899 mandatum
1880 2845 1948 2901 de
1996 2846 2089 2902 illo

506 2926 729 2994 accepit.

581 3017 634 3071 5.
663 3017 720 3072 Si
755 3028 933 3074 autem
962 3021 1208 3077 curiosus
1240 3022 1431 3094 aliquis
1458 3032 1647 3094 rogat,
1675 3039 1841 3095 quare
1891 3025 2090 3096 lignum

506 3105 629 3159 vitae
677 3106 748 3160 sit
799 3108 1116 3176 appellatum
1146 3128 1158 3164 :
1187 3111 1353 3177 sciat,
1409 3126 1517 3167 non
1571 3126 1732 3183 posse
1780 3113 2090 3184 hominem,

503 3197 615 3251 suis
647 3197 886 3251 innixum
916 3199 1208 3253 ratiociniis
1228 3241 1242 3266 ,
1274 3202 1452 3256 omnia
1485 3203 1578 3259 Dei
1617 3218 1782 3276 opera
1823 3208 2088 3264 contueri.

507 3286 688 3341 Visum
713 3286 856 3343 enim
882 3286 980 3341 fuit
1002 3288 1245 3357 Domino,
1264 3300 1321 3346 ut
1343 3293 1778 3350 exercitationem
1800 3296 2087 3366 quamdam

503 3376 824 3432 obedientiaa
852 3387 909 3432 et
933 3377 1303 3437 inobedientia:
1319 3383 1540 3440 haberet
1569 3385 1729 3440 homo
1756 3403 1788 3442 a
1815 3403 1875 3444 se
1894 3389 2086 3459 factus,

502 3477 560 3522 et
590 3468 642 3520 in
695 3467 941 3537 paradiso
970 3468 1169 3539 degens
1189 3511 1203 3537 ,
1236 3481 1295 3526 ut
1330 3473 1436 3529 duo
1465 3475 1563 3530 ista
1603 3477 1741 3547 ligna
1771 3477 1842 3534 ibi
1887 3485 2088 3536 consti-

502 3565 675 3613 tueret
697 3597 714 3624 ,
745 3556 970 3614 alterum
1014 3560 1231 3630 quidem
1259 3563 1382 3618 vita:
1401 3603 1416 3630 ,
1452 3565 1680 3622 alterum
1708 3583 1872 3629 vero.
1926 3580 1984 3625 ut
2012 3570 2090 3626 sic

503 3647 557 3702 lo
578 3663 706 3714 mar,
733 3650 938 3704 mortis.
965 3649 1096 3706 Nam
1116 3652 1234 3722 ejus
1265 3668 1390 3709 esus
1409 3663 1462 3710 et
1481 3659 1829 3728 transgressio
1855 3661 2087 3717 mandati

506 3747 735 3793 mortem
767 3738 839 3793 illi
899 3743 1096 3795 attulit.
1129 3742 1351 3809 Quando
1373 3745 1550 3814 igitur,
1582 3747 1668 3801 ubi
1716 3748 1783 3804 de
1809 3749 1910 3805 hoc
1934 3765 2088 3806 com-

503 3828 636 3890 edit,
667 3827 907 3884 mortalis
930 3828 1099 3884 factus
1143 3840 1257 3896 est,
1293 3835 1636 3905 corporisque
1682 3839 2088 3897 necessitatibus

501 3916 762 3971 obnoxius
778 3955 799 3985 ,
825 3927 880 3973 et
903 3919 1076 3987 primo
1100 3929 1372 3987 peccatum
1403 3922 1697 3992 ingressum
1722 3937 1803 3981 est
1829 3969 1844 3994 ,
1875 3940 2089 3999 pr0pter

503 4008 646 4078 quod
686 4016 740 4063 et
765 4024 914 4064 mors
941 4025 972 4065 ιι
1013 4011 1243 4068 Domino
1268 4013 1468 4069 utiliter
1502 4015 1806 4085 dispensata
1836 4028 1919 4075 est
1941 4061 1955 4087 ,
1981 4036 2087 4077 non

501 4099 726 4167 posthac
751 4101 805 4154 in
837 4093 1082 4170 paradiso
1124 4103 1377 4174 relinquit
1423 4105 1591 4161 Adam
1611 4149 1626 4174 ,
1655 4108 1750 4164 sed
1777 4111 1926 4167 exire
1967 4113 2089 4169 inde

497 4189 672 4257 jubet,
704 4199 1009 4246 monstrans
1055 4207 1113 4248 se
1145 4204 1360 4264 propter
1393 4196 1522 4252 nihil
1548 4199 1691 4254 aliud
1738 4200 1840 4256 hoc
1869 4201 2044 4260 facere
2066 4245 2083 4272 ,

503 4293 664 4347 quam
691 4289 909 4349 propter
935 4280 1314 4353 benignitatem
1335 4301 1439 4356 qua
1469 4288 1617 4344 illum
1645 4293 2081 4362 prosequebatur.

502 4369 570 4425 Et
624 4379 680 4425 ut
727 4371 830 4426 hoc
854 4383 1099 4430 accurate
1123 4374 1392 4432 discamus
1413 4417 1427 4441 ,
1471 4393 1648 4448 opera:
1673 4381 1897 4448 pretium
1927 4383 2084 4438 fuerit

504 4459 661 4515 verba
677 4459 872 4516 divinae
891 4461 1179 4532 Scriptura:
1203 4466 1380 4522 denuo
1407 4468 1599 4538 legere.
1625 4468 1692 4524 Et
1709 4488 1860 4540 nunc,
1891 4473 2080 4544 inquit,

502 4565 564 4603 ne
606 4552 807 4618 quando
831 4555 1065 4608 extendat
1093 4572 1300 4610 manum
1317 4597 1334 4624 ,
1367 4567 1416 4611 et
1436 4559 1650 4629 accipiat
1674 4561 1738 4615 de
1762 4560 1898 4632 tigno
1928 4565 2043 4618 vita:
2064 4605 2082 4631 ,

505 4650 556 4696 et
587 4643 836 4708 comedat,
861 4653 909 4698 et
929 4645 1058 4700 uiuat
1095 4648 1149 4700 iu
1192 4656 1453 4701 uernum.
1481 4649 1614 4705 Nam
1639 4653 1762 4720 quia
1787 4646 1973 4724 magna
2000 4655 2084 4710 in-

500 4733 889 4803 temperantiae,
921 4734 1107 4805 inquit,
1143 4736 1335 4792 indicia
1357 4738 1595 4794 exhibuit
1615 4782 1631 4807 ,
1655 4745 2082 4811 praevaricando-

499 4835 602 4889 que
624 4822 928 4878 mandatum
954 4824 1193 4880 mortalis
1215 4819 1384 4882 factus
1402 4836 1506 4895 est,
1530 4844 1597 4883 ne
1615 4845 1753 4885 nunc
1773 4840 1826 4887 et
1857 4833 2080 4903 lignum,

496 4909 636 4980 quod
665 4910 824 4965 vitam
866 4913 1064 4981 praebet
1082 4916 1406 4984 continuam,
1436 4918 1700 4989 attingere
1719 4922 1932 4990 audeat,
1962 4938 2085 4992 pec-

495 5009 714 5055 caturus
743 5010 1005 5071 perpetuo
1024 5043 1040 5069 ,
1069 5005 1236 5060 satius
1281 5006 1441 5063 fuerit
1478 5008 1603 5064 hinc
1624 5011 1794 5081 ipsum
1823 5013 1978 5082 ejici;
2008 5015 2078 5071 ita

495 5099 554 5145 ιιι
578 5091 748 5160 magis
774 5093 1149 5161 providentiae,
1178 5111 1337 5166 quam
1367 5099 1743 5170 indignationis
1786 5103 1946 5160 fuerit
1988 5107 2078 5161 illa

493 5180 703 5250 cjeetio.
738 5182 835 5237 Hic
858 5183 1000 5238 enim
1048 5201 1165 5241 mos
1191 5197 1273 5243 est
1299 5188 1508 5244 Domini
1525 5193 1735 5256 nostri.
1764 5203 1822 5250 ut
1851 5196 2079 5266 puniens

493 5287 598 5328 non
623 5275 798 5330 minus
823 5289 980 5344 quam
1010 5270 1349 5336 benefacieus
1387 5295 1538 5337 suam
1565 5299 1691 5354 erga
1717 5301 1813 5341 nos
1837 5287 2079 5344 declaret

497 5365 886 5432 providentiam
908 5409 922 5434 ,
951 5370 1147 5440 quippe
1182 5380 1237 5426 et
1267 5373 1402 5429 hanc
1455 5390 1667 5445 prunam
1697 5377 2074 5436 admonitionis

493 5455 660 5522 gratia
685 5457 840 5511 nobis
865 5458 1134 5528 irrogavit.
1165 5461 1300 5529 Quia
1324 5464 1503 5534 utique
1537 5466 1584 5521 si
1610 5467 1797 5522 scisset
1838 5484 1935 5523 nos
1964 5485 2069 5526 non

492 5543 706 5613 Pejores
735 5546 849 5602 ﬁeri
892 5549 1109 5621 impune
1138 5553 1437 5621 peccando,
1468 5568 1774 5626 neutiquam
1802 5559 1938 5612 ultra
1971 5575 2071 5628 pu«

567 5640 580 5665 ⁶
599 5637 875 5708 ‘H‘as‘voces,
896 5641 1275 5708 quod_q:qualem
1299 5639 1350 5708 te
1366 5644 1464 5708 Deo
1483 5649 1679 5708 putares
1701 5646 1931 5708 (ἰσοθεισιν

609 5669 694 5686 ..ω
721 5669 875 5697 νυιῠδ,
896 5669 1022 5712 quos.
1045 5669 1275 5704 wquaucus
1299 5669 1342 5692 sc
1366 5669 1464 5694 uw
1483 5669 1678 5716 passure.
1701 5669 1931 5720 utraveth
1957 5669 2073 5714 φαν-

502 5697 935 5820 ξιῖζιίεξὶέάεευιιι
953 5715 1002 5751 ιιι
1027 5703 1222 5764 Morel.,
1250 5704 1338 5754 sed
1365 5706 1612 5756 habentur
1632 5717 1682 5756 ιιι
1713 5710 1952 5785 Savnl.'et
1975 5714 2069 5764 ali-

2197 509 2384 565 niisset
2414 528 2428 567 :
2455 512 2550 568 sed
2581 523 2636 569 ut
2685 517 2939 586 reprimat
2979 529 3220 576 nostrum
3249 519 3317 578 ad
3359 520 3629 582 deteriora
3654 541 3794 598 pro-

2191 612 2434 668 gressum
2459 641 2474 667 ,
2519 613 2576 659 et
2631 605 2783 662 tollat
2823 608 3078 664 malitiam
3131 610 3355 667 ulterius
3395 623 3736 684 grassantem
3769 655 3794 686 ,

2195 705 2345 746 suam
2394 693 2656 750 servando
2702 697 3123 755 misericordiam
3151 741 3167 765 ,
3211 702 3407 772 punit":
3437 703 3490 759 id
3532 704 3680 775 quod
3731 714 3796 762 et

2197 798 2338 839 nunc
2378 784 2521 841 fecit.
2552 785 2744 843 Curam
2787 790 2931 844 enim
2973 807 3137 861 agens
3181 795 3480 864 primigenii
3510 795 3792 863 hominis,

2195 873 2315 942 ejici
2347 876 2516 945 ipsum
2563 894 2595 934 e
2619 879 2866 948 paradiso
2894 885 3163 953 praecepit.
3212 886 3302 940 25.
3331 886 3398 940 Et
3424 889 3588 943 emisit
3635 888 3796 944 illum

2197 963 2445 1022 Dominus
2489 967 2626 1023 Deus
2669 987 2732 1024 es:
2768 973 3007 1040 paradiso
3043 975 3340 1045 voluptatis,
3387 989 3442 1032 ut
3486 990 3798 1049 aperaralr

2195 1059 2381 1107 terram
2407 1055 2470 1109 de
2492 1073 2592 1124 qua
2636 1071 2865 1130 sumptus
2893 1071 2982 1116 est.
3015 1061 3208 1118 lterum
3237 1079 3354 1132 oro,
3387 1076 3445 1121 ut
3473 1067 3560 1123 hic
3585 1069 3796 1124 divina:

2196 1139 2483 1211 Scriptura:
2505 1144 2830 1214 diligentiam
2847 1149 3047 1205 videas.
3074 1152 3254 1207 Emisit
3275 1155 3440 1222 illum,
3468 1157 3663 1227 inquit,
3691 1157 3798 1212 Do-

2196 1233 2365 1288 minus
2389 1232 2528 1289 Deus
2557 1234 2622 1290 ex
2661 1240 2904 1306 paradiso
2945 1243 3220 1311 voluptatis
3238 1286 3254 1309 ,
3279 1256 3332 1298 ut
3359 1259 3659 1312 operaretur
3685 1261 3795 1303 ter-

2196 1338 2306 1376 ram
2332 1323 2392 1376 de
2408 1340 2509 1393 qua
2547 1337 2777 1398 sumptus
2797 1341 2889 1384 est.
2922 1331 3060 1385 Ecce
3091 1335 3407 1388 sententiam
3429 1350 3581 1390 suam
3609 1339 3794 1405 reipsa

2197 1414 2540 1484 exsequitur;
2589 1426 2645 1472 et
2685 1433 2756 1473 ex
2786 1421 3034 1490 paradiso
3059 1425 3345 1495 voluptatis
3385 1427 3638 1496 ejectum,
3676 1440 3796 1484 ter-

2197 1517 2311 1556 ram
2340 1503 2406 1559 de
2429 1520 2531 1575 qua
2571 1516 2814 1577 sumptus
2837 1520 2953 1564 erat
2977 1514 3188 1582 operari
3231 1514 3401 1584 jubet.
3427 1516 3538 1572 Nec
3580 1527 3794 1574 temere

2196 1593 2329 1648 dixit
2349 1637 2362 1660 ,
2391 1596 2464 1650 De
2500 1613 2600 1667 qua
2620 1610 2849 1670 sumptus
2876 1612 2949 1655 est
2976 1619 2997 1656 :
3025 1603 3116 1657 sed
3162 1615 3221 1658 ut
3251 1614 3506 1674 perpetuo
3535 1621 3786 1663 commo-

2197 1686 2420 1741 nelieret
2461 1687 2777 1744 humilitatis
2820 1690 2959 1745 inter
2985 1693 3312 1762 operandum
3375 1696 3623 1766 scireque
3666 1711 3795 1766 pos-

2197 1782 2279 1830 set
2301 1789 2360 1831 se
2386 1775 2508 1831 inde
2533 1791 2653 1832 esse
2678 1781 3050 1848 constitutum,
3080 1790 3135 1837 et
3157 1782 3508 1838 substantiam
3540 1785 3793 1855 corporis

2197 1881 2264 1922 ex
2309 1875 2452 1922 terra
2502 1868 2700 1926 habere
2741 1871 2809 1926 ab
2838 1873 2989 1927 initio
3019 1892 3033 1927 :
3065 1880 3124 1927 ut
3163 1873 3306 1927 illam
3348 1875 3548 1944 ipsam,
3576 1876 3790 1946 inquit,

2197 1968 2450 2030 cperetur
2478 1969 2699 2026 terram.
2727 1977 2792 2019 ex
2818 1979 2919 2034 qua
2946 1974 3002 2018 et
3020 1966 3136 2034 ipse
3166 1966 3487 2022 constitutus
3515 1976 3622 2023 est.
3653 1967 3791 2024 Nam

2199 2050 2301 2107 hoc
2325 2051 2466 2122 quod
2495 2053 2550 2107 in
2583 2054 2843 2109 sententia
2891 2055 3103 2110 dicebat
3123 2096 3141 2121 ,
3190 2055 3257 2110 In
3292 2058 3477 2113 sudore
3505 2059 3658 2129 faciei
3689 2069 3797 2112 tua

2197 2143 2403 2196 vesceris
2452 2159 2583 2211 pane
2619 2153 2704 2197 tuo
2744 2159 2764 2198 :
2795 2143 3023 2212 idipsum
3077 2153 3134 2200 et
3179 2161 3319 2201 nunc
3362 2148 3522 2212 dicit,
3572 2147 3793 2217 quando

2198 2229 2385 2302 inquit,
2415 2230 2483 2287 Ut
2507 2243 2800 2303 aperuretur
2835 2243 3021 2289 terram
3047 2236 3108 2289 de
3126 2251 3227 2304 qua
3249 2248 3478 2305 sumptus
3505 2245 3602 2291 est.
3634 2235 3794 2291 Post-

2199 2321 2314 2388 hac,
2349 2333 2406 2378 ut
2425 2323 2694 2379 discamus
2722 2335 2920 2394 quanto
2940 2326 3302 2395 spatioipsum
3331 2341 3360 2379 a
3387 2325 3637 2395 paradiso
3667 2326 3790 2381 col-

2198 2411 2428 2477 locavit,
2471 2414 2629 2468 etiam
2671 2413 2799 2469 illud
2827 2414 2998 2484 ipsum
3024 2413 3301 2484 Scriptura
3344 2415 3525 2470 divina
3558 2430 3659 2471 nos
3683 2414 3789 2472 do-

2195 2509 2282 2556 cet
2303 2518 2317 2555 :
2341 2500 2432 2557 ει.
2462 2501 2721 2573 Ejecitque
2763 2502 3010 2559 Dominus
3049 2503 3187 2559 Deus
3213 2504 3377 2558 Adam
3393 2546 3410 2573 ,
3434 2513 3481 2559 et
3519 2506 3792 2561 collocavit

2193 2607 2308 2646 eum
2334 2591 2580 2663 eiegione
2603 2594 2829 2663 paradisi
2855 2595 3145 2666 uoluptatis.

2268 2680 2369 2734 Cur
2384 2696 2448 2735 ea:
2462 2681 2669 2736 adverso
2685 2681 2913 2752 paradisi
2935 2687 3129 2755 positus
3141 2685 3445 2740 Δάαι-Δ
3453 2686 3792 2744 nimadverte

2193 2783 2531 2825 communem
2551 2771 2831 2826 Dominum
2843 2768 3088 2828 'nostrum
3104 2774 3161 2849 in
3179 2774 3405 2845 singulis
3417 2775 3675 2845 Operihus
3697 2777 3790 2832 bc-

2196 2859 2464 2929 niguitatis
2481 2873 2850 2932 argumentum
2870 2863 3146 2929 exhibere,
3166 2874 3222 2921 et
3248 2865 3483 2936 singulas
3503 2881 3788 2936 pinnarum

2193 2952 2399 3021 species
2428 2950 2666 3009 bonitate
2691 2954 2873 3024 plenas
2897 2969 3038 3012 esse.
3066 2953 3181 3010 Non
3207 2956 3352 3010 enim
3373 2956 3478 3012 hoc
3491 2958 3668 3014 solum
3686 2959 3788 3012 mi-

2193 3043 2498 3098 sericordia:
2510 3053 2567 3100 et
2583 3043 2925 3114 benignitatis
2935 3053 3307 3116 argumentum
3325 3054 3461 3112 erat,
3478 3047 3623 3117 quod
3636 3048 3790 3103 emit-

2196 3139 2327 3186 teret
2350 3144 2404 3188 et
2429 3133 2680 3204 ejiceret;
2703 3135 2797 3190 sed
2820 3144 2873 3189 et
2910 3134 3052 3204 quod
3077 3135 3226 3190 illum
3263 3145 3450 3190 contra
3475 3136 3786 3206 paradisum

2195 3223 2494 3290 collocaret,
2515 3234 2573 3279 ut
2595 3225 2775 3296 jugem
2792 3224 3031 3281 dolorem
3051 3224 3266 3280 haberet
3282 3226 3521 3296 quotidie
3540 3228 3788 3298 cogitans

2196 3313 2338 3369 unde
2359 3315 2664 3383 exciderat,
2695 3325 2750 3372 et
2792 3317 2847 3372 in
2866 3330 3025 3387 quem
3053 3325 3252 3372 statum
3277 3333 3336 3373 se
3356 3319 3686 3388 eonjecerat.
3717 3320 3786 3376 Et

2192 3403 2433 3472 quamvis
2477 3405 2776 3474 gravissimi
2821 3406 3024 3463 doloris
3077 3409 3440 3477 spectaculum
3485 3419 3669 3476 esset,
3701 3419 3783 3464 ta-

2192 3510 2312 3549 men
2341 3510 2543 3566 magnae
2565 3497 2806 3552 utilitatis
2829 3507 2944 3552 erat
2967 3499 3200 3567 occasio,
3225 3508 3281 3554 ut
3309 3499 3504 3556 dolens
3524 3502 3786 3557 continuo

2192 3594 2430 3656 aspectu,
2463 3587 2720 3643 munitior
2744 3597 2799 3643 et
2825 3590 3031 3645 cautior
3051 3598 3198 3645 esset
3227 3590 3280 3645 in
3307 3590 3427 3645 aliis
3447 3632 3462 3658 ,
3486 3606 3556 3646 ne
3584 3591 3783 3648 iterum

2192 3675 2244 3728 in
2271 3673 2455 3730 eadem
2480 3687 2690 3746 peccata
2719 3677 3002 3734 incideret.
3038 3677 3172 3733 Nam
3198 3681 3451 3748 quoniam
3487 3680 3575 3736 hic
3601 3673 3783 3738 homi-

2192 3767 2275 3821 nis
2303 3776 2357 3822 ut
2383 3768 2667 3839 plurimum
2693 3785 2809 3826 mos
2829 3778 2931 3838 est,
2964 3779 3021 3826 ut
3047 3771 3173 3826 dum
3194 3771 3350 3827 bonis
3377 3772 3627 3840 fruimur,
3651 3773 3785 3844 ipsis

2191 3866 2248 3911 ut
2284 3867 2495 3927 oportet
2529 3860 2604 3914 uti
2631 3861 2932 3916 nesciamus
2955 3901 2970 3926 ,
2999 3861 3211 3915 illorum
3251 3862 3548 3932 privatione
3586 3876 3784 3920 emen-

2190 3945 2400 4014 damur,
2431 3957 2484 4003 et
2523 3957 2648 4005 tunc
2671 3951 2998 4021 experientia
3022 3950 3165 4006 docti
3190 3951 3392 4007 sentire
3417 3962 3659 4008 nostram
3683 3953 3784 4010 de-

2191 4038 2378 4093 sidiam
2407 4039 2685 4108 ineipimus
2707 4083 2720 4105 ,
2751 4051 2910 4113 atque
2955 4043 3030 4098 ita
3079 4053 3223 4097 tanta
3274 4058 3455 4098 rerum
3482 4046 3784 4102 mutatione

2191 4128 2465 4194 docemur,
2491 4139 2545 4185 et
2569 4145 2598 4184 a
2624 4131 2816 4200 quibus
2836 4117 3162 4199 excidimus,
3187 4145 3240 4188 et
3269 4135 3463 4204 quibus
3503 4149 3604 4190 nos
3631 4136 3784 4205 ipsos

2190 4220 2344 4275 malis
2364 4221 2829 4277 circumdedimus.
2853 4222 3036 4294 Itaque
3063 4225 3203 4295 quod
3235 4241 3400 4296 prope
3424 4232 3479 4280 et
3501 4241 3534 4282 e
3554 4227 3784 4296 regione

2189 4310 2418 4379 paradisi
2457 4325 2580 4366 eum
2627 4312 2716 4381 qui
2761 4313 2906 4368 illinc
2957 4314 3229 4371 exciderat
3275 4315 3514 4372 habitare
3575 4316 3776 4388 jussit,

2189 4401 2433 4456 maxima:
2475 4402 2822 4472 providentiae
2847 4413 2903 4460 et
2939 4419 3082 4460 cum
3125 4407 3335 4476 signum
3379 4407 3478 4461 fuit
3504 4446 3521 4472 ,
3548 4416 3607 4463 ut
3646 4424 3781 4480 spe-

2189 4491 2385 4546 ctando
2412 4507 2616 4548 memor
2635 4503 2780 4549 esset
2808 4504 2864 4551 et
2886 4494 3010 4551 inde
3034 4496 3238 4552 lucrum
3261 4496 3480 4565 taceret,
3507 4512 3574 4554 ac
3599 4513 3781 4569 neque

2190 4582 2472 4637 immodica
2489 4584 2702 4647 vivendi
2725 4573 3178 4655 concupiscentia,
3209 4588 3294 4642 vel
3320 4587 3452 4643 toris
3479 4588 3776 4656 exsistens,

2187 4671 2255 4726 de
2283 4672 2425 4741 ligno
2445 4671 2726 4728 comedere
2746 4684 3112 4744 praesumeret.
3132 4676 3314 4730 Divina
3335 4677 3477 4732 enim
3499 4677 3778 4747 Scriptura

2188 4764 2363 4819 Omnia
2393 4764 2566 4830 nobis,
2584 4774 2742 4835 prout
2768 4775 2965 4822 nostra:
2991 4767 3282 4824 inﬁrmitati
3303 4779 3624 4838 congruunt,
3650 4785 3782 4825 nar-

2187 4865 2291 4910 rat.
2319 4853 2388 4908 Et
2410 4855 2671 4912 collocavit
2716 4856 2980 4913 Cherubin:
3009 4869 3055 4913 et
3081 4860 3370 4930 ﬂammeum
3395 4861 3626 4933 gladium
3656 4878 3778 4917 κτ-
3809 4899 3815 4904 -

2186 4946 2381 5001 satitem
2406 4947 2473 5001 ad
2509 4949 2889 5004 custodiendam
2921 4951 3055 5005 uiam
3087 4953 3211 5023 tigni
3245 4952 3374 5008 vita.
3405 4952 3777 5024 Negligentia,

2186 5053 2340 5107 quam
2377 5039 2487 5108 jam
2529 5041 2673 5096 circa
2715 5040 2968 5096 traditum
3016 5051 3337 5112 praeceptum
3377 5043 3775 5112 exhibuerant,

2186 5130 2238 5184 in
2267 5147 2424 5186 causa
2456 5131 2632 5186 fuitut
2676 5142 2818 5187 tanta
2861 5135 3110 5191 cautione
3149 5135 3325 5190 aditus
3353 5136 3481 5207 ipsis
3509 5138 3772 5194 interelu-

2185 5222 2418 5279 deretur.
2435 5225 2818 5280 Animadverte
2830 5225 2917 5280 hic
2931 5227 3218 5298 benignum
3236 5228 3401 5305 Deum
3421 5243 3525 5284 non
3542 5241 3773 5287 conten-

2193 5321 2301 5366 tum
2335 5313 2498 5369 fuisse
2521 5314 2793 5370 hominem
2820 5328 2852 5370 e
2881 5315 3096 5387 regione
3124 5319 3358 5387 paradisi
3381 5317 3643 5386 habitare,
3671 5323 3771 5377 sed

2185 5407 2501 5476 praecepisse
2526 5408 2685 5461 etiam
2706 5447 2721 5472 ,
2749 5415 2808 5460 ut
2834 5407 3054 5464 virtutes
3081 5409 3185 5464 illa:
3214 5408 3499 5465 Cherubim
3530 5418 3585 5465 et
3609 5409 3770 5464 llam-

2186 5512 2335 5551 meus
2362 5497 2569 5568 gladius
2599 5497 2691 5552 ille
2718 5498 2982 5554 versatilis
3011 5500 3343 5556 custodirent
3364 5502 3529 5564 viam,
3559 5517 3679 5570 quae
3706 5502 3769 5556 il-

2185 5588 2270 5642 Iuc
2300 5589 2599 5643 inducebat.
2634 5587 2743 5642 Nec
2769 5588 2972 5659 absque
2993 5605 3152 5645 causa
3183 5592 3404 5658 addidit,
3439 5592 3772 5656 Venatilcm,

2181 5677 2274 5733 sed
2303 5677 2560 5733 utdoceat
2604 5692 2735 5742 nos,
2769 5692 2983 5734 omnem
3012 5681 3148 5734 viam
3181 5679 3274 5734 illo
3314 5679 3598 5736 ducentem
3625 5696 3766 5748 pne-

2185 5767 2387 5822 clusam
2432 5766 2592 5824 fuisse
2615 5807 2630 5836 ,
2663 5782 2730 5825 eo
2747 5767 2889 5838 quod
2922 5769 3126 5841 gladius
3167 5769 3254 5826 ille
3278 5771 3406 5827 dum
3439 5779 3764 5834 versaretur,
