4068 6380
302 407 388 474 ὡς
409 406 555 474 θεοί,
576 406 670 462 καὶ
695 407 930 473 ἰσοθεῒας
956 407 1130 461 ἐλπίδι
1151 406 1253 478 τῆς
1271 406 1528 479 βρώσεως
1549 405 1988 478 κατετόλμησαν·

301 495 401 550 διὰ
423 495 584 550 τοῦτο
615 496 711 549 καὶ
735 495 765 548 δ
797 496 930 560 Θεὸς
958 494 1123 549 πάλιν
1143 494 1403 566 ἐντρέψαι
1420 493 1620 558 αὐτοὺς
1644 493 1993 564 βουλόμενος,

308 583 407 636 καὶ
430 583 510 646 εἰς
541 582 794 652 αῖσθησιν
823 583 1054 650 ἀγαγεῖν
1067 579 1178 635 τῶν
1202 580 1606 651 ἐπταισμένων,
1633 579 1728 634 καὶ
1758 579 1859 648 τῆς
1893 595 1997 632 πα-

308 668 517 739 ρακοῆς
542 667 606 722 τδ
651 668 879 740 μέγεθος
903 667 1096 735 δεῖξαι,
1124 669 1221 722 καὶ
1255 668 1356 739 τῆς
1384 667 1601 739 ἀπάτης
1629 666 1730 738 τὴν
1757 663 1995 738 ὑπερϐο-

303 755 431 826 λὴν,
461 755 655 826 φησίν
707 753 865 810 Ἰδοὺ
889 753 1140 825 γέγονεν
1171 755 1345 826 Ἀδὰμ
1366 755 1448 823 ὡς
1470 749 1558 822 εἷς
1583 753 1654 818 ἐξ
1675 751 1865 822 ἡμῶν.
1890 753 1998 806 Με-

301 841 452 914 γάλη
481 840 576 894 τοῦ
616 841 862 912 ῥήματος
894 843 927 914 ή
967 841 1225 914 ἐντροπὴ,
1250 841 1574 896 καθικέσθαι
1597 838 1873 910 δυναμένη
1900 836 1996 891 τοῦ

302 928 684 1000 παραϐάντος.
721 928 822 982 Διά
853 928 1034 996 τοῦτο,
1083 928 1242 1000 φησὶ,
1273 927 1690 1000 κατεφρόνησας
1720 926 1822 996 τῆς
1850 925 1997 978 ἐντο-

301 1013 411 1085 λῆς
461 1016 564 1093 τῆς
601 1014 746 1086 ἐμῆς
795 1014 1035 1070 ισοθεῖαν
1081 1013 1447 1084 φαντασθείςς
1504 1013 1636 1068 Ἰδοὺ
1689 1011 1922 1080 γέγονας
1969 1008 1998 1063 δ

292 1091 723 1174 ’προσεδόκησας
741 1118 770 1134 ’ν
791 1100 944 1174 [155]
994 1101 1199 1172 μᾶλλον
1248 1100 1306 1156 δέ
1347 1101 1447 1172 οὐχ
1489 1099 1518 1153 δ
1565 1098 1995 1170 προσεδόκησας,

301 1188 426 1242 ἀλλ’
443 1191 583 1260 δπερ
601 1183 670 1259 ἧς
685 1187 837 1255 ἀξιος
859 1187 1136 1256 γενέσθαι.
1170 1187 1350 1251 Ἰδοὺ,
1365 1186 1520 1258 φησὶ,
1534 1185 1787 1257 γέγονεν
1812 1183 1998 1255 Ἀδὰμ

300 1275 392 1342 ὡς
417 1271 508 1342 εἷς
537 1275 608 1340 ἐξ
638 1273 833 1345 ἡμῶν,
865 1275 975 1331 τοῦ
1004 1273 1328 1346 γινώσκειν
1346 1273 1543 1330 καλὸν
1574 1272 1678 1329 καί
1705 1272 1994 1341 πονηρόν.

303 1361 484 1416 τοῦτο
525 1361 637 1434 7&9
668 1364 698 1415 ό
726 1361 985 1417 ἀπατεὼν
1025 1362 1274 1427 διάϐολος
1318 1362 1505 1426 αὐτοῖς
1559 1361 1714 1431 ἔλεγε
1761 1358 1852 1414 διὰ
1899 1357 1996 1412 τοῦ

301 1449 616 1518 δφεως,δτι
655 1448 1191 1520 Διανοιχθήσονται
1229 1447 1400 1519 ὑμῶν
1441 1451 1497 1504 οί
1538 1445 1860 1519 ὀφθαλμοί,
1894 1445 1996 1501 καί

301 1535 534 1590 ἔσεσθε
558 1537 640 1602 ὡς
679 1535 826 1604 θεοὶ,
867 1535 1273 1606 γινώσκοντες
1294 1537 1511 1591 καλὸν
1549 1535 1651 1591 καί
1699 1533 1993 1603 πονηρόν.

302 1625 419 1679 Kal
443 1624 560 1680 νῦν
590 1623 679 1694 μή
708 1640 856 1679 ποτε
881 1625 1122 1694 ἐκτείνῃ
1142 1624 1261 1693 τὴν
1292 1623 1480 1694 χεῷα,
1503 1623 1604 1678 καί
1631 1622 1858 1692 ἅψηται
1885 1619 1996 1675 τοῦ

303 1712 507 1778 εύλου
528 1710 639 1781 τῆς
655 1711 826 1782 ζωῆς,
844 1711 944 1767 καί
967 1711 1153 1782 φάγῃ,
1178 1711 1277 1766 καί
1301 1711 1541 1778 ζήσεται
1560 1711 1648 1777 εἰς
1663 1709 1772 1765 τὸν
1784 1707 1993 1764 αἰῶνα.

303 1801 462 1872 Ὅρα
488 1817 577 1871 μοι
605 1797 843 1856 ἐνταῦθα
864 1798 1275 1872 φιλανθρωπίαν
1291 1797 1586 1852 Δεσπότου.
1610 1798 1705 1850 Δεῖ
1721 1797 1832 1869 7&9
1857 1795 1996 1869 μετά

300 1885 598 1959 ἀκριϐείας
632 1886 978 1958 διερευνῆσαι
1013 1898 1041 1928 ι
1072 1885 1136 1940 τὺ
1173 1885 1486 1957 εἰρημένον,
1526 1883 1614 1939 ῖνα
1655 1885 1821 1955 μηδέν
1847 1885 1997 1955 ἡμᾶς

302 1971 495 2028 λαθεῖν
529 1972 734 2046 δυνηθῇ
779 1972 890 2027 τῶν
933 1972 992 2026 ἐν
1036 1971 1118 2043 τῷ
1169 1971 1325 2044 βάθει
1348 1971 1526 2043 τούτῳ
1571 1969 1992 2045 κεκρυμμένων.

315 2059 518 2114 Ἦνίκα
555 2059 655 2132 τὴν
691 2059 916 2130 ἐντολὴν
958 2059 1130 2113 ἐδίδου
1185 2058 1264 2130 τῷ
1303 2057 1477 2129 Ἀδάμ
1525 2057 1555 2111 δ
1583 2057 1738 2122 Θεὸς,
1779 2055 1997 2121 οὐδενὸς

305 2146 500 2218 ἐτέρου
525 2146 734 2217 ἀποσχέ
751 2147 864 2200 τθαι
884 2145 1049 2201 αὐτὸν
1072 2145 1428 2218 προσέταξεν,
1451 2145 1486 2218 ἢ
1515 2146 1678 2217 μόνον
1697 2143 1793 2198 τοῦ
1811 2142 1994 2211 ξύλου,

302 2227 373 2289 οὖ
403 2233 506 2304 τῆς
537 2233 796 2306 βρώσεως
834 2233 1258 2306 κατατολμήσας
1290 2233 1352 2288 τὺ
1386 2233 1663 2305 ἐπιτίμιον
1707 2230 1804 2286 τοῦ
1833 2231 1998 2287 θανά-

303 2337 404 2376 του
431 2320 682 2388 ἐδέξατο·
711 2321 852 2392 δπερ
882 2320 1270 2392 ἐντελλόμενος
1296 2319 1448 2391 αὐτῷ
1482 2319 1704 2392 ὥρισεν,
1740 2321 1790 2374 εἰ
1816 2335 1997 2390 παρα-

302 2407 462 2477 ϐαίη,
501 2409 630 2480 περὶ
672 2407 768 2460 τοῦ
808 2408 910 2478 τῆς
954 2406 1103 2480 ζωῆς
1137 2407 1297 2474 ξύλου
1335 2407 1489 2462 οὐδὲν
1528 2405 1994 2478 διαστειλάμενος.

317 2494 542 2569 Ἐπειδὴ
572 2495 707 2568 γάρ,
737 2496 815 2561 ὡς
857 2496 1102 2568 ήγοῦμαι
1145 2497 1242 2550 καὶ
1277 2496 1394 2550 ἐστι
1439 2495 1692 2559 συνιδεῖν,
1723 2494 1996 2549 ἀθάνατον

301 2581 472 2637 αὐτὸν
499 2581 957 2655 ἐδημιούργησεν,
991 2582 1122 2655 ἐξῆν
1146 2581 1318 2655 αὐτῷ,
1357 2581 1518 2652 εἴπερ
1554 2580 1998 2653 ἐϐούλετο,.μετά

300 2667 420 2723 τῶν
446 2668 623 2724 ἀλλων
661 2669 761 2724 καὶ
799 2669 1012 2724 ἐκείνου
1058 2668 1522 2740 μεταλαμϐάνειν,
1569 2668 1870 2740 δυναμένου
1919 2667 1999 2721 δι-

299 2755 480 2828 ηνεκῆ
503 2752 603 2828 τὴν
630 2754 778 2828 ζωὴν
811 2755 963 2826 αύτῷ
992 2753 1307 2828 προξενεῖν·
1342 2754 1533 2828 διόπερ
1563 2754 1822 2827 οὐδεμίαν
1847 2755 1998 2808 ἐντο-

302 2841 407 2914 λὴν
437 2843 567 2912 περὶ
595 2842 808 2896 ἐκείνου
839 2843 1075 2913 δέχεται.

379 2935 453 2997 γ’.
474 2928 538 2982 Εἰ
556 2929 615 2982 δέ
631 2945 717 2993 τις
739 2929 984 3000 βούλοιτο
1001 2929 1296 3002 περίεργος
1315 2928 1392 2984 ὢν
1418 2927 1624 3002 ζητεῖν,
1641 2929 1730 2984 διά
1755 2929 1809 2984 τί
1840 2928 1997 2995 ξύλον

301 3015 456 3086 ζωῆς
477 3016 747 3084 ἐκαλεῖτο,
772 3016 1096 3088 μανθανέτω
1119 3016 1195 3088 μὴ
1214 3016 1394 3070 πάντα
1417 3016 1556 3088 μετά
1576 3016 1864 3088 ἀκριϐείας
1882 3017 1997 3079 τοῖς

299 3101 530 3164 οἰκείας
553 3101 836 3172 λογισμοῖς
858 3101 1258 3156 ἀκολουθοῦντα
1283 3102 1547 3156 δύνασθαι
1583 3103 1676 3156 τὸν
1709 3102 1996 3174 ἄνθρωπον

301 3188 404 3243 καὶ
434 3187 504 3242 τά
541 3187 638 3242 τοῦ
663 3187 801 3242 Θεοῦ
827 3187 966 3261 ἔργα
998 3188 1576 3256 κατοπτεύειν.”Εδοξε
1622 3189 1733 3260 7&9
1776 3188 1856 3260 τῷ
1900 3191 1997 3242 Δε-

302 3274 506 3347 cm,
539 3275 629 3329 ῖνα
652 3276 965 3347 γυμνασίαν
993 3275 1094 3348 ἐχη
1121 3276 1374 3347 ὑπακοῆς
1401 3275 1500 3330 καὶ
1529 3276 1819 3347 παρακοῆς
1851 3277 1882 3329 ό
1902 3275 1995 3329 ὑπ’

300 3359 476 3416 αὐτοῦ
500 3361 930 3435 δημιουργηθεὶς
953 3361 1242 3434 ἄνθρωπος
1260 3364 1319 3416 ἐν
1333 3362 1413 3434 τῷ
1433 3363 1750 3435 παραδείσῳ
1768 3362 1994 3431 διάγων,

304 3448 406 3504 καὶ
425 3448 494 3504 τά
519 3448 615 3504 δύο
643 3447 821 3504 ταῦτα
847 3448 977 3514 ξύλα
1005 3451 1125 3503 ἐκεῖ
1147 3448 1444 3516 ἀναδεῖξαι,
1460 3450 1532 3524 ,τὸ
1568 3450 1670 3521 μέν
1693 3449 1798 3521 τῆς
1824 3449 1996 3520 ζωῆς,

302 3539 371 3593 τὸ
396 3537 479 3606 δέ,
518 3537 596 3602 ὥς
632 3537 830 3597 είπεῖν.
864 3536 958 3592 τοῦ
992 3535 1248 3594 θανάτου.
1303 3539 1367 3592 Ἦ
1412 3537 1523 3610 γάρ
1567 3538 1759 3592 τούτου
1791 3537 1998 3609 βρῶσις

173 3685 183 3692 _
303 3626 404 3682 καὶ
432 3627 468 3698 ή
503 3625 820 3698 παράϐασις
846 3625 948 3696 τῆς
971 3625 1191 3696 ἐντολῆς
1223 3625 1318 3679 τδν
1346 3626 1576 3681 θάνατον
1604 3625 1756 3696 αύτῷ
1784 3627 1999 3697 ἐπήγα-

303 3729 426 3782 γεν.
467 3711 626 3766 Ἐπεὶ
651 3707 746 3768 οὖν
766 3711 960 3766 τούτου
995 3710 1282 3784 μετασχὼν
1307 3711 1500 3784 θνητὸς
1521 3713 1736 3783 γέγονε,
1766 3714 1860 3767 καὶ
1876 3716 1998 3779 ταῖς

303 3802 406 3857 τοῦ
455 3803 709 3874 σώματος
759 3803 1030 3872 ἀνάγκαις
1074 3803 1263 3858 λοιπὸν
1304 3803 1626 3867 ὑπεύθυνος,
1676 3803 1771 3857 καὶ
1823 3803 1997 3876 ἀρχὴν

302 3887 471 3943 ιλαϐε
501 3890 604 3961 τῆς
641 3889 916 3962 ἁμαρτίας
941 3891 976 3961 ή
997 3889 1224 3954 εἴσοδος,
1255 3890 1326 3945 δι’
1354 3890 1421 3963 ήν
1455 3891 1550 3945 καὶ
1581 3891 1612 3943 ό
1632 3889 1864 3955 θάνατος
1891 3891 1999 3944 ὑπὸ

302 3975 406 4030 τοῦ
443 3977 719 4032 Δεσπότου
764 3978 1160 4049 συμφερόντως
1192 3978 1544 4051 ᾡκονομήθη,
1581 3978 1765 4032 οὐκέτι
1811 3977 1998 4032 λοιπὸν

231 4087 244 4096 ·
303 4064 538 4135 ἀφίησιν
563 4066 624 4118 ἐν
640 4063 722 4136 τῷ
751 4065 1068 4136 παραδείσῳ
1092 4065 1187 4120 τὸν
1225 4065 1418 4136 ’Δδάμ,
1449 4066 1568 4120 ἀλλ’
1593 4065 1832 4134 ἐξελθεῖν
1853 4067 1998 4120 ἐκεῖ·

304 4151 404 4205 θεν
431 4151 783 4221 προστάττει,
807 4151 1042 4216 δεικνὺς,
1074 4153 1157 4206 ὅτι
1173 4152 1240 4206 δι’
1261 4152 1415 4206 οὐδὲν
1437 4152 1626 4226 ἐτερον
1645 4151 1808 4207 τοῦτο
1828 4154 1994 4218 ποιεῖ,

303 4237 344 4307 ἢ
376 4237 406 4278 δ
437 4237 527 4292 διά
559 4238 659 4310 τὴν
683 4238 1099 4310 φιλανθρωπίαν
1126 4241 1227 4311 τὴν
1258 4241 1388 4312 περὶ
1417 4240 1603 4294 αὐτόν.
1632 4241 1744 4296 Καὶ
1776 4241 1865 4296 ἴνα
1895 4242 2000 4312 μά-

305 4324 498 4396 θωμεν
531 4324 800 4398 ἀκριϐῶς,
832 4327 1133 4394 ἀναγκαῖον
1179 4325 1321 4381 αὑτά
1373 4327 1539 4382 πάλιν
1587 4327 1898 4396 ἀναγνῶναι
1929 4328 1997 4382 τά

306 4411 538 4484 ῥήματα
559 4412 660 4483 τῆς
691 4411 844 4477 θείας
873 4413 1122 4485 Γραφῆς.
1151 4413 1262 4469 Καὶ
1281 4414 1420 4479 νῦν,
1445 4414 1601 4484 φησὶ,
1621 4413 1707 4484 μή
1725 4429 1871 4470 ποτε
1900 4415 1998 4468 ὲκ-

305 4499 479 4570 turn
511 4497 630 4569 τὴν
656 4497 849 4570 χεῖρα,
880 4499 980 4554 καί
1009 4499 1166 4570 λάϐῃ
1188 4501 1306 4556 ἀπὸ
1324 4502 1434 4555 τοῦ
1457 4500 1652 4566 ξύλου
1679 4500 1791 4568 τῆς
1824 4500 1994 4572 ζωῆς,

306 4587 412 4640 καί
456 4586 643 4657 φάγῃ,
681 4587 784 4642 καί
817 4585 1059 4655 ζήσεται
1096 4590 1187 4654 είς
1219 4588 1327 4642 τὸν
1366 4587 1575 4643 αἰῶνα.
1612 4588 1832 4659 Ἐπειδὴ
1864 4588 1996 4660 γάρ,

308 4673 471 4743 φησι,
506 4673 712 4744 πολλῆς
739 4674 1011 4747 ἀκρασίας
1057 4675 1330 4745 δείγματα
1363 4674 1607 4746 παρέσχε
1635 4673 1725 4729 διὰ
1752 4676 1852 4748 τῆς
1895 4675 1997 4748 ήδη

305 4758 565 4832 δοθείσης
619 4760 863 4832 ἐντολῆς,
905 4764 1002 4814 καὶ
1044 4761 1241 4831 θνητὸς
1276 4762 1520 4830 γέγονεν,
1556 4762 1645 4816 ῖνα
1688 4762 1765 4834 μὴ
1809 4763 1995 4824 πάλιν,

309 4847 472 4918 φησὶ,
495 4846 890 4922 κατατολμήσῃ
920 4849 1015 4902 καὶ
1035 4847 1230 4902 τούτου
1253 4847 1350 4902 τοῦ
1378 4847 1536 4913 ξύλου
1561 4849 1870 4918 ἐφάψασθαι
1903 4850 1996 4904 τοῦ

306 4932 414 5004 τὴν
441 4931 590 5007 ζωὴν
628 4935 963 5008 παρέχοντος
1001 4936 1100 5008 τὴν
1128 4936 1376 5006 διηνεκῆ,
1419 4936 1514 4990 καὶ
1551 4936 1722 5010 μέλλῃ
1751 4937 1998 4992 ἀθάνατα

311 5021 691 5092 ἁμαρτάνειν,
741 5021 951 5095 βέλτιον
997 5023 1161 5078 αὐτὸν
1204 5023 1460 5078 ἐντεῦθεν
1497 5023 1603 5089 ἐξω
1648 5024 1910 5096 βληθῆναι
1935 5036 1956 5063 ο
1982 5041 1995 5053 ·

312 5108 459 5164 ὥστε
504 5111 832 5182 κηδεμονίας
865 5113 1067 5183 μᾶλλον
1094 5107 1160 5184 ἦν
1191 5115 1224 5184 ἥ
1267 5114 1698 5184 ἀγανακτήσεως
1725 5115 1761 5184 ἡ
1800 5111 1998 5183 ἐκϐολὴ

311 5194 411 5250 τοῦ
441 5196 800 5268 παραδείσου.
831 5198 1086 5262 Τοιοῦτος
1127 5199 1238 5272 7&9
1270 5203 1300 5254 δ
1328 5201 1607 5272 Δεσπότης
1639 5205 1667 5256 ό
1697 5201 1996 5273 ἡμέτεροςο

311 5284 414 5338 καὶ
453 5285 872 5357 τιμωρούμενος
899 5287 1000 5340 οὐκ
1025 5285 1248 5342 ἔλαττον
1286 5289 1319 5360 ἢ
1374 5289 1682 5360 εὐεργετῶν
1725 5288 1823 5359 τὴν
1871 5290 1999 5361 περὶ

313 5374 466 5443 ἡμᾶς
496 5373 828 5444 κηδεμονίαν
854 5374 1212 5439 ἐνδείκνυται,
1243 5377 1340 5430 καὶ
1367 5376 1469 5447 τὴν
1503 5376 1776 5448 τιμωρίαν
1803 5377 1863 5431 δέ
1890 5377 2003 5430 ἐνε-

317 5476 414 5513 κεν
429 5460 715 5526 νουθεσίας
739 5462 870 5534 ἡμῖν
894 5463 1110 5532 ἐπάγει.
1139 5463 1227 5528 Ὡς
1243 5462 1361 5533 εἴγε
1375 5462 1494 5536 ᾔδει
1517 5465 1666 5534 ἡμᾶς
1690 5463 1767 5536 μὴ
1785 5464 2002 5536 χείρους

318 5548 646 5616 γενομένους
678 5549 756 5620 τῷ
783 5551 1092 5623 ἀτιμωρητὶ
1122 5551 1483 5622 ἁμαρτάνειν,
1514 5552 1615 5605 οὐκ
1647 5551 1714 5606 ἂν
1742 5552 1864 5605 ούδέ
1892 5552 2003 5605 ἐτι-

320 5637 617 5707 μωρήσατο
639 5656 652 5670 ο
677 5639 813 5692 ἀλλὰ
838 5640 1286 5710 προαναστέλλων
1313 5640 1471 5712 ήμῶν
1502 5640 1601 5713 τὴν
1623 5641 1718 5693 ἐπὶ
1739 5642 1802 5695 τὸ
1823 5645 2002 5714 χεῖρον

318 5727 567 5798 πρόοδον.
593 5727 687 5781 καὶ
709 5727 807 5799 τὴν
835 5729 1102 5797 πονηρίαν
1132 5729 1418 5782 ἐκκόπτων
1449 5731 1549 5802 τὴν
1577 5730 1670 5784 ἐπὶ
1703 5730 1766 5782 τὸ
1792 5730 2000 5804 πρόσω,

319 5807 475 5878 1154]
500 5824 596 5878 την
610 5808 820 5861 οἰκείαν
849 5807 1262 5878 φιλανθρωπίαν
1281 5809 1618 5880 μιμούμενος
1637 5813 1964 5880 τιμωρεῖται
1981 5825 1994 5837 °

383 5899 407 5926 ⁸
443 5900 638 5987 ςςὶίδῐιιι.
677 5903 1024 5966 όιερμηνεῦσαι.
1095 5904 1121 5941 b
1159 5902 1283 5952 Tres
1321 5915 1436 5951 mss.
1484 5903 1586 5952 am
1633 5905 1682 5959 ἦ.
1751 5906 1773 5932 θ
1825 5902 1999 5953 Μοτοί.

323 5962 594 6021 ἐξωσθῆναι.

1487 287 1555 347 IN
1593 288 1748 347 CAP.
1791 285 1857 344 Ill
1888 284 2135 344 GENES.
2171 282 2406 341 1101111..
2444 281 2633 341 XVI".

3689 287 3790 342 {Si

2093 400 2123 454 δ
2153 399 2218 472 δὴ
2245 400 2341 454 καὶ
2370 399 2466 452 νῦν
2503 398 2795 468 πεποίηκε.
2832 396 3149 470 Κηδόμενος
3194 397 3304 470 γάρ
3338 398 3433 454 τοῦ
3463 401 3788 470 πρωτοπλά-

2097 504 2248 551 στου,
2283 485 2620 558 ἐκϐληθῆναι
2651 483 2746 539 τοῦ
2776 484 3112 556 παραδείσου
3134 487 3298 540 αὑτὸν
3321 486 3644 558 προσέταξε.
3680 488 3790 542 Καὶ

2093 571 2534 638 ἐξαπέστειλεν
2553 571 2763 637 αὑτὸν,
2791 573 2946 642 φησὶ,
2980 573 3199 640 Κύριος
3219 576 3253 628 ό
3274 575 3420 640 Θεὸς
3450 573 3520 627 ἐκ
3547 573 3656 628 τοῦ
3679 588 3791 628 κα-

2086 658 2381 729 ραδείσου
2432 657 2543 728 τῆς
2581 657 2838 728 τρυφῆς,
2889 658 3238 728 ἐργάζεσθαι
3285 659 3404 728 τὴν
3440 659 3560 730 γῆν
3598 660 3669 726 ἐξ
3711 655 3792 730 ῆς

2093 746 2352 816 ἐλήφθη.
2388 747 2533 818 Ὅρα
2561 765 2651 818 μοι
2678 747 2840 802 πάλιν
2868 745 3107 801 ἐνταῦθα
3139 747 3241 818 τῆς
3263 746 3416 812 θείας
3445 748 3670 818 Γραφῆς
3686 749 3790 819 τὴν

2093 834 2406 906 ἀκρίϐειαν.
2448 833 2908 898 Ἑξαπέστειλεν
2932 833 3142 897 αὐτὸν,
3163 834 3321 904 φησί..
3354 833 3571 902 Κύριος
3591 836 3625 888 ὀ
3645 834 3791 898 Θεὸς

2092 922 2162 976 ἐκ
2177 921 2286 976 τοῦ
2301 920 2674 989 παραδείσου
2693 919 2806 989 τῆς
2819 919 3075 988 τρυφῆς,
3087 919 3433 990 ἐργάζεσθαι
3454 920 3572 988 τὴν
3587 919 3706 990 γῆν
3720 921 3791 984 ἐξ

2092 1002 2169 1076 ἧς
2197 1007 2460 1076 ἐλήφθη.
2510 1006 2644 1060 ’ἰδοὺ
2673 1007 2773 1069 τάς
2799 1004 3110 1076 ἀποφάσεις
3138 1006 3307 1062 αὑτοῦ
3333 1008 3415 1071 είς
3453 1007 3615 1078 ἔργον
3642 1005 3789 1076 άγει,

2094 1093 2190 1146 καὶ
2205 1094 2272 1147 ἐκ
2298 1092 2394 1146 τοῦ
2426 1092 2763 1164 παραδείσου
2781 1093 2884 1162 τῆς
2908 1093 3125 1164 τρυφῆς
3147 1091 3437 1162 ἐξαγαγὼν
3455 1093 3790 1165 ἐργάζεσθαι

2093 1180 2196 1250 τὴν
2231 1179 2336 1250 γῆν
2372 1179 2537 1233 αὐτὸν
2572 1181 2741 1243 ποιεῖ,
2771 1179 2832 1245 ἐξ
2864 1174 2934 1250 ἦς
2959 1178 3190 1250 ἐλήφθη.
3227 1180 3339 1234 Καὶ
3365 1179 3467 1251 οὐχ
3497 1178 3685 1243 ἁπλῶς
3709 1177 3787 1233 εἷ-

2094 1282 2219 1333 πεν,
2261 1265 2360 1332 Ἐξ
2385 1262 2464 1336 ῆς
2494 1265 2754 1335 ἐλήφθηο
2798 1265 2916 1319 ἀλλ’
2951 1265 3042 1319 ῖνα
3073 1264 3300 1336 διηνεκῆ
3343 1265 3445 1337 τὴν
3478 1265 3792 1338 ὑπόμνησιν

2094 1347 2194 1420 ἔχῃ
2221 1348 2327 1418 τῆς
2352 1346 2865 1416 ταπεινοφροσύνης
2893 1346 2990 1419 τὴν
3022 1347 3311 1419 ἐργασίαν,
3341 1347 3439 1402 καὶ
3461 1347 3665 1402 είδέναι
3688 1346 3792 1420 ἔχῃ

2092 1433 2168 1499 ὡς
2200 1434 2413 1489 ἐκεῖθεν
2445 1432 2596 1504 αὐτῷ
2634 1433 2668 1506 ή
2706 1433 2990 1498 σύστασις,
3027 1435 3121 1488 καὶ
3146 1436 3181 1505 ή
3209 1433 3370 1487 οὐσία
3407 1431 3504 1487 τοῦ
3533 1432 3792 1504 σώματος

2093 1521 2159 1574 ἐκ
2183 1520 2284 1590 τῆς
2308 1519 2413 1591 γῆς
2441 1519 2502 1586 ἐξ
2529 1520 2708 1592 ἀρχῆς
2736 1519 3063 1591 γεγένηται·
3106 1519 3347 1590 ἐκείνην,
3383 1519 3570 1591 φησιν,
3617 1518 3788 1590 ἐργά-

2093 1604 2285 1670 ζεσθαι
2306 1607 2409 1676 τὴν
2435 1606 2564 1676 γῆν,
2581 1605 2642 1673 ἐξ
2665 1600 2734 1678 ἧς
2765 1606 2863 1661 καὶ
2891 1607 3057 1671 αὐτὸς
3076 1606 3334 1677 συνέστη.
3364 1604 3539 1659 Τοῦτο
3565 1605 3677 1678 γὰρ
3693 1605 3791 1660 καὶ

2092 1693 2152 1747 ἐν
2179 1695 2245 1766 τῇ
2279 1692 2557 1762 ἀποφάσει
2587 1692 2796 1761 ἐλεγεν,
2825 1693 2925 1747 Ἐν
2950 1692 3148 1763 ἰδρῶτι
3178 1691 3288 1748 τοῦ
3323 1691 3652 1761 προσώπου
3669 1707 3789 1747 σου

2091 1780 2254 1852 φάγῃ
2283 1781 2391 1835 τὸν
2403 1779 2589 1849 ἄρτον
2608 1795 2747 1834 σου.
2784 1779 2860 1834 Τὸ
2887 1781 3022 1834 αὐτὸ
3043 1780 3224 1834 τοίνυν
3253 1781 3348 1834 καὶ
3373 1778 3469 1834 νῦν
3509 1779 3660 1848 λέγει
3699 1778 3792 1834 διά

2092 1865 2189 1920 τοῦ
2238 1869 2438 1934 εἰπεῖν,
2481 1865 2866 1938 Ἐρττιζεσθαι
2888 1865 3005 1936 τὴν
3027 1865 3148 1937 τῆν
3161 1865 3232 1932 ἐξ
3246 1862 3316 1937 ἧς
3341 1864 3598 1936 ἐλήφθη.
3631 1861 3787 1932 Εἶτα,

2093 1953 2186 2008 ῐνα
2224 1953 2490 2025 μάθωμεν
2519 1953 2674 2026 πόσῳ
2703 1953 3043 2025 διαστήματι
3079 1953 3245 2008 αὐτὸν
3272 1952 3525 2023 ἀπῴκισε
3553 1951 3651 2006 τοῦ
3680 1969 3786 2006 πα-

2096 2041 2482 2113 ραδείοόυ,καί⁵
2499 2041 2660 2093 τοῦτο
2675 2038 2918 2093 διδάσκει
2940 2040 3088 2118 ἡμᾶς
3104 2040 3139 2110 ή
3167 2038 3290 2093 θεία
3311 2038 3505 2111 Γραφὴ
3529 2037 3786 2108 λέγουσα·

2092 2127 2204 2182 Καὶ
2224 2125 2475 2191 ἐξέϐαλε
2501 2127 2719 2195 Κύριος
2737 2129 2771 2180 ὀ
2794 2124 2941 2191 Θεὸς
2960 2125 3069 2180 τὸν
3099 2125 3302 2196 Ἀδάμ,
3323 2125 3423 2181 και
3454 2125 3793 2192 κατῴκισεν
3899 2148 3906 2158 ’

2092 2215 2284 2270 αὐτὸν
2296 2214 2588 2270 ἀπέναντι
2609 2213 2718 2269 τοῦ
2735 2211 3112 2282 παραδείσου
3127 2211 3240 2282 τῆς
3261 2211 3517 2284 τρυφῆς.

2165 2300 2370 2356 Σκόπει
2411 2300 2532 2366 πῶς
2563 2299 2800 2356 ἐκαστον
2827 2299 2940 2354 τῶν
2968 2300 3275 2371 γινομένων
3319 2301 3425 2354 ὑπο
3467 2299 3565 2354 τοῦ
3605 2299 3789 2355 κοινοῦ

2096 2389 2372 2444 Δεσπότου
2392 2387 2810 2460 φιλανθρωπίας
2835 2389 3096 2452 ὑπόθεσις
3117 2383 3208 2460 ἦν,
3239 2387 3333 2442 καὶ
3354 2387 3585 2442 ἕκαστον
3616 2405 3784 2460 τιμω-

2097 2477 2219 2550 ρίας
2243 2473 2384 2541 εἶδος
2409 2474 2749 2548 ἀγαθότητος
2772 2477 2936 2546 γέμει
2967 2475 3190 2548 πολλῆς.
3213 2476 3291 2529 Οὐ
3311 2474 3423 2548 7&9
3443 2475 3505 2530 τδ
3531 2475 3790 2530 ἐκϐαλεῖν

2096 2564 2260 2635 μόνον
2301 2561 2718 2636 φιλανθρωπίας
2757 2562 2854 2616 καὶ
2899 2561 3242 2634 ἀγαθότητος
3279 2557 3402 2635 ἦν’.
3431 2562 3570 2618 ἀλλά
3599 2563 3697 2618 καὶ
3727 2563 3791 2618 τὸ

2093 2649 2361 2704 ἀπέναντι
2395 2648 2490 2703 τοῦ
2515 2648 2854 2721 παραδείσου
2885 2649 3267 2719 ἐγκατοικίσαι
3303 2651 3492 2715 αὑτὸν,
3525 2652 3612 2706 ἵνα
3636 2651 3792 2706 ἀδιά-

2093 2737 2313 2792 λειπτον
2338 2735 2532 2808 ὀδύνην
2566 2736 2690 2810 ἐχῃ,
2723 2736 2848 2791 καθ’
2881 2737 3122 2811 ἐκάστην
3149 2739 3370 2809 ήμέραν
3397 2739 3791 2810 ἀναλογιζόμεο

2095 2841 2209 2891 νος,
2239 2823 2368 2877 οἵων
2397 2821 2787 2891 ἐκπεπτωκὼς
2817 2825 2898 2889 εἰς
2930 2825 3051 2878 οίαν
3079 2825 3275 2879 ἑαυτὸν
3304 2825 3643 2881 κατάστασιν
3661 2828 3794 2898 177a;-

2093 2928 2212 2980 γεν.
2253 2909 2396 2962 Ἀλλ’
2437 2910 2592 2981 ὅμως
2634 2913 2684 2964 εἰ
2735 2912 2828 2966 καὶ
2859 2910 3056 2983 ὀδύνην
3093 2912 3372 2984 ἀφόρητον
3407 2914 3442 2984 ή
3483 2911 3584 2968 θέα
3618 2909 3788 2985 εῖχεν,

2093 2997 2208 3053 ἀλλ’
2230 2998 2292 3051 οὐ
2317 2999 2524 3067 μικρᾶς
2547 2997 2817 3066 ὠφελείας
2847 2997 3106 3062 ὑπόθεσίς
3128 3001 3268 3064 ἐστι,
3297 3000 3392 3054 καὶ
3415 2998 3552 3072 πρὸς
3570 3000 3632 3053 τὸ
3663 3001 3793 3071 ἐξῆς

2093 3081 2372 3153 ἀσφάλεια
2391 3081 2472 3153 τῷ
2498 3081 2882 3154 όδυνωμένφή
2915 3083 3148 3154 συνεχὴς
3172 3083 3271 3138 θέα
3296 3083 3527 3154 ἐγίνετο,
3565 3085 3704 3158 πρὸς
3729 3087 3794 3141 τδ

2097 3172 2174 3246 μὴ
2211 3173 2325 3236 τοῖς
2364 3170 2549 3236 αὐτοῖς
2577 3169 2743 3225 πάλιν
2768 3170 2933 3224 αύτὺν
2963 3173 3305 3242 περιπεσεῖν.
3329 3172 3442 3227 Καὶ
3466 3173 3576 3244 7&9
3600 3172 3678 3237 ὡς
3698 3174 3793 3228 ἐπὶ

2093 3261 2155 3315 τὸ
2183 3261 2438 3315 πλεῖστον
2473 3263 2575 3332 τῆς
2621 3258 2975 3332 ἀνθρωπίνης
3008 3260 3228 3329 φύσεως
3261 3261 3504 3315 τοιοῦτον
3541 3260 3603 3315 τὸ
3632 3260 3787 3325 ἐθος·

2093 3348 2318 3402 ἐπειδάν
2345 3348 2456 3418 γάρ
2486 3347 2547 3400 ἐν
2577 3346 2882 3402 ἀπολαύσει
2910 3345 3023 3400 τῶν
3059 3345 3284 3416 ἀγαθῶν
3323 3346 3478 3411 δντες
3523 3349 3600 3420 μὴ
3635 3349 3792 3403 εἰδῶ-

2095 3434 2242 3507 μεν(ι
2281 3435 2468 3498 αὐτοῖς
2505 3433 2813 3505 κεχρῆσθαι
2861 3433 3138 3499 δεόντως..
3174 3436 3243 3506 τῇ
3287 3436 3543 3506 στερήσει
3578 3435 3789 3490 τούτων

2096 3521 2567 3594 σωφρονιζόμεθα,
2596 3521 2692 3575 καὶ
2715 3521 2837 3575 τότε
2867 3520 2958 3576 διά
2986 3522 3087 3592 τῆς
3118 3523 3318 3594 πείρας
3350 3521 3618 3592 μαθόντες
3645 3535 3670 3564 ο
3702 3525 3791 3580 αῖ-

2096 3609 2290 3679 σθησιν
2320 3607 2674 3679 λαμϐάνομεν
2700 3607 2800 3678 τῆς
2826 3607 3038 3669 οἰκείας
3062 3607 3360 3679 ῥᾳθυμίας,
3398 3608 3493 3663 καὶ
3527 3608 3670 3663 οὕτω
3699 3613 3789 3666 διά

2091 3695 2194 3765 τῆς
2226 3693 2335 3749 τῶν
2374 3695 2720 3767 πραγμάτων
2753 3693 3061 3765 μεταϐολῆς
3093 3693 3462 3765 διδασκόμεθα
3492 3695 3656 3750 τίνων
3691 3697 3792 3768 μέν

2093 3781 2456 3853 ἐξεπέσαμεν,
2480 3781 2591 3835 τίσι
2609 3780 2667 3835 δέ
2685 3783 2880 3845 κακοῖς
2906 3781 3134 3845 ἑαυτοὺς
3150 3782 3604 3854 περιεπείραμεν.
3627 3773 3790 3838 Ὠστέ

2094 3871 2189 3925 καὶ
2223 3870 2284 3922 τὸ
2316 3868 2556 3937 πλησίον
2595 3869 2689 3922 καὶ
2710 3868 2976 3923 ἀπέναντι
3001 3869 3099 3922 τοῦ
3123 3869 3459 3940 παραδείσου
3487 3871 3790 3941 προστάξαι

2095 3957 2373 4011 κατοικεῖν
2391 3955 2485 4010 τὸν
2506 3954 2718 4009 ἐκεῖθεν
2741 3955 3143 4028 ἐκπεπτωκότα
3167 3954 3434 4027 μεγίστης
3459 3957 3791 4028 κηδεμονίας

2096 4045 2324 4115 σημεῖον
2353 4036 2443 4113 ἦν,
2476 4041 2564 4095 ῖνα
2585 4041 2682 4096 καὶ
2707 4041 2811 4113 τὴν
2836 4042 2903 4094 ἐκ
2933 4040 3034 4112 τῆς
3056 4039 3187 4106 θέας
3209 4041 3516 4114 ὑπόμνησιν
3547 4041 3669 4115 έχῃ,
3695 4046 3790 4098 καὶ

2093 4129 2188 4184 τοῦ
2223 4128 2480 4182 ἐντεῦθεν
2507 4128 2735 4202 κέρδους
2765 4127 3038 4200 ἀπολαύῃ,
3073 4127 3169 4182 καὶ
3206 4127 3342 4200 μηδέ
3367 4128 3668 4200 ἐπιθυμίαν
3689 4132 3791 4202 τῆς

2095 4215 2393 4285 φιλοζωίας
2439 4213 2600 4286 ἔχων,
2643 4215 2740 4269 καὶ
2772 4214 2880 4279 ἐξω
2911 4215 3222 4285 τυγχάνων,
3260 4216 3653 4288 κατατολμήσῃ
3687 4217 3790 4287 τῆς

2093 4302 2189 4358 τοῦ
2215 4302 2375 4370 ξύλου
2402 4300 2683 4374 βρώσεως.
2718 4302 2806 4366 Ὠς
2825 4301 2935 4374 γάρ
2969 4301 3104 4372 πρὸς
3131 4302 3231 4372 τὴν
3249 4301 3603 4373 ἀνθρωπίνην
3624 4303 3789 4357 ἀσθέ-

2095 4408 2244 4446 νειαν
2277 4389 2794 4458 συγκαταϐαίνουσα
2825 4390 3045 4445 ἅπαντα
3072 4388 3382 4458 διαλέγεται
3416 4391 3549 4460 ήμῖν
3592 4392 3624 4462 ή
3669 4390 3791 4444 θεία

2095 4480 2311 4551 Γραφή.
2341 4477 2457 4532 Καὶ
2498 4477 2678 4542 ἔταξε
2731 4478 2804 4532 τά
2849 4477 3143 4546 Χερουόἰμ
3187 4475 3287 4530 καί
3333 4474 3450 4543 τὴν
3489 4477 3792 4547 φλογίνην

2087 4567 2398 4636 ῥομφαίαν
2423 4564 2540 4634 τὴν
2560 4562 2982 4633 στρεφομένην
2996 4561 3349 4632 φυλάσσειν
3369 4561 3485 4631 τὴν
3503 4563 3752 4619 εισοόον
3767 4561 3788 4604 ί

2093 4654 2203 4709 τοῦ
2249 4653 2444 4718 ξύλου
2475 4651 2590 4721 τῆς
2632 4649 2804 4720 ζωῆς.
2834 4651 2898 4704 ’11
2935 4649 3180 4723 ῥᾳθυμία
3209 4649 3417 4714 αὐτοῖς,
3440 4651 3507 4721 ἢν
3533 4651 3632 4722 ήδη
3661 4652 3792 4722 περὶ

2092 4742 2194 4813 τὴν
2220 4741 2464 4795 δοθεῖσαν
2485 4739 2706 4811 ἐντολὴν
2725 4737 3091 4805 ἐπεδείξαντο,
3118 4739 3291 4792 αῖτιον
3319 4737 3510 4807 γέγονε
3530 4737 3625 4792 τοῦ
3651 4739 3792 4809 μετά

2095 4827 2364 4897 τοσαύτης
2391 4825 2690 4895 ἀσφαλείας
2728 4824 3176 4896 ἀποτειχισθῆναι
3209 4825 3395 4888 αὐτοῖς
3426 4825 3524 4896 τὴν
3562 4824 3786 4881 εἷσοδον.

2095 4915 2254 4990 r£55]
2297 4917 2584 4986 Ἐννόησον
2613 4914 2724 4986 γάρ
2759 4931 2849 4984 μοι
2875 4915 2959 4967 ὅτι
2992 4913 3115 4966 οὐδὲ
3155 4916 3222 4985 τῇ
3255 4912 3519 4968 ἀπέναντι
3563 4912 3659 4967 τοῦ
3688 4931 3794 4966 παι

2099 5005 2352 5076 ραδείσου
2377 5005 2590 5075 οἰκήσει
2610 5001 2857 5074 ἠρκέσθη
2881 5003 2910 5054 ὁ
2927 5000 3335 5073 φιλάνθρωπος,
3361 4999 3477 5054 ἀλλ’
3502 5000 3660 5066 ἔταξε
3693 5002 3794 5066 τὰς

2095 5091 2358 5164 δυνάμεις
2370 5093 2574 5154 ταύτας
2589 5089 2659 5143 τά
2675 5089 2982 5161 Χερουϐὶμ,
3009 5090 3217 5160 καῖτὴν
3234 5088 3494 5161 φλογίνην
3512 5090 3752 5160 ῥομφαία
3763 5108 3793 5142 ν

2097 5180 2198 5250 τὴν
2233 5179 2616 5250 στρεφομένην
2660 5177 2960 5246 φυλάσσειν
3001 5176 3104 5248 τὴν
3143 5176 3264 5230 ὁδὸν
3307 5176 3408 5248 τὴν
3454 5177 3634 5230 ἐκεῖσε
3681 5178 3792 5229 εἰσ-

2099 5262 2357 5332 άγουσαν.
2383 5262 2498 5331 Οὐχ
2528 5260 2717 5323 ἁπλῶς
2737 5259 2794 5312 δέ
2829 5259 3164 5331 προσέθηκε,
3203 5258 3322 5327 Τὴν
3345 5259 3791 5329 στρεφομένην,

2098 5346 2323 5402 ἀλλ’ἵνα
2343 5345 2722 5418 διδάξῃήμᾶς,
2745 5344 2828 5399 ὅτι
2853 5347 3008 5398 πᾶσα
3027 5344 3148 5407 ὁδὸς
3170 5343 3323 5414 αὐτῷ
3354 5343 3790 5412 ἀπητετείχιστο,

2164 5468 2191 5508 δ
2217 5471 2372 5535 $1M}.
2401 5471 2467 5535 μὴ
2487 5471 2701 5534 ᾔδειμεν.

2169 5545 2194 5571 ο
2215 5533 2366 5582 Savil.
2391 5529 2445 5580 οι
2469 5529 2664 5595 séplém
2688 5543 2804 5595 ms_s.
2839 5531 3163 5595 μανθάνοντες.
3193 5529 3372 5595 Τοιιιω
3398 5541 3523 5595 νοιξο
3542 5529 3701 5577 locum
3720 5530 3796 5595 sic

2103 5593 2251 5644 επεν-ι
2294 5595 2482 5657 Regius
2511 5590 2654 5657 ιῑιιιιξι⁸
2678 5590 2872 5657 codex}
2929 5594 3007 5657 διά
3040 5599 3130 5657 τῆς
3171 5591 3336 5653 πείρας
3378 5590 3685 5657 μανθάνωμεν
3707 5593 3795 5657 τῂν

2103 5657 2284 5704 οἰκείαν
2325 5648 2565 5724 ῥτξθυμίαν.
2615 5654 2722 5702 Mox
2771 5656 2922 5716 aliqui
2969 5648 3154 5709 ἐαυτοῐς
3193 5648 3573 5761 περιεπέῗδαμίεν.
3602 5648 3611 5652 Ἴ
3643 5648 3791 5727 {A‘Iii

2103 5720 2188 5766 τῆν
2214 5718 2340 5765 ὁδόν.
2371 5717 2554 5766 [bidem
2577 5718 2729 5764 Savil.
2758 5723 2810 5764 et
2831 5717 3029 5766 quidam
3069 5728 3186 5762 mss.
3231 5722 3314 5766 τῆς
3339 5717 3396 5766 ῥα
3455 5730 3564 5766 μίας
3603 5729 3791 5766 αυτουςι

2201 5853 2310 5911 ῖιιυι·
2336 5853 2787 5912 ιηῼηυρεηρπυτει.
2837 5853 2884 5912 ει
2915 5853 3000 5887 am
3045 5853 3076 5896 η
3124 5853 3324 5912 ραουμια
3375 5853 3554 5912 αυςοτς,
3583 5853 3791 5912 ﬁrm-9,

2103 5903 2312 5977 nuptir‘no.
2340 5899 2469 5951 Infra
2493 5901 2646 5951 Savil.
2689 5907 2740 5950 et
2765 5901 2964 5961 quidam
2991 5913 3104 5950 mss.
3127 5899 3529 5962 ’ἀποτειχισθῆναι
3554 5899 3684 5959 αύτῷ
3710 5902 3795 5954 τήν

2104 5978 2310 6012 εισοοον.
