4068 6384
221 281 332 340 153

218 395 502 451 οΙιιιιητθι
547 400 602 448 et
644 391 987 463 praemuniret
1027 402 1214 444 omnes
1250 387 1361 442 vias
1391 400 1508 455 qua!
1540 385 1630 440 illo
1660 383 1818 437 «luce.

221 494 390 553 rent,
421 496 476 540 et
507 495 566 539 ut
603 485 908 539 continuam
938 481 1252 547 memoriam
1293 489 1346 536 et
1374 480 1622 534 timorem
1673 477 1824 532 iucu-

223 586 346 630 tere
373 575 446 629 illi
475 583 657 644 posset
690 575 729 627 ⁸.

300 665 356 720 4.
397 664 563 717 Adam
588 673 757 716 autem
781 661 1010 732 cognovit
1039 659 1202 714 Evam
1228 674 1438 714 uxorem
1454 673 1601 712 nam
1642 655 1662 728 (
1689 655 1819 726 Cap.

223 756 282 809 ι.
318 771 366 808 υ.
399 752 476 824 1).
504 752 796 808 Considera
844 752 1057 822 quando
1078 752 1198 806 .hoc
1228 750 1422 805 factum
1465 749 1553 802 sil.
1584 748 1710 802 Post
1739 749 1823 801 in-

221 827 610 906 obedientiam,
635 851 752 911 post
783 840 1012 910 paradisi
1039 839 1406 903 amissionem,
1429 847 1556 892 tunc
1592 837 1823 906 primum

225 947 362 986 usus
393 931 466 986 rei
500 947 744 986 venerea:
799 930 981 1000 cmpit.
1027 930 1180 990 Ante,
1212 928 1629 983 inobedientiam
1679 927 1822 982 enim

225 1021 530 1090 angelicam
562 1023 722 1076 vitam
756 1022 1121 1086 imitabantur,
1153 1029 1207 1076 et
1229 1019 1405 1076 nullus
1429 1019 1495 1074 de
1514 1034 1571 1074 re
1596 1033 1821 1072 venerea

226 1126 413 1166 sermo
442 1121 568 1167 erat.
603 1113 702 1177 Qui
726 1112 867 1165 enim
891 1111 1080 1180 potuit,
1103 1126 1224 1165 cum
1255 1125 1429 1180 neque
1455 1109 1825 1176 corporalibus

228 1202 636 1256 necessitatibus
659 1202 872 1256 obnoxii
893 1200 1128 1256 fuerint?
1159 1200 1339 1270 Itaque
1362 1185 1431 1254 ab
1462 1199 1614 1252 initio
1663 1198 1826 1268 virgi-

232 1293 376 1346 nitas
399 1294 626 1361 palmam
652 1293 977 1364 principatus
1007 1294 1209 1362 accepit
1245 1311 1258 1346 :
1287 1292 1380 1347 sed
1407 1301 1684 1362 postquam
1733 1306 1828 1361 per

233 1385 493 1438 desidiam
519 1385 734 1438 intravit
758 1385 1138 1449 inobedicntia,
1192 1393 1247 1438 et
1297 1383 1472 1438 aditus
1528 1383 1827 1454 patefactus

227 1488 320 1533 est
351 1487 587 1547 peccato,
619 1478 706 1531 illa
736 1477 949 1548 quidem
972 1477 1224 1543 avolavit,
1273 1485 1462 1546 utpote
1518 1477 1587 1531 ab
1631 1475 1697 1531 iis
1739 1475 1829 1544 qui

235 1569 438 1638 indigni
469 1577 627 1623 tanta:
655 1570 869 1623 virtutis
896 1569 1264 1639 magnitudine
1301 1567 1424 1621 facti
1473 1575 1627 1622 erant
1655 1582 1670 1620 :
1699 1566 1829 1622 sub-

235 1662 459 1714 intravit
480 1670 655 1714 autem
706 1660 788 1713 lex
832 1673 1169 1728 congressus.
1201 1658 1382 1728 Cogita
1409 1657 1585 1726 igitur,
1613 1657 1828 1725 dilecte,

233 1760 434 1820 quanta
458 1751 782 1821 virginitatis
804 1751 1053 1821 dignitas,
1088 1766 1247 1819 quam
1280 1748 1523 1804 sublimis
1553 1755 1608 1802 et
1637 1762 1831 1817 magna

235 1842 529 1909 posseSsio,
557 1857 676 1910 qua:
699 1842 769 1895 sit
796 1856 956 1910 supra
982 1842 1264 1895 humanam
1299 1849 1542 1894 naturam
1567 1879 1584 1904 ,
1631 1848 1686 1894 et
1714 1855 1834 1910 qua

235 1945 377 1999 opus
407 1931 600 1987 habeat
630 1947 790 1986 manu
811 1934 832 1964 ’
861 1948 1114 2002 superna.
1143 1932 1293 1998 Quod
1317 1932 1461 1986 enim
1486 1931 1520 1985 ii
1550 1932 1639 2000 qui
1667 1930 1830 2000 virgi-

240 2021 461 2076 nitatem
492 2022 738 2077 alacriter
763 2021 1045 2091 arripiunt,
1077 2023 1128 2076 in
1154 2036 1381 2089 corpore
1409 2036 1472 2076 ea
1516 2029 1675 2090 agant
1713 2036 1832 2091 qua:

245 2108 681 2178 incorporearum
704 2120 831 2166 sunt
859 2111 1138 2179 virtutum,
1169 2112 1292 2165 audi
1319 2111 1591 2166 Christum
1621 2111 1834 2166 Saddu-
1863 2135 1868 2138 ·

239 2205 372 2253 cacis
399 2199 706 2256 dicentem:
740 2217 862 2256 nam
917 2202 984 2258 de
1034 2202 1431 2258 resurrectione
1483 2201 1833 2273 qumstionem

243 2298 549 2357 moventes,
571 2292 904 2347 sciscitantes
924 2293 1169 2347 dicebant
1195 2309 1210 2346 :
1235 2293 1498 2361 Magister,
1530 2303 1671 2346 erant
1692 2294 1833 2363 apud

241 2395 338 2433 nos
362 2391 549 2448 septem
569 2386 771 2453 fratres,
801 2393 846 2436 el
875 2385 1070 2452 primus
1093 2401 1249 2438 uxore
1273 2385 1424 2438 ducta
1445 2385 1714 2454 defunctus
1741 2395 1834 2452 est,

243 2487 346 2525 non
375 2473 559 2526 habens
589 2474 792 2542 liberos,
821 2484 868 2528 et
896 2475 1084 2529 dimisit
1123 2492 1332 2529 umorem
1372 2492 1519 2530 suam
1544 2476 1695 2546 {ratri
1721 2493 1835 2531 suo.

246 2561 496 2616 Similiter
515 2572 563 2616 et
589 2565 862 2631 secundus,
896 2575 943 2619 et
969 2566 1162 2632 tertius,
1196 2575 1242 2619 et
1270 2575 1499 2636 quartus,
1529 2575 1576 2619 et
1601 2567 1833 2636 quintus,

246 2659 293 2702 et
319 2661 511 2717 sextus,
534 2662 581 2706 et
607 2655 868 2724 septimus.
901 2654 967 2709 In
995 2657 1362 2710 resurrectione
1408 2674 1525 2728 ergo
1544 2659 1690 2730 cujus
1715 2676 1740 2712 e
1761 2676 1842 2721 se-

247 2749 385 2806 ptem
409 2741 511 2795 illis
536 2743 631 2796 erit
650 2761 778 2798 uxor
798 2745 824 2798 .9
854 2744 1039 2799 Omnes
1064 2747 1195 2803 enim
1210 2747 1488 2800 habuerunt
1508 2747 1669 2801 illam.
1702 2749 1839 2815 Quid

247 2829 410 2900 igitur
449 2833 576 2887 dicit
605 2835 706 2890 illis
727 2833 1012 2891 Christus?
1041 2837 1264 2900 Erratis,
1295 2838 1570 2893 nescientes
1601 2837 1841 2906 Scriptu-

246 2936 354 2984 ras,
381 2939 540 2991 neque
559 2924 789 2978 virtutem
820 2925 934 2980 Dei.
981 2927 1048 2980 In
1094 2928 1457 2980 resurrectione
1497 2931 1630 2981 enim
1683 2945 1842 2997 neque

248 3027 435 3066 uxores
454 3013 663 3079 ducunt,
719 3032 878 3084 neque
921 3015 1140 3082 nubunt,
1195 3017 1284 3070 sed
1329 3028 1444 3071 sunt
1478 3017 1633 3095 .sicul
1677 3021 1845 3088 angeli

250 3105 484 3174 (Matth.
540 3107 629 3161 ‘22.
687 3109 880 3165 25-50.
950 3110 1078 3164 Luc.
1143 3110 1233 3165 20.
1301 3112 1493 3166 28-56.
1565 3122 1612 3166 et
1673 3111 1841 3166 Marc.

251 3197 342 3251 12.
376 3198 587 3268 Ill-25).
617 3199 804 3255 Vidisti
834 3202 1102 3271 quomodo
1154 3203 1206 3256 iu
1232 3211 1372 3256 terra
1402 3203 1760 3270 ambulantes,
1789 3213 1845 3257 et

250 3303 477 3358 corpore
515 3292 828 3347 circumdati
856 3295 1150 3364 angelicam
1213 3296 1374 3348 vitam
1428 3295 1703 3349 imitantur
1755 3297 1842 3365 qui

251 3378 452 3432 Christi
490 3395 674 3435 amore
703 3382 1022 3451 virginitatis
1077 3392 1277 3438 sortem
1323 3387 1685 3453 acceperunt?
1711 3385 1843 3440 Nam

253 3470 589 3538 quantolucc
614 3473 786 3541 major
828 3483 911 3528 est
963 3482 1017 3529 et
1064 3475 1364 3543 sublimior,
1417 3483 1564 3530 tanto
1613 3478 1846 3546 majores

253 3571 379 3617 sunt
419 3573 470 3618 et
499 3579 732 3632 coronm,
761 3578 816 3622 et
846 3568 1242 3636 retributiones,
1293 3579 1350 3625 et
1377 3571 1702 3640 repromissa
1747 3573 1846 3628 bo-

254 3667 322 3706 na
350 3668 535 3707 eorum
551 3657 640 3724 qui
661 3673 782 3712 cum
813 3656 912 3712 hac
940 3658 991 3712 in
1022 3659 1141 3713 aliis
1170 3659 1322 3714 bouis
1344 3661 1598 3730 operibus
1611 3677 1671 3717 se
1691 3679 1848 3716 excr-

251 3756 396 3800 cent.
424 3747 586 3800 Adam
603 3760 789 3817 autem,
817 3751 1007 3821 inquit,
1030 3753 1258 3822 cognovit
1275 3750 1435 3806 Evam
1458 3769 1845 3822 uaeremsuam,

250 3848 301 3890 et
318 3839 583 3905 concepit,
610 3849 657 3893 et
687 3843 879 3911 peperit
907 3841 1054 3896 Cain.
1090 3842 1375 3912 Postquam
1407 3858 1501 3912 per
1528 3843 1844 3899 inobedieu-

256 3929 384 3984 tiam
419 3929 636 3984 intravit
660 3945 956 4001 peccatum,
988 3944 1042 3988 et
1062 3934 1326 3989 sententia
1356 3935 1612 3989 mortales
1634 3935 1752 3991 illos
1775 3936 1850 3991 fe-

252 4021 348 4084 cit,
380 4030 772 4090 consequenter
801 4024 1140 4091 omnipotens
1181 4023 1320 4077 Deus
1349 4024 1642 4078 secundum
1697 4042 1847 4084 suam

257 4110 577 4178 sapientiam
601 4109 818 4166 humani
862 4113 1077 4182 generis
1102 4113 1469 4183 propagatioui
1509 4116 1796 4170 consulens
1828 4156 1846 4180 ,

251 4201 522 4254 concessit
568 4216 666 4272 per
690 4203 886 4257 coitum
916 4214 1128 4259 auctum
1160 4205 1222 4258 iri
1254 4212 1494 4258 nostrum
1539 4220 1728 4276 genus.
1779 4205 1848 4259 Et

253 4290 406 4353 dixit,
442 4289 650 4345 Possedi
681 4293 931 4346 hominem
959 4310 1048 4363 per
1076 4293 1260 4350 Deum.
1290 4293 1423 4350 Vide
1444 4296 1715 4365 quomodo
1733 4312 1849 4368 pm-

252 4398 324 4436 ua
357 4382 553 4438 inflicta
585 4386 862 4440 mulierem
887 4387 1273 4454 emendaverit,
1307 4389 1694 4460 melioremque
1725 4393 1848 4447 red-

251 4476 477 4534 diderit.
504 4477 634 4532 Nam
666 4479 899 4547 puellum
945 4488 1126 4534 natum
1173 4496 1276 4533 non
1323 4489 1526 4536 natura:
1551 4521 1564 4544 ,
1593 4483 1686 4537 sed
1740 4484 1849 4537 Deo

252 4579 533 4638 acceptum
557 4568 742 4637 refert,
768 4578 1087 4640 gratumque
1114 4571 1353 4626 animum
1379 4572 1635 4627 declarat.
1658 4572 1849 4628 Vidisti

253 4660 530 4728 quomodo
553 4675 709 4728 pmoa
737 4663 1122 4717 admonitionis
1142 4663 1262 4718 loco
1284 4664 1387 4718 illis
1415 4663 1610 4717 fuerit?
1639 4646 1850 4720 Possedi

253 4752 426 4813 eiiim,
447 4751 638 4820 inquit,
663 4752 914 4805 hominem
945 4770 1032 4823 per
1058 4753 1243 4806 Deum.
1271 4754 1384 4808 Non
1418 4767 1630 4819 natura,
1657 4756 1846 4824 inquit,

256 4842 538 4911 puerulum
569 4843 697 4896 mihi
721 4841 891 4909 dedit,
924 4844 1016 4898 sed
1048 4844 1223 4898 divina
1247 4846 1435 4914 gratia.
1462 4843 1517 4896 2.
1555 4844 1617 4898 Et
1665 4847 1851 4916 adjecit

255 4944 312 4984 nt
343 4942 537 5000 pareret
558 4936 766 5003 fratrem
795 4934 932 4988 illius
961 4934 1104 4987 Abel.
1135 4935 1265 4999 Quia
1297 4949 1396 5003 pro
1423 4945 1547 4988 nato
1576 4936 1685 4990 lilio
1700 4948 1847 5006 grata

256 5025 380 5089 luit,
413 5035 465 5077 et
494 5025 640 5093 prius
670 5025 988 5080 beneficium
1028 5025 1264 5096 agnovit,
1323 5037 1610 5096 assequuta
1655 5037 1738 5083 est
1797 5039 1852 5082 et

327 5159 340 5188 ¹
381 5164 488 5206 Post
510 5157 598 5206 has
626 5170 786 5214 voces,
810 5156 1024 5207 incutere
1046 5153 1126 5208 illi
1140 5165 1310 5220 posset.
1353 5160 1424 5207 sic
1444 5158 1673 5208 claudunt
1695 5159 1850 5209 homi-

256 5218 376 5267 liam
392 5221 490 5266 duo
514 5226 616 5266 Mss.
646 5229 658 5266 :
691 5220 838 5288 Igitur
856 5220 1125 5289 gratiarum
1141 5218 1356 5289 actiones
1378 5222 1633 5289 offeramus
1664 5221 1852 5289 rhristo

257 5293 370 5328 vero
390 5289 494 5344 _I)eo
515 5289 708 5344 nostra;
728 5280 841 5341 quia
857 5280 1021 5344 ipsum
1043 5282 1179 5330 decet
1216 5282 1388 5344 gloria,
1407 5280 1684 5344 imperium,
1702 5281 1850 5330 honor

253 5349 303 5390 cl
335 5340 569 5405 odoratu),
596 5355 718 5391 nunc
743 5340 785 5391 τι
811 5340 1018 5405 semper,
1045 5350 1138 5391 etc.
1167 5340 1408 5404 lit—postea
1434 5340 1675 5392 humilium
1705 5345 1758 5393 l9
1782 5347 1852 5394 sic

254 5403 513 5451 ordiuntur
550 5417 560 5449 :
914 5403 920 5405 '
1164 5439 1166 5441 μ

699 5463 905 5513 Hontilia
940 5465 1015 5512 19.

328 5525 650 5573 Ατιωηαωεηι
684 5527 895 5586 cognovit
923 5536 1067 5575 [statim
1106 5539 1311 5575 uxorem
1335 5539 1553 5575 8110171....
1584 5535 1634 5576 et
1657 5534 1849 5575 textum

259 5594 638 5658 proscindatur,
666 5587 993 5658 claudumque
1012 5591 1057 5636 in
1077 5589 1181 5635 haec
1205 5590 1372 5647 verba,
1391 5597 1436 5639 et
1472 5589 1590 5639 Cain
1613 5588 1846 5651 agricola.

326 5649 344 5678 ⁸
381 5649 577 5704 Quidam
604 5658 726 5704 Mss.
748 5649 925 5711 gratia;
954 5664 1057 5712 pro.
1085 5662 1244 5701 manu.

1419 273 1480 328 IN
1518 271 1672 328 CAP-
1706 268 1800 325 ‘IV.
1845 269 2089 327 GENES.
2133 272 2362 330 IIOMIL.
2408 273 2594 330 XVIII.

3420 280 3526 338 154

1928 388 2095 442 aliud.
2126 389 2268 444 Talis
2292 391 2435 445 enim
2464 401 2548 447 est
2570 391 2827 448 Dominus
2855 408 3077 450 noster:
3106 393 3320 464 quando
3339 394 3527 468 inpri-

1931 479 2032 532 mis
2075 489 2280 548 gratum
2323 482 2560 535 animum
2610 482 2980 544 declaramus,
3027 494 3081 538 ct
3123 482 3525 540 benefactorcm

1928 572 2289 640 agnoscimus,
2335 574 2533 644 largius
2562 588 2658 629 Sua
2687 575 2828 630 dona
2879 577 3032 629 nobis
3077 586 3284 647 erogat.
3345 576 3529 647 Itaque

1928 664 2050 731 quia
2072 675 2123 718 et
2153 665 2248 719 ista
2279 665 2388 721 Deo
2418 676 2624 736 partum
2654 667 2957 738 adscripsit,
2992 678 3272 742 propterea
3294 678 3347 725 et
3363 669 3526 727 alium

1929 755 2439 825 accipitpuerulum.
2472 757 2691 812 Summa
2719 759 2885 822 enim,
2941 769 3292 830 posteaquam
3337 761 3528 817 subln-
3565 752 3576 756 ’

1935 846 2094 900 travit
2135 850 2452 914 mortalitas,
2481 850 2780 904 consolatio
2819 860 2934 905 erat
2975 851 3202 907 filiorqu
3229 859 3527 907 successio.

1933 939 1999 992 Et
2030 939 2228 993 idcirco
2255 940 2517 1011 benignus
2552 941 2693 995 Deus
2721 941 2902 995 statim
2950 941 3018 997 ab
3071 942 3223 996 initio
3271 941 3528 1011 puniendi

1929 1031 2276 1085 severitatem
2299 1032 2643 1097 imminuens,
2673 1043 2728 1087 et
2755 1019 3048 1088 terribilem
3074 1035 3104 1069 ι
3130 1033 3320 1089 mortis
3341 1048 3531 1102 perso-

1931 1116 2053 1175 nam
2076 1121 2348 1189 auferens,
2391 1123 2684 1179 liberorum
2713 1125 3108 1180 successionem
3142 1125 3367 1194 largitus
3395 1135 3476 1180 est
3500 1165 3516 1188 ,

1931 1195 2331 1281 quodammodo
2358 1214 2645 1284 imaginem
2677 1215 3089 1270 resurrectionis
3120 1231 3214 1285 per
3257 1215 3358 1269 hoc
3404 1215 3533 1269 sub-

1931 1303 2190 1369 iudicans,
2225 1313 2280 1358 et
2300 1305 2634 1374 dispensans,
2668 1315 2726 1360 ut
2752 1321 2848 1375 pro
2869 1305 3186 1361 cadentibus
3227 1307 3317 1360 alii
3348 1321 3531 1361 resur-

1934 1404 2081 1468 gant.
2113 1395 2180 1448 Et
2209 1399 2377 1466 [actus
2395 1406 2490 1464 est,
2524 1389 2728 1468 inquit,
2753 1397 2876 1452 Abel
2903 1406 3077 1466 pastor
3097 1397 3263 1451 ovium
3283 1405 3376 1462 ,-.et
3399 1395 3527 1450 Cain

1934 1466 2239 1555 opeiabatur
2259 1496 2463 1541 terram.
2486 1489 2672 1543 Docuit
2693 1505 2791 1544 nos
2817 1489 2992 1544 divina
3021 1488 3322 1559 Scriptura,
3371 1504 3533 1559 quam

1944 1588 2168 1648 uterque
2195 1589 2441 1635 natorum
2466 1590 2634 1635 artem
2659 1581 2980 1646 exercuerit,
3021 1590 3078 1635 et
3121 1589 3178 1634 ut
3200 1581 3338 1635 alter
3367 1579 3531 1635 vitam

1935 1671 2280 1740 pastoralem,
2307 1672 2446 1727 alter
2473 1672 2854 1743 agriculturam
2881 1671 3098 1740 delegit.
3131 1670 3189 1729 δε
3220 1670 3288 1724 Et
3340 1670 3534 1739 factum

1937 1771 2008 1814 cst
2030 1772 2142 1831 post
2171 1762 2298 1827 dies,
2322 1762 2501 1816 obtulit
2530 1761 2658 1817 Cain
2683 1762 2746 1816 de
2773 1761 3018 1833 fructibus
3045 1771 3192 1815 terra:
3228 1760 3537 1829 sacriﬁcium

1937 1851 2178 1906 Domino.
2211 1853 2504 1908 Considera
2533 1854 2804 1931 quomodo
2831 1863 3036 1908 naturae
3075 1853 3336 1908 Conditor
3362 1853 3539 1907 scien-

1942 1944 2067 1997 tiam
2092 1945 2440 2000 conscientiae
2470 1944 2681 1998 indidit.
2709 1943 2840 2011 Quis
2861 1945 3005 1999 enim
3030 1943 3201 2009 illum,
3236 1943 3321 1997 dic
3350 1983 3366 2008 ,
3393 1957 3493 1997 oro
3520 1982 3537 2008 ,

1939 2033 2006 2088 ad
2034 2034 2171 2090 hanc
2199 2035 2563 2103 cognitionem
2597 2035 2974 2104 perduxisset?
3005 2033 3192 2088 Nullus
3221 2033 3356 2087 alius
3377 2047 3538 2104 quam

1939 2145 2057 2198 qua:
2084 2129 2137 2183 in
2167 2131 2347 2183 animo
2377 2129 2594 2184 conscio
2618 2130 2866 2185 scientia.
2902 2129 3095 2184 Obtulit
3125 2131 3169 2196 ',
3208 2130 3379 2200 inquit
3402 2171 3417 2195 ,
3474 2129 3538 2183 de

1942 2220 2358 2292 fructibusterra:
2382 2202 2691 2289 sacri/icium
2739 2221 2980 2288 Domino.
3035 2220 3251 2276 Sciebat
3295 2221 3440 2274 enim
3487 2227 3544 2274 et

1941 2310 2297 2380 cognoscebat
2313 2325 2607 2380 congruum
2634 2326 2754 2366 esse
2771 2328 2838 2365 ex
2860 2312 2970 2365 suis
2991 2311 3421 2380 possessionibus
3442 2311 3542 2365 ali-

1943 2401 2068 2470 quid
2102 2402 2368 2457 fructuum
2399 2403 2508 2457 Deo
2537 2401 2734 2458 offerre
2766 2423 2777 2456 :
2812 2418 2918 2457 nou
2947 2403 3088 2472 quod
3127 2401 3192 2458 iis
3223 2404 3362 2457 Deus
3407 2401 3544 2456 iudi-

1942 2503 2084 2563 geat,
2117 2494 2209 2549 sed
2239 2503 2296 2548 ut
2321 2503 2529 2564 gratum
2553 2495 2796 2549 animum
2830 2508 2984 2549 suum
3032 2493 3274 2549 declaret
3319 2494 3409 2564 qui
3454 2495 3547 2549 tali

1945 2585 2208 2639 beneficio
2230 2585 2446 2640 fruitur.
2471 2584 2628 2640 Nulla
2651 2588 2793 2641 enim
2825 2601 2886 2641 re
2909 2586 3112 2656 indiget
3135 2585 3299 2653 Deus,
3353 2585 3547 2640 nullis-

1946 2689 2051 2744 que
2081 2676 2280 2730 nostris
2300 2691 2435 2743 opus
2468 2675 2666 2740 habet;
2700 2684 2955 2730 cieterum
2985 2676 3055 2730 ob
3082 2675 3404 2730 ineffabilem
3454 2675 3551 2732 be-

1946 2765 2262 2835 nignitatem
2297 2767 2368 2819 ita
2416 2777 2614 2821 nostrae
2661 2766 2959 2820 infirmitati
3004 2780 3062 2821 se
3107 2775 3446 2836 attcmpcrat,
3495 2775 3551 2821 et

1946 2864 2168 2926 propter
2194 2856 2424 2911 salutem
2446 2864 2687 2911 nostram
2722 2857 2837 2911 hzec
2872 2856 2990 2911 fieri
3021 2857 3169 2920 sinit,
3195 2866 3254 2910 ut
3279 2856 3373 2910 Dei
3401 2856 3552 2927 agni-

1953 2945 2026 2999 tio
2055 2946 2303 3000 humana:
2327 2954 2532 3000 natura:
2550 2946 2762 3000 virtutis
2783 2945 2855 2999 sit
2877 2944 3080 3000 schola.
3102 2946 3156 3000 4.
3173 2943 3241 2999 Ει
3263 2945 3386 3000 Abel
3399 2949 3551 3001 etiam

1949 3035 2057 3105 ipse
2074 3036 2252 3090 obtulit
2275 3037 2338 3089 de
2362 3037 2714 3107 primogenitis
2742 3053 2956 3090 suarum
2985 3037 3173 3091 ovium.
3202 3036 3319 3092 Non
3346 3038 3554 3109 absque

1948 3142 2109 3183 causa
2138 3129 2222 3184 vel
2249 3127 2445 3182 frustra
2474 3127 2525 3181 in
2548 3127 2716 3198 priori
2745 3142 2996 3183 sermone
3022 3138 3258 3183 vestram
3284 3128 3443 3184 docui
3463 3145 3554 3184 ca-

1949 3222 2183 3285 ritatem,
2217 3219 2792 3274 Dominum.nostrum
2849 3219 3163 3274 varietatem
3203 3235 3553 3290 personarum

1951 3311 2200 3381 ignorare
2221 3328 2233 3364 :
2259 3310 2358 3366 sed
2385 3311 2714 3365 voluntatem
2738 3312 2989 3376 scrutari,
3020 3325 3084 3365 ac
3109 3321 3346 3368 mentem
3373 3313 3555 3367 inten-

1951 3405 2262 3476 tionemque
2289 3419 2576 3460 coronare.
2608 3404 2674 3459 Et
2719 3417 2863 3460 nunc
2891 3418 3108 3474 quoque
3160 3403 3304 3461 idem
3354 3404 3558 3461 factum

1951 3497 2340 3552 animadverte.

2025 3590 2294 3660 Scriptura
2318 3605 2465 3643 sacra
2486 3589 2615 3642 nihil
2643 3588 2835 3658 frustra
2856 3587 2998 3642 dicit.
3014 3587 3257 3644 —Dictis
3270 3588 3554 3660 diligenter

1952 3681 2345 3745 auscultemus,
2379 3689 2434 3734 et
2460 3679 2735 3734 videamus
2759 3678 2887 3749 quid
2913 3678 2980 3734 de
3013 3678 3145 3733 Cain
3195 3690 3379 3736 narret
3404 3680 3555 3737 Scri-

1955 3781 2141 3842 ptura,
2173 3779 2229 3826 et
2251 3770 2376 3839 quid
2411 3769 2479 3826 de
2500 3770 2666 3832 Abel,
2699 3777 2755 3825 et
2783 3785 2852 3824 ne
2880 3768 3345 3826 inconsideranter
3376 3781 3554 3827 trans-

1952 3878 2156 3918 eamus.
2191 3862 2330 3917 Nihil
2360 3861 2503 3917 enim
2537 3871 2740 3916 temere
2765 3862 2850 3916 vel
2875 3860 3097 3917 fortuito
3121 3862 3358 3932 loquitur
3376 3864 3576 3919 diviua'

1954 3953 2254 4022 Scriptura,
2289 3951 2384 4007 sed
2419 3961 2474 4008 et
2499 3951 2700 4024 syllaba
2721 3990 2736 4018 ,
2765 3959 2821 4007 et
2859 3952 3104 4022 apiculus
3135 3953 3322 4008 unicus
3359 3971 3555 4011 recon-

1953 4046 2122 4100 ditum
2173 4045 2334 4100 habet
2379 4043 2730 4098 thesaurum:
2777 4059 2904 4098 nam
2946 4044 3001 4099 in
3050 4043 3194 4101 hunc
3233 4045 3453 4103 modum
3497 4063 3564 4104 se

1955 4139 2153 4194 habent
2177 4136 2470 4207 spiritualia
2489 4136 2688 4190 omnia.
2704 4135 2842 4202 Quid
2870 4135 3029 4206 igitur
3045 4135 3242 4205 inquit?
3263 4135 3328 4190 Et
3355 4141 3554 4208 factum

1954 4241 2025 4284 est
2055 4238 2168 4301 post
2188 4229 2294 4282 dies
2311 4268 2326 4295 ,
2350 4227 2529 4282 obtulit
2550 4225 2677 4282 Cain
2701 4229 2764 4280 de
2798 4226 3043 4297 fructibus
3072 4237 3223 4281 terra!
3248 4229 3564 4298 sacriﬁcium

1958 4323 2174 4376 Domino
2191 4363 2207 4388 ,
2240 4332 2286 4375 et
2305 4319 2427 4373 Abel
2447 4320 2624 4373 obtulit
2644 4320 2796 4372 etiam
2815 4319 2923 4388 ipse
2942 4319 3006 4372 de
3020 4319 3370 4390 primogenitis
3390 4325 3565 4378 ovium

1956 4428 2183 4478 suarum,
2202 4423 2246 4464 et
2269 4410 2332 4463 de
2350 4410 2588 4480 adipibus
2604 4410 2830 4464 illarum.

2027 4507 2082 4562 5.
2125 4505 2192 4559 lis
2219 4505 2308 4572 qui
2353 4504 2559 4557 acutius
2609 4501 2788 4554 valent
2836 4501 3067 4567 intueri,
3093 4500 3206 4571 jam
3234 4517 3300 4556 ex
3329 4501 3568 4559 lectione

1957 4600 2068 4667 ipsa
2101 4595 2361 4666 liquidqu
2389 4602 2471 4648 est
2496 4591 2622 4663 quid
2651 4593 2856 4647 tIiCulur
2887 4610 2899 4645 :
2933 4607 3119 4647 verum
3164 4594 3287 4661 quia
3317 4595 3566 4649 omnium:

1955 4689 2109 4742 simul
2140 4684 2379 4741 habenda
2411 4694 2494 4738 est
2522 4699 2646 4738 cura
2668 4725 2682 4749 ,
2707 4693 2761 4737 et
2802 4682 3160 4738 differentiam
3206 4698 3564 4754 personarum

1955 4784 2126 4837 nescit
2144 4777 2433 4850 spiritualis
2459 4776 2702 4831 doctrina
2733 4793 2746 4830 :
2774 4790 2870 4846 age
2890 4773 3222 4829 manifestius
3239 4774 3388 4829 vobis
3408 4774 3556 4832 detc~

1956 4889 2139 4944 gamus
2156 4888 2271 4940 qtta'
2286 4871 2424 4928 dicta
2443 4867 2785 4932 sunt,iterum
2799 4881 2862 4920 ea
2876 4865 3558 4935 repetontes.Cnin,inquit,

1957 4965 2134 5018 obtulit
2156 4964 2217 5015 de
2252 4961 2497 5030 fructibus
2535 4970 2682 5014 terra:
2706 4958 3016 5026 sacriﬁcium
3054 4956 3275 5010 Domino
3306 4974 3324 5011 .'
3362 4957 3564 5012 deinde

1957 5059 2140 5112 volens
2165 5067 2217 5111 et
2249 5055 2315 5109 de
2362 5053 2492 5108 Abel
2521 5052 2716 5106 docere
2739 5065 2837 5105 nos
2871 5049 3145 5118 Scriptura
3177 5049 3355 5103 divina
3392 5048 3521 5104 dicit
3542 5089 3566 5114 μ

2022 5216 2036 5246 ι
2065 5213 2186 5268 \‘ox,
2208 5209 2476 5261 terribilem
2504 5208 2768 5273 (φοϐερὰν).
2789 5204 2837 5253 in
2861 5204 3152 5273 quibusdam
3178 5205 3343 5273 deest.
3369 5264 3378 5273 .

2020 5278 2040 5308 ²
2075 5267 2285 5324 Prohoc
2309 5275 2412 5323 loco
2449 5267 2550 5333 qui,
2586 5284 2613 5318 a
2651 5271 2870 5333 vocibus,
2903 5287 2924 5313 α
2949 5267 3415 5333 obtulit_p,__inqg{it,
3450 5267 3573 5314 ultr

1955 5337 2188 5400 fructibus
2202 5344 2392 5400 terrae»
2417 5373 2428 5394 ,
2443 5326 2602 5400 usque
2627 5332 2684 5379 ad
2885 5347 2913 5400 _«
2927 5335 2974 5378 et
2997 5332 3058 5378 de
3074 5326 3558 5400 _aditribusillor3tms

1976 5401 2062 5447 .Ius
2076 5412 2220 5460 quam
2239 5387 2446 5446 mediani
2473 5387 2697 5460 paginam
2712 5387 2946 5460 absolvit;
2967 5391 3408 5460 pro_hoc,.iuquam,
3433 5387 3562 5460 loco,

1973 5476 2076 5516 nec,
2095 5449 2268 5509 inultis
2288 5449 2497 5515 omissis,
2524 5449 2670 5504 ὅσοι-ι
2694 5449 3008 5516 Consliuiautis
3038 5453 3198 5500 Codex
3227 5465 3242 5516 _:
3279 5470 3301 5494 at
3325 5449 3506 5516 obniti;
3530 5468 3554 5516 η

1955 5508 2125 5585 inquit,
2154 5540 2176 5567 κ
2198 5508 2260 5585 {te
2294 5508 2529 5585 fructibus
2570 5525 2717 5585 terra!
2755 5513 3055 5584 sacrificium
3099 5511 3350 5585 Domino;_
3377 5516 3422 5585 et
3445 5508 3565 5585 Alte!

1955 5572 2125 5632 obiulit
2142 5572 2413 5644 etinm'ipse
2440 5579 2499 5629 de
2522 5575 2850 5641 primogenitis
2883 5572 3046 5627 brium
3066 5587 3282 5628 suarum.
3305 5580 3350 5625 et
3373 5572 3434 5623 dc
3452 5574 3563 5625 ad:-

1955 5646 2094 5709 pibus
2117 5645 2332 5694 illarum.
