  <div class='ocr_page' id='page_1' title='image "/cluster/home/n/w/nwhite01/storage/ocr_20150623/53/ien.35556001660802/157.png"; bbox 0 0 4068 6442; ppageno 0'>
   <div class='ocr_carea' id='block_1_1' title="bbox 490 313 590 368">
    <p class='ocr_par' dir='ltr' id='par_1_1' title="bbox 490 313 590 368">
     <span class='ocr_line' id='line_1_1' title="bbox 490 313 590 368; baseline 0.02 -2"><span class='ocrx_word' id='word_1_1' title='bbox 490 313 590 368; x_wconf 68' lang='lat' dir='ltr'><strong>MS</strong></span> 
     </span>
    </p>
   </div>
   <div class='ocr_carea' id='block_1_2' title="bbox 479 427 2062 499">
    <p class='ocr_par' dir='ltr' id='par_1_2' title="bbox 479 427 2062 499">
     <span class='ocr_line' id='line_1_2' title="bbox 479 427 2062 499; baseline -0.003 -16"><span class='ocrx_word' id='word_1_2' title='bbox 479 427 622 498; x_wconf 80' lang='lat' dir='ltr'><strong>quod</strong></span> <span class='ocrx_word' id='word_1_3' title='bbox 649 437 702 482; x_wconf 89' lang='lat' dir='ltr'><strong>et</strong></span> <span class='ocrx_word' id='word_1_4' title='bbox 747 428 869 499; x_wconf 79' lang='lat' dir='ltr'><strong>ipse</strong></span> <span class='ocrx_word' id='word_1_5' title='bbox 898 427 967 485; x_wconf 87' lang='lat' dir='ltr'><strong>de</strong></span> <span class='ocrx_word' id='word_1_6' title='bbox 1014 442 1111 484; x_wconf 78' lang='lat' dir='ltr'><strong>sua</strong></span> <span class='ocrx_word' id='word_1_7' title='bbox 1135 438 1280 495; x_wconf 87' lang='lat' dir='ltr'><strong>arte,</strong></span> <span class='ocrx_word' id='word_1_8' title='bbox 1326 444 1519 498; x_wconf 84' lang='lat' dir='ltr'><strong>nempe</strong></span> <span class='ocrx_word' id='word_1_9' title='bbox 1554 427 1869 498; x_wconf 86' lang='lat' dir='ltr'><strong>pastoritia,</strong></span> <span class='ocrx_word' id='word_1_10' title='bbox 1909 439 2062 480; x_wconf 88' lang='lat' dir='ltr'><strong>suum</strong></span> 
     </span>
    </p>
   </div>
   <div class='ocr_carea' id='block_1_3' title="bbox 482 517 2070 588">
    <p class='ocr_par' dir='ltr' id='par_1_3' title="bbox 482 517 2070 588">
     <span class='ocr_line' id='line_1_3' title="bbox 482 517 2070 588; baseline -0.002 -16"><span class='ocrx_word' id='word_1_11' title='bbox 482 520 720 575; x_wconf 81' lang='lat' dir='ltr'><strong>attulerit</strong></span> <span class='ocrx_word' id='word_1_12' title='bbox 750 521 1088 577; x_wconf 87' lang='lat' dir='ltr'><strong>sacriﬁcium.</strong></span> <span class='ocrx_word' id='word_1_13' title='bbox 1120 519 1314 575; x_wconf 87' lang='lat' dir='ltr'><strong>Obtulit</strong></span> <span class='ocrx_word' id='word_1_14' title='bbox 1337 521 1477 576; x_wconf 90' lang='lat' dir='ltr'><strong>enim</strong></span> <span class='ocrx_word' id='word_1_15' title='bbox 1499 561 1516 587; x_wconf 95' lang='lat'><strong>,</strong></span> <span class='ocrx_word' id='word_1_16' title='bbox 1559 519 1758 588; x_wconf 85' lang='lat' dir='ltr'><strong>inquit,</strong></span> <span class='ocrx_word' id='word_1_17' title='bbox 1787 528 1834 571; x_wconf 89' lang='lat' dir='ltr'><strong>et</strong></span> <span class='ocrx_word' id='word_1_18' title='bbox 1868 519 1974 586; x_wconf 85' lang='lat' dir='ltr'><strong>ipse</strong></span> <span class='ocrx_word' id='word_1_19' title='bbox 2008 517 2070 569; x_wconf 83' lang='lat' dir='ltr'><strong>de</strong></span> 
     </span>
    </p>
   </div>
   <div class='ocr_carea' id='block_1_4' title="bbox 484 609 2066 682">
    <p class='ocr_par' dir='ltr' id='par_1_4' title="bbox 484 609 2066 682">
     <span class='ocr_line' id='line_1_4' title="bbox 484 609 2066 682; baseline -0.002 -20"><span class='ocrx_word' id='word_1_20' title='bbox 484 611 836 682; x_wconf 78' lang='lat' dir='ltr'><strong>primogenitis</strong></span> <span class='ocrx_word' id='word_1_21' title='bbox 873 611 1038 666; x_wconf 75' lang='lat' dir='ltr'><strong>ovium</strong></span> <span class='ocrx_word' id='word_1_22' title='bbox 1076 627 1288 666; x_wconf 81' lang='lat' dir='ltr'><strong>suarum</strong></span> <span class='ocrx_word' id='word_1_23' title='bbox 1322 651 1337 676; x_wconf 94' lang='lat'><strong>,</strong></span> <span class='ocrx_word' id='word_1_24' title='bbox 1390 620 1437 665; x_wconf 89' lang='lat' dir='ltr'><strong>et</strong></span> <span class='ocrx_word' id='word_1_25' title='bbox 1477 611 1541 665; x_wconf 81' lang='lat' dir='ltr'><strong>ds</strong></span> <span class='ocrx_word' id='word_1_26' title='bbox 1583 610 1816 680; x_wconf 83' lang='lat' dir='ltr'><strong>adipibus</strong></span> <span class='ocrx_word' id='word_1_27' title='bbox 1843 609 2066 663; x_wconf 84' lang='lat' dir='ltr'><strong>illarum.</strong></span> 
     </span>
    </p>
   </div>
   <div class='ocr_carea' id='block_1_5' title="bbox 484 697 2072 772">
    <p class='ocr_par' dir='ltr' id='par_1_5' title="bbox 484 697 2072 772">
     <span class='ocr_line' id='line_1_5' title="bbox 484 697 2072 772; baseline -0.004 -16"><span class='ocrx_word' id='word_1_28' title='bbox 484 698 720 756; x_wconf 80' lang='lat' dir='ltr'><strong>Observa</strong></span> <span class='ocrx_word' id='word_1_29' title='bbox 752 701 1018 771; x_wconf 89' lang='lat' dir='ltr'><strong>quomodo</strong></span> <span class='ocrx_word' id='word_1_30' title='bbox 1038 701 1191 758; x_wconf 89' lang='lat' dir='ltr'><strong>nobis</strong></span> <span class='ocrx_word' id='word_1_31' title='bbox 1217 701 1543 772; x_wconf 72' lang='lat' dir='ltr'><strong>pientissima</strong></span> <span class='ocrx_word' id='word_1_32' title='bbox 1571 701 1712 756; x_wconf 89' lang='lat' dir='ltr'><strong>illius</strong></span> <span class='ocrx_word' id='word_1_33' title='bbox 1733 714 1882 756; x_wconf 85' lang='lat' dir='ltr'><strong>mens</strong></span> <span class='ocrx_word' id='word_1_34' title='bbox 1909 697 2072 768; x_wconf 82' lang='lat' dir='ltr'><strong>signi-</strong></span> 
     </span>
    </p>
   </div>
   <div class='ocr_carea' id='block_1_6' title="bbox 489 784 2072 856">
    <p class='ocr_par' dir='ltr' id='par_1_6' title="bbox 489 784 2072 856">
     <span class='ocr_line' id='line_1_6' title="bbox 489 784 2072 856; baseline -0.003 -14"><span class='ocrx_word' id='word_1_35' title='bbox 489 788 704 856; x_wconf 89' lang='lat' dir='ltr'><strong>ﬁcetur,</strong></span> <span class='ocrx_word' id='word_1_36' title='bbox 737 799 792 846; x_wconf 90' lang='lat' dir='ltr'><strong>et</strong></span> <span class='ocrx_word' id='word_1_37' title='bbox 817 805 924 846; x_wconf 88' lang='lat' dir='ltr'><strong>non</strong></span> <span class='ocrx_word' id='word_1_38' title='bbox 968 799 1171 846; x_wconf 88' lang='lat' dir='ltr'><strong>tantum</strong></span> <span class='ocrx_word' id='word_1_39' title='bbox 1205 791 1275 847; x_wconf 89' lang='lat' dir='ltr'><strong>de</strong></span> <span class='ocrx_word' id='word_1_40' title='bbox 1310 791 1495 845; x_wconf 90' lang='lat' dir='ltr'><strong>ovibus</strong></span> <span class='ocrx_word' id='word_1_41' title='bbox 1524 790 1810 855; x_wconf 86' lang='lat' dir='ltr'><strong>obtulerit,</strong></span> <span class='ocrx_word' id='word_1_42' title='bbox 1841 787 1963 852; x_wconf 87' lang='lat' dir='ltr'><strong>sed,</strong></span> <span class='ocrx_word' id='word_1_43' title='bbox 1993 784 2072 839; x_wconf 87' lang='lat' dir='ltr'><strong>De</strong></span> 
     </span>
    </p>
   </div>
   <div class='ocr_carea' id='block_1_7' title="bbox 493 875 2072 952">
    <p class='ocr_par' dir='ltr' id='par_1_7' title="bbox 493 875 2072 952">
     <span class='ocr_line' id='line_1_7' title="bbox 493 875 2072 952; baseline -0.002 -18"><span class='ocrx_word' id='word_1_44' title='bbox 493 880 873 952; x_wconf 77' lang='lat' dir='ltr'><strong>primogenitis,</strong></span> <span class='ocrx_word' id='word_1_45' title='bbox 915 880 1018 936; x_wconf 83' lang='lat' dir='ltr'><strong>hoc</strong></span> <span class='ocrx_word' id='word_1_46' title='bbox 1041 888 1158 949; x_wconf 90' lang='lat' dir='ltr'><strong>est,</strong></span> <span class='ocrx_word' id='word_1_47' title='bbox 1189 881 1258 936; x_wconf 89' lang='lat' dir='ltr'><strong>de</strong></span> <span class='ocrx_word' id='word_1_48' title='bbox 1298 878 1694 950; x_wconf 84' lang='lat' dir='ltr'><strong>pretiosissimis</strong></span> <span class='ocrx_word' id='word_1_49' title='bbox 1715 920 1731 944; x_wconf 91' lang='lat'><strong>,</strong></span> <span class='ocrx_word' id='word_1_50' title='bbox 1761 885 1814 932; x_wconf 92' lang='lat' dir='ltr'><strong>et</strong></span> <span class='ocrx_word' id='word_1_51' title='bbox 1841 875 2072 931; x_wconf 77' lang='lat' dir='ltr'><strong>maxime</strong></span> 
     </span>
    </p>
   </div>
   <div class='ocr_carea' id='block_1_8' title="bbox 483 967 2070 1041">
    <p class='ocr_par' dir='ltr' id='par_1_8' title="bbox 483 967 2070 1041">
     <span class='ocr_line' id='line_1_8' title="bbox 483 967 2070 1041; baseline -0.003 -17"><span class='ocrx_word' id='word_1_52' title='bbox 483 969 699 1026; x_wconf 80' lang='lat' dir='ltr'><strong>eximiis</strong></span> <span class='ocrx_word' id='word_1_53' title='bbox 729 988 745 1025; x_wconf 91' lang='lat'><strong>:</strong></span> <span class='ocrx_word' id='word_1_54' title='bbox 769 969 964 1025; x_wconf 86' lang='lat' dir='ltr'><strong>deinde</strong></span> <span class='ocrx_word' id='word_1_55' title='bbox 990 980 1045 1027; x_wconf 89' lang='lat' dir='ltr'><strong>et</strong></span> <span class='ocrx_word' id='word_1_56' title='bbox 1071 987 1140 1028; x_wconf 77' lang='lat' dir='ltr'><strong>ex</strong></span> <span class='ocrx_word' id='word_1_57' title='bbox 1167 971 1273 1026; x_wconf 84' lang='lat' dir='ltr'><strong>illis</strong></span> <span class='ocrx_word' id='word_1_58' title='bbox 1311 969 1441 1041; x_wconf 63' lang='grc' dir='ltr'><strong>ἱρός</strong></span> <span class='ocrx_word' id='word_1_59' title='bbox 1466 969 1830 1040; x_wconf 81' lang='lat' dir='ltr'><strong>primogenitis</strong></span> <span class='ocrx_word' id='word_1_60' title='bbox 1869 967 2070 1038; x_wconf 81' lang='lat' dir='ltr'><strong>pretio-</strong></span> 
     </span>
    </p>
   </div>
   <div class='ocr_carea' id='block_1_9' title="bbox 462 1059 2069 1138">
    <p class='ocr_par' dir='ltr' id='par_1_9' title="bbox 462 1059 2069 1138">
     <span class='ocr_line' id='line_1_9' title="bbox 462 1059 2069 1138; baseline -0.004 -21"><span class='ocrx_word' id='word_1_61' title='bbox 462 1059 698 1117; x_wconf 72' lang='lat' dir='ltr'><strong>sissima</strong></span> <span class='ocrx_word' id='word_1_62' title='bbox 739 1075 1000 1138; x_wconf 60' lang='lat' dir='ltr'><strong>quaeqtp:</strong></span> <span class='ocrx_word' id='word_1_63' title='bbox 1048 1059 1113 1116; x_wconf 79' lang='lat' dir='ltr'><strong>Et</strong></span> <span class='ocrx_word' id='word_1_64' title='bbox 1159 1063 1224 1116; x_wconf 82' lang='lat' dir='ltr'><strong>ds</strong></span> <span class='ocrx_word' id='word_1_65' title='bbox 1269 1061 1545 1131; x_wconf 82' lang='lat' dir='ltr'><strong>adipibus,</strong></span> <span class='ocrx_word' id='word_1_66' title='bbox 1591 1060 1788 1132; x_wconf 91' lang='lat' dir='ltr'><strong>inquit,</strong></span> <span class='ocrx_word' id='word_1_67' title='bbox 1829 1059 2069 1124; x_wconf 85' lang='lat' dir='ltr'><strong>illarum,</strong></span> 
     </span>
    </p>
   </div>
   <div class='ocr_carea' id='block_1_10' title="bbox 492 1148 2073 1223">
    <p class='ocr_par' dir='ltr' id='par_1_10' title="bbox 492 1148 2073 1223">
     <span class='ocr_line' id='line_1_10' title="bbox 492 1148 2073 1223; baseline 0.001 -19"><span class='ocrx_word' id='word_1_68' title='bbox 492 1149 594 1204; x_wconf 90' lang='lat' dir='ltr'><strong>hoc</strong></span> <span class='ocrx_word' id='word_1_69' title='bbox 620 1157 722 1216; x_wconf 87' lang='lat' dir='ltr'><strong>est,</strong></span> <span class='ocrx_word' id='word_1_70' title='bbox 740 1149 809 1206; x_wconf 90' lang='lat' dir='ltr'><strong>de</strong></span> <span class='ocrx_word' id='word_1_71' title='bbox 830 1151 1192 1222; x_wconf 84' lang='lat' dir='ltr'><strong>pinguissimis</strong></span> <span class='ocrx_word' id='word_1_72' title='bbox 1210 1163 1264 1209; x_wconf 86' lang='lat' dir='ltr'><strong>et</strong></span> <span class='ocrx_word' id='word_1_73' title='bbox 1289 1152 1526 1223; x_wconf 81' lang='lat' dir='ltr'><strong>Optimis.</strong></span> <span class='ocrx_word' id='word_1_74' title='bbox 1558 1151 1633 1207; x_wconf 89' lang='lat' dir='ltr'><strong>De</strong></span> <span class='ocrx_word' id='word_1_75' title='bbox 1657 1151 1785 1206; x_wconf 87' lang='lat' dir='ltr'><strong>Cain</strong></span> <span class='ocrx_word' id='word_1_76' title='bbox 1811 1148 1940 1204; x_wconf 80' lang='lat' dir='ltr'><strong>nihil</strong></span> <span class='ocrx_word' id='word_1_77' title='bbox 1969 1150 2073 1205; x_wconf 87' lang='lat' dir='ltr'><strong>tale</strong></span> 
     </span>
    </p>
   </div>
   <div class='ocr_carea' id='block_1_11' title="bbox 490 1237 2078 1313">
    <p class='ocr_par' dir='ltr' id='par_1_11' title="bbox 490 1237 2078 1313">
     <span class='ocr_line' id='line_1_11' title="bbox 490 1237 2078 1313; baseline 0.001 -21"><span class='ocrx_word' id='word_1_78' title='bbox 490 1237 799 1296; x_wconf 80' lang='lat' dir='ltr'><strong>adnotatum</strong></span> <span class='ocrx_word' id='word_1_79' title='bbox 819 1250 900 1297; x_wconf 86' lang='lat' dir='ltr'><strong>est</strong></span> <span class='ocrx_word' id='word_1_80' title='bbox 928 1257 943 1299; x_wconf 91' lang='lat'><strong>:</strong></span> <span class='ocrx_word' id='word_1_81' title='bbox 965 1241 1064 1297; x_wconf 86' lang='lat' dir='ltr'><strong>sed</strong></span> <span class='ocrx_word' id='word_1_82' title='bbox 1090 1241 1346 1298; x_wconf 86' lang='lat' dir='ltr'><strong>obtulisse</strong></span> <span class='ocrx_word' id='word_1_83' title='bbox 1369 1243 1384 1274; x_wconf 89' lang='grc'>¹</span> <span class='ocrx_word' id='word_1_84' title='bbox 1401 1241 1486 1297; x_wconf 85' lang='lat' dir='ltr'><strong>De</strong></span> <span class='ocrx_word' id='word_1_85' title='bbox 1508 1240 1737 1313; x_wconf 72' lang='lat' dir='ltr'><strong>frugibus</strong></span> <span class='ocrx_word' id='word_1_86' title='bbox 1760 1250 1908 1294; x_wconf 78' lang='lat' dir='ltr'><strong>teme</strong></span> <span class='ocrx_word' id='word_1_87' title='bbox 1924 1239 2078 1294; x_wconf 84' lang='lat' dir='ltr'><strong>sacri-</strong></span> 
     </span>
    </p>
   </div>
   <div class='ocr_carea' id='block_1_12' title="bbox 493 1330 2072 1404">
    <p class='ocr_par' dir='ltr' id='par_1_12' title="bbox 493 1330 2072 1404">
     <span class='ocr_line' id='line_1_12' title="bbox 493 1330 2072 1404; baseline 0.001 -21"><span class='ocrx_word' id='word_1_88' title='bbox 493 1330 667 1398; x_wconf 77' lang='lat' dir='ltr'><strong>ﬁcium</strong></span> <span class='ocrx_word' id='word_1_89' title='bbox 691 1345 712 1384; x_wconf 90' lang='lat'><strong>:</strong></span> <span class='ocrx_word' id='word_1_90' title='bbox 750 1330 903 1401; x_wconf 89' lang='lat' dir='ltr'><strong>quasi</strong></span> <span class='ocrx_word' id='word_1_91' title='bbox 964 1330 1200 1400; x_wconf 89' lang='lat' dir='ltr'><strong>diceret,</strong></span> <span class='ocrx_word' id='word_1_92' title='bbox 1248 1333 1653 1404; x_wconf 81' lang='lat' dir='ltr'><strong>qualiacumque</strong></span> <span class='ocrx_word' id='word_1_93' title='bbox 1675 1331 2030 1386; x_wconf 89' lang='lat' dir='ltr'><strong>obveuicbant</strong></span> <span class='ocrx_word' id='word_1_94' title='bbox 2055 1370 2072 1396; x_wconf 91' lang='lat'><strong>,</strong></span> 
     </span>
    </p>
   </div>
   <div class='ocr_carea' id='block_1_13' title="bbox 495 1417 2073 1494">
    <p class='ocr_par' dir='ltr' id='par_1_13' title="bbox 495 1417 2073 1494">
     <span class='ocr_line' id='line_1_13' title="bbox 495 1417 2073 1494; baseline 0.003 -21"><span class='ocrx_word' id='word_1_95' title='bbox 495 1419 636 1474; x_wconf 87' lang='lat' dir='ltr'><strong>nulla</strong></span> <span class='ocrx_word' id='word_1_96' title='bbox 682 1417 750 1474; x_wconf 90' lang='lat' dir='ltr'><strong>ad</strong></span> <span class='ocrx_word' id='word_1_97' title='bbox 777 1419 1046 1476; x_wconf 83' lang='lat' dir='ltr'><strong>delectum</strong></span> <span class='ocrx_word' id='word_1_98' title='bbox 1089 1422 1511 1494; x_wconf 67' lang='lat' dir='ltr'><strong>adhibitaopera</strong></span> <span class='ocrx_word' id='word_1_99' title='bbox 1538 1421 1622 1478; x_wconf 88' lang='lat' dir='ltr'><strong>vel</strong></span> <span class='ocrx_word' id='word_1_100' title='bbox 1648 1421 1944 1492; x_wconf 72' lang='lat' dir='ltr'><strong>diligentia.</strong></span> <span class='ocrx_word' id='word_1_101' title='bbox 1971 1420 2073 1478; x_wconf 84' lang='lat' dir='ltr'><strong>lte-</strong></span> 
     </span>
    </p>
   </div>
   <div class='ocr_carea' id='block_1_14' title="bbox 495 1508 2078 1582">
    <p class='ocr_par' dir='ltr' id='par_1_14' title="bbox 495 1508 2078 1582">
     <span class='ocr_line' id='line_1_14' title="bbox 495 1508 2078 1582; baseline 0.003 -19"><span class='ocrx_word' id='word_1_102' title='bbox 495 1523 616 1563; x_wconf 91' lang='lat' dir='ltr'><strong>rum</strong></span> <span class='ocrx_word' id='word_1_103' title='bbox 635 1508 774 1574; x_wconf 91' lang='lat' dir='ltr'><strong>dico,</strong></span> <span class='ocrx_word' id='word_1_104' title='bbox 799 1519 854 1566; x_wconf 91' lang='lat' dir='ltr'><strong>et</strong></span> <span class='ocrx_word' id='word_1_105' title='bbox 872 1509 1051 1567; x_wconf 87' lang='lat' dir='ltr'><strong>dicere</strong></span> <span class='ocrx_word' id='word_1_106' title='bbox 1071 1527 1176 1567; x_wconf 84' lang='lat' dir='ltr'><strong>non</strong></span> <span class='ocrx_word' id='word_1_107' title='bbox 1203 1513 1459 1568; x_wconf 86' lang='lat' dir='ltr'><strong>cessabo:</strong></span> <span class='ocrx_word' id='word_1_108' title='bbox 1485 1527 1589 1567; x_wconf 91' lang='lat' dir='ltr'><strong>non</strong></span> <span class='ocrx_word' id='word_1_109' title='bbox 1613 1513 1737 1582; x_wconf 84' lang='lat' dir='ltr'><strong>quia</strong></span> <span class='ocrx_word' id='word_1_110' title='bbox 1760 1513 1898 1567; x_wconf 84' lang='lat' dir='ltr'><strong>Deus</strong></span> <span class='ocrx_word' id='word_1_111' title='bbox 1917 1511 2078 1568; x_wconf 84' lang='lat' dir='ltr'><strong>rebus</strong></span> 
     </span>
    </p>
   </div>
   <div class='ocr_carea' id='block_1_15' title="bbox 495 1598 2079 1672">
    <p class='ocr_par' dir='ltr' id='par_1_15' title="bbox 495 1598 2079 1672">
     <span class='ocr_line' id='line_1_15' title="bbox 495 1598 2079 1672; baseline 0.004 -22"><span class='ocrx_word' id='word_1_112' title='bbox 495 1598 691 1653; x_wconf 79' lang='lat' dir='ltr'><strong>nostris</strong></span> <span class='ocrx_word' id='word_1_113' title='bbox 719 1598 948 1670; x_wconf 75' lang='lat' dir='ltr'><strong>indiget,</strong></span> <span class='ocrx_word' id='word_1_114' title='bbox 969 1600 1162 1657; x_wconf 85' lang='lat' dir='ltr'><strong>oblata</strong></span> <span class='ocrx_word' id='word_1_115' title='bbox 1191 1601 1446 1671; x_wconf 86' lang='lat' dir='ltr'><strong>suscipit,</strong></span> <span class='ocrx_word' id='word_1_116' title='bbox 1495 1603 1588 1657; x_wconf 83' lang='lat' dir='ltr'><strong>sed</strong></span> <span class='ocrx_word' id='word_1_117' title='bbox 1626 1602 1735 1656; x_wconf 83' lang='lat' dir='ltr'><strong>vult</strong></span> <span class='ocrx_word' id='word_1_118' title='bbox 1757 1608 1814 1657; x_wconf 88' lang='lat' dir='ltr'><strong>et</strong></span> <span class='ocrx_word' id='word_1_119' title='bbox 1833 1615 1927 1672; x_wconf 87' lang='lat' dir='ltr'><strong>per</strong></span> <span class='ocrx_word' id='word_1_120' title='bbox 1963 1601 2079 1658; x_wconf 59' lang='lat' dir='ltr'><strong>hac</strong></span> 
     </span>
    </p>
   </div>
   <div class='ocr_carea' id='block_1_16' title="bbox 494 1685 2080 1760">
    <p class='ocr_par' dir='ltr' id='par_1_16' title="bbox 494 1685 2080 1760">
     <span class='ocr_line' id='line_1_16' title="bbox 494 1685 2080 1760; baseline 0.003 -20"><span class='ocrx_word' id='word_1_121' title='bbox 494 1685 702 1742; x_wconf 84' lang='lat' dir='ltr'><strong>ostendi</strong></span> <span class='ocrx_word' id='word_1_122' title='bbox 730 1695 938 1758; x_wconf 89' lang='lat' dir='ltr'><strong>gratum</strong></span> <span class='ocrx_word' id='word_1_123' title='bbox 965 1696 1207 1744; x_wconf 86' lang='lat' dir='ltr'><strong>nostrum</strong></span> <span class='ocrx_word' id='word_1_124' title='bbox 1237 1689 1496 1746; x_wconf 88' lang='lat' dir='ltr'><strong>animum.</strong></span> <span class='ocrx_word' id='word_1_125' title='bbox 1525 1688 1655 1746; x_wconf 83' lang='lat' dir='ltr'><strong>Nam</strong></span> <span class='ocrx_word' id='word_1_126' title='bbox 1695 1704 1818 1745; x_wconf 91' lang='lat' dir='ltr'><strong>eum</strong></span> <span class='ocrx_word' id='word_1_127' title='bbox 1841 1691 1929 1760; x_wconf 90' lang='lat' dir='ltr'><strong>qui</strong></span> <span class='ocrx_word' id='word_1_128' title='bbox 1968 1689 2080 1744; x_wconf 91' lang='lat' dir='ltr'><strong>Deo</strong></span> 
     </span>
    </p>
   </div>
   <div class='ocr_carea' id='block_1_17' title="bbox 496 1777 2081 1860">
    <p class='ocr_par' dir='ltr' id='par_1_17' title="bbox 496 1777 2081 1860">
     <span class='ocr_line' id='line_1_17' title="bbox 496 1777 2081 1860; baseline 0.004 -32"><span class='ocrx_word' id='word_1_129' title='bbox 496 1777 781 1860; x_wconf 80' lang='lat' dir='ltr'><strong>oli‘erebat,</strong></span> <span class='ocrx_word' id='word_1_130' title='bbox 811 1786 866 1835; x_wconf 87' lang='lat' dir='ltr'><strong>et</strong></span> <span class='ocrx_word' id='word_1_131' title='bbox 888 1778 1148 1835; x_wconf 83' lang='lat' dir='ltr'><strong>oﬁ&#39;erebat</strong></span> <span class='ocrx_word' id='word_1_132' title='bbox 1179 1795 1248 1836; x_wconf 81' lang='lat' dir='ltr'><strong>ex</strong></span> <span class='ocrx_word' id='word_1_133' title='bbox 1271 1780 1337 1836; x_wconf 88' lang='lat' dir='ltr'><strong>iis</strong></span> <span class='ocrx_word' id='word_1_134' title='bbox 1369 1777 1496 1851; x_wconf 66' lang='lat' dir='ltr'><strong>qué</strong></span> <span class='ocrx_word' id='word_1_135' title='bbox 1518 1780 1610 1836; x_wconf 89' lang='lat' dir='ltr'><strong>Dei</strong></span> <span class='ocrx_word' id='word_1_136' title='bbox 1657 1787 1815 1846; x_wconf 89' lang='lat' dir='ltr'><strong>sunt,</strong></span> <span class='ocrx_word' id='word_1_137' title='bbox 1846 1795 1966 1834; x_wconf 91' lang='lat' dir='ltr'><strong>eum</strong></span> <span class='ocrx_word' id='word_1_138' title='bbox 1996 1779 2081 1834; x_wconf 88' lang='lat' dir='ltr'><strong>in-</strong></span> 
     </span>
    </p>
   </div>
   <div class='ocr_carea' id='block_1_18' title="bbox 500 1866 2076 1938">
    <p class='ocr_par' dir='ltr' id='par_1_18' title="bbox 500 1866 2076 1938">
     <span class='ocr_line' id='line_1_18' title="bbox 500 1866 2076 1938; baseline 0.003 -18"><span class='ocrx_word' id='word_1_139' title='bbox 500 1866 761 1938; x_wconf 78' lang='lat' dir='ltr'><strong>telligeret</strong></span> <span class='ocrx_word' id='word_1_140' title='bbox 804 1879 1060 1938; x_wconf 90' lang='lat' dir='ltr'><strong>quantum</strong></span> <span class='ocrx_word' id='word_1_141' title='bbox 1085 1869 1324 1927; x_wconf 79' lang='lat' dir='ltr'><strong>diﬂ&#39;erret</strong></span> <span class='ocrx_word' id='word_1_142' title='bbox 1362 1881 1550 1927; x_wconf 88' lang='lat' dir='ltr'><strong>natura</strong></span> <span class='ocrx_word' id='word_1_143' title='bbox 1573 1911 1590 1938; x_wconf 94' lang='lat'><strong>,</strong></span> <span class='ocrx_word' id='word_1_144' title='bbox 1621 1880 1675 1926; x_wconf 91' lang='lat' dir='ltr'><strong>et</strong></span> <span class='ocrx_word' id='word_1_145' title='bbox 1699 1887 1760 1927; x_wconf 88' lang='lat' dir='ltr'><strong>se</strong></span> <span class='ocrx_word' id='word_1_146' title='bbox 1803 1871 2076 1927; x_wconf 86' lang='lat' dir='ltr'><strong>hominem</strong></span> 
     </span>
    </p>
   </div>
   <div class='ocr_carea' id='block_1_19' title="bbox 502 1957 2082 2032">
    <p class='ocr_par' dir='ltr' id='par_1_19' title="bbox 502 1957 2082 2032">
     <span class='ocr_line' id='line_1_19' title="bbox 502 1957 2082 2032; baseline 0.004 -22"><span class='ocrx_word' id='word_1_147' title='bbox 502 1965 705 2012; x_wconf 85' lang='lat' dir='ltr'><strong>tantum</strong></span> <span class='ocrx_word' id='word_1_148' title='bbox 754 1957 974 2015; x_wconf 88' lang='lat' dir='ltr'><strong>honoris</strong></span> <span class='ocrx_word' id='word_1_149' title='bbox 1015 1961 1260 2016; x_wconf 88' lang='lat' dir='ltr'><strong>sortitum</strong></span> <span class='ocrx_word' id='word_1_150' title='bbox 1305 1975 1461 2026; x_wconf 87' lang='lat' dir='ltr'><strong>esse,</strong></span> <span class='ocrx_word' id='word_1_151' title='bbox 1491 1961 1800 2032; x_wconf 79' lang='lat' dir='ltr'><strong>oportebat,</strong></span> <span class='ocrx_word' id='word_1_152' title='bbox 1829 1970 2082 2031; x_wconf 88' lang='lat' dir='ltr'><strong>quantum</strong></span> 
     </span>
    </p>
   </div>
   <div class='ocr_carea' id='block_1_20' title="bbox 379 2047 2084 2121">
    <p class='ocr_par' dir='ltr' id='par_1_20' title="bbox 379 2047 2084 2121">
     <span class='ocr_line' id='line_1_20' title="bbox 379 2047 2084 2121; baseline 0.002 -19"><span class='ocrx_word' id='word_1_153' title='bbox 379 2049 382 2053; x_wconf 94' lang='grc' dir='ltr'><strong> </strong></span> <span class='ocrx_word' id='word_1_154' title='bbox 501 2047 616 2105; x_wconf 87' lang='lat' dir='ltr'><strong>ﬁeri</strong></span> <span class='ocrx_word' id='word_1_155' title='bbox 649 2055 1066 2121; x_wconf 85' lang='lat' dir='ltr'><strong>poterat,_suum</strong></span> <span class='ocrx_word' id='word_1_156' title='bbox 1096 2050 1284 2107; x_wconf 88' lang='lat' dir='ltr'><strong>testari</strong></span> <span class='ocrx_word' id='word_1_157' title='bbox 1309 2051 1542 2106; x_wconf 80' lang='lat' dir='ltr'><strong>cilicium</strong></span> <span class='ocrx_word' id='word_1_158' title='bbox 1561 2091 1578 2118; x_wconf 93' lang='lat'><strong>,</strong></span> <span class='ocrx_word' id='word_1_159' title='bbox 1608 2061 1663 2108; x_wconf 92' lang='lat' dir='ltr'><strong>et</strong></span> <span class='ocrx_word' id='word_1_160' title='bbox 1701 2052 2084 2121; x_wconf 78' lang='lat' dir='ltr'><strong>pretiosissima</strong></span> 
     </span>
    </p>
   </div>
   <div class='ocr_carea' id='block_1_21' title="bbox 497 2113 2085 2213">
    <p class='ocr_par' dir='ltr' id='par_1_21' title="bbox 497 2113 2085 2213">
     <span class='ocr_line' id='line_1_21' title="bbox 497 2113 2085 2213; baseline 0.003 -21"><span class='ocrx_word' id='word_1_161' title='bbox 497 2113 713 2212; x_wconf 68' lang='lat' dir='ltr'><strong>oil&#39;erre.</strong></span> <span class='ocrx_word' id='word_1_162' title='bbox 740 2138 847 2195; x_wconf 85' lang='lat' dir='ltr'><strong>Sed</strong></span> <span class='ocrx_word' id='word_1_163' title='bbox 877 2113 998 2197; x_wconf 52' lang='lat' dir='ltr'><strong>iide</strong></span> <span class='ocrx_word' id='word_1_164' title='bbox 1016 2181 1033 2207; x_wconf 95' lang='lat'><strong>,</strong></span> <span class='ocrx_word' id='word_1_165' title='bbox 1060 2141 1286 2198; x_wconf 82' lang='lat' dir='ltr'><strong>obsecro</strong></span> <span class='ocrx_word' id='word_1_166' title='bbox 1309 2183 1326 2209; x_wconf 92' lang='lat'><strong>,</strong></span> <span class='ocrx_word' id='word_1_167' title='bbox 1353 2113 1575 2213; x_wconf 42' lang='lat' dir='ltr'><strong>dilecte;</strong></span> <span class='ocrx_word' id='word_1_168' title='bbox 1599 2113 1775 2198; x_wconf 78' lang='lat' dir='ltr'><strong>Habes</strong></span> <span class='ocrx_word' id='word_1_169' title='bbox 1803 2141 1891 2198; x_wconf 91' lang='lat' dir='ltr'><strong>hic</strong></span> <span class='ocrx_word' id='word_1_170' title='bbox 1928 2155 2085 2197; x_wconf 84' lang='lat' dir='ltr'><strong>occa-</strong></span> 
     </span>
    </p>
   </div>
   <div class='ocr_carea' id='block_1_22' title="bbox 501 2227 2083 2302">
    <p class='ocr_par' dir='ltr' id='par_1_22' title="bbox 501 2227 2083 2302">
     <span class='ocr_line' id='line_1_22' title="bbox 501 2227 2083 2302; baseline 0.002 -22"><span class='ocrx_word' id='word_1_171' title='bbox 501 2227 681 2281; x_wconf 88' lang='lat' dir='ltr'><strong>siones</strong></span> <span class='ocrx_word' id='word_1_172' title='bbox 705 2237 765 2281; x_wconf 90' lang='lat' dir='ltr'><strong>ut</strong></span> <span class='ocrx_word' id='word_1_173' title='bbox 801 2228 942 2298; x_wconf 65' lang='lat' dir='ltr'><strong>quod</strong></span> <span class='ocrx_word' id='word_1_174' title='bbox 973 2237 1184 2300; x_wconf 84' lang='lat' dir='ltr'><strong>oportet</strong></span> <span class='ocrx_word' id='word_1_175' title='bbox 1222 2231 1628 2302; x_wconf 84' lang='lat' dir='ltr'><strong>contempleris,</strong></span> <span class='ocrx_word' id='word_1_176' title='bbox 1673 2232 1867 2286; x_wconf 90' lang='lat' dir='ltr'><strong>merito</strong></span> <span class='ocrx_word' id='word_1_177' title='bbox 1895 2245 2083 2300; x_wconf 66' lang='lat' dir='ltr'><strong>poenas</strong></span> 
     </span>
    </p>
   </div>
   <div class='ocr_carea' id='block_1_23' title="bbox 500 2313 2082 2389">
    <p class='ocr_par' dir='ltr' id='par_1_23' title="bbox 500 2313 2082 2389">
     <span class='ocr_line' id='line_1_23' title="bbox 500 2313 2082 2389; baseline 0.003 -20"><span class='ocrx_word' id='word_1_178' title='bbox 500 2313 648 2380; x_wconf 64' lang='lat' dir='ltr'><strong>luem</strong></span> <span class='ocrx_word' id='word_1_179' title='bbox 691 2331 813 2370; x_wconf 86' lang='lat' dir='ltr'><strong>eum</strong></span> <span class='ocrx_word' id='word_1_180' title='bbox 867 2316 957 2386; x_wconf 91' lang='lat' dir='ltr'><strong>qui</strong></span> <span class='ocrx_word' id='word_1_181' title='bbox 1002 2332 1152 2372; x_wconf 89' lang='lat' dir='ltr'><strong>suam</strong></span> <span class='ocrx_word' id='word_1_182' title='bbox 1199 2317 1269 2373; x_wconf 93' lang='lat' dir='ltr'><strong>ob</strong></span> <span class='ocrx_word' id='word_1_183' title='bbox 1309 2319 1570 2388; x_wconf 83' lang='lat' dir='ltr'><strong>ignaviam</strong></span> <span class='ocrx_word' id='word_1_184' title='bbox 1620 2319 1798 2389; x_wconf 89' lang='lat' dir='ltr'><strong>prodit</strong></span> <span class='ocrx_word' id='word_1_185' title='bbox 1837 2320 2082 2374; x_wconf 80' lang='lat' dir='ltr'><strong>salutem.</strong></span> 
     </span>
    </p>
   </div>
   <div class='ocr_carea' id='block_1_24' title="bbox 499 2404 2086 2484">
    <p class='ocr_par' dir='ltr' id='par_1_24' title="bbox 499 2404 2086 2484">
     <span class='ocr_line' id='line_1_24' title="bbox 499 2404 2086 2484; baseline 0.004 -24"><span class='ocrx_word' id='word_1_186' title='bbox 499 2404 680 2476; x_wconf 80' lang='lat' dir='ltr'><strong>Neque</strong></span> <span class='ocrx_word' id='word_1_187' title='bbox 708 2407 850 2461; x_wconf 88' lang='lat' dir='ltr'><strong>enim</strong></span> <span class='ocrx_word' id='word_1_188' title='bbox 880 2407 968 2464; x_wconf 90' lang='lat' dir='ltr'><strong>ille</strong></span> <span class='ocrx_word' id='word_1_189' title='bbox 994 2407 1270 2484; x_wconf 86' lang='lat' dir='ltr'><strong>doctorem</strong></span> <span class='ocrx_word' id='word_1_190' title='bbox 1299 2411 1524 2481; x_wconf 81' lang='lat' dir='ltr'><strong>aliquem</strong></span> <span class='ocrx_word' id='word_1_191' title='bbox 1551 2410 1764 2478; x_wconf 84' lang='lat' dir='ltr'><strong>habuit,</strong></span> <span class='ocrx_word' id='word_1_192' title='bbox 1804 2426 1977 2480; x_wconf 88' lang='lat' dir='ltr'><strong>neque</strong></span> <span class='ocrx_word' id='word_1_193' title='bbox 2001 2411 2086 2467; x_wconf 88' lang='lat' dir='ltr'><strong>hic</strong></span> 
     </span>
    </p>
   </div>
   <div class='ocr_carea' id='block_1_25' title="bbox 501 2499 2086 2572">
    <p class='ocr_par' dir='ltr' id='par_1_25' title="bbox 501 2499 2086 2572">
     <span class='ocr_line' id='line_1_25' title="bbox 501 2499 2086 2572; baseline 0.004 -23"><span class='ocrx_word' id='word_1_194' title='bbox 501 2505 875 2566; x_wconf 76' lang='lat' dir='ltr'><strong>suggerentem</strong></span> <span class='ocrx_word' id='word_1_195' title='bbox 901 2505 958 2552; x_wconf 89' lang='lat' dir='ltr'><strong>et</strong></span> <span class='ocrx_word' id='word_1_196' title='bbox 994 2499 1353 2554; x_wconf 89' lang='lat' dir='ltr'><strong>consiliarium</strong></span> <span class='ocrx_word' id='word_1_197' title='bbox 1371 2541 1388 2567; x_wconf 93' lang='lat'><strong>,</strong></span> <span class='ocrx_word' id='word_1_198' title='bbox 1433 2500 1529 2556; x_wconf 88' lang='lat' dir='ltr'><strong>sed</strong></span> <span class='ocrx_word' id='word_1_199' title='bbox 1558 2509 1776 2572; x_wconf 90' lang='lat' dir='ltr'><strong>uterque</strong></span> <span class='ocrx_word' id='word_1_200' title='bbox 1803 2501 2086 2556; x_wconf 85' lang='lat' dir='ltr'><strong>conscien-</strong></span> 
     </span>
    </p>
   </div>
   <div class='ocr_carea' id='block_1_26' title="bbox 504 2578 2081 2661">
    <p class='ocr_par' dir='ltr' id='par_1_26' title="bbox 504 2578 2081 2661">
     <span class='ocr_line' id='line_1_26' title="bbox 504 2578 2081 2661; baseline 0.005 -21"><span class='ocrx_word' id='word_1_201' title='bbox 504 2585 592 2642; x_wconf 74' lang='lat' dir='ltr'><strong>tia:</strong></span> <span class='ocrx_word' id='word_1_202' title='bbox 619 2600 731 2643; x_wconf 74' lang='lat' dir='ltr'><strong>stne</strong></span> <span class='ocrx_word' id='word_1_203' title='bbox 759 2588 1096 2659; x_wconf 84' lang='lat' dir='ltr'><strong>magisterio,</strong></span> <span class='ocrx_word' id='word_1_204' title='bbox 1139 2600 1195 2646; x_wconf 91' lang='lat' dir='ltr'><strong>et</strong></span> <span class='ocrx_word' id='word_1_205' title='bbox 1242 2578 1500 2661; x_wconf 80' lang='lat' dir='ltr'><strong>sapientia</strong></span> <span class='ocrx_word' id='word_1_206' title='bbox 1545 2591 1804 2649; x_wconf 89' lang='lat' dir='ltr'><strong>divinitus</strong></span> <span class='ocrx_word' id='word_1_207' title='bbox 1847 2593 2081 2649; x_wconf 85' lang='lat' dir='ltr'><strong>humano</strong></span> 
     </span>
    </p>
   </div>
   <div class='ocr_carea' id='block_1_27' title="bbox 503 2677 2083 2748">
    <p class='ocr_par' dir='ltr' id='par_1_27' title="bbox 503 2677 2083 2748">
     <span class='ocr_line' id='line_1_27' title="bbox 503 2677 2083 2748; baseline 0.005 -18"><span class='ocrx_word' id='word_1_208' title='bbox 503 2677 687 2746; x_wconf 87' lang='lat' dir='ltr'><strong>generi</strong></span> <span class='ocrx_word' id='word_1_209' title='bbox 723 2677 1090 2748; x_wconf 88' lang='lat' dir='ltr'><strong>suppeditata,</strong></span> <span class='ocrx_word' id='word_1_210' title='bbox 1135 2679 1203 2734; x_wconf 89' lang='lat' dir='ltr'><strong>ad</strong></span> <span class='ocrx_word' id='word_1_211' title='bbox 1247 2679 1385 2736; x_wconf 85' lang='lat' dir='ltr'><strong>hanc</strong></span> <span class='ocrx_word' id='word_1_212' title='bbox 1427 2681 1750 2737; x_wconf 84' lang='lat' dir='ltr'><strong>oblationem</strong></span> <span class='ocrx_word' id='word_1_213' title='bbox 1793 2683 2083 2739; x_wconf 85' lang='lat' dir='ltr'><strong>incitatur:</strong></span> 
     </span>
    </p>
   </div>
   <div class='ocr_carea' id='block_1_28' title="bbox 503 2768 2085 2844">
    <p class='ocr_par' dir='ltr' id='par_1_28' title="bbox 503 2768 2085 2844">
     <span class='ocr_line' id='line_1_28' title="bbox 503 2768 2085 2844; baseline 0.003 -22"><span class='ocrx_word' id='word_1_214' title='bbox 503 2768 597 2822; x_wconf 89' lang='lat' dir='ltr'><strong>sed</strong></span> <span class='ocrx_word' id='word_1_215' title='bbox 627 2768 939 2824; x_wconf 80' lang='lat' dir='ltr'><strong>excellentia</strong></span> <span class='ocrx_word' id='word_1_216' title='bbox 958 2771 1212 2840; x_wconf 91' lang='lat' dir='ltr'><strong>propositi</strong></span> <span class='ocrx_word' id='word_1_217' title='bbox 1239 2779 1292 2826; x_wconf 93' lang='lat' dir='ltr'><strong>et</strong></span> <span class='ocrx_word' id='word_1_218' title='bbox 1317 2772 1607 2829; x_wconf 79' lang='lat' dir='ltr'><strong>voluntatis</strong></span> <span class='ocrx_word' id='word_1_219' title='bbox 1645 2773 1899 2844; x_wconf 77' lang='lat' dir='ltr'><strong>segnities</strong></span> <span class='ocrx_word' id='word_1_220' title='bbox 1942 2771 2085 2828; x_wconf 88' lang='lat' dir='ltr'><strong>illius</strong></span> 
     </span>
    </p>
   </div>
   <div class='ocr_carea' id='block_1_29' title="bbox 503 2855 2087 2932">
    <p class='ocr_par' dir='ltr' id='par_1_29' title="bbox 503 2855 2087 2932">
     <span class='ocr_line' id='line_1_29' title="bbox 503 2855 2087 2932; baseline 0.003 -20"><span class='ocrx_word' id='word_1_221' title='bbox 503 2855 716 2927; x_wconf 90' lang='lat' dir='ltr'><strong>quidem</strong></span> <span class='ocrx_word' id='word_1_222' title='bbox 744 2859 1169 2930; x_wconf 84' lang='lat' dir='ltr'><strong>acceptissimam</strong></span> <span class='ocrx_word' id='word_1_223' title='bbox 1199 2860 1322 2915; x_wconf 84' lang='lat' dir='ltr'><strong>fecit</strong></span> <span class='ocrx_word' id='word_1_224' title='bbox 1343 2860 1668 2917; x_wconf 85' lang='lat' dir='ltr'><strong>oblationem</strong></span> <span class='ocrx_word' id='word_1_225' title='bbox 1687 2902 1704 2929; x_wconf 90' lang='lat'><strong>,</strong></span> <span class='ocrx_word' id='word_1_226' title='bbox 1733 2861 1891 2932; x_wconf 86' lang='lat' dir='ltr'><strong>hujus</strong></span> <span class='ocrx_word' id='word_1_227' title='bbox 1907 2870 2087 2917; x_wconf 86' lang='lat' dir='ltr'><strong>autem</strong></span> 
     </span>
    </p>
   </div>
   <div class='ocr_carea' id='block_1_30' title="bbox 509 2945 2084 3022">
    <p class='ocr_par' dir='ltr' id='par_1_30' title="bbox 509 2945 2084 3022">
     <span class='ocr_line' id='line_1_30' title="bbox 509 2945 2084 3022; baseline 0.003 -20"><span class='ocrx_word' id='word_1_228' title='bbox 509 2945 859 3015; x_wconf 84' lang='lat' dir='ltr'><strong>repudiatam.</strong></span> <span class='ocrx_word' id='word_1_229' title='bbox 890 2947 957 3002; x_wconf 82' lang='lat' dir='ltr'><strong>Et</strong></span> <span class='ocrx_word' id='word_1_230' title='bbox 983 2950 1178 3019; x_wconf 66' lang='lat' dir='ltr'><strong>aspexit</strong></span> <span class='ocrx_word' id='word_1_231' title='bbox 1191 2947 1409 3006; x_wconf 80' lang='lat' dir='ltr'><strong>Deusad</strong></span> <span class='ocrx_word' id='word_1_232' title='bbox 1418 2950 1561 3017; x_wconf 82' lang='lat' dir='ltr'><strong>Abel,</strong></span> <span class='ocrx_word' id='word_1_233' title='bbox 1581 2960 1628 3005; x_wconf 86' lang='lat' dir='ltr'><strong>et</strong></span> <span class='ocrx_word' id='word_1_234' title='bbox 1650 2951 1717 3005; x_wconf 84' lang='lat' dir='ltr'><strong>ad</strong></span> <span class='ocrx_word' id='word_1_235' title='bbox 1739 2950 1874 3006; x_wconf 82' lang='lat' dir='ltr'><strong>dona</strong></span> <span class='ocrx_word' id='word_1_236' title='bbox 1902 2953 2084 3022; x_wconf 83' lang='lat' dir='ltr'><strong>ipsius.</strong></span> 
     </span>
    </p>
   </div>
   <div class='ocr_carea' id='block_1_31' title="bbox 517 3036 2089 3112">
    <p class='ocr_par' dir='ltr' id='par_1_31' title="bbox 517 3036 2089 3112">
     <span class='ocr_line' id='line_1_31' title="bbox 517 3036 2089 3112; baseline 0.004 -22"><span class='ocrx_word' id='word_1_237' title='bbox 517 3036 648 3094; x_wconf 83' lang='lat' dir='ltr'><strong>Vide</strong></span> <span class='ocrx_word' id='word_1_238' title='bbox 686 3038 957 3108; x_wconf 90' lang='lat' dir='ltr'><strong>quomodo</strong></span> <span class='ocrx_word' id='word_1_239' title='bbox 993 3039 1244 3110; x_wconf 89' lang='lat' dir='ltr'><strong>impletur</strong></span> <span class='ocrx_word' id='word_1_240' title='bbox 1285 3038 1372 3095; x_wconf 88' lang='lat' dir='ltr'><strong>hic</strong></span> <span class='ocrx_word' id='word_1_241' title='bbox 1409 3039 1551 3110; x_wconf 91' lang='lat' dir='ltr'><strong>quod</strong></span> <span class='ocrx_word' id='word_1_242' title='bbox 1595 3041 1648 3095; x_wconf 93' lang='lat' dir='ltr'><strong>in</strong></span> <span class='ocrx_word' id='word_1_243' title='bbox 1690 3041 1965 3112; x_wconf 86' lang='lat' dir='ltr'><strong>evangelio</strong></span> <span class='ocrx_word' id='word_1_244' title='bbox 2005 3054 2089 3097; x_wconf 90' lang='lat' dir='ltr'><strong>est</strong></span> 
     </span>
    </p>
   </div>
   <div class='ocr_carea' id='block_1_32' title="bbox 504 3125 2086 3202">
    <p class='ocr_par' dir='ltr' id='par_1_32' title="bbox 504 3125 2086 3202">
     <span class='ocr_line' id='line_1_32' title="bbox 504 3125 2086 3202; baseline 0.004 -22"><span class='ocrx_word' id='word_1_245' title='bbox 504 3125 742 3182; x_wconf 87' lang='lat' dir='ltr'><strong>dictum:</strong></span> <span class='ocrx_word' id='word_1_246' title='bbox 775 3126 936 3182; x_wconf 85' lang='lat' dir='ltr'><strong>Primi</strong></span> <span class='ocrx_word' id='word_1_247' title='bbox 965 3137 1122 3183; x_wconf 85' lang='lat' dir='ltr'><strong>erunt</strong></span> <span class='ocrx_word' id='word_1_248' title='bbox 1147 3129 1349 3194; x_wconf 88' lang='lat' dir='ltr'><strong>ultimi,</strong></span> <span class='ocrx_word' id='word_1_249' title='bbox 1377 3138 1432 3185; x_wconf 88' lang='lat' dir='ltr'><strong>et</strong></span> <span class='ocrx_word' id='word_1_250' title='bbox 1477 3129 1644 3184; x_wconf 90' lang='lat' dir='ltr'><strong>ultimi</strong></span> <span class='ocrx_word' id='word_1_251' title='bbox 1692 3131 1844 3200; x_wconf 91' lang='lat' dir='ltr'><strong>primi</strong></span> <span class='ocrx_word' id='word_1_252' title='bbox 1870 3130 2086 3202; x_wconf 75' lang='lat' dir='ltr'><strong>(Matth.</strong></span> 
     </span>
    </p>
   </div>
   <div class='ocr_carea' id='block_1_33' title="bbox 506 3211 2088 3291">
    <p class='ocr_par' dir='ltr' id='par_1_33' title="bbox 506 3211 2088 3291">
     <span class='ocr_line' id='line_1_33' title="bbox 506 3211 2088 3291; baseline 0.003 -19"><span class='ocrx_word' id='word_1_253' title='bbox 506 3216 594 3272; x_wconf 75' lang='lat' dir='ltr'><strong>i9.</strong></span> <span class='ocrx_word' id='word_1_254' title='bbox 625 3211 714 3272; x_wconf 76' lang='lat'><strong>50.</strong></span> <span class='ocrx_word' id='word_1_255' title='bbox 744 3215 907 3271; x_wconf 73' lang='lat' dir='ltr'><strong>Marc.</strong></span> <span class='ocrx_word' id='word_1_256' title='bbox 943 3217 1030 3272; x_wconf 76' lang='grc'><strong>10.</strong></span> <span class='ocrx_word' id='word_1_257' title='bbox 1060 3218 1148 3273; x_wconf 78' lang='lat'><strong>3|.</strong></span> <span class='ocrx_word' id='word_1_258' title='bbox 1177 3216 1303 3272; x_wconf 82' lang='lat' dir='ltr'><strong>Luc.</strong></span> <span class='ocrx_word' id='word_1_259' title='bbox 1341 3219 1426 3276; x_wconf 73' lang='grc'><strong>15.</strong></span> <span class='ocrx_word' id='word_1_260' title='bbox 1461 3218 1590 3291; x_wconf 76' lang='lat'><strong>30).</strong></span> <span class='ocrx_word' id='word_1_261' title='bbox 1635 3220 1773 3275; x_wconf 84' lang='lat' dir='ltr'><strong>Ecce</strong></span> <span class='ocrx_word' id='word_1_262' title='bbox 1817 3221 1959 3275; x_wconf 91' lang='lat' dir='ltr'><strong>enim</strong></span> <span class='ocrx_word' id='word_1_263' title='bbox 1997 3221 2088 3290; x_wconf 85' lang='lat' dir='ltr'><strong>qui</strong></span> 
     </span>
    </p>
   </div>
   <div class='ocr_carea' id='block_1_34' title="bbox 506 3306 2090 3377">
    <p class='ocr_par' dir='ltr' id='par_1_34' title="bbox 506 3306 2090 3377">
     <span class='ocr_line' id='line_1_34' title="bbox 506 3306 2090 3377; baseline 0.002 -17"><span class='ocrx_word' id='word_1_264' title='bbox 506 3306 577 3360; x_wconf 90' lang='lat' dir='ltr'><strong>ob</strong></span> <span class='ocrx_word' id='word_1_265' title='bbox 620 3306 1087 3376; x_wconf 85' lang='lat' dir='ltr'><strong>primogenituram</strong></span> <span class='ocrx_word' id='word_1_266' title='bbox 1128 3307 1458 3377; x_wconf 75' lang='lat' dir='ltr'><strong>privilegium</strong></span> <span class='ocrx_word' id='word_1_267' title='bbox 1503 3307 1762 3374; x_wconf 85' lang='lat' dir='ltr'><strong>habebat,</strong></span> <span class='ocrx_word' id='word_1_268' title='bbox 1790 3316 1844 3364; x_wconf 93' lang='lat' dir='ltr'><strong>et</strong></span> <span class='ocrx_word' id='word_1_269' title='bbox 1868 3308 2090 3376; x_wconf 85' lang='lat' dir='ltr'><strong>pronde</strong></span> 
     </span>
    </p>
   </div>
   <div class='ocr_carea' id='block_1_35' title="bbox 507 3395 2090 3468">
    <p class='ocr_par' dir='ltr' id='par_1_35' title="bbox 507 3395 2090 3468">
     <span class='ocr_line' id='line_1_35' title="bbox 507 3395 2090 3468; baseline 0.004 -20"><span class='ocrx_word' id='word_1_270' title='bbox 507 3395 656 3465; x_wconf 89' lang='lat' dir='ltr'><strong>prior</strong></span> <span class='ocrx_word' id='word_1_271' title='bbox 699 3395 986 3461; x_wconf 70' lang='lat' dir='ltr'><strong>oli&#39;ereiutt,</strong></span> <span class='ocrx_word' id='word_1_272' title='bbox 1017 3397 1195 3450; x_wconf 89' lang='lat' dir='ltr'><strong>minor</strong></span> <span class='ocrx_word' id='word_1_273' title='bbox 1239 3397 1386 3451; x_wconf 86' lang='lat' dir='ltr'><strong>visus</strong></span> <span class='ocrx_word' id='word_1_274' title='bbox 1418 3404 1502 3452; x_wconf 86' lang='lat' dir='ltr'><strong>est</strong></span> <span class='ocrx_word' id='word_1_275' title='bbox 1526 3396 1708 3462; x_wconf 82' lang='lat' dir='ltr'><strong>fratre,</strong></span> <span class='ocrx_word' id='word_1_276' title='bbox 1740 3406 1796 3451; x_wconf 92' lang='lat' dir='ltr'><strong>ut</strong></span> <span class='ocrx_word' id='word_1_277' title='bbox 1819 3399 1910 3468; x_wconf 90' lang='lat' dir='ltr'><strong>qui</strong></span> <span class='ocrx_word' id='word_1_278' title='bbox 1935 3413 2090 3455; x_wconf 83' lang='lat' dir='ltr'><strong>secus</strong></span> 
     </span>
    </p>
   </div>
   <div class='ocr_carea' id='block_1_36' title="bbox 506 3485 2084 3558">
    <p class='ocr_par' dir='ltr' id='par_1_36' title="bbox 506 3485 2084 3558">
     <span class='ocr_line' id='line_1_36' title="bbox 506 3485 2084 3558; baseline 0.002 -16"><span class='ocrx_word' id='word_1_279' title='bbox 506 3485 723 3542; x_wconf 83' lang='lat' dir='ltr'><strong>oll&#39;erret</strong></span> <span class='ocrx_word' id='word_1_280' title='bbox 741 3503 896 3556; x_wconf 88' lang='lat' dir='ltr'><strong>quam</strong></span> <span class='ocrx_word' id='word_1_281' title='bbox 918 3487 1213 3556; x_wconf 89' lang='lat' dir='ltr'><strong>oportebat.</strong></span> <span class='ocrx_word' id='word_1_282' title='bbox 1235 3485 1368 3542; x_wconf 79' lang='lat' dir='ltr'><strong>Nam</strong></span> <span class='ocrx_word' id='word_1_283' title='bbox 1384 3501 1504 3541; x_wconf 91' lang='lat' dir='ltr'><strong>cum</strong></span> <span class='ocrx_word' id='word_1_284' title='bbox 1530 3495 1753 3558; x_wconf 90' lang='lat' dir='ltr'><strong>uterque</strong></span> <span class='ocrx_word' id='word_1_285' title='bbox 1774 3487 2084 3554; x_wconf 85' lang='lat' dir='ltr'><strong>obtulisset,</strong></span> 
     </span>
    </p>
   </div>
   <div class='ocr_carea' id='block_1_37' title="bbox 510 3575 2090 3647">
    <p class='ocr_par' dir='ltr' id='par_1_37' title="bbox 510 3575 2090 3647">
     <span class='ocr_line' id='line_1_37' title="bbox 510 3575 2090 3647; baseline 0.001 -17"><span class='ocrx_word' id='word_1_286' title='bbox 510 3576 640 3631; x_wconf 88' lang='lat' dir='ltr'><strong>dicit</strong></span> <span class='ocrx_word' id='word_1_287' title='bbox 663 3575 839 3632; x_wconf 87' lang='lat' dir='ltr'><strong>divina</strong></span> <span class='ocrx_word' id='word_1_288' title='bbox 859 3575 1128 3645; x_wconf 87' lang='lat' dir='ltr'><strong>Scriptura</strong></span> <span class='ocrx_word' id='word_1_289' title='bbox 1157 3593 1170 3628; x_wconf 89' lang='lat'><strong>:</strong></span> <span class='ocrx_word' id='word_1_290' title='bbox 1201 3575 1269 3629; x_wconf 82' lang='lat' dir='ltr'><strong>Et</strong></span> <span class='ocrx_word' id='word_1_291' title='bbox 1295 3577 1493 3647; x_wconf 71' lang='lat' dir='ltr'><strong>aspexit</strong></span> <span class='ocrx_word' id='word_1_292' title='bbox 1521 3575 1657 3631; x_wconf 88' lang='lat' dir='ltr'><strong>Deus</strong></span> <span class='ocrx_word' id='word_1_293' title='bbox 1675 3576 1745 3630; x_wconf 85' lang='lat' dir='ltr'><strong>ad</strong></span> <span class='ocrx_word' id='word_1_294' title='bbox 1766 3576 1919 3644; x_wconf 80' lang='lat' dir='ltr'><strong>Abel,</strong></span> <span class='ocrx_word' id='word_1_295' title='bbox 1950 3587 1998 3631; x_wconf 84' lang='lat' dir='ltr'><strong>et</strong></span> <span class='ocrx_word' id='word_1_296' title='bbox 2021 3577 2090 3632; x_wconf 83' lang='lat' dir='ltr'><strong>ad</strong></span> 
     </span>
    </p>
   </div>
   <div class='ocr_carea' id='block_1_38' title="bbox 509 3665 2084 3738">
    <p class='ocr_par' dir='ltr' id='par_1_38' title="bbox 509 3665 2084 3738">
     <span class='ocr_line' id='line_1_38' title="bbox 509 3665 2084 3738; baseline 0.001 -18"><span class='ocrx_word' id='word_1_297' title='bbox 509 3669 645 3721; x_wconf 82' lang='lat' dir='ltr'><strong>dona</strong></span> <span class='ocrx_word' id='word_1_298' title='bbox 679 3668 808 3735; x_wconf 86' lang='lat' dir='ltr'><strong>ejus.</strong></span> <span class='ocrx_word' id='word_1_299' title='bbox 850 3667 987 3735; x_wconf 82' lang='lat' dir='ltr'><strong>Quid</strong></span> <span class='ocrx_word' id='word_1_300' title='bbox 1016 3676 1134 3732; x_wconf 89' lang='lat' dir='ltr'><strong>est,</strong></span> <span class='ocrx_word' id='word_1_301' title='bbox 1163 3665 1232 3722; x_wconf 82' lang='lat' dir='ltr'><strong>Et</strong></span> <span class='ocrx_word' id='word_1_302' title='bbox 1251 3667 1493 3738; x_wconf 76' lang='lat' dir='ltr'><strong>aspexit!</strong></span> <span class='ocrx_word' id='word_1_303' title='bbox 1520 3666 1573 3721; x_wconf 89' lang='lat' dir='ltr'><strong>id</strong></span> <span class='ocrx_word' id='word_1_304' title='bbox 1598 3675 1713 3733; x_wconf 88' lang='lat' dir='ltr'><strong>est,</strong></span> <span class='ocrx_word' id='word_1_305' title='bbox 1740 3669 2084 3738; x_wconf 86' lang='lat' dir='ltr'><strong>approbavit,</strong></span> 
     </span>
    </p>
   </div>
   <div class='ocr_carea' id='block_1_39' title="bbox 514 3757 2089 3830">
    <p class='ocr_par' dir='ltr' id='par_1_39' title="bbox 514 3757 2089 3830">
     <span class='ocr_line' id='line_1_39' title="bbox 514 3757 2089 3830; baseline 0.003 -19"><span class='ocrx_word' id='word_1_306' title='bbox 514 3757 747 3813; x_wconf 63' lang='lat' dir='ltr'><strong>laudavit</strong></span> <span class='ocrx_word' id='word_1_307' title='bbox 787 3767 1054 3824; x_wconf 83' lang='lat' dir='ltr'><strong>mentem,</strong></span> <span class='ocrx_word' id='word_1_308' title='bbox 1105 3760 1378 3814; x_wconf 81' lang='lat' dir='ltr'><strong>coronavit</strong></span> <span class='ocrx_word' id='word_1_309' title='bbox 1433 3759 1790 3825; x_wconf 86' lang='lat' dir='ltr'><strong>voluntatem,</strong></span> <span class='ocrx_word' id='word_1_310' title='bbox 1835 3769 1891 3815; x_wconf 90' lang='lat' dir='ltr'><strong>et</strong></span> <span class='ocrx_word' id='word_1_311' title='bbox 1940 3761 2089 3830; x_wconf 90' lang='lat' dir='ltr'><strong>quasi</strong></span> 
     </span>
    </p>
   </div>
   <div class='ocr_carea' id='block_1_40' title="bbox 511 3847 2092 3920">
    <p class='ocr_par' dir='ltr' id='par_1_40' title="bbox 511 3847 2092 3920">
     <span class='ocr_line' id='line_1_40' title="bbox 511 3847 2092 3920; baseline 0.003 -20"><span class='ocrx_word' id='word_1_312' title='bbox 511 3847 631 3916; x_wconf 89' lang='lat' dir='ltr'><strong>quis</strong></span> <span class='ocrx_word' id='word_1_313' title='bbox 670 3847 844 3916; x_wconf 73' lang='lat' dir='ltr'><strong>dicat,</strong></span> <span class='ocrx_word' id='word_1_314' title='bbox 887 3848 1024 3902; x_wconf 79' lang='lat' dir='ltr'><strong>facto</strong></span> <span class='ocrx_word' id='word_1_315' title='bbox 1063 3856 1346 3903; x_wconf 89' lang='lat' dir='ltr'><strong>contentus</strong></span> <span class='ocrx_word' id='word_1_316' title='bbox 1388 3847 1503 3914; x_wconf 85' lang='lat' dir='ltr'><strong>fuit.</strong></span> <span class='ocrx_word' id='word_1_317' title='bbox 1547 3847 1677 3920; x_wconf 65' lang='lat' dir='ltr'><strong>Nam</strong></span> <span class='ocrx_word' id='word_1_318' title='bbox 1706 3858 1762 3903; x_wconf 90' lang='lat' dir='ltr'><strong>et</strong></span> <span class='ocrx_word' id='word_1_319' title='bbox 1803 3850 1848 3905; x_wconf 87' lang='lat' dir='ltr'><strong>si</strong></span> <span class='ocrx_word' id='word_1_320' title='bbox 1887 3849 1955 3905; x_wconf 87' lang='lat' dir='ltr'><strong>de</strong></span> <span class='ocrx_word' id='word_1_321' title='bbox 1983 3851 2092 3904; x_wconf 88' lang='lat' dir='ltr'><strong>Deo</strong></span> 
     </span>
    </p>
   </div>
   <div class='ocr_carea' id='block_1_41' title="bbox 513 3934 2090 4007">
    <p class='ocr_par' dir='ltr' id='par_1_41' title="bbox 513 3934 2090 4007">
     <span class='ocr_line' id='line_1_41' title="bbox 513 3934 2090 4007; baseline 0.004 -20"><span class='ocrx_word' id='word_1_322' title='bbox 513 3934 809 4005; x_wconf 88' lang='lat' dir='ltr'><strong>loquimur,</strong></span> <span class='ocrx_word' id='word_1_323' title='bbox 853 3945 906 3990; x_wconf 89' lang='lat' dir='ltr'><strong>et</strong></span> <span class='ocrx_word' id='word_1_324' title='bbox 949 3935 1016 3991; x_wconf 90' lang='lat' dir='ltr'><strong>de</strong></span> <span class='ocrx_word' id='word_1_325' title='bbox 1042 3935 1326 3991; x_wconf 89' lang='lat' dir='ltr'><strong>immortali</strong></span> <span class='ocrx_word' id='word_1_326' title='bbox 1357 3944 1545 3991; x_wconf 89' lang='lat' dir='ltr'><strong>natura</strong></span> <span class='ocrx_word' id='word_1_327' title='bbox 1574 3937 1784 4007; x_wconf 86' lang='lat' dir='ltr'><strong>aperire</strong></span> <span class='ocrx_word' id='word_1_328' title='bbox 1826 3951 1889 3992; x_wconf 87' lang='lat' dir='ltr'><strong>os</strong></span> <span class='ocrx_word' id='word_1_329' title='bbox 1929 3939 2090 3994; x_wconf 89' lang='lat' dir='ltr'><strong>aude-</strong></span> 
     </span>
    </p>
   </div>
   <div class='ocr_carea' id='block_1_42' title="bbox 515 4026 2094 4096">
    <p class='ocr_par' dir='ltr' id='par_1_42' title="bbox 515 4026 2094 4096">
     <span class='ocr_line' id='line_1_42' title="bbox 515 4026 2094 4096; baseline 0.001 -14"><span class='ocrx_word' id='word_1_330' title='bbox 515 4040 669 4092; x_wconf 86' lang='lat' dir='ltr'><strong>mus,</strong></span> <span class='ocrx_word' id='word_1_331' title='bbox 699 4026 825 4093; x_wconf 87' lang='lat' dir='ltr'><strong>sed,</strong></span> <span class='ocrx_word' id='word_1_332' title='bbox 852 4041 972 4081; x_wconf 92' lang='lat' dir='ltr'><strong>eum</strong></span> <span class='ocrx_word' id='word_1_333' title='bbox 1014 4026 1258 4082; x_wconf 80' lang='lat' dir='ltr'><strong>homines</strong></span> <span class='ocrx_word' id='word_1_334' title='bbox 1286 4027 1482 4091; x_wconf 86' lang='lat' dir='ltr'><strong>simus,</strong></span> <span class='ocrx_word' id='word_1_335' title='bbox 1515 4042 1620 4082; x_wconf 90' lang='lat' dir='ltr'><strong>nor.-</strong></span> <span class='ocrx_word' id='word_1_336' title='bbox 1663 4042 1944 4096; x_wconf 81' lang='lat' dir='ltr'><strong>possumus</strong></span> <span class='ocrx_word' id='word_1_337' title='bbox 1978 4028 2094 4084; x_wconf 83' lang='lat' dir='ltr'><strong>haec</strong></span> 
     </span>
    </p>
   </div>
   <div class='ocr_carea' id='block_1_43' title="bbox 513 4115 2086 4186">
    <p class='ocr_par' dir='ltr' id='par_1_43' title="bbox 513 4115 2086 4186">
     <span class='ocr_line' id='line_1_43' title="bbox 513 4115 2086 4186; baseline 0.001 -17"><span class='ocrx_word' id='word_1_338' title='bbox 513 4117 666 4170; x_wconf 89' lang='lat' dir='ltr'><strong>aliter</strong></span> <span class='ocrx_word' id='word_1_339' title='bbox 676 4130 831 4186; x_wconf 90' lang='lat' dir='ltr'><strong>quam</strong></span> <span class='ocrx_word' id='word_1_340' title='bbox 851 4131 942 4185; x_wconf 89' lang='lat' dir='ltr'><strong>per</strong></span> <span class='ocrx_word' id='word_1_341' title='bbox 956 4117 1181 4186; x_wconf 90' lang='lat' dir='ltr'><strong>linguam</strong></span> <span class='ocrx_word' id='word_1_342' title='bbox 1195 4117 1489 4186; x_wconf 82' lang='lat' dir='ltr'><strong>percipere.</strong></span> <span class='ocrx_word' id='word_1_343' title='bbox 1507 4115 1734 4172; x_wconf 77' lang='lat' dir='ltr'><strong>Attende</strong></span> <span class='ocrx_word' id='word_1_344' title='bbox 1749 4132 1860 4173; x_wconf 92' lang='lat' dir='ltr'><strong>rem</strong></span> <span class='ocrx_word' id='word_1_345' title='bbox 1880 4119 2086 4171; x_wconf 86' lang='lat' dir='ltr'><strong>miram.</strong></span> 
     </span>
    </p>
   </div>
   <div class='ocr_carea' id='block_1_44' title="bbox 517 4205 2092 4277">
    <p class='ocr_par' dir='ltr' id='par_1_44' title="bbox 517 4205 2092 4277">
     <span class='ocr_line' id='line_1_44' title="bbox 517 4205 2092 4277; baseline 0.003 -19"><span class='ocrx_word' id='word_1_346' title='bbox 517 4205 755 4274; x_wconf 70' lang='lat' dir='ltr'><strong>Aspexit,</strong></span> <span class='ocrx_word' id='word_1_347' title='bbox 775 4206 961 4276; x_wconf 82' lang='lat' dir='ltr'><strong>inquit,</strong></span> <span class='ocrx_word' id='word_1_348' title='bbox 987 4205 1123 4260; x_wconf 86' lang='lat' dir='ltr'><strong>Deus</strong></span> <span class='ocrx_word' id='word_1_349' title='bbox 1147 4207 1215 4259; x_wconf 83' lang='lat' dir='ltr'><strong>ad</strong></span> <span class='ocrx_word' id='word_1_350' title='bbox 1240 4206 1383 4272; x_wconf 83' lang='lat' dir='ltr'><strong>Abel,</strong></span> <span class='ocrx_word' id='word_1_351' title='bbox 1400 4216 1444 4261; x_wconf 86' lang='lat' dir='ltr'><strong>et</strong></span> <span class='ocrx_word' id='word_1_352' title='bbox 1456 4206 1522 4260; x_wconf 86' lang='lat' dir='ltr'><strong>ad</strong></span> <span class='ocrx_word' id='word_1_353' title='bbox 1543 4207 1674 4260; x_wconf 76' lang='lat' dir='ltr'><strong>dona</strong></span> <span class='ocrx_word' id='word_1_354' title='bbox 1700 4207 1872 4277; x_wconf 83' lang='lat' dir='ltr'><strong>ipsius.</strong></span> <span class='ocrx_word' id='word_1_355' title='bbox 1904 4206 2092 4262; x_wconf 80' lang='lat' dir='ltr'><strong>Ovium</strong></span> 
     </span>
    </p>
   </div>
   <div class='ocr_carea' id='block_1_45' title="bbox 517 4297 2094 4368">
    <p class='ocr_par' dir='ltr' id='par_1_45' title="bbox 517 4297 2094 4368">
     <span class='ocr_line' id='line_1_45' title="bbox 517 4297 2094 4368; baseline 0 -16"><span class='ocrx_word' id='word_1_356' title='bbox 517 4297 838 4352; x_wconf 80' lang='lat' dir='ltr'><strong>oblationem</strong></span> <span class='ocrx_word' id='word_1_357' title='bbox 865 4297 998 4353; x_wconf 89' lang='lat' dir='ltr'><strong>dona</strong></span> <span class='ocrx_word' id='word_1_358' title='bbox 1031 4297 1275 4353; x_wconf 86' lang='lat' dir='ltr'><strong>vocavit:</strong></span> <span class='ocrx_word' id='word_1_359' title='bbox 1316 4298 1437 4368; x_wconf 86' lang='lat' dir='ltr'><strong>quia</strong></span> <span class='ocrx_word' id='word_1_360' title='bbox 1477 4297 1740 4368; x_wconf 89' lang='lat' dir='ltr'><strong>pretiosa,</strong></span> <span class='ocrx_word' id='word_1_361' title='bbox 1784 4297 2010 4362; x_wconf 83' lang='lat' dir='ltr'><strong>eximia,</strong></span> <span class='ocrx_word' id='word_1_362' title='bbox 2040 4306 2094 4352; x_wconf 91' lang='lat' dir='ltr'><strong>et</strong></span> 
     </span>
    </p>
   </div>
   <div class='ocr_carea' id='block_1_46' title="bbox 519 4387 2095 4459">
    <p class='ocr_par' dir='ltr' id='par_1_46' title="bbox 519 4387 2095 4459">
     <span class='ocr_line' id='line_1_46' title="bbox 519 4387 2095 4459; baseline 0 -16"><span class='ocrx_word' id='word_1_363' title='bbox 519 4390 856 4444; x_wconf 89' lang='lat' dir='ltr'><strong>immaculata</strong></span> <span class='ocrx_word' id='word_1_364' title='bbox 882 4389 1168 4444; x_wconf 89' lang='lat' dir='ltr'><strong>obtulerat.</strong></span> <span class='ocrx_word' id='word_1_365' title='bbox 1213 4389 1436 4459; x_wconf 83' lang='lat' dir='ltr'><strong>Aspexit</strong></span> <span class='ocrx_word' id='word_1_366' title='bbox 1462 4388 1621 4459; x_wconf 87' lang='lat' dir='ltr'><strong>igitur</strong></span> <span class='ocrx_word' id='word_1_367' title='bbox 1648 4389 1712 4443; x_wconf 89' lang='lat' dir='ltr'><strong>ad</strong></span> <span class='ocrx_word' id='word_1_368' title='bbox 1738 4387 1908 4459; x_wconf 90' lang='lat' dir='ltr'><strong>ipsum</strong></span> <span class='ocrx_word' id='word_1_369' title='bbox 1926 4429 1942 4452; x_wconf 93' lang='lat'><strong>,</strong></span> <span class='ocrx_word' id='word_1_370' title='bbox 1973 4387 2095 4457; x_wconf 86' lang='lat' dir='ltr'><strong>quia</strong></span> 
     </span>
    </p>
   </div>
   <div class='ocr_carea' id='block_1_47' title="bbox 521 4480 2093 4562">
    <p class='ocr_par' dir='ltr' id='par_1_47' title="bbox 521 4480 2093 4562">
     <span class='ocr_line' id='line_1_47' title="bbox 521 4480 2093 4562; baseline 0.001 -27"><span class='ocrx_word' id='word_1_371' title='bbox 521 4496 653 4562; x_wconf 87' lang='lat' dir='ltr'><strong>sano</strong></span> <span class='ocrx_word' id='word_1_372' title='bbox 682 4491 735 4536; x_wconf 94' lang='lat' dir='ltr'><strong>et</strong></span> <span class='ocrx_word' id='word_1_373' title='bbox 759 4480 965 4536; x_wconf 89' lang='lat' dir='ltr'><strong>sincero</strong></span> <span class='ocrx_word' id='word_1_374' title='bbox 989 4483 1169 4537; x_wconf 89' lang='lat' dir='ltr'><strong>animo</strong></span> <span class='ocrx_word' id='word_1_375' title='bbox 1199 4482 1498 4549; x_wconf 87' lang='lat' dir='ltr'><strong>obtulerat;</strong></span> <span class='ocrx_word' id='word_1_376' title='bbox 1538 4491 1592 4537; x_wconf 93' lang='lat' dir='ltr'><strong>et</strong></span> <span class='ocrx_word' id='word_1_377' title='bbox 1619 4482 1686 4536; x_wconf 90' lang='lat' dir='ltr'><strong>ad</strong></span> <span class='ocrx_word' id='word_1_378' title='bbox 1714 4481 1853 4538; x_wconf 90' lang='lat' dir='ltr'><strong>dona</strong></span> <span class='ocrx_word' id='word_1_379' title='bbox 1882 4483 2058 4537; x_wconf 86' lang='lat' dir='ltr'><strong>oblata</strong></span> <span class='ocrx_word' id='word_1_380' title='bbox 2078 4522 2093 4547; x_wconf 94' lang='lat'><strong>,</strong></span> 
     </span>
    </p>
   </div>
   <div class='ocr_carea' id='block_1_48' title="bbox 519 4571 2098 4643">
    <p class='ocr_par' dir='ltr' id='par_1_48' title="bbox 519 4571 2098 4643">
     <span class='ocr_line' id='line_1_48' title="bbox 519 4571 2098 4643; baseline -0.001 -15"><span class='ocrx_word' id='word_1_381' title='bbox 519 4589 624 4628; x_wconf 89' lang='lat' dir='ltr'><strong>non</strong></span> <span class='ocrx_word' id='word_1_382' title='bbox 659 4572 799 4643; x_wconf 91' lang='lat' dir='ltr'><strong>quod</strong></span> <span class='ocrx_word' id='word_1_383' title='bbox 825 4573 985 4629; x_wconf 86' lang='lat' dir='ltr'><strong>nullis</strong></span> <span class='ocrx_word' id='word_1_384' title='bbox 1025 4573 1246 4628; x_wconf 89' lang='lat' dir='ltr'><strong>maculis</strong></span> <span class='ocrx_word' id='word_1_385' title='bbox 1291 4588 1505 4643; x_wconf 88' lang='lat' dir='ltr'><strong>aspersa</strong></span> <span class='ocrx_word' id='word_1_386' title='bbox 1550 4581 1790 4640; x_wconf 91' lang='lat' dir='ltr'><strong>tantum,</strong></span> <span class='ocrx_word' id='word_1_387' title='bbox 1833 4571 1926 4628; x_wconf 89' lang='lat' dir='ltr'><strong>sed</strong></span> <span class='ocrx_word' id='word_1_388' title='bbox 1953 4572 2098 4642; x_wconf 89' lang='lat' dir='ltr'><strong>quod</strong></span> 
     </span>
    </p>
   </div>
   <div class='ocr_carea' id='block_1_49' title="bbox 519 4661 2099 4734">
    <p class='ocr_par' dir='ltr' id='par_1_49' title="bbox 519 4661 2099 4734">
     <span class='ocr_line' id='line_1_49' title="bbox 519 4661 2099 4734; baseline -0.003 -13"><span class='ocrx_word' id='word_1_389' title='bbox 519 4666 664 4722; x_wconf 74' lang='lat' dir='ltr'><strong>enini</strong></span> <span class='ocrx_word' id='word_1_390' title='bbox 694 4680 761 4721; x_wconf 77' lang='lat' dir='ltr'><strong>ex</strong></span> <span class='ocrx_word' id='word_1_391' title='bbox 805 4673 953 4734; x_wconf 89' lang='lat' dir='ltr'><strong>parte</strong></span> <span class='ocrx_word' id='word_1_392' title='bbox 995 4665 1227 4734; x_wconf 87' lang='lat' dir='ltr'><strong>pretiosa</strong></span> <span class='ocrx_word' id='word_1_393' title='bbox 1258 4671 1442 4725; x_wconf 86' lang='lat' dir='ltr'><strong>erant.</strong></span> <span class='ocrx_word' id='word_1_394' title='bbox 1477 4671 1586 4717; x_wconf 90' lang='lat' dir='ltr'><strong>tum</strong></span> <span class='ocrx_word' id='word_1_395' title='bbox 1629 4665 1697 4718; x_wconf 93' lang='lat' dir='ltr'><strong>ob</strong></span> <span class='ocrx_word' id='word_1_396' title='bbox 1727 4671 1958 4718; x_wconf 88' lang='lat' dir='ltr'><strong>mentem</strong></span> <span class='ocrx_word' id='word_1_397' title='bbox 1982 4661 2099 4731; x_wconf 82' lang='lat' dir='ltr'><strong>ejus</strong></span> 
     </span>
    </p>
   </div>
   <div class='ocr_carea' id='block_1_50' title="bbox 518 4750 2098 4828">
    <p class='ocr_par' dir='ltr' id='par_1_50' title="bbox 518 4750 2098 4828">
     <span class='ocr_line' id='line_1_50' title="bbox 518 4750 2098 4828; baseline -0.003 -18"><span class='ocrx_word' id='word_1_398' title='bbox 518 4760 606 4828; x_wconf 83' lang='lat' dir='ltr'><strong>qui</strong></span> <span class='ocrx_word' id='word_1_399' title='bbox 654 4757 946 4823; x_wconf 89' lang='lat' dir='ltr'><strong>obtulerat,</strong></span> <span class='ocrx_word' id='word_1_400' title='bbox 991 4766 1101 4811; x_wconf 92' lang='lat' dir='ltr'><strong>tum</strong></span> <span class='ocrx_word' id='word_1_401' title='bbox 1138 4755 1278 4825; x_wconf 89' lang='lat' dir='ltr'><strong>quod</strong></span> <span class='ocrx_word' id='word_1_402' title='bbox 1329 4750 1676 4824; x_wconf 88' lang='lat' dir='ltr'><strong>primogenita</strong></span> <span class='ocrx_word' id='word_1_403' title='bbox 1724 4760 1908 4820; x_wconf 87' lang='lat' dir='ltr'><strong>erant,</strong></span> <span class='ocrx_word' id='word_1_404' title='bbox 1937 4761 1991 4807; x_wconf 87' lang='lat' dir='ltr'><strong>et</strong></span> <span class='ocrx_word' id='word_1_405' title='bbox 2033 4767 2098 4807; x_wconf 83' lang='lat' dir='ltr'><strong>ex</strong></span> 
     </span>
    </p>
   </div>
   <div class='ocr_carea' id='block_1_51' title="bbox 526 4843 2100 4914">
    <p class='ocr_par' dir='ltr' id='par_1_51' title="bbox 526 4843 2100 4914">
     <span class='ocr_line' id='line_1_51' title="bbox 526 4843 2100 4914; baseline -0.003 -14"><span class='ocrx_word' id='word_1_406' title='bbox 526 4847 629 4901; x_wconf 88' lang='lat' dir='ltr'><strong>illis</strong></span> <span class='ocrx_word' id='word_1_407' title='bbox 667 4845 1018 4907; x_wconf 88' lang='lat' dir='ltr'><strong>electissima,</strong></span> <span class='ocrx_word' id='word_1_408' title='bbox 1067 4853 1120 4899; x_wconf 91' lang='lat' dir='ltr'><strong>et</strong></span> <span class='ocrx_word' id='word_1_409' title='bbox 1147 4860 1214 4898; x_wconf 80' lang='lat' dir='ltr'><strong>ex</strong></span> <span class='ocrx_word' id='word_1_410' title='bbox 1259 4843 1503 4912; x_wconf 82' lang='lat' dir='ltr'><strong>adipibus</strong></span> <span class='ocrx_word' id='word_1_411' title='bbox 1548 4843 1710 4914; x_wconf 85' lang='lat' dir='ltr'><strong>ipsis,</strong></span> <span class='ocrx_word' id='word_1_412' title='bbox 1742 4843 1843 4896; x_wconf 82' lang='lat' dir='ltr'><strong>hoc</strong></span> <span class='ocrx_word' id='word_1_413' title='bbox 1888 4851 2004 4907; x_wconf 87' lang='lat' dir='ltr'><strong>est,</strong></span> <span class='ocrx_word' id='word_1_414' title='bbox 2032 4857 2100 4896; x_wconf 79' lang='lat' dir='ltr'><strong>cx</strong></span> 
     </span>
    </p>
   </div>
   <div class='ocr_carea' id='block_1_52' title="bbox 525 4933 2102 5006">
    <p class='ocr_par' dir='ltr' id='par_1_52' title="bbox 525 4933 2102 5006">
     <span class='ocr_line' id='line_1_52' title="bbox 525 4933 2102 5006; baseline -0.002 -17"><span class='ocrx_word' id='word_1_415' title='bbox 525 4937 736 5006; x_wconf 84' lang='lat' dir='ltr'><strong>optimis</strong></span> <span class='ocrx_word' id='word_1_416' title='bbox 764 4937 981 5004; x_wconf 84' lang='lat' dir='ltr'><strong>optima.</strong></span> <span class='ocrx_word' id='word_1_417' title='bbox 1009 4935 1076 4990; x_wconf 85' lang='lat' dir='ltr'><strong>Et</strong></span> <span class='ocrx_word' id='word_1_418' title='bbox 1118 4936 1310 5004; x_wconf 77' lang='lat' dir='ltr'><strong>aspexit</strong></span> <span class='ocrx_word' id='word_1_419' title='bbox 1338 4933 1473 4988; x_wconf 81' lang='lat' dir='ltr'><strong>Deus</strong></span> <span class='ocrx_word' id='word_1_420' title='bbox 1515 4935 1582 4988; x_wconf 87' lang='lat' dir='ltr'><strong>ad</strong></span> <span class='ocrx_word' id='word_1_421' title='bbox 1609 4933 1768 5000; x_wconf 77' lang='lat' dir='ltr'><strong>Abel,</strong></span> <span class='ocrx_word' id='word_1_422' title='bbox 1808 4943 1853 4987; x_wconf 85' lang='lat' dir='ltr'><strong>et</strong></span> <span class='ocrx_word' id='word_1_423' title='bbox 1877 4933 1944 4986; x_wconf 86' lang='lat' dir='ltr'><strong>ad</strong></span> <span class='ocrx_word' id='word_1_424' title='bbox 1971 4933 2102 4986; x_wconf 73' lang='lat' dir='ltr'><strong>dona</strong></span> 
     </span>
    </p>
   </div>
   <div class='ocr_carea' id='block_1_53' title="bbox 525 5025 2102 5095">
    <p class='ocr_par' dir='ltr' id='par_1_53' title="bbox 525 5025 2102 5095">
     <span class='ocr_line' id='line_1_53' title="bbox 525 5025 2102 5095; baseline -0.002 -14"><span class='ocrx_word' id='word_1_425' title='bbox 525 5029 722 5095; x_wconf 81' lang='lat' dir='ltr'><strong>ipsius:</strong></span> <span class='ocrx_word' id='word_1_426' title='bbox 752 5027 801 5081; x_wconf 66' lang='lat'><strong>5.</strong></span> <span class='ocrx_word' id='word_1_427' title='bbox 830 5027 898 5079; x_wconf 88' lang='lat' dir='ltr'><strong>ad</strong></span> <span class='ocrx_word' id='word_1_428' title='bbox 939 5025 1064 5081; x_wconf 81' lang='lat' dir='ltr'><strong>Cain</strong></span> <span class='ocrx_word' id='word_1_429' title='bbox 1098 5035 1265 5079; x_wconf 85' lang='lat' dir='ltr'><strong>autem</strong></span> <span class='ocrx_word' id='word_1_430' title='bbox 1293 5067 1308 5091; x_wconf 88' lang='lat'><strong>,</strong></span> <span class='ocrx_word' id='word_1_431' title='bbox 1347 5036 1393 5079; x_wconf 84' lang='lat' dir='ltr'><strong>et</strong></span> <span class='ocrx_word' id='word_1_432' title='bbox 1422 5027 1490 5079; x_wconf 79' lang='lat' dir='ltr'><strong>ad</strong></span> <span class='ocrx_word' id='word_1_433' title='bbox 1512 5025 1767 5095; x_wconf 84' lang='lat' dir='ltr'><strong>sacriﬁcia</strong></span> <span class='ocrx_word' id='word_1_434' title='bbox 1802 5025 1962 5095; x_wconf 87' lang='lat' dir='ltr'><strong>ipsius</strong></span> <span class='ocrx_word' id='word_1_435' title='bbox 2000 5041 2102 5079; x_wconf 81' lang='lat' dir='ltr'><strong>non</strong></span> 
     </span>
    </p>
   </div>
   <div class='ocr_carea' id='block_1_54' title="bbox 527 5115 2101 5183">
    <p class='ocr_par' dir='ltr' id='par_1_54' title="bbox 527 5115 2101 5183">
     <span class='ocr_line' id='line_1_54' title="bbox 527 5115 2101 5183; baseline 0 -13"><span class='ocrx_word' id='word_1_436' title='bbox 527 5117 755 5171; x_wconf 76' lang='lat' dir='ltr'><strong>attendit.</strong></span> <span class='ocrx_word' id='word_1_437' title='bbox 781 5116 915 5183; x_wconf 89' lang='lat' dir='ltr'><strong>Quid</strong></span> <span class='ocrx_word' id='word_1_438' title='bbox 942 5125 1081 5171; x_wconf 84' lang='lat' dir='ltr'><strong>recta</strong></span> <span class='ocrx_word' id='word_1_439' title='bbox 1105 5116 1428 5180; x_wconf 86' lang='lat' dir='ltr'><strong>intentione,</strong></span> <span class='ocrx_word' id='word_1_440' title='bbox 1454 5126 1506 5170; x_wconf 90' lang='lat' dir='ltr'><strong>et</strong></span> <span class='ocrx_word' id='word_1_441' title='bbox 1535 5115 1738 5170; x_wconf 86' lang='lat' dir='ltr'><strong>sincera</strong></span> <span class='ocrx_word' id='word_1_442' title='bbox 1761 5123 1937 5170; x_wconf 89' lang='lat' dir='ltr'><strong>mente</strong></span> <span class='ocrx_word' id='word_1_443' title='bbox 1956 5115 2101 5170; x_wconf 85' lang='lat' dir='ltr'><strong>obtu-</strong></span> 
     </span>
    </p>
   </div>
   <div class='ocr_carea' id='block_1_55' title="bbox 529 5195 2100 5280">
    <p class='ocr_par' dir='ltr' id='par_1_55' title="bbox 529 5195 2100 5280">
     <span class='ocr_line' id='line_1_55' title="bbox 529 5195 2100 5280; baseline 0.001 -16"><span class='ocrx_word' id='word_1_444' title='bbox 529 5212 663 5265; x_wconf 88' lang='lat' dir='ltr'><strong>letat</strong></span> <span class='ocrx_word' id='word_1_445' title='bbox 709 5209 876 5275; x_wconf 80' lang='lat' dir='ltr'><strong>Abel,</strong></span> <span class='ocrx_word' id='word_1_446' title='bbox 907 5195 1147 5280; x_wconf 69' lang='lat' dir='ltr'><strong>Aspexit,</strong></span> <span class='ocrx_word' id='word_1_447' title='bbox 1189 5208 1388 5278; x_wconf 86' lang='lat' dir='ltr'><strong>inquit,</strong></span> <span class='ocrx_word' id='word_1_448' title='bbox 1416 5207 1590 5271; x_wconf 84' lang='lat' dir='ltr'><strong>Deus,</strong></span> <span class='ocrx_word' id='word_1_449' title='bbox 1647 5207 1747 5261; x_wconf 84' lang='lat' dir='ltr'><strong>hoc</strong></span> <span class='ocrx_word' id='word_1_450' title='bbox 1786 5218 1905 5272; x_wconf 79' lang='lat' dir='ltr'><strong>est,</strong></span> <span class='ocrx_word' id='word_1_451' title='bbox 1943 5222 2100 5265; x_wconf 70' lang='lat' dir='ltr'><strong>accc-</strong></span> 
     </span>
    </p>
   </div>
   <div class='ocr_carea' id='block_1_56' title="bbox 529 5297 2101 5371">
    <p class='ocr_par' dir='ltr' id='par_1_56' title="bbox 529 5297 2101 5371">
     <span class='ocr_line' id='line_1_56' title="bbox 529 5297 2101 5371; baseline -0.003 -19"><span class='ocrx_word' id='word_1_452' title='bbox 529 5302 638 5371; x_wconf 88' lang='lat' dir='ltr'><strong>pit,</strong></span> <span class='ocrx_word' id='word_1_453' title='bbox 669 5307 876 5369; x_wconf 82' lang='lat' dir='ltr'><strong>gratum</strong></span> <span class='ocrx_word' id='word_1_454' title='bbox 901 5297 1115 5362; x_wconf 79' lang='lat' dir='ltr'><strong>habuit,</strong></span> <span class='ocrx_word' id='word_1_455' title='bbox 1145 5297 1375 5352; x_wconf 85' lang='lat' dir='ltr'><strong>laudavit</strong></span> <span class='ocrx_word' id='word_1_456' title='bbox 1402 5313 1417 5362; x_wconf 87' lang='lat'><strong>;</strong></span> <span class='ocrx_word' id='word_1_457' title='bbox 1444 5306 1698 5351; x_wconf 65' lang='lat' dir='ltr'><strong>ueterum</strong></span> <span class='ocrx_word' id='word_1_458' title='bbox 1740 5297 1913 5351; x_wconf 84' lang='lat' dir='ltr'><strong>oblata</strong></span> <span class='ocrx_word' id='word_1_459' title='bbox 1942 5310 2101 5350; x_wconf 78' lang='lat' dir='ltr'><strong>voca-</strong></span> 
     </span>
    </p>
   </div>
   <div class='ocr_carea' id='block_1_57' title="bbox 535 5387 2100 5460">
    <p class='ocr_par' dir='ltr' id='par_1_57' title="bbox 535 5387 2100 5460">
     <span class='ocr_line' id='line_1_57' title="bbox 535 5387 2100 5460; baseline -0.004 -15"><span class='ocrx_word' id='word_1_460' title='bbox 535 5393 608 5445; x_wconf 81' lang='lat' dir='ltr'><strong>vit</strong></span> <span class='ocrx_word' id='word_1_461' title='bbox 655 5392 827 5458; x_wconf 91' lang='lat' dir='ltr'><strong>dona,</strong></span> <span class='ocrx_word' id='word_1_462' title='bbox 898 5399 955 5445; x_wconf 92' lang='lat' dir='ltr'><strong>ut</strong></span> <span class='ocrx_word' id='word_1_463' title='bbox 1006 5404 1100 5460; x_wconf 87' lang='lat' dir='ltr'><strong>per</strong></span> <span class='ocrx_word' id='word_1_464' title='bbox 1147 5389 1251 5444; x_wconf 86' lang='lat' dir='ltr'><strong>hoc</strong></span> <span class='ocrx_word' id='word_1_465' title='bbox 1307 5388 1581 5444; x_wconf 78' lang='lat' dir='ltr'><strong>offerentis</strong></span> <span class='ocrx_word' id='word_1_466' title='bbox 1624 5388 1800 5441; x_wconf 88' lang='lat' dir='ltr'><strong>animo</strong></span> <span class='ocrx_word' id='word_1_467' title='bbox 1849 5387 2100 5453; x_wconf 83' lang='lat' dir='ltr'><strong>majorem</strong></span> 
     </span>
    </p>
   </div>
   <div class='ocr_carea' id='block_1_58' title="bbox 1195 306 3010 374">
    <p class='ocr_par' dir='ltr' id='par_1_58' title="bbox 1195 306 3010 374">
     <span class='ocr_line' id='line_1_58' title="bbox 1195 306 3010 374; baseline 0.001 -1"><span class='ocrx_word' id='word_1_468' title='bbox 1195 312 1252 372; x_wconf 83' lang='lat' dir='ltr'><strong>S.</strong></span> <span class='ocrx_word' id='word_1_469' title='bbox 1294 311 1572 373; x_wconf 72' lang='lat' dir='ltr'><strong>JOANNIS</strong></span> <span class='ocrx_word' id='word_1_470' title='bbox 1604 306 2075 370; x_wconf 67' lang='lat' dir='ltr'><strong>CIIRYSOSTUMI</strong></span> <span class='ocrx_word' id='word_1_471' title='bbox 2114 307 2434 368; x_wconf 75' lang='lat' dir='ltr'><strong>ARCHIEP.</strong></span> <span class='ocrx_word' id='word_1_472' title='bbox 2473 312 3010 374; x_wconf 73' lang='lat' dir='ltr'><strong>CONSTAN‘I&#39;INOP.</strong></span> 
     </span>
    </p>
   </div>
   <div class='ocr_carea' id='block_1_59' title="bbox 2180 425 3778 496">
    <p class='ocr_par' dir='ltr' id='par_1_59' title="bbox 2180 425 3778 496">
     <span class='ocr_line' id='line_1_59' title="bbox 2180 425 3778 496; baseline 0 -14"><span class='ocrx_word' id='word_1_473' title='bbox 2180 428 2308 483; x_wconf 89' lang='lat' dir='ltr'><strong>tiam</strong></span> <span class='ocrx_word' id='word_1_474' title='bbox 2335 430 2376 483; x_wconf 84' lang='lat'><strong>‘.</strong></span> <span class='ocrx_word' id='word_1_475' title='bbox 2401 427 2534 484; x_wconf 87' lang='lat' dir='ltr'><strong>Cum</strong></span> <span class='ocrx_word' id='word_1_476' title='bbox 2562 429 2712 492; x_wconf 74' lang='lat' dir='ltr'><strong>dixit.</strong></span> <span class='ocrx_word' id='word_1_477' title='bbox 2744 427 2866 484; x_wconf 68' lang='lat' dir='ltr'><strong>Non</strong></span> <span class='ocrx_word' id='word_1_478' title='bbox 2887 427 3120 493; x_wconf 73' lang='lat' dir='ltr'><strong>attendit,</strong></span> <span class='ocrx_word' id='word_1_479' title='bbox 3153 425 3471 484; x_wconf 68' lang='lat' dir='ltr'><strong>monstravit</strong></span> <span class='ocrx_word' id='word_1_480' title='bbox 3505 425 3778 496; x_wconf 72' lang='lat' dir='ltr'><strong>reproba-</strong></span> 
     </span>
    </p>
   </div>
   <div class='ocr_carea' id='block_1_60' title="bbox 2176 513 3780 576">
    <p class='ocr_par' dir='ltr' id='par_1_60' title="bbox 2176 513 3780 576">
     <span class='ocr_line' id='line_1_60' title="bbox 2176 513 3780 576; baseline -0.001 -4"><span class='ocrx_word' id='word_1_481' title='bbox 2176 520 2374 573; x_wconf 90' lang='lat' dir='ltr'><strong>tionem</strong></span> <span class='ocrx_word' id='word_1_482' title='bbox 2401 519 2737 576; x_wconf 87' lang='lat' dir='ltr'><strong>oblatorum:</strong></span> <span class='ocrx_word' id='word_1_483' title='bbox 2765 529 2962 574; x_wconf 87' lang='lat' dir='ltr'><strong>etcum</strong></span> <span class='ocrx_word' id='word_1_484' title='bbox 2983 516 3282 573; x_wconf 86' lang='lat' dir='ltr'><strong>oblationes</strong></span> <span class='ocrx_word' id='word_1_485' title='bbox 3309 513 3580 573; x_wconf 69' lang='lat' dir='ltr'><strong>fructuum</strong></span> <span class='ocrx_word' id='word_1_486' title='bbox 3600 524 3780 572; x_wconf 71' lang='lat' dir='ltr'><strong>terra</strong></span> 
     </span>
    </p>
   </div>
   <div class='ocr_carea' id='block_1_61' title="bbox 2173 603 3781 677">
    <p class='ocr_par' dir='ltr' id='par_1_61' title="bbox 2173 603 3781 677">
     <span class='ocr_line' id='line_1_61' title="bbox 2173 603 3781 677; baseline -0.003 -12"><span class='ocrx_word' id='word_1_487' title='bbox 2173 610 2432 667; x_wconf 86' lang='lat' dir='ltr'><strong>sacriﬁcia</strong></span> <span class='ocrx_word' id='word_1_488' title='bbox 2481 621 2671 677; x_wconf 88' lang='lat' dir='ltr'><strong>vocat,</strong></span> <span class='ocrx_word' id='word_1_489' title='bbox 2718 610 2863 666; x_wconf 90' lang='lat' dir='ltr'><strong>aliud</strong></span> <span class='ocrx_word' id='word_1_490' title='bbox 2916 624 3015 665; x_wconf 89' lang='lat' dir='ltr'><strong>nos</strong></span> <span class='ocrx_word' id='word_1_491' title='bbox 3068 607 3243 664; x_wconf 89' lang='lat' dir='ltr'><strong>docet.</strong></span> <span class='ocrx_word' id='word_1_492' title='bbox 3295 605 3435 663; x_wconf 83' lang='lat' dir='ltr'><strong>Vide</strong></span> <span class='ocrx_word' id='word_1_493' title='bbox 3487 603 3781 677; x_wconf 77' lang='lat' dir='ltr'><strong>quomodo</strong></span> 
     </span>
    </p>
   </div>
   <div class='ocr_carea' id='block_1_62' title="bbox 2178 693 3780 771">
    <p class='ocr_par' dir='ltr' id='par_1_62' title="bbox 2178 693 3780 771">
     <span class='ocr_line' id='line_1_62' title="bbox 2178 693 3780 771; baseline -0.004 -15"><span class='ocrx_word' id='word_1_494' title='bbox 2178 716 2273 771; x_wconf 89' lang='lat' dir='ltr'><strong>per</strong></span> <span class='ocrx_word' id='word_1_495' title='bbox 2314 700 2453 756; x_wconf 84' lang='lat' dir='ltr'><strong>facta</strong></span> <span class='ocrx_word' id='word_1_496' title='bbox 2490 710 2545 756; x_wconf 91' lang='lat' dir='ltr'><strong>et</strong></span> <span class='ocrx_word' id='word_1_497' title='bbox 2592 701 2755 756; x_wconf 87' lang='lat' dir='ltr'><strong>verba</strong></span> <span class='ocrx_word' id='word_1_498' title='bbox 2784 701 2898 771; x_wconf 86' lang='lat' dir='ltr'><strong>ipsa</strong></span> <span class='ocrx_word' id='word_1_499' title='bbox 2947 699 3141 755; x_wconf 87' lang='lat' dir='ltr'><strong>doceat</strong></span> <span class='ocrx_word' id='word_1_500' title='bbox 3192 696 3492 762; x_wconf 83' lang='lat' dir='ltr'><strong>Dominus,</strong></span> <span class='ocrx_word' id='word_1_501' title='bbox 3536 710 3602 750; x_wconf 88' lang='lat' dir='ltr'><strong>se</strong></span> <span class='ocrx_word' id='word_1_502' title='bbox 3647 693 3780 751; x_wconf 66' lang='lat' dir='ltr'><strong>hac</strong></span> 
     </span>
    </p>
   </div>
   <div class='ocr_carea' id='block_1_63' title="bbox 2183 784 3782 860">
    <p class='ocr_par' dir='ltr' id='par_1_63' title="bbox 2183 784 3782 860">
     <span class='ocr_line' id='line_1_63' title="bbox 2183 784 3782 860; baseline -0.003 -15"><span class='ocrx_word' id='word_1_503' title='bbox 2183 791 2360 846; x_wconf 85' lang='lat' dir='ltr'><strong>omnia</strong></span> <span class='ocrx_word' id='word_1_504' title='bbox 2405 805 2437 846; x_wconf 86' lang='lat' dir='ltr'><strong>a</strong></span> <span class='ocrx_word' id='word_1_505' title='bbox 2481 791 2638 846; x_wconf 89' lang='lat' dir='ltr'><strong>nobis</strong></span> <span class='ocrx_word' id='word_1_506' title='bbox 2669 790 2805 845; x_wconf 83' lang='lat' dir='ltr'><strong>velle</strong></span> <span class='ocrx_word' id='word_1_507' title='bbox 2835 789 3072 860; x_wconf 60' lang='lat' dir='ltr'><strong>praeteri</strong></span> <span class='ocrx_word' id='word_1_508' title='bbox 3097 829 3113 852; x_wconf 94' lang='lat'><strong>,</strong></span> <span class='ocrx_word' id='word_1_509' title='bbox 3161 797 3221 842; x_wconf 84' lang='lat' dir='ltr'><strong>ut</strong></span> <span class='ocrx_word' id='word_1_510' title='bbox 3259 785 3424 843; x_wconf 86' lang='lat' dir='ltr'><strong>animi</strong></span> <span class='ocrx_word' id='word_1_511' title='bbox 3449 784 3625 842; x_wconf 83' lang='lat' dir='ltr'><strong>nostri</strong></span> <span class='ocrx_word' id='word_1_512' title='bbox 3669 799 3782 855; x_wconf 80' lang='lat' dir='ltr'><strong>per</strong></span> 
     </span>
    </p>
   </div>
   <div class='ocr_carea' id='block_1_64' title="bbox 2177 875 3783 952">
    <p class='ocr_par' dir='ltr' id='par_1_64' title="bbox 2177 875 3783 952">
     <span class='ocr_line' id='line_1_64' title="bbox 2177 875 3783 952; baseline -0.005 -16"><span class='ocrx_word' id='word_1_513' title='bbox 2177 897 2240 936; x_wconf 87' lang='lat' dir='ltr'><strong>ea</strong></span> <span class='ocrx_word' id='word_1_514' title='bbox 2282 896 2402 952; x_wconf 66' lang='lat' dir='ltr'><strong>qua:</strong></span> <span class='ocrx_word' id='word_1_515' title='bbox 2437 894 2467 935; x_wconf 92' lang='lat' dir='ltr'><strong>a</strong></span> <span class='ocrx_word' id='word_1_516' title='bbox 2513 880 2664 935; x_wconf 89' lang='lat' dir='ltr'><strong>nobis</strong></span> <span class='ocrx_word' id='word_1_517' title='bbox 2707 880 2880 945; x_wconf 87' lang='lat' dir='ltr'><strong>ﬁunt,</strong></span> <span class='ocrx_word' id='word_1_518' title='bbox 2926 876 3194 934; x_wconf 82' lang='lat' dir='ltr'><strong>manifesti</strong></span> <span class='ocrx_word' id='word_1_519' title='bbox 3238 875 3568 942; x_wconf 81' lang='lat' dir='ltr'><strong>reddantur,</strong></span> <span class='ocrx_word' id='word_1_520' title='bbox 3614 881 3673 930; x_wconf 84' lang='lat' dir='ltr'><strong>et</strong></span> <span class='ocrx_word' id='word_1_521' title='bbox 3715 883 3783 929; x_wconf 80' lang='lat' dir='ltr'><strong>ut</strong></span> 
     </span>
    </p>
   </div>
   <div class='ocr_carea' id='block_1_65' title="bbox 2176 960 3777 1026">
    <p class='ocr_par' dir='ltr' id='par_1_65' title="bbox 2176 960 3777 1026">
     <span class='ocr_line' id='line_1_65' title="bbox 2176 960 3777 1026; baseline -0.004 -1"><span class='ocrx_word' id='word_1_522' title='bbox 2176 971 2411 1026; x_wconf 88' lang='lat' dir='ltr'><strong>sciamus</strong></span> <span class='ocrx_word' id='word_1_523' title='bbox 2445 982 2545 1026; x_wconf 88' lang='lat' dir='ltr'><strong>nos</strong></span> <span class='ocrx_word' id='word_1_524' title='bbox 2589 970 2866 1025; x_wconf 88' lang='lat' dir='ltr'><strong>Dominum</strong></span> <span class='ocrx_word' id='word_1_525' title='bbox 2921 967 3122 1024; x_wconf 89' lang='lat' dir='ltr'><strong>habere</strong></span> <span class='ocrx_word' id='word_1_526' title='bbox 3150 976 3209 1024; x_wconf 91' lang='lat' dir='ltr'><strong>et</strong></span> <span class='ocrx_word' id='word_1_527' title='bbox 3247 965 3592 1022; x_wconf 75' lang='lat' dir='ltr'><strong>Conditorem</strong></span> <span class='ocrx_word' id='word_1_528' title='bbox 3631 960 3777 1020; x_wconf 76' lang='lat' dir='ltr'><strong>eum</strong></span> 
     </span>
    </p>
   </div>
   <div class='ocr_carea' id='block_1_66' title="bbox 2177 1054 3778 1130">
    <p class='ocr_par' dir='ltr' id='par_1_66' title="bbox 2177 1054 3778 1130">
     <span class='ocr_line' id='line_1_66' title="bbox 2177 1054 3778 1130; baseline -0.005 -14"><span class='ocrx_word' id='word_1_529' title='bbox 2177 1061 2269 1130; x_wconf 88' lang='lat' dir='ltr'><strong>qui</strong></span> <span class='ocrx_word' id='word_1_530' title='bbox 2297 1059 2579 1116; x_wconf 75' lang='lat' dir='ltr'><strong>ex&#39;nihilo</strong></span> <span class='ocrx_word' id='word_1_531' title='bbox 2608 1074 2706 1114; x_wconf 85' lang='lat' dir='ltr'><strong>nos</strong></span> <span class='ocrx_word' id='word_1_532' title='bbox 2729 1067 2788 1116; x_wconf 90' lang='lat' dir='ltr'><strong>ut</strong></span> <span class='ocrx_word' id='word_1_533' title='bbox 2834 1072 3075 1115; x_wconf 84' lang='lat' dir='ltr'><strong>essemus</strong></span> <span class='ocrx_word' id='word_1_534' title='bbox 3121 1056 3386 1127; x_wconf 77' lang='lat' dir='ltr'><strong>produxit.</strong></span> <span class='ocrx_word' id='word_1_535' title='bbox 3432 1054 3577 1110; x_wconf 82' lang='lat' dir='ltr'><strong>Oves</strong></span> <span class='ocrx_word' id='word_1_536' title='bbox 3619 1054 3778 1110; x_wconf 63' lang='lat' dir='ltr'><strong>«nisu</strong></span> 
     </span>
    </p>
   </div>
   <div class='ocr_carea' id='block_1_67' title="bbox 2182 1146 3780 1216">
    <p class='ocr_par' dir='ltr' id='par_1_67' title="bbox 2182 1146 3780 1216">
     <span class='ocr_line' id='line_1_67' title="bbox 2182 1146 3780 1216; baseline -0.006 -11"><span class='ocrx_word' id='word_1_537' title='bbox 2182 1163 2403 1206; x_wconf 83' lang='lat' dir='ltr'><strong>munera</strong></span> <span class='ocrx_word' id='word_1_538' title='bbox 2449 1148 2772 1204; x_wconf 88' lang='lat' dir='ltr'><strong>nominando</strong></span> <span class='ocrx_word' id='word_1_539' title='bbox 2817 1147 2996 1203; x_wconf 88' lang='lat' dir='ltr'><strong>divina</strong></span> <span class='ocrx_word' id='word_1_540' title='bbox 3038 1146 3345 1216; x_wconf 86' lang='lat' dir='ltr'><strong>Scriptura.</strong></span> <span class='ocrx_word' id='word_1_541' title='bbox 3379 1153 3534 1200; x_wconf 77' lang='lat' dir='ltr'><strong>terra:</strong></span> <span class='ocrx_word' id='word_1_542' title='bbox 3586 1151 3780 1198; x_wconf 81' lang='lat' dir='ltr'><strong>autem</strong></span> 
     </span>
    </p>
   </div>
   <div class='ocr_carea' id='block_1_68' title="bbox 2181 1232 3778 1308">
    <p class='ocr_par' dir='ltr' id='par_1_68' title="bbox 2181 1232 3778 1308">
     <span class='ocr_line' id='line_1_68' title="bbox 2181 1232 3778 1308; baseline -0.006 -14"><span class='ocrx_word' id='word_1_543' title='bbox 2181 1238 2385 1296; x_wconf 89' lang='lat' dir='ltr'><strong>fructus</strong></span> <span class='ocrx_word' id='word_1_544' title='bbox 2417 1237 2675 1294; x_wconf 87' lang='lat' dir='ltr'><strong>sacriﬁcia</strong></span> <span class='ocrx_word' id='word_1_545' title='bbox 2727 1235 3047 1308; x_wconf 87' lang='lat' dir='ltr'><strong>appellando</strong></span> <span class='ocrx_word' id='word_1_546' title='bbox 3069 1275 3086 1303; x_wconf 97' lang='lat'><strong>,</strong></span> <span class='ocrx_word' id='word_1_547' title='bbox 3139 1235 3296 1290; x_wconf 88' lang='lat' dir='ltr'><strong>docet</strong></span> <span class='ocrx_word' id='word_1_548' title='bbox 3316 1248 3415 1289; x_wconf 88' lang='lat' dir='ltr'><strong>nos</strong></span> <span class='ocrx_word' id='word_1_549' title='bbox 3479 1232 3778 1287; x_wconf 83' lang='lat' dir='ltr'><strong>Dominum</strong></span> 
     </span>
    </p>
   </div>
   <div class='ocr_carea' id='block_1_69' title="bbox 2183 1321 3784 1399">
    <p class='ocr_par' dir='ltr' id='par_1_69' title="bbox 2183 1321 3784 1399">
     <span class='ocr_line' id='line_1_69' title="bbox 2183 1321 3784 1399; baseline -0.004 -16"><span class='ocrx_word' id='word_1_550' title='bbox 2183 1344 2355 1399; x_wconf 83' lang='lat' dir='ltr'><strong>neque</strong></span> <span class='ocrx_word' id='word_1_551' title='bbox 2383 1337 2440 1384; x_wconf 93' lang='lat' dir='ltr'><strong>ut</strong></span> <span class='ocrx_word' id='word_1_552' title='bbox 2482 1327 2635 1383; x_wconf 90' lang='lat' dir='ltr'><strong>bruta</strong></span> <span class='ocrx_word' id='word_1_553' title='bbox 2659 1327 3017 1390; x_wconf 89' lang='lat' dir='ltr'><strong>adducantur,</strong></span> <span class='ocrx_word' id='word_1_554' title='bbox 3062 1340 3235 1395; x_wconf 87' lang='lat' dir='ltr'><strong>neque</strong></span> <span class='ocrx_word' id='word_1_555' title='bbox 3276 1332 3519 1380; x_wconf 67' lang='lat' dir='ltr'><strong>utterrte</strong></span> <span class='ocrx_word' id='word_1_556' title='bbox 3563 1321 3784 1377; x_wconf 68' lang='lat' dir='ltr'><strong>hctus</strong></span> 
     </span>
    </p>
   </div>
   <div class='ocr_carea' id='block_1_70' title="bbox 2181 1414 3781 1486">
    <p class='ocr_par' dir='ltr' id='par_1_70' title="bbox 2181 1414 3781 1486">
     <span class='ocr_line' id='line_1_70' title="bbox 2181 1414 3781 1486; baseline -0.006 -11"><span class='ocrx_word' id='word_1_557' title='bbox 2181 1420 2477 1476; x_wconf 81' lang='lat' dir='ltr'><strong>oﬁ‘erantur</strong></span> <span class='ocrx_word' id='word_1_558' title='bbox 2497 1461 2513 1486; x_wconf 89' lang='lat'><strong>,</strong></span> <span class='ocrx_word' id='word_1_559' title='bbox 2544 1419 2637 1475; x_wconf 85' lang='lat' dir='ltr'><strong>sed</strong></span> <span class='ocrx_word' id='word_1_560' title='bbox 2668 1427 2872 1474; x_wconf 88' lang='lat' dir='ltr'><strong>tantum</strong></span> <span class='ocrx_word' id='word_1_561' title='bbox 2916 1417 3110 1472; x_wconf 90' lang='lat' dir='ltr'><strong>mentis</strong></span> <span class='ocrx_word' id='word_1_562' title='bbox 3143 1414 3478 1470; x_wconf 72' lang='lat' dir='ltr'><strong>aﬁectionem</strong></span> <span class='ocrx_word' id='word_1_563' title='bbox 3504 1426 3781 1483; x_wconf 62' lang='lat' dir='ltr'><strong>querere.</strong></span> 
     </span>
    </p>
   </div>
   <div class='ocr_carea' id='block_1_71' title="bbox 2183 1502 3778 1579">
    <p class='ocr_par' dir='ltr' id='par_1_71' title="bbox 2183 1502 3778 1579">
     <span class='ocr_line' id='line_1_71' title="bbox 2183 1502 3778 1579; baseline -0.006 -11"><span class='ocrx_word' id='word_1_564' title='bbox 2183 1510 2338 1568; x_wconf 86' lang='lat' dir='ltr'><strong>Unde</strong></span> <span class='ocrx_word' id='word_1_565' title='bbox 2363 1519 2419 1565; x_wconf 91' lang='lat' dir='ltr'><strong>et</strong></span> <span class='ocrx_word' id='word_1_566' title='bbox 2446 1524 2588 1564; x_wconf 90' lang='lat' dir='ltr'><strong>nunc</strong></span> <span class='ocrx_word' id='word_1_567' title='bbox 2615 1517 2832 1579; x_wconf 85' lang='lat' dir='ltr'><strong>propter</strong></span> <span class='ocrx_word' id='word_1_568' title='bbox 2859 1506 3055 1563; x_wconf 89' lang='lat' dir='ltr'><strong>mentis</strong></span> <span class='ocrx_word' id='word_1_569' title='bbox 3074 1503 3409 1561; x_wconf 80' lang='lat' dir='ltr'><strong>affectionem</strong></span> <span class='ocrx_word' id='word_1_570' title='bbox 3432 1503 3526 1559; x_wconf 88' lang='lat' dir='ltr'><strong>ille</strong></span> <span class='ocrx_word' id='word_1_571' title='bbox 3547 1502 3778 1574; x_wconf 78' lang='lat' dir='ltr'><strong>quidem</strong></span> 
     </span>
    </p>
   </div>
   <div class='ocr_carea' id='block_1_72' title="bbox 2183 1593 3789 1670">
    <p class='ocr_par' dir='ltr' id='par_1_72' title="bbox 2183 1593 3789 1670">
     <span class='ocr_line' id='line_1_72' title="bbox 2183 1593 3789 1670; baseline -0.004 -13"><span class='ocrx_word' id='word_1_572' title='bbox 2183 1617 2304 1657; x_wconf 92' lang='lat' dir='ltr'><strong>eum</strong></span> <span class='ocrx_word' id='word_1_573' title='bbox 2332 1601 2490 1656; x_wconf 90' lang='lat' dir='ltr'><strong>donis</strong></span> <span class='ocrx_word' id='word_1_574' title='bbox 2532 1600 2854 1670; x_wconf 86' lang='lat' dir='ltr'><strong>approbatus</strong></span> <span class='ocrx_word' id='word_1_575' title='bbox 2882 1605 3002 1664; x_wconf 85' lang='lat' dir='ltr'><strong>est,</strong></span> <span class='ocrx_word' id='word_1_576' title='bbox 3028 1605 3084 1651; x_wconf 90' lang='lat' dir='ltr'><strong>et</strong></span> <span class='ocrx_word' id='word_1_577' title='bbox 3122 1603 3307 1666; x_wconf 89' lang='lat' dir='ltr'><strong>gratus</strong></span> <span class='ocrx_word' id='word_1_578' title='bbox 3335 1593 3435 1649; x_wconf 77' lang='lat' dir='ltr'><strong>fuit</strong></span> <span class='ocrx_word' id='word_1_579' title='bbox 3458 1609 3480 1647; x_wconf 92' lang='lat'><strong>:</strong></span> <span class='ocrx_word' id='word_1_580' title='bbox 3509 1593 3615 1650; x_wconf 83' lang='lat' dir='ltr'><strong>iste</strong></span> <span class='ocrx_word' id='word_1_581' title='bbox 3644 1606 3789 1650; x_wconf 74' lang='lat' dir='ltr'><strong>vero</strong></span> 
     </span>
    </p>
   </div>
   <div class='ocr_carea' id='block_1_73' title="bbox 2182 1683 3790 1759">
    <p class='ocr_par' dir='ltr' id='par_1_73' title="bbox 2182 1683 3790 1759">
     <span class='ocr_line' id='line_1_73' title="bbox 2182 1683 3790 1759; baseline -0.007 -10"><span class='ocrx_word' id='word_1_582' title='bbox 2182 1709 2303 1749; x_wconf 90' lang='lat' dir='ltr'><strong>cum</strong></span> <span class='ocrx_word' id='word_1_583' title='bbox 2329 1691 2593 1748; x_wconf 87' lang='lat' dir='ltr'><strong>sacriﬁcio</strong></span> <span class='ocrx_word' id='word_1_584' title='bbox 2611 1705 2710 1746; x_wconf 86' lang='lat' dir='ltr'><strong>suo</strong></span> <span class='ocrx_word' id='word_1_585' title='bbox 2729 1689 2961 1759; x_wconf 88' lang='lat' dir='ltr'><strong>rejectus</strong></span> <span class='ocrx_word' id='word_1_586' title='bbox 2975 1695 3078 1744; x_wconf 89' lang='lat' dir='ltr'><strong>est.</strong></span> <span class='ocrx_word' id='word_1_587' title='bbox 3099 1686 3228 1742; x_wconf 88' lang='lat' dir='ltr'><strong>illud</strong></span> <span class='ocrx_word' id='word_1_588' title='bbox 3250 1693 3425 1741; x_wconf 88' lang='lat' dir='ltr'><strong>autem</strong></span> <span class='ocrx_word' id='word_1_589' title='bbox 3441 1727 3458 1754; x_wconf 92' lang='lat'><strong>,</strong></span> <span class='ocrx_word' id='word_1_590' title='bbox 3478 1685 3687 1755; x_wconf 70' lang='lat' dir='ltr'><strong>Aspas&#39;t</strong></span> <span class='ocrx_word' id='word_1_591' title='bbox 3708 1683 3790 1738; x_wconf 70' lang='lat' dir='ltr'><strong>ad</strong></span> 
     </span>
    </p>
   </div>
   <div class='ocr_carea' id='block_1_74' title="bbox 2184 1773 3788 1850">
    <p class='ocr_par' dir='ltr' id='par_1_74' title="bbox 2184 1773 3788 1850">
     <span class='ocr_line' id='line_1_74' title="bbox 2184 1773 3788 1850; baseline -0.007 -12"><span class='ocrx_word' id='word_1_592' title='bbox 2184 1783 2337 1850; x_wconf 81' lang='lat' dir='ltr'><strong>Abel,</strong></span> <span class='ocrx_word' id='word_1_593' title='bbox 2366 1773 3574 1848; x_wconf 77' lang='lat' dir='ltr'><strong>etadmuneraipsius,adCainauteut,etad</strong></span> <span class='ocrx_word' id='word_1_594' title='bbox 3621 1773 3788 1827; x_wconf 76' lang='lat' dir='ltr'><strong>sacri-</strong></span> 
     </span>
    </p>
   </div>
   <div class='ocr_carea' id='block_1_75' title="bbox 2187 1864 3786 1946">
    <p class='ocr_par' dir='ltr' id='par_1_75' title="bbox 2187 1864 3786 1946">
     <span class='ocr_line' id='line_1_75' title="bbox 2187 1864 3786 1946; baseline -0.008 -15"><span class='ocrx_word' id='word_1_595' title='bbox 2187 1876 2306 1946; x_wconf 75' lang='lat' dir='ltr'><strong>ﬁcia</strong></span> <span class='ocrx_word' id='word_1_596' title='bbox 2347 1875 2486 1929; x_wconf 85' lang='lat' dir='ltr'><strong>illius</strong></span> <span class='ocrx_word' id='word_1_597' title='bbox 2527 1890 2631 1927; x_wconf 82' lang='lat' dir='ltr'><strong>non</strong></span> <span class='ocrx_word' id='word_1_598' title='bbox 2677 1871 2924 1938; x_wconf 75' lang='lat' dir='ltr'><strong>attendit,</strong></span> <span class='ocrx_word' id='word_1_599' title='bbox 2972 1870 3045 1924; x_wconf 90' lang='lat' dir='ltr'><strong>ita</strong></span> <span class='ocrx_word' id='word_1_600' title='bbox 3094 1867 3457 1938; x_wconf 81' lang='lat' dir='ltr'><strong>intelligamus</strong></span> <span class='ocrx_word' id='word_1_601' title='bbox 3501 1872 3564 1920; x_wconf 90' lang='lat' dir='ltr'><strong>ut</strong></span> <span class='ocrx_word' id='word_1_602' title='bbox 3607 1864 3786 1920; x_wconf 79' lang='lat' dir='ltr'><strong>Deum</strong></span> 
     </span>
    </p>
   </div>
   <div class='ocr_carea' id='block_1_76' title="bbox 2187 1955 3786 2027">
    <p class='ocr_par' dir='ltr' id='par_1_76' title="bbox 2187 1955 3786 2027">
     <span class='ocr_line' id='line_1_76' title="bbox 2187 1955 3786 2027; baseline -0.006 -6"><span class='ocrx_word' id='word_1_603' title='bbox 2187 1965 2362 2022; x_wconf 86' lang='lat' dir='ltr'><strong>decet.</strong></span> <span class='ocrx_word' id='word_1_604' title='bbox 2395 1963 2524 2019; x_wconf 91' lang='lat' dir='ltr'><strong>Vult</strong></span> <span class='ocrx_word' id='word_1_605' title='bbox 2550 1963 2693 2019; x_wconf 88' lang='lat' dir='ltr'><strong>enim</strong></span> <span class='ocrx_word' id='word_1_606' title='bbox 2737 1962 2952 2027; x_wconf 89' lang='lat' dir='ltr'><strong>dicere,</strong></span> <span class='ocrx_word' id='word_1_607' title='bbox 2985 1959 3154 2015; x_wconf 87' lang='lat' dir='ltr'><strong>Deum</strong></span> <span class='ocrx_word' id='word_1_608' title='bbox 3184 1957 3288 2013; x_wconf 82' lang='lat' dir='ltr'><strong>illis</strong></span> <span class='ocrx_word' id='word_1_609' title='bbox 3317 1966 3501 2012; x_wconf 90' lang='lat' dir='ltr'><strong>notum</strong></span> <span class='ocrx_word' id='word_1_610' title='bbox 3548 1955 3786 2022; x_wconf 80' lang='lat' dir='ltr'><strong>iecisse,</strong></span> 
     </span>
    </p>
   </div>
   <div class='ocr_carea' id='block_1_77' title="bbox 2186 2047 3789 2129">
    <p class='ocr_par' dir='ltr' id='par_1_77' title="bbox 2186 2047 3789 2129">
     <span class='ocr_line' id='line_1_77' title="bbox 2186 2047 3789 2129; baseline -0.007 -14"><span class='ocrx_word' id='word_1_611' title='bbox 2186 2073 2248 2115; x_wconf 90' lang='lat' dir='ltr'><strong>se</strong></span> <span class='ocrx_word' id='word_1_612' title='bbox 2268 2059 2409 2115; x_wconf 85' lang='lat' dir='ltr'><strong>illius</strong></span> <span class='ocrx_word' id='word_1_613' title='bbox 2423 2057 2718 2129; x_wconf 85' lang='lat' dir='ltr'><strong>approbare</strong></span> <span class='ocrx_word' id='word_1_614' title='bbox 2739 2053 3086 2118; x_wconf 88' lang='lat' dir='ltr'><strong>voluntatem,</strong></span> <span class='ocrx_word' id='word_1_615' title='bbox 3116 2050 3274 2122; x_wconf 85' lang='lat' dir='ltr'><strong>hujus</strong></span> <span class='ocrx_word' id='word_1_616' title='bbox 3307 2058 3484 2105; x_wconf 87' lang='lat' dir='ltr'><strong>autem</strong></span> <span class='ocrx_word' id='word_1_617' title='bbox 3511 2047 3789 2118; x_wconf 88' lang='lat' dir='ltr'><strong>repellere</strong></span> 
     </span>
    </p>
   </div>
   <div class='ocr_carea' id='block_1_78' title="bbox 2188 2137 3784 2218">
    <p class='ocr_par' dir='ltr' id='par_1_78' title="bbox 2188 2137 3784 2218">
     <span class='ocr_line' id='line_1_78' title="bbox 2188 2137 3784 2218; baseline -0.008 -15"><span class='ocrx_word' id='word_1_618' title='bbox 2188 2147 2452 2218; x_wconf 90' lang='lat' dir='ltr'><strong>ingratum</strong></span> <span class='ocrx_word' id='word_1_619' title='bbox 2480 2145 2735 2201; x_wconf 87' lang='lat' dir='ltr'><strong>animum.</strong></span> <span class='ocrx_word' id='word_1_620' title='bbox 2764 2141 3078 2213; x_wconf 82' lang='lat' dir='ltr'><strong>ﬂujusmodi</strong></span> <span class='ocrx_word' id='word_1_621' title='bbox 3097 2150 3224 2196; x_wconf 86' lang='lat' dir='ltr'><strong>sunt</strong></span> <span class='ocrx_word' id='word_1_622' title='bbox 3246 2153 3308 2195; x_wconf 90' lang='lat' dir='ltr'><strong>ea</strong></span> <span class='ocrx_word' id='word_1_623' title='bbox 3323 2152 3445 2209; x_wconf 67' lang='lat' dir='ltr'><strong>qua</strong></span> <span class='ocrx_word' id='word_1_624' title='bbox 3470 2152 3501 2192; x_wconf 96' lang='lat' dir='ltr'><strong>a</strong></span> <span class='ocrx_word' id='word_1_625' title='bbox 3520 2137 3634 2192; x_wconf 90' lang='lat' dir='ltr'><strong>Deo</strong></span> <span class='ocrx_word' id='word_1_626' title='bbox 3655 2145 3784 2192; x_wconf 85' lang='lat' dir='ltr'><strong>acta</strong></span> 
     </span>
    </p>
   </div>
   <div class='ocr_carea' id='block_1_79' title="bbox 2189 2227 3785 2303">
    <p class='ocr_par' dir='ltr' id='par_1_79' title="bbox 2189 2227 3785 2303">
     <span class='ocr_line' id='line_1_79' title="bbox 2189 2227 3785 2303; baseline -0.007 -11"><span class='ocrx_word' id='word_1_627' title='bbox 2189 2237 2369 2294; x_wconf 85' lang='lat' dir='ltr'><strong>fuere:</strong></span> <span class='ocrx_word' id='word_1_628' title='bbox 2401 2236 2676 2293; x_wconf 82' lang='lat' dir='ltr'><strong>videamus</strong></span> <span class='ocrx_word' id='word_1_629' title='bbox 2701 2244 2880 2290; x_wconf 88' lang='lat' dir='ltr'><strong>autem</strong></span> <span class='ocrx_word' id='word_1_630' title='bbox 2920 2231 3216 2303; x_wconf 83' lang='lat' dir='ltr'><strong>sequentia.</strong></span> <span class='ocrx_word' id='word_1_631' title='bbox 3239 2231 3309 2285; x_wconf 85' lang='lat' dir='ltr'><strong>Et</strong></span> <span class='ocrx_word' id='word_1_632' title='bbox 3351 2230 3560 2285; x_wconf 78' lang='lat' dir='ltr'><strong>tristitia</strong></span> <span class='ocrx_word' id='word_1_633' title='bbox 3603 2227 3785 2295; x_wconf 69' lang='lat' dir='ltr'><strong>stetit</strong></span> 
     </span>
    </p>
   </div>
   <div class='ocr_carea' id='block_1_80' title="bbox 2189 2317 3789 2398">
    <p class='ocr_par' dir='ltr' id='par_1_80' title="bbox 2189 2317 3789 2398">
     <span class='ocr_line' id='line_1_80' title="bbox 2189 2317 3789 2398; baseline -0.009 -13"><span class='ocrx_word' id='word_1_634' title='bbox 2189 2331 2316 2385; x_wconf 81' lang='lat' dir='ltr'><strong>Cain</strong></span> <span class='ocrx_word' id='word_1_635' title='bbox 2339 2328 2485 2383; x_wconf 73' lang='lat' dir='ltr'><strong>ualde</strong></span> <span class='ocrx_word' id='word_1_636' title='bbox 2509 2326 2584 2398; x_wconf 90' lang='lat' dir='ltr'><strong>(a)</strong></span> <span class='ocrx_word' id='word_1_637' title='bbox 2601 2367 2618 2394; x_wconf 93' lang='lat'><strong>,</strong></span> <span class='ocrx_word' id='word_1_638' title='bbox 2645 2335 2692 2381; x_wconf 87' lang='lat' dir='ltr'><strong>et</strong></span> <span class='ocrx_word' id='word_1_639' title='bbox 2719 2323 2939 2380; x_wconf 81' lang='lat' dir='ltr'><strong>concidit</strong></span> <span class='ocrx_word' id='word_1_640' title='bbox 2953 2324 3117 2378; x_wconf 72' lang='lat' dir='ltr'><strong>rullus</strong></span> <span class='ocrx_word' id='word_1_641' title='bbox 3138 2323 3269 2392; x_wconf 82' lang='lat' dir='ltr'><strong>ejus.</strong></span> <span class='ocrx_word' id='word_1_642' title='bbox 3299 2319 3434 2388; x_wconf 86' lang='lat' dir='ltr'><strong>Quid</strong></span> <span class='ocrx_word' id='word_1_643' title='bbox 3467 2328 3572 2383; x_wconf 86' lang='lat' dir='ltr'><strong>est,</strong></span> <span class='ocrx_word' id='word_1_644' title='bbox 3601 2317 3665 2372; x_wconf 81' lang='lat' dir='ltr'><strong>Et</strong></span> <span class='ocrx_word' id='word_1_645' title='bbox 3692 2319 3789 2372; x_wconf 88' lang='lat' dir='ltr'><strong>tri-</strong></span> 
     </span>
    </p>
   </div>
   <div class='ocr_carea' id='block_1_81' title="bbox 2187 2408 3784 2487">
    <p class='ocr_par' dir='ltr' id='par_1_81' title="bbox 2187 2408 3784 2487">
     <span class='ocr_line' id='line_1_81' title="bbox 2187 2408 3784 2487; baseline -0.009 -11"><span class='ocrx_word' id='word_1_646' title='bbox 2187 2423 2328 2478; x_wconf 84' lang='lat' dir='ltr'><strong>stitia</strong></span> <span class='ocrx_word' id='word_1_647' title='bbox 2367 2419 2539 2487; x_wconf 62' lang='lat' dir='ltr'><strong>alecit</strong></span> <span class='ocrx_word' id='word_1_648' title='bbox 2580 2418 2707 2474; x_wconf 75' lang='lat' dir='ltr'><strong>Cain</strong></span> <span class='ocrx_word' id='word_1_649' title='bbox 2749 2417 2939 2472; x_wconf 73' lang='lat' dir='ltr'><strong>valde?</strong></span> <span class='ocrx_word' id='word_1_650' title='bbox 2963 2414 3171 2485; x_wconf 77' lang='lat' dir='ltr'><strong>Duplex</strong></span> <span class='ocrx_word' id='word_1_651' title='bbox 3195 2413 3272 2470; x_wconf 88' lang='lat' dir='ltr'><strong>illi</strong></span> <span class='ocrx_word' id='word_1_652' title='bbox 3307 2411 3520 2467; x_wconf 87' lang='lat' dir='ltr'><strong>tristitia</strong></span> <span class='ocrx_word' id='word_1_653' title='bbox 3558 2408 3784 2473; x_wconf 89' lang='lat' dir='ltr'><strong>accidit,</strong></span> 
     </span>
    </p>
   </div>
   <div class='ocr_carea' id='block_1_82' title="bbox 2189 2497 3789 2579">
    <p class='ocr_par' dir='ltr' id='par_1_82' title="bbox 2189 2497 3789 2579">
     <span class='ocr_line' id='line_1_82' title="bbox 2189 2497 3789 2579; baseline -0.008 -13"><span class='ocrx_word' id='word_1_654' title='bbox 2189 2525 2295 2566; x_wconf 90' lang='lat' dir='ltr'><strong>non</strong></span> <span class='ocrx_word' id='word_1_655' title='bbox 2321 2519 2529 2565; x_wconf 87' lang='lat' dir='ltr'><strong>tantum</strong></span> <span class='ocrx_word' id='word_1_656' title='bbox 2574 2507 2717 2579; x_wconf 91' lang='lat' dir='ltr'><strong>quod</strong></span> <span class='ocrx_word' id='word_1_657' title='bbox 2761 2506 2908 2562; x_wconf 85' lang='lat' dir='ltr'><strong>solus</strong></span> <span class='ocrx_word' id='word_1_658' title='bbox 2950 2505 3065 2576; x_wconf 87' lang='lat' dir='ltr'><strong>ipse</strong></span> <span class='ocrx_word' id='word_1_659' title='bbox 3110 2502 3457 2573; x_wconf 86' lang='lat' dir='ltr'><strong>repudiatus,</strong></span> <span class='ocrx_word' id='word_1_660' title='bbox 3484 2500 3581 2556; x_wconf 85' lang='lat' dir='ltr'><strong>sed</strong></span> <span class='ocrx_word' id='word_1_661' title='bbox 3637 2497 3789 2568; x_wconf 83' lang='lat' dir='ltr'><strong>quod</strong></span> 
     </span>
    </p>
   </div>
   <div class='ocr_carea' id='block_1_83' title="bbox 2193 2587 3790 2665">
    <p class='ocr_par' dir='ltr' id='par_1_83' title="bbox 2193 2587 3790 2665">
     <span class='ocr_line' id='line_1_83' title="bbox 2193 2587 3790 2665; baseline -0.01 -10"><span class='ocrx_word' id='word_1_662' title='bbox 2193 2600 2374 2655; x_wconf 78' lang='lat' dir='ltr'><strong>fratris</strong></span> <span class='ocrx_word' id='word_1_663' title='bbox 2427 2597 2627 2654; x_wconf 89' lang='lat' dir='ltr'><strong>donum</strong></span> <span class='ocrx_word' id='word_1_664' title='bbox 2688 2603 2965 2665; x_wconf 86' lang='lat' dir='ltr'><strong>acceptum</strong></span> <span class='ocrx_word' id='word_1_665' title='bbox 3017 2591 3196 2647; x_wconf 85' lang='lat' dir='ltr'><strong>fuerit.</strong></span> <span class='ocrx_word' id='word_1_666' title='bbox 3246 2588 3317 2644; x_wconf 80' lang='lat' dir='ltr'><strong>Et</strong></span> <span class='ocrx_word' id='word_1_667' title='bbox 3361 2589 3568 2644; x_wconf 87' lang='lat' dir='ltr'><strong>tristitia</strong></span> <span class='ocrx_word' id='word_1_668' title='bbox 3610 2587 3790 2654; x_wconf 66' lang='lat' dir='ltr'><strong>ales-it</strong></span> 
     </span>
    </p>
   </div>
   <div class='ocr_carea' id='block_1_84' title="bbox 2190 2679 3787 2754">
    <p class='ocr_par' dir='ltr' id='par_1_84' title="bbox 2190 2679 3787 2754">
     <span class='ocr_line' id='line_1_84' title="bbox 2190 2679 3787 2754; baseline -0.009 -8"><span class='ocrx_word' id='word_1_669' title='bbox 2190 2689 2318 2746; x_wconf 81' lang='lat' dir='ltr'><strong>Cain</strong></span> <span class='ocrx_word' id='word_1_670' title='bbox 2343 2689 2508 2754; x_wconf 74' lang='lat' dir='ltr'><strong>valde,</strong></span> <span class='ocrx_word' id='word_1_671' title='bbox 2535 2698 2584 2742; x_wconf 85' lang='lat' dir='ltr'><strong>et</strong></span> <span class='ocrx_word' id='word_1_672' title='bbox 2608 2686 2826 2742; x_wconf 75' lang='lat' dir='ltr'><strong>concidit</strong></span> <span class='ocrx_word' id='word_1_673' title='bbox 2851 2685 3016 2740; x_wconf 78' lang='lat' dir='ltr'><strong>vultus</strong></span> <span class='ocrx_word' id='word_1_674' title='bbox 3055 2684 3215 2738; x_wconf 86' lang='lat' dir='ltr'><strong>illius.</strong></span> <span class='ocrx_word' id='word_1_675' title='bbox 3246 2680 3383 2749; x_wconf 85' lang='lat' dir='ltr'><strong>Quid</strong></span> <span class='ocrx_word' id='word_1_676' title='bbox 3424 2679 3603 2736; x_wconf 79' lang='lat' dir='ltr'><strong>aﬁ&#39;ecit</strong></span> <span class='ocrx_word' id='word_1_677' title='bbox 3632 2679 3787 2733; x_wconf 83' lang='lat' dir='ltr'><strong>illum</strong></span> 
     </span>
    </p>
   </div>
   <div class='ocr_carea' id='block_1_85' title="bbox 2192 2771 3791 2849">
    <p class='ocr_par' dir='ltr' id='par_1_85' title="bbox 2192 2771 3791 2849">
     <span class='ocr_line' id='line_1_85' title="bbox 2192 2771 3791 2849; baseline -0.009 -12"><span class='ocrx_word' id='word_1_678' title='bbox 2192 2780 2438 2837; x_wconf 73' lang='lat' dir='ltr'><strong>tristitia?</strong></span> <span class='ocrx_word' id='word_1_679' title='bbox 2480 2779 2714 2849; x_wconf 84' lang='lat' dir='ltr'><strong>Utraque</strong></span> <span class='ocrx_word' id='word_1_680' title='bbox 2755 2776 2869 2832; x_wconf 64' lang='lat' dir='ltr'><strong>hec</strong></span> <span class='ocrx_word' id='word_1_681' title='bbox 2893 2775 3047 2830; x_wconf 89' lang='lat' dir='ltr'><strong>valde</strong></span> <span class='ocrx_word' id='word_1_682' title='bbox 3097 2773 3312 2828; x_wconf 85' lang='lat' dir='ltr'><strong>tristitia</strong></span> <span class='ocrx_word' id='word_1_683' title='bbox 3354 2771 3683 2836; x_wconf 86' lang='lat' dir='ltr'><strong>affecerunt,</strong></span> <span class='ocrx_word' id='word_1_684' title='bbox 3729 2778 3791 2824; x_wconf 84' lang='lat' dir='ltr'><strong>et</strong></span> 
     </span>
    </p>
   </div>
   <div class='ocr_carea' id='block_1_86' title="bbox 2189 2860 3792 2942">
    <p class='ocr_par' dir='ltr' id='par_1_86' title="bbox 2189 2860 3792 2942">
     <span class='ocr_line' id='line_1_86' title="bbox 2189 2860 3792 2942; baseline -0.007 -15"><span class='ocrx_word' id='word_1_685' title='bbox 2189 2870 2334 2942; x_wconf 87' lang='lat' dir='ltr'><strong>quod</strong></span> <span class='ocrx_word' id='word_1_686' title='bbox 2374 2869 2628 2924; x_wconf 86' lang='lat' dir='ltr'><strong>Dominus</strong></span> <span class='ocrx_word' id='word_1_687' title='bbox 2669 2881 2775 2921; x_wconf 92' lang='lat' dir='ltr'><strong>non</strong></span> <span class='ocrx_word' id='word_1_688' title='bbox 2820 2863 3107 2922; x_wconf 89' lang='lat' dir='ltr'><strong>attenderit</strong></span> <span class='ocrx_word' id='word_1_689' title='bbox 3150 2862 3466 2919; x_wconf 88' lang='lat' dir='ltr'><strong>sacriﬁcium</strong></span> <span class='ocrx_word' id='word_1_690' title='bbox 3511 2860 3704 2932; x_wconf 85' lang='lat' dir='ltr'><strong>ipsius,</strong></span> <span class='ocrx_word' id='word_1_691' title='bbox 3729 2869 3792 2915; x_wconf 85' lang='lat' dir='ltr'><strong>et</strong></span> 
     </span>
    </p>
   </div>
   <div class='ocr_carea' id='block_1_87' title="bbox 2188 2949 3790 3030">
    <p class='ocr_par' dir='ltr' id='par_1_87' title="bbox 2188 2949 3790 3030">
     <span class='ocr_line' id='line_1_87' title="bbox 2188 2949 3790 3030; baseline -0.007 -16"><span class='ocrx_word' id='word_1_692' title='bbox 2188 2958 2330 3030; x_wconf 90' lang='lat' dir='ltr'><strong>quod</strong></span> <span class='ocrx_word' id='word_1_693' title='bbox 2373 2958 2571 3013; x_wconf 88' lang='lat' dir='ltr'><strong>donum</strong></span> <span class='ocrx_word' id='word_1_694' title='bbox 2614 2954 2794 3011; x_wconf 82' lang='lat' dir='ltr'><strong>fratris</strong></span> <span class='ocrx_word' id='word_1_695' title='bbox 2832 2962 3110 3023; x_wconf 88' lang='lat' dir='ltr'><strong>acceptum</strong></span> <span class='ocrx_word' id='word_1_696' title='bbox 3150 2951 3202 3007; x_wconf 88' lang='lat' dir='ltr'><strong>ei</strong></span> <span class='ocrx_word' id='word_1_697' title='bbox 3240 2950 3422 3006; x_wconf 87' lang='lat' dir='ltr'><strong>fuerit.</strong></span> <span class='ocrx_word' id='word_1_698' title='bbox 3451 2949 3584 3005; x_wconf 83' lang='lat' dir='ltr'><strong>Cum</strong></span> <span class='ocrx_word' id='word_1_699' title='bbox 3624 2949 3790 3018; x_wconf 87' lang='lat' dir='ltr'><strong>igitur</strong></span> 
     </span>
    </p>
   </div>
   <div class='ocr_carea' id='block_1_88' title="bbox 2189 3040 3790 3126">
    <p class='ocr_par' dir='ltr' id='par_1_88' title="bbox 2189 3040 3790 3126">
     <span class='ocr_line' id='line_1_88' title="bbox 2189 3040 3790 3126; baseline -0.007 -20"><span class='ocrx_word' id='word_1_700' title='bbox 2189 3065 2324 3122; x_wconf 82' lang='lat' dir='ltr'><strong>Opus</strong></span> <span class='ocrx_word' id='word_1_701' title='bbox 2350 3057 2494 3105; x_wconf 88' lang='lat' dir='ltr'><strong>esset</strong></span> <span class='ocrx_word' id='word_1_702' title='bbox 2509 3056 2581 3126; x_wconf 71' lang='lat' dir='ltr'><strong>pt</strong></span> <span class='ocrx_word' id='word_1_703' title='bbox 2607 3047 2671 3112; x_wconf 88' lang='lat' dir='ltr'><strong>is,</strong></span> <span class='ocrx_word' id='word_1_704' title='bbox 2701 3043 2790 3116; x_wconf 77' lang='lat' dir='ltr'><strong>q’ui</strong></span> <span class='ocrx_word' id='word_1_705' title='bbox 2835 3044 3090 3101; x_wconf 90' lang='lat' dir='ltr'><strong>delictum</strong></span> <span class='ocrx_word' id='word_1_706' title='bbox 3117 3041 3426 3106; x_wconf 85' lang='lat' dir='ltr'><strong>admiserat,</strong></span> <span class='ocrx_word' id='word_1_707' title='bbox 3458 3040 3587 3095; x_wconf 90' lang='lat' dir='ltr'><strong>illud</strong></span> <span class='ocrx_word' id='word_1_708' title='bbox 3610 3041 3790 3095; x_wconf 78' lang='lat' dir='ltr'><strong>corri-</strong></span> 
     </span>
    </p>
   </div>
   <div class='ocr_carea' id='block_1_89' title="bbox 2191 3131 3789 3212">
    <p class='ocr_par' dir='ltr' id='par_1_89' title="bbox 2191 3131 3789 3212">
     <span class='ocr_line' id='line_1_89' title="bbox 2191 3131 3789 3212; baseline -0.007 -16"><span class='ocrx_word' id='word_1_709' title='bbox 2191 3151 2378 3212; x_wconf 89' lang='lat' dir='ltr'><strong>geret:</strong></span> <span class='ocrx_word' id='word_1_710' title='bbox 2411 3138 2666 3194; x_wconf 88' lang='lat' dir='ltr'><strong>Dominus</strong></span> <span class='ocrx_word' id='word_1_711' title='bbox 2709 3135 2853 3192; x_wconf 90' lang='lat' dir='ltr'><strong>enim</strong></span> <span class='ocrx_word' id='word_1_712' title='bbox 2881 3133 3118 3189; x_wconf 90' lang='lat' dir='ltr'><strong>clemens</strong></span> <span class='ocrx_word' id='word_1_713' title='bbox 3145 3145 3268 3187; x_wconf 89' lang='lat' dir='ltr'><strong>cum</strong></span> <span class='ocrx_word' id='word_1_714' title='bbox 3291 3131 3382 3196; x_wconf 85' lang='lat' dir='ltr'><strong>sit,</strong></span> <span class='ocrx_word' id='word_1_715' title='bbox 3414 3145 3522 3184; x_wconf 89' lang='lat' dir='ltr'><strong>non</strong></span> <span class='ocrx_word' id='word_1_716' title='bbox 3549 3137 3657 3184; x_wconf 89' lang='lat' dir='ltr'><strong>tam</strong></span> <span class='ocrx_word' id='word_1_717' title='bbox 3687 3143 3789 3185; x_wconf 85' lang='lat' dir='ltr'><strong>nos</strong></span> 
     </span>
    </p>
   </div>
   <div class='ocr_carea' id='block_1_90' title="bbox 2191 3218 3787 3296">
    <p class='ocr_par' dir='ltr' id='par_1_90' title="bbox 2191 3218 3787 3296">
     <span class='ocr_line' id='line_1_90' title="bbox 2191 3218 3787 3296; baseline -0.009 -10"><span class='ocrx_word' id='word_1_718' title='bbox 2191 3239 2467 3287; x_wconf 88' lang='lat' dir='ltr'><strong>aversatur</strong></span> <span class='ocrx_word' id='word_1_719' title='bbox 2494 3229 2539 3284; x_wconf 87' lang='lat' dir='ltr'><strong>si</strong></span> <span class='ocrx_word' id='word_1_720' title='bbox 2569 3226 2962 3296; x_wconf 88' lang='lat' dir='ltr'><strong>delinquamus,</strong></span> <span class='ocrx_word' id='word_1_721' title='bbox 2993 3236 3152 3292; x_wconf 88' lang='lat' dir='ltr'><strong>quam</strong></span> <span class='ocrx_word' id='word_1_722' title='bbox 3186 3221 3232 3276; x_wconf 89' lang='lat' dir='ltr'><strong>si</strong></span> <span class='ocrx_word' id='word_1_723' title='bbox 3262 3220 3316 3275; x_wconf 91' lang='lat' dir='ltr'><strong>in</strong></span> <span class='ocrx_word' id='word_1_724' title='bbox 3341 3218 3538 3274; x_wconf 89' lang='lat' dir='ltr'><strong>delicto</strong></span> <span class='ocrx_word' id='word_1_725' title='bbox 3565 3232 3787 3288; x_wconf 80' lang='lat' dir='ltr'><strong>perma-</strong></span> 
     </span>
    </p>
   </div>
   <div class='ocr_carea' id='block_1_91' title="bbox 2192 3308 3668 3383">
    <p class='ocr_par' dir='ltr' id='par_1_91' title="bbox 2192 3308 3668 3383">
     <span class='ocr_line' id='line_1_91' title="bbox 2192 3308 3668 3383; baseline -0.012 -5"><span class='ocrx_word' id='word_1_726' title='bbox 2192 3336 2414 3380; x_wconf 85' lang='lat' dir='ltr'><strong>neamus</strong></span> <span class='ocrx_word' id='word_1_727' title='bbox 2445 3335 2461 3372; x_wconf 90' lang='lat'><strong>:</strong></span> <span class='ocrx_word' id='word_1_728' title='bbox 2493 3318 2583 3374; x_wconf 92' lang='lat' dir='ltr'><strong>ille</strong></span> <span class='ocrx_word' id='word_1_729' title='bbox 2608 3324 2792 3372; x_wconf 90' lang='lat' dir='ltr'><strong>contra</strong></span> <span class='ocrx_word' id='word_1_730' title='bbox 2818 3313 3016 3369; x_wconf 89' lang='lat' dir='ltr'><strong>nullam</strong></span> <span class='ocrx_word' id='word_1_731' title='bbox 3039 3311 3153 3383; x_wconf 87' lang='lat' dir='ltr'><strong>ejus</strong></span> <span class='ocrx_word' id='word_1_732' title='bbox 3169 3310 3426 3366; x_wconf 89' lang='lat' dir='ltr'><strong>rationem</strong></span> <span class='ocrx_word' id='word_1_733' title='bbox 3453 3308 3668 3362; x_wconf 86' lang='lat' dir='ltr'><strong>habuit.</strong></span> 
     </span>
    </p>
   </div>
   <div class='ocr_carea' id='block_1_92' title="bbox 2262 3397 3789 3475">
    <p class='ocr_par' dir='ltr' id='par_1_92' title="bbox 2262 3397 3789 3475">
     <span class='ocr_line' id='line_1_92' title="bbox 2262 3397 3789 3475; baseline -0.012 -7"><span class='ocrx_word' id='word_1_734' title='bbox 2262 3413 2318 3468; x_wconf 78' lang='lat' dir='ltr'><strong>ﬁ.</strong></span> <span class='ocrx_word' id='word_1_735' title='bbox 2345 3408 2557 3465; x_wconf 80' lang='lat' dir='ltr'><strong>Bonitas</strong></span> <span class='ocrx_word' id='word_1_736' title='bbox 2581 3405 2679 3461; x_wconf 83' lang='lat' dir='ltr'><strong>Dei</strong></span> <span class='ocrx_word' id='word_1_737' title='bbox 2737 3418 2860 3475; x_wconf 80' lang='lat' dir='ltr'><strong>ergo</strong></span> <span class='ocrx_word' id='word_1_738' title='bbox 2900 3403 3133 3458; x_wconf 75' lang='lat' dir='ltr'><strong>Cainuut.</strong></span> <span class='ocrx_word' id='word_1_739' title='bbox 3181 3399 3250 3454; x_wconf 80' lang='grc' dir='ltr'><strong>ιιι</strong></span> <span class='ocrx_word' id='word_1_740' title='bbox 3293 3397 3627 3454; x_wconf 78' lang='lat' dir='ltr'><strong>oblationibus</strong></span> <span class='ocrx_word' id='word_1_741' title='bbox 3662 3397 3789 3467; x_wconf 77' lang='lat' dir='ltr'><strong>quid</strong></span> 
     </span>
    </p>
   </div>
   <div class='ocr_carea' id='block_1_93' title="bbox 2191 3486 3789 3560">
    <p class='ocr_par' dir='ltr' id='par_1_93' title="bbox 2191 3486 3789 3560">
     <span class='ocr_line' id='line_1_93' title="bbox 2191 3486 3789 3560; baseline -0.011 1"><span class='ocrx_word' id='word_1_742' title='bbox 2191 3503 2573 3560; x_wconf 72' lang='lat' dir='ltr'><strong>obseruandum.</strong></span> <span class='ocrx_word' id='word_1_743' title='bbox 2599 3528 2672 3540; x_wconf 89' lang='lat'><strong>—</strong></span> <span class='ocrx_word' id='word_1_744' title='bbox 2710 3498 2778 3554; x_wconf 85' lang='lat' dir='ltr'><strong>Et</strong></span> <span class='ocrx_word' id='word_1_745' title='bbox 2802 3503 2861 3552; x_wconf 92' lang='lat' dir='ltr'><strong>ut</strong></span> <span class='ocrx_word' id='word_1_746' title='bbox 2884 3495 2986 3550; x_wconf 86' lang='lat' dir='ltr'><strong>hoc</strong></span> <span class='ocrx_word' id='word_1_747' title='bbox 3023 3492 3298 3551; x_wconf 88' lang='lat' dir='ltr'><strong>evidenter</strong></span> <span class='ocrx_word' id='word_1_748' title='bbox 3331 3488 3492 3554; x_wconf 84' lang='lat' dir='ltr'><strong>scias.</strong></span> <span class='ocrx_word' id='word_1_749' title='bbox 3520 3496 3580 3544; x_wconf 86' lang='lat' dir='ltr'><strong>et</strong></span> <span class='ocrx_word' id='word_1_750' title='bbox 3627 3486 3789 3545; x_wconf 84' lang='lat' dir='ltr'><strong>beni-</strong></span> 
     </span>
    </p>
   </div>
   <div class='ocr_carea' id='block_1_94' title="bbox 2193 3578 3788 3666">
    <p class='ocr_par' dir='ltr' id='par_1_94' title="bbox 2193 3578 3788 3666">
     <span class='ocr_line' id='line_1_94' title="bbox 2193 3578 3788 3666; baseline -0.01 -17"><span class='ocrx_word' id='word_1_751' title='bbox 2193 3593 2413 3666; x_wconf 87' lang='lat' dir='ltr'><strong>gnitatis</strong></span> <span class='ocrx_word' id='word_1_752' title='bbox 2468 3591 2637 3661; x_wconf 88' lang='lat' dir='ltr'><strong>ipsius</strong></span> <span class='ocrx_word' id='word_1_753' title='bbox 2691 3585 3107 3659; x_wconf 79' lang='lat' dir='ltr'><strong>magnitudinem</strong></span> <span class='ocrx_word' id='word_1_754' title='bbox 3165 3581 3487 3638; x_wconf 78' lang='lat' dir='ltr'><strong>ineii‘abilem</strong></span> <span class='ocrx_word' id='word_1_755' title='bbox 3549 3578 3738 3636; x_wconf 79' lang='lat' dir='ltr'><strong>videas</strong></span> <span class='ocrx_word' id='word_1_756' title='bbox 3766 3619 3788 3646; x_wconf 90' lang='lat'><strong>,</strong></span> 
     </span>
    </p>
   </div>
   <div class='ocr_carea' id='block_1_95' title="bbox 2197 3669 3790 3749">
    <p class='ocr_par' dir='ltr' id='par_1_95' title="bbox 2197 3669 3790 3749">
     <span class='ocr_line' id='line_1_95' title="bbox 2197 3669 3790 3749; baseline -0.008 -12"><span class='ocrx_word' id='word_1_757' title='bbox 2197 3682 2315 3739; x_wconf 86' lang='lat' dir='ltr'><strong>vide</strong></span> <span class='ocrx_word' id='word_1_758' title='bbox 2377 3695 2446 3737; x_wconf 80' lang='lat' dir='ltr'><strong>ex</strong></span> <span class='ocrx_word' id='word_1_759' title='bbox 2503 3680 2588 3735; x_wconf 90' lang='lat' dir='ltr'><strong>bis</strong></span> <span class='ocrx_word' id='word_1_760' title='bbox 2642 3692 2762 3749; x_wconf 80' lang='lat' dir='ltr'><strong>qua:</strong></span> <span class='ocrx_word' id='word_1_761' title='bbox 2818 3688 2961 3732; x_wconf 90' lang='lat' dir='ltr'><strong>nunc</strong></span> <span class='ocrx_word' id='word_1_762' title='bbox 3009 3672 3142 3728; x_wconf 85' lang='lat' dir='ltr'><strong>ﬁunt</strong></span> <span class='ocrx_word' id='word_1_763' title='bbox 3188 3671 3440 3728; x_wconf 90' lang='lat' dir='ltr'><strong>bonitatis</strong></span> <span class='ocrx_word' id='word_1_764' title='bbox 3489 3669 3632 3726; x_wconf 87' lang='lat' dir='ltr'><strong>illius</strong></span> <span class='ocrx_word' id='word_1_765' title='bbox 3686 3684 3790 3725; x_wconf 77' lang='lat' dir='ltr'><strong>ex-</strong></span> 
     </span>
    </p>
   </div>
   <div class='ocr_carea' id='block_1_96' title="bbox 2192 3760 3790 3839">
    <p class='ocr_par' dir='ltr' id='par_1_96' title="bbox 2192 3760 3790 3839">
     <span class='ocr_line' id='line_1_96' title="bbox 2192 3760 3790 3839; baseline -0.011 -9"><span class='ocrx_word' id='word_1_766' title='bbox 2192 3773 2527 3837; x_wconf 86' lang='lat' dir='ltr'><strong>cellentiam,</strong></span> <span class='ocrx_word' id='word_1_767' title='bbox 2570 3779 2627 3825; x_wconf 90' lang='lat' dir='ltr'><strong>et</strong></span> <span class='ocrx_word' id='word_1_768' title='bbox 2662 3767 2929 3839; x_wconf 77' lang='lat' dir='ltr'><strong>patientia:</strong></span> <span class='ocrx_word' id='word_1_769' title='bbox 2972 3763 3410 3834; x_wconf 75' lang='lat' dir='ltr'><strong>magnitudinem.</strong></span> <span class='ocrx_word' id='word_1_770' title='bbox 3458 3760 3594 3817; x_wconf 79' lang='lat' dir='ltr'><strong>Nam</strong></span> <span class='ocrx_word' id='word_1_771' title='bbox 3637 3770 3790 3832; x_wconf 88' lang='lat' dir='ltr'><strong>post-</strong></span> 
     </span>
    </p>
   </div>
   <div class='ocr_carea' id='block_1_97' title="bbox 2193 3855 3791 3935">
    <p class='ocr_par' dir='ltr' id='par_1_97' title="bbox 2193 3855 3791 3935">
     <span class='ocr_line' id='line_1_97' title="bbox 2193 3855 3791 3935; baseline -0.007 -20"><span class='ocrx_word' id='word_1_772' title='bbox 2193 3879 2351 3935; x_wconf 86' lang='lat' dir='ltr'><strong>quam</strong></span> <span class='ocrx_word' id='word_1_773' title='bbox 2402 3862 2534 3918; x_wconf 83' lang='lat' dir='ltr'><strong>vidit</strong></span> <span class='ocrx_word' id='word_1_774' title='bbox 2572 3860 2720 3915; x_wconf 89' lang='lat' dir='ltr'><strong>illum</strong></span> <span class='ocrx_word' id='word_1_775' title='bbox 2773 3871 2933 3928; x_wconf 85' lang='lat' dir='ltr'><strong>supra</strong></span> <span class='ocrx_word' id='word_1_776' title='bbox 2985 3855 3200 3911; x_wconf 89' lang='lat' dir='ltr'><strong>modum</strong></span> <span class='ocrx_word' id='word_1_777' title='bbox 3255 3861 3532 3916; x_wconf 65' lang='lat' dir='ltr'><strong>maestum,</strong></span> <span class='ocrx_word' id='word_1_778' title='bbox 3577 3859 3663 3915; x_wconf 89' lang='lat' dir='ltr'><strong>et,</strong></span> <span class='ocrx_word' id='word_1_779' title='bbox 3730 3858 3791 3905; x_wconf 86' lang='lat' dir='ltr'><strong>ut</strong></span> 
     </span>
    </p>
   </div>
   <div class='ocr_carea' id='block_1_98' title="bbox 2198 3941 3788 4019">
    <p class='ocr_par' dir='ltr' id='par_1_98' title="bbox 2198 3941 3788 4019">
     <span class='ocr_line' id='line_1_98' title="bbox 2198 3941 3788 4019; baseline -0.009 -8"><span class='ocrx_word' id='word_1_780' title='bbox 2198 3958 2268 4011; x_wconf 84' lang='lat' dir='ltr'><strong>ita</strong></span> <span class='ocrx_word' id='word_1_781' title='bbox 2293 3955 2486 4019; x_wconf 87' lang='lat' dir='ltr'><strong>dicam,</strong></span> <span class='ocrx_word' id='word_1_782' title='bbox 2513 3968 2542 4006; x_wconf 89' lang='lat' dir='ltr'><strong>a</strong></span> <span class='ocrx_word' id='word_1_783' title='bbox 2569 3950 2796 4007; x_wconf 78' lang='lat' dir='ltr'><strong>tristitia:</strong></span> <span class='ocrx_word' id='word_1_784' title='bbox 2819 3947 3066 4004; x_wconf 80' lang='lat' dir='ltr'><strong>fluctibus</strong></span> <span class='ocrx_word' id='word_1_785' title='bbox 3093 3945 3426 4001; x_wconf 86' lang='lat' dir='ltr'><strong>submersum</strong></span> <span class='ocrx_word' id='word_1_786' title='bbox 3457 3943 3544 4010; x_wconf 89' lang='lat' dir='ltr'><strong>iri,</strong></span> <span class='ocrx_word' id='word_1_787' title='bbox 3565 3956 3672 3996; x_wconf 89' lang='lat' dir='ltr'><strong>non</strong></span> <span class='ocrx_word' id='word_1_788' title='bbox 3689 3941 3788 3997; x_wconf 81' lang='lat' dir='ltr'><strong>de-</strong></span> 
     </span>
    </p>
   </div>
   <div class='ocr_carea' id='block_1_99' title="bbox 2197 4031 3786 4115">
    <p class='ocr_par' dir='ltr' id='par_1_99' title="bbox 2197 4031 3786 4115">
     <span class='ocr_line' id='line_1_99' title="bbox 2197 4031 3786 4115; baseline -0.008 -14"><span class='ocrx_word' id='word_1_789' title='bbox 2197 4047 2391 4115; x_wconf 79' lang='lat' dir='ltr'><strong>spexit,</strong></span> <span class='ocrx_word' id='word_1_790' title='bbox 2411 4043 2506 4100; x_wconf 88' lang='lat' dir='ltr'><strong>sed</strong></span> <span class='ocrx_word' id='word_1_791' title='bbox 2531 4058 2687 4113; x_wconf 89' lang='lat' dir='ltr'><strong>quam</strong></span> <span class='ocrx_word' id='word_1_792' title='bbox 2716 4057 2837 4112; x_wconf 84' lang='lat' dir='ltr'><strong>erga</strong></span> <span class='ocrx_word' id='word_1_793' title='bbox 2862 4049 3064 4110; x_wconf 88' lang='lat' dir='ltr'><strong>patrem</strong></span> <span class='ocrx_word' id='word_1_794' title='bbox 3088 4037 3254 4108; x_wconf 87' lang='lat' dir='ltr'><strong>ipsius</strong></span> <span class='ocrx_word' id='word_1_795' title='bbox 3277 4034 3659 4101; x_wconf 73' lang='lat' dir='ltr'><strong>benignitatem</strong></span> <span class='ocrx_word' id='word_1_796' title='bbox 3683 4031 3786 4088; x_wconf 85' lang='lat' dir='ltr'><strong>de-</strong></span> 
     </span>
    </p>
   </div>
   <div class='ocr_carea' id='block_1_100' title="bbox 2196 4125 3782 4199">
    <p class='ocr_par' dir='ltr' id='par_1_100' title="bbox 2196 4125 3782 4199">
     <span class='ocr_line' id='line_1_100' title="bbox 2196 4125 3782 4199; baseline -0.009 -7"><span class='ocrx_word' id='word_1_797' title='bbox 2196 4139 2494 4192; x_wconf 84' lang='lat' dir='ltr'><strong>claraverat</strong></span> <span class='ocrx_word' id='word_1_798' title='bbox 2511 4174 2526 4199; x_wconf 91' lang='lat'><strong>,</strong></span> <span class='ocrx_word' id='word_1_799' title='bbox 2544 4133 2678 4187; x_wconf 87' lang='lat' dir='ltr'><strong>dans</strong></span> <span class='ocrx_word' id='word_1_800' title='bbox 2700 4131 2776 4184; x_wconf 92' lang='lat' dir='ltr'><strong>illi</strong></span> <span class='ocrx_word' id='word_1_801' title='bbox 2794 4128 3154 4185; x_wconf 86' lang='lat' dir='ltr'><strong>satisfaciendi</strong></span> <span class='ocrx_word' id='word_1_802' title='bbox 3173 4125 3481 4182; x_wconf 84' lang='lat' dir='ltr'><strong>occasiones</strong></span> <span class='ocrx_word' id='word_1_803' title='bbox 3509 4131 3631 4194; x_wconf 89' lang='lat' dir='ltr'><strong>post</strong></span> <span class='ocrx_word' id='word_1_804' title='bbox 3656 4137 3782 4194; x_wconf 88' lang='lat' dir='ltr'><strong>gra-</strong></span> 
     </span>
    </p>
   </div>
   <div class='ocr_carea' id='block_1_101' title="bbox 2196 4216 3786 4294">
    <p class='ocr_par' dir='ltr' id='par_1_101' title="bbox 2196 4216 3786 4294">
     <span class='ocr_line' id='line_1_101' title="bbox 2196 4216 3786 4294; baseline -0.009 -11"><span class='ocrx_word' id='word_1_805' title='bbox 2196 4235 2318 4283; x_wconf 69' lang='lat' dir='ltr'><strong>Vem</strong></span> <span class='ocrx_word' id='word_1_806' title='bbox 2356 4226 2503 4281; x_wconf 92' lang='lat' dir='ltr'><strong>illum</strong></span> <span class='ocrx_word' id='word_1_807' title='bbox 2542 4225 2745 4294; x_wconf 89' lang='lat' dir='ltr'><strong>lapsum</strong></span> <span class='ocrx_word' id='word_1_808' title='bbox 2767 4264 2782 4289; x_wconf 88' lang='lat'><strong>,</strong></span> <span class='ocrx_word' id='word_1_809' title='bbox 2824 4236 2887 4276; x_wconf 89' lang='lat' dir='ltr'><strong>ac</strong></span> <span class='ocrx_word' id='word_1_810' title='bbox 2929 4219 3135 4275; x_wconf 77' lang='lat' dir='ltr'><strong>ﬁducia:</strong></span> <span class='ocrx_word' id='word_1_811' title='bbox 3173 4219 3388 4288; x_wconf 88' lang='lat' dir='ltr'><strong>januam</strong></span> <span class='ocrx_word' id='word_1_812' title='bbox 3417 4216 3663 4286; x_wconf 86' lang='lat' dir='ltr'><strong>aperiens</strong></span> <span class='ocrx_word' id='word_1_813' title='bbox 3685 4256 3700 4282; x_wconf 90' lang='lat'><strong>,</strong></span> <span class='ocrx_word' id='word_1_814' title='bbox 3728 4222 3786 4269; x_wconf 88' lang='lat' dir='ltr'><strong>et</strong></span> 
     </span>
    </p>
   </div>
   <div class='ocr_carea' id='block_1_102' title="bbox 2195 4308 3783 4382">
    <p class='ocr_par' dir='ltr' id='par_1_102' title="bbox 2195 4308 3783 4382">
     <span class='ocr_line' id='line_1_102' title="bbox 2195 4308 3783 4382; baseline -0.01 -5"><span class='ocrx_word' id='word_1_815' title='bbox 2195 4321 2415 4377; x_wconf 89' lang='lat' dir='ltr'><strong>dicens:</strong></span> <span class='ocrx_word' id='word_1_816' title='bbox 2446 4319 2544 4374; x_wconf 90' lang='lat' dir='ltr'><strong>Ubi</strong></span> <span class='ocrx_word' id='word_1_817' title='bbox 2569 4318 2656 4371; x_wconf 79' lang='lat' dir='ltr'><strong>es?</strong></span> <span class='ocrx_word' id='word_1_818' title='bbox 2673 4314 2918 4372; x_wconf 88' lang='lat' dir='ltr'><strong>eamdem</strong></span> <span class='ocrx_word' id='word_1_819' title='bbox 2946 4323 2998 4369; x_wconf 93' lang='lat' dir='ltr'><strong>et</strong></span> <span class='ocrx_word' id='word_1_820' title='bbox 3027 4326 3171 4368; x_wconf 89' lang='lat' dir='ltr'><strong>nunc</strong></span> <span class='ocrx_word' id='word_1_821' title='bbox 3190 4325 3315 4382; x_wconf 89' lang='lat' dir='ltr'><strong>erga</strong></span> <span class='ocrx_word' id='word_1_822' title='bbox 3341 4309 3607 4379; x_wconf 87' lang='lat' dir='ltr'><strong>ingratum</strong></span> <span class='ocrx_word' id='word_1_823' title='bbox 3632 4308 3783 4362; x_wconf 90' lang='lat' dir='ltr'><strong>illum</strong></span> 
     </span>
    </p>
   </div>
   <div class='ocr_carea' id='block_1_103' title="bbox 2199 4398 3784 4476">
    <p class='ocr_par' dir='ltr' id='par_1_103' title="bbox 2199 4398 3784 4476">
     <span class='ocr_line' id='line_1_103' title="bbox 2199 4398 3784 4476; baseline -0.011 -9"><span class='ocrx_word' id='word_1_824' title='bbox 2199 4412 2468 4476; x_wconf 86' lang='lat' dir='ltr'><strong>declarat,</strong></span> <span class='ocrx_word' id='word_1_825' title='bbox 2514 4422 2730 4464; x_wconf 89' lang='lat' dir='ltr'><strong>manum</strong></span> <span class='ocrx_word' id='word_1_826' title='bbox 2776 4406 2850 4460; x_wconf 92' lang='lat' dir='ltr'><strong>illi</strong></span> <span class='ocrx_word' id='word_1_827' title='bbox 2889 4403 3040 4476; x_wconf 87' lang='lat' dir='ltr'><strong>quasi</strong></span> <span class='ocrx_word' id='word_1_828' title='bbox 3077 4403 3129 4457; x_wconf 91' lang='lat' dir='ltr'><strong>in</strong></span> <span class='ocrx_word' id='word_1_829' title='bbox 3167 4415 3408 4474; x_wconf 64' lang='lat' dir='ltr'><strong>praeceps</strong></span> <span class='ocrx_word' id='word_1_830' title='bbox 3435 4398 3580 4454; x_wconf 91' lang='lat' dir='ltr'><strong>eunti</strong></span> <span class='ocrx_word' id='word_1_831' title='bbox 3610 4399 3784 4468; x_wconf 77' lang='lat' dir='ltr'><strong>porri-</strong></span> 
     </span>
    </p>
   </div>
   <div class='ocr_carea' id='block_1_104' title="bbox 2204 4486 3785 4570">
    <p class='ocr_par' dir='ltr' id='par_1_104' title="bbox 2204 4486 3785 4570">
     <span class='ocr_line' id='line_1_104' title="bbox 2204 4486 3785 4570; baseline -0.008 -13"><span class='ocrx_word' id='word_1_832' title='bbox 2204 4515 2376 4570; x_wconf 87' lang='lat' dir='ltr'><strong>gens;</strong></span> <span class='ocrx_word' id='word_1_833' title='bbox 2421 4510 2478 4556; x_wconf 91' lang='lat' dir='ltr'><strong>et</strong></span> <span class='ocrx_word' id='word_1_834' title='bbox 2512 4499 2846 4554; x_wconf 87' lang='lat' dir='ltr'><strong>occasionem</strong></span> <span class='ocrx_word' id='word_1_835' title='bbox 2889 4494 3128 4565; x_wconf 71' lang='lat' dir='ltr'><strong>prmbere</strong></span> <span class='ocrx_word' id='word_1_836' title='bbox 3169 4491 3389 4556; x_wconf 89' lang='lat' dir='ltr'><strong>volens,</strong></span> <span class='ocrx_word' id='word_1_837' title='bbox 3433 4499 3491 4543; x_wconf 92' lang='lat' dir='ltr'><strong>ut</strong></span> <span class='ocrx_word' id='word_1_838' title='bbox 3530 4486 3785 4544; x_wconf 88' lang='lat' dir='ltr'><strong>delictum</strong></span> 
     </span>
    </p>
   </div>
   <div class='ocr_carea' id='block_1_105' title="bbox 2203 4578 3790 4660">
    <p class='ocr_par' dir='ltr' id='par_1_105' title="bbox 2203 4578 3790 4660">
     <span class='ocr_line' id='line_1_105' title="bbox 2203 4578 3790 4660; baseline -0.009 -14"><span class='ocrx_word' id='word_1_839' title='bbox 2203 4591 2470 4660; x_wconf 86' lang='lat' dir='ltr'><strong>corrigat,</strong></span> <span class='ocrx_word' id='word_1_840' title='bbox 2517 4589 2591 4642; x_wconf 89' lang='lat' dir='ltr'><strong>illi</strong></span> <span class='ocrx_word' id='word_1_841' title='bbox 2639 4588 2768 4642; x_wconf 90' lang='lat' dir='ltr'><strong>dicit</strong></span> <span class='ocrx_word' id='word_1_842' title='bbox 2813 4603 2828 4637; x_wconf 90' lang='lat'><strong>:</strong></span> <span class='ocrx_word' id='word_1_843' title='bbox 2877 4586 2931 4640; x_wconf 82' lang='lat'><strong>6.</strong></span> <span class='ocrx_word' id='word_1_844' title='bbox 2979 4583 3148 4648; x_wconf 85' lang='lat' dir='ltr'><strong>Quare</strong></span> <span class='ocrx_word' id='word_1_845' title='bbox 3185 4592 3387 4636; x_wconf 64' lang='lat' dir='ltr'><strong>minatus</strong></span> <span class='ocrx_word' id='word_1_846' title='bbox 3425 4588 3591 4650; x_wconf 78' lang='lat' dir='ltr'><strong>[actus</strong></span> <span class='ocrx_word' id='word_1_847' title='bbox 3619 4578 3790 4632; x_wconf 83' lang='lat' dir='ltr'><strong>es.’ct</strong></span> 
     </span>
    </p>
   </div>
   <div class='ocr_carea' id='block_1_106' title="bbox 2200 4669 3787 4751">
    <p class='ocr_par' dir='ltr' id='par_1_106' title="bbox 2200 4669 3787 4751">
     <span class='ocr_line' id='line_1_106' title="bbox 2200 4669 3787 4751; baseline -0.007 -15"><span class='ocrx_word' id='word_1_848' title='bbox 2200 4697 2357 4751; x_wconf 85' lang='lat' dir='ltr'><strong>quare</strong></span> <span class='ocrx_word' id='word_1_849' title='bbox 2388 4679 2601 4734; x_wconf 85' lang='lat' dir='ltr'><strong>concidit</strong></span> <span class='ocrx_word' id='word_1_850' title='bbox 2635 4678 2800 4732; x_wconf 81' lang='lat' dir='ltr'><strong>vultus</strong></span> <span class='ocrx_word' id='word_1_851' title='bbox 2839 4685 2952 4730; x_wconf 83' lang='lat' dir='ltr'><strong>tuus</strong></span> <span class='ocrx_word' id='word_1_852' title='bbox 2973 4674 2999 4728; x_wconf 80' lang='lat'><strong>.’</strong></span> <span class='ocrx_word' id='word_1_853' title='bbox 3036 4674 3090 4728; x_wconf 87' lang='lat'><strong>7.</strong></span> <span class='ocrx_word' id='word_1_854' title='bbox 3132 4671 3346 4736; x_wconf 84' lang='lat' dir='ltr'><strong>Nonne,</strong></span> <span class='ocrx_word' id='word_1_855' title='bbox 3371 4672 3414 4724; x_wconf 88' lang='lat' dir='ltr'><strong>si</strong></span> <span class='ocrx_word' id='word_1_856' title='bbox 3437 4678 3566 4724; x_wconf 83' lang='lat' dir='ltr'><strong>recte</strong></span> <span class='ocrx_word' id='word_1_857' title='bbox 3589 4669 3787 4725; x_wconf 85' lang='lat' dir='ltr'><strong>obtule-</strong></span> 
     </span>
    </p>
   </div>
   <div class='ocr_carea' id='block_1_107' title="bbox 2204 4763 3789 4836">
    <p class='ocr_par' dir='ltr' id='par_1_107' title="bbox 2204 4763 3789 4836">
     <span class='ocr_line' id='line_1_107' title="bbox 2204 4763 3789 4836; baseline -0.007 -9"><span class='ocrx_word' id='word_1_858' title='bbox 2204 4774 2295 4836; x_wconf 89' lang='lat' dir='ltr'><strong>rt&#39;s,</strong></span> <span class='ocrx_word' id='word_1_859' title='bbox 2319 4779 2452 4826; x_wconf 84' lang='lat' dir='ltr'><strong>recte</strong></span> <span class='ocrx_word' id='word_1_860' title='bbox 2482 4779 2649 4824; x_wconf 83' lang='lat' dir='ltr'><strong>autem</strong></span> <span class='ocrx_word' id='word_1_861' title='bbox 2677 4785 2776 4822; x_wconf 81' lang='lat' dir='ltr'><strong>non</strong></span> <span class='ocrx_word' id='word_1_862' title='bbox 2807 4767 3056 4830; x_wconf 70' lang='lat' dir='ltr'><strong>diviseris,</strong></span> <span class='ocrx_word' id='word_1_863' title='bbox 3088 4765 3306 4835; x_wconf 85' lang='lat' dir='ltr'><strong>peccasti</strong></span> <span class='ocrx_word' id='word_1_864' title='bbox 3321 4763 3348 4817; x_wconf 85' lang='lat'><strong>.’</strong></span> <span class='ocrx_word' id='word_1_865' title='bbox 3371 4763 3599 4830; x_wconf 82' lang='lat' dir='ltr'><strong>Quiesce.</strong></span> <span class='ocrx_word' id='word_1_866' title='bbox 3633 4763 3716 4816; x_wconf 78' lang='lat' dir='ltr'><strong>Ad</strong></span> <span class='ocrx_word' id='word_1_867' title='bbox 3742 4773 3789 4816; x_wconf 86' lang='lat' dir='ltr'><strong>te</strong></span> 
     </span>
    </p>
   </div>
   <div class='ocr_carea' id='block_1_108' title="bbox 2203 4851 3785 4924">
    <p class='ocr_par' dir='ltr' id='par_1_108' title="bbox 2203 4851 3785 4924">
     <span class='ocr_line' id='line_1_108' title="bbox 2203 4851 3785 4924; baseline -0.007 -6"><span class='ocrx_word' id='word_1_868' title='bbox 2203 4863 2452 4918; x_wconf 66' lang='lat' dir='ltr'><strong>conversio</strong></span> <span class='ocrx_word' id='word_1_869' title='bbox 2473 4861 2610 4914; x_wconf 87' lang='lat' dir='ltr'><strong>illius</strong></span> <span class='ocrx_word' id='word_1_870' title='bbox 2630 4901 2643 4924; x_wconf 88' lang='lat'><strong>,</strong></span> <span class='ocrx_word' id='word_1_871' title='bbox 2672 4869 2717 4912; x_wconf 86' lang='lat' dir='ltr'><strong>et</strong></span> <span class='ocrx_word' id='word_1_872' title='bbox 2740 4869 2792 4911; x_wconf 87' lang='lat' dir='ltr'><strong>tu</strong></span> <span class='ocrx_word' id='word_1_873' title='bbox 2818 4857 2955 4911; x_wconf 84' lang='lat' dir='ltr'><strong>illius</strong></span> <span class='ocrx_word' id='word_1_874' title='bbox 2979 4855 3337 4909; x_wconf 84' lang='lat' dir='ltr'><strong>dominaberis.</strong></span> <span class='ocrx_word' id='word_1_875' title='bbox 3370 4851 3785 4919; x_wconf 79' lang='lat' dir='ltr'><strong>Animadverte,</strong></span> 
     </span>
    </p>
   </div>
   <div class='ocr_carea' id='block_1_109' title="bbox 2205 4939 3784 5016">
    <p class='ocr_par' dir='ltr' id='par_1_109' title="bbox 2205 4939 3784 5016">
     <span class='ocr_line' id='line_1_109' title="bbox 2205 4939 3784 5016; baseline -0.008 -9"><span class='ocrx_word' id='word_1_876' title='bbox 2205 4952 2416 5011; x_wconf 87' lang='lat' dir='ltr'><strong>dilecte,</strong></span> <span class='ocrx_word' id='word_1_877' title='bbox 2443 4947 2762 5003; x_wconf 78' lang='lat' dir='ltr'><strong>ineffabilem</strong></span> <span class='ocrx_word' id='word_1_878' title='bbox 2818 4944 3164 5016; x_wconf 74' lang='lat' dir='ltr'><strong>providentiae</strong></span> <span class='ocrx_word' id='word_1_879' title='bbox 3204 4941 3606 5012; x_wconf 88' lang='lat' dir='ltr'><strong>indulgentiam.</strong></span> <span class='ocrx_word' id='word_1_880' title='bbox 3653 4939 3784 5008; x_wconf 85' lang='lat' dir='ltr'><strong>Quia</strong></span> 
     </span>
    </p>
   </div>
   <div class='ocr_carea' id='block_1_110' title="bbox 2206 5029 3782 5097">
    <p class='ocr_par' dir='ltr' id='par_1_110' title="bbox 2206 5029 3782 5097">
     <span class='ocr_line' id='line_1_110' title="bbox 2206 5029 3782 5097; baseline -0.005 -2"><span class='ocrx_word' id='word_1_881' title='bbox 2206 5041 2346 5096; x_wconf 90' lang='lat' dir='ltr'><strong>enim</strong></span> <span class='ocrx_word' id='word_1_882' title='bbox 2375 5037 2506 5092; x_wconf 86' lang='lat' dir='ltr'><strong>vidit</strong></span> <span class='ocrx_word' id='word_1_883' title='bbox 2542 5036 2689 5091; x_wconf 89' lang='lat' dir='ltr'><strong>illum</strong></span> <span class='ocrx_word' id='word_1_884' title='bbox 2716 5037 2784 5090; x_wconf 89' lang='lat' dir='ltr'><strong>ab</strong></span> <span class='ocrx_word' id='word_1_885' title='bbox 2811 5033 3114 5088; x_wconf 77' lang='lat' dir='ltr'><strong>invidentia:</strong></span> <span class='ocrx_word' id='word_1_886' title='bbox 3143 5032 3364 5097; x_wconf 90' lang='lat' dir='ltr'><strong>morbo,</strong></span> <span class='ocrx_word' id='word_1_887' title='bbox 3394 5039 3454 5085; x_wconf 92' lang='lat' dir='ltr'><strong>ut</strong></span> <span class='ocrx_word' id='word_1_888' title='bbox 3478 5029 3549 5084; x_wconf 88' lang='lat' dir='ltr'><strong>ita</strong></span> <span class='ocrx_word' id='word_1_889' title='bbox 3575 5029 3782 5087; x_wconf 84' lang='lat' dir='ltr'><strong>dicam.</strong></span> 
     </span>
    </p>
   </div>
   <div class='ocr_carea' id='block_1_111' title="bbox 2199 5114 3786 5189">
    <p class='ocr_par' dir='ltr' id='par_1_111' title="bbox 2199 5114 3786 5189">
     <span class='ocr_line' id='line_1_111' title="bbox 2199 5114 3786 5189; baseline -0.006 -15"><span class='ocrx_word' id='word_1_890' title='bbox 2199 5119 2490 5189; x_wconf 85' lang='lat' dir='ltr'><strong>Oppugnari</strong></span> <span class='ocrx_word' id='word_1_891' title='bbox 2513 5159 2526 5183; x_wconf 95' lang='lat'><strong>,</strong></span> <span class='ocrx_word' id='word_1_892' title='bbox 2556 5117 2678 5171; x_wconf 89' lang='lat' dir='ltr'><strong>vide</strong></span> <span class='ocrx_word' id='word_1_893' title='bbox 2705 5114 2974 5184; x_wconf 91' lang='lat' dir='ltr'><strong>quomodo</strong></span> <span class='ocrx_word' id='word_1_894' title='bbox 2999 5130 3096 5185; x_wconf 91' lang='lat' dir='ltr'><strong>pro</strong></span> <span class='ocrx_word' id='word_1_895' title='bbox 3115 5129 3208 5169; x_wconf 86' lang='lat' dir='ltr'><strong>sua</strong></span> <span class='ocrx_word' id='word_1_896' title='bbox 3225 5115 3463 5170; x_wconf 88' lang='lat' dir='ltr'><strong>bonitate</strong></span> <span class='ocrx_word' id='word_1_897' title='bbox 3489 5131 3786 5189; x_wconf 58' lang='lat' dir='ltr'><strong>congrue“.</strong></span> 
     </span>
    </p>
   </div>
   <div class='ocr_carea' id='block_1_112' title="bbox 2200 5205 3785 5281">
    <p class='ocr_par' dir='ltr' id='par_1_112' title="bbox 2200 5205 3785 5281">
     <span class='ocr_line' id='line_1_112' title="bbox 2200 5205 3785 5281; baseline 0.001 -16"><span class='ocrx_word' id='word_1_898' title='bbox 2200 5219 2268 5265; x_wconf 84' lang='lat' dir='ltr'><strong>tta</strong></span> <span class='ocrx_word' id='word_1_899' title='bbox 2297 5224 2398 5279; x_wconf 80' lang='lat' dir='ltr'><strong>Ipsr</strong></span> <span class='ocrx_word' id='word_1_900' title='bbox 2422 5207 2654 5264; x_wconf 89' lang='lat' dir='ltr'><strong>remedia</strong></span> <span class='ocrx_word' id='word_1_901' title='bbox 2678 5205 2934 5276; x_wconf 88' lang='lat' dir='ltr'><strong>apponit,</strong></span> <span class='ocrx_word' id='word_1_902' title='bbox 2969 5215 3027 5260; x_wconf 91' lang='lat' dir='ltr'><strong>ut</strong></span> <span class='ocrx_word' id='word_1_903' title='bbox 3051 5208 3230 5261; x_wconf 87' lang='lat' dir='ltr'><strong>statim</strong></span> <span class='ocrx_word' id='word_1_904' title='bbox 3261 5207 3539 5276; x_wconf 86' lang='lat' dir='ltr'><strong>educatur,</strong></span> <span class='ocrx_word' id='word_1_905' title='bbox 3561 5219 3616 5264; x_wconf 91' lang='lat' dir='ltr'><strong>et</strong></span> <span class='ocrx_word' id='word_1_906' title='bbox 3635 5214 3785 5281; x_wconf 82' lang='lat' dir='ltr'><strong>aquis</strong></span> 
     </span>
    </p>
   </div>
   <div class='ocr_carea' id='block_1_113' title="bbox 2198 5299 3783 5371">
    <p class='ocr_par' dir='ltr' id='par_1_113' title="bbox 2198 5299 3783 5371">
     <span class='ocr_line' id='line_1_113' title="bbox 2198 5299 3783 5371; baseline 0 -14"><span class='ocrx_word' id='word_1_907' title='bbox 2198 5318 2304 5357; x_wconf 88' lang='lat' dir='ltr'><strong>non</strong></span> <span class='ocrx_word' id='word_1_908' title='bbox 2335 5300 2608 5356; x_wconf 75' lang='lat' dir='ltr'><strong>obruatur.</strong></span> <span class='ocrx_word' id='word_1_909' title='bbox 2641 5299 2812 5366; x_wconf 82' lang='lat' dir='ltr'><strong>Quare</strong></span> <span class='ocrx_word' id='word_1_910' title='bbox 2833 5307 3034 5353; x_wconf 68' lang='lat' dir='ltr'><strong>maestus</strong></span> <span class='ocrx_word' id='word_1_911' title='bbox 3060 5300 3223 5369; x_wconf 82' lang='lat' dir='ltr'><strong>factus</strong></span> <span class='ocrx_word' id='word_1_912' title='bbox 3248 5317 3299 5354; x_wconf 83' lang='lat' dir='ltr'><strong>es</strong></span> <span class='ocrx_word' id='word_1_913' title='bbox 3316 5301 3343 5354; x_wconf 69' lang='lat'><strong>.9</strong></span> <span class='ocrx_word' id='word_1_914' title='bbox 3369 5311 3414 5355; x_wconf 89' lang='lat' dir='ltr'><strong>ct</strong></span> <span class='ocrx_word' id='word_1_915' title='bbox 3435 5319 3590 5371; x_wconf 79' lang='lat' dir='ltr'><strong>quare</strong></span> <span class='ocrx_word' id='word_1_916' title='bbox 3614 5308 3783 5358; x_wconf 81' lang='lat' dir='ltr'><strong>conci-</strong></span> 
     </span>
    </p>
   </div>
   <div class='ocr_carea' id='block_1_114' title="bbox 2198 5391 3780 5459">
    <p class='ocr_par' dir='ltr' id='par_1_114' title="bbox 2198 5391 3780 5459">
     <span class='ocr_line' id='line_1_114' title="bbox 2198 5391 3780 5459; baseline 0.002 -11"><span class='ocrx_word' id='word_1_917' title='bbox 2198 5395 2272 5447; x_wconf 75' lang='lat' dir='ltr'><strong>dit</strong></span> <span class='ocrx_word' id='word_1_918' title='bbox 2295 5393 2456 5448; x_wconf 78' lang='lat' dir='ltr'><strong>vultus</strong></span> <span class='ocrx_word' id='word_1_919' title='bbox 2500 5401 2612 5444; x_wconf 89' lang='lat' dir='ltr'><strong>tuus</strong></span> <span class='ocrx_word' id='word_1_920' title='bbox 2632 5392 2657 5446; x_wconf 84' lang='lat'><strong>.’</strong></span> <span class='ocrx_word' id='word_1_921' title='bbox 2680 5391 2856 5458; x_wconf 89' lang='lat' dir='ltr'><strong>Quare</strong></span> <span class='ocrx_word' id='word_1_922' title='bbox 2883 5400 3023 5446; x_wconf 85' lang='lat' dir='ltr'><strong>tanta</strong></span> <span class='ocrx_word' id='word_1_923' title='bbox 3047 5391 3304 5447; x_wconf 85' lang='lat' dir='ltr'><strong>detineris</strong></span> <span class='ocrx_word' id='word_1_924' title='bbox 3325 5393 3561 5459; x_wconf 84' lang='lat' dir='ltr'><strong>tristitia,</strong></span> <span class='ocrx_word' id='word_1_925' title='bbox 3579 5405 3635 5449; x_wconf 93' lang='lat' dir='ltr'><strong>ut</strong></span> <span class='ocrx_word' id='word_1_926' title='bbox 3658 5405 3711 5450; x_wconf 83' lang='lat' dir='ltr'><strong>ct</strong></span> <span class='ocrx_word' id='word_1_927' title='bbox 3732 5397 3780 5450; x_wconf 91' lang='lat' dir='ltr'><strong>in</strong></span> 
     </span>
    </p>
   </div>
   <div class='ocr_carea' id='block_1_115' title="bbox 531 5477 2085 5554">
    <p class='ocr_par' dir='ltr' id='par_1_115' title="bbox 531 5477 2085 5549">
     <span class='ocr_line' id='line_1_115' title="bbox 531 5477 2085 5549; baseline -0.003 -16"><span class='ocrx_word' id='word_1_928' title='bbox 531 5482 790 5533; x_wconf 88' lang='lat' dir='ltr'><strong>honorem</strong></span> <span class='ocrx_word' id='word_1_929' title='bbox 833 5479 1110 5549; x_wconf 68' lang='lat' dir='ltr'><strong>prmberet.</strong></span> <span class='ocrx_word' id='word_1_930' title='bbox 1155 5477 1236 5531; x_wconf 80' lang='lat' dir='ltr'><strong>Ad</strong></span> <span class='ocrx_word' id='word_1_931' title='bbox 1272 5477 1396 5531; x_wconf 84' lang='lat' dir='ltr'><strong>Cain</strong></span> <span class='ocrx_word' id='word_1_932' title='bbox 1441 5489 1639 5541; x_wconf 79' lang='lat' dir='ltr'><strong>autent,</strong></span> <span class='ocrx_word' id='word_1_933' title='bbox 1685 5486 1730 5528; x_wconf 85' lang='lat' dir='ltr'><strong>et</strong></span> <span class='ocrx_word' id='word_1_934' title='bbox 1768 5477 1834 5528; x_wconf 82' lang='lat' dir='ltr'><strong>ad</strong></span> <span class='ocrx_word' id='word_1_935' title='bbox 1859 5477 2085 5544; x_wconf 65' lang='lat' dir='ltr'><strong>sacriﬁcii</strong></span> 
     </span>
    </p>
   </div>
   <div class='ocr_carea' id='block_1_116' title="bbox 2191 5477 3780 5554">
    <p class='ocr_par' dir='ltr' id='par_1_116' title="bbox 2194 5483 3780 5554">
     <span class='ocr_line' id='line_1_116' title="bbox 2194 5483 3780 5554; baseline -0.002 -8"><span class='ocrx_word' id='word_1_936' title='bbox 2194 5487 2329 5546; x_wconf 78' lang='lat' dir='ltr'><strong>facie</strong></span> <span class='ocrx_word' id='word_1_937' title='bbox 2356 5485 2602 5540; x_wconf 63' lang='lat' dir='ltr'><strong>uiterieris</strong></span> <span class='ocrx_word' id='word_1_938' title='bbox 2619 5483 3032 5554; x_wconf 83' lang='lat' dir='ltr'><strong>magnitudinem</strong></span> <span class='ocrx_word' id='word_1_939' title='bbox 3049 5483 3341 5540; x_wconf 83' lang='lat' dir='ltr'><strong>ostendas?</strong></span> <span class='ocrx_word' id='word_1_940' title='bbox 3370 5487 3542 5554; x_wconf 83' lang='lat' dir='ltr'><strong>Quare</strong></span> <span class='ocrx_word' id='word_1_941' title='bbox 3564 5488 3780 5543; x_wconf 79' lang='lat' dir='ltr'><strong>concidit</strong></span> 
     </span>
    </p>
   </div>
   <div class='ocr_carea' id='block_1_117' title="bbox 530 5565 2102 5635">
    <p class='ocr_par' dir='ltr' id='par_1_117' title="bbox 530 5565 2102 5635">
     <span class='ocr_line' id='line_1_117' title="bbox 530 5565 2102 5635; baseline -0.003 -11"><span class='ocrx_word' id='word_1_942' title='bbox 530 5570 670 5624; x_wconf 78' lang='lat' dir='ltr'><strong>illius</strong></span> <span class='ocrx_word' id='word_1_943' title='bbox 717 5585 815 5622; x_wconf 83' lang='lat' dir='ltr'><strong>non</strong></span> <span class='ocrx_word' id='word_1_944' title='bbox 854 5569 1082 5623; x_wconf 83' lang='lat' dir='ltr'><strong>attendit.</strong></span> <span class='ocrx_word' id='word_1_945' title='bbox 1133 5567 1504 5624; x_wconf 79' lang='lat' dir='ltr'><strong>Animadverte</strong></span> <span class='ocrx_word' id='word_1_946' title='bbox 1546 5567 1835 5635; x_wconf 71' lang='lat' dir='ltr'><strong>Scriptura:</strong></span> <span class='ocrx_word' id='word_1_947' title='bbox 1886 5565 2102 5634; x_wconf 79' lang='lat' dir='ltr'><strong>diligen-</strong></span> 
     </span>
    </p>
   </div>
   <div class='ocr_carea' id='block_1_118' title="bbox 597 5699 1562 5766">
    <p class='ocr_par' dir='ltr' id='par_1_118' title="bbox 597 5699 1562 5766">
     <span class='ocr_line' id='line_1_118' title="bbox 597 5699 1562 5766; baseline -0.002 -13"><span class='ocrx_word' id='word_1_948' title='bbox 597 5708 611 5736; x_wconf 84' lang='grc'>¹</span> <span class='ocrx_word' id='word_1_949' title='bbox 649 5703 785 5753; x_wconf 73' lang='lat' dir='ltr'><strong>savii.</strong></span> <span class='ocrx_word' id='word_1_950' title='bbox 814 5712 861 5753; x_wconf 88' lang='lat' dir='ltr'><strong>et</strong></span> <span class='ocrx_word' id='word_1_951' title='bbox 885 5705 1096 5766; x_wconf 81' lang='lat' dir='ltr'><strong>quinque</strong></span> <span class='ocrx_word' id='word_1_952' title='bbox 1118 5711 1245 5764; x_wconf 71' lang='lat' dir='ltr'><strong>Mss,</strong></span> <span class='ocrx_word' id='word_1_953' title='bbox 1281 5703 1365 5753; x_wconf 79' lang='lat' dir='ltr'><strong>sed</strong></span> <span class='ocrx_word' id='word_1_954' title='bbox 1399 5699 1562 5764; x_wconf 82' lang='lat' dir='ltr'><strong>quid?</strong></span> 
     </span>
    </p>
   </div>
   <div class='ocr_carea' id='block_1_119' title="bbox 2281 5623 2957 5688">
    <p class='ocr_par' dir='ltr' id='par_1_119' title="bbox 2281 5623 2957 5688">
     <span class='ocr_line' id='line_1_119' title="bbox 2281 5623 2957 5688; baseline -0.003 -10"><span class='ocrx_word' id='word_1_955' title='bbox 2281 5633 2296 5666; x_wconf 87' lang='lat'><em>|</em></span> <span class='ocrx_word' id='word_1_956' title='bbox 2332 5628 2551 5683; x_wconf 79' lang='lat' dir='ltr'><strong>Ccislin.,</strong></span> <span class='ocrx_word' id='word_1_957' title='bbox 2580 5623 2854 5688; x_wconf 28' lang='lat' dir='ltr'><strong>tct‘italcm.‘</strong></span> <span class='ocrx_word' id='word_1_958' title='bbox 2947 5677 2957 5688; x_wconf 72' lang='grc'><em>,</em></span> 
     </span>
    </p>
   </div>
   <div class='ocr_carea' id='block_1_120' title="bbox 2281 5675 3128 5750">
    <p class='ocr_par' dir='ltr' id='par_1_120' title="bbox 2281 5675 3128 5750">
     <span class='ocr_line' id='line_1_120' title="bbox 2281 5675 3128 5750; baseline -0.019 -8"><span class='ocrx_word' id='word_1_959' title='bbox 2281 5675 2661 5750; x_wconf 14' lang='grc' dir='ltr'><strong>(αδ-’ἷίδενιῖτςειζ</strong></span> <span class='ocrx_word' id='word_1_960' title='bbox 2687 5675 2827 5747; x_wconf 81' lang='lat' dir='ltr'><strong>hujus</strong></span> <span class='ocrx_word' id='word_1_961' title='bbox 2845 5677 2979 5739; x_wconf 86' lang='lat' dir='ltr'><strong>lomi,</strong></span> <span class='ocrx_word' id='word_1_962' title='bbox 3001 5675 3026 5739; x_wconf 86' lang='lat'><strong>§</strong></span> <span class='ocrx_word' id='word_1_963' title='bbox 3051 5676 3128 5726; x_wconf 89' lang='lat' dir='ltr'><strong>IV.</strong></span> 
     </span>
    </p>
   </div>
  </div>
