4068 6382
262 274 370 329 157

260 388 432 439 cultus
471 382 633 438 tuus?
664 397 759 437 cur
788 397 854 436 ex
889 381 986 435 hac
1016 394 1071 434 re
1103 377 1474 433 conturbaris’
1502 391 1666 446 quare
1695 390 1799 429 non
1826 390 1853 428 a

263 487 316 529 te
344 489 461 544 ipso
489 474 631 544 quod
656 473 934 542 oportebat
966 470 1080 524 fieri
1103 510 1116 535 ,
1158 466 1551 525 considerasti?
1577 465 1714 521 Num
1757 465 1855 518 ho-

265 566 399 618 mini
445 564 763 619 sacrificium
808 560 1062 624 obtulisti,
1091 561 1181 629 qui
1218 558 1329 613 f'alli
1374 558 1584 628 possit?
1620 558 1851 627 ignoras,

260 658 397 712 mihi
438 673 541 712 non
584 672 704 711 esse
743 671 877 725 opus
906 662 963 708 ut
990 654 1187 724 aliquid
1217 651 1503 718 offeratur,
1536 652 1630 707 sed
1662 667 1747 706 me
1772 666 1860 704 sa-

261 766 388 803 nam
431 748 769 806 offerentium
796 756 1027 800 mentem
1058 744 1237 799 velle?
1268 743 1436 809 Quare
1461 753 1663 797 niwstus
1694 744 1859 811 factus

258 858 314 893 es
338 842 365 893 .’
390 850 438 894 et
462 854 618 908 quare
641 838 859 891 concidit
889 836 1053 889 vultus
1084 836 1241 889 tuus?
1268 833 1454 888 Nonne
1481 836 1525 887 si
1550 845 1682 888 recte
1710 835 1859 889 obtu-

260 928 413 992 lcris.
454 944 555 981 non
587 937 752 979 autem
783 934 913 979 recte
937 926 1167 990 dividas,
1196 925 1450 993 peccasti?
1474 924 1625 990 Quod
1654 924 1708 978 in
1740 924 1861 977 ani-

264 1035 414 1073 mum
450 1018 701 1073 induxisti
722 1058 738 1083 ,
764 1032 886 1071 esse
914 1015 1243 1071 offerendum
1263 1056 1279 1076 .
1312 1015 1465 1069 laude
1490 1015 1706 1083 dignum
1736 1026 1857 1083 est;

258 1113 406 1182 quod
438 1126 565 1167 vero
587 1126 690 1165 non
732 1117 881 1164 recte
908 1108 1150 1175 dividas,
1180 1107 1230 1162 id
1260 1116 1319 1162 ut
1342 1107 1576 1162 oblatum
1609 1107 1858 1175 repudia-

261 1212 417 1257 retur
439 1202 633 1256 efl‘ecit.
674 1200 966 1271 Oportebat
987 1201 1128 1255 enim
1161 1199 1473 1255 offerentem
1502 1200 1641 1267 Deo,
1673 1200 1725 1254 in
1752 1200 1861 1255 dis-

257 1294 531 1349 cernendo
561 1307 803 1363 magnam
846 1292 1099 1347 adhibere
1137 1290 1463 1361 diligentiam
1494 1298 1583 1345 :et
1606 1301 1860 1361 quantum

264 1384 525 1439 differunt
553 1385 640 1453 qui
669 1382 824 1437 offert
862 1392 916 1437 et
949 1383 1037 1451 qui
1065 1382 1293 1450 accipit,
1330 1390 1472 1435 tanta
1497 1390 1550 1435 et
1582 1382 1633 1435 in
1660 1381 1862 1436 discre-

262 1476 408 1528 tione
430 1473 666 1527 facienda
705 1472 1005 1526 diversitas.
1035 1472 1105 1525 At
1132 1472 1320 1524 horum
1350 1470 1479 1524 nihil
1508 1480 1563 1524 tu
1586 1471 1859 1540 cogitasti,

260 1566 358 1619 sed
408 1573 466 1618 ut
520 1563 735 1617 fortuito
761 1563 1015 1631 contigit,
1039 1561 1297 1615 obtulisti.
1331 1564 1504 1631 Atque
1531 1562 1728 1616 ideirco
1754 1579 1859 1616 non

264 1665 554 1725 potuerunt
594 1669 714 1709 esse
741 1663 976 1722 accepta.
1009 1652 1142 1707 Nam
1172 1654 1309 1706 sicut
1334 1653 1544 1707 animus
1576 1662 1728 1720 tuus,
1756 1670 1862 1724 quo

262 1746 593 1799 oblatiOnem
640 1742 832 1806 fecisti,
864 1742 993 1797 nihil
1022 1742 1324 1797 intermedii
1367 1758 1487 1798 esse
1514 1745 1824 1797 existimans
1844 1787 1859 1811 ,

260 1837 441 1892 effecit
486 1845 545 1890 ut
586 1834 936 1904 rejicerentur
976 1850 1039 1888 ea
1076 1850 1194 1904 qucc
1237 1849 1267 1887 a
1310 1842 1360 1888 te
1388 1844 1509 1887 sunt
1535 1834 1709 1889 oblata
1743 1856 1753 1889 :
1784 1838 1861 1890 sic

265 1928 448 1982 t’ratris
479 1927 551 1981 tui
584 1927 825 1989 animus,
858 1925 947 1993 qui
976 1935 1150 1978 rectus
1179 1924 1305 1988 fuit,
1338 1933 1390 1979 et
1419 1926 1643 1978 multum
1676 1928 1726 1979 in
1756 1927 1863 1980 dis-

259 2017 533 2073 cernendo
576 2016 809 2071 studium
851 2015 1063 2079 habuit,
1104 2028 1319 2084 accepta
1365 2016 1508 2069 illius
1546 2016 1684 2071 dona
1715 2016 1859 2073 fecit.

264 2112 642 2166 Verumtamen
692 2123 864 2178 neque
909 2108 986 2161 sic
1032 2123 1243 2177 pinnam
1286 2107 1462 2161 delicti
1513 2118 1731 2179 repeto,
1764 2110 1857 2164 sed

260 2205 493 2259 ostendo
551 2203 827 2257 dumtaxat
877 2201 1173 2265 delictum,
1219 2209 1274 2254 ct
1324 2201 1601 2255 consilium
1649 2201 1813 2256 affero
1843 2245 1857 2270 ,

259 2294 403 2365 quod
446 2296 490 2349 si
534 2294 777 2361 accipere
818 2292 1079 2355 volueris,
1117 2298 1171 2344 et
1200 2301 1475 2359 peccatum
1507 2293 1818 2346 emendabis
1844 2334 1857 2357 ,
1906 2288 1909 2289 ⁷

258 2397 317 2442 et
356 2389 581 2455 teipsum
620 2384 954 2456 gravioribus
984 2384 1137 2438 malis
1169 2400 1274 2438 non
1307 2384 1565 2438 involves.
1594 2385 1729 2453 Quid
1759 2388 1858 2455 igi-

262 2479 385 2533 tur?
414 2478 673 2544 Peccasti,
702 2486 755 2532 et
775 2478 1006 2546 graviter
1027 2477 1277 2545 peccasti,
1305 2477 1397 2531 sed
1420 2492 1525 2530 non
1551 2479 1708 2545 punio
1734 2494 1859 2548 pro-

260 2578 378 2639 pter
407 2569 656 2623 delictum
688 2588 700 2621 :
732 2568 990 2636 benignus
1020 2568 1162 2622 enim
1194 2582 1311 2621 sum
1334 2608 1349 2633 ,
1384 2577 1436 2623 et
1468 2566 1606 2621 Nolo
1652 2582 1860 2623 mortem

260 2661 539 2729 peccatoris
558 2702 571 2724 ,
610 2660 699 2714 sed
725 2671 777 2713 ut
804 2669 1121 2712 convertatur
1148 2668 1191 2711 et
1222 2660 1351 2711 vivat
1379 2658 1588 2728 (Ezeclt.
1623 2660 1709 2714 18.
1736 2660 1853 2730 9-5).

259 2735 421 2821 Igitur
440 2752 563 2822 quia
591 2751 842 2821 peccasti,
872 2750 1103 2814 Quiesce,
1134 2749 1570 2819 tranquillitatem
1602 2765 1731 2820 para
1761 2766 1857 2803 Cu-

254 2844 603 2912 gitationibus
634 2843 771 2905 tuis,
815 2855 869 2896 et
908 2842 1071 2894 libera
1116 2850 1349 2895 mentem
1390 2855 1421 2894 a
1467 2842 1716 2910 procellis
1754 2842 1855 2895 flu-

254 2944 439 2989 etttum
487 2932 892 2997 inundantium,
938 2931 1131 2987 cohibe
1180 2931 1635 2999 perturbationem
1677 2932 1851 2996 illam,

254 3043 326 3082 nc
374 3026 540 3080 addas
586 3025 749 3095 priori
782 3034 1001 3095 peccato
1026 3023 1239 3092 gravius
1269 3021 1440 3084 aliud,
1481 3038 1653 3092 neque
1680 3024 1856 3076 consi-

256 3119 386 3172 lium
413 3116 628 3188 aliquod
656 3114 1048 3169 immedicabile
1073 3113 1318 3182 arripias.
1344 3112 1421 3168 Ne
1450 3114 1674 3182 teipsmn
1704 3116 1855 3167 mali-

252 3225 363 3281 gno
387 3208 617 3262 dmmoni
645 3206 911 3275 captivum
942 3204 1140 3260 tradas.
1175 3204 1420 3271 Peccasti,
1452 3208 1667 3275 quiesce.
1702 3205 1851 3260 Scie-

255 3302 350 3355 bat
386 3301 453 3354 ab
496 3300 647 3353 initio
686 3297 826 3367 quod
875 3297 1092 3351 fratrem
1138 3295 1225 3350 hic
1262 3296 1565 3349 adoritnrus
1595 3306 1771 3359 esset,
1801 3308 1854 3351 et

254 3393 378 3447 ideo
402 3401 557 3446 antea
590 3390 766 3445 verbis
798 3390 1055 3458 reprimit.
1087 3387 1219 3441 Nam
1244 3387 1363 3456 quia
1396 3396 1663 3455 tamquam
1690 3388 1850 3452 Deus,

252 3483 340 3538 cui
380 3482 540 3537 etiam
583 3494 776 3534 arcana
815 3488 941 3533 sunt
988 3478 1230 3547 cognita,
1270 3460 1471 3531 sciebat
1506 3478 1683 3531 cordis
1712 3478 1853 3533 illius

252 3581 432 3627 motus
452 3613 465 3638 ,
509 3571 734 3626 multum
779 3569 1146 3645 admonendo,
1186 3575 1241 3621 et
1270 3568 1427 3623 verba
1457 3568 1596 3622 illius
1625 3570 1853 3623 infirmi-

253 3663 348 3717 tati
388 3662 730 3719 accommoda
752 3660 1074 3732 proferendo
1100 3668 1479 3730 congruentem
1508 3660 1605 3730 ipsi
1630 3662 1851 3716 medici-

254 3770 379 3809 nam
421 3756 672 3824 protulit,
705 3767 825 3823 qua}
868 3752 920 3805 in
962 3766 1020 3806 se
1049 3758 1204 3805 erant
1233 3749 1410 3803 omnia
1439 3748 1637 3804 faciens
1661 3792 1675 3817 ,
1711 3759 1848 3805 tam-

250 3847 353 3903 etsi
400 3846 490 3900 ille
532 3844 746 3914 repulso
788 3843 1209 3908 medicamento,
1248 3841 1299 3894 in
1326 3839 1603 3896 fratricidii
1634 3844 1852 3912 profun-

251 3938 379 3993 dum
423 3951 483 3992 se
513 3934 874 4007 praecipitarit.
902 3932 1132 3987 Peccasti
1156 3970 1170 3995 ,
1196 3932 1410 4000 quiesce.
1439 3930 1517 3985 Ne
1548 3940 1699 4000 putes
1722 3973 1738 3997 ,
1773 3934 1849 3985 in-

250 4030 403 4099 quit,
434 4028 556 4083 licet
589 4037 735 4081 tuum
763 4035 1043 4081 aversatus
1066 4024 1166 4078 sim
1189 4022 1507 4078 sacriﬁcium
1529 4021 1599 4076 ob
1628 4037 1843 4093 pravim

251 4130 521 4184 mentem,
568 4117 849 4188 fratrisque
889 4117 1209 4172 oblationem
1256 4124 1526 4185 acceptam
1570 4114 1845 4170 habuerim

249 4214 324 4268 ob
351 4227 536 4268 sanam
564 4212 936 4275 intentionem,
962 4224 1047 4263 me
1070 4208 1189 4263 ideo
1212 4207 1438 4277 primatu
1461 4215 1511 4260 te
1531 4205 1841 4274 destituere,

248 4314 307 4359 et
349 4303 785 4373 primogenitum:
827 4300 1138 4371 dignitatem
1178 4313 1208 4352 a
1240 4307 1293 4353 te
1333 4296 1564 4352 auferre.
1594 4296 1843 4363 Quiesce;

250 4410 377 4451 nam
424 4394 547 4449 licet
574 4392 777 4447 honore
801 4407 899 4462 ego
930 4392 1078 4445 illum
1109 4398 1463 4461 prosequutus
1488 4389 1679 4445 fuerim
1702 4433 1715 4456 ,
1750 4406 1844 4444 ac—

248 4496 512 4555 aptaque
538 4484 731 4540 fuerint
759 4484 899 4537 illius
923 4483 1062 4537 dona
1096 4500 1108 4537 :
1139 4490 1508 4537 verumtamen
1535 4483 1615 4535 Ad
1646 4493 1693 4536 te
1721 4499 1843 4536 con-

246 4579 411 4631 versio
431 4578 590 4643 illius,
631 4588 675 4631 et
707 4587 759 4629 tu
788 4576 949 4645 ipsius
978 4574 1339 4628 dominaberis.
1364 4574 1543 4643 itaque
1572 4584 1691 4645 post
1720 4591 1843 4646 pec-

249 4679 432 4724 eatum
477 4669 579 4722 hoc
623 4668 871 4737 permitto
900 4709 915 4733 ,
960 4674 1022 4721 ut
1068 4666 1505 4737 primogenitum:
1551 4667 1840 4735 privilegiis

242 4761 483 4831 gaudeas
504 4802 519 4825 ,
553 4760 804 4828 illumque
832 4760 930 4813 sub
962 4770 1045 4814 tua
1081 4768 1343 4827 poteState
1372 4768 1426 4814 et
1454 4758 1692 4813 dominio
1720 4775 1841 4815 eSse

239 4851 590 4924 jnbeo.‘Vide
632 4851 1010 4921 benignitatem
1042 4851 1285 4919 Domini,
1312 4851 1581 4921 quomodo
1606 4852 1839 4907 furorem

244 4956 302 5002 et
347 4946 601 5000 insaniam
649 4945 783 4999 illius
822 4944 1163 5011 demulcere,
1192 4954 1245 5000 et
1274 4945 1447 4999 verbis
1477 4945 1562 4999 his
1584 4947 1838 5015 impetum

241 5034 461 5091 auferre
500 5035 707 5090 nititur.
738 5034 945 5105 Quippe
976 5044 1151 5089 motus
1177 5036 1370 5089 mentis
1395 5034 1533 5089 illius
1560 5035 1763 5102 videns,
1788 5047 1841 5090 et

242 5125 515 5183 crudelem
554 5140 620 5180 ac
654 5124 1044 5195 sanguinariam
1091 5125 1232 5179 illius
1256 5125 1582 5181 voluntatem
1624 5128 1839 5199 sciens,

244 5231 388 5271 nunc
436 5216 791 5285 praemitigare
829 5215 944 5284 ejus
986 5216 1245 5269 rationem
1272 5216 1383 5269 vult
1413 5225 1465 5270 et
1490 5218 1835 5272 serenitatem

242 5309 413 5365 menti
439 5307 693 5362 inducere
717 5348 731 5374 ,
762 5306 1090 5375 subjiciendo
1118 5307 1215 5375 ipsi
1245 5307 1460 5362 fratrem
1487 5347 1502 5373 ,
1529 5318 1583 5362 et
1614 5318 1835 5376 potesta-

242 5409 353 5456 tem
402 5399 568 5470 ipsius
593 5397 725 5453 nihil
750 5397 1053 5453 minuendo.
1084 5396 1459 5453 Verumtamen
1494 5406 1612 5467 post
1636 5406 1833 5453 tantum

240 5506 428 5549 curam
468 5499 522 5546 et
549 5499 689 5545 tanta
717 5491 951 5545 remedia
978 5490 1110 5545 nihil
1137 5490 1404 5546 commodi
1432 5490 1560 5546 Cain
1592 5491 1713 5547 inde
1744 5508 1832 5545 re-

242 5582 385 5639 tulit.
430 5582 658 5637 Tantnm
703 5581 839 5638 valet
884 5580 1079 5639 mentis
1104 5582 1385 5639 diversitas
1410 5591 1463 5639 et
1490 5584 1705 5639 malitia:
1740 5596 1834 5638 ex.

240 5690 448 5735 £98303.

1300 264 1361 320 IN
1400 264 1549 320 CAP.
1594 263 1685 318 1V.
1726 257 1965 319 GENBS.
2010 259 2235 317 IIOMIL.
2279 261 2422 317 XIX.

2041 375 2092 429 7.
2140 375 2357 431 .lloralis
2397 376 2646 447 epilogus.
2674 406 2743 415 —
2784 375 2891 431 Sed
2936 389 3003 431 ne
3042 374 3248 446 longius
3295 386 3569 444 protracta

1964 467 2137 521 oratio
2180 478 2359 522 nostra
2407 469 2613 522 caritati
2651 477 2844 523 vestra:
2873 468 3173 523 molestiam
3203 465 3458 524 exhibere
3485 471 3560 522 vi-

1962 556 2152 611 deatur
2174 598 2189 623 ,
2237 574 2371 613 neve
2421 559 2635 613 taedium
2666 558 2815 613 vobis
2837 557 3028 614 afferre
3055 558 3141 613 hic
3168 573 3348 614 sermo
3378 568 3559 615 noster

1962 659 2279 716 censeatur,
2330 659 2385 703 et
2420 664 2579 705 aures
2624 661 2833 705 vestras
2862 650 3140 715 obtundat,
3177 651 3263 705 hic
3292 650 3451 705 finem
3481 650 3561 706 di-

1964 741 2119 796 cendi
2148 741 2405 797 facientes
2430 783 2444 807 ,
2476 752 2711 797 vestrum
2755 742 3007 798 audiendi
3044 742 3275 798 studium
3307 739 3559 797 cohorte-

1966 851 2124 901 mur,
2175 844 2230 890 ut
2272 837 2504 892 caveatis
2547 853 2615 892 ne
2661 837 2821 892 istum
2869 835 3182 899 imitemini,
3213 843 3349 892 etut
3377 835 3560 891 relicta

1966 928 2110 980 enini
2158 928 2354 982 malitia
2378 968 2393 994 ,
2441 928 2689 983 mandata
2725 929 2933 984 Domini
2962 938 3164 984 attente
3189 943 3251 984 ac
3275 928 3562 998 diligenter

1966 1018 2291 1085 perficiatis,
2324 1020 2622 1089 praesertim
2667 1029 2785 1089 post
2829 1028 2973 1073 tanta
3022 1021 3253 1089 taliaque
3293 1019 3561 1089 exempla.

1966 1107 2147 1179 Neque
2189 1109 2332 1163 enim
2376 1109 2442 1163 ad
2488 1109 2837 1180 ignorantiam
2869 1110 3124 1179 deinceps
3154 1110 3435 1180 quisquam
3466 1124 3565 1164 no-

1966 1209 2135 1254 strum
2176 1200 2467 1272 confugere
2506 1204 2717 1272 poterit.
2762 1201 2893 1257 Nam
2934 1202 2979 1257 si
3009 1202 3128 1267 hic,
3152 1201 3281 1256 Cain
3309 1202 3522 1272 inquam
3543 1241 3560 1268 ,

1967 1294 2169 1349 nullum
2186 1304 2311 1350 ante
2330 1310 2389 1351 se
2407 1296 2628 1359 invenit,
2649 1297 2735 1364 qui
2761 1295 2864 1350 tale
2880 1293 3132 1365 quiddam
3154 1296 3344 1364 egerit,
3371 1294 3566 1349 nihilo-

1968 1386 2143 1441 minus
2196 1396 2370 1441 tamcn
2414 1385 2800 1443 intolerabilem
2838 1394 2893 1441 et
2930 1401 3144 1456 gravem
3200 1387 3342 1440 illum
3400 1387 3567 1441 susti-

1968 1477 2082 1530 nuit
2112 1494 2347 1548 pennam,
2377 1493 2537 1548 quam
2565 1486 2619 1531 et
2641 1494 2733 1532 vos
2759 1486 2942 1547 postea
2969 1479 3149 1533 scietis
3173 1520 3186 1543 ,
3216 1477 3343 1547 quid
3373 1478 3565 1533 verisi.

1969 1572 2093 1626 mile
2116 1580 2198 1625 est
2228 1586 2325 1624 nos
2350 1583 2603 1640 passuros
2621 1611 2636 1636 ,
2664 1570 2753 1639 qui
2774 1568 2959 1624 eadem
2981 1611 2995 1636 ,
3022 1571 3101 1623 vel
3133 1570 3293 1624 etiam
3322 1569 3565 1639 graviora

1970 1679 2273 1734 peccamus,
2293 1662 2453 1734 idque
2472 1673 2593 1733 post
2610 1673 2806 1718 tantam
2830 1663 3013 1733 gratia:
3035 1662 3366 1732 largitatem?
3388 1652 3569 1716 nmine

1969 1758 2143 1827 ignem
2173 1765 2457 1824 :cternum,
2479 1770 2714 1811 vermem
2738 1755 2829 1825 qui
2857 1770 2963 1810 non
2995 1754 3251 1818 interibit,
3278 1753 3563 1808 stridorem

1966 1852 2229 1917 dentium,
2254 1849 2501 1905 tenebras
2521 1850 2835 1913 exteriores,
2860 1849 3159 1919 gehennam
3179 1848 3333 1917 ignis,
3356 1855 3406 1901 et
3429 1846 3564 1900 alias

1969 1942 2301 1996 inevitabiles
2342 1955 2528 2009 poenas
2565 1956 2684 2010 qua:
2725 1955 2821 1994 nos
2864 1955 3010 2007 exce_
3044 1950 3167 1993 'ura:
3206 1940 3367 1993 sunt?
3407 1938 3561 1993 Nulla

1967 2036 2109 2091 enim
2157 2033 2398 2089 defensio
2438 2033 2592 2087 nobis
2621 2033 2805 2087 relicta
2836 2042 2920 2087 est
2939 2073 2952 2097 ,
2983 2030 3029 2085 si
3058 2031 3128 2085 ita
3155 2031 3489 2101 negligentes
3514 2039 3568 2086 et

1968 2130 2140 2197 ignavi
2185 2127 2456 2181 fuerimus.
2506 2125 2694 2180 Nonne
2739 2125 2942 2179 scimus
2984 2138 3173 2179 omnes
3204 2140 3323 2193 qua:
3349 2123 3456 2177 sint
3487 2122 3564 2176 fa-

1967 2220 2153 2273 cienda
2176 2261 2190 2284 ,
2225 2235 2342 2287 quae
2373 2235 2476 2272 non
2507 2216 2745 2274 facienda
2768 2217 2791 2271 ἲ
2811 2227 2863 2271 et
2888 2232 2980 2271 eos
3003 2216 3090 2287 qui
3125 2216 3301 2286 priora
3327 2215 3564 2282 faciunt,

1969 2310 2289 2380 principales
2338 2324 2566 2363 coronas
2612 2318 2994 2377 assequuturos
3037 2323 3192 2373 esse,
3238 2322 3335 2361 eos
3386 2316 3563 2361 autem

1967 2403 2055 2472 qui
2094 2403 2146 2455 in
2178 2412 2423 2456 extrema
2449 2400 2713 2464 incidunt,
2742 2400 3001 2455 extremis
3028 2399 3303 2468 suppliciis
3325 2414 3445 2455 esse
3472 2415 3567 2469 pu-

1967 2494 2226 2549 niendos?
2253 2495 2377 2549 ldeo
2410 2509 2597 2563 precor
2614 2502 2775 2564 atque
2793 2493 3039 2557 obsecro,
3066 2508 3133 2548 ne
3149 2503 3445 2549 conventus
3469 2498 3569 2550 iste

1967 2600 2150 2640 noser
2192 2587 2393 2640 inutilis
2430 2586 2537 2650 sit,
2567 2584 2663 2640 sed
2704 2593 2761 2639 ut
2790 2600 2910 2655 quae
2935 2585 3152 2639 auribus
3180 2585 3367 2640 hausta
3398 2596 3564 2653 sunt,

1965 2678 2151 2731 eadem
2198 2687 2251 2731 ct
2287 2676 2439 2731 factis
2463 2684 2881 2744 expromantur,
2915 2685 2972 2729 ut
3000 2676 3155 2730 nobis
3180 2676 3316 2730 bene
3342 2676 3565 2743 conscii,

1964 2780 2124 2838 atque
2160 2769 2374 2822 interim
2416 2769 2554 2823 bona
2594 2783 2691 2838 spe
2729 2768 2850 2822 freti
2873 2810 2886 2831 ,
2920 2768 3136 2823 difficile
3164 2768 3265 2823 hoc
3288 2769 3568 2839 praesentis

1966 2863 2089 2913 vitro
2121 2861 2337 2929 pelagus
2371 2859 2528 2914 facile
2560 2860 2909 2928 trajicientes,
2938 2860 2991 2913 iu
3024 2869 3235 2929 portum
3264 2862 3568 2932 benignita-

1965 2952 2032 3005 tis
2062 2951 2152 3004 Dei
2186 2952 2488 3019 pervcuire,
2521 2959 2575 3004 et
2602 2948 2888 3004 ineffabilia
2912 2950 3047 3005 bona
3080 2951 3166 3005 illa
3198 2953 3454 3022 consequi
3483 2969 3567 3005 va-

1964 3044 2187 3109 leamus,
2222 3059 2341 3113 quae
2368 3043 2611 3114 promisit
2643 3044 2901 3098 Do‘minus
2922 3044 3266 3114 diligentibus
3292 3062 3369 3109 se,
3398 3048 3565 3115 gratia

1963 3145 2016 3188 et
2036 3134 2402 3189 misericordia
2432 3136 2688 3205 unigeniti
2719 3136 2834 3207 ejus
2858 3136 2997 3203 Filii,
3031 3152 3153 3191 cum
3177 3154 3283 3209 quo
3305 3150 3492 3193 sancto
3511 3152 3568 3195 et

1962 3225 2235 3280 adoranda
2279 3230 2395 3300 ejus
2430 3225 2650 3299 Spiritui
2678 3227 2844 3297 gloria
2869 3269 2883 3293 ,
2911 3226 3085 3283 honor
3108 3268 3123 3294 ,
3155 3236 3210 3284 et
3238 3229 3521 3299 imperium
3548 3272 3561 3295 ,

1962 3334 2103 3373 nunc
2129 3328 2184 3373 et
2210 3334 2443 3390 semper,
2468 3330 2521 3375 et
2548 3320 2601 3375 in
2624 3322 2815 3375 smcula
2842 3321 3181 3376 smculorum.
3210 3326 3401 3376 Amen.

2538 3456 2812 3511 llOMlLIA
2846 3457 2987 3513 XIX.

1961 3567 2026 3621 Et
2061 3570 2187 3623 dixit
2234 3569 2358 3623 Cain
2394 3569 2462 3621 ad
2505 3570 2627 3621 Abel
2669 3573 2878 3641 fratrem
2913 3586 3060 3623 suum
3098 3587 3116 3623 :
3146 3570 3484 3641 Egrediamur
3508 3572 3559 3625 in

2466 3676 2700 3728 campum
2722 3659 2873 3733 (Gen.
2898 3663 2950 3714 4.
2977 3660 3055 3732 8).

2034 3776 2087 3829 l.
2127 3773 2315 3828 Misera
2366 3775 2553 3846 peccati
2598 3776 2828 3829 servitus.
2880 3775 3049 3831 Homo
3092 3776 3319 3832 libertate
3364 3778 3561 3833 arbitrii

1958 3868 2192 3920 donatus.
2239 3866 2378 3920 Deus
2431 3868 2771 3921 necessitatem
2809 3872 2921 3920 ηοπ
2950 3870 3182 3938 imponit.
3237 3898 3307 3909 —-
3354 3869 3558 3937 Quem-

1957 3958 2246 4013 admodum
2303 3959 2616 4013 incurabilia
2664 3960 2883 4014 vulnera
2942 3974 3116 4029 neque
3164 3962 3393 4016 austeris
3446 3976 3564 4017 mc-

1956 4049 2273 4105 dicamentis
2299 4052 2534 4117 cedunt,
2578 4066 2751 4121 neque
2778 4051 3102 4107 lenientibus
3139 4070 3150 4105 :
3184 4053 3253 4107 ita
3285 4062 3340 4108 et
3378 4053 3556 4108 anima

1956 4144 2123 4197 semel
2147 4144 2377 4213 captiva,
2404 4144 2531 4199 sise
2572 4154 2793 4215 peccato
2832 4144 3062 4213 cuipiam
3098 4144 3383 4200 obnoxiam
3414 4145 3553 4203 foco-

1956 4236 2056 4301 rit,
2104 4244 2159 4290 et
2200 4235 2541 4291 considerare
2601 4235 2833 4289 noluerit
2875 4250 2995 4304 qua:
3037 4235 3138 4289 sibi
3182 4243 3310 4290 sunt
3355 4236 3503 4292 utilia
3534 4277 3550 4303 ,

1954 4331 2115 4385 etiam
2154 4329 2197 4381 si
2235 4328 2355 4399 quis
2392 4331 2671 4382 innumera
2710 4328 2935 4382 inculcet
2970 4327 3113 4381 illius
3147 4328 3384 4393 auribus,
3420 4329 3552 4384 nihil

1955 4422 2223 4492 proficiet:
2245 4420 2338 4476 sed
2352 4420 2502 4491 quasi
2517 4430 2740 4474 mortuae
2755 4428 2936 4474 essent
2953 4433 3134 4483 aures,
3156 4419 3354 4473 nullam
3377 4434 3445 4473 ex
3465 4420 3557 4474 ad-

1954 4514 2246 4567 monitione
2269 4511 2491 4580 suscipit
2513 4511 2797 4565 utilitatem
2823 4527 2835 4561 :
2862 4524 2969 4563 non
2992 4510 3111 4579 quia
3131 4524 3235 4564 non
3250 4511 3549 4581 potest,sed

1952 4608 2072 4676 quia
2102 4621 2205 4661 non
2227 4606 2339 4659 vult
2368 4605 2405 4657 ι.
2432 4604 2546 4659 Νοη
2578 4603 2723 4659 enim
2744 4603 2876 4656 sicut
2894 4602 3014 4657 etin
3030 4601 3403 4672 corporalibus
3430 4602 3549 4657 vul—

1952 4697 2170 4753 neribus
2204 4696 2373 4751 videri
2414 4695 2586 4761 solet,
2633 4695 2703 4748 ita
2734 4702 2787 4748 et
2816 4694 2869 4747 in
2899 4692 3175 4748 voluntate
3202 4701 3306 4748 est.
3337 4692 3469 4747 Nam
3498 4694 3550 4748 in

1952 4789 2325 4860 corporalibus
2350 4794 2553 4841 naturze
2579 4785 2887 4840 affectiones
2912 4799 3055 4853 sche
3076 4784 3378 4839 immobiles
3399 4799 3544 4849 sunt,

1952 4882 2003 4936 in
2032 4882 2300 4935 voluntate
2330 4889 2508 4933 autem
2540 4892 2645 4931 non
2688 4878 2758 4930 ita
2787 4891 2845 4929 sc
2876 4890 2963 4930 res
2993 4874 3155 4929 habet
3185 4893 3198 4929 :
3228 4891 3373 4945 sche
3402 4877 3543 4932 enim

1951 4975 1995 5028 si
2026 4973 2251 5028 voluerit
2278 4972 2436 5025 etiam
2464 4969 2551 5038 qui
2580 4970 2751 5022 malus
2774 4976 2877 5032 est,
2904 4975 3159 5032 mutatur,
3181 4977 3233 5021 et
3258 4966 3315 5019 fit
3334 4967 3505 5021 bonus
3530 4986 3540 5019 :

1951 5077 2004 5123 et
2034 5068 2123 5138 qui
2153 5067 2343 5127 bonus,
2374 5079 2470 5133 per
2493 5062 2754 5133 ignaviam
2781 5060 2998 5123 excidit,
3026 5068 3079 5115 et
3109 5060 3166 5113 fit
3187 5060 3374 5113 malus.
3411 5058 3543 5124 Quia

1949 5175 2077 5229 ergo
2101 5156 2251 5211 liberi
2274 5155 2475 5210 arbitrii
2499 5169 2619 5208 esse
2639 5161 2872 5207 nostram
2893 5158 3137 5205 naturam
3159 5148 3282 5204 fecit
3300 5148 3539 5201 omnium

1950 5250 2204 5305 Dominus
2226 5248 2268 5312 ³,
2308 5247 2423 5316 ipse
2451 5244 2665 5316 quidem
2696 5259 2815 5315 qua:
2841 5258 2936 5298 sua
2967 5253 3093 5297 sunt
3118 5242 3297 5296 omnia
3323 5254 3421 5311 pro
3446 5254 3539 5295 sua

1946 5339 2311 5396 misericordia
2338 5352 2552 5408 semper
2580 5335 2797 5393 exhibet
2826 5351 2840 5391 :
2868 5343 2925 5391 et
2948 5334 3123 5390 sciens
3150 5331 3456 5388 abscondita
3486 5332 3539 5388 in

2009 5500 2025 5532 ι
2065 5506 2181 5560 neg.
2217 5509 2363 5557 unus,
2409 5507 2503 5546 non
2541 5490 2673 5557 quod
2704 5490 2944 5549 evidentia
2980 5488 3124 5549 absit,
3154 5486 3242 5540 sed
3265 5487 3395 5551 quod
3413 5485 3536 5540 absit

1943 5560 2169 5624 ροιεηιία-
2476 5614 3308 5627 Α.

2010 5627 2029 5657 ι
2056 5627 2153 5675 Has
2175 5637 2335 5684 voces,
2358 5618 2571 5685 muniunt
2597 5615 2832 5685 Dominus
2855 5617 2902 5685 (εδ
2932 5615 3026 5661 τῶν
3060 5614 3383 5685 almum“).
3416 5621 3529 5672 ’11³⁸

1948 5674 2121 5739 desunt
2140 5674 2199 5735 in
2223 5674 2394 5735 Morel.
2418 5691 2470 5730 et
2491 5682 2712 5740 Moutef.,
2745 5678 3015 5728 addidimus
3036 5688 3063 5725 e
3083 5674 3284 5726 Savilio.
