4068 6402
558 300 656 356 159

554 411 814 484 profundo
842 409 1035 464 mentis
1059 415 1114 462 et
1139 418 1349 471 arcana,
1382 405 1641 468 hortatur,
1668 399 1918 460 consulit.
1953 412 2115 454 cona-

550 516 740 575 tusque
766 510 978 556 nostros
1002 497 1168 565 malos
1196 495 1525 566 pneveuieus
1550 492 1811 562 reprimit.
1839 487 1910 545 Et
1932 502 2121 544 neces-

551 595 761 650 sitatem
789 592 967 662 utique
991 604 1096 645 non
1122 587 1365 658 imponit,
1391 585 1485 641 sed
1509 581 1922 654 congruentibus
1945 595 2122 636 reme-

550 684 655 741 diis
700 682 992 754 appositis,
1017 687 1188 734 totum
1234 678 1394 732 situm
1435 675 1490 730 in
1532 674 1838 746 aegrotantis
1864 668 2124 728 sententia

553 776 788 833 dimittit.
837 774 948 829 Hoc
972 772 1132 843 igitur
1156 781 1210 827 et
1233 769 1288 826 in
1311 769 1439 826 Cain
1471 783 1612 825 nunc
1638 767 1832 824 factum
1861 773 1962 821 est.
1994 761 2126 819 Vide

552 867 697 924 enim
741 872 860 936 post
905 871 1104 919 tantam
1152 860 1536 932 providentiam
1583 868 1637 914 et
1679 858 1759 914 sui
1802 870 1982 912 curam
2007 895 2023 919 ,
2071 853 2124 906 in

554 964 804 1025 quantam
823 952 1067 1010 inciderit
1085 950 1364 1007 insaniam.
1387 948 1677 1020 Oportebat
1691 947 1830 1002 enim
1849 944 2124 1001 conscium

590 1042 758 1102 eccati
789 1044 873 1100 sui
901 1043 956 1098 in
983 1040 1318 1099 eruendaudo
1345 1048 1528 1110 postea
1551 1045 1867 1107 occupatum.
1889 1047 2043 1096 esse;
2072 1041 2124 1090 at

549 1137 644 1192 ille
684 1135 836 1206 quasi
890 1133 1107 1199 ebrius,
1155 1131 1366 1188 effectui
1414 1139 1469 1187 et
1512 1127 1720 1185 vulneri
1772 1126 1935 1198 priori
1986 1125 2124 1181 aliud

555 1228 706 1283 ulcus
743 1227 1070 1296 conjungens
1091 1265 1108 1291 ,
1135 1233 1190 1280 et
1218 1222 1531 1279 medicinam
1563 1228 1704 1275 tanta
1730 1217 1997 1290 diligentia
2024 1215 2124 1272 ad-

557 1317 777 1374 hibitam
820 1331 927 1373 non
969 1316 1284 1382 admittens,
1326 1313 1420 1370 sed
1467 1311 1785 1368 destinatam
1828 1308 2028 1365 caedem
2073 1309 2126 1363 in

560 1424 694 1479 opus
714 1407 1005 1480 perducere
1027 1406 1295 1469 festinam,
1319 1419 1350 1457 a
1369 1402 1492 1461 dolo
1511 1411 1566 1457 et
1582 1400 1812 1456 versutia
1833 1399 2124 1462 exorditur,

558 1509 613 1554 et
651 1497 926 1555 fallacibus
949 1497 1124 1554 verbis
1152 1495 1365 1552 fratrem
1391 1493 1606 1565 decipit.
1655 1493 1784 1548 Tam
1813 1490 2008 1547 eﬂ’erus
2049 1500 2132 1545 est

559 1589 740 1655 homo,
761 1589 850 1660 qui
873 1589 926 1643 in
948 1587 1233 1658 nequitiam
1252 1583 1554 1640 declinavit.
1578 1582 1708 1638 Nam
1729 1581 1867 1636 sicut
1885 1595 2130 1651 magnum

556 1687 615 1734 et
640 1677 996 1734 venerandum
1021 1683 1107 1731 est
1141 1673 1399 1730 rationale
1429 1673 1531 1728 hoc
1565 1671 1760 1726 animal
1784 1711 1800 1736 ,
1825 1678 1879 1725 et
1905 1670 2133 1724 maxime

556 1767 768 1842 quando
813 1767 867 1822 in
907 1766 1120 1822 virtutis
1159 1763 1295 1819 viam
1339 1760 1614 1818 contendit
1655 1778 1670 1816 :
1715 1760 1787 1815 ita
1829 1757 2041 1830 quando
2079 1758 2132 1812 in

559 1861 755 1916 malum
801 1858 1068 1925 declinat,
1113 1855 1530 1913 trueulentarum
1572 1852 1860 1909 bestiarum
1899 1850 2135 1906 imitatur

559 1949 946 2007 crudelitatem.
1006 1947 1141 2016 Quin
1185 1956 1240 2002 et
1278 1959 1398 2001 cum
1446 1944 1649 2000 feroces
1691 1941 1903 1998 illarum
1951 1953 2129 1995 mores

562 2041 930 2113 assumpserit,
953 2038 1191 2110 quamvis
1216 2035 1473 2092 rationale
1496 2043 1552 2091 et
1581 2043 1912 2088 mansuetum
1939 2030 2135 2085 animal

561 2133 649 2193 sit.
670 2131 852 2187 multis
873 2139 1045 2185 tamen
1068 2127 1370 2184 nominibus
1395 2127 1606 2182 illarum
1629 2133 1842 2194 superat
1865 2122 2133 2178 ferociam.

563 2223 844 2279 Videamus
885 2221 1042 2292 igitur
1079 2229 1136 2275 et
1169 2219 1289 2275 istic
1327 2217 1451 2289 quid
1490 2215 1762 2272 acciderit.
1804 2213 1857 2270 8.
1900 2212 1967 2268 Et
2007 2212 2136 2267 dixit

559 2314 687 2369 Cain
712 2353 728 2379 ,
758 2313 962 2382 inquit,
990 2310 1058 2365 ad
1087 2311 1208 2366 Abel
1249 2311 1456 2380 fratrem
1492 2322 1641 2362 suum
1668 2319 1688 2360 ε
1719 2303 2057 2376 Egrediamur
2084 2304 2138 2357 in

570 2419 825 2475 rumpam.
858 2401 1030 2458 Verba
1055 2399 1268 2472 quidem
1295 2398 1495 2464 fratris,
1527 2411 1678 2452 mens
1705 2403 1882 2451 autem
1912 2394 2137 2449 homici-

562 2496 666 2552 d:c.
698 2493 833 2563 Quid
860 2492 1007 2559 facis,
1036 2508 1070 2546 ο
1094 2478 1262 2547 Cain?
1289 2489 1460 2546 nescis
1484 2488 1569 2544 cui
1596 2486 1866 2558 loqueris?
1911 2502 2014 2541 non
2042 2502 2131 2542 eoo

562 2589 702 2659 gitas
739 2586 831 2642 tibi
862 2599 983 2641 cum
1023 2582 1186 2640 fratre
1213 2580 1531 2652 colloquium
1561 2579 1721 2634 esse?
1746 2592 1854 2633 non
1881 2585 2093 2648 reputas
2121 2618 2135 2643 ,

563 2678 751 2736 cedent
780 2692 891 2749 quo
914 2683 968 2732 tu
995 2685 1148 2732 utero
1177 2684 1356 2731 natum
1385 2671 1539 2730 esse?
1565 2686 1670 2726 non
1699 2670 1881 2726 anitno
1904 2669 2141 2738 concipis

562 2768 947 2825 abominabiles
990 2765 1254 2822 conatus?
1296 2777 1401 2820 non
1443 2763 1600 2819 times
1629 2760 1862 2833 judicent
1901 2760 1989 2832 qui
2034 2759 2140 2815 falli

566 2860 789 2934 nequit?
820 2874 924 2916 non
949 2858 1134 2914 horret
1155 2869 1305 2913 meas
1331 2865 1415 2910 tua
1436 2853 1677 2910 facinus?
1696 2852 1803 2908 Cur
1822 2852 1874 2907 in
1896 2866 2140 2922 campum

564 2968 726 3008 vocas
755 2950 989 3017 fratrem,
1010 2958 1066 3006 et
1092 2947 1236 3003 foras
1255 2961 1285 3001 a
1307 2945 1540 3016 paternis
1564 2945 1704 2999 ulnis
1727 2941 1983 2998 abducis?
2011 2956 2140 3012 qua-

565 3060 625 3100 rc
653 3045 824 3115 ipsum
851 3054 1073 3112 paterno
1095 3038 1291 3094 auxilio
1315 3035 1598 3092 destituis?
1621 3033 1758 3102 Quid
1784 3033 1903 3088 novi
1930 3033 2140 3100 accidit,

564 3136 708 3207 quod
735 3147 874 3188 nunc
893 3131 1106 3187 fratrem
1128 3130 1181 3184 in
1201 3141 1447 3197 campum
1470 3124 1652 3190 trahis,
1674 3131 1730 3178 et
1755 3122 1804 3178 id
1830 3121 1970 3193 quod
1997 3121 2142 3192 prius

566 3243 673 3283 non
702 3225 889 3292 fecisti,
919 3237 1059 3278 nunc
1082 3220 1256 3277 facere
1278 3227 1533 3285 attemas,
1556 3224 1610 3273 et
1629 3214 1875 3271 amicitiae
1900 3215 2142 3269 occasio-

565 3334 634 3375 ne
696 3316 980 3372 fraternam
1029 3309 1452 3369 benevolentiam
1503 3303 1844 3377 praztexendo
1867 3342 1884 3369 ,
1930 3302 2140 3359 hostilia

564 3421 788 3480 qumque
811 3412 1115 3476 perpetrare
1144 3398 1447 3456 deliberas?
1470 3396 1599 3465 ρυω
1634 3393 1875 3449 insania?
1907 3409 2026 3464 qua:
2052 3409 2141 3448 ra-

567 3498 720 3554 bies?
767 3495 932 3562 Esto,
973 3499 1266 3548 excaecatus
1309 3495 1488 3544 mente
1547 3485 1795 3540 fraterna:
1845 3483 2141 3538 affectionis

568 3591 769 3647 nullam
813 3587 1069 3644 rationem
1097 3583 1291 3639 habeas
1310 3623 1326 3648 ,
1359 3594 1530 3651 neque
1559 3587 1800 3634 naturam
1841 3592 2096 3648 agnoscas
2125 3596 2138 3632 :

566 3697 662 3737 cur
688 3680 943 3734 adversus
970 3677 1116 3731 illum
1147 3673 1212 3727 ad
1239 3672 1436 3726 bellum
1467 3679 1519 3724 te
1544 3669 1782 3734 instruis,
1808 3669 1897 3736 qui
1925 3668 2066 3723 nulla
2092 3679 2144 3724 te

569 3771 759 3841 injuria
788 3767 1000 3824 affecit?
1045 3763 1171 3836 quid
1201 3764 1324 3819 item
1353 3761 1520 3816 babes
1547 3758 1686 3828 quod
1717 3757 2021 3828 parentibus
2045 3759 2144 3813 ob-

563 3864 716 3934 jicias
735 3901 750 3929 ,
773 3875 907 3931 quos
934 3867 1076 3913 tanta
1103 3854 1350 3911 mmstitia
1371 3852 1605 3922 afﬂigere
1631 3851 1900 3906 deliberas
1923 3891 1936 3915 ,
1965 3857 2023 3906 et
2046 3865 2144 3904 au-

566 3970 685 4016 ctor
710 3973 830 4013 esse
852 3954 1106 4011 terribilis
1133 3950 1424 4023 tragmdiaz,
1453 3957 1509 4004 ut
1534 3948 1734 4018 primus
1759 3949 1838 4004 eis
1858 3948 2142 4004 violentam

568 4049 707 4105 lianc
751 4055 974 4101 mortem
1016 4042 1306 4100 ostendas?
1354 4040 1467 4095 llas
1506 4039 1608 4094 illis
1645 4039 1921 4094 mercedes
1965 4037 2146 4093 reddis

569 4151 674 4195 tum
701 4133 1070 4194 educationis?
1100 4134 1230 4202 Qua:
1262 4131 1455 4186 diaboli
1480 4145 1567 4186 ars
1595 4130 1646 4184 in
1678 4129 1778 4185 hoc
1807 4138 1859 4186 te
1887 4129 2141 4202 ﬂagitium

567 4230 813 4301 impulit?
838 4230 920 4283 An
945 4225 1123 4283 dicere
1150 4233 1298 4294 potes
1327 4222 1747 4279 benevolentiam
1777 4222 1988 4277 Domini
2016 4236 2142 4292 erga

567 4323 755 4386 illum,
790 4320 959 4389 ipsum
1007 4315 1286 4371 adversum
1335 4322 1387 4368 te
1427 4322 1760 4383 arrogantem
1801 4311 2144 4368 reddidisse?

569 4411 758 4466 Nonne
780 4421 1080 4480 praecavens
1099 4405 1167 4460 ob
1189 4405 1322 4460 hanc
1342 4403 1724 4473 sanguinariam
1743 4411 1889 4459 tuam
1910 4411 2142 4458 mentem

568 4502 794 4572 subiecit
823 4501 969 4555 illum
998 4498 1108 4563 tibi,
1137 4506 1191 4553 et
1223 4506 1325 4551 tute
1354 4497 1596 4566 potestati
1624 4494 1874 4558 subdidit,
1900 4505 1952 4551 et
1980 4495 2139 4560 dixit,

572 4595 706 4664 Quia
743 4592 810 4646 ad
851 4601 898 4646 te
934 4588 1188 4645 caucasio
1213 4588 1349 4643 illius
1371 4627 1386 4653 ,
1415 4595 1463 4642 ct
1493 4595 1546 4640 tu
1576 4585 1732 4654 ipsius
1760 4582 2089 4640 dominoberis
2117 4587 2143 4639 ?

569 4687 703 4744 Nam
727 4684 828 4738 hoc
847 4684 912 4738 de
934 4683 1108 4738 fratris
1133 4680 1458 4750 subjectione
1483 4677 1844 4747 accipiendum
1875 4687 1973 4732 est.
2007 4677 2139 4734 Sunt

573 4780 716 4834 enim
743 4778 901 4847 aliqui
928 4775 1183 4841 dicentes,
1211 4774 1277 4828 de
1306 4770 1566 4827 sacrificio
1592 4768 1660 4823 ab
1685 4784 1748 4824 eo
1774 4769 1949 4824 oblato
1977 4769 2139 4825 Deum

573 4870 697 4925 talia
739 4868 934 4922 dixisse
963 4883 976 4920 :
1007 4865 1085 4918 Ad
1119 4873 1165 4918 te
1205 4862 1457 4917 conversio
1479 4903 1496 4929 ,
1538 4859 1742 4931 inquit,
1788 4860 1986 4916 scilicet
2013 4861 2140 4916 doni

567 4963 708 5016 illius
732 5001 744 5022 ,
776 4969 820 5012 et
847 4968 899 5011 tu
925 4957 1084 5026 ipsius
1114 4954 1445 5010 dominasz
1475 4950 1565 5007 :id
1594 4961 1674 5007 est
1696 4993 1711 5019 ,
1741 4967 1806 5007 co
1835 4951 2040 5007 frueris.
2074 4952 2141 5007 Et

566 5053 689 5108 ideo
707 5059 986 5118 utrumque
1005 5061 1217 5101 sensum
1233 5044 1361 5110 dixi,
1380 5043 1682 5123 relinquens
1703 5053 1890 5098 vestrm
1911 5043 2140 5113 pruden-

570 5145 656 5199 tiae
679 5183 695 5208 ,
723 5141 777 5196 id
807 5140 946 5209 quod
973 5138 1129 5194 dictis
1156 5139 1322 5208 magis
1346 5151 1636 5206 congruum
1666 5135 1874 5189 videtur
1896 5175 1910 5198 ,
1939 5134 2138 5204 eligen-

569 5235 716 5290 dum.
766 5230 888 5287 Mihi
937 5231 1078 5284 enim
1119 5227 1326 5283 videtur
1368 5226 1433 5281 de
1480 5227 1638 5282 fratre
1677 5241 1797 5281 esse
1825 5225 2038 5281 dictum.
2074 5224 2140 5280 Et

569 5327 759 5394 factum
797 5329 871 5377 est
899 5361 913 5386 ,
954 5335 1068 5373 cum
1105 5328 1261 5373 essent
1297 5317 1393 5388 ipsi
1430 5318 1482 5372 in
1516 5333 1724 5388 campo,
1762 5317 1977 5370 surrexit
2017 5314 2140 5370 Cain

569 5423 745 5467 contra
771 5411 890 5465 Abel
917 5414 1122 5480 fratrem
1148 5424 1313 5474 suum,
1341 5416 1386 5460 et
1411 5407 1588 5461 occidit
1614 5407 1778 5460 illum.
1809 5405 2138 5459 Horrendtnu

569 5503 796 5566 facinus,
827 5499 1102 5572 periculosi
1131 5512 1310 5564 ausus,
1333 5496 1687 5553 abominabile
1713 5510 1874 5564 opus,
1902 5495 2138 5551 irremis-

570 5593 723 5649 sibilc
751 5601 1019 5663 peccatum
1045 5631 1058 5656 ,
1088 5589 1320 5645 elferatz
1343 5589 1535 5644 annua:
1566 5587 1915 5659 propositum.
1954 5585 2139 5641 Surre~

561 5686 660 5754 :rit,
690 5678 889 5758 inquii,
914 5691 1088 5739 contra
1117 5682 1239 5738 Abel
1261 5683 1470 5755 fratrem
1499 5697 1666 5749 suum,
1699 5697 1743 5736 et
1772 5681 1948 5734 Occidit
1973 5680 2136 5735 illum.

1281 292 1336 349 S.
1376 285 1650 349 103N315
1688 282 2158 343 ειιῐιῑεοδτωιι
2198 280 2512 340 ARClliEP.
2551 277 3086 338 CONSTANTINOP.

3705 282 3818 338 169

2231 397 2277 452 0
2308 397 2710 453 abominabilcm
2741 399 2992 453 manum!
3030 413 3065 453 o
3091 398 3362 454 dexteram
3408 400 3771 457 miserabilem
3809 411 3822 460 !

2231 490 2338 545 imo
2365 506 2469 544 non
2501 504 2713 544 manum
2743 499 2954 558 oportet
2972 504 3166 548 vocare
3187 492 3607 548 abominabilcm
3630 504 3686 550 ct
3714 495 3821 548 mi-

2229 583 2543 652 scrabilem,
2567 583 2661 639 sed
2692 592 2923 640 mentem
2952 585 3038 641 cui
3065 585 3361 641 membrum
3389 587 3627 643 servivit.
3660 587 3824 644 Dica—

2231 687 2350 728 mus
2375 673 2533 743 igitur
2556 675 2653 736 sic.
2681 688 2715 730 o
2735 674 2988 731 audacem
3015 685 3250 732 mentem
3277 717 3293 742 ,
3321 686 3376 733 et
3397 676 3824 735 abominabilem

2229 775 2286 820 et
2329 765 2728 821 miserabilem!
2774 774 2828 821 et
2863 764 3117 837 quidquid
3155 765 3259 822 dici
3290 775 3463 836 potest
3485 809 3501 833 ,
3531 784 3642 824 non
3683 771 3826 826 satis

2230 855 2456 913 dicetur.
2501 858 2777 927 Quomodo
2812 876 2917 916 non
2957 861 3228 932 obtorpuit
3254 862 3369 932 ejus
3399 866 3628 921 manus?
3676 882 3822 938 quo-

2233 937 2394 1004 modo
2420 949 2593 1020 potuit
2636 959 2818 1008 tenens
2857 951 3088 1023 gladium
3115 953 3132 986 ³
3157 995 3174 1021 ,
3204 961 3259 1009 et
3283 953 3521 1026 infligere
3561 937 3778 1029 plagam
3799 958 3828 1012 ?

2229 1041 2500 1112 quomodo
2544 1054 2649 1098 non
2685 1043 2914 1098 avolavit
2953 1059 2986 1100 a
3028 1059 3254 1115 corpore
3282 1046 3456 1102 anima
3475 1047 3501 1101 ?
3546 1048 3828 1117 quomodo

2231 1132 2392 1186 valuit
2420 1124 2630 1202 operari
2669 1140 2777 1187 tam
2803 1132 3090 1189 nefandum
3117 1135 3364 1191 facinus?
3408 1137 3683 1207 quomodo
3711 1155 3828 1196 non

2233 1220 2425 1276 inflexa
2453 1231 2556 1285 est,
2585 1231 2642 1277 et
2659 1219 2789 1277 Cain
2821 1237 2926 1278 non
2951 1226 3175 1278 mutavit
3201 1226 3564 1282 sententiam?
3591 1243 3830 1298 quomo-

2233 1311 2304 1366 do
2324 1328 2428 1368 non
2448 1311 2696 1382 cogitavit
2716 1323 2960 1368 naturam
2973 1314 2999 1367 ?
3018 1314 3287 1383 quomodo
3307 1330 3412 1371 non
3433 1316 3823 1386 consideravit,

2234 1412 2514 1472 antequam
2552 1402 2852 1459 adoriretur
2880 1402 3030 1459 nefas
3055 1445 3070 1469 ,
3103 1405 3281 1476 operis
3305 1405 3508 1461 finem?
3548 1408 3830 1480 quomodo

2235 1492 2483 1547 sustinuit
2510 1501 2630 1562 post
2659 1493 2866 1551 facinus
2889 1536 2904 1563 ,
2935 1495 3119 1552 videre
3151 1510 3346 1567 corpus
3369 1497 3546 1554 fratris
3573 1500 3827 1569 spiritum

2235 1583 2467 1640 emantis
2493 1593 2546 1640 et
2572 1585 2874 1655 palpitantis
2897 1600 3060 1656 super
3089 1595 3282 1643 terram
3303 1587 3330 1642 i
3353 1590 3625 1659 quomodo
3651 1593 3829 1660 potuit

2235 1675 2417 1731 videre
2445 1683 2711 1732 mortuum
2752 1687 2807 1733 et
2836 1676 2981 1733 humi
3011 1678 3303 1749 projectum
3327 1720 3344 1748 ,
3372 1688 3426 1736 et
3459 1695 3491 1736 a
3517 1682 3831 1753 spectaculo

2237 1782 2344 1823 non
2375 1768 2552 1823 statim
2578 1768 2869 1824 dissolutus
2893 1769 3015 1825 est?
3037 1769 3169 1824 Nam
3199 1786 3319 1826 eum
3351 1785 3450 1826 nos
3478 1780 3598 1842 post
3624 1783 3706 1828 tot
3729 1789 3830 1829 an-

2239 1875 2428 1915 norum
2459 1875 2738 1917 numerum
2763 1903 2779 1929 ,
2809 1877 2931 1919 cum
2957 1862 3194 1932 quotidie
3227 1864 3518 1919 morientes
3541 1864 3788 1920 videmus
3809 1905 3828 1931 ,

2237 1953 2478 2022 quamvis
2502 1952 2729 2008 naturali
2757 1961 2927 2008 morte
2951 1994 2965 2019 ,
3002 1962 3057 2009 ct
3084 1954 3340 2024 sanguine
3363 1953 3492 2010 nihil
3521 1955 3678 2011 nobis
3697 1955 3832 2026 jun-

2237 2051 2373 2109 ctos,
2405 2043 2604 2100 viribus
2630 2043 2968 2100 destituimur
2985 2086 3000 2110 ,
3030 2053 3085 2102 et
3109 2045 3156 2101 si
3182 2045 3429 2102 inimicus
3453 2047 3526 2102 sit
3546 2090 3562 2111 ,
3588 2047 3830 2104 inimici-

2241 2134 2432 2190 tiarum
2467 2135 2625 2191 finem
2664 2135 2885 2192 facimus
2918 2155 2932 2190 :
2960 2145 3160 2207 quanto
3196 2139 3365 2209 magis
3393 2137 3536 2194 hunc
3561 2138 3836 2210 disperire

2239 2240 2335 2296 par
2373 2234 2490 2281 erat
2513 2267 2528 2293 ,
2555 2236 2609 2282 et
2648 2229 2828 2283 statim
2871 2228 3116 2284 emittere
3155 2229 3423 2294 animam,
3463 2245 3587 2285 cum
3623 2231 3836 2287 videret

2241 2312 2457 2370 fratrem
2482 2356 2498 2382 ,
2533 2315 2624 2386 qui
2665 2317 2821 2386 paulo
2857 2325 3013 2372 antea
3044 2317 3359 2388 loquebatur
3384 2358 3400 2382 ,
3430 2319 3620 2375 eadem
3653 2330 3833 2376 matre

2241 2416 2422 2462 natum
2450 2444 2463 2468 .
2490 2406 2679 2463 eodem
2724 2417 2873 2477 patre
2911 2409 3149 2480 genitum
3173 2450 3190 2478 ,
3220 2411 3461 2480 ejusdem
3502 2413 3642 2468 uteri
3676 2423 3833 2483 partu

2242 2496 2466 2558 editum.
2494 2495 2606 2552 Deo
2633 2498 2885 2568 singulari
2914 2499 3282 2555 benevolentia
3306 2511 3581 2571 acceptum
3601 2544 3619 2570 ,
3649 2504 3832 2558 subito

2241 2589 2440 2659 absque
2461 2589 2648 2661 spiritu
2668 2598 2721 2646 et
2740 2588 3050 2661 operatione
3064 2589 3351 2662 iacentem,
3373 2592 3428 2649 et
3443 2607 3606 2664 super
3627 2603 3833 2650 terram

2243 2679 2630 2751 palpitantem?

2312 2769 2370 2824 2.
2399 2771 2478 2825 At~
2492 2770 2764 2826 videamus
2787 2778 2906 2841 post
2934 2772 3192 2827 nefarium
3217 2771 3346 2828 illud
3373 2773 3598 2840 facinus,
3623 2784 3680 2830 et
3705 2787 3833 2846 post

2243 2859 2500 2932 flagitium
2524 2861 2668 2918 nulla
2697 2862 2850 2916 venia
2869 2860 3087 2932 dignum
3113 2872 3310 2933 quanta
3331 2864 3525 2919 iterum
3548 2865 3835 2936 indulgen-

2245 2952 2316 3006 tla
2361 2961 2660 3022 quantaque
2703 2951 3025 3022 benignitate
3066 2953 3303 3008 omnium
3355 2953 3495 3010 Deus
3538 2956 3726 3011 utitur.
3772 2955 3832 3012 9.

2246 3038 2315 3093 Et
2344 3040 2470 3094 dixit
2498 3039 2638 3096 Deus
2660 3041 2728 3094 ad
2752 3041 2894 3095 Cain.
2924 3040 3154 3112 ldipsum
3185 3042 3268 3097 vel
3295 3043 3468 3098 solum
3494 3055 3710 3114 quanta:
3735 3045 3836 3100 bo-

2246 3129 2426 3184 nitatis
2445 3129 2620 3198 fuerit,
2639 3129 2781 3200 quod
2801 3145 2921 3186 eum
2941 3133 3031 3202 qui
3054 3141 3196 3187 tanta
3218 3132 3451 3189 facinora
3471 3137 3832 3204 commiserit,

2244 3221 2509 3291 colloquio
2555 3221 2844 3292 dignetur?
2886 3221 3020 3278 Nam
3076 3239 3197 3279 cum
3245 3239 3344 3281 nos
3385 3241 3530 3297 smpe
3573 3239 3852 3299 cognatos»

2245 3321 2459 3368 nostros
2501 3313 2867 3370 abominemnr
2890 3356 2905 3380 ,
2947 3316 2991 3370 si
3031 3317 3242 3388 quando
3268 3318 3559 3376 viderimus
3591 3337 3689 3377 eos
3725 3325 3835 3381 tale

2245 3402 2510 3472 quoddam
2546 3402 2750 3458 facinus
2793 3413 3165 3474 perpetrasse:
3199 3408 3365 3463 multo
3411 3411 3582 3480 magis
3627 3412 3832 3470 bonunt

2246 3490 2414 3547 Deum
2463 3493 2642 3548 mirari
2689 3509 2786 3564 par
2827 3504 2906 3550 est
2953 3503 3099 3550 tanta
3145 3507 3378 3553 utentem
3419 3500 3702 3558 tolerantia
3735 3514 3836 3560 :ct

2241 3583 2362 3653 jure
2390 3587 2598 3641 merito.
2631 3586 2867 3643 Medicus
2889 3588 3030 3643 enim
3055 3597 3156 3656 est,
3184 3600 3240 3646 et
3265 3591 3720 3652 clementissimus
3743 3614 3834 3667 pa-

2247 3683 2328 3730 ter
2369 3693 2384 3731 :
2425 3685 2478 3731 et
2521 3678 2660 3732 sicut
2708 3678 2944 3735 medicus
2996 3679 3126 3734 nihil
3172 3697 3275 3736 non
3326 3684 3448 3738 facit
3483 3687 3656 3757 utqui
3682 3691 3834 3758 gravi

2247 3766 2435 3822 morbo
2458 3769 2699 3825 laborant
2725 3813 2739 3838 ,
2768 3771 2835 3826 ad
2871 3773 3153 3830 sanitatem
3197 3775 3518 3832 reducantur
3550 3797 3563 3833 :
3597 3790 3651 3835 et
3693 3774 3834 3838 sicut

2247 3857 2692 3916 clementissimus
2721 3872 2868 3932 pater
2897 3863 3051 3932 filios,
3081 3866 3168 3934 qui
3197 3867 3522 3924 nobilitatem
3551 3885 3704 3926 suam
3737 3889 3835 3942 per

2248 3947 2509 4017 ignaviam
2539 3951 2768 4006 amisere
2792 3992 2807 4018 ,
2838 3963 3056 4021 paterna
3093 3956 3412 4027 indulgentia
3442 3959 3507 4012 ad
3547 3961 3832 4029 pristinam

2249 4037 2552 4095 felicitatem
2597 4041 2877 4099 restituere
2921 4047 3083 4113 cupit.
3131 4046 3361 4102 Proinde
3385 4049 3508 4118 quia
3548 4051 3835 4109 immensa:

2251 4127 2500 4185 bonitatis
2523 4139 2624 4196 est,
2651 4131 2836 4187 iterum
2869 4133 3244 4203 benignitatem
3272 4152 3421 4192 suam
3450 4139 3522 4193 illi
3545 4183 3559 4203 ,
3585 4143 3675 4212 qui
3704 4145 3830 4199 talia

2250 4219 2421 4276 fuerat
2447 4236 2627 4287 ausus,
2658 4224 2941 4280 ostendere
2968 4225 3098 4280 vult.
3137 4226 3272 4283 Dicit
3299 4229 3440 4283 enim
3471 4230 3546 4284 illi
3581 4249 3594 4287 :
3628 4232 3726 4287 Ubi
3755 4246 3832 4289 est

2251 4312 2371 4367 Abel
2395 4313 2552 4382 frater
2582 4323 2695 4368 tum
2713 4315 2740 4368 .’
2763 4315 2917 4369 Multa
2948 4325 3000 4371 et
3029 4318 3287 4373 immensa
3314 4320 3408 4375 Dei
3437 4322 3694 4390 patientia
3723 4337 3828 4382 est.

2247 4403 2360 4459 Non
2386 4407 2527 4460 enim
2555 4406 2844 4477 interrogat
2868 4408 3016 4478 quasi
3044 4407 3269 4479 ignoret,
3305 4411 3396 4466 sed
3424 4413 3652 4482 idipsum
3679 4419 3786 4487 agit
3811 4459 3832 4483 ,

2247 4494 2387 4564 quod
2416 4504 2470 4550 et
2495 4498 2628 4565 patri
2661 4497 2801 4552 illius
2829 4496 3028 4553 fecerat
3060 4515 3073 4550 :
3107 4500 3235 4554 nihil
3278 4502 3418 4556 enim
3453 4504 3630 4559 ohstat
3653 4547 3668 4571 ,
3699 4509 3831 4577 quin

2247 4589 2387 4643 idem
2418 4587 2589 4643 denuo
2609 4587 2838 4643 dicatur.
2869 4589 2998 4644 Nam
3028 4590 3471 4660 quemadmodum
3498 4595 3671 4662 illum,
3705 4613 3829 4654 cum

2246 4693 2306 4734 se
2354 4693 2463 4749 przc
2506 4679 2707 4748 pudore
2751 4681 3002 4735 nuditatis
3047 4690 3282 4752 tegeret,
3329 4684 3544 4751 rogabat
3579 4703 3591 4738 :
3629 4685 3729 4740 Ubi
3775 4705 3831 4744 es

2247 4768 2399 4839 (Gen.
2431 4771 2482 4826 5.
2511 4771 2610 4840 9)?
2640 4787 2742 4826 non
2768 4772 3036 4842 ignorans,
3065 4774 3157 4828 sed
3186 4773 3389 4829 fiducia:
3414 4779 3727 4834 occasiones
3753 4781 3830 4837 iiii

2250 4860 2508 4929 prmbens,
2536 4870 2591 4915 ut
2618 4876 2710 4929 per
2733 4861 3122 4918 confessionem
3149 4866 3346 4933 peccati
3369 4865 3620 4921 delictum
3643 4869 3830 4926 ablue-

2245 4961 2328 5007 ret
2363 4953 2545 5019 (hune
2585 4954 2725 5007 enim
2775 4968 2976 5008 morem
3006 4954 3198 5018 habet,
3231 4964 3289 5010 ut
3330 4957 3398 5012 ab
3437 4957 3588 5013 initio
3612 4975 3640 5013 a
3672 4962 3833 5019 nobis

2247 5052 2579 5111 peccatorum
2601 5046 2775 5115 exigat
2793 5044 3203 5109 confessionem,
3227 5055 3281 5102 et
3301 5048 3506 5104 veniam
3526 5052 3786 5126 prmbeat)
3807 5095 3825 5122 ,

2247 5133 2317 5188 ita
2342 5142 2395 5187 et
2420 5149 2559 5188 nunc
2588 5143 2734 5205 regat
2762 5132 2892 5189 Cain
2920 5177 2933 5200 ,
2967 5145 3017 5189 et
3049 5137 3216 5207 inquit
3244 5154 3257 5190 ε
3295 5135 3387 5195 Ubi
3418 5150 3488 5192 est
3517 5141 3642 5194 Abel
3668 5146 3831 5211 [ruta

2247 5226 2407 5278 tuus?
2456 5224 2811 5295 lgnorautiam
2858 5224 3074 5280 simulat
3110 5228 3369 5298 benignus
3399 5228 3650 5285 Dominus
3679 5274 3694 5293 ,
3730 5233 3831 5288 hac

2247 5316 2657 5386 interrogatione
2677 5331 2821 5381 eum,
2848 5316 2939 5387 qui
2963 5317 3082 5371 talia
3108 5321 3467 5383 commiserat,
3495 5335 3828 5390 praeparans,

2247 5415 2306 5461 ut
2344 5406 2408 5462 ad
2450 5409 2650 5476 peccati
2689 5405 3076 5462 confessionem
3107 5408 3456 5464 adduceretur
3479 5451 3495 5475 ,
3542 5423 3831 5480 possetque

2245 5499 2454 5556 veniam
2497 5499 2635 5555 forte
2659 5509 2716 5556 et
2750 5497 3166 5555 miscricordiam
3205 5501 3436 5570 assequi.
3479 5498 3578 5555 Ubi
3605 5511 3676 5555 est
3708 5502 3833 5558 Abel

2321 5686 2340 5717 ί
2376 5683 2549 5748 Regius
2569 5694 2709 5747 umis,
2735 5679 2969 5748 quomodo
2988 5681 3133 5744 pttuit
3150 5680 3345 5748 adigere
3365 5678 3596 5744 gladium.
