4068 6430
329 403 430 462 1ῧί

328 519 485 587 frater
500 514 652 570 tuus?
665 512 800 581 Quid
819 510 976 582 igitur
987 508 1052 564 ad
1072 508 1184 561 luce
1197 506 1452 576 ingratus,
1470 503 1730 573 stupidus,
1753 509 1926 555 teme-

328 608 503 663 rarius
522 614 576 662 et
600 602 912 675 impudens?
939 603 1068 656 Cum
1093 596 1433 668 cogitandum
1456 604 1598 650 esset
1626 595 1790 647 Deum
1817 606 1923 646 non

329 701 572 768 ignarum
623 697 699 750 rei
748 696 1076 763 interrogare
1100 730 1116 756 ,
1154 685 1248 744 sed
1276 687 1343 743 ab
1375 687 1492 756 ipso
1530 684 1923 741 confessionem

327 789 569 844 criminis
597 787 832 857 exigere,
859 794 913 839 et
940 798 1038 836 nos
1063 781 1281 843 docere,
1313 791 1601 847 numquam
1627 790 1786 830 causa
1817 789 1924 828 non

329 879 630 935 examinati
671 875 991 931 sententiam
1021 881 1205 927 contra
1249 870 1436 924 fratres
1464 878 1675 922 nostros
1699 881 1818 921 esse
1843 865 1922 919 fe-

327 971 550 1028 rendam
577 1011 590 1033 ,
617 978 673 1024 et
713 971 764 1023 in
796 977 1026 1023 mentem
1068 978 1320 1020 revocare
1360 960 1639 1016 consilium
1671 957 1876 1012 Domini
1907 998 1920 1019 ,

327 1063 414 1132 qui
449 1061 592 1115 hunc
624 1060 762 1115 illius
787 1067 1035 1112 conatum
1062 1055 1380 1125 reprimens,
1411 1059 1464 1106 et
1490 1050 1738 1106 conscius
1762 1048 1919 1099 etiant

326 1161 612 1221 antequam
657 1166 743 1206 res
777 1149 1049 1213 eveniret,
1081 1144 1205 1216 quid
1238 1145 1327 1198 ille
1366 1141 1588 1196 haberet
1616 1141 1666 1193 in
1698 1139 1877 1191 animo
1906 1177 1918 1200 ,

309 1243 582 1304 remediis
610 1241 674 1295 ad
703 1238 1135 1310 praeveniendum
1165 1251 1289 1291 usus
1312 1242 1396 1289 est
1419 1251 1430 1286 :
1453 1249 1573 1288 eum
1601 1231 1922 1300 Oportuisset

329 1338 409 1390 his
450 1336 700 1389 omnibus
741 1333 985 1403 cogitatis
1012 1373 1026 1397 ,
1057 1333 1213 1384 tinem
1247 1328 1423 1382 facere
1455 1326 1674 1381 insania:
1697 1367 1710 1388 ,
1744 1325 1922 1378 dicere

325 1427 450 1497 quid
482 1426 699 1490 factum,
731 1422 1013 1478 ostendere
1044 1419 1252 1475 medico
1284 1419 1434 1474 ulcus
1455 1459 1470 1483 ,
1504 1425 1558 1473 et
1583 1416 1826 1485 accipere
1855 1414 1921 1468 ab

326 1519 420 1570 illo
446 1516 732 1588 pharmaea
759 1513 886 1568 :ille
913 1513 1104 1566 iterum
1132 1518 1288 1580 anget
1315 1509 1521 1572 vulnus,
1549 1512 1602 1562 et
1627 1507 1924 1574 ulcussgra-

326 1608 442 1662 vius
489 1605 681 1660 reddit.
731 1603 796 1658 Et
824 1603 988 1670 dixit,
1020 1602 1228 1671 inquit,
1263 1599 1475 1654 Nescio.
1512 1597 1642 1651 Vide
1679 1597 1920 1666 responsi

324 1696 742 1766 impudentiam.‘
758 1693 896 1748 Num
924 1691 1125 1747 homini
1157 1691 1413 1761 loqueris,
1437 1704 1595 1759 quem
1624 1688 1758 1742 forte
1779 1686 1921 1741 deei-

325 1804 453 1858 pere
482 1785 706 1856 posses?
729 1785 934 1851 Nescis,
963 1783 1141 1838 infelix
1166 1792 1219 1838 et
1244 1783 1429 1847 miser,
1457 1781 1576 1851 quis
1602 1789 1683 1836 cst
1709 1779 1797 1849 qui
1825 1777 1919 1833 tibi

323 1877 601 1947 loquitur?
639 1890 743 1930 non
785 1875 986 1944 cogitas
1011 1916 1024 1940 ,
1054 1873 1227 1944 ipsum
1255 1872 1326 1926 ob
1353 1872 1642 1927 bonitatem
1673 1884 1918 1940 magnam

323 1967 679 2036 interrogare,
721 1966 1053 2020 occasionem
1094 1962 1379 2034 quamdam
1421 1961 1660 2016 invenire
1696 1960 1918 2028 cupien-

325 2067 455 2122 tem,
485 2073 581 2126 per
608 2071 766 2126 quam
788 2071 940 2111 suam
970 2055 1062 2110 tibi
1088 2054 1326 2111 declaret
1355 2053 1760 2119 humanitatem,
1785 2061 1838 2106 et
1865 2060 1921 2106 ut

327 2156 509 2217 postea
535 2149 752 2202 tcntatis
773 2162 804 2202 a
825 2162 882 2202 se
905 2145 1175 2211 omnibus,
1203 2146 1401 2200 nullam
1426 2145 1622 2200 habeas
1644 2143 1885 2199 defensio
1901 2175 1918 2187 -

322 2257 469 2307 nem,
491 2249 677 2310 utpote
697 2240 787 2310 qui
809 2254 977 2310 poenae
1004 2238 1232 2310 teipsum
1261 2239 1549 2292 obnoxium
1573 2238 1868 2293 constituas
1896 2237 1919 2291 ?

418 2333 690 2386 Accusatio
744 2331 1059 2385 conscientia:
1099 2348 1252 2402 quam
1295 2331 1479 2400 gravis.
1515 2358 1588 2370 -—
1638 2329 1702 2383 Et
1743 2331 1871 2383 dicit
1899 2334 1921 2397 ,'

322 2427 513 2496 inquit,
551 2424 757 2480 Nescio.
794 2423 934 2478 Nunt
958 2434 1126 2478 custos
1150 2425 1323 2495 fratris
1350 2424 1447 2476 mei
1494 2440 1607 2476 sunt
1649 2425 1778 2493 ego?
1816 2422 1920 2477 Cu-

318 2518 426 2587 gita
470 2516 556 2570 hic
598 2516 941 2571 conscientia:
984 2515 1378 2570 accusationem
1419 2524 1473 2569 et
1515 2514 1784 2584 quomodo
1826 2516 1915 2585 qui

319 2608 650 2664 conscientia
673 2607 1047 2678 impellebatur
1065 2650 1080 2673 ,
1109 2617 1166 2662 ut
1193 2609 1260 2661 ita
1283 2607 1491 2674 dicam,
1525 2623 1620 2662 nec
1639 2619 1914 2678 postquam

318 2702 472 2766 disit,
506 2699 713 2764 Nescio,
749 2700 909 2755 finem
936 2699 1147 2754 dicendi
1175 2700 1317 2765 fecit,
1349 2699 1440 2753 sed
1467 2698 1703 2754 subdidit
1732 2717 1745 2749 :
1773 2698 1917 2752 Nam

317 2802 484 2846 (tutos
510 2791 683 2861 fratris
709 2793 805 2845 mei
831 2808 943 2846 sum
981 2791 1114 2862 ego?
1165 2799 1367 2846 tantum
1393 2806 1498 2845 non
1527 2792 1759 2861 seipsum
1791 2792 1916 2846 red-

318 2897 568 2953 arguens.
611 2882 822 2938 Atcnim
854 2883 897 2936 si
927 2897 993 2938 ex
1014 2881 1364 2952 consequenti
1391 2882 1486 2938 abs
1533 2891 1583 2936 te
1624 2892 1875 2952 ageretur
1895 2923 1912 2949 ,

317 2973 611 3030 secundum
653 2983 856 3029 naturae
888 2974 1028 3045 leges
1058 2973 1333 3029 custodem
1375 2973 1625 3029 fraterna:
1651 2974 1836 3029 salutis
1866 2984 1916 3028 te

319 3083 441 3121 esse
465 3067 763 3136 oportebat.
796 3067 905 3121 lloc
933 3066 1074 3121 enim
1115 3075 1300 3120 natura
1327 3065 1596 3131 decrevit,
1625 3075 1678 3121 et
1705 3073 1916 3136 oportet

317 3172 411 3212 eos
435 3158 523 3226 qui
548 3138 612 3211 ex
633 3157 820 3211 eodem
844 3164 998 3212 utero
1019 3157 1130 3210 nati
1152 3167 1277 3210 sunt
1297 3165 1480 3211 mutuo
1502 3172 1620 3212 esse
1641 3156 1910 3211 custodes.

316 3248 469 3317 Quod
499 3248 544 3302 si
585 3246 687 3302 hoc
711 3247 930 3302 nolebas
953 3287 968 3312 ,
998 3257 1051 3302 et
1080 3247 1298 3302 noluisti
1324 3256 1506 3303 custos
1535 3261 1655 3304 esse
1687 3248 1864 3303 fratris
1896 3265 1909 3304 :

315 3355 482 3410 quare
511 3353 639 3409 ergo
669 3339 807 3393 illius
836 3339 1148 3394 interfector
1174 3352 1235 3395 es
1270 3338 1439 3394 factus
1464 3381 1477 3404 ,
1508 3349 1560 3394 et
1587 3356 1708 3395 eum
1742 3343 1826 3410 qui
1864 3349 1914 3396 te

317 3430 462 3487 nulla
501 3429 676 3485 affecit
718 3431 908 3500 injuria
939 3431 1220 3497 occidisti,
1249 3438 1303 3486 et
1334 3432 1527 3500 putasti
1566 3432 1764 3485 tntillum
1797 3431 1913 3488 fore

314 3523 402 3594 qui
439 3533 490 3577 te
529 3521 596 3576 de
630 3521 731 3577 hoc
760 3522 1186 3592 reprchensurus
1211 3523 1391 3577 esset?
1417 3521 1521 3576 Sed
1548 3533 1795 3591 ex5pccta
1817 3565 1830 3586 ,
1860 3533 1914 3578 et

317 3614 526 3669 videbis
549 3622 917 3669 accusatorem
946 3622 1094 3668 tuum
1121 3612 1235 3669 fore
1260 3629 1381 3669 eum
1410 3615 1499 3685 qui
1526 3615 1833 3670 interfectus
1859 3625 1913 3672 et

313 3714 616 3777 prostratus
637 3706 801 3776 jacet,
826 3715 877 3760 et
907 3714 958 3760 te
983 3709 1247 3761 viventem
1275 3715 1330 3761 et
1358 3707 1739 3772 ambulantem,
1767 3709 1910 3762 clara

315 3812 450 3851 voce
471 3806 863 3851 accusaturum.
895 3797 979 3850 10.
1004 3793 1072 3849 Ει
1097 3797 1217 3849 dicit
1242 3795 1382 3851 Deut
1404 3813 1422 3850 :
1447 3796 1584 3863 Quid
1597 3797 1762 3869 fecisti
1783 3798 1914 3853 hoc?

313 3885 501 3957 Magna
547 3886 705 3957 hujus
753 3887 899 3942 verbi
949 3887 1218 3942 recondita
1265 3889 1344 3942 vis
1386 3897 1503 3953 est,
1535 3899 1589 3944 et
1615 3888 1910 3960 emphasis.

313 3977 490 4044 Quare
508 4017 523 4043 ,
559 3977 761 4048 inquit,
796 3977 898 4033 hoc
926 3986 1176 4047 operatus
1199 3978 1296 4032 es?
1324 3995 1488 4050 quare
1514 3980 1777 4036 admisisti
1807 3997 1902 4038 ne-

313 4068 504 4124 farium
539 4069 641 4124 hoc
670 4068 876 4124 facinus
900 4111 913 4135 ,
942 4069 1297 4125 abominabile
1326 4085 1462 4139 Opus
1487 4111 1503 4138 ,
1532 4070 1728 4126 factum
1757 4073 1910 4129 inex-

313 4159 506 4228 piabile
534 4200 550 4227 ,
598 4160 859 4214 insaniam
910 4161 1296 4215 intolerabilem
1324 4201 1340 4228 ,
1383 4161 1585 4218 eadem
1625 4179 1816 4219 novam
1857 4175 1912 4222 et

311 4252 628 4322 stupendam
650 4293 664 4316 ,
691 4253 801 4322 jam
835 4254 1062 4322 prinmm
1090 4253 1142 4307 in
1173 4253 1446 4307 hominum
1481 4255 1640 4309 vitam
1669 4266 1754 4310 tua
1780 4256 1912 4312 dex-

313 4353 426 4398 tcra
475 4345 783 4398 invectam?
827 4361 922 4400 cur
967 4345 1136 4400 fecisti
1181 4345 1283 4401 hoc
1328 4354 1434 4399 tam
1475 4362 1758 4417 magnum,
1802 4359 1910 4404 tam

313 4434 552 4488 terribile
573 4475 588 4498 ,
621 4449 726 4503 quo
758 4449 862 4489 non
907 4447 988 4490 est
1027 4445 1301 4506 peccatum
1331 4437 1473 4491 aliud
1505 4437 1756 4508 gravius?
1802 4439 1913 4494 Vox

309 4527 573 4597 sanguinis
599 4527 772 4597 fratris
797 4527 872 4580 tui
897 4528 1082 4580 clamat
1112 4528 1182 4582 ad
1207 4544 1284 4582 me
1307 4527 1371 4582 de
1399 4539 1549 4584 terra.
1586 4529 1719 4584 Num
1749 4530 1911 4587 homo

312 4633 452 4683 smn,
481 4619 673 4689 inquit,
701 4620 789 4688 qui
818 4620 984 4674 solam
1015 4620 1155 4674 illam
1186 4637 1372 4677 vocem
1401 4621 1636 4688 audiam,
1669 4639 1788 4694 qua:
1815 4639 1911 4693 per

313 4709 543 4780 linguatn
585 4708 896 4779 profertur?
945 4709 1084 4765 Deus
1122 4726 1239 4766 sum
1267 4755 1281 4780 ,
1323 4715 1412 4784 qui
1461 4729 1676 4784 possunt
1717 4723 1773 4770 et
1814 4730 1910 4784 per

311 4802 622 4870 sanguinein
663 4801 849 4857 audire
888 4802 1206 4859 clamantem
1231 4846 1246 4870 ,
1280 4813 1335 4861 et
1373 4806 1519 4861 lmmi
1560 4817 1905 4877 prostratum.

313 4891 450 4945 Ecce
479 4906 761 4960 quousque
801 4892 943 4946 volat
982 4908 1081 4946 vox
1111 4897 1385 4964 sanguinis
1427 4897 1582 4965 hujus
1607 4939 1620 4964 ,
1648 4914 1816 4967 usque
1854 4898 1907 4952 in

311 4981 499 5036 caelum
525 4996 554 5035 a
581 4994 720 5037 terra
748 4983 1010 5051 ascendit,
1041 4993 1092 5039 et
1121 4995 1539 5054 praetercurrens
1568 4989 1780 5052 caelum,
1804 5004 1907 5044 ca:-

312 5074 468 5143 loque
489 5075 800 5143 superiores
827 5075 1073 5142 virtutes,
1106 5077 1253 5146 regio
1279 5078 1414 5132 solio
1439 5079 1658 5144 assistit,
1681 5089 1733 5134 ct
1760 5090 1906 5135 tuum

311 5166 555 5234 deplorat
576 5165 946 5232 homicidium,
973 5183 1036 5221 ac
1059 5168 1317 5223 nefarium
1347 5171 1446 5226 hoc
1468 5174 1642 5227 scelus
1666 5183 1902 5228 accusat.

324 5257 434 5312 Vox
459 5259 725 5330 sanguinis
755 5259 930 5329 fratris
959 5261 1028 5313 tui
1056 5261 1240 5314 clamat
1265 5263 1333 5314 ad
1359 5281 1438 5317 me
1463 5265 1526 5317 de
1553 5277 1706 5318 terra.
1738 5265 1870 5319 Nunt
1890 5307 1904 5331 ,

314 5350 501 5421 inquit,
531 5351 584 5404 in
607 5351 840 5405 alienum
863 5360 916 5406 ct
935 5351 1197 5422 hOSpitem
1221 5354 1550 5426 iniquitatem
1573 5358 1708 5410 hanc
1732 5369 1907 5428 patra-

316 5443 420 5496 sti?
453 5442 509 5496 lu
535 5441 755 5498 fratrem
789 5453 934 5498 tuum
958 5487 973 5510 ,
1007 5445 1156 5500 illum
1183 5446 1270 5517 qui
1299 5448 1440 5503 nulla
1473 5461 1522 5505 te
1553 5450 1742 5520 injuria
1773 5452 1905 5508 affe-

312 5541 490 5598 cerat,
521 5534 738 5588 szevisti.
777 5534 883 5590 Sed
916 5535 1050 5590 forte
1090 5537 1458 5594 benevolentia
1491 5556 1608 5596 mea
1650 5541 1786 5598 hanc
1833 5545 1903 5599 illi

311 5625 512 5678 tandem
545 5626 781 5695 peperit.
813 5635 866 5681 et
896 5643 1014 5681 cum
1047 5643 1149 5683 non
1182 5644 1366 5698 posses
1395 5647 1601 5686 mecum
1634 5649 1901 5703 pugnare,

315 5715 365 5769 in
399 5713 547 5769 illum
578 5715 809 5770 effudisti
854 5716 1087 5773 furorem
1123 5730 1270 5774 tuum
1313 5721 1647 5778 indomitum.
1698 5725 1904 5794 Eapro~

318 5818 429 5875 pter
455 5803 616 5861 talem
641 5806 732 5863 tibi
759 5822 970 5877 pronam
995 5809 1238 5883 inferam,
1267 5821 1322 5867 ut
1346 5814 1515 5871 audax
1540 5815 1677 5872 istud
1701 5816 1905 5875 facinus

1387 388 1452 445 IN
1493 387 1646 447 CAP.
1690 386 1777 442 IV.
1822 385 2069 447 GENES.
2105 381 2338 442 HOMIL.
2377 383 2522 441 XIX.

3535 371 3639 427 ifi‘l

2036 495 2284 551 oblivioni
2310 495 2446 551 tradi
2476 512 2591 551 non-
2610 496 2798 567 possit,
2824 506 2874 551 ct
2901 513 3018 567 qua:
3046 498 3097 552 in
3130 509 3180 555 te
3208 499 3362 569 fiunt,
3384 503 3640 560 omnibus

2033 588 2256 656 posthac
2301 589 2605 657 sequuturis
2649 589 2929 659 castigatio
2963 601 3017 645 et
3060 591 3356 650 admonitio
3399 597 3526 651 sint.
3566 597 3635 652 Et

2032 693 2164 729 nunc
2184 719 2197 737 ,
2229 679 2348 746 quia
2380 677 2481 732 hoc
2509 678 2717 743 fecisti,
2746 689 2798 733 et
2825 681 3018 734 malam
3047 681 3373 738 voluntatem
3402 686 3468 740 ad
3498 685 3630 743 effe-

2031 777 2174 823 ctum
2207 771 2467 826 deduxisti
2495 812 2508 835 ,
2541 781 2594 825 et
2623 787 2715 839 per
2743 773 2994 828 invidiam
3031 774 3236 830 caedem
3270 780 3589 835 commisisti
3616 822 3632 846 ,

2033 861 2335 917 Maledictus
2362 873 2414 915 tu
2444 865 2508 917 de
2534 875 2686 917 terra.

2101 953 2150 1006 3.
2177 953 2335 1008 Vides
2366 953 2761 1008 maledictionis
2787 955 3162 1024 differentiam,
3187 959 3420 1016 dilecte?
3443 961 3520 1017 Ne
3547 965 3646 1033 igi-

2032 1054 2115 1098 tur
2154 1045 2615 1099 inconsideranter
2647 1045 2770 1100 hinc
2814 1056 3076 1114 transeas,
3118 1050 3214 1104 sed
3252 1066 3316 1105 ex
3363 1053 3633 1108 maledicti

2027 1137 2392 1207 magnitudine
2465 1137 2648 1206 flagitii
2727 1139 3112 1195 immanitatem
3187 1145 3453 1211 expende.
3499 1145 3632 1200 Nam

2027 1240 2227 1299 quanto
2257 1229 2425 1299 majus
2455 1231 2520 1284 sit
2556 1242 2830 1299 peceatum
2871 1233 2973 1286 hoc
3003 1235 3443 1302 praevaricatione
3476 1239 3632 1307 primi

2029 1321 2279 1386 hominis,
2303 1337 2366 1375 es
2394 1322 2787 1376 maledictionis
2808 1324 3066 1379 varietate
3095 1326 3235 1381 scire
3263 1327 3456 1381 volenti
3485 1330 3630 1385 licet.

2029 1410 2140 1465 Illic
2193 1414 2332 1466 cnim
2381 1413 2543 1481 inquit
2584 1431 2596 1466 :
2638 1413 2917 1469 Maledicta
2975 1427 3109 1470 terra
3162 1419 3214 1472 in
3254 1418 3488 1490 aperibus
3537 1424 3636 1477 tuis

2029 1501 2197 1573 (Gen.
2233 1503 2284 1557 5.
2319 1504 2406 1573 Π)
2435 1522 2447 1557 :
2476 1513 2530 1558 et
2572 1505 2624 1558 in
2680 1517 2876 1560 terram
2929 1506 3094 1562 effusa
3144 1519 3225 1563 est
3284 1512 3586 1567 maledictio
3615 1555 3632 1580 ,

2027 1602 2239 1647 ostensa
2285 1609 2378 1649 sua
2420 1597 2468 1649 in
2517 1595 2789 1652 hominem
2825 1614 2997 1654 cura:
3034 1599 3121 1656 hic
3160 1617 3289 1656 vero
3331 1605 3451 1673 quia
3498 1621 3634 1674 opus

2028 1685 2426 1754 perniciosum,
2470 1687 2676 1743 facinus
2723 1692 2990 1760 iniquum,
3017 1703 3070 1748 et
3117 1694 3439 1764 inexpiabile
3479 1697 3635 1768 flagi-

2027 1779 2178 1840 tium,
2202 1777 2314 1846 ipse
2337 1778 2675 1834 maledictum
2694 1780 2890 1849 excipit
2913 1802 2924 1836 :
2953 1783 3040 1836 ff.
3065 1781 3131 1836 Et
3153 1800 3288 1838 nunc
3309 1785 3630 1852 mult-dictus,

2027 1868 2214 1937 inquit,
2251 1879 2302 1922 tu
2330 1869 2393 1923 de
2421 1879 2572 1923 terra.
2603 1871 2733 1925 Nam
2764 1873 2886 1943 quia
2927 1872 3094 1928 ferme
3125 1877 3313 1931 eadem
3358 1879 3467 1947 egit
3512 1896 3631 1948 qua:

2024 1972 2267 2029 serpens,
2296 1967 2352 2015 et
2376 1962 2527 2028 quasi
2551 1977 2808 2032 organum
2835 1963 3052 2020 servivit
3091 1964 3288 2020 diaboli
3324 1970 3630 2036 sententi-19,

2027 2057 2080 2103 et
2111 2051 2249 2105 sicut
2301 2050 2392 2107 ille
2431 2037 2618 2108 fraude
2661 2054 3039 2109 mortalitatem
3078 2055 3419 2112 introduxit:
3451 2060 3528 2114 sic
3577 2071 3632 2117 et

2025 2139 2110 2194 hic
2137 2140 2422 2212 deceptum
2455 2141 2672 2197 fratrem
2701 2154 2754 2199 et
2785 2145 2836 2198 in
2861 2159 3110 2215 campum
3143 2149 3393 2203 eductum
3423 2162 3630 2207 armata

2024 2234 2077 2288 in
2111 2233 2257 2289 illum
2285 2250 2446 2290 manu
2485 2237 2700 2290 occidit.
2727 2236 3020 2308 Propterea
3045 2239 3184 2294 sicut
3215 2241 3289 2295 illi
3322 2240 3475 2308 dixit,
3509 2243 3628 2297 Ma-

2024 2325 2234 2378 ledictus
2278 2335 2333 2379 tu
2367 2326 2497 2380 inter
2537 2343 2710 2382 omnes
2739 2329 2917 2383 bestias
2939 2338 3088 2384 terra:
3110 2330 3270 2404 (Ibid.
3309 2348 3356 2385 υ.
3388 2333 3514 2401 14);
3547 2336 3628 2391 sic

2023 2426 2075 2471 et
2104 2416 2246 2481 huic,
2280 2418 2367 2486 qui
2395 2417 2582 2473 eadem
2612 2435 2732 2489 qua:
2769 2419 2861 2476 ille
2897 2430 3150 2492 operatus
3180 2423 3294 2476 fuit.
3325 2422 3458 2478 Nam
3492 2425 3634 2482 sicut

2023 2509 2291 2576 diabolus,
2319 2512 2443 2566 odio
2464 2521 2518 2567 et
2547 2513 2744 2568 invidia
2773 2523 2969 2580 motus,
3000 2529 3108 2569 n0n
3133 2514 3310 2570 ferens
3343 2527 3418 2571 tot
3441 2517 3630 2573 ineffa-

2023 2603 2146 2658 bilia
2195 2603 2453 2658 beneficia
2485 2646 2498 2668 ,
2527 2621 2646 2676 qua:
2698 2606 2749 2660 in
2799 2606 3073 2663 hominem
3121 2611 3189 2662 ab
3237 2609 3389 2664 initio
3435 2611 3629 2665 collata

2022 2702 2165 2759 sunt,
2201 2693 2396 2748 invidia
2426 2695 2493 2748 ad
2522 2694 2896 2760 deceptionem
2937 2697 3313 2752 exstimulatus
3342 2709 3426 2754 est
3447 2740 3464 2762 .
3509 2715 3631 2770 qua:

2022 2794 2248 2838 mortem
2281 2784 2552 2841 induceret
2585 2803 2599 2840 :
2634 2790 2702 2840 ita
2747 2797 2803 2842 et
2841 2787 2926 2841 hic
2959 2787 3053 2843 Dei
3082 2804 3205 2859 erga
3234 2788 3452 2845 fratrem
3474 2806 3629 2847 suum

2021 2875 2452 2931 benevolentiam
2477 2893 2722 2947 magnam
2758 2879 2965 2943 videns,
2990 2897 3054 2934 ex
3084 2881 3277 2935 invidia
3309 2882 3375 2937 ad
3406 2885 3631 2940 homicio

2020 2967 2166 3021 dium
2200 2969 2446 3038 prosiliit.
2491 2970 2692 3024 Idcirco
2733 2971 2860 3025 dicit
2893 2972 2965 3024 illi
2998 2989 3009 3025 :
3047 2971 3113 3025 Et
3154 2990 3288 3025 nime
3330 2975 3631 3030 ntalediclm

2019 3067 2074 3111 tu
2101 3058 2164 3110 de
2191 3071 2346 3112 terra.
2377 3059 2708 3126 Maledictus,
2741 3062 2928 3132 inquit,
2952 3063 3080 3127 eris,
3105 3075 3160 3118 ct
3193 3075 3348 3120 terra:
3379 3069 3474 3131 illi,
3502 3070 3630 3133 Quae

2018 3148 2214 3216 aperuit
2237 3163 2293 3202 os
2316 3165 2484 3215 suum,
2515 3160 2570 3202 ut
2595 3151 2892 3222 sanguinem
2916 3153 3094 3221 fratris
3142 3157 3214 3208 tui
3254 3156 3317 3209 tle
3348 3175 3504 3211 manu
3543 3169 3630 3214 tua

2018 3237 2287 3305 exciperet.
2323 3237 2387 3292 Et
2415 3248 2570 3294 terra:
2614 3241 2723 3305 illi,
2757 3243 2958 3310 inquit,
2992 3246 3094 3298 erit
3123 3246 3475 3313 maledictus,
3507 3265 3628 3321 qua:

2018 3330 2267 3383 sustinuit
2301 3330 2388 3383 tali
2420 3333 2676 3402 sanguine
2706 3333 2946 3403 irrigari,
2970 3337 3057 3405 qui
3090 3351 3211 3390 cum
3246 3347 3391 3394 tanta
3421 3341 3630 3396 abomi-

2020 3424 2232 3476 nationc
2260 3438 2289 3476 a
2315 3431 2419 3475 tam
2450 3424 2610 3492 impia
2640 3441 2798 3478 manu
2824 3425 3025 3482 effusus
3055 3437 3157 3483 est.
3190 3429 3320 3484 Dein
3351 3431 3626 3503 Scriptura

2019 3515 2194 3568 divina
2239 3515 2669 3572 maledictionem
2721 3518 3121 3588 interpretans,
3169 3524 3504 3581 manifestius
3541 3527 3626 3583 dio

2017 3605 2127 3658 cit:
2157 3604 2241 3658 1‘3.
2271 3605 2488 3671 Quando
2514 3617 2749 3676 operatus
2780 3611 2935 3679 fueris
2967 3621 3171 3677 terram,
3208 3631 3308 3667 non
3335 3616 3541 3685 adjiciet
3570 3629 3625 3672 ut

2017 3696 2098 3749 det
2138 3698 2225 3749 tibi
2268 3696 2420 3750 robur
2446 3715 2614 3753 suum.
2646 3699 2834 3769 Magna
2869 3717 3041 3770 ptenze.
3085 3707 3330 3772 species,
3363 3719 3415 3762 et
3457 3724 3626 3779 grave

2019 3785 2397 3855 indignationis
2429 3788 2654 3858 pondus.
2689 3789 2951 3846 Laborem
2975 3795 3212 3862 quidem,
3243 3797 3433 3866 inquit,
3464 3801 3626 3856 susti-

2019 3879 2138 3932 nebi
2175 3920 2189 3945 ,
2217 3889 2272 3935 et
2297 3897 2414 3949 qua:
2445 3891 2499 3934 tu
2522 3881 2702 3937 facere
2735 3894 2908 3952 potes,
2939 3886 3115 3938 omnia
3142 3886 3326 3953 facies,
3355 3899 3407 3943 et
3433 3906 3630 3960 opera-

2019 3968 2158 4023 beris
2196 3977 2391 4024 terram
2433 3971 2522 4024 tali
2573 3974 2832 4042 sanguine
2877 3973 3207 4044 inquinatam
3242 3996 3256 4031 :
3289 3980 3489 4034 nullum
3527 3998 3628 4037 au.-

2017 4068 2126 4116 tem
2185 4073 2352 4116 metes
2406 4062 2634 4118 fructum
2691 4075 2797 4119 tam
2851 4067 3139 4122 multorum
3196 4069 3433 4126 laborum
3466 4116 3479 4139 ,
3532 4079 3626 4132 sed

2019 4155 2217 4210 inutilis
2255 4157 2359 4211 erit
2387 4158 2476 4211 tibi
2507 4159 2682 4213 omnis
2715 4161 2864 4214 labor
2889 4176 3048 4230 quem
3079 4161 3291 4218 feceris.
3325 4165 3510 4238 Neque
3538 4169 3624 4225 hic

2017 4247 2140 4301 finis
2165 4247 2263 4302 erit
2304 4264 2495 4318 postue,
2525 4251 2619 4304 sed
2665 4257 2720 4304 et
2761 4251 2976 4306 Gemens
3009 4263 3055 4306 et
3100 4263 3318 4310 tremens
3354 4259 3453 4312 erit
3480 4276 3630 4328 super

2017 4348 2222 4393 terram.
2254 4341 2458 4396 Rursus
2486 4351 2538 4397 ct
2575 4342 2678 4398 hoc
2715 4344 3002 4400 maximum
3027 4356 3108 4401 est
3145 4350 3390 4418 supplicii
3428 4368 3620 4423 genus,

2018 4441 2272 4501 perpetuo
2295 4449 2507 4501 gemere
2535 4449 2598 4488 ac
2627 4443 2876 4491 tremere.
2907 4437 3038 4503 Quia
3067 4440 3233 4505 enim,
3268 4441 3458 4510 inquit,
3490 4444 3624 4498 abu-

2017 4535 2108 4574 sus
2135 4536 2192 4574 es
2222 4521 2415 4576 robore
2458 4525 2718 4592 corporis,
2754 4535 2806 4579 et
2837 4526 3198 4582 membrorum
3233 4532 3464 4598 viribus,
3497 4549 3624 4603 pro-

2018 4625 2134 4679 pzer
2179 4612 2280 4667 hoc
2318 4614 2629 4668 continuum
2680 4617 2820 4672 hunc
2863 4626 3149 4673 tremorem
3190 4630 3242 4675 et
3284 4633 3488 4678 motum
3533 4625 3623 4679 tibi

2017 4703 2210 4768 infero,
2243 4713 2299 4759 ut
2347 4720 2453 4761 non
2502 4706 2674 4760 solum
2718 4707 2831 4777 ipse
2871 4707 3276 4781 habeasjugem
3303 4713 3625 4771 admonitio-

2014 4814 2138 4852 nem
2171 4807 2225 4852 ct
2273 4800 2587 4853 memoriam
2629 4799 2790 4868 hujus
2827 4801 3020 4856 nefasti
3061 4804 3280 4861 sceleris
3314 4823 3328 4860 :
3362 4807 3457 4862 sed
3489 4817 3542 4862 ut
3572 4821 3623 4865 et

2017 4906 2206 4946 omnes
2233 4892 2322 4962 qui
2369 4899 2419 4946 te
2447 4892 2697 4960 viderint,
2732 4895 2847 4949 viso
2881 4905 2962 4960 te,
2990 4895 3141 4966 quasi
3183 4898 3328 4953 clara
3362 4901 3467 4955 illis
3491 4917 3625 4958 Voce

2015 4993 2368 5054 personante,
2405 4984 2614 5039 discant
2659 5001 2728 5041 ne
2768 4987 2892 5040 talia
2919 4988 3180 5056 audeant,
3217 5000 3274 5044 nt
3314 5009 3382 5048 ne
3428 4993 3622 5049 similia

2019 5077 2288 5145 patiantur
2320 5095 2332 5131 :
2365 5087 2418 5132 et
2448 5092 2605 5147 poena
2633 5087 2721 5133 tua
2753 5080 2886 5133 alios
2915 5079 3108 5136 doceat
3135 5099 3323 5140 omnes
3346 5128 3358 5146 ,
3391 5104 3456 5140 ne
3486 5087 3622 5142 ultra

2018 5169 2106 5221 tali
2133 5168 2389 5237 sanguine
2417 5179 2613 5224 terram
2642 5171 2904 5240 polluant.
2930 5171 3222 5242 Propterea
3255 5193 3358 5230 non
3394 5178 3542 5233 brevi
3571 5187 3622 5234 te

2017 5270 2190 5316 morte
2216 5262 2446 5331 plectam
2468 5304 2481 5326 ,
2517 5271 2572 5315 ut
2613 5278 2679 5318 ne
2710 5263 2904 5317 factum
2935 5265 3189 5319 oblivioni
3216 5267 3492 5324 tradatur:
3523 5272 3620 5326 sed

2017 5355 2178 5408 vitam
2221 5363 2392 5409 morte
2429 5355 2729 5424 graviorem
2771 5357 3038 5412 sustinere
3077 5369 3126 5414 te
3164 5360 3393 5426 curabo,
3429 5371 3486 5418 ut
3532 5380 3627 5433 per

2019 5443 2133 5500 hsce
2159 5445 2336 5499 discas
2358 5448 2534 5515 qualia
2564 5450 2974 5517 perpetraveris.
3002 5451 3090 5505 13.
3125 5450 3185 5504 Et
3215 5452 3342 5505 dixit
3373 5453 3498 5508 Cain
3528 5454 3627 5508 Do-

2018 5537 2153 5590 mino
2174 5553 2194 5590 :
2225 5536 2399 5608 Major
2426 5549 2500 5592 est
2526 5555 2682 5594 causa
2711 5557 2842 5608 mea,
2865 5558 3017 5608 quant
3049 5552 3101 5595 ut
3132 5543 3361 5596 dimittar
3382 5561 3493 5615 ego.
3518 5546 3625 5599 Ma-

2016 5647 2177 5701 gnum
2206 5633 2426 5704 aliquid,
2458 5641 2511 5687 et
2539 5633 2696 5688 saluti
2726 5645 2925 5690 nostrae
2956 5637 3243 5706 plurimum
3272 5638 3403 5693 uti‘c
3436 5637 3544 5703 hic,
3578 5638 3622 5692 si

2016 5726 2202 5781 attenti
2250 5726 2546 5792 fuerimus,
2583 5727 2764 5784 licebit
2803 5729 3099 5783 addiscere.
3159 5729 3224 5783 Et
3268 5730 3396 5784 dixit
3448 5729 3624 5784 Cain:

2019 5821 2193 5896 Major
2224 5831 2295 5878 est
2326 5839 2480 5878 causa
2520 5841 2650 5889 mea,
2691 5839 2842 5893 quam
2880 5833 2929 5877 ut
2969 5824 3196 5878 dimittar
3215 5841 3326 5896 ego.
3363 5823 3499 5882 Ecce
3529 5823 3620 5881 ab-
