4068 6392
538 340 640 399 163

526 453 699 508 soluta
722 448 1005 508 confessio.
1029 445 1161 505 'l'ale
1188 454 1497 518 tantumque
1539 452 1621 501 est
1640 485 1656 511 ,
1687 443 1886 513 inquit,
1916 456 2101 516 peca-

530 554 640 598 tnm
667 541 809 614 quod
841 540 1125 613 commisi,
1155 546 1212 595 ιιι
1241 552 1347 594 non
1373 535 1569 608 possim
1605 534 1849 604 accipere
1874 534 2102 589 veniam.

537 633 697 700 Ecce,
722 632 864 690 dieet
898 631 1110 702 aliquis,
1138 630 1412 686 confessus
1438 635 1544 693 est,
1572 632 1775 682 etcum
1800 637 1990 695 magna
2017 637 2105 679 ao-

527 725 802 781 curatione
824 722 1101 780 confessus
1120 730 1201 778 est
1224 738 1238 774 :
1270 718 1367 776 sed
1387 717 1519 781 nihil
1545 716 1667 773 inde
1694 715 1851 780 lucri,
1878 714 2102 771 dilecte:

527 816 897 887 intempestiva
947 814 1089 870 enim
1129 810 1398 868 confessio
1434 818 1537 867 est.
1580 808 1693 865 Hoc
1739 808 1886 864 enim
1930 806 2108 863 facere

530 905 808 977 oportebat
848 912 1087 974 tempore
1113 901 1446 974 congruenti,
1469 898 1681 971 quando
1717 897 1893 954 adhuc
1933 896 2105 973 impe-

529 997 657 1053 trari
702 1004 909 1068 poterat
947 1009 979 1050 a
1018 993 1206 1051 Iudice
1252 990 1636 1048 misericordia.
1664 988 1925 1051 leniores
1965 1000 2106 1042 nunc

525 1094 695 1142 estote
727 1084 844 1155 ejus
867 1084 1008 1156 quod
1047 1083 1204 1155 paulo
1234 1091 1357 1137 ante
1389 1080 1535 1148 dixi,
1580 1094 1771 1150 nempe
1804 1080 1857 1134 in
1885 1076 2101 1134 terribili

525 1178 619 1233 illo
641 1176 731 1234 die
754 1183 810 1233 et
847 1176 900 1232 in
928 1175 1198 1240 tribunali,
1227 1174 1281 1230 in
1310 1188 1416 1245 quo
1454 1174 1597 1229 nulla
1641 1184 1984 1242 personarum
2009 1183 2119 1231 aes

523 1267 721 1338 eeptio,
749 1266 863 1322 fore
885 1274 942 1321 ut
960 1264 1320 1336 unusquisque
1345 1270 1583 1318 n’ostrum
1604 1262 1674 1317 ob
1694 1269 1909 1333 peccata
1934 1260 2104 1331 pani-

525 1357 689 1411 tentia
721 1355 963 1422 ducatur,
994 1355 1181 1410 videns
1204 1364 1259 1410 et
1296 1360 1417 1407 ante
1446 1351 1630 1407 oculos
1658 1350 1861 1406 habens
1890 1348 2101 1406 terribi-

525 1446 594 1502 lia
622 1446 711 1502 illa
740 1453 998 1525 tormenta
1022 1485 1038 1511 ,
1065 1455 1119 1502 et
1158 1443 1486 1500 inevitabiles
1524 1454 1741 1511 pinnas,
1774 1440 1867 1497 sed
1907 1440 2101 1495 nullam

523 1539 647 1595 inde
672 1538 951 1595 habiturus
980 1538 1284 1602 utilitatem,
1319 1548 1556 1605 tempore
1581 1533 1889 1589 destitutus.

591 1627 897 1684 Pwnitentia
925 1637 1041 1683 ante
1068 1642 1268 1698 pinnam
1295 1626 1453 1679 utilis.
1482 1654 1553 1665 --
1582 1623 1898 1680 Pumilentia
1921 1622 2063 1677 enim
2085 1663 2099 1686 ,

523 1718 832 1788 priusquam
860 1732 1015 1788 poena
1044 1717 1320 1784 inferatur,
1346 1725 1553 1784 tempus
1581 1713 1760 1780 habet,
1786 1723 1840 1767 ct
1861 1711 2104 1769 inelfabi-

523 1809 627 1864 lem
656 1808 780 1862 vim.
811 1806 1040 1863 Proinde
1066 1807 1311 1872 obsecro,
1337 1819 1459 1860 cum
1486 1803 1659 1859 adhuc
1683 1804 1871 1859 efficax
1903 1812 1986 1859 cst
2014 1804 2103 1857 mi-

524 1898 726 1954 rificum
755 1899 857 1953 hoc
891 1896 1234 1968 pbarmacum
1261 1938 1275 1963 ,
1303 1896 1581 1953 commoda
1624 1905 1677 1950 et
1717 1896 1939 1951 fructum
1980 1895 2104 1952 inde

522 1988 875 2059 percipiamus
896 2027 912 2054 ,
947 1997 1002 2045 ct
1028 2003 1149 2044 cum
1183 1986 1357 2043 adhuc
1401 2001 1585 2042 sumus
1611 1989 1661 2041 in
1690 1987 1936 2055 praesenti
1962 1988 2062 2041 vita
2083 2027 2100 2053 ,

524 2079 850 2147 pamitentiie
901 2078 1232 2134 medicamen
1274 2077 1424 2133 nobis
1473 2090 1841 2147 apponamus,
1871 2077 2103 2133 scientes

522 2171 756 2242 liquido,
790 2171 918 2226 nihil
964 2180 1089 2224 tunc
1126 2169 1279 2224 nobis
1324 2168 1688 2239 paenitentiam
1733 2166 2096 2238 profuturam,

520 2279 640 2320 cum
684 2264 915 2319 solutum
949 2261 1511 2333 fueritspectaculum,
1536 2271 1592 2318 et
1620 2271 1827 2331 tempus
1850 2260 2097 2316 certami-

520 2370 647 2409 num
674 2354 927 2409 ablatum.

593 2447 645 2501 4.
677 2446 874 2501 Verum
912 2445 979 2501 ad
1017 2445 1311 2500 institutum
1340 2445 1637 2500 redeamus.
1665 2444 1950 2514 Oportebat
1976 2453 2101 2521 tunc

519 2552 639 2591 eum
667 2537 1079 2607 interrogaretur
1102 2552 1132 2590 a
1155 2537 1396 2600 Domino,
1418 2535 1515 2591 Ubi
1535 2546 1606 2590 est
1628 2535 1750 2589 Abel
1770 2530 2101 2605 fratertuns?

519 2628 759 2682 confiteri
787 2636 1059 2697 peccatum
1088 2634 1139 2680 et
1171 2626 1443 2696 procidere
1465 2669 1478 2692 ,
1508 2636 1563 2681 et
1588 2639 1744 2681 orare
1766 2666 1781 2692 ,
1814 2633 1865 2680 et
1890 2626 2098 2680 veniam

522 2720 742 2789 petere;
780 2719 894 2790 ipse
932 2733 1059 2773 vero
1091 2729 1213 2773 tunc
1247 2718 1461 2789 quidem
1507 2718 1823 2773 medicinam
1871 2718 2055 2787 rejecit
2081 2758 2096 2784 ,

523 2822 662 2863 nunc
702 2819 908 2873 autem,
953 2817 1075 2877 post
1117 2813 1430 2863 sententiam
1457 2848 1471 2872 ,
1506 2818 1622 2876 post
1662 2808 1817 2862 ﬁnem
1855 2809 2101 2861 omnibus

521 2896 842 2966 impositum,
865 2907 1144 2969 postquam
1184 2898 1327 2952 clara
1349 2911 1477 2952 voce
1503 2907 1780 2952 accusatus
1805 2907 1886 2952 est
1923 2914 1951 2950 a
1978 2913 2099 2951 sau-

519 2992 675 3058 guine
703 2992 754 3045 in
786 3000 926 3044 terra
965 2991 1229 3060 jacentis,
1260 2989 1541 3044 confitetur
1561 3031 1575 3056 ,
1607 2990 1838 3059 nihilque
1869 2990 1989 3045 inde
2020 2990 2098 3045 lu-

518 3079 741 3134 crifat-it.
785 3077 936 3135 Unde
972 3079 1227 3149 pPOjillClil
1253 3079 1458 3134 diccbat
1489 3098 1500 3133 :
1532 3079 1707 3133 Justus
1732 3082 1811 3134 sui
1834 3082 1990 3149 ipsius
2012 3097 2099 3133 uc—

520 3180 721 3223 rttsalor
760 3168 814 3223 in
864 3170 1111 3240 principio
1157 3173 1397 3224 sermonis
1432 3168 1625 3240 (Prov.
1661 3170 1741 3225 lS.
1774 3171 1894 3241 17).
1924 3171 1987 3224 Ει
2014 3171 2100 3226 hic

520 3275 729 3331 quoque
759 3301 776 3329 ,
829 3261 875 3317 si
930 3263 1271 3331 pra-venisset
1324 3262 1529 3315 Domini
1591 3264 2096 3332 reprehensionem,

520 3354 739 3406 omnino
783 3352 1199 3407 misericordiam
1244 3363 1602 3422 consequutus
1644 3353 1854 3418 fuisset,
1885 3363 2099 3424 preptcr

519 3446 831 3498 immensam
876 3443 1081 3497 Domini
1142 3443 1537 3514 benignitatem.
1584 3444 1793 3498 Nullum
1836 3446 1975 3499 enim
2017 3454 2097 3500 est

522 3545 815 3602 peccatum,
844 3543 1326 3605 quantumcumque
1354 3550 1515 3605 grave
1538 3536 1629 3601 sit,
1660 3536 1797 3605 quod
1830 3537 1967 3591 illius
1996 3538 2096 3591 nii-

520 3625 860 3679 sericordiam
907 3626 1079 3679 vincat
1110 3640 1123 3677 :
1156 3626 1315 3679 modo
1347 3636 1582 3695 tempore
1611 3626 1790 3680 debito
1832 3628 2095 3695 pmnitcn-

522 3716 645 3769 tiam
674 3730 908 3787 agamus,
925 3727 981 3771 et
1002 3717 1204 3770 veniam
1224 3724 1481 3785 petamus.
1508 3716 1572 3769 Et
1593 3716 1717 3771 dixit
1738 3716 1861 3771 Cain
1886 3734 1903 3771 .'
1924 3716 2097 3788 Major

518 3817 589 3863 est
619 3824 771 3862 causa
800 3824 909 3861 mea
933 3849 946 3873 ,
976 3823 1125 3877 quam
1153 3816 1206 3860 ut
1233 3808 1458 3860 dimittar
1497 3823 1606 3878 ego.
1649 3808 1929 3863 Sufﬁciens
1961 3824 2095 3863 con-

520 3900 713 3969 fessio,
744 3899 837 3955 scd
875 3900 1266 3969 intempestiva.
1291 3899 1356 3954 Et
1383 3899 1515 3953 dixit
1545 3918 1557 3952 :
1590 3900 1673 3954 Μ.
1699 3900 1759 3955 Si
1788 3901 1991 3970 eieceris
2021 3918 2099 3955 me
2137 3939 2145 3945 .

520 3994 666 4047 hodie
694 4009 725 4045 a
754 3994 882 4063 facie
907 4005 1071 4060 terra,
1099 4002 1146 4048 et
1169 4010 1201 4046 a
1229 3993 1358 4063 facie
1387 4001 1473 4046 tua
1502 3991 1801 4059 abscontfar,
1831 4002 1875 4047 et
1904 4009 1987 4047 cro
2007 4010 2098 4063 ge.-

520 4099 658 4137 utens
694 4093 741 4136 et
770 4094 980 4136 tremens
1010 4100 1157 4151 super
1182 4092 1401 4148 terram;
1426 4092 1474 4137 et
1503 4084 1592 4136 erit
1612 4124 1626 4149 ,
1658 4084 1817 4137 omnis
1845 4085 1927 4152 qui
1957 4085 2095 4137 inre-

519 4174 644 4226 ιιι-[ξι
682 4189 757 4225 me
781 4214 795 4239 ,
823 4173 1008 4227 occidet
1042 4188 1138 4226 me.
1170 4172 1303 4228 Vide
1345 4190 1499 4243 quam
1542 4175 1861 4229 miserabilia
1902 4177 2092 4241 verba,

519 4274 627 4316 tum
650 4264 771 4331 quia
813 4262 1199 4331 intempestiva,
1232 4270 1341 4316 tum
1367 4265 1485 4333 quia
1514 4272 1752 4334 tempore
1776 4264 1957 4334 elapso
1979 4267 2097 4319 nul-

518 4356 624 4409 lum
674 4354 897 4408 fructum
926 4353 1200 4410 afferrent.
1232 4355 1297 4409 Et
1327 4355 1457 4409 dixit
1485 4372 1497 4408 :
1532 4356 1590 4411 Si
1618 4358 1817 4428 ejcceris
1846 4373 1922 4411 me
1947 4359 2096 4411 hodie

518 4462 549 4498 rt
574 4445 703 4515 [acie
724 4453 883 4507 lerrw,
914 4456 959 4499 ct
989 4462 1021 4498 a
1050 4446 1178 4515 facie
1203 4455 1287 4498 tua
1322 4446 1621 4513 abscondur,
1654 4458 1699 4501 et
1727 4465 1808 4503 cro
1829 4466 2024 4519 gemens
2048 4460 2093 4504 et

516 4548 727 4590 tremens
758 4553 909 4607 super
939 4547 1120 4591 terram
1141 4555 1161 4603 ;
1192 4547 1237 4591 et
1265 4540 1355 4592 eri:
1374 4579 1388 4604 ,
1414 4540 1572 4593 omnis
1599 4541 1682 4609 qui
1718 4558 1794 4595 me
1823 4543 2087 4609 invenerit,

514 4630 775 4695 interﬁciat
798 4646 891 4681 nte.
916 4629 970 4683 Si
1000 4629 1049 4683 in
1076 4640 1233 4696 terra,
1266 4631 1453 4699 inquit,
1485 4633 1824 4689 maledictum
1855 4652 1941 4691 me
1962 4636 2093 4691 feci-

514 4722 581 4774 sti
608 4728 664 4774 ct
710 4719 821 4789 ipse
865 4736 948 4775 me
993 4722 1252 4774 aversaris
1280 4760 1293 4785 ,
1322 4730 1585 4791 tanlzeque
1631 4740 1799 4792 pecore
1831 4726 2088 4783 tradidisti

518 4826 624 4876 inc,
659 4811 727 4863 ita
750 4817 807 4865 ut
833 4826 1037 4879 gemam
1060 4820 1111 4865 et
1133 4821 1375 4875 trcinam,
1403 4812 1531 4866 nihil
1560 4814 1856 4883 prohibebit
1885 4826 2085 4886 postea,

514 4902 641 4970 quin
670 4902 905 4970 quisquis
936 4902 986 4955 in
1032 4917 1117 4956 mc
1147 4903 1234 4957 vel
1274 4903 1485 4958 fortuito
1516 4904 1756 4960 inciderit
1781 4948 1796 4969 ,
1828 4924 1911 4962 me
1941 4925 2004 4963 eo
2035 4912 2090 4965 in

512 5004 653 5048 statu
696 4994 923 5063 positum
962 5004 1013 5047 et
1045 5001 1129 5048 tua
1162 5008 1262 5063 ope
1306 4995 1556 5050 nudatum
1588 4996 1885 5051 interficiat.
1916 4998 2091 5056 Facile

517 5084 766 5139 invadere
806 5100 890 5139 me
920 5088 1130 5155 poterit,
1161 5086 1343 5156 inquit,
1379 5088 1424 5141 si
1454 5088 1571 5157 quis
1599 5088 1898 5146 interﬁcere
1926 5094 2085 5148 volet.

513 5176 689 5248 Neque
715 5178 855 5232 enim
878 5179 986 5247 ipse
1006 5180 1260 5234 obluctari
1287 5189 1491 5248 potero,
1514 5189 1621 5235 tam
1641 5181 1892 5238 dissoluta
1922 5201 2090 5240 utcm-

514 5270 601 5324 bra
633 5271 1008 5324 circumferens
1030 5311 1044 5336 ,
1072 5280 1125 5324 ct
1167 5272 1400 5341 undique
1426 5280 1722 5327 commotus
1746 5292 1756 5323 :
1783 5275 1996 5345 insuper
2035 5288 2088 5331 et

516 5363 632 5424 hoc,
662 5360 800 5430 quod
829 5361 999 5414 sciant
1039 5375 1223 5414 omnes
1250 5369 1334 5415 tua
1365 5378 1448 5416 me
1475 5377 1575 5431 ope
1604 5361 1931 5432 destitutum,
1962 5382 2083 5422 eum

511 5450 599 5519 qui
626 5452 761 5515 velit,
796 5461 849 5504 ut
874 5450 937 5504 ad
973 5450 1172 5505 eandem
1200 5454 1643 5522 meamprosiliat,
1677 5453 2085 5523 incitabit.Quid

510 5558 637 5611 ergo
671 5542 969 5597 misericors
1012 5550 1066 5597 et
1112 5542 1285 5596 bonus
1311 5542 1604 5599 Dominus?
1632 5546 1717 5599 l5.
1749 5544 1812 5599 Et
1840 5547 1965 5599 dixit
2013 5547 2086 5601 illi

517 5631 761 5684 Dominus
790 5632 920 5685 Deus
950 5650 966 5686 :
1006 5633 1121 5686 Non
1162 5632 1253 5687 sic.
1287 5632 1363 5687 Ne
1402 5645 1554 5704 putes
1576 5676 1591 5701 ,
1624 5635 1829 5706 inquit,
1860 5635 1974 5691 lucc
2017 5639 2085 5693 ita

510 5725 639 5777 ﬁcri.
674 5724 851 5791 Mque
897 5726 1034 5779 enim
1076 5728 1249 5782 litjt‘iill
1288 5730 1475 5798 cuique
1502 5728 1692 5784 volenti
1722 5738 1771 5784 te
1802 5731 2041 5786 occidere
2069 5775 2080 5793 .

774 6042 777 6045 Α
790 5992 823 6031 /

1239 333 1295 392 S.
1336 330 1610 390 JOANNIS
1644 327 2119 389 ειιίινδοςτωιι
2158 327 2473 387 ARCHIEP.
2511 326 3045 388 CONSTANTINOP.

3632 350 3641 357 '
3684 337 3792 394 Ilii

2213 441 2308 500 sed
2332 458 2403 499 ex
2433 442 2763 501 diuturniore
2809 444 2912 499 vita
2944 454 3032 499 tua
3061 451 3116 498 et
3153 443 3323 514 major
3350 443 3472 503 inde
3510 446 3604 503 tibi
3633 449 3792 506 dolor

2213 534 2335 598 erit,
2365 542 2422 590 et
2468 534 2763 606 relinquam
2805 542 2859 590 te
2898 533 3124 605 posteris
3149 537 3578 605 generationibus
3618 542 3790 609 magi-

2209 632 2404 691 strum,
2436 633 2494 679 ut
2521 625 2594 680 tui
2618 624 2978 693 spectaculum
3007 622 3118 680 illis
3134 624 3203 680 sit
3226 625 3515 682 admonitio
3541 639 3595 684 et
3621 632 3789 687 casti-

2208 716 2384 783 gatio,
2429 713 2706 785 nullusque
2732 713 3035 785 exemplum
3061 724 3210 770 tuum
3249 726 3520 787 sequatur.
3549 718 3616 773 Et
3661 719 3792 776 dixit

2210 796 2459 860 Dominus
2503 803 2638 860 Deus
2665 820 2685 860 :
2711 802 2832 860 Non
2876 806 2968 861 sic.
3005 804 3185 863 Omnis
3222 809 3307 877 qui
3348 809 3586 879 occiderit
3622 809 3747 868 Cain
3772 854 3791 879 ,

2192 892 2401 965 septem
2423 895 2651 967 ultiones
2666 892 2837 952 solvet.
2864 895 3129 952 Fortassis
3164 894 3325 953 multa
3349 910 3476 957 sunt
3500 916 3621 973 qua:
3644 903 3751 958 dixi
3769 944 3789 969 ,

2210 996 2265 1041 et
2286 987 2513 1043 multam
2537 988 2747 1057 corpori
2775 988 3068 1045 molestiam
3097 989 3387 1046 attulimus.
3415 986 3522 1047 Sed
3550 995 3674 1063 quid
3705 994 3790 1049 fa-

2208 1078 2387 1135 ciam?
2408 1081 2541 1149 Quia
2567 1080 2723 1137 video
2748 1091 2975 1138 vestram
3002 1080 3054 1136 in
3082 1081 3345 1138 audiendo
3379 1083 3704 1151 aviditatem,
3731 1096 3790 1141 ct

2210 1172 2400 1243 ingens
2436 1172 2755 1229 desiderium
2775 1213 2791 1241 ,
2820 1172 3022 1245 reliqua
3060 1175 3219 1229 etiam
3254 1190 3565 1247 persequar,
3598 1187 3654 1234 et
3691 1195 3792 1248 pro

2207 1263 2408 1317 viribus
2435 1263 2566 1318 meis
2594 1263 2999 1334 interpretabor.
3025 1250 3161 1333 Quid
3186 1273 3269 1321 est
3292 1308 3307 1331 ,
3336 1266 3544 1337 Septem
3575 1269 3791 1324 ultiones

2206 1352 2538 1409 solvet?Sed
2582 1354 2769 1409 iterum
2822 1368 3011 1410 vereor
3051 1370 3118 1410 ne
3145 1353 3406 1410 dictorum
3450 1357 3791 1416 multitudine

2208 1445 2517 1514 memoriam
2546 1459 2730 1503 eorum
2756 1460 2875 1516 qua:
2906 1444 3045 1501 dicta
3085 1455 3210 1502 sunt
3239 1447 3458 1503 obruam
3480 1490 3494 1511 ,
3523 1459 3577 1505 et
3606 1450 3791 1508 videar

2209 1533 2358 1588 vobis
2384 1534 2649 1589 fastidium
2677 1534 2867 1591 afferre
2898 1554 2913 1589 :
2943 1536 3037 1592 sed
3067 1537 3113 1593 si
3140 1554 3246 1593 non
3276 1538 3584 1609 fatigamini,
3621 1542 3789 1598 susti-

2211 1633 2350 1685 nete,
2383 1633 2438 1679 et
2476 1625 2582 1679 hoc
2609 1625 2854 1681 absoluto
2878 1636 3147 1694 contextu,
3179 1643 3478 1686 sermonem
3521 1632 3786 1688 linicmus.

2209 1712 2273 1767 Et
2304 1714 2433 1769 dixit
2462 1715 2539 1768 illi
2557 1713 2810 1770 Dominus
2842 1716 2977 1771 Deus
2999 1733 3019 1772 .'
3045 1716 3166 1772 Non
3195 1721 3288 1775 sic.
3322 1718 3498 1774 Omnis
3525 1724 3608 1792 qui
3650 1724 3789 1777 occio

2208 1802 2335 1857 derit
2362 1804 2521 1870 Cain,
2556 1806 2737 1874 septies
2764 1806 2979 1861 ultiones
3015 1807 3190 1862 soluet.
3222 1808 3289 1863 Et
3333 1816 3498 1879 posuit
3538 1812 3789 1869 Dominus

2208 1894 2347 1950 Deus
2368 1895 2567 1965 signum
2592 1899 2642 1953 in
2656 1897 2808 1965 Cain,
2834 1915 2896 1953 ne
2919 1902 3081 1954 omnis
3109 1902 3198 1971 qui
3221 1902 3459 1958 intactum
3485 1906 3630 1959 illum
3656 1910 3791 1960 orci.

2208 1986 2364 2042 derat.
2383 1988 2495 2053 lioc
2514 1988 2752 2055 timuisti,
2772 1991 2961 2060 inquit,
2985 2006 3051 2047 ne
3070 1992 3375 2050 occiderem
3390 1995 3537 2050 iCon
3545 1996 3669 2063 fide,
3686 1996 3791 2055 hoc

2206 2096 2311 2135 non
2338 2080 2463 2136 erit.
2485 2080 2619 2136 Nam
2639 2082 2877 2152 quisquis
2902 2082 3002 2138 hoc
3028 2084 3202 2140 facere
3228 2088 3585 2153 attentavcrit,
3600 2096 3787 2157 septu-

2206 2171 2328 2240 plici
2360 2186 2530 2241 poena:
2572 2187 2633 2228 se
2680 2170 2839 2227 faciet
2877 2173 3162 2229 obnoxium
3194 2192 3209 2228 ε
3240 2186 3295 2232 et
3338 2176 3535 2233 idcirco
3580 2178 3785 2250 signum

2207 2264 2299 2317 tibi
2330 2264 2563 2333 impono,
2594 2272 2648 2319 ut
2695 2265 2868 2320 nullus
2910 2266 3159 2336 ignorans
3199 2266 3477 2325 interfecto
3505 2280 3589 2339 te,
3615 2273 3789 2341 plenis

2208 2356 2310 2409 illis
2336 2372 2393 2410 se
2420 2356 2707 2412 obnoxium
2738 2356 2912 2412 faciat.

2374 2446 2575 2517 Septem
2604 2449 2819 2502 ultiones
2843 2452 2897 2502 in
2919 2448 3078 2503 Caino
3100 2467 3214 2522 qua:
3233 2451 3257 2505 .9
3278 2482 3344 2491 -
3370 2451 3473 2507 Sed
3507 2468 3598 2520 par
3624 2462 3708 2508 est
3730 2464 3789 2509 ut

2206 2538 2537 2593 manifestius
2576 2553 2670 2592 vos
2714 2540 2971 2605 doceam,
3001 2542 3269 2610 quomodo
3303 2542 3391 2612 qui
3426 2542 3555 2599 Cain
3592 2546 3788 2600 occidit

2203 2636 2411 2696 septem
2452 2640 2726 2699 plenarum
2756 2616 2886 2683 reus
2938 2632 3025 2684 sit.
3078 2629 3185 2685 Vos
3233 2647 3458 2701 precor,
3503 2636 3783 2690 attendite.

2205 2717 2333 2770 Nam
2362 2717 2406 2771 si
2432 2733 2589 2781 nunc,
2618 2718 2754 2774 sicut
2773 2728 2826 2773 et
2856 2721 2906 2774 in
2937 2720 3296 2787 superioribus
3317 2723 3506 2777 diebus
3532 2739 3673 2795 smpe
3698 2743 3787 2781 ca-

2205 2810 2342 2863 νὴ.τεί
2371 2818 2559 2864 vestra:
2578 2810 2829 2877 diximus,
2854 2827 2971 2864 eum
2996 2811 3181 2881 jejunii
3213 2821 3418 2882 tempus
3444 2824 3541 2877 est,
3568 2826 3620 2869 et
3642 2826 3785 2875 mnta

2206 2902 2585 2970 tranquillitate
2612 2902 2872 2969 fruimur,
2904 2911 2953 2958 et
2995 2902 3198 2957 liberati
3232 2918 3415 2959 sumus
3446 2922 3476 2960 a
3504 2908 3785 2976 cogitatior

2204 2992 2359 3045 nibus
2397 3008 2514 3061 qua:
2552 3001 2782 3047 mentem
2829 3005 3062 3047 nos:ram
3091 2995 3419 3063 perturbant,
3449 3013 3551 3051 non
3579 3013 3784 3055 summa

2205 3082 2470 3151 diligentia
2499 3082 2819 3137 addiscimus
2841 3098 2960 3153 quze
2993 3085 3045 3137 in
3072 3084 3267 3138 divinis
3291 3084 3579 3156 Scripturis
3609 3091 3787 3143 conti-

2207 3180 2414 3237 nentur,
2438 3173 2647 3242 quando
2663 3189 2724 3228 ea
2750 3174 2867 3227 aliis
2889 3174 3209 3243 temporibus
3230 3174 3437 3231 discere
3457 3179 3742 3247 poterimus
3764 3182 3787 3234 ἶ

2207 3263 2330 3318 Ideo
2358 3280 2473 3327 oro,
2507 3273 2560 3317 et
2604 3279 2822 3335 precor,
2851 3273 2904 3319 ct
2929 3265 3168 3335 supplico
3189 3306 3204 3330 ,
3235 3276 3285 3321 ct
3312 3268 3461 3336 quasi
3497 3283 3667 3339 genua
3696 3286 3787 3326 ve-

2203 3364 2311 3410 stra
2342 3356 2612 3424 contingo,
2638 3354 2837 3409 intenta
2867 3365 3042 3410 mente
3063 3354 3145 3411 bis
3168 3371 3286 3427 qum
3308 3356 3554 3412 dicuntur
3578 3361 3789 3414 auscul-

2204 3453 2375 3499 temus
2394 3484 2410 3511 ,
2440 3456 2497 3500 ut
2526 3444 2697 3500 fructu
2725 3445 2901 3515 aliquo
2937 3445 3101 3499 nobili
3145 3456 3198 3500 et
3232 3446 3497 3517 prmcipuo
3526 3460 3745 3519 accepto
3768 3492 3785 3518 ,

2206 3538 2422 3591 domutn
2452 3547 2632 3606 postea
2663 3535 2965 3591 redeamus.
2993 3536 3127 3603 Quid
3157 3537 3312 3608 igitur
3340 3547 3441 3603 est,
3478 3539 3681 3609 Septem
3709 3543 3788 3594 ul-

2204 3629 2359 3681 tiones
2388 3627 2588 3682 solvet?
2614 3626 2848 3682 Primum
2890 3627 3104 3697 quidem
3151 3629 3482 3697 septenarius
3530 3646 3788 3686 numerus

2200 3720 2268 3775 de
2307 3719 2639 3775 multitudine
2671 3719 2865 3776 dicitur
2901 3721 2955 3775 in
2992 3720 3169 3774 divina
3218 3720 3487 3790 Scriptura
3523 3738 3540 3773 ι
3572 3722 3620 3777 id
3643 3715 3786 3793 quod

2202 3827 2344 3882 errpe
2371 3814 2420 3867 in
2451 3813 2739 3882 Scripturis
2767 3814 3015 3881 occurrit,
3041 3822 3116 3876 ut,
3137 3812 3341 3868 Stert'lt's
3381 3816 3570 3885 peperit
3599 3826 3788 3885 septem

2204 3904 2281 3973 (l.
2314 3904 2439 3975 Reg.
2470 3904 2641 3986 2‘5):
2670 3915 2725 3960 et
2753 3906 2966 3960 similia.
2995 3904 3305 3974 Coniectare
3330 3916 3508 3961 autem
3541 3906 3626 3961 hic
3660 3906 3788 3963 licet

2207 3995 2405 4059 peccati
2434 3995 2869 4066 magnitudinem,
2900 4004 2954 4049 ct
2981 3994 3150 4065 ipsum
3183 4009 3287 4050 non
3310 4010 3472 4048 unum
3505 4007 3783 4066 peccatum

2202 4086 2553 4152 commisisse,
2584 4086 2675 4140 sed
2704 4095 2926 4155 septem,
2954 4102 3176 4154 quorum
3209 4085 3429 4155 quodvis
3461 4102 3553 4156 per
3580 4102 3640 4141 se
3670 4104 3785 4142 ina-

2201 4192 2299 4248 gna
2331 4192 2485 4246 poena
2530 4178 2798 4231 luendum.
2835 4176 2994 4246 Igitur
3022 4177 3289 4247 quomodo
3319 4180 3431 4232 ba‘c
3478 4181 3787 4235 ninnorabi-

2203 4270 2358 4323 inus?
2401 4269 2632 4323 Primum
2676 4268 2872 4323 invidet
2916 4267 3093 4333 fratri,
3127 4268 3265 4337 quod
3308 4269 3415 4323 Deo
3457 4270 3524 4324 sit
3554 4279 3781 4339 gratus:

2200 4359 2338 4429 quod
2365 4359 2408 4415 si
2450 4360 2623 4414 solum
2652 4359 2926 4425 adfuisset,
2958 4357 3022 4412 ad
3045 4358 3419 4414 accersendum
3449 4360 3524 4414 illi
3558 4362 3780 4418 exitium

2199 4451 2524 4517 suffecisset;
2556 4451 2807 4515 secundo,
2838 4449 2999 4511 frater
3014 4452 3172 4506 fratri
3201 4466 3299 4507 suo
3330 4450 3568 4519 invidet;
3599 4457 3778 4521 tertio,

2200 4543 2406 4597 fraudes
2438 4544 2679 4605 censuit;
2722 4553 2932 4614 quarto,
2960 4545 3159 4599 ett-dem
3189 4559 3351 4615 opere
3377 4544 3558 4614 implet
3586 4563 3601 4612 ;
3626 4550 3781 4617 quin-

2200 4642 2255 4688 to
2278 4676 2291 4698 ,
2320 4634 2532 4689 fratrem
2568 4635 2791 4700 occidit;
2819 4644 2968 4689 sexto
2988 4678 3003 4701 ,
3036 4637 3239 4705 primus
3277 4644 3498 4690 mut'lcm
3528 4650 3780 4706 cperatus

2199 4733 2312 4789 est;
2346 4725 2568 4793 septimo
2591 4766 2606 4788 ,
2638 4726 2746 4780 Deo
2774 4726 3025 4779 mentitus
3055 4735 3155 4779 est.
3187 4727 3319 4780 Num
3350 4730 3617 4796 asseqnnti
3655 4732 3785 4786 estis

2199 4818 2336 4871 dicta
2362 4858 2376 4883 ,
2402 4833 2468 4871 an
2494 4831 2620 4871 vero
2649 4817 2807 4871 vultis
2838 4826 2892 4870 ut
2931 4831 2990 4871 ea
3020 4818 3205 4871 iterum
3235 4831 3605 4872 recenseamus
3630 4862 3642 4884 ,
3673 4837 3779 4889 qu.»

2200 4910 2375 4964 sciatis
2413 4908 2678 4978 quomodo
2709 4908 3115 4975 unumquodque
3145 4923 3237 4977 per
3262 4924 3319 4964 se
3362 4907 3690 4978 sufficiebat,
3722 4897 3809 4967 ut.

2200 5001 2423 5054 maxima
2450 5000 2769 5068 plcetcretur
2798 5000 2986 5065 pinna?
3005 4997 3135 5052 Nam
3164 5000 3280 5068 quis
3307 5000 3386 5053 vel
3414 5002 3564 5054 venia
3592 5002 3776 5071 dignm

2199 5100 2342 5145 retur
2368 5092 2519 5146 alteri
2550 5091 2909 5156 invidentem,
2941 5090 3079 5160 quod
3119 5090 3208 5145 Dei
3238 5089 3604 5148 benevolentia
3636 5095 3774 5148 frue-

2199 5183 2374 5235 retur?
2398 5182 2535 5237 Ecce
2562 5196 2721 5235 unum
2751 5180 3036 5234 maximum
3058 5190 3111 5235 ct
3138 5182 3453 5251 inexpiabile
3475 5197 3772 5254 peccatum.

2198 5273 2395 5327 Deinde
2425 5276 2523 5329 hoc
2552 5275 2721 5343 majus
2746 5272 3061 5339 ostenditur,
3083 5273 3205 5342 quia
3247 5273 3409 5327 frater
3441 5286 3554 5329 erat
3579 5281 3663 5330 cui
3698 5278 3774 5330 in—

2195 5364 2424 5427 videbat,
2456 5372 2509 5419 et
2529 5365 2667 5419 nulla
2698 5364 2843 5418 illum
2881 5377 3098 5433 prorsus
3123 5364 3311 5431 injuria
3344 5363 3609 5419 affecerat.
3640 5368 3776 5423 Ecce

2194 5465 2247 5510 et
2279 5457 2376 5511 hoc
2418 5472 2627 5525 quoque
2669 5473 2773 5511 non
2814 5458 3027 5527 vulgare
3056 5466 3331 5527 peccatum
3372 5468 3473 5512 est.
3500 5457 3615 5512 iam
3665 5468 3773 5513 ter-

2196 5548 2323 5601 tium
2353 5588 2365 5612 ,
2395 5547 2535 5617 quod
2564 5544 2715 5601 dolos
2744 5548 2946 5613 nexuit,
2976 5548 3197 5617 decepto
3218 5560 3271 5605 et
3300 5549 3349 5602 in
3378 5563 3620 5619 campum
3649 5551 3776 5605 alle-

2194 5650 2280 5693 cto
2309 5639 2471 5693 fratre
2492 5677 2505 5699 ,
2539 5652 2707 5707 neque
2735 5639 2901 5708 ipsam
2935 5650 3173 5693 naturam
3206 5641 3484 5695 reveritus.
3516 5641 3773 5707 Quartum

2198 5744 2470 5802 peccatum
2505 5731 2611 5800 ipsa
2642 5741 2753 5788 erat
2799 5732 3004 5799 (aedes,
3041 5748 3195 5806 quam
3235 5734 3572 5804 prrpctraiit.
3604 5734 3772 5803 Qum-
