4068 6384
505 382 609 444 Hi7

501 497 612 555 mul
639 501 880 566 posteros
910 501 1096 544 omnes
1137 483 1355 540 omnino
1386 475 1687 550 fugiendum
1715 489 1836 532 esse
1861 480 1968 530 tam
1999 478 2078 526 te-

501 583 788 644 merarium
819 580 1025 637 facinus
1043 577 1240 633 docere
1266 569 1473 628 voluit?

574 678 678 733 Cur
703 673 890 729 habitet
927 669 1055 727 Cain
1099 684 1127 722 ι
1148 666 1349 737 regione
1369 660 1549 715 Edent.
1580 687 1652 700 -—
1683 657 1795 727 Age
1827 668 1969 711 nunc
1991 667 2081 706 sc-

501 764 718 836 quentia
759 763 1102 833 attingamus,
1145 764 1201 813 et
1245 753 1524 808 videamus
1562 747 1688 820 quid
1718 746 1876 802 hodie
1928 742 2082 836 nobis

503 833 684 911 narret
725 855 912 909 beatus
941 851 1032 906 ille
1072 845 1352 918 propheta,
1397 840 1627 910 Spiritus
1679 835 1853 892 sancti
1900 833 2082 889 amatu

503 946 765 1003 eruditus.
797 942 927 998 Nam
956 947 1234 1010 postquam
1265 949 1297 990 a
1332 930 1559 986 Domino
1587 928 1908 985 sententiam
1952 921 2080 977 Cain

506 1035 734 1105 accepit,
768 1032 854 1088 16.
884 1029 1131 1101 Egressus
1177 1034 1271 1088 est,
1306 1021 1495 1090 inquit,
1540 1035 1571 1071 tt
1624 1017 1758 1085 facie
1799 1015 1917 1071 Dei.

504 1139 609 1194 est,
637 1104 778 1179 Μία
802 1139 834 1175 a
869 1122 1001 1194 [acie
1037 1116 1130 1172 Dei
1158 1115 1185 1170 2
1206 1113 1318 1170 lioc
1344 1119 1447 1178 est,
1479 1109 1708 1164 nudatus
1731 1117 1814 1164 est
1837 1104 2085 1194 prtesidio

463 1217 468 1224 ”
511 1191 627 1282 Dei,
673 1191 892 1284 propter
915 1205 1270 1265 abominabile
1291 1214 1342 1258 ct
1378 1200 1734 1272 perniciosum
1765 1198 1980 1251 facinus.
2013 1191 2086 1247 Et

507 1306 746 1362 habitarit
776 1304 828 1357 in
854 1311 989 1355 terra
1013 1296 1177 1362 Naid,
1210 1311 1238 1349 e
1265 1293 1468 1364 regione
1498 1291 1674 1345 Edent.
1706 1287 1898 1344 Narrat
1929 1284 2082 1339 nobis

505 1396 683 1452 divina
712 1383 982 1461 Scriptura
1011 1388 1187 1443 locum
1208 1385 1260 1439 in
1281 1399 1387 1454 quo
1409 1390 1591 1452 postea
1617 1378 1889 1444 habitavit,
1917 1385 1971 1430 et
1991 1375 2085 1429 do-

505 1495 594 1543 cet
617 1482 882 1558 quomodo
909 1490 966 1536 et
993 1479 1080 1534 hic
1122 1493 1228 1532 non
1263 1474 1506 1547 procula
1549 1469 1794 1542 paradiso
1843 1475 2083 1521 versatus

505 1580 596 1636 sit.
619 1585 673 1630 ut
692 1593 723 1630 e
744 1575 959 1645 regione
981 1570 1120 1624 illius
1139 1567 1422 1629 exsistens,
1444 1562 1696 1618 continuo
1717 1573 1922 1614 memor
1943 1564 2088 1612 esset

504 1677 616 1724 tum
661 1679 847 1721 eorum
889 1677 1008 1732 qua:
1035 1659 1168 1731 patri
1200 1671 1298 1712 suo
1335 1657 1405 1711 ob
1435 1653 1926 1724 praevaricationem
1957 1662 2083 1702 cou-

507 1760 757 1830 tigcrant,
788 1763 894 1808 tum
923 1747 1300 1821 magnitudinis
1320 1761 1503 1802 eorum
1527 1760 1646 1813 qua:
1673 1744 1786 1811 ipse
1811 1749 2084 1811 perpetra-

504 1856 676 1914 verat,
727 1853 944 1914 propter
991 1857 1109 1912 qua:
1141 1845 1284 1892 tanta
1330 1833 1431 1890 sibi
1483 1848 1656 1904 neque
1696 1831 1862 1902 patris
1909 1844 2088 1885 corre-

507 1943 692 2010 ptione
739 1933 1042 1999 emendato,
1090 1945 1244 2001 poena
1277 1929 1506 1997 irrogata
1536 1934 1639 1980 est.
1684 1924 1750 1978 Et
1768 1937 1898 1978 vero
1941 1923 2089 1976 locus

508 2032 599 2086 ille
626 2031 680 2084 in
722 2042 829 2098 quo
855 2024 1135 2089 habitavit,
1169 2031 1422 2092 perpetua
1448 2016 1702 2072 memoria
1730 2014 1846 2079 fuit,
1877 2028 1980 2067 non
2014 2013 2086 2067 illi

506 2121 628 2187 soli,
649 2120 741 2175 sed
768 2128 823 2173 et
847 2117 1057 2173 stt-culis
1084 2111 1484 2184 posterioribus,
1507 2110 1575 2164 ob
1602 2117 1883 2163 tremorem
1911 2117 1963 2161 et
1987 2120 2093 2159 mo-

508 2212 729 2265 tionem.
779 2206 985 2262 Nomen
1033 2205 1175 2258 enim
1220 2201 1351 2257 Nnid
1392 2199 1646 2255 llebraica
1679 2197 1842 2252 dictio
1887 2206 1992 2262 est,
2035 2203 2090 2249 et

507 2302 727 2356 vertitur
754 2296 1060 2353 commotio.
1094 2294 1275 2362 itaque
1317 2300 1374 2345 ut
1417 2291 1620 2344 crimen
1660 2288 1798 2342 illius
1833 2294 2090 2356 perpetuo

510 2406 690 2448 timum
744 2398 886 2445 esset
936 2388 1095 2444 etiam
1138 2401 1169 2440 a
1212 2389 1350 2449 loco,
1389 2385 1537 2452 quasi
1570 2382 1623 2434 in
1658 2381 1903 2434 columna
1951 2393 2086 2431 a-rea

508 2484 789 2553 scriptum,
821 2480 928 2534 illic
949 2493 1068 2534 cum
1091 2476 1391 2532 collocavit.
1421 2472 1622 2527 Deinde
1654 2472 1824 2540 inquit
1859 2487 1869 2520 :
1908 2470 1992 2522 l7.
2025 2467 2090 2521 Et

518 2575 748 2646 cognovit
773 2571 897 2626 Cain
925 2586 1134 2624 uxorem
1160 2583 1305 2622 suam
1333 2582 1350 2620 :
1384 2574 1427 2620 et
1448 2581 1561 2619 cum
1587 2563 1914 2634 concepisset,
1940 2578 2090 2632 pepe-

510 2667 575 2720 rit
607 2664 805 2719 Enoclt.
828 2660 1076 2717 Mortales
1101 2659 1352 2727 deinceps
1377 2656 1501 2710 facti
1528 2655 1787 2720 homines,
1814 2654 2003 2707 merito
2022 2652 2090 2707 de

511 2760 739 2813 tiliormn
767 2752 1109 2810 successione
1133 2765 1314 2806 curam
1337 2747 1620 2802 habebant.
1648 2744 1752 2800 Sed
1785 2744 1920 2806 ferte
1941 2744 2092 2798 dixe-

511 2851 578 2904 rit
600 2848 788 2917 aliquis
821 2861 833 2897 :
881 2840 1179 2908 Quomodo,
1205 2855 1325 2892 cum
1354 2838 1624 2906 Scriptura
1668 2849 1926 2902 nusquam
1955 2834 2092 2886 alte-

511 2939 622 2992 rius
671 2935 908 2990 mulieris
947 2931 1272 2993 mcmiuerit,
1317 2928 1447 2983 dicit
1498 2927 1638 2996 quod
1678 2925 1808 2980 Cain
1851 2925 2092 2978 habuerit

512 3026 783 3081 uxorem?
825 3023 902 3079 Nc
931 3022 1159 3087 mireris,
1184 3021 1396 3075 dilecte.
1427 3017 1692 3088 Nusquam
1724 3016 1864 3070 enim
1898 3015 2094 3071 catalo-

511 3133 634 3188 gutn
665 3116 945 3169 mulierum
984 3113 1263 3182 diligenter
1294 3111 1454 3176 facit;
1485 3109 1578 3164 sed
1605 3110 1876 3177 Scriptura
1915 3107 2091 3162 divina

511 3222 706 3264 cavens
751 3221 816 3261 ne
858 3204 984 3276 quid
1029 3203 1357 3272 superﬂuum
1399 3199 1653 3271 proferat,
1685 3201 1922 3269 singulos
1954 3202 2095 3254 viros

513 3303 916 3360 commemorat,
963 3309 1070 3348 non
1119 3308 1305 3348 omnes
1333 3301 1530 3358 tamen,
1562 3291 1654 3344 sed
1702 3291 1915 3345 brevius
1941 3291 2096 3346 nobis

515 3397 696 3446 narrat
735 3388 936 3448 dicens,
982 3386 1121 3456 quod
1163 3384 1535 3456 generaverint
1584 3380 1725 3436 filios
1763 3393 1817 3436 et
1845 3381 1995 3446 filias,
2042 3392 2097 3438 et

517 3481 707 3537 mortui
725 3481 849 3535 sint.
875 3479 1172 3534 Verisimile
1190 3479 1348 3549 igiLur
1363 3487 1444 3534 e~t
1468 3479 1628 3532 Evam
1647 3479 1804 3532 tiliam
1829 3479 2097 3548 peperisse

519 3582 638 3642 post
675 3571 804 3626 Cain
831 3580 886 3625 et
909 3570 1061 3636 Abel,
1102 3585 1261 3638 quam
1309 3569 1359 3622 in
1399 3582 1618 3623 uxorem
1649 3569 1914 3638 acceperit
1944 3569 2094 3622 Cain.

515 3662 648 3717 Nam
685 3663 805 3732 quia
837 3660 982 3713 initia
1021 3669 1192 3727 erant,
1225 3658 1556 3728 debebatquc
1591 3660 1773 3728 augeri
1809 3661 2094 3712 humanum

515 3769 703 3823 genus,
752 3763 966 3805 sorores
1009 3759 1064 3803 ut
1115 3750 1388 3815 ducerent,
1423 3749 1835 3804 concedebatur.
1870 3749 1936 3802 Et
1977 3749 2096 3805 ideo

519 3847 633 3900 inec
664 3843 816 3897 nobis
841 3840 1186 3910 conjectanda
1215 3842 1463 3910 relinquit
1482 3839 1777 3908 Scriptura,
1799 3849 1852 3894 et
1883 3840 1981 3894 hoc
2005 3855 2098 3895 so-

517 3935 624 3989 lum
656 3945 835 3988 narrat
860 3931 1043 3985 dicens
1076 3947 1089 3982 :
1125 3929 1190 3983 Et
1215 3932 1440 3998 cognovit
1467 3928 1589 3984 Cain
1620 3946 1826 3982 uxorem
1847 3947 2016 3992 suout,
2050 3939 2097 3982 et

518 4043 631 4080 cum
659 4023 982 4093 concepisset,
1007 4022 1197 4091 peperit
1234 4019 1428 4075 Enocli.
1457 4020 1520 4073 Et
1549 4031 1653 4075 erat
1684 4020 1945 4086 ardiﬁcans
1973 4019 2096 4072 civi-

520 4128 671 4171 tatem
697 4117 746 4168 in
770 4114 965 4167 nomine
994 4113 1087 4182 lilii
1113 4115 1193 4164 sui
1223 4110 1417 4165 Enocli.
1451 4111 1578 4166 Vide
1623 4111 1888 4181 quomodo
1922 4111 2102 4180 paula-

525 4213 618 4263 tim
645 4209 1006 4260 instituuntur.
1035 4205 1168 4270 Quia
1197 4205 1337 4257 enim
1385 4204 1638 4256 mortales
1667 4212 1971 4267 evaserant,
2003 4204 2072 4256 ini
2091 4229 2103 4239 -

523 4299 803 4354 mortalem
835 4310 983 4349 suam
1012 4295 1324 4349 memoriam
1355 4292 1531 4348 facere
1556 4296 1835 4348 voluerunt
1862 4337 1874 4357 ,
1906 4295 2098 4364 partim

520 4408 590 4446 ex
620 4390 740 4443 tiliis
766 4402 898 4458 quos
940 4386 1296 4457 generabant,
1331 4385 1518 4453 partim
1551 4399 1616 4438 ex
1650 4385 1777 4437 locis
1807 4385 2000 4453 quibus
2045 4386 2106 4438 li-

525 4483 714 4537 liortnn
738 4480 951 4534 nomina
980 4478 1339 4547 imponebant.
1371 4477 1496 4532 ιιι-ο
1527 4478 1703 4530 omnia
1728 4477 1847 4545 jmc
1873 4475 1992 4545 quis
2023 4477 2102 4529 di-

523 4581 672 4627 ceret
703 4579 1040 4638 peccatorum
1069 4571 1421 4632 monimenta,
1459 4582 1665 4622 necnon
1711 4568 1889 4635 lapsus
1932 4582 1960 4618 a
1995 4565 2104 4634 pri-

525 4675 663 4719 stina
678 4661 869 4731 gloria,
889 4661 939 4714 in
959 4675 1061 4730 qua
1077 4673 1194 4712 cum
1215 4669 1412 4722 essent,
1436 4658 1579 4710 nullo
1593 4657 1781 4710 horum
1804 4656 2107 4724 indigebant

528 4755 696 4807 Adam
727 4760 782 4806 et
808 4751 936 4815 Eva,
979 4761 1164 4819 utp0tc
1209 4747 1461 4802 omnibus
1511 4748 1833 4814 superiores,
1882 4755 1936 4800 ct
1979 4747 2108 4800 nihil

527 4842 763 4896 obnoxii.
793 4839 880 4894 18.
917 4838 1078 4893 Porro
1111 4838 1286 4892 Enoclt
1325 4837 1425 4904 ipsi
1466 4847 1614 4889 natus
1637 4846 1728 4900 est,
1767 4836 1956 4906 inquit,
1981 4835 2105 4889 Gat-

530 4932 654 4995 dud,
684 4941 729 4984 ct
757 4929 956 4983 Gaidad
976 4929 1143 4998 genuit
1175 4927 1430 4991 .llaleleel,
1460 4937 1506 4980 et
1536 4925 1769 4980 .llaleleel
1797 4931 1964 4997 genuit
1997 4928 2110 4981 Mu-

531 5025 751 5087 ttinsala,
781 5032 825 5074 et
853 5019 1140 5073 Mathusala
1163 5023 1331 5089 genuit
1359 5018 1595 5072 Lameclt.
1624 5017 1784 5074 Vides
1809 5034 1964 5090 quam
1985 5034 2109 5073 cur-

533 5113 630 5166 sim
669 5111 1246 5180 transitgenealogias;
1279 5110 1512 5164 virorum
1543 5119 1744 5164 tantum
1785 5111 2108 5167 mentionem

535 5202 660 5254 tacit
688 5201 876 5254 beatus
913 5200 1021 5263 ille,
1075 5214 1331 5268 nusquam
1356 5213 1482 5252 vero
1523 5199 1799 5254 mulierum
1847 5201 2106 5255 meminit.

535 5289 638 5344 Sed
692 5288 1136 5360 quemadmodum
1185 5290 1252 5344 de
1295 5287 1425 5342 Cain
1479 5289 1676 5345 dictum
1723 5301 1826 5356 est,
1870 5290 2111 5361 Cognovit

537 5394 742 5434 ruerem
772 5395 936 5446 suam,
967 5394 1085 5434 cum
1112 5394 1367 5449 nusquam
1399 5395 1496 5434 nos
1547 5381 1809 5442 docuerit,
1842 5398 2009 5452 neque
2030 5382 2109 5436 di-

536 5470 675 5522 xerit
702 5471 841 5524 unde
868 5469 1105 5525 habuerit
1127 5484 1347 5525 uxorem
1375 5490 1388 5525 :
1412 5473 1487 5524 sic
1518 5487 1644 5526 sane
1669 5479 1723 5526 et
1750 5471 1833 5524 h‘c
1862 5474 2107 5541 loquitur:

539 5569 624 5626 19.
663 5569 725 5625 Et
767 5563 956 5631 accepit
991 5562 1086 5617 sibi
1125 5560 1346 5616 Lamech
1394 5563 1518 5617 duas
1559 5579 1757 5625 itth-cs,
1805 5581 1981 5616 nomen
2024 5582 2110 5618 unt

552 5660 750 5720 ddum!
768 5678 947 5715 nomen
975 5654 1205 5709 secundat
1232 5650 1395 5708 Sella.
1425 5653 1514 5706 9.0.
1543 5653 1605 5705 Et
1636 5655 1827 5723 peperit
1860 5656 1990 5719 Ade,
2026 5656 2110 5708 iu~

553 5747 859 5816 quit,Jobel
882 5762 900 5801 :
923 5751 1000 5804 hic
1017 5752 1116 5821 fuit
1145 5757 1284 5814 pater
1305 5743 1635 5798 habitantium
1682 5745 1731 5797 in
1779 5746 2110 5800 tabernaculis

1227 371 1284 429 8.
1323 364 1597 426 ιοειΝΝιε
1631 355 2104 420 ειιιιῖδοετωιι
2143 351 2459 410 ARCIIIEP.
2498 349 3026 408 CONSTAM‘INUP.

3664 349 3768 407 i6!

2189 476 2470 538 pastorum.
2499 466 2593 522 ΩΙ.
2633 465 2699 520 Et
2726 481 2904 520 nomen
2930 465 3079 534 fratri
3104 464 3240 517 illius
3273 461 3432 518 anal
3459 477 3472 515 :
3501 464 3580 518 hic
3607 465 3703 534 {uit
3727 467 3770 518 is

2189 558 2274 630 qui
2302 557 2654 613 demonstraoit
2682 554 2974 627 psalterium
2995 563 3042 609 et
3066 555 3337 608 citharam.

2258 646 2314 700 2.
2356 645 2491 702 Vide
2528 645 2816 714 Scriptura:
2835 644 3189 715 diligentiam.
3224 643 3409 700 Docuit
3440 659 3539 700 nos
3581 653 3634 701 et
3677 660 3770 700 no-

2189 737 2332 789 mina
2364 751 2550 792 eorum
2580 735 2666 806 qui
2699 735 2806 789 nati
2829 745 2954 790 sunt
2990 751 3054 790 ex
3099 751 3264 790 uxore
3293 735 3547 799 Lamech,
3575 745 3627 791 et
3651 751 3772 805 qua:

2191 827 2366 882 studia
2395 827 2608 883 illorum
2631 825 2829 882 fuerint
2857 843 2871 879 :
2905 841 3096 895 nempe
3119 825 3261 897 quod
3290 841 3428 880 unus
3454 825 3655 882 alendis
3685 843 3774 896 pc-

2189 917 2402 972 coribus
2439 917 2598 992 fuerit
2636 917 2866 983 deditus,
2895 927 2951 972 et
2991 919 3128 974 alter
3151 918 3536 989 excogitaverit
3576 920 3774 988 psalte-

2190 1008 2327 1062 rium
2371 1017 2425 1064 et
2464 1009 2744 1065 citharam.
2774 1009 2862 1063 29..
2911 1007 3054 1064 Sella
3100 1019 3287 1076 autent,
3333 1008 3525 1079 inquit,
3569 1020 3614 1064 et
3663 1009 3777 1080 ipsa

2192 1101 2383 1170 peperit
2410 1099 2620 1166 Tltobel,
2642 1111 2688 1154 et
2712 1111 2822 1154 erat
2850 1101 3135 1165 malleator,
3156 1109 3200 1152 et
3232 1099 3372 1171 [uber
3406 1100 3522 1155 reris
3551 1109 3595 1154 et
3625 1101 3770 1170 ferri.

2191 1187 2387 1246 lterum
2423 1201 2478 1246 et
2511 1202 2678 1245 artem
2706 1191 2850 1244 illius
2877 1193 2967 1260 qui
2993 1206 3060 1246 ex
3078 1190 3218 1245 Sella
3245 1201 3398 1245 natus
3418 1199 3532 1245 erat
3559 1189 3772 1255 indicat,

2190 1281 2332 1352 quod
2379 1297 2570 1353 nempe
2614 1281 2856 1337 fabrilem
2896 1282 3020 1336 teris
3072 1291 3241 1336 artem
3297 1292 3592 1336 exerceret.
3645 1281 3776 1334 Vide

2192 1375 2460 1443 quomodo
2487 1389 2604 1444 qua:
2630 1374 2695 1427 ad
2724 1388 2876 1428 usum
2896 1381 2950 1427 et
2968 1372 3306 1428 commodum
3332 1374 3542 1425 humani
3570 1389 3716 1442 gone:
3734 1375 3773 1426 is

2192 1473 2433 1532 Spectant
2484 1464 2735 1536 paulatim
2785 1465 2995 1534 provisa
3047 1463 3169 1517 sint.
3223 1464 3286 1517 lit
3317 1463 3544 1532 primum
3592 1463 3774 1516 Caina

2197 1554 2306 1608 filio
2327 1570 2423 1608 suo
2441 1555 2708 1610 civitatem
2731 1556 2800 1608 ab
2820 1571 2877 1611 se
2898 1553 3210 1608 mdificatam
3238 1555 3547 1609 nominavit.
3576 1554 3768 1608 Deinde

2195 1659 2379 1699 eorum
2409 1645 2498 1715 qui
2525 1661 2589 1701 es
2632 1647 2885 1700 uxoribus
2924 1645 3154 1700 Lanaeeh
3183 1645 3292 1699 nati
3331 1657 3475 1710 sunt,
3517 1660 3650 1699 unus
3687 1661 3767 1713 pa-

2195 1736 2405 1791 scendis
2445 1737 2723 1805 pecoribus
2767 1751 2826 1792 se
2854 1735 3075 1802 dedidit,
3105 1736 3241 1790 alius
3284 1736 3527 1789 aerariam
3558 1749 3770 1790 exerce-

2195 1829 2277 1883 bat
2305 1869 2321 1894 ,
2369 1830 2505 1883 alius
2559 1829 2716 1884 etiam
2766 1831 3071 1900 psalterium
3104 1839 3156 1883 et
3186 1829 3443 1884 citharam
3486 1828 3771 1883 adinvcnit.

2197 1919 2360 1974 Soror
2387 1929 2571 1985 autem,
2609 1921 2797 1990 inquit,
2835 1920 3023 1974 Tltobef
3057 1919 3313 1974 Noeman.
3344 1919 3482 1987 Quid
3534 1919 3634 1973 hoc
3680 1935 3773 1973 ιο-

2196 2028 2317 2067 vuln
2347 2019 2402 2067 et
2427 2011 2740 2066 insolitum?
2767 2011 2915 2066 Nunc
2941 2013 3170 2082 primum
3197 2011 3508 2065 nominatim
3539 2011 3777 2066 mulieris

2198 2107 2459 2162 meminit.
2507 2106 2626 2161 Non
2655 2107 2771 2162 sine
2801 2121 2980 2172 causa,
3011 2123 3182 2177 neque
3213 2116 3431 2172 temere,
3465 2106 3556 2162 sed
3588 2117 3646 2162 ut
3685 2125 3778 2161 trc-

2196 2199 2399 2252 cultmn
2446 2198 2572 2267 quid
2620 2198 2772 2252 nobis
2823 2198 2908 2252 hic
2954 2198 3226 2265 declaret,
3277 2199 3380 2253 hoc
3428 2198 3550 2254 fecit
3595 2200 3779 2254 beatus

2199 2290 2490 2361 propheta;
2537 2291 2588 2346 id
2610 2292 2749 2361 quod
2780 2291 2831 2346 iu
2864 2291 3000 2345 aliud
3033 2301 3241 2362 tempus
3266 2292 3414 2344 vobis
3437 2306 3779 2360 reponemus,

2200 2400 2340 2439 nunc
2372 2386 2643 2438 llirlul'lillll
2695 2401 2982 2454 sequamur
3020 2403 3032 2437 :
3077 2400 3250 2454 neque
3297 2385 3438 2438 enim
3482 2389 3625 2453 parvi
3668 2400 3779 2436 mo-

2199 2477 2364 2532 menti
2393 2476 2643 2548 quiddam
2673 2487 2755 2531 est
2784 2476 2925 2546 quod
2955 2477 3218 2542 subditur,
3244 2485 3300 2532 ct
3340 2477 3566 2546 plurimo
3599 2477 3779 2529 labore

2199 2566 2358 2621 habet
2381 2581 2536 2636 Opus,
2566 2581 2627 2620 ac
2653 2566 2988 2636 diligentiore
3021 2567 3384 2635 inquisitione,
3415 2575 3470 2619 ut
3493 2568 3778 2634 possimus,

2197 2658 2442 2711 omnibus
2463 2657 2660 2726 liquido
2677 2657 3228 2724 esplonalisgnultum
3259 2657 3383 2712 hinc
3411 2659 3652 2712 utilitatis
3687 2676 3782 2711 tm-

2198 2747 2278 2802 bis
2295 2749 2308 2779 ¹
2333 2748 2543 2802 afferre.
2561 2747 2650 2802 25.
2669 2746 2834 2813 Dixit,
2851 2749 3035 2816 inquit,
3054 2747 3271 2802 Lameclt
3291 2750 3526 2802 uxoribus
3544 2750 3646 2804 suis
3659 2750 3782 2802 Atla:

2197 2852 2244 2894 et
2279 2841 2470 2895 Sellte:
2503 2841 2684 2894 Audite
2705 2856 2873 2894 vocem
2912 2857 3092 2905 meam,
3113 2857 3294 2894 uxores
3314 2839 3555 2903 Lamecli,
3580 2842 3782 2895 auribus

2201 2933 2442 3003 percipite
2469 2948 2723 2985 sermones
2757 2948 2891 2985 meos
2922 2949 2940 2985 :
2971 2934 3091 3002 quia
3135 2933 3298 2986 virum
3327 2933 3488 2986 occidi
3525 2939 3576 2987 in
3604 2934 3783 2987 vulnus

2201 3024 2344 3088 milii,
2385 3033 2430 3075 et
2457 3023 2887 3078 adolescentulum
2914 3024 2964 3076 in
3012 3025 3295 3077 cicatricem
3347 3026 3488 3078 nti/ti.
3523 3025 3613 3080 ει.
3650 3027 3785 3094 Quia

2200 3116 2378 3183 septies
2405 3115 2527 3168 ultio
2573 3125 2776 3184 sumpta
2825 3124 2894 3169 est
2924 3114 2985 3168 de
3013 3113 3160 3182 Cain,
3190 3115 3252 3168 tle
3282 3113 3502 3171 Laniecli
3550 3133 3666 3170 vero
3708 3133 3786 3171 se-

2202 3205 2427 3277 ptuagiss
2473 3207 2672 3276 septies.
2719 3205 2978 3270 Obsecro,
3027 3215 3205 3260 mente
3250 3205 3451 3260 intenta
3498 3215 3690 3272 estote,
3733 3215 3788 3263 et

2202 3297 2378 3350 omnia
2423 3312 2541 3364 qua:
2591 3295 2657 3349 ad
2688 3297 2969 3350 sicculares
3000 3311 3156 3350 curas
3198 3298 3486 3366 potinem,
3517 3314 3786 3368 sepoueuo

2204 3393 2302 3446 tes,
2331 3401 2452 3439 cum
2480 3385 2752 3455 diligentia
2802 3401 2919 3455 qum
2965 3385 3237 3450 dicuntur,
3284 3398 3702 3456 perseruteinur,
3733 3398 3788 3443 ut

2205 3475 2334 3529 nihil
2363 3490 2547 3530 eormn
2599 3490 2697 3529 nos
2749 3475 2932 3538 lateat,
2965 3478 3060 3533 sed
3107 3486 3361 3548 quantum
3410 3493 3693 3549 possumus
3723 3480 3788 3534 ad

2206 3565 2521 3635 profundum
2555 3567 2801 3637 ingrcssi,
2831 3569 3097 3622 occultum
3127 3571 3433 3625 thesaurum
3464 3572 3642 3625 venari
3669 3587 3790 3641 pos-

2205 3660 2368 3712 sinms
2400 3659 2452 3712 in
2481 3659 2661 3727 paucis
2687 3658 2790 3713 illis
2815 3659 2993 3714 verbis
3024 3660 3297 3716 latentem.
3333 3661 3472 3716 Dixit
3496 3674 3682 3726 autent,
3711 3664 3792 3718 iu-

2203 3750 2338 3819 quit,
2369 3749 2589 3803 Lamech
2632 3751 2873 3805 uxoribus
2901 3751 3005 3805 suis
3034 3752 3159 3806 Atta:
3184 3763 3230 3806 et
3261 3752 3459 3808 Solita:
3495 3753 3682 3808 Audite
3707 3771 3792 3809 so-

2205 3857 2313 3894 cem
2342 3857 2523 3905 meam,
2549 3857 2730 3896 uxores
2760 3840 3000 3908 Lantecli,
3031 3843 3236 3897 auribus
3265 3845 3506 3913 percipite
3539 3861 3792 3899 sermones

2209 3947 2361 3984 meos.
2392 3932 2704 3995 Considera,
2743 3933 2987 3996 obsecro,
3017 3933 3196 3987 statim
3240 3934 3308 3987 ab
3336 3935 3503 4001 initio,
3532 3947 3790 4005 quantum

2211 4021 2284 4076 illi
2334 4022 2587 4091 profuerit
2637 4039 2789 4092 paena
2823 4023 2953 4080 Cain
2983 4024 3234 4094 irrogata.
3267 4023 3382 4078 Non
3429 4025 3602 4080 solum
3647 4028 3791 4080 enim

2212 4127 2316 4164 non
2349 4121 2626 4180 exschtat
2668 4122 2724 4166 ut
2749 4114 2816 4167 ab
2843 4113 2950 4168 alio
2976 4123 3249 4184 arguatur,
3281 4115 3421 4184 quod
3450 4115 3503 4170 in
3551 4115 3694 4171 idem
3741 4126 3796 4172 et

2211 4204 2424 4271 gravius
2455 4214 2727 4271 peceatum
2760 4203 2938 4271 lapsus
2979 4206 3068 4269 sit,
3099 4205 3191 4259 sed
3223 4206 3367 4258 nullo
3395 4206 3476 4261 vel
3506 4216 3795 4262 accusante

2213 4295 2294 4348 vel
2329 4296 2654 4364 increpante,
2688 4297 2799 4364 ipse
2834 4295 3176 4363 semetipsum
3203 4296 3538 4352 manifestum
3570 4297 3714 4368 ﬁcit,
3744 4308 3797 4355 et

2210 4384 2496 4438 conlltetur
2537 4400 2655 4452 qua:
2697 4383 2836 4438 facta
2884 4386 3010 4447 sint,
3045 4384 3462 4454 mulieribusque
3491 4397 3670 4442 narrat
3697 4389 3796 4444 de-

2215 4477 2319 4531 licti
2355 4476 2791 4545 magnitudinem,
2824 4477 2975 4546 quasi
3007 4475 3136 4530 illud
3160 4476 3302 4545 quod
3346 4493 3375 4529 a
3423 4479 3680 4548 propheta
3710 4481 3796 4533 di-

2213 4576 2354 4620 ctum
2395 4577 2495 4630 est,
2526 4565 2752 4634 impleas
2781 4583 2797 4621 :
2824 4565 3004 4621 Justus
3032 4569 3110 4620 sui
3136 4569 3294 4637 ipsius
3341 4581 3605 4623 accusator
3641 4581 3718 4624 est
3747 4573 3797 4624 in

2216 4658 2461 4726 principio
2492 4659 2734 4711 sermonis
2767 4656 2945 4726 (Prov.
2981 4659 3062 4713 l8.
3100 4661 3211 4729 17).
3244 4661 3536 4716 Plurimum
3559 4663 3701 4717 eni'n
3731 4664 3795 4718 ad

2215 4747 2546 4800 emendanda
2577 4758 2790 4816 peccata
2817 4748 2955 4802 valet
2979 4751 3268 4805 confessio.
3288 4751 3479 4821 Utique
3510 4754 3647 4808 sicut
3670 4769 3798 4826 gra-

2219 4840 2336 4893 vius
2364 4848 2445 4894 est
2475 4841 2702 4908 peccatis
2749 4842 2896 4910 ipsis,
2930 4852 3047 4910 post
3091 4853 3304 4912 peccata
3333 4848 3641 4914 commissa,
3672 4865 3796 4918 pee-

2216 4940 2332 4984 cata
2378 4931 2600 4985 inficiari
2633 4950 2646 4985 :
2682 4931 2733 4986 id
2762 4933 2903 5001 quod
2951 4932 3217 4987 fratricida
3251 4936 3339 4989 ille
3373 4937 3582 5007 agebat,
3611 4950 3664 4992 ct
3713 4956 3799 4994 ro-

2216 5032 2370 5091 gatus
2401 5038 2430 5076 a
2459 5023 2804 5078 misericorde
2845 5025 2976 5092 Deo,
3007 5041 3112 5078 non
3143 5027 3350 5082 solum'
3375 5047 3478 5084 non
3523 5031 3800 5088 confessus

2217 5123 2300 5168 est
2330 5113 2380 5168 id
2409 5113 2550 5183 quod
2574 5129 2738 5168 ausus
2778 5116 2945 5169 fuerat
2979 5125 3190 5184 patrare
3228 5119 3452 5188 facinus,
3490 5122 3581 5176 sed
3613 5134 3665 5177 et
3693 5124 3801 5178 Deo

2220 5205 2430 5259 mentiri
2457 5220 2620 5260 ausus
2645 5215 2727 5260 est
2762 5223 2776 5258 :
2805 5213 2861 5258 et
2887 5205 3004 5262 ideo
3032 5219 3088 5262 ut
3120 5209 3524 5278 prolongarezur
3548 5212 3653 5265 vita
3679 5229 3802 5277 sua,

2220 5293 2364 5348 fecit.
2394 5294 2556 5365 Igitur
2583 5295 2814 5350 Lameclt
2859 5297 2912 5350 in
2959 5298 3045 5352 illa
3092 5301 3204 5368 ipsa
3254 5309 3466 5368 peceata
3511 5303 3802 5358 inciderat:

2227 5380 2323 5434 sed
2353 5379 2536 5433 animo
2559 5387 2842 5448 reputans,
2868 5381 3213 5450 negationem
3237 5384 3458 5451 gravius
3477 5384 3551 5438 illi
3580 5401 3798 5453 parasse

2228 5465 2578 5538 supplicium,
2605 5469 2817 5524 vocatis
2841 5470 3163 5524 mulieribus
3181 5472 3318 5536 suis,
3339 5472 3490 5526 nullo
3511 5473 3803 5542 reprehen-

2293 5631 2306 5662 ι
2337 5631 2434 5673 Set
2465 5627 2577 5675 Mss.
2606 5635 2650 5676 et
2678 5627 2848 5681 Savil..
2874 5626 3020 5678 vobis.

2291 5693 2309 5721 ²
2342 5690 2462 5749 lieg.
2490 5704 2613 5736 unus
2641 5698 2693 5737 et
2723 5695 2804 5737 Sat
2823 5690 2871 5737 il.
2903 5689 2974 5736 sic
3010 5691 3214 5747 habent,
3240 5697 3284 5738 et
3316 5697 3512 5749 rogatus
3541 5705 3569 5738 α
3608 5689 3802 5741 uttsct'i-

2229 5755 2373 5801 corde
2406 5754 2518 5812 Deo,
2551 5766 2567 5797 ς
2595 5750 2673 5800 ubi
2695 5751 2980 5813 Al'el/i'ater
3000 5759 3123 5812 titus,
3156 5769 3170 5800 ι
3200 5765 3293 5802 tum
3317 5754 3490 5802 solum.
