4068 6392
383 277 482 334 169

377 407 395 441 τ
416 390 473 444 αἰ
494 390 570 452 εἰς
608 385 821 456 ἐκείνην
846 384 1012 438 ἐλθὼν
1035 384 1127 455 τήν
1147 383 1372 446 ἔννοιαν,
1393 385 1474 436 ὅτι
1503 384 1707 436 ἐκεῖνον
1740 386 1774 450 ή
1801 378 2026 448 ἄρνησις

379 473 763 544 χαλεπωτέραν
785 470 1036 534 δέξασθαι
1082 468 1454 540 παρεσκεύασε
1482 469 1580 538 τὴν
1609 465 1896 537 τιμωρίαν,
1932 478 2028 514 κα-

379 559 540 622 λέσας
570 557 667 622 τάς
727 557 918 610 ἐαυτοῦ
940 558 1225 625 γυναῖκας.
1263 553 1480 618 οὐδενὸς·
1528 548 2031 618 καταναγκάζοντος

378 647 500 699 οὐδὶ
565 645 942 715 διελέγχοντος,
1002 642 1160 706 αὐτὸς
1197 642 1282 695 διὰ
1308 643 1406 712 τῆς
1432 641 1635 704 οἰκείας
1671 638 1915 708 γλώττης
1939 635 2032 687 καὶ

378 733 478 804 τὴν
506 732 792 800 ὁμολογίαν
827 729 934 782 τῶν
967 728 1372 800 ἡμαρτημένων
1409 731 1657 787 ποιεῖται,
1693 725 1785 780 καὶ
1808 719 2031 793 συγκρί-

379 835 486 872 νων
526 819 594 872 τά
621 817 710 871 ὐπ’
739 815 902 870 αὐτοῦ
951 815 1284 887 εἰργασμένα
1319 817 1427 878 τοῖς
1473 813 1623 884 παρὰ
1652 810 1743 864 τοῦ
1779 811 1915 863 xm
1936 824 2032 860 πε-

380 906 732 976 πραγμένοις,
773 903 947 974 ἐαυτῷ
971 903 1068 974 τήν
1092 902 1360 974 τιμωρίαν
1386 901 1574 974 ὁρίζει.

449 1076 599 1143 Εἶδες
648 1078 973 1154 κηδεμονίαν
1022 1075 1314 1142 Δεσπότου,
1350 1075 1467 1138 πῶς
1517 1073 1608 1126 καὶ
1660 1071 1715 1125 αἰ
1772 1069 2029 1143 τιμωρίαι

379 1167 544 1221 αὐτοῦ
577 1165 980 1236 φιλανθρωπίας
1004 1163 1285 1226 ὑποθέσεις
1306 1163 1429 1224 εἰσί,
1467 1160 1557 1213 καὶ
1584 1160 1664 1212 ὅτι
1684 1158 1745 1212 οὐ
1765 1158 1922 1229 μέχρι
1937 1157 2029 1210 τοῦ

376 1254 477 1323 τὴν
501 1251 767 1322 τιμωρίαν
804 1250 1091 1320 δεχομένου
1123 1249 1189 1302 τά
1226 1248 1325 1316 τῆς
1361 1245 1766 1315 φιλανθρωπίας
1799 1245 2028 1309 ἵσταται,

376 1337 509 1390 ἀλλά
539 1338 629 1391 καὶ
655 1339 766 1401 τοῖς
790 1337 991 1399 λοιποῖς
1020 1337 1284 1406 χρήσιμον
1310 1329 1700 1394 κατασκευάζει
1731 1331 1790 1383 τὸ
1818 1330 2023 1405 φάρμα-

378 1440 492 1486 κον,
520 1424 569 1476 εἰ
605 1421 910 1492 βουληθεῖεν
931 1422 1029 1490 τήν
1051 1416 1286 1483 ἐξαύτοῦ
1311 1418 1574 1486 ὠφέλειαν
1603 1413 2027 1486 καρπώσασθαις

380 1509 550 1563 Πόθεν
571 1508 699 1580 γὰρ,
724 1507 846 1560 εἰπέ
878 1524 987 1576 μοι,
1027 1507 1055 1557 6
1086 1505 1275 1573 Λάμεχ
1299 1503 1561 1574 ἑτέρωθεν
1595 1502 1685 1554 ἐπὶ
1717 1500 1811 1572 τὴν
1837 1499 2033 1552 τοσαύη

374 1612 476 1664 την
501 1592 880 1664 ἐξομολόγησιν
902 1590 1150 1662 ἐπείχθη,
1174 1594 1220 1644 εἰ
1241 1590 1314 1661 μὴ
1341 1591 1438 1660 τήν
1464 1590 1526 1642 ἐκ
1556 1587 1664 1642 τῶν
1683 1587 1875 1657 ἐκείνῳ
1897 1603 2032 1656 συμ-

376 1681 582 1736 “Vim
633 1678 933 1750 ὑπόμνησιν
974 1674 1086 1749 εἶχε
1142 1677 1400 1747 διηνεκῶς
1450 1675 1610 1730 αὐτοῦ
1661 1675 1758 1736 τὴν
1796 1673 2030 1727 διάνοιαν

375 1765 762 1820 κατασείουσαν
776 1781 791 1824 ;
805 1761 968 1829 Εἷπε,
985 1765 1166 1834 φησίν·
1194 1762 1517 1817 Ἀκούσατέ
1533 1778 1652 1830 μου
1673 1760 1782 1830 τῆς
1801 1758 2026 1833 φωνῆς,

374 1853 472 1907 καί
494 1850 859 1905 ἐνωτίσασθέ
875 1867 992 1919 μου
1029 1851 1169 1916 τοὺς
1190 1852 1430 1918 λόγους.
1469 1851 1608 1916 Ὅρα
1644 1848 1758 1910 πῶς
1778 1845 2033 1900 καθ’ἐαυ-

373 1939 462 1993 τὸν
486 1939 825 2008 δικαστήριον
860 1936 1108 1999 καθίσας,
1152 1935 1290 1988 οὕτω
1319 1936 1417 2005 τήν
1465 1922 1804 2006 παράκλησιν
1844 1937 2030 1998 αὐταῖς

375 2026 656 2092 προσάγει,
689 2023 827 2075 ὥστε
880 2023 954 2093 μὴ
1002 2021 1292 2091 παρέργως
1337 2020 1589 2084 δέξασθαι
1633 2022 1701 2074 τά
1741 2021 2026 2090 λεγόμενα.

373 2113 446 2166 Τὸ
475 2115 580 2182 γὰρ
609 2114 802 2178 εἰπεῖν,
855 2108 1170 2165 Ἀκούσατέ
1191 2125 1310 2178 μου
1332 2107 1442 2177 τῆς
1459 2108 1684 2178 φωνῆς,
1711 2108 1808 2162 καί
1827 2108 2027 2161 ἐνωτί-

372 2200 565 2254 σασθέ
602 2217 720 2270 μου
760 2198 902 2264 τοὺς
935 2199 1174 2267 λόγους,
1214 2197 1368 2250 τοῦτο
1399 2196 1682 2267 δηλοῦντός
1713 2198 1856 2249 ἐστι·
1892 2197 2026 2248 Συν-

371 2286 578 2339 τείνατε
637 2284 808 2354 ὐμῶν,
845 2286 994 2353 φησὶ,
1021 2284 1118 2354 τήν
1149 2284 1401 2348 διάνοιαν,
1437 2283 1531 2336 καὶ
1569 2281 1706 2352 μετὰ
1749 2282 2029 2351 ἀκριϐείας

373 2373 665 2443 προσέχετε
680 2366 760 2432 οἷς
779 2370 827 2441 [1
839 2369 924 2442 Π]
944 2372 1085 2440 ἐρεῖν
1105 2369 1298 2439 μέλλω.
1318 2369 1452 2422 Οὐδέ
1468 2371 1574 2438 γὰρ
1598 2385 1662 2420 πε
1672 2368 1723 2437 ρί
1737 2368 1841 2420 τῶν
1852 2369 2030 2436 τυχόν-

372 2473 477 2510 των
515 2457 639 2526 ύμῖν
667 2455 995 2524 διαλέξομαι,
1032 2454 1165 2507 ἀλλά
1195 2455 1492 2525 πράγματα
1527 2456 1654 2523 ὑμῖν
1689 2453 2029 2525 ἐξαγορεύσω

371 2542 714 2605 λανθάνοντα,
742 2542 833 2594 καὶ
859 2540 894 2594 ἃ
922 2541 1106 2610 μηδεὶς
1130 2541 1311 2610 ἔτερος
1337 2536 1490 2604 οἶδεν,
1515 2540 1628 2592 ἀλλ’
1656 2540 1688 2610 ἦ
1722 2541 1877 2611 μόνος
1894 2538 2026 2607 ἐγὼ,

371 2631 464 2684 καὶ
494 2633 522 2683 6
552 2631 845 2698 ἁκοίμητος
891 2629 1096 2691 ἐκεῖνος
1131 2626 1424 2697 ὀφθαλμὸς,
1451 2627 1509 2678 ὃν
1541 2626 1791 2689 δεδοικὼς
1817 2626 2029 2680 σπεύδω

370 2715 463 2769 καὶ
507 2715 794 2786 ἐπείγομαι
857 2713 1063 2784 φανερὰ
1120 2714 1247 2785 ὑμῖν
1283 2715 1620 2784 καταστῆσαι
1657 2714 1726 2767 τά
1774 2715 1864 2766 ὐπ’
1894 2712 2026 2782 ἐμοῦ

370 2801 748 2871 πεπραγμένα,
794 2801 891 2854 καὶ
938 2801 1088 2864 ὅσαις
1151 2801 1439 2870 τιμωρίαις
1492 2801 1681 2854 ἑαυτὸν
1731 2799 2026 2852 ὑπεύθυνον

371 2887 674 2956 κατέστησα
707 2886 792 2939 διά
817 2886 923 2938 τῶν
954 2887 1179 2938 ἀνοσίων
1213 2886 1479 2957 πράξεων.
1504 2888 1631 2940 ’Ότι
1657 2886 1846 2954 ἄνδρα
1882 2887 2025 2940 ἀπέ-

370 2989 593 3038 actura,
648 2973 831 3042 φησιν,
890 2973 972 3035 εἰς
1011 2971 1239 3040 τραῦμα
1275 2971 1426 3040 ἐμοὶ,
1464 2972 1563 3025 καί
1599 2974 1923 3025 νεανίσκον
1943 2976 2022 3038 εἰς

369 3061 630 3129 μώλωπα
649 3059 796 3129 ἐμοί.
827 3060 954 3112 Ὀτι
983 3057 1227 3124 ἑπτάκις
1251 3057 1622 3126 ἐκδεδίκηται
1664 3059 1731 3111 ἐκ
1760 3057 1928 3122 Κάτν,
1963 3061 2029 3112 ἐκ

368 3148 440 3202 δὲ
460 3147 659 3218 Λάμεχ
705 3146 1207 3215 ἑϐδομηκοντάκις
1235 3145 1401 3199 ἑπτά.
1437 3146 1596 3214 Μέγα
1627 3147 1686 3200 τὸ
1720 3148 2026 3217 εἰρημένον,

372 3236 466 3288 καὶ
487 3234 689 3306 σφόδρα
723 3234 883 3304 μέγα,
918 3235 1008 3286 καί¹
1037 3232 1203 3303 πολλὴ
1229 3231 1320 3284 τοῦ
1340 3232 1531 3302 ἀνδρὸς
1560 3233 1593 3303 ή
1615 3233 2025 3302 εὐγνωμοσύνη.

368 3322 446 3376 οὐ
484 3321 640 3392 μόνον
668 3321 775 3392 γάρ
802 3320 1050 3392 ὁμολογεῖ
1080 3319 1141 3371 τὺ
1168 3319 1406 3388 γεγονὸς,
1436 3319 1529 3373 καὶ
1577 3322 1700 3383 τούς
1734 3321 1927 3388 φόνους
1950 3324 2029 3384 εἰς

373 3407 534 3478 μέσον
562 3407 701 3475 ἀγει,
729 3407 820 3470 οὓς
852 3407 1161 3477 εἰργάσατο,
1193 3405 1326 3458 ἀλλά
1352 3405 1544 3459 καὶδιά
1569 3407 1663 3477 τῆς
1691 3407 2028 3476 συγκρίσεως

370 3493 477 3546 τῶν
505 3494 594 3546 ὐπ’
625 3494 830 3546 ἐκείνου
885 3493 976 3546 καὶ
1005 3492 1094 3544 ὐπ’
1122 3490 1284 3544 αὐτοῦ
1317 3492 1614 3559 γεγονότων
1655 3493 1714 3546 τὸ
1756 3493 2028 3564 ἐπιτίμιον

371 3577 547 3649 ἐαυτῷ
599 3579 888 3647 ἐπιτίθησι.
941 3578 1104 3641 Ποίας
1135 3578 1241 3648 γάρ
1287 3578 1351 3631 ἂν
1373 3578 1480 3649 εἴη,
1515 3580 1669 3648 φησὶ,
1700 3579 2028 3652 συγγνώμης

371 3664 518 3729 ἄξιος
545 3667 572 3719 ὁ
604 3665 735 3734 μηδέ
767 3667 832 3734 τῇ
870 3665 1054 3736 ἐτέρου
1083 3666 1318 3735 τιμωρία
1346 3667 1750 3736 σωφρονισθείς,
1776 3667 1909 3720 ἀλλὰ
1936 3670 2028 3722 καὶ

371 3750 591 3806 ιναυλον
619 3750 756 3821 ἔχων
778 3751 874 3821 τήν
899 3752 1132 3820 μνήμην,
1166 3751 1258 3801 καί
1294 3751 1428 3820 πρὸς
1459 3752 1550 3804 ἐπὶ
1586 3752 1790 3814 τούτοις
1811 3753 2028 3807 διπλοῦν

371 3837 742 3907 ἐργασάμενος
773 3837 927 3905 φόνον
947 3852 962 3900 ;
984 3836 1110 3889 Ὅτι
1137 3835 1345 3903 ἄνδρα,
1389 3839 1571 3906 φησὶν,
1604 3839 1923 3892 ἀπέκτεινα
1944 3843 2030 3904 εἰς

370 3921 601 3992 τραῦμα
627 3923 776 3990 ἐμοὶ,
829 3921 926 3976 καὶ
978 3923 1305 3976 νεανίσκον
1353 3924 1439 3987 εἰς
1466 3921 1730 3991 μώλωπα
1774 3924 1922 3992 ἐμοί.
1954 3927 2027 3977 Οὐ

368 4009 619 4064 τοσοῦτον
653 4009 905 4078 ἠδίκησα,
955 4009 1139 4078 φησὶν,
1200 4007 1458 4070 ἐκείνους,
1503 4008 1594 4072 οὓς
1645 4009 1872 4071 ἀνεῖλον,
1908 4012 2030 4066 ὅσον

369 4093 625 4163 ιμαυτόν.
659 4093 752 4157 Εἰς
802 4095 1040 4161 ἄφυκτον
1079 4093 1187 4163 γάρ
1212 4092 1478 4164 τιμωρίαν
1529 4095 1719 4146 ἐαυτὸν
1758 4096 2027 4160 ἐνέϐαλον,

371 4180 740 4252 ἁμαρτήματα
775 4180 1138 4248 ἐργασάμενος
1167 4179 1494 4249 συγγνώμης
1528 4181 1801 4235 ἐπέκεινα.
1831 4183 1892 4234 Εἰ
1920 4183 2028 4255 γὰρ

370 4267 576 4330 ἐκεῖνος
599 4265 738 4336 ὑπὲρ
765 4265 858 4318 τοῦ
911 4264 1028 4328 ἐνὸς
1060 4264 1220 4334 φόνου
1246 4265 1384 4318 ἑπτὰ
1416 4267 1706 4337 τιμωρίαις
1727 4268 2028 4334 ὑπεύθυνος

367 4351 609 4421 γέγονεν,
637 4351 745 4421 ἐγὼ
766 4351 972 4414 δίκαιος
998 4351 1063 4404 ἀν
1085 4352 1200 4421 εῐην
1218 4351 1670 4422 ἑϐδομηκοντάκις
1694 4355 1832 4408 ἐπτά
1859 4373 2024 4426 τιμω-

373 4444 494 4511 ρίας
524 4441 796 4511 ὑποσχεῖν.
821 4439 976 4502 Τίνος
1003 4438 1187 4492 ἕνεκεν
1215 4439 1310 4492 καί
1338 4438 1427 4492 διά
1449 4440 1538 4505 τίς
1572 4439 1636 4492 Εἰ
1674 4440 1781 4511 γὰρ
1808 4443 1902 4495 καὶ
1939 4443 2029 4511 φό-

369 4543 461 4580 νον
506 4527 708 4590 ἐκεῖνος
756 4527 1069 4595 εἰργάσατο,
1106 4525 1202 4577 καὶ
1223 4524 1453 4593 ἀδελφοῦ
1478 4526 1654 4595 φόνον,
1693 4527 1806 4580 ἀλλ’
1841 4529 2025 4584 οὐδένα

367 4613 619 4669 οὐδέποτε
664 4613 924 4684 πρότερον
968 4612 1298 4682 θεασάμενος
1324 4613 1480 4666 τοῦτο
1527 4615 1882 4684 πεποιηκότα,
1907 4617 2026 4669 οὐδέ

369 4698 598 4754 κατιδὼν
623 4699 804 4770 ἕτερον
825 4698 912 4752 διὰ
951 4698 1049 4768 τὴν
1073 4698 1268 4768 πρᾶξιν
1293 4699 1691 4769 τιμωρηθέντα,
1716 4701 1809 4754 καὶ
1839 4702 2027 4754 τοσαύ-

367 4800 470 4854 της
492 4783 817 4854 πειραθέντα
845 4785 940 4852 τῆς
969 4785 1405 4852 ἀγανακτήσεως,
1431 4784 1570 4854 άπερ
1588 4786 1870 4856 ἀμφότερα
1903 4786 2025 4856 ἐμοὶ

369 4870 521 4935 αὔξει
547 4871 643 4934 τὰς
675 4871 940 4941 τιμωρίας
963 4888 975 4901 ³
1002 4872 1082 4924 ὄτι
1103 4872 1197 4923 καὶ
1224 4871 1329 4941 πρὸ
1356 4871 1463 4923 τῶν
1479 4871 1768 4942 ὀφθαλμῶν
1803 4872 1941 4944 ἔχων
1968 4873 2028 4925 τὸ

367 4957 460 5010 ὑπ’
496 4957 699 5013 ἐκείνου
750 4956 1037 5027 τολμηθὲν,
1081 4957 1175 5010 καί
1214 4957 1311 5026 τὴν
1360 4957 1629 5029 τιμωρίαν
1669 4959 1811 5031 ὁρῶν
1854 4959 2027 5025 οὕτως

365 5045 659 5115 ἀνήκεστον
706 5042 890 5108 οὖσαν,
914 5037 1033 5100 οὐδέ
1062 5043 1232 5108 οὕτως
1259 5046 1684 5118 ἐσωφρονίσθην.
1718 5049 1818 5104 Διὰ
1867 5049 2026 5103 τοῦτο

367 5130 469 5185 κᾶν
514 5130 966 5202 ἐϐδομηκοντάκις
993 5129 1129 5183 ἐπτὶι
1153 5131 1422 5200 τιμωρίας
1459 5133 1663 5187 ἐκείνου
1701 5136 2021 5209 ὑποσταίην,

367 5225 488 5279 οὐδέ
508 5224 649 5278 οὕτω
677 5223 959 5295 τήνάξίαν
993 5222 1146 5279 δώσω
1175 5224 1353 5294 δίκην.

434 5405 504 5466 γ’.
523 5397 706 5468 ὐρᾷς,
722 5398 988 5469 ἀγαπητέ,
1008 5397 1124 5461 πῶς
1156 5397 1495 5462 αὐτεξούσιον
1517 5399 1673 5470 ήμῶν
1691 5401 1783 5472 τήν
1803 5401 2022 5476 γνώμην

361 5485 392 5541 6
426 5483 558 5545 Θεὸς
591 5482 1004 5554 ἐδημιούργησε.
1041 5484 1135 5537 καὶ
1172 5483 1358 5555 ῶσπερ
1389 5485 1756 5556 ῥᾳθυμοῦντες
1787 5490 2019 5544 ὑποσκε-

361 5569 638 5640 λιζόμεθα,
671 5570 812 5623 οὕτω
861 5572 953 5623 καὶ
998 5571 1162 5640 νῆψαι
1207 5571 1554 5643 βουληθέντες
1603 5575 1910 5647 συνορῶμεν
1958 5580 2018 5632 τὸ

361 5654 509 5722 δέονς
567 5656 662 5718 Τίς
719 5656 848 5726 γάρ,
907 5658 1024 5711 εἰπέ
1065 5676 1176 5729 μοι,
1229 5658 1412 5713 τοῦτον
1466 5660 1558 5713 ἐπὶ
1606 5662 1706 5733 τὴν
1749 5666 2022 5738 τοσαύτην

359 5741 741 5814 ἐξομολόγησιν
774 5747 1134 5816 κατήπειγεν;
1167 5745 1350 5810 Οὐδεὶς
1377 5747 1578 5819 ἕτερος,
1607 5751 1719 5804 ἀλλ’
1744 5753 1775 5822 ἢ
1807 5755 1864 5806 τὸ
1895 5773 2013 5810 συν-

1181 270 1238 328 S.
1278 266 1561 326 JOANNIS
1597 257 2083 323 CBRYSOSTOMI
2120 257 2440 314 ARCHIEP.
2480 251 3013 314 CONSTANTINOP.

3693 247 3797 300 ΠΟ

2141 373 2278 436 ειδὸς
2317 373 2408 427 καὶ
2441 373 2470 425 6
2508 371 2766 441 δικαστὴς
2810 369 3012 428 ἐκεῖνος
3038 367 3064 418 ὁ
3093 363 3403 425 ἀδέκαστος.
3443 358 3658 428 Ἐπειδὴ
3687 358 3793 427 γάρ

2134 464 2214 524 εἰς
2273 461 2539 533 ρᾳθυμίαν
2584 457 2879 518 ἀποκλίνας
2925 457 3001 517 εἰς
3047 453 3204 523 ἔργον
3253 450 3427 521 ήγαγε
3479 448 3577 517 τὴν
3620 447 3793 514 γακὴν

2133 548 2492 620 ἐπιχείρησιν,
2522 545 2721 607 εὐθέως
2751 542 3113 608 κατεξανέστη
3136 538 3195 591 τὸ
3224 535 3458 598 συνειδὸς
3487 533 3792 620 καταϐοῶν.

2133 618 2236 688 καῖ
2255 618 2808 704 τῶννάμαρτηθέντων
2836 629 2896 681 τὸ
2927 626 3174 698 μέγεθος,
3206 625 3299 676 καὶ
3329 623 3478 685 ὅσαις
3507 618 3792 690 τιμωρίαις

2133 723 2322 776 ἑαυτὸν
2354 723 2648 776 ὑπεύθυνον
2680 720 2990 792 εἰργάσατο.
3025 715 3275 768 Τοιοῦτον
3299 711 3408 782 γὰρ
3439 711 3473 778 ἡ
3515 709 3791 780 ἁμαρτία·

2133 811 2261 880 πρὶν
2293 809 2325 880 ή
2359 810 2455 879 μέν
2479 809 2587 878 γάρ
2615 805 2976 877 παραχθῆναι,
3015 804 3107 856 καὶ
3145 803 3222 864 εἰς
3261 799 3420 870 ἔργον
3443 797 3635 857 ἐλθεῖν.
3664 813 3792 848 σκο-

2130 901 2215 948 τοῖ
2235 896 2324 948 τὸν
2345 897 2620 965 λογισμὸν,
2658 895 2754 948 καὶ
2796 892 2978 962 ἀπατᾷ
3016 889 3112 960 τὴν
3138 889 3374 942 διάνοιαν
3394 901 3408 915 ·
3448 883 3677 965 ima
3699 898 3792 934 τε-

2131 979 2349 1050 λειωθῇ,
2380 964 2511 1031 τότε
2531 977 2696 1049 δήλην
2722 978 2851 1046 ήμῖν
2887 973 2985 1045 τὴν
3026 971 3192 1041 αὐτῆς
3223 969 3451 1023 ἀτοπίαν
3483 964 3792 1050 καθίστησι.

2131 1065 2224 1118 καὶ
2261 1067 2294 1135 ή
2317 1049 2322 1050 ν
2344 1063 2566 1134 βραχεῖα
2611 1063 2792 1132 ἐκείνη
2849 1061 2942 1114 καὶ
2985 1060 3181 1122 ἄτοπος
3225 1055 3384 1127 ήδονὴ
3424 1049 3646 1124 διηνεκῆ
3694 1049 3795 1117 τὴν

2131 1151 2322 1223 ὀδύνην
2362 1153 2491 1222 ἡμῖν
2536 1149 2803 1221 ἀντίθησι,
2855 1148 2949 1200 καί⁵
2997 1145 3090 1198 τοῦ
3141 1142 3437 1204 συνειδότος
3482 1137 3792 1208 ἀφαιρεῖται

2126 1237 2227 1308 τὴν
2271 1236 2598 1310 παρρησίαν,
2629 1237 2718 1289 καὶ
2755 1233 2980 1304 αἰσχύνῃ
3007 1227 3318 1302 περιϐάλλει
3359 1228 3450 1280 τὸν
3480 1225 3692 1280 ἀλόντα.
3732 1223 3792 1275 ὐ

2131 1325 2239 1396 γάρ
2266 1325 2638 1396 φιλάνθρωπος
2679 1322 2952 1390 Δεσπότης
2983 1317 3222 1371 τοιοῦτον
3251 1315 3380 1385 ἡμῖν
3424 1312 3516 1366 τὸν
3560 1315 3792 1380 κατήγο-

2133 1429 2225 1482 ρον
2254 1411 2440 1466 τοῦτον
2487 1411 2801 1478 ἐπέστησεν,
2824 1407 2899 1470 ὡς
2933 1405 3196 1476 μηδέποτε
3228 1403 3471 1473 ἠρεμεῖν,
3501 1398 3614 1452 ἀλλ’
3644 1397 3793 1451 ἀδια-

2130 1497 2362 1561 λείπτως
2425 1497 2646 1550 συνόντα
2699 1493 3002 1563 καταϐοᾷν,
3044 1491 3136 1543 καὶ
3164 1508 3167 1511 ·
3191 1487 3346 1558 δίκην
3393 1487 3640 1538 ἀπαιτεῖν
3681 1482 3790 1536 τῶν

2131 1586 2696 1657 πεπλημμελημένων.
2750 1584 2858 1638 Καὶ
2892 1583 3047 1636 τοῦτο
3102 1581 3166 1634 ἄν
3207 1597 3288 1642 τις
3345 1578 3443 1630 ίδοι
3499 1573 3686 1645 σα-ρῶς
3730 1573 3792 1638 ἐξ

2129 1674 2306 1726 αὐτῶν
2338 1674 2446 1727 τῶν
2470 1673 2826 1743 πραγμάτων.
2875 1671 2932 1722 '0
2961 1667 3069 1739 γάρ
3109 1668 3322 1737 πόρνος,
3372 1664 3404 1734 ἢ
3447 1663 3475 1715 ὁ
3523 1661 3727 1732 μοιχὸς,
3751 1659 3787 1730 ἢ

2127 1763 2156 1813 6
2195 1760 2377 1832 ἔτερόν
2417 1777 2468 1812 τι
2507 1759 2740 1812 τοιοῦτον
2787 1753 3161 1828 εἰργασμένος,
3217 1751 3318 1804 κᾶν
3363 1750 3569 1810 πάντας
3609 1745 3790 1832 λαθεῖν

2127 1831 2349 1918 δυνηθῇ.
2378 1846 2496 1900 οὐδέ
2527 1844 2697 1908 οὕτως
2733 1845 2789 1897 ἐν
2820 1841 3025 1913 ἠρεμίᾳ
3065 1839 3258 1906 διάγει,
3302 1837 3411 1890 ἀλλ’
3443 1834 3578 1906 ἔχων
3604 1831 3789 1918 τοῦτον

2128 1932 2218 1984 τὸν
2243 1917 2487 2003 σφοδρὸν,
2532 1931 2833 2000 κατήγορον
2859 1929 2958 1990 τὰς
2985 1924 3215 1993 ὑποψίας
3259 1922 3478 1984 δέδοικε,
3504 1919 3602 1982 τὰς
3631 1917 3788 1980 σκιάς

2127 2017 2339 2088 τρέμει,
2364 2019 2487 2079 τοὺς
2518 2016 2740 2081 εἰδότας,
2769 2016 2894 2079 τοὺς
2920 2015 3018 2067 οὐκ
3055 2013 3280 2074 εἰδότας,
3304 2009 3521 2079 διηνεκῆ
3546 2003 3788 2076 χειμῶνα

2127 2106 2264 2176 έχων
2298 2107 2355 2159 ἐν
2391 2105 2533 2175 ψυχῇ
2573 2104 2666 2157 καὶ
2708 2102 2924 2173 κύματα
2965 2099 3259 2168 ἐπάλληλα.
3309 2096 3419 2149 Καὶ
3463 2093 3584 2147 οὐτε
3620 2092 3788 2154 ῦπνος

2127 2193 2202 2263 τῷ
2237 2191 2461 2262 τοιούτῳ
2507 2190 2654 2260 ήδύς,
2700 2191 2832 2244 ἀλλὰ
2869 2189 3028 2258 φόϐου
3065 2189 3158 2240 καὶ
3197 2185 3465 2255 δειμάτων
3499 2181 3788 2251 πεπληρωο

2132 2279 2315 2348 μένος’
2350 2276 2473 2330 οὗτε
2500 2277 2672 2348 τροφὴ
2699 2277 2887 2348 ήδονὴν
2929 2276 3145 2346 ἔχουσα,
3182 2272 3305 2326 οὐτε
3344 2269 3574 2333 διάλεξις
3620 2267 3788 2337 φίλων

2127 2366 2216 2416 τὸν
2254 2363 2492 2418 τοιοῦτον
2536 2367 2862 2434 μεταγαγεῖν
2917 2363 3224 2431 δυνήσεται,
3265 2359 3297 2429 ἢ
3347 2355 3651 2420 ἀπαλλάξαι
3694 2351 3789 2406 τοῦ

2127 2452 2332 2516 ἀγῶνος
2359 2450 2452 2504 τοῦ
2501 2451 2875 2520 ἐπικειμένου·
2925 2449 3056 2502 ἀλλά
3103 2447 3351 2515 καθάπερ
3397 2445 3588 2514 δήμιον
3631 2456 3788 2509 περι-

2128 2539 2304 2609 φέρων
2350 2538 2736 2604 καταξαίνοντα
2786 2537 2945 2591 αὐτὸν
2992 2536 3086 2589 καλ⁵
3135 2534 3460 2604 μαστίζοντα
3505 2527 3786 2600 διηνεκῶς,

2126 2623 2268 2677 οὕτω
2312 2624 2449 2694 μετά
2503 2625 2598 2692 τὴν
2647 2624 2843 2677 ἄτοπον
2901 2623 3097 2692 πρᾶξιν
3153 2620 3367 2688 ἐκείνην
3420 2616 3786 2688 περιέρχεται,

2127 2715 2334 2778 οὐδενὸς
2371 2713 2589 2779 εἰδότος,
2623 2713 2720 2774 τὰς
2768 2714 3070 2784 ἀφορήτους
3114 2709 3324 2770 ἐκείνας
3373 2702 3639 2775 τιμωρίας
3687 2702 3790 2755 ὓπ-

2128 2802 2283 2871 έχων,
2320 2803 2411 2855 καὶ
2439 2802 2694 2870 δικαστής
2724 2800 2915 2852 ἐαυτοῦ
2945 2799 3224 2867 γινόμενος
3251 2795 3344 2848 καὶ
3370 2795 3688 2865 κατήγορος.

2207 2889 2345 2941 Ἀλλ’
2398 2891 2426 2941 ὁ
2479 2887 2648 2940 ταῦτα
2702 2885 3057 2956 εἰργασμένος
3104 2884 3198 2936 ἐὰν
3253 2881 3486 2953 βουληθῇ
3541 2884 3618 2943 εἰς
3670 2878 3789 2932 δέον

2125 2974 2428 3044 χρήσασθαι
2455 2977 2520 3044 τῇ
2560 2974 2664 3027 ἀπὸ
2695 2973 2784 3026 τοῦ
2821 2972 3113 3033 συνειδότος
3151 2967 3390 3038 βοηθείᾳ,
3437 2966 3528 3020 καὶ
3564 2965 3656 3018 ἐπὶ
3690 2963 3790 3035 τὴν

2126 3061 2507 3131 ἐξομολόγησιν
2554 3061 2662 3112 τῶν
2712 3059 3108 3130 πεπραγμένων
3165 3055 3519 3125 ἐπειχθῆναι.
3567 3052 3660 3106 καὶ
3709 3050 3790 3121 τῷ

2130 3147 2295 3219 ἰατρῷ
2329 3147 2494 3214 δεῖξαι
2529 3147 2588 3200 τὸ
2612 3147 2787 3210 ἕλκος,
2821 3146 2897 3217 τῷ
2927 3143 3279 3215 θεραπεύοντι
3325 3143 3419 3195 καὶ
3471 3140 3545 3212 μή
3595 3137 3789 3192 ὀνειδί-

2127 3235 2291 3298 ζοντι,
2324 3235 2416 3287 καὶ
2448 3233 2514 3286 τά
2549 3233 2676 3304 παρ’
2703 3232 2909 3286 ἐκείνου
2944 3232 3208 3302 φάρμακα
3253 3227 3521 3292 δέξασθαι,
3559 3227 3654 3280 καὶ
3690 3223 3790 3294 μό-

2126 3337 2214 3384 νος
2237 3320 2384 3391 αὐτῷ
2415 3320 2777 3391 διαλεχθῆναι,
2807 3318 3030 3389 μηδενὸς
3053 3316 3268 3381 εἰδότος,
3303 3315 3394 3368 καὶ
3420 3313 3595 3367 πάντα
3617 3312 3791 3364 εἰπεῖν

2130 3406 2266 3476 μετὰ
2311 3407 2615 3478 ἀκριϐείας,
2651 3409 2868 3475 ταχεῖαν
2916 3406 3197 3473 ποιήσεται
3239 3402 3338 3472 τὴν
3373 3399 3654 3471 διόρθωσιν
3679 3397 3790 3451 τῶν

2125 3495 2525 3563 ἐπταισμένων.
2567 3494 2630 3546 Ἥ
2670 3491 2776 3561 γάρ
2796 3491 3052 3561 ὁμολογία
3092 3489 3196 3542 τῶν
3245 3487 3646 3560 ἡμαρτημένων
3681 3485 3791 3554 ἀφ-

2125 3579 2348 3650 ανισμδς
2376 3579 2582 3647 γίνεται
2605 3578 2712 3631 τῶν
2743 3576 3246 3648 πλημμελημάτων.
3265 3573 3418 3645 [I75]
3447 3574 3508 3626 Εἰ
3538 3572 3647 3642 γὰρ
3667 3570 3733 3641 δὴ
3761 3573 3792 3624 6

2126 3667 2316 3737 Λάμεχ
2343 3660 2498 3727 οὗτος
2522 3667 2641 3728 ταῖς
2665 3663 2856 3717 ἑαυτοῦ
2883 3661 3094 3732 γυναιξὶ
3127 3663 3250 3725 τοὺς
3283 3660 3414 3730 παρ’
3440 3658 3602 3713 αὐτοῦ
3632 3673 3791 3727 γενο-

2129 3753 2321 3823 μένους
2359 3755 2552 3822 φόνους
2595 3750 2949 3820 ἐξαγορεῦσαι
2993 3750 3054 3802 οὐ
3107 3748 3476 3820 παρῃτήσατο,
3529 3743 3688 3807 ποίας
3723 3742 3791 3798 ἂν

2128 3841 2316 3909 ετ”ημεν
2351 3839 2678 3908 συγγνώμης
2720 3837 2882 3902 ἀξιοι,
2919 3835 2995 3905 τῷ
3024 3835 3200 3888 πάντα
3234 3834 3371 3904 μετά
3400 3829 3684 3904 ἀκριϐείας
3715 3830 3793 3882 εἰ·

2127 3924 2237 3977 δὸτι
2279 3926 2344 3978 τὰ
2383 3926 2622 3997 ήμέτερα
2669 3923 3110 3994 πλημμελήματα
3153 3921 3225 3990 μὴ
3261 3919 3566 3988 βουλόμενοι
3601 3916 3794 3983 ἐξαγο-

2130 4009 2307 4080 ρεύειν
2347 4011 2415 4063 τὰ
2445 4009 2839 4080 ἡμαρτημένας
2878 4008 2970 4076 Μή
3005 4007 3111 4078 γὰρ
3141 4006 3328 4076 ἐπειδὴ
3370 4006 3570 4074 ἀγνοεῖ,
3599 4003 3794 4075 μαθεῖν

2129 4095 2372 4166 βούλεται
2398 4112 2413 4162 ;
2446 4097 2558 4149 Οὐκ
2587 4095 2770 4165 ἐπειδὴ
2796 4096 2996 4161 ἀγνοεῖ,
3030 4095 3122 4162 τὴν
3164 4095 3290 4163 παρ’
3319 4092 3473 4162 ήμῶν
3500 4091 3792 4162 ὁμολογίαν

2126 4182 2372 4252 ἐπιζητεῖ
2391 4185 2418 4237 6
2447 4182 2620 4235 πάντα
2647 4181 2801 4243 εἰδὼς
2827 4180 2953 4250 πρὶν
2983 4179 3244 4246 γενέσεως
3277 4177 3476 4240 αὐτῶν,
3508 4175 3641 4228 ἀλλὰ
3669 4176 3794 4242 βου-

2125 4267 2346 4338 λόμενος
2373 4270 2519 4339 ἡμᾶς
2549 4267 2681 4337 ὁμοῦ
2723 4267 2815 4320 καὶ
2854 4265 3103 4335 αἴσθησιν
3137 4263 3319 4316 λαϐεῖν
3350 4262 3458 4315 τῶν
3488 4260 3790 4330 ἐπταισμέο

2124 4372 2230 4408 νων
2257 4353 2345 4407 διὰ
2379 4356 2476 4424 τῆς
2497 4353 2804 4423 ὁμολογίας,
2835 4352 2928 4405 καὶ
2958 4353 3054 4423 τὴν
3091 4348 3507 4419 εὐγνωμοσύνην
3530 4347 3628 4418 τὴν
3661 4349 3792 4417 παρ’

2125 4443 2331 4496 ἑαυτῶν
2359 4439 2742 4504 ἐπιδείξασθαι.
2775 4439 2867 4509 Μὴ
2902 4438 3009 4508 γὰρ
3038 4439 3290 4508 χρήματα
3313 4436 3529 4489 ἔπεστιν
3555 4434 3788 4489 ἐνταῦθα

2125 4529 2467 4596 δαπανῆσαις
2512 4527 2585 4597 μὴ
2617 4527 2725 4598 γὰρ
2750 4526 2866 4578 ὁδὸν
2897 4525 3112 4595 μακρὰν
3161 4522 3507 4598 στείλασθαις
3563 4521 3636 4592 μή
3678 4521 3791 4592 γὰρ

2124 4595 2331 4684 ὀδύνην
2360 4607 2453 4667 καὶ
2501 4595 2789 4683 ἀλγήματα
2841 4610 3069 4681 παρέχει
3107 4612 3139 4680 ή
3195 4610 3406 4680 ἰατρεία
3449 4595 3627 4678 αὓτη;
3680 4609 3791 4663 Καὶ

2125 4702 2393 4764 ἀδάπανός
2424 4702 2560 4762 ἐστι,
2597 4698 2692 4754 καὶ
2736 4697 3022 4760 ἀνώδυνος,
3072 4698 3164 4750 καὶ
3208 4697 3425 4765 ταχεῖαν
3474 4695 3791 4765 παρέχουσα

2123 4789 2220 4859 τήν
2259 4787 2568 4859 θεραπείαν.
2603 4786 2744 4858 Πρὸς
2773 4786 2882 4857 γὰρ
2916 4787 3004 4839 τὸν
3045 4786 3195 4838 τόνον
3241 4784 3339 4854 τῆς
3369 4783 3660 4846 διαθέσεως
3693 4783 3789 4836 τοῦ

2127 4877 2455 4947 προσιόντος,
2490 4874 2631 4928 οὕτω
2672 4874 2764 4927 καὶ
2793 4874 2860 4927 τὰ
2885 4873 3147 4944 φάρμακα
3183 4870 3290 4924 τῶν
3331 4871 3656 4942 τραυμάτων
3687 4888 3790 4940 χα-

2126 4963 2331 5033 ρίζεται
2355 4961 2699 5029 όΔεσπότης.
2748 4960 2806 5012 ’0
2849 4959 3024 5012 τοίνυν
3059 4959 3378 5029 βουλόμενος
3411 4958 3603 5012 θᾶττον
3651 4959 3789 5030 πρὸς

2124 5054 2330 5122 ὑγίειαν
2361 5051 2692 5113 ἐπανελθεῖν,
2725 5051 2818 5103 καὶ
2843 5049 2908 5102 τά
2938 5049 3037 5118 τῆς
3059 5048 3234 5119 ψυχῆς
3263 5049 3392 5120 ἒλκη
3427 5047 3788 5119 θεραπεῦσαι,

2126 5143 2260 5214 μετά
2290 5142 2501 5213 νήψεως
2533 5139 2819 5211 προσιέτω,
2851 5138 3066 5192 πάντων
3107 5137 3296 5192 ἐαυτὸν
3329 5139 3642 5208 ἀποστήσας
3679 5139 3789 5192 τῶν

2124 5229 2408 5298 βιωτικῶν.
2446 5226 2622 5298 θερμά
2668 5227 2874 5298 δάκρυα
2910 5227 3204 5297 προχεέτω,
3237 5226 3558 5296 προσεδρίαν
3588 5226 3788 5296 πολλὴν

2122 5315 2528 5380 ἐπιδεικνύσθω,
2558 5315 2737 5367 πίστιν
2787 5315 2985 5385 ἀκριϐῆ
3033 5314 3351 5384 εἰσφερέτω,
3383 5315 3477 5368 καὶ
3515 5314 3786 5386 θαρρείτω

2121 5402 2214 5457 τοῦ
2246 5401 2430 5472 ἰατροῦ
2461 5405 2524 5471 τῇ
2554 5401 2734 5470 τέχνῃ,
2765 5402 2855 5452 καὶ
2901 5401 3241 5471 παραχρῆμα
3271 5401 3369 5471 τῆς
3405 5399 3612 5468 ὐγιείας
3645 5401 3784 5454 ἀπο-

2121 5490 2393 5545 λαύσεται.
2421 5483 2570 5551 Εἶδες
2607 5486 2788 5558 ἰατροῦ
2826 5487 3130 5558 φιλοτιμίαν
3161 5487 3359 5550 παντὸς
3394 5488 3598 5556 πατρὸς
3633 5488 3783 5556 φιλο-

2125 5577 2378 5649 στοργίαν
2411 5573 2845 5645 ἀποκρύπτοντπ
2871 5590 2884 5638 ;
2915 5572 3007 5644 Μὴ
3034 5573 3143 5645 γὰρ
3175 5572 3311 5644 βαρύ
3350 5590 3401 5626 τι
3431 5575 3522 5625 καὶ
3551 5573 3782 5643 ἐπαχθὲς

2124 5666 2253 5736 παρ’
2273 5663 2430 5735 ήμῶν
2449 5662 2726 5730 ἐπιζητεῖ;
2758 5659 3049 5731 Συντριϐὴν
3072 5660 3314 5730 καρδίας,
3336 5659 3593 5730 λογισμοῦ
3625 5661 3782 5714 κατά·

2122 5753 2288 5820 νυξιν,
2319 5750 2604 5824 ὁμολογίαν
2624 5747 2976 5820 πταίσματος,
3006 5747 3330 5821 προσεδρίαν
3361 5747 3777 5822 στιντεταμένηνο
