4068 6386
256 308 359 366 189

254 426 422 479 dente
450 418 530 474 vel
560 421 833 488 arguente,
865 411 978 480 ipse
1008 423 1103 462 sua
1131 405 1309 475 lingua
1355 416 1413 461 et,
1456 399 1847 456 confessionem

258 524 602 586 pt'ccttorunt
632 508 761 571 edit,
791 512 846 559 et
871 500 1153 557 conferens
1197 511 1316 566 quae
1346 510 1375 547 a
1420 506 1480 547 se
1512 490 1649 545 facta
1679 500 1849 554 erant,

255 584 380 661 cum
412 604 478 657 iis
499 614 618 671 qua:
648 616 675 651 a
706 594 858 658 Cain,
889 606 1098 663 pcenam
1132 587 1338 656 sibiipsi
1366 584 1571 637 definit.

334 667 745 749 Pana-occasio
798 679 1180 737 misericordias.
1229 705 1301 717 —
1329 672 1516 728 V’idisti
1565 667 1855 740 provrden-

258 787 387 841 tiam
437 780 685 846 Domini,
735 766 1015 848 quomodo
1060 784 1234 843 paena:
1279 767 1421 821 illius
1466 762 1680 818 occasio
1732 766 1856 814 sunt

258 870 682 935 misericordiae,
712 880 764 922 et
809 860 1176 920 misericordia
1227 872 1331 911 non
1366 854 1539 910 solum
1591 850 1659 906 ad
1708 850 1855 903 illum

260 966 515 1037 pertingit
538 963 623 1032 qui
661 973 814 1030 pmna
852 955 1118 1025 plectitur,
1150 950 1243 1006 sed
1271 958 1326 1003 et
1366 946 1546 1001 multis
1578 945 1695 997 aliis
1731 943 1859 996 utile

257 1035 425 1112 efficit
472 1052 605 1107 illud
662 1049 979 1110 remedium,
1024 1043 1184 1098 modo
1240 1041 1407 1096 velint
1454 1038 1577 1093 inde
1629 1035 1859 1091 fructum

261 1145 500 1217 capere?
548 1141 703 1199 Unde
750 1140 916 1204 enim,
949 1137 1056 1201 dic,
1102 1147 1304 1203 quccso,
1335 1128 1565 1185 Lamech
1610 1128 1676 1182 ad
1726 1128 1864 1181 hanc

259 1237 662 1295 confessionem
714 1231 975 1286 adductus
1030 1235 1190 1289 esset,
1241 1223 1342 1277 nisi
1390 1236 1573 1276 eorum
1623 1233 1741 1289 quae
1785 1217 1862 1270 illi

260 1328 626 1396 contigerunt,
658 1320 971 1376 memoriam
1016 1317 1315 1379 habuisset,
1349 1326 1470 1381 quas
1513 1310 1657 1364 illius
1685 1307 1860 1376 conti-

265 1433 371 1473 nuo
401 1426 639 1471 mentem
682 1408 1057 1467 concutiebat?
1096 1406 1263 1469 Dixit,
1301 1403 1475 1473 inquit
1506 1420 1519 1455 :
1567 1400 1753 1455 Audite
1780 1414 1866 1452 vo-

263 1527 371 1565 cem
415 1524 603 1569 meam,
632 1513 677 1559 et
716 1503 923 1557 auribus
968 1499 1209 1571 percipite
1247 1510 1501 1550 sermones
1541 1508 1699 1546 meos.
1732 1489 1866 1545 Vide

266 1598 542 1671 quomodo
566 1608 753 1651 contra
781 1594 1017 1662 seipsum
1044 1588 1303 1659 judicium
1337 1584 1621 1641 considere
1649 1581 1791 1645 facit,
1813 1591 1869 1637 et

266 1708 358 1747 eas
404 1691 513 1746 hoc
544 1688 707 1743 modo
733 1688 995 1750 hortatur,
1028 1698 1094 1736 ne
1123 1683 1263 1735 dicta
1305 1679 1635 1748 negligenter
1658 1677 1870 1744 accipe-

267 1793 411 1837 rent.
464 1778 702 1834 Dicendo
751 1775 916 1840 enim,
951 1772 1135 1826 Audite
1161 1787 1328 1825 uocem
1376 1785 1563 1833 meam,
1589 1776 1636 1822 et
1662 1765 1869 1819 auribus

272 1871 515 1941 percipite
537 1883 792 1922 sermones
820 1880 975 1930 meos,
1005 1863 1236 1916 Mentem
1270 1867 1527 1923 vestram,
1559 1857 1749 1926 inquit,
1784 1856 1868 1909 in-

272 1974 475 2019 tentam
507 1960 761 2030 praebete,
784 1967 836 2012 et
866 1956 1149 2025 diligenter
1176 1954 1472 2007 auscultate
1491 1966 1610 2020 qua:
1630 1949 1870 2003 dicturus

272 2069 413 2108 sum.
458 2053 575 2107 Non
622 2051 764 2106 enim
803 2048 871 2104 de
912 2048 1072 2102 rebus
1116 2044 1421 2115 vulgaribus
1464 2042 1617 2097 vobis
1662 2041 1869 2110 loquar,

272 2148 363 2202 sed
386 2146 623 2200 occultas
646 2141 899 2213 quasdam
928 2156 1013 2195 res
1037 2139 1187 2193 vobis
1214 2139 1475 2206 aperiam,
1498 2145 1553 2190 et
1577 2133 1875 2189 confitebor

273 2254 333 2291 ea
358 2254 481 2307 qua:
508 2236 683 2289 nullus
711 2234 847 2286 alius
877 2233 997 2298 scit,
1028 2231 1122 2285 sed
1152 2230 1301 2284 solus
1326 2244 1447 2298 ego,
1477 2238 1531 2282 et
1558 2227 1748 2281 oculus
1784 2226 1875 2281 ille

274 2330 363 2399 qui
398 2327 564 2395 sepiri
592 2324 786 2386 nescit,
814 2339 971 2393 quem
1019 2322 1213 2376 timens
1250 2319 1452 2376 festino
1484 2327 1538 2372 et
1576 2317 1792 2382 anhelo,
1818 2326 1876 2371 ut

272 2420 425 2473 vobis
458 2418 635 2488 palam
662 2415 848 2470 faciam
873 2430 932 2467 ea
957 2430 1075 2483 quae
1106 2429 1135 2467 a
1164 2428 1249 2465 me
1272 2420 1395 2466 sunt
1418 2419 1557 2477 acta,
1582 2419 1635 2464 et
1663 2409 1875 2478 quantis

275 2510 450 2579 pinnis
479 2523 580 2577 ego
629 2507 891 2574 meipsum
941 2504 1154 2557 nefariis
1180 2502 1431 2571 operibus
1462 2501 1752 2554 obnoxium
1796 2499 1874 2553 fe-

272 2600 461 2653 cerim.
510 2598 644 2664 Quia
679 2596 841 2648 virum
887 2594 1047 2647 occidi
1098 2594 1149 2646 in
1198 2592 1380 2645 vulnus
1424 2590 1579 2653 mihi,
1624 2599 1670 2642 et
1701 2589 1877 2641 adole-

274 2701 493 2746 scentem
546 2690 599 2742 in
653 2689 940 2741 cicatricem
995 2686 1140 2739 mihi.
1210 2686 1464 2752 Quoniam
1516 2685 1698 2752 septies
1750 2682 1876 2736 ultio

274 2794 478 2853 sumpta
508 2792 583 2836 est
608 2782 671 2835 tie
697 2780 843 2843 Cain,
873 2780 936 2833 de
984 2778 1204 2833 Lameclt
1253 2789 1421 2832 autent
1464 2780 1751 2849 septuagics
1794 2794 1875 2831 se-

278 2875 426 2940 pties.
456 2873 701 2943 Magnum
729 2871 853 2941 quid
877 2870 1075 2925 dictum
1104 2878 1207 2935 est,
1238 2881 1291 2923 et
1322 2870 1475 2924 valde
1506 2885 1756 2938 magnum
1786 2889 1797 2919 :
1827 2870 1878 2921 in

278 2966 566 3033 multisque
610 2965 780 3017 bonus
829 2962 927 3015 viri
972 2961 1183 3013 animus
1223 2968 1514 3029 spectatur.
1559 2959 1677 3013 Non
1706 2959 1877 3012 solum

276 3056 419 3108 enim
463 3053 663 3108 factum
711 3051 1017 3115 confitetur,
1044 3059 1097 3105 et
1141 3050 1318 3104 credes
1360 3050 1428 3103 ab
1473 3065 1531 3103 se
1564 3058 1800 3118 patratas
1826 3049 1878 3101 in

277 3149 514 3203 medium
546 3146 718 3207 affert,
750 3145 844 3199 sed
872 3154 926 3199 et
954 3158 1167 3213 pcenam
1208 3142 1307 3195 sibi
1349 3141 1527 3207 infert,
1561 3156 1881 3211 comparans

283 3247 562 3306 peccatum
609 3251 765 3290 sumn
801 3243 1021 3303 peccato
1047 3233 1219 3285 (Iaini.
1261 3232 1375 3297 Qua
1406 3232 1547 3285 enim
1591 3233 1764 3295 venia,
1795 3232 1879 3285 in-

278 3331 411 3399 quit,
440 3328 601 3381 fuerit
624 3327 835 3397 dignus,
863 3325 951 3395 qui
979 3324 1198 3377 alterius
1226 3337 1381 3391 pana
1407 3322 1745 3376 emendatior
1772 3337 1878 3376 non

278 3422 356 3485 lit,
390 3421 487 3475 sed
529 3429 801 3474 recentem
847 3427 901 3471 et
932 3417 1138 3469 firmant
1173 3416 1375 3469 habens
1405 3416 1521 3484 ejus
1566 3415 1879 3469 memoriam

278 3514 501 3581 insuper
541 3511 742 3578 duplex
795 3508 1140 3563 homicidium
1200 3508 1465 3577 patravit?
1512 3507 1645 3573 Quia
1696 3508 1879 3570 virum,

281 3605 480 3672 inquit,
510 3601 671 3655 occidi
696 3602 748 3653 in
776 3602 955 3653 uulnus
985 3599 1126 3663 nti/ti,
1160 3608 1205 3651 et
1234 3598 1603 3651 adolescentem
1649 3599 1700 3650 in
1746 3598 1879 3650 cica-

281 3706 455 3747 tricem
488 3694 634 3745 nti/ti.
667 3691 781 3746 Non
824 3699 1049 3756 tantum,
1080 3691 1270 3759 inquit,
1299 3691 1454 3743 nocui
1484 3690 1588 3743 illis
1624 3704 1758 3759 quos
1788 3704 1881 3743 oc-

281 3785 406 3849 cidi,
436 3792 694 3852 quantttm
739 3781 991 3850 mihiipsi.
1043 3780 1097 3834 In
1137 3796 1347 3849 pmnam
1379 3781 1521 3835 enim
1559 3796 1717 3850 quam
1751 3779 1881 3834 effu-

282 3890 407 3946 gere
436 3890 539 3928 non
570 3890 809 3943 possunt,
842 3873 1103 3943 meipsum
1132 3872 1359 3941 conjeci,
1390 3881 1606 3941 peccata
1630 3882 1884 3943 operatus

284 3980 451 4029 tanta,
477 3982 597 4037 quae
618 3966 829 4020 veniant
856 3981 960 4018 non
990 3975 1284 4019 merentur.
1309 3964 1441 4018 Nam
1468 3966 1512 4018 si
1543 3965 1629 4019 ille
1659 3979 1754 4033 pro
1777 3980 1882 4019 una

282 4063 428 4116 caede
458 4070 667 4129 septem
702 4061 875 4126 pomis
914 4057 1179 4112 obnoxius
1230 4057 1399 4112 factus
1428 4070 1531 4125 est,
1560 4073 1660 4128 ego
1692 4059 1882 4128 dignus

284 4152 475 4206 fuerim
508 4150 597 4218 qui
622 4163 699 4218 se,
723 4147 926 4218 tuagies
956 4147 1153 4217 septies
1180 4163 1388 4216 ptenam
1421 4148 1584 4202 luam.
1611 4148 1775 4217 Cujus
1804 4150 1883 4203 rei

282 4244 475 4314 gratia,
514 4251 569 4296 et
606 4240 812 4311 quare?
856 4239 987 4295 Nam
1036 4240 1159 4294 licet
1201 4240 1408 4295 caedem
1455 4241 1543 4294 ille
1572 4242 1880 4310 patravcrit,

284 4349 512 4407 eamque
562 4333 761 4399 fratris,
802 4340 1036 4387 attamen
1082 4333 1230 4387 nullo
1276 4348 1527 4404 umquam
1571 4342 1726 4389 antea
1756 4350 1885 4390 con-

282 4436 467 4493 specto
496 4424 586 4494 qui
619 4424 721 4478 hoc
762 4425 994 4491 fecisset,
1032 4440 1205 4493 neque
1248 4425 1355 4478 alio
1398 4425 1511 4479 viso
1537 4426 1625 4494 qui
1670 4440 1883 4495 poenam

284 4513 528 4569 dedisset
568 4514 832 4583 ejusmodi
884 4514 1154 4578 facinoris,
1189 4523 1243 4569 et
1289 4524 1488 4569 tantam
1519 4517 1651 4570 iram
1697 4516 1885 4572 fuisset

281 4616 559 4675 expertus,
590 4622 709 4675 qua:
735 4616 961 4675 utraque
991 4606 1118 4660 mihi
1144 4621 1331 4675 ptenas
1350 4616 1547 4678 augent
1571 4626 1584 4661 :
1613 4608 1732 4677 quia
1761 4619 1886 4663 ante

282 4698 467 4753 oculos
515 4697 903 4768 ltabens'quod
950 4697 1017 4752 ab
1061 4698 1152 4753 illo
1201 4707 1564 4769 perpetratum
1612 4698 1803 4761 fuerat.
1834 4710 1888 4754 et

284 4808 500 4865 pmnam
534 4794 720 4848 videns
755 4796 833 4848 sic
878 4793 1323 4848 immedicabilem
1354 4809 1506 4859 esse,
1550 4796 1755 4849 cautior
1803 4794 1879 4848 fa-

284 4897 399 4941 ctus
423 4901 530 4939 non
553 4900 694 4939 sum.
721 4884 1007 4952 Pr0pterea
1030 4883 1156 4938 licet
1175 4887 1477 4955 septuagies
1500 4886 1697 4954 septies
1718 4885 1887 4953 magis

286 4993 443 5046 quam
477 4977 565 5030 ille
599 4974 837 5046 punirer,
860 4984 1094 5030 attamen
1127 4990 1300 5046 neque
1330 4976 1408 5030 sic
1433 4975 1648 5045 dignam
1678 4975 1882 5031 luerent

288 5083 525 5139 pennam.

356 5161 411 5214 3.
442 5157 681 5211 Liberum
695 5158 955 5211 arbitrium
970 5157 1213 5213 Itominis.
1237 5188 1309 5198 —
1329 5156 1508 5222 Vides,
1524 5156 1738 5222 dilecte,
1754 5172 1887 5227 queo

285 5251 445 5306 modo
478 5258 716 5303 nostram
746 5250 885 5304 Deus
927 5257 1161 5304 mentem
1192 5250 1343 5303 liberi
1372 5250 1574 5305 arbitrii
1598 5249 1804 5316 fecerit,
1834 5259 1889 5305 ct

290 5345 428 5399 sicut.
485 5343 531 5397 si
611 5339 828 5395 desides
896 5341 1065 5396 simus
1151 5340 1604 5411 supplantamur,
1681 5342 1752 5395 ita
1835 5350 1891 5396 et

287 5436 330 5490 si
357 5436 544 5505 vigiles
569 5447 691 5489 esse
726 5431 1075 5499 voluerimus,
1103 5441 1424 5488 contuemur
1463 5431 1517 5486 id
1566 5432 1707 5503 quod
1732 5447 1892 5502 opor-

290 5526 402 5581 tet?
426 5524 560 5593 Quis
579 5523 722 5578 enim
752 5523 931 5589 istum,
973 5521 1080 5589 dic,
1122 5525 1367 5591 obsecro,
1396 5522 1464 5578 ad
1486 5522 1645 5585 talem
1684 5522 1891 5579 confesp

288 5618 494 5673 sionem
521 5613 737 5685 adegit?
763 5612 948 5668 Nullus
968 5613 1105 5669 alius
1132 5629 1295 5685 quam
1313 5612 1664 5681 conscientia,
1714 5613 1888 5667 ineor-

289 5719 473 5780 ruptus
514 5707 603 5764 ille
629 5705 815 5778 iudex.
848 5706 981 5774 Quia
1010 5704 1153 5761 enim
1184 5718 1249 5761 cx
1270 5703 1473 5761 desidia
1514 5702 1567 5759 io
1611 5713 1889 5777 peccatum

1361 286 1428 344 IN
1469 285 1621 343 CAP.
1657 282 1743 338 l\°.
1785 279 2025 336 GliNES.
2058 275 2288 332 llOMlL.
2331 271 2449 329 XX.

3462 269 3568 325 ΠΟ

1964 390 2339 450 declinaverat,
2386 394 2440 441 et
2477 383 2653 439 scelus
2687 397 2848 454 opere
2894 379 3191 452 perfecerat
3220 397 3236 436 :
3271 382 3449 436 statim
3485 382 3566 436 in-

1963 483 2195 540 surrexit
2221 478 2569 540 conscientia,
2604 476 2919 537 inclamans,
2951 484 3110 544 atque
3128 473 3416 529 ostendens
3442 488 3568 544 pec-

1964 586 2203 630 calorum
2228 569 2668 641 magnitudinem,
2701 577 2757 623 et
2781 567 2992 637 quantis
3013 566 3246 637 seipsum
3275 564 3448 634 paruis
3471 567 3569 621 ob-

1967 665 2182 719 noxium
2227 659 2574 718 reddidisset.
2601 659 2672 714 [ta
2704 656 2846 712 enim
2876 671 2935 711 se
2973 655 3135 710 habet
3171 664 3468 724 peccatum,
3508 665 3568 713 ut

1964 755 2269 825 priusquam
2313 752 2422 816 fiat,
2455 758 2509 803 et
2558 748 2624 802 ad
2651 762 2785 818 opus
2832 746 3127 817 perveniat,
3174 744 3492 800 obtenebret
3514 755 3570 800 et

1964 846 2195 914 decipiat
2240 850 2475 896 mentem
2522 857 2534 891 :
2586 848 2864 909 postquam
2914 846 3091 890 autem
3137 845 3568 892 consummatum

1967 934 2145 998 fuerit,
2178 932 2460 988 manifeste
2512 943 2662 984 suam
2712 928 2867 982 nobis
2892 925 3278 981 absurditatem
3334 926 3573 997 proferat.

1967 1036 2019 1083 et
2047 1025 2295 1081 ostendat
2325 1041 2337 1075 :
2362 1023 2441 1077 sic
2468 1020 2643 1076 brevis
2672 1020 2758 1074 illa
2785 1027 2840 1073 et
2867 1017 3099 1073 absurda
3127 1016 3372 1086 voluptas
3395 1017 3570 1071 contio

1968 1134 2129 1173 nuum
2163 1116 2326 1171 menti
2349 1115 2588 1169 dolorem
2622 1112 2827 1175 inserit,
2855 1108 3303 1180 conscientiaeque
3324 1107 3571 1163 fiduciam

1968 1209 2159 1271 aufert,
2193 1215 2352 1276 atque
2378 1204 2524 1258 illum
2557 1201 2648 1273 qui
2694 1199 3033 1255 succubuerit
3079 1197 3397 1255 confusione
3448 1213 3572 1268 per-

1970 1299 2159 1355 fundit.
2176 1299 2443 1367 Benignus
2460 1296 2600 1351 enim
2619 1294 2756 1348 Deus
2776 1290 3105 1362 ejuscemodi
3126 1292 3278 1345 nobis
3299 1299 3575 1345 accusata-

1972 1407 2085 1445 rem
2136 1389 2387 1456 assistere
2413 1386 2600 1451 voluit,
2635 1385 2722 1453 qui
2755 1397 3043 1452 numquam
3071 1381 3334 1452 quiescat,
3366 1380 3460 1435 scd
3487 1380 3575 1436 in-

1971 1482 2281 1537 desinenter
2320 1479 2412 1534 ille
2439 1477 2796 1549 congrediens
2823 1476 3037 1539 clamet,
3063 1483 3116 1528 et
3141 1489 3355 1544 pcenam
3402 1474 3579 1544 exigat

1972 1574 2310 1631 delictorum.
2345 1574 2411 1628 Et
2461 1573 2566 1627 hoc
2610 1571 2729 1642 quis
2757 1570 2951 1624 viderit
2994 1566 3277 1623 manifeste
3316 1584 3383 1624 ex
3422 1566 3578 1624 factis

1974 1667 2122 1737 ipsis.
2169 1665 2446 1720 Scortator
2471 1664 2635 1729 enim,
2669 1661 2751 1717 vel
2783 1660 3016 1725 adulter,
3044 1659 3125 1713 vel
3156 1660 3248 1729 qui
3294 1658 3437 1715 aliud
3472 1658 3580 1715 tale

1975 1757 2226 1827 quiddam
2260 1755 2494 1821 admisit,
2526 1754 2686 1809 etiam
2715 1753 2757 1807 si
2790 1765 2979 1806 onmes
3006 1750 3175 1805 latere
3201 1760 3383 1821 queat,
3416 1766 3579 1805 num-

1976 1863 2131 1915 quam
2179 1856 2357 1900 tamen
2389 1845 2467 1899 sic
2510 1845 2561 1898 in
2608 1842 2991 1913 tranquillitate
3032 1842 3201 1908 vivit;
3250 1841 3344 1895 sed
3378 1841 3583 1896 habens

1976 1954 2155 1993 acrem
2187 1940 2335 1993 illum
2357 1946 2723 1992 accusatorem
2750 1977 2764 2000 ,
2802 1933 3136 2004 suspiciones
3160 1932 3332 1998 timet,
3361 1931 3585 1987 umbras

1979 2030 2257 2090 tremiscit.
2310 2039 2364 2083 et
2404 2037 2499 2083 eos
2528 2028 2613 2096 qui
2646 2024 2845 2080 conscii
2874 2033 3017 2088 sunt,
3051 2033 3105 2078 et
3148 2024 3238 2094 qui
3280 2039 3388 2078 non
3418 2032 3583 2087 sunt;

1977 2131 2341 2191 perpetuaque
2367 2121 2420 2173 in
2449 2119 2631 2172 animo
2664 2118 2781 2185 ejus
2822 2125 3111 2183 tempestas
3139 2122 3243 2180 est,
3268 2122 3321 2168 et
3350 2113 3583 2184 recipro-

1978 2222 2160 2267 cantes
2187 2227 2250 2266 ac
2289 2210 2543 2265 contrarii
2572 2208 2784 2263 fluetus.
2811 2208 3033 2275 Insuper
3059 2220 3232 2276 neque
3273 2220 3494 2260 somnus
3534 2204 3584 2259 ei

1980 2302 2179 2368 suavis,
2240 2300 2335 2356 sed
2395 2311 2599 2354 terrore
2655 2308 2707 2352 et
2764 2297 3049 2351 formidine
3101 2296 3291 2365 plenus
3346 2314 3362 2350 :
3412 2311 3585 2366 neque

1979 2394 2129 2447 cibus
2154 2392 2479 2461 voluptatem
2528 2388 2750 2459 przcbet,
2782 2401 2956 2457 neque
3001 2386 3296 2440 amicorum
3325 2387 3586 2456 colloquia

1985 2486 2143 2538 talem
2230 2483 2554 2545 refecillare,
2607 2480 2692 2535 vel
2743 2479 2973 2534 liberare
3018 2478 3086 2533 ab
3130 2489 3351 2547 urgente
3398 2480 3588 2532 anxie-

1983 2582 2089 2629 tate
2145 2582 2408 2642 possunt:
2460 2572 2553 2625 sed
2606 2571 2756 2641 quasi
2798 2568 3103 2626 carniﬁcem
3154 2570 3587 2638 circumgestatet

1983 2682 2042 2721 se
2070 2666 2428 2720 lancinantcm
2468 2673 2521 2717 et
2546 2662 2900 2732 flagellantem
2934 2662 3188 2716 continuo
3209 2702 3223 2729 ,
3252 2662 3322 2715 ita
3353 2660 3587 2729 postab-

1985 2758 2202 2812 surdum
2228 2755 2355 2811 illud
2388 2757 2588 2809 facinus
2610 2754 2941 2816 obambulat,
2978 2752 3125 2806 nullo
3169 2754 3410 2817 conscio,
3461 2766 3586 2807 sus-

1985 2858 2157 2904 tinens
2197 2847 2558 2902 intolerabiles
2584 2860 2771 2916 pcenas
2804 2846 2945 2912 illas,
2993 2853 3047 2899 ct
3087 2843 3253 2913 jutlex
3297 2845 3381 2899 sui
3412 2844 3585 2914 ipsius

1985 2939 2155 2993 factus
2173 2948 2225 2993 et
2240 2946 2539 2992 aecusator.

2058 3030 2320 3102 Confessio
2352 3038 2690 3099 peccatorum.
2719 3056 2793 3067 —
2818 3027 3067 3081 Attamen
3092 3024 3181 3091 qui
3213 3025 3331 3081 huic
3369 3024 3513 3091 fecit,
3544 3026 3591 3082 si

1984 3126 2233 3189 voluerit,
2264 3132 2321 3177 ut
2350 3123 2523 3188 decet,
2558 3120 2631 3175 uti
2662 3119 3005 3175 conscientia:
3032 3117 3364 3187 adjumento,
3421 3129 3475 3173 et
3519 3119 3591 3173 ad

1985 3216 2376 3271 confessionem
2404 3212 2703 3267 facinorum
2732 3210 3091 3275 festinare,et
3121 3209 3270 3264 ulcus
3304 3210 3590 3265 ostendere

1987 3308 2214 3373 medico,
2250 3307 2338 3377 qui
2369 3315 2521 3361 curet
2561 3315 2616 3359 et
2669 3320 2776 3359 non
2823 3302 3128 3372 exprobret,
3174 3312 3335 3373 atque
3379 3304 3447 3360 ab
3496 3304 3590 3361 illo

1987 3401 2222 3455 remedia
2266 3403 2533 3468 accipere,
2572 3414 2634 3453 ac
2662 3398 2759 3452 soli
2778 3396 2826 3451 ei
2850 3396 3012 3467 loqui,
3045 3396 3191 3450 nullo
3217 3396 3326 3451 alio
3349 3397 3589 3460 conscio.

1987 3502 2041 3547 et
2071 3492 2252 3546 omnia
2284 3491 2467 3546 dicere
2493 3506 2615 3544 cum
2656 3488 2952 3559 diligentia,
3000 3486 3159 3543 facile
3216 3499 3438 3559 peccata
3492 3505 3587 3545 sua

1988 3581 2315 3637 emendabit.
2345 3579 2627 3635 Confessio
2647 3581 2789 3633 enim
2815 3589 3156 3647 peccatorum
3187 3578 3410 3633 abolitio
3432 3579 3592 3634 etiam

1989 3686 2071 3730 est
2094 3674 2431 3728 delictorum.
2465 3671 2617 3740 Quod
2648 3673 2690 3726 si
2724 3670 2959 3725 Lamech
2998 3671 3084 3724 ille
3122 3670 3235 3723 suis
3282 3671 3595 3727 mulieribus

1989 3765 2164 3819 caedes
2193 3782 2220 3818 a
2249 3779 2306 3818 se
2330 3764 2646 3818 commissas
2674 3762 2921 3831 detegere
2948 3770 3002 3815 et
3026 3760 3268 3816 confiteri
3301 3776 3406 3814 non
3444 3760 3589 3816 refu-

1988 3858 2082 3926 git,
2107 3855 2249 3925 quali
2278 3857 2478 3911 crimus
2511 3854 2668 3908 venia
2693 3853 2857 3925 digni,
2891 3853 2936 3908 si
2966 3853 3015 3908 ei
3046 3853 3136 3923 qui
3175 3853 3356 3907 omnia
3410 3858 3591 3906 nostra

1990 3958 2236 4002 accurate
2278 3948 2427 4001 novit
2472 3948 2687 4010 delicta,
2740 3946 2984 4001 confiteri
3039 3954 3256 4016 peccata
3311 3944 3595 3999 nolumus?

1992 4039 2129 4093 Num
2172 4038 2294 4110 quia
2350 4041 2575 4108 ignorat,
2632 4038 2843 4091 discere
2872 4036 3027 4091 vult?
3071 4036 3415 4107 Nequaquam
3469 4037 3594 4107 quia

1992 4132 2218 4202 ignorat,
2244 4129 2641 4187 confessionem
2668 4144 2697 4183 a
2723 4128 2878 4184 nobis
2905 4128 3148 4199 requirit,
3178 4130 3268 4198 qui
3294 4128 3473 4183 omnia
3497 4129 3598 4184 scit

1991 4235 2275 4295 antequam
2304 4222 2469 4277 flant:
2500 4222 2596 4277 sed
2652 4220 2838 4276 volens
2890 4235 2987 4289 per
3041 4218 3438 4275 confessionem
3496 4232 3597 4275 nos

1994 4331 2206 4387 quoque
2236 4324 2581 4386 peccatorum
2610 4313 2810 4368 habere
2827 4327 3067 4375 sensum,
3109 4319 3164 4366 et
3209 4320 3420 4381 gratum
3466 4326 3593 4381 erga

1992 4427 2053 4467 se
2077 4411 2365 4465 ostendere
2394 4410 2652 4463 animum.
2681 4405 2819 4462 Num
2851 4420 2982 4476 opes
3011 4404 3204 4475 aliquae
3234 4404 3321 4459 hic
3341 4412 3463 4459 sunt
3500 4419 3594 4459 ex-

1991 4500 2321 4572 pendenda?
2339 4516 2462 4555 num
2482 4499 2697 4569 longum
2716 4499 2819 4553 iter
2837 4494 3272 4566 suscipiendum?
3297 4510 3422 4549 num
3441 4494 3598 4549 dolo-

1993 4610 2107 4649 rem
2134 4602 2188 4649 et
2216 4594 2484 4648 cruciatus
2519 4590 2810 4646 aﬂ‘erthtcc
2854 4586 3161 4643 medicina?
3203 4587 3422 4658 Absque
3451 4602 3597 4642 sum-

1994 4692 2087 4755 ptu
2116 4681 2423 4737 eteruciatu
2452 4690 2533 4736 est
2562 4694 2800 4749 przesens
2825 4677 3195 4749 pharmacum,
3228 4687 3280 4731 et
3306 4692 3466 4747 quam
3506 4690 3596 4734 ce-

1996 4774 2215 4828 lerrime
2242 4782 2413 4827 curat.
2445 4771 2660 4827 Etenim
2682 4768 2975 4825 secundqu
2996 4767 3247 4823 affectum
3273 4776 3329 4822 et
3357 4768 3595 4824 animum

1994 4867 2322 4930 accedentis,
2354 4866 2432 4920 sic
2460 4873 2517 4920 et
2553 4862 2791 4919 remedia
2822 4862 3102 4916 vulnerum
3147 4859 3370 4932 largitur
3418 4860 3600 4916 Domi-

1994 4972 2114 5011 nus.
2142 4957 2306 5027 lgitur
2326 4956 2417 5025 qui
2448 4954 2556 5009 vult
2603 4953 2782 5008 statim
2823 4951 2890 5007 ad
2926 4951 3210 5007 sanitatem
3248 4949 3449 5017 redire,
3486 4951 3601 5005 ani-

1996 5066 2207 5121 maeque
2231 5064 2420 5104 curare
2450 5048 2651 5113 ulcera,
2685 5046 2862 5101 sobria
2890 5055 3071 5100 mente
3101 5042 3371 5098 medicum
3421 5040 3603 5107 adeat,

1997 5146 2064 5200 ab
2107 5144 2357 5200 omnibus
2406 5141 2753 5196 smcularibus
2774 5139 2919 5195 curis
2958 5153 3018 5193 se
3063 5135 3341 5201 abdicans,
3399 5133 3606 5190 calidas

1998 5237 2265 5309 lacrymas
2293 5231 2604 5305 profundat,
2629 5231 3001 5287 assiduitatem
3050 5228 3334 5299 plurimam
3384 5241 3498 5299 prae
3548 5242 3606 5283 se

2000 5328 2155 5391 ferat,
2189 5327 2349 5381 fidem
2378 5326 2587 5379 firmam
2612 5322 2822 5388 afferat,
2844 5336 2909 5377 ac
2934 5319 3127 5375 medici
3148 5317 3380 5373 confidat
3403 5318 3528 5382 arti,
3552 5328 3607 5374 et

2000 5421 2246 5493 protinus
2275 5420 2559 5474 sanitatem
2590 5422 2979 5487 consequetur.
3006 5411 3193 5467 Vidisti
3220 5409 3416 5466 medici
3446 5410 3603 5466 boni-

2000 5522 2185 5577 tatem,
2218 5511 2284 5565 ad
2323 5524 2482 5581 quam
2505 5509 2549 5563 si
2574 5508 2811 5563 omnium
2835 5517 3046 5577 patrum
3071 5517 3226 5558 amor
3270 5500 3600 5565 conferatur,

1998 5604 2391 5661 obscurabitur.
2425 5600 2561 5655 Num
2582 5615 2748 5670 grave
2767 5597 2969 5669 aliquid
2995 5603 3051 5651 et
3076 5593 3366 5649 molestum
3395 5607 3427 5647 ι
3449 5590 3605 5648 nobis

2003 5695 2269 5769 requirit?
2295 5693 2687 5752 Contritionem
2712 5690 2910 5760 cordis,
2947 5686 3419 5761 compunctionctn
3446 5696 3604 5741 meno
