4068 6382
529 315 625 374 I7!

524 428 608 490 tis,
634 421 1026 480 confessionem
1052 419 1249 492 lapsus,
1287 417 1652 473 assiduitatem
1677 415 1979 472 continuam
2005 432 2019 468 :
2041 424 2096 470 et

523 532 629 570 non
671 514 843 570 solum
899 511 1116 583 largitur
1152 509 1427 564 vulnerum
1469 522 1675 570 curam,
1721 517 1828 563 eta
1875 507 2105 577 peccatis

521 605 749 662 mundos
772 604 964 670 reddit,
989 602 1081 658 sed
1107 610 1162 657 et
1186 615 1332 667 eum,
1361 600 1450 670 qui
1478 609 1633 655 antea
1659 597 1951 654 innumeris
1980 610 2106 667 pee-

518 707 762 754 catorum
803 692 1030 750 sarcinis
1053 691 1388 762 gravabatur,
1411 689 1613 760 justum
1639 690 1819 746 efficit.
1874 687 1920 744 0
1948 691 2107 742 miseo

521 787 766 846 rieordia:
812 783 1228 858 magnitudinem
1261 783 1276 838 l
1306 796 1341 837 ο
1389 781 1641 836 bonitatis
1692 779 2055 836 excellentiam
2087 780 2102 834 l

519 880 620 950 Qui
647 877 901 948 peccavit,
919 874 1130 946 quando
1152 873 1436 930 confitetur
1459 880 1698 943 peccata,
1724 872 1928 929 veniam
1949 870 2101 943 petit,

514 972 816 1042 etposthac
845 970 1181 1026 securitatem
1233 982 1343 1036 prae
1392 982 1450 1023 se
1499 965 1623 1035 fert,
1672 974 1890 1036 repente
1933 965 2107 1037 justus

522 1064 761 1120 redditur
790 1066 808 1120 ι
836 1063 900 1120 Et
935 1079 1042 1134 quo
1091 1061 1234 1118 clare
1261 1060 1365 1116 hoc
1403 1061 1598 1128 discas,
1620 1059 1742 1115 audi
1792 1058 2104 1130 prophetam

527 1155 790 1214 dicentem
819 1173 836 1211 τ
867 1155 964 1211 Dic
986 1166 1038 1209 tu
1059 1155 1199 1227 prior
1243 1155 1532 1218 iniquitates
1550 1163 1683 1218 tuas,
1728 1163 1783 1207 ut
1810 1153 2106 1224 justi/iuris

523 1250 544 1319 (
571 1247 805 1304 facta.
827 1248 900 1304 26
924 1249 966 1320 ).
996 1247 1112 1303 Non
1152 1245 1465 1317 simpliciter
1491 1245 1679 1316 inquit,
1714 1243 1812 1299 Dic
1832 1253 1886 1298 tu
1921 1244 2106 1316 iniqui-

520 1350 646 1397 tates
675 1351 808 1407 tuas,
839 1340 933 1396 sed
953 1338 1165 1410 adjecit,
1195 1337 1351 1393 Prior
1375 1353 1397 1392 :
1423 1336 1650 1402 hocest,
1706 1351 1775 1392 ne
1827 1347 2106 1408 exspectes

522 1442 577 1491 te
622 1440 955 1502 arguentem,
1009 1445 1078 1488 ne
1151 1427 1474 1501 praestoleris
1533 1435 1896 1483 accusatorem
1931 1445 1944 1480 :
1992 1425 2106 1497 ipse

518 1522 776 1591 prteveni,
807 1531 862 1578 et
887 1535 1016 1591 rape
1037 1520 1301 1576 sermonis
1326 1518 1665 1591 principium,
1697 1528 1755 1596 ut
1778 1519 2104 1574 accusatoris

516 1614 746 1684 linguam
775 1610 1040 1669 ocelndas.

580 1708 636 1763 4.
662 1705 854 1762 Vidisti
874 1705 1076 1762 Iudicis
1099 1704 1514 1781 benignitatem?
1533 1705 1592 1763 In
1618 1703 1870 1761 immanis
1888 1703 2101 1776 quidem

509 1799 728 1872 iudiciis
775 1800 821 1854 si
851 1799 971 1870 quis
997 1799 1099 1853 hoc
1139 1797 1370 1865 faceret,
1416 1807 1471 1854 et
1497 1805 1622 1853 ante
1650 1797 1865 1852 allatam
1911 1796 2106 1867 proba-

515 1889 715 1944 tionem
743 1889 977 1946 facinora
997 1888 1364 1955 confiteretur,
1386 1889 1630 1960 quamvis
1648 1888 1787 1958 apud
1814 1887 2103 1942 humanunt

519 1981 749 2034 fortasse
768 1978 1004 2050 judicem
1033 1988 1296 2035 tormenta
1323 1989 1379 2034 et
1407 1977 1508 2034 sibi
1540 1977 1892 2033 succedentes
1919 1992 2106 2048 pmnas

520 2069 817 2140 effugeret,
861 2078 1037 2126 tamen
1088 2069 1406 2125 sententiam
1457 2068 1738 2141 capitalem
1788 2069 2008 2122 omnino
2048 2068 2102 2122 in

514 2175 669 2213 suum
710 2168 869 2228 caput
906 2169 1245 2215 accerseret:
1283 2170 1337 2214 at
1368 2157 1728 2215 misericordis
1775 2157 1872 2213 Dei
1902 2167 1954 2213 et
1991 2158 2105 2212 ani-

516 2263 726 2304 marum
758 2259 1061 2305 nostrarum
1089 2249 1276 2305 Medici
1304 2259 1449 2305 tanta
1469 2257 1554 2304 est
1579 2259 1792 2320 tamque
1821 2247 2105 2305 inelfabilis

515 2341 726 2396 bonitas
745 2349 799 2397 et
818 2341 1126 2411 clementia,
1152 2350 1209 2397 ut
1233 2357 1450 2398 omnem
1476 2342 1636 2398 etiam
1667 2356 1974 2398 sermonem
2007 2359 2104 2398 ex-

512 2430 691 2487 cedat.
719 2430 856 2486 Nam
897 2431 941 2487 si
963 2432 1327 2488 adversarium
1360 2441 1603 2489 nostrum
1644 2435 2093 2503 praevertet-imus,

513 2522 786 2578 diabolum
815 2522 958 2589 dico,
989 2524 1078 2592 qui
1107 2523 1158 2578 in
1187 2522 1277 2579 die
1296 2523 1390 2579 illo
1417 2522 1486 2580 ob
1515 2524 1700 2580 faciem
1724 2533 1960 2579 nostram
1988 2534 2100 2580 sta-

515 2613 610 2676 bit,
639 2621 694 2669 et
717 2613 827 2684 jam
859 2613 911 2668 in
931 2615 1184 2684 persenti
1212 2615 1340 2680 vita,
1363 2625 1646 2685 antequam
1672 2615 1739 2671 ad
1762 2616 1988 2671 tribunal
2017 2617 2100 2671 in-

509 2704 848 2773 grediamur,
895 2704 1129 2761 facinora
1177 2705 1407 2761 confessi
1456 2705 1741 2774 fuerimus,
1785 2707 2102 2779 dicendique

509 2794 833 2864 principium
859 2796 1216 2866 rapuerimus,
1249 2806 1492 2852 nostrum
1518 2797 1753 2868 ipsorum
1787 2798 1908 2852 facti
1937 2812 2098 2852 accu-

511 2893 753 2951 saturos,
781 2884 834 2940 in
859 2895 1058 2941 tantam
1088 2869 1512 2942 miscricordiam
1545 2887 1949 2956 provocabiinus
1989 2887 2095 2943 Do-

510 2977 740 3046 minum,
784 2986 843 3034 ut
882 2993 988 3032 non
1032 2978 1207 3033 solum
1251 2978 1408 3032 nobis
1442 2992 1794 3033 concessurus
1837 2979 1926 3045 sit,
1972 2987 2030 3034 ut
2068 2995 2099 3034 a

509 3071 740 3140 peccatis
767 3069 1088 3138 liberemur,
1119 3069 1216 3126 sed
1255 3079 1312 3124 ut
1357 3071 1408 3124 in
1431 3071 1696 3141 justorum
1726 3070 1970 3140 catalogo
2000 3071 2100 3125 ad-

508 3159 826 3216 scribamur.
885 3159 1172 3216 Enimvero
1218 3161 1263 3214 si
1319 3159 1551 3215 Lamech
1605 3160 1730 3224 ille,
1789 3161 1877 3231 qui
1926 3175 2100 3230 neque

509 3250 681 3322 legem
714 3250 900 3306 habuit
937 3251 1077 3306 unde
1119 3249 1223 3306 hoc
1259 3250 1468 3307 discere
1513 3261 1722 3322 posset,
1756 3267 1930 3322 neque
1968 3267 2096 3322 pro-

510 3340 700 3411 phetas
730 3342 953 3409 audivit,
985 3357 1160 3414 neque
1177 3343 1338 3398 aliam
1355 3344 1524 3399 ullam
1553 3344 1995 3412 admonitionem,
2029 3362 2094 3401 ex

502 3430 709 3499 judicio
754 3432 807 3487 in
836 3441 1022 3488 natura
1068 3434 1228 3488 insito
1270 3436 1514 3489 conscius
1558 3449 1743 3490 eorum
1778 3451 1897 3506 qua:
1935 3451 2098 3493 ausus

507 3519 700 3589 fuerat,
729 3523 782 3578 in
808 3523 1043 3579 medium
1070 3525 1246 3579 attulit
1276 3540 1339 3580 ea
1365 3540 1484 3595 qua:
1507 3528 1755 3596 patravit,
1785 3535 1839 3582 et
1857 3529 2093 3599 scipsum

507 3611 885 3669 condemnavit
924 3633 939 3669 :
989 3615 1259 3686 quomodo
1313 3615 1541 3685 aliquam
1587 3616 1950 3672 defensionem
1998 3633 2097 3675 nos

508 3701 712 3761 habere
750 3707 1066 3776 poterimus,
1099 3709 1323 3763 vulnera
1351 3723 1456 3761 non
1500 3709 1642 3761 omni
1669 3709 1946 3780 diligentia
1996 3711 2097 3765 Do—

509 3793 657 3850 mino
681 3788 1028 3851 ostendentes
1047 3836 1063 3864 ,
1095 3812 1282 3852 eorum
1305 3797 1415 3866 jam
1448 3799 1764 3854 medicinam
1788 3800 1855 3854 ab
1881 3816 1946 3855 eo
1974 3816 2095 3855 sus-

505 3886 752 3955 cepturi?
790 3884 847 3941 Id
884 3887 1027 3956 quod
1062 3887 1165 3941 nisi
1209 3903 1353 3943 nunc
1397 3888 1703 3956 fecerimus,
1747 3906 1866 3944 cum
1907 3891 2096 3961 jejuuii

509 3983 719 4044 tempus
735 3985 837 4044 est,
861 3992 980 4031 cum
1006 3986 1148 4031 tanta
1165 3979 1545 4046 cogitationum
1573 3980 1944 4050 tranquillitas,
1974 3997 2095 4036 cum

509 4066 756 4137 voluptas
791 4067 968 4122 omnis
1011 4068 1220 4123 sublata
1249 4084 1281 4124 e
1326 4071 1506 4125 medio
1535 4087 1549 4127 :
1581 4070 1919 4140 quandonam
1967 4069 2095 4127 faci-

508 4171 639 4210 nora
662 4165 843 4211 nostra
862 4158 1169 4228 expendere
1188 4159 1517 4229 poterimus?
1539 4159 1741 4215 Idcirco
1763 4175 1974 4231 semper
2000 4176 2093 4216 vos

506 4247 757 4311 obsecro,
780 4256 836 4302 ut
862 4249 1028 4304 sobrii
1053 4249 1169 4304 sitis
1197 4259 1252 4305 et
1273 4249 1478 4321 vigiles,
1505 4260 1558 4305 et
1586 4261 1903 4320 praesentem
1932 4253 2091 4307 vitam

508 4350 723 4393 attinent
774 4337 829 4392 in
865 4337 966 4393 hoc
1015 4341 1319 4408 insumatis,
1359 4349 1416 4394 ut
1456 4342 1766 4396 assiduitate
1819 4343 1906 4397 illa
1956 4343 2099 4398 into-

510 4425 730 4484 lerabile
783 4428 912 4483 illud
967 4430 1285 4500 supplicium
1335 4431 1673 4502 elfugiamus,
1729 4442 1781 4488 et
1832 4432 2091 4504 gehennze

512 4521 687 4592 ignem
714 4522 880 4577 vitare
911 4523 1195 4593 possimus.
1221 4522 1447 4578 Maxime
1472 4535 1647 4578 autem
1669 4540 1840 4592 nunc,
1873 4525 2092 4594 majori-

512 4627 619 4682 que
646 4614 818 4668 studio
840 4613 892 4668 id
929 4614 1243 4682 curandum,
1271 4614 1487 4685 quando
1509 4625 1725 4684 pmptcr
1742 4615 1927 4685 jejunii
1955 4626 2089 4670 tem-

511 4717 612 4770 pus
637 4703 900 4758 continuis
943 4704 1341 4774 majoribusque
1367 4703 1600 4758 fruimini
1619 4703 2091 4761 admonitionibus.

509 4790 600 4845 25.
624 4789 863 4862 Cognovit
881 4803 1070 4861 autem,
1097 4794 1286 4863 inquit,
1313 4794 1476 4848 Adam
1501 4793 1661 4848 Evam
1688 4811 1890 4848 uxorem
1911 4811 2053 4848 suam
2072 4810 2092 4850 :

508 4891 558 4937 ct
585 4899 698 4937 cum
725 4886 1055 4954 concepisset,
1089 4886 1281 4956 peperit
1326 4887 1506 4953 ﬁlium,
1533 4897 1578 4940 et
1606 4888 1879 4958 appellavit
1909 4903 2092 4943 nomen

512 4976 657 5030 illius
686 4976 811 5031 Sella
833 5018 847 5042 ,
879 4977 1089 5032 dicens:
1120 4977 1373 5032 Excitavit
1423 4980 1555 5032 enim
1595 4980 1718 5032 milii
1743 4977 1880 5032 Deus
1923 4997 2090 5035 semen

514 5068 652 5122 aliud
680 5085 769 5136 pro
796 5068 936 5135 Abel,
958 5085 1102 5139 quem
1123 5070 1303 5124 occidit
1332 5067 1479 5125 Cain.
1505 5070 1788 5140 Postquam
1819 5071 2089 5140 Scriptura

512 5160 689 5215 divina
718 5162 1077 5232 genealogiam
1108 5177 1273 5233 usque
1297 5163 1363 5217 ad
1391 5161 1621 5218 Lamech
1642 5161 1875 5227 deduxit,
1897 5164 2089 5220 iterum

513 5254 578 5307 ad
601 5253 767 5308 Adam
790 5261 844 5307 et
861 5269 1076 5308 uxorem
1099 5254 1238 5310 illius
1263 5255 1583 5326 regreditur,
1610 5264 1664 5311 et
1684 5255 1807 5310 dicit
1823 5255 2090 5328 :Coguovit

510 5353 676 5395 autem
703 5342 868 5399 Atium
912 5343 1066 5396 Evam
1093 5361 1297 5399 uxorem
1324 5361 1504 5411 suam;
1531 5356 1576 5400 et
1599 5362 1712 5399 cum
1739 5348 2045 5416 concepisset
2067 5390 2084 5417 ,

509 5434 702 5503 peperit
726 5434 907 5502 lilium.
938 5435 1306 5512 appellavitque
1333 5453 1509 5491 nomen
1537 5437 1675 5491 illius
1696 5436 1842 5503 Sctlt,
1868 5438 2037 5490 dicens
2068 5455 2089 5495 :

509 5520 764 5579 Excitavit
791 5525 918 5577 enim
948 5527 1071 5579 milii
1100 5525 1237 5581 Deus
1263 5543 1427 5582 semen
1455 5528 1600 5583 aliud
1630 5543 1724 5597 pro
1753 5526 1909 5593 Abel,
1941 5545 2085 5598 quem

509 5616 688 5670 occidit
718 5615 865 5671 Cain.
898 5615 1133 5689 Peperit,
1168 5620 1369 5691 inquit,
1402 5620 1563 5690 ﬁlium
1605 5621 1974 5693 appellauitque
1998 5639 2087 5677 no-

509 5721 622 5762 men
671 5707 812 5765 illius
849 5708 1014 5776 Sellt,‘
1062 5725 1161 5766 nec
1208 5721 1451 5769 contenta
1504 5721 1676 5767 mater
1727 5711 1867 5783 quod
1918 5712 2086 5786 impo-

1233 307 1288 365 S.
1327 302 1606 362 JOANSIS
1642 295 2115 360 CIIRYSOSTO)"
2155 293 2470 352 AllClIlEl‘.
2512 298 3045 362 CONSTANTINOP.

3688 308 3800 370 £79.

2211 413 2406 467 suisset
2430 412 2503 467 illi
2533 416 2748 479 nomen,
2776 415 2905 470 dicit
2929 434 2944 470 :
2969 414 3221 473 Excitavit
3241 417 3374 474 enim
3403 422 3526 477 milii
3555 423 3793 490 Densu-

2211 521 2322 558 mcn
2350 505 2494 560 aliud
2521 522 2616 576 pro
2641 507 2786 573 Abel,
2818 524 2964 578 quem
2993 509 3175 564 occidit
3203 509 3350 567 Cain.
3385 512 3517 570 Vide
3543 513 3632 572 hic
3656 498 3794 587 quo-

2211 595 2374 652 modo
2396 608 2449 652 et
2473 606 2643 654 mater
2663 613 2761 669 per
2779 599 3188 670 appellationem
3213 603 3324 660 nati
3354 603 3449 662 lilii
3478 608 3793 666 memoriam

2209 687 2419 742 scelesti
2460 687 2617 759 hujus
2662 689 2843 761 operis
2881 692 3190 749 continuam
3234 697 3505 754 mentibus
3549 713 3794 769 renovat,

2209 784 2371 845 atque
2415 788 2471 832 ut
2523 779 2684 836 etiam
2727 782 2926 852 posteri
2975 783 3194 850 scirent,
3222 786 3369 856 quid
3414 788 3550 845 Cain
3586 804 3796 862 patrare

2210 873 2372 923 an‘sus
2398 868 2603 939 fuisset,
2632 872 2760 929 dicit
2779 915 2795 941 ,
2828 871 2938 930 Pro
2957 875 3101 943 Abel,
3132 893 3276 948 quem
3296 881 3480 935 occidit
3505 881 3655 942 Cain.
3682 887 3794 942 Do-

2209 958 2371 1015 lentis
2395 961 2588 1018 animae
2617 963 2778 1020 verba
2804 973 2930 1021 sunt
2954 976 3009 1022 et
3046 967 3274 1024 turbata:
3307 969 3378 1027 ob
3403 970 3657 1031 facinoris
3683 992 3797 1033 mc-

2208 1051 2456 1120 moriam,
2477 1053 2783 1125 gratiasque
2807 1057 3014 1126 agentis
3037 1073 3136 1128 pro
3159 1069 3285 1115 nato
3313 1076 3503 1132 puero,
3532 1063 3794 1139 hujusque

2210 1143 2427 1198 nomine
2469 1142 2609 1200 illius
2633 1145 2857 1203 alterius
2897 1148 3074 1205 scelus
3114 1151 3268 1222 quasi
3308 1153 3363 1208 in
3405 1156 3565 1228 cippo
3608 1159 3796 1216 inscri-

2210 1230 2407 1289 bentis.
2429 1233 2560 1289 Nam
2589 1250 2714 1291 vere
2743 1237 2942 1294 luctum
2982 1254 3089 1295 non
3119 1241 3446 1300 mediocrem
3487 1250 3797 1318 [urentibus

2209 1323 2492 1391 attulerat,
2519 1325 2608 1395 qui
2633 1326 2877 1383 dextram
2903 1343 3058 1386 suam
3085 1331 3342 1391 adversus
3372 1333 3593 1394 fratrem
3622 1355 3799 1396 arma-

2212 1421 2386 1482 verat,
2411 1425 2466 1471 et
2487 1424 2594 1471 tam
2614 1431 2798 1474 earum
2821 1418 2968 1475 illum
2993 1431 3048 1478 et
3067 1424 3350 1481 amabilem
3368 1427 3475 1482 illis
3489 1430 3798 1488 ostenderat

2209 1504 2357 1561 humi
2390 1507 2681 1578 jaceutem,
2711 1521 2998 1579 mortuum,
3041 1522 3097 1568 et
3117 1529 3280 1571 sensu
3323 1529 3621 1578 carentem.
3661 1522 3794 1580 Nam

2210 1594 2338 1652 licet
2361 1599 2681 1654 sententiam
2712 1603 3010 1672 accepisset
3035 1603 3232 1674 Adam,
3257 1605 3419 1664 Terra
3443 1626 3517 1677 es,
3543 1624 3591 1668 et
3611 1614 3665 1668 in
3691 1625 3795 1670 ter-

2207 1703 2317 1742 ram
2359 1688 2518 1745 abibis
2546 1706 2568 1746 :
2609 1699 2665 1747 et
2687 1732 2704 1757 ,
2755 1692 3085 1764 Quocumque
3130 1697 3215 1751 die
3238 1703 3555 1758 comederitis
3573 1744 3588 1770 ,
3639 1718 3798 1765 morte

2208 1780 2490 1835 moriemini
2511 1781 2665 1852 (Gen.
2687 1784 2740 1839 5.
2771 1783 2860 1840 l9.
2903 1795 2952 1840 et
2977 1786 3032 1841 2.
3081 1787 3172 1862 l7)
3203 1806 3217 1842 :
3253 1793 3573 1851 sententiam
3618 1807 3794 1856 tamen

2210 1871 2262 1925 in
2289 1873 2466 1930 verbis
2487 1873 2746 1932 hactenus
2769 1879 3180 1949 cognoscebant,
3206 1891 3261 1938 et
3281 1885 3514 1942 nondum
3537 1903 3798 1948 noverant

2209 1962 2380 2033 qualis
2419 1973 2563 2020 esset
2592 1967 2781 2024 mortis
2804 1969 2941 2025 ratio
2969 1986 2983 2022 :
3016 1970 3112 2026 sed
3154 1971 3242 2029 hic
3284 1975 3487 2044 primus
3515 1978 3586 2034 ob
3613 1980 3794 2036 odium

2209 2053 2260 2106 in
2288 2052 2534 2122 fratrem,
2564 2065 2620 2112 et
2646 2056 2868 2115 livorem
2897 2061 2988 2131 qui
3024 2061 3346 2121 intrinsecus
3372 2066 3524 2124 illum
3549 2071 3794 2139 radebat,

2207 2145 2260 2198 in
2308 2143 2658 2202 fratricidium
2704 2149 2830 2217 ruit,
2869 2166 3035 2222 grave
3079 2157 3386 2223 parentibus
3428 2162 3795 2229 spectaculum

2206 2234 2490 2294 exhibens.
2513 2238 2745 2296 Proinde
2771 2251 2964 2309 mater,
2987 2260 3106 2314 qua:
3124 2249 3397 2318 paululum
3425 2261 3586 2322 caput
3600 2257 3790 2323 erexit,

2206 2333 2261 2382 et
2289 2326 2373 2382 vix
2413 2329 2628 2385 tandem
2670 2331 2955 2402 aliquando
2988 2336 3119 2392 tanti
3157 2337 3331 2394 luctus
3373 2343 3796 2402 consolationem

2205 2416 2428 2483 invenit,
2474 2421 2674 2490 gratias
2700 2422 2811 2493 agit
2852 2425 3079 2481 Domino
3114 2428 3186 2484 ob
3228 2439 3410 2486 natum
3452 2449 3709 2503 puerum,
3739 2445 3796 2493 ct

2153 2505 2495 2565 fratricidze
2535 2512 2712 2569 scelus
2744 2513 2999 2583 infamat,
3031 2516 3133 2573 hac
3173 2521 3403 2576 maxima
3437 2523 3586 2580 illum
3636 2541 3794 2596 pana

2205 2597 2446 2656 alliciens
2470 2641 2485 2668 ,
2508 2609 2568 2656 ut
2594 2602 2791 2658 factum
2831 2604 2975 2661 illius
3017 2618 3290 2678 perpetua-
3327 2614 3796 2673 commendaretur

2206 2703 2502 2746 memortar.

2279 2779 2552 2837 Peccatum
2597 2785 2923 2856 opprobrium
2971 2789 3149 2845 inurit.
3175 2821 3250 2834 —
3281 2792 3500 2852 Vidistis
3536 2808 3793 2867 quantum

2203 2870 2401 2927 malum
2438 2873 2509 2928 sit
2537 2878 2853 2944 peccatum?
2882 2888 2937 2934 ct
2964 2881 3234 2950 quomodo
3269 2888 3613 2955 peccantibus
3636 2891 3792 2962 igno-

2203 2964 2422 3019 miniam
2443 2974 2496 3021 et
2516 2969 2858 3037 opprobrium
2899 2972 3112 3028 inurat?
3135 2974 3342 3032 vidistis
3376 2981 3645 3049 quomodo
3667 2999 3794 3052 pro-

2202 3063 2324 3122 pter
2361 3053 2463 3110 hoe
2492 3055 2669 3113 divina
2712 3063 2880 3131 gratia
2910 3064 3186 3134 spoliatus,
3214 3077 3268 3123 ct
3294 3071 3614 3129 omnibusin
3648 3076 3792 3131 ludi-

2203 3143 2376 3199 brium
2430 3147 2600 3204 factus
2656 3151 2762 3205 sit?
2808 3148 3017 3210 vidistis
3067 3162 3336 3227 quomodo
3384 3170 3439 3216 et
3483 3167 3794 3234 parentibus

2203 3245 2390 3290 natura
2412 3237 2479 3292 ad
2499 3240 2755 3296 amandos
2779 3242 2916 3299 ﬁlios
2937 3248 3235 3316 propensis,
3265 3262 3480 3322 propter
3500 3257 3792 3325 pessimum

2202 3324 2306 3380 hoc
2333 3323 2539 3383 facinus
2564 3331 2934 3390 abominabilis
2965 3336 3159 3392 fuerit?
3191 3338 3352 3409 Igitur
3383 3323 3667 3415 fugiamus,
3695 3350 3787 3405 ob-

2205 3431 2402 3487 secro,
2438 3433 2714 3491 peccatum
2777 3427 2918 3495 quod
2965 3432 3124 3485 tantis
3180 3447 3278 3488 nos
3327 3435 3480 3490 malis
3526 3437 3787 3506 involvit,

2201 3520 2254 3565 ct
2294 3513 2547 3568 virtutem
2591 3515 2945 3586 arripiamus,
2980 3530 3036 3576 ut
3073 3531 3126 3576 et
3164 3539 3448 3593 supernam
3495 3529 3650 3584 nobis
3696 3531 3794 3588 be-

2199 3602 2553 3658 nevolentiam
2597 3608 2966 3675 conciliemus,
3003 3622 3058 3666 et
3097 3615 3414 3683 supplicium
3453 3617 3789 3690 effugiemus.

2198 3690 2289 3745 26.
2322 3690 2389 3746 Et
2427 3692 2574 3762 Setlt,
2603 3696 2795 3768 inquit,
2823 3699 2977 3756 natus
3000 3711 3073 3756 est
3099 3703 3275 3772 ﬁlius;
3304 3708 3578 3777 appellavit
3614 3723 3787 3767 autem

2200 3797 2379 3838 nomen
2408 3786 2548 3841 illius
2577 3787 2718 3842 Enos
2741 3805 2761 3843 :
2784 3790 2866 3844 ltic
2886 3794 3101 3862 speravit
3122 3794 3357 3852 invocare
3379 3815 3557 3853 nomen
3577 3799 3792 3859 Domini

2201 3872 2318 3927 Dei.
2345 3875 2476 3933 Vide
2506 3879 2592 3934 hic
2623 3883 2893 3949 quomodo
2920 3896 3104 3955 postea
3143 3889 3396 3958 paulatim
3441 3891 3792 3952 instituantur

2203 3965 2468 4036 homines,
2502 3981 2560 4025 ut
2601 3973 2655 4027 in
2691 3976 3140 4044 appellationibus
3175 3982 3405 4038 filiorum
3441 3987 3576 4054 grati
3619 3991 3788 4046 animi

2201 4056 2456 4113 indicium
2488 4074 2771 4130 reponant.
2806 4066 2901 4120 Hic
2929 4083 3159 4138 quoque,
3194 4071 3383 4142 inquit,
3417 4090 3608 4146 nempe
3632 4077 3787 4146 Scth,

2198 4146 2266 4201 ab
2291 4162 2349 4202 se
2374 4151 2612 4220 genitum
2641 4153 2806 4209 filium
2836 4160 3042 4212 vocavit
3072 4160 3233 4214 Enos.
3277 4162 3477 4218 Deinde
3511 4165 3789 4238 Scriptura

2197 4237 2382 4294 volens
2412 4239 2568 4295 nobis
2596 4244 2828 4300 nominis
2849 4247 3260 4316 appellationem
3292 4237 3666 4323 interpretari,
3701 4260 3788 4313 in-

2196 4329 2346 4398 quit:
2376 4329 2474 4383 Ilic
2497 4335 2715 4402 speravit
2744 4335 2976 4390 invocare
3001 4355 3179 4393 nomen
3203 4340 3406 4396 Domini
3428 4343 3543 4399 Dei.
3574 4347 3650 4400 Ex
3680 4346 3788 4404 hoc

2198 4423 2338 4476 enim
2361 4424 2583 4493 posthac
2599 4426 2784 4481 beatus
2809 4430 3063 4500 proplteta
3086 4435 3449 4505 genealogiam
3477 4437 3787 4508 incepturus

2197 4522 2301 4579 est,
2333 4515 2528 4584 rejecta
2569 4522 2825 4574 memoria
2868 4521 3020 4591 Cain,
3061 4535 3116 4580 et
3159 4541 3342 4581 eorum
3387 4530 3476 4598 qui
3519 4546 3689 4602 usque
3717 4535 3786 4590 ad

2198 4603 2429 4660 Lamech
2455 4605 2522 4662 ab
2547 4623 2612 4663 eo
2640 4609 3050 4668 descenderunt.
3075 4614 3205 4670 Nam
3231 4620 3350 4687 quia
3375 4621 3659 4688 primatum
3685 4640 3786 4680 na-

2199 4704 2314 4752 tura
2343 4698 2446 4754 sibi
2473 4699 2654 4756 datum
2674 4743 2689 4770 ,
2722 4705 3154 4775 primogenitum
3179 4709 3508 4780 dignitatem,
3541 4714 3784 4783 inquam,

2198 4805 2308 4846 sum
2330 4793 2616 4848 voluntatis
2643 4797 2840 4852 malitia
2867 4798 3268 4868 dehonestarat,
3291 4812 3345 4858 et
3364 4803 3496 4873 ipse,
3526 4816 3578 4860 et
3599 4808 3688 4876 qui
3711 4824 3784 4864 ex

2198 4895 2263 4936 eo
2310 4882 2442 4950 nati,
2488 4885 2731 4956 catalogo
2775 4888 3061 4956 ejiciuntur
3099 4907 3112 4942 :
3146 4889 3277 4945 Setb
3322 4908 3450 4948 vero
3498 4895 3640 4964 quod
3681 4897 3784 4951 sibi

2197 4980 2384 5028 natura
2415 4985 2664 5046 negatum
2695 4987 2830 5045 erat,
2860 4978 2910 5033 id
2938 4994 3000 5034 ex
3031 4981 3197 5050 probo
3227 4984 3350 5038 vita:
3380 4986 3621 5042 instituto
3645 5003 3784 5044 con—

2196 5067 2454 5136 sequitur,
2480 5083 2671 5138 nempe
2700 5070 2752 5123 in
2774 5085 2831 5149 se
2857 5072 3165 5127 translatum
3195 5075 3628 5146 primogenitum:
3649 5079 3738 5149 jus
3762 5099 3780 5139 :

2196 5167 2249 5213 et
2276 5161 2521 5229 quamvis
2547 5177 2654 5218 non
2693 5143 2902 5228 natura,
2931 5174 3165 5223 attamen
3193 5143 3264 5223 ob
3295 5143 3580 5226 voluntatis
3601 5143 3782 5230 inten—

2197 5250 2419 5317 tionem,
2452 5253 2612 5307 etiam
2644 5256 2732 5324 qui
2760 5271 2825 5310 ex
2856 5272 2920 5310 eo
2947 5258 3055 5312 nati
3078 5269 3234 5327 sunt,
3264 5261 3318 5314 in
3343 5264 3668 5334 genealogiis
3691 5283 3783 5323 re-

2195 5351 2501 5399 censentur.
2532 5345 2598 5399 Et
2622 5346 2760 5400 sicut
2787 5345 2873 5401 hic
2899 5347 3041 5404 Enos
3070 5361 3288 5405 vocatus
3309 5362 3409 5420 est,
3434 5369 3499 5408 eo
3523 5355 3663 5424 quod
3695 5358 3782 5411 in-

2194 5435 2402 5489 vocavit
2433 5449 2628 5490 nomen
2653 5436 2862 5492 Domini
2889 5438 2983 5493 Dei
3014 5457 3026 5493 :
3060 5439 3136 5494 sic
3162 5449 3220 5496 et
3236 5442 3325 5512 qui
3354 5458 3416 5497 ex
3441 5458 3505 5497 eo
3529 5443 3780 5515 deinceps

2195 5524 2396 5581 ducunt
2425 5526 2714 5598 originem,
2745 5530 2986 5584 eamdem
3022 5536 3320 5587 sortiuntur
3343 5534 3777 5602 appellationem.

2195 5615 2485 5688 Propterea
2523 5616 2704 5674 beatus
2759 5619 2843 5676 hic
2892 5622 3148 5692 prepheta
3194 5623 3457 5678 narrando
3511 5625 3611 5683 hoc
3660 5627 3772 5685 loco

2196 5712 2513 5788 subsistens,
2545 5709 2686 5767 aliud
2720 5711 2908 5769 iterum
2932 5714 3254 5787 principium
3281 5713 3506 5771 orditur.
