4068 6400
295 399 397 455 ΠΤ)
1137 427 1148 460 l

359 512 414 566 5.
449 509 669 567 Moralis
691 509 976 566 exhortatio
1003 516 1180 564 contra
1208 507 1495 561 avaritiam.
1530 535 1598 546 —-
1627 504 1894 560 Caeterum

291 621 357 659 ne
405 603 618 673 incepta
671 603 900 658 iectione
943 601 1214 671 aliquanto
1255 598 1604 669 prolixiorem
1652 604 1897 651 texamus

289 710 631 760 sermonem,
664 693 750 749 hic
780 700 942 749 etiam
991 708 1090 748 nos
1129 706 1251 746 eum
1297 690 1455 744 beato
1508 686 1769 759 prepheta
1819 687 1899 739 di-

289 789 448 844 cendi
496 788 655 842 linem
698 785 991 853 faciamus,
1024 793 1340 856 sequentem
1376 780 1898 851 interpretationem,

288 881 332 934 si
367 881 509 935 Deus
555 879 884 950 permiserit,
930 879 982 932 in
1017 879 1182 933 alium
1208 890 1514 932 sermonem
1553 881 1896 944 reponentes.

292 972 408 1028 lam
431 980 612 1026 autem
635 971 964 1026 admonitam
987 971 1267 1026 caritatem
1293 977 1528 1024 vestram
1555 967 1772 1031 vellem,
1793 979 1903 1035 quo

198 1074 207 1083 ‘
294 1062 616 1130 ampliorem
659 1064 945 1132 quemdam
975 1078 1039 1116 ex
1071 1061 1232 1115 dictis
1260 1059 1460 1114 nostris
1507 1055 1741 1113 fructum
1781 1070 1904 1127 per-

296 1154 530 1224 cipiatis,
563 1164 622 1208 ut
644 1153 887 1224 quotidie
913 1168 1007 1208 vos
1031 1151 1374 1215 exatninetis,
1406 1150 1533 1220 quid
1563 1164 1626 1204 ex
1660 1147 1764 1203 hoc
1788 1161 1904 1202 ser—

297 1262 480 1308 mone,
511 1255 568 1300 et
611 1245 738 1316 quid
783 1262 847 1300 ex
899 1245 1004 1298 alio
1055 1244 1447 1305 lucrifeceritis,
1480 1249 1536 1296 et
1576 1254 1682 1294 non
1729 1237 1904 1293 solum

297 1335 521 1392 auribus
552 1335 863 1405 percipiatis
903 1343 1083 1389 nostra
1111 1333 1282 1398 dicta,
1312 1331 1407 1387 sed
1437 1341 1488 1387 et
1521 1330 1684 1384 menti
1716 1336 1908 1384 vestrae

299 1427 437 1480 bene
456 1425 870 1490 continendetis,
898 1434 952 1478 et
979 1422 1291 1493 quoddiana
1323 1420 1672 1476 meditatione
1697 1419 1906 1473 firmam

303 1517 380 1570 rei
412 1516 728 1570 memoriam
762 1516 1006 1570 teneatis.
1057 1515 1259 1570 Vellem
1291 1513 1435 1568 enim
1476 1527 1571 1567 vos
1613 1527 1719 1566 non
1751 1509 1906 1565 vobis

303 1615 511 1660 tantum
534 1606 813 1676 prolicere,
832 1605 925 1659 sed
955 1615 1007 1659 et
1030 1606 1257 1659 aliorum
1286 1603 1400 1659 fieri
1429 1603 1738 1674 magistros,
1768 1602 1839 1657 ita
1856 1610 1912 1656 ut

305 1701 526 1769 possitis
543 1699 704 1755 etiam
732 1699 870 1752 alios
894 1699 1208 1764 admonere,
1236 1712 1412 1768 neque
1429 1696 1533 1751 hoc
1562 1695 1742 1751 verbis
1759 1694 1914 1749 dum-

303 1800 451 1846 taxat
497 1806 691 1861 agere,
742 1790 837 1846 sed
872 1801 930 1847 ct
972 1791 1227 1861 operibus
1269 1789 1484 1845 erudire
1533 1788 1807 1858 proximos
1845 1787 1912 1842 ad

305 1881 629 1950 pra'elarum
657 1882 868 1936 virtutis
887 1881 948 1935 of
949 1882 1147 1935 licium.
1167 1881 1433 1951 Cogitate,
1457 1895 1577 1944 oro,
1598 1880 1643 1934 si
1675 1893 1790 1943 vos,
1819 1879 1913 1949 qui

307 1973 395 2027 hic
421 1973 683 2038 affuistis,
711 1973 949 2043 quotidie
994 1973 1384 2042 portiunculam
1427 1981 1634 2026 tantum
1679 1971 1916 2040 accepis-

304 2065 438 2119 setis
467 2065 534 2117 ad
562 2063 930 2118 emendandas
958 2064 1298 2120 alfeetionum
1324 2064 1779 2134 perturbationes,
1803 2065 1915 2134 jam

306 2155 374 2210 ad
425 2171 696 2210 smnmum
744 2157 958 2226 aliquod
1004 2157 1276 2228 fastigium
1323 2167 1677 2228 perventuros
1730 2158 1913 2212 fuisse.

313 2247 590 2315 Nangnon
621 2263 898 2303 cessamus
925 2249 1250 2318 quotidianis
1275 2249 1616 2305 sermonibus
1637 2248 1918 2328 ,inculcare

307 2339 531 2394 auribus
561 2341 778 2405 vestris,
809 2356 930 2411 quae
956 2341 1024 2396 ad
1052 2342 1429 2398 instituendam
1460 2343 1719 2412 Optimam
1755 2343 1916 2396 vitam

310 2433 567 2497 attinent,
599 2443 653 2487 ut
685 2433 1027 2489 cradicentur
1053 2433 1180 2489 mali
1208 2435 1294 2490 isti
1323 2434 1568 2498 affectus,
1596 2434 1731 2489 iram
1757 2431 1915 2498 dico;

311 2525 568 2581 invidiam
607 2527 915 2582 erlivoretu
952 2545 965 2582 :
995 2528 1190 2599 quibus
1215 2527 1476 2593 sublatis,
1511 2527 1718 2582 facilius
1745 2535 1802 2581 et
1840 2526 1922 2581 in-

311 2615 463 2670 sania
510 2615 598 2671 illa
633 2617 687 2672 in
727 2618 1044 2688 colligendis
1087 2619 1326 2689 pecuniis
1354 2619 1786 2674 emendationem
1822 2616 1921 2673 ad-

312 2707 549 2762 mitteret
599 2709 723 2780 :(o)
755 2719 809 2763 ct
849 2720 1097 2765 cessmtte
1147 2709 1352 2764 insania
1399 2709 1675 2776 avaritim,
1730 2708 1919 2778 majori

314 2804 606 2858 securitate
660 2805 858 2860 illicita:
902 2804 1166 2876 fmda'que
1205 2807 1560 2877 cogitationes
1597 2806 1922 2876 comprime-

315 2903 550 2948 rcntur:
605 2896 775 2950 llmlix
819 2899 953 2950 enim
1005 2897 1237 2951 omnium
1293 2899 1545 2952 titulorum
1585 2907 1657 2952 est
1707 2897 1923 2952 avaritia

315 2987 394 3052 (ι.
423 2987 555 3040 Tim.
588 2989 642 3043 (5.
681 2988 789 3059 ιο).
826 2987 979 3056 Quod
1022 2990 1066 3043 si
1112 2989 1351 3044 radicem
1399 2990 1828 3056 resecucrimus,
1871 2997 1925 3044 et

317 3080 555 3132 funditus
584 3081 1090 3149 exstirpat-erimus,
1126 3081 1334 3137 facilius
1367 3096 1548 3136 ramos
1584 3080 1766 3136 licebit
1806 3090 1920 3152 ant-

317 3182 526 3240 putarc.
561 3174 669 3225 Arx
713 3173 856 3226 enim
904 3172 1201 3236 malorum,
1232 3182 1285 3226 et
1311 3172 1578 3241 colophon
1601 3213 1616 3237 ,
1651 3183 1709 3226 ut
1746 3171 1816 3226 ita
1843 3165 1924 3225 di“-

317 3280 457 3325 cam,
490 3274 834 3332 peccatorum
853 3304 871 3332 ,
915 3273 996 3320 est
1024 3264 1202 3321 rabies
1229 3266 1317 3319 illa
1345 3265 1769 3335 colligcndarmn,
1792 3265 1926 3320 divi-

319 3357 539 3421 tiarum,
570 3371 731 3424 quam
757 3356 800 3410 si
823 3355 1045 3410 domare
1069 3336 1422 3422 voluerimus,
1449 3356 1580 3410 nihil
1608 3365 1772 3422 vetat,
1795 3358 1924 3428 quin

318 3450 476 3503 simul
505 3458 558 3503 et
586 3450 686 3503 hac
715 3449 916 3504 insania
948 3450 1254 3516 liberemur,
1283 3458 1336 3504 et
1357 3463 1478 3504 cum
1502 3449 1602 3504 hac
1631 3450 1928 3506 evellamus

319 3552 376 3596 et
400 3542 741 3598 eradicemus
789 3558 978 3597 omnes
1024 3543 1355 3612 perniciosos
1395 3542 1640 3597 alfectns.
1692 3543 1809 3599 Jam
1861 3559 1927 3600 ne

319 3635 642 3690 existimetis
674 3652 922 3706 magnum
954 3634 1152 3704 aliquid
1183 3645 1235 3690 et
1266 3650 1429 3706 grave
1460 3651 1582 3691 esse
1602 3650 1762 3705 opum
1793 3651 1927 3690 con-

323 3735 611 3795 templum.
655 3726 789 3794 Quia
821 3744 943 3780 eum
975 3743 1184 3781 mecum
1231 3737 1442 3796 repttto,
1474 3737 1580 3780 tam
1631 3727 1830 3781 multos
1858 3727 1930 3781 ob

322 3818 536 3872 inanem
570 3828 626 3870 et
654 3818 894 3873 inutilem
932 3819 1157 3889 gleriam
1204 3817 1368 3872 multa
1408 3819 1521 3872 auri
1571 3817 1768 3872 talenta
1796 3817 1933 3873 ellu-

323 3909 470 3963 disse
497 3910 548 3963 in
579 3909 784 3964 nullam
816 3911 1124 3974 utilitatem,
1149 3910 1243 3966 sed
1272 3918 1328 3963 ttt
1354 3925 1382 3962 a
1405 3909 1846 3965 circumforaneis
1874 3918 1928 3963 ct

325 3999 626 4053 trivialibus
667 4001 1005 4055 homunculis
1043 4013 1376 4069 aucupentur
1424 4001 1655 4054 nominis
1699 4001 1895 4055 celebri

325 4100 514 4155 tatem,
546 4108 667 4160 qure
693 4091 757 4144 ad
791 4107 1071 4158 vestierant
1095 4092 1319 4156 desinit,
1365 4102 1420 4146 et
1449 4107 1592 4162 sa-pe
1624 4107 1730 4145 non
1761 4107 1928 4161 usque
1975 4132 1977 4135 -

324 4182 391 4235 ad
430 4199 710 4252 vesperam
735 4183 913 4248 durat,
944 4184 1037 4237 sed
1071 4193 1123 4237 et
1157 4183 1465 4253 priusquam
1511 4183 1628 4236 dies
1657 4183 1930 4252 complea-

326 4283 434 4337 tttr,
462 4274 758 4328 inmnneris
775 4273 929 4328 malis
943 4274 1309 4329 circumdatur
1330 4292 1343 4339 ;
1366 4274 1438 4346 (ὑ)
1464 4274 1572 4346 [alii
1597 4285 1774 4328 autem
1801 4291 1929 4344 gen-

326 4366 496 4420 tilium
526 4382 712 4422 crrore
757 4369 1148 4438 prmoecupati,
1179 4369 1340 4423 etiam
1383 4369 1481 4437 ipsi
1524 4368 1588 4421 ad
1642 4368 1928 4423 hum-mam

329 4457 686 4527 respicientes
714 4458 940 4528 gloriam
963 4501 977 4524 ,
1006 4475 1166 4527 quam
1197 4460 1412 4514 maximi
1444 4460 1673 4523 faciunt,
1707 4460 1930 4528 abiectis

322 4548 486 4602 simul
519 4550 792 4615 erunibus,
833 4561 889 4606 et
922 4551 1085 4620 pallio
1129 4561 1332 4605 ttmtum
1384 4562 1541 4619 atque
1583 4553 1772 4606 baculo
1810 4567 1927 4606 ser—

326 4642 483 4706 vatis,
517 4656 737 4696 omnem
766 4643 929 4698 vitam
956 4644 1034 4698 sic
1058 4644 1278 4713 exigunt
1301 4684 1313 4705 ,
1346 4658 1560 4697 onmem
1591 4642 1830 4696 laborem
1863 4644 1929 4696 il-

327 4733 435 4784 lum
467 4742 522 4786 et
550 4733 824 4788 miseriam
853 4735 923 4788 ob
953 4735 1076 4788 vani
1103 4734 1337 4788 nominis
1377 4735 1744 4788 celebritatem
1773 4751 1930 4787 assu-

326 4820 556 4893 mentes]
586 4842 599 4875 :
628 4839 748 4878 cum
773 4826 932 4892 igitur
956 4826 1067 4880 hare
1094 4840 1302 4879 mecum
1324 4836 1536 4896 reputo,
1567 4827 1928 4896 nescioquam

328 4914 429 4968 hab
455 4916 557 4967 turi
611 4917 780 4970 simus
825 4917 908 4969 vel
952 4918 1380 4982 excusationem,
1427 4918 1510 4972 vel
1559 4919 1790 4978 veniam,
1841 4918 1928 4988 qui

328 5021 501 5073 ltt‘qltc
529 5007 598 5059 ob
642 5008 952 5062 mandatum
985 5025 1015 5063 a
1048 5010 1275 5063 Domino
1313 5008 1602 5073 traditum,
1653 5025 1828 5079 neque
1862 5011 1933 5064 oh

325 5099 550 5163 gloriam
593 5099 735 5151 illam
783 5101 1142 5155 immortalem
1172 5112 1225 5156 et
1257 5102 1686 5167 interminatam,
1717 5103 1799 5156 vel
1834 5104 1929 5156 mi-

329 5190 524 5240 nimam
559 5204 738 5242 t'ertnn
773 5201 1075 5244 nostrarum
1112 5195 1412 5261 portionem
1444 5193 1747 5261 relinquere
1773 5196 1933 5247 susti-

329 5296 536 5346 nemus,
568 5283 636 5351 (ι’)
667 5283 794 5351 quin
827 5294 875 5335 et
928 5283 1226 5338 deteriores
1264 5286 1366 5339 illis
1412 5285 1709 5351 reddimur,
1758 5302 1935 5355 neque

329 5382 588 5438 quantum
634 5374 703 5427 sit
739 5375 1024 5429 discrimen
1072 5377 1386 5446 cogitamus.
1433 5379 1563 5433 Nam
1603 5379 1675 5432 illi
1721 5380 1791 5436 ob
1841 5380 1936 5431 lm—

391 5466 463 5534 ιιι)
480 5474 593 5534 qua}
614 5474 907 5534 sequuntur,
934 5468 1089 5534 abhis
1113 5468 1294 5534 verbis,
1314 5474 1359 5534 et
1384 5475 1599 5518 cessante
1612 5467 1801 5534 insania
1825 5481 1936 5517 mta-

334 5529 450 5571 t'tlttt
487 5529 587 5571 irati
608 5532 688 5580 τῆς
711 5529 815 5586 περὶ
840 5529 897 5572 τὰ
919 5530 1140 5588 χρήματα
1161 5530 1368 5589 μανίας),
1393 5545 1546 5592 usque
1567 5532 1624 5578 ad
1649 5533 1730 5580 illa
1755 5535 1921 5592 verba,

337 5596 438 5643 pmt
467 5591 640 5657 (lt't'l‘lll
674 5596 878 5657 ezrctter
905 5602 1093 5657 versus,
1113 5602 1340 5657 magnum
1363 5591 1552 5654 aliquid
1573 5599 1618 5641 et
1652 5606 1800 5657 grave
1821 5591 1924 5645 esse

335 5660 473 5750 uirum
501 5654 820 5752 tt'viiierlllllllill
853 5653 1094 5710 (φορτικὸν
1117 5652 1232 5699 εἶναι
1257 5653 1311 5698 τὸ
1340 5652 1598 5714 χρημάτων
1625 5652 1920 5720 ὑὲιεριὸεῖνξ,

339 5722 514 5751 10³’ῆΙΗί.
553 5723 596 5752 Ill
657 5723 832 5752 .()l.‘a';lll-

339 5722 516 5751 tlt’alilil
553 5723 596 5752 Ill
628 5722 832 5756 ιωιςςιιι.

399 5768 472 5836 (ἕξ)
497 5778 608 5823 (ure
635 5774 820 5819 nnciais
843 5773 1148 5836 clauduntur,
1173 5778 1352 5827 desunt
1376 5780 1419 5826 in
1443 5780 1731 5831 Coisli'tiaao
1749 5783 1938 5833 Codice.

1377 393 1445 450 IN
1483 390 1636 451 CAP.
1680 392 1766 449 IV.
1809 390 2053 450 GENES.
2097 391 2328 450 llOSllL.
2374 393 2494 450 XX.

3512 390 3614 449 Πι

2007 504 2234 569 minum,
2261 504 2625 576 qui'ejusdem
2653 511 2860 560 naturae
2886 510 3044 569 sunt,
3073 503 3314 558 inutilem
3344 502 3571 575 gloriam
3591 543 3609 568 ,

2004 612 2243 669 eousque
2265 606 2634 669 pervenerunt
2680 606 2738 653 ut
2785 606 2892 652 tam
2939 605 3103 653 multa
3150 596 3435 667 projiciant
3465 614 3478 650 :
3511 611 3610 652 ncs

2007 698 2185 744 autem
2213 698 2438 759 propter
2468 688 2752 744 Dominum
2785 698 3030 743 nostrum
3049 730 3064 753 ,
3096 688 3187 757 qui
3216 687 3521 758 suppeditat
3549 703 3611 744 ca

2006 794 2124 848 qua:
2152 778 2514 851 possidemus,
2535 789 2588 836 et
2606 779 2897 835 ineffabilia
2922 779 3012 834 illa
3030 778 3170 835 dona
3199 780 3502 849 pollicetur,
3521 795 3611 834 sa:-

2010 884 2074 938 pe
2095 885 2266 940 neque
2288 886 2512 941 parvum
2535 869 2788 941 quiddam
2821 869 3069 941 inopibus
3089 884 3316 941 erogare
3342 869 3610 924 volumus.

2011 961 2078 1016 Et
2120 961 2371 1031 qualibus
2414 963 2584 1016 oculis
2631 962 2931 1016 videbimus
2973 960 3241 1025 iudicem,
3285 960 3616 1030 negligentes

2011 1054 2325 1108 mandatum
2355 1054 2497 1109 illius
2522 1065 2628 1108 tam
2658 1053 2851 1109 facile?
2881 1052 3017 1108 Num
3045 1052 3324 1118 adhortor,
3357 1059 3413 1106 ut
3434 1050 3614 1104 omnia

2012 1153 2191 1199 vestra
2219 1144 2520 1216 abjiciatis?
2552 1146 2757 1201 Fruere
2801 1145 2950 1200 omni
2981 1144 3370 1214 prosperitate,
3408 1152 3462 1197 et
3491 1157 3618 1196 eum

2013 1238 2143 1292 satis
2171 1237 2363 1294 feceris
2392 1249 2486 1293 tuo
2516 1240 2673 1304 usui,
2703 1255 2824 1310 qua!
2852 1253 3183 1309 supervacua
3231 1236 3322 1291 tibi
3355 1245 3408 1291 et
3444 1237 3619 1291 otiosa

2008 1330 2212 1401 jacent,
2255 1332 2309 1386 in
2337 1333 2700 1388 necessarium
2730 1347 2884 1386 usum
2924 1339 3217 1395 converte,
3260 1328 3488 1398 aliisque
3511 1327 3625 1382 dis-

2018 1422 2192 1477 tribne
2232 1423 2372 1479 fame
2422 1425 2829 1490 laborantibus,
2862 1433 2917 1478 et
2955 1423 3078 1494 gelu
3117 1421 3529 1493 rigescentibus,
3570 1429 3626 1474 et

2019 1528 2116 1582 per
2141 1513 2356 1569 illorum
2399 1529 2590 1570 manus
2637 1517 2690 1568 in
2733 1523 2876 1568 tuam
2919 1514 3146 1584 patriam
3193 1513 3534 1578 transmitte,
3570 1513 3623 1566 in

2017 1619 2179 1672 quam
2211 1604 2523 1673 propediem
2554 1605 2645 1660 tibi
2675 1604 3003 1674 pergendum
3026 1645 3041 1670 ,
3075 1612 3134 1656 ut
3166 1604 3233 1656 ibi
3259 1603 3511 1672 accipias.
3550 1602 3626 1655 Illi

2019 1699 2164 1751 enim
2205 1698 2495 1767 plurimum
2529 1697 2623 1752 tibi
2672 1698 2932 1767 prodesse
2973 1706 3223 1766 poterunt
3271 1695 3338 1750 ad
3385 1703 3628 1748 transve-

2022 1790 2228 1846 hetulas
2258 1792 2384 1846 illuc
2408 1805 2538 1861 epes
2570 1808 2584 1844 :
2615 1801 2672 1845 ut
2697 1789 2914 1861 quando
2935 1790 3060 1849 illuc
3083 1789 3301 1853 abieris,
3334 1787 3511 1841 omnia
3541 1787 3626 1839 iu-

2019 1882 2209 1935 vcnias
2235 1881 2378 1955 bene
2424 1881 2709 1952 disposita,
2741 1881 3039 1951 majorique
3085 1881 3192 1934 illic
3235 1877 3432 1932 fruaris
3460 1877 3630 1932 abun-

2020 1972 2223 2039 dantia,
2249 1973 2436 2028 videns
2457 1988 2518 2029 ea
2542 1987 2572 2026 a
2599 1972 3092 2036 transvehentibus,
3118 1972 3228 2026 imo
3245 1986 3275 2024 a
3299 1971 3630 2040 benignitate

2025 2066 2141 2132 Dei,
2169 2067 2248 2120 ita
2269 2066 2646 2135 multiplicata.
2680 2059 2818 2121 Num
2851 2066 3091 2121 laborem
3123 2063 3287 2118 habet
3315 2063 3365 2119 id
3396 2062 3631 2132 negotii?

2025 2173 2152 2212 num
2196 2172 2415 2224 curam,
2468 2173 2596 2213 num
2646 2156 3106 2213 sollicitudinem?
3151 2155 3232 2210 Ad
3287 2155 3403 2208 hare
3454 2163 3634 2208 trans-

2025 2251 2268 2306 vehenda
2319 2251 2470 2307 nullo
2518 2251 2612 2306 tibi
2656 2266 2789 2321 opus
2815 2250 3187 2320 estjumcnto,
3235 2263 3342 2304 non
3385 2246 3630 2308 custode,

2024 2357 2199 2413 neque
2227 2343 2337 2397 ullo
2360 2342 2488 2398 alio.
2517 2341 2703 2396 Nullus
2730 2343 2873 2396 enim
2904 2342 3041 2396 latro
3071 2342 3150 2396 vel
3184 2339 3268 2394 l'ur
3299 2339 3398 2394 hac
3429 2339 3510 2392 via
3546 2339 3631 2390 in-

2023 2436 2186 2503 cedit,
2211 2447 2268 2490 ut
2299 2450 2496 2491 nocere
2516 2445 2679 2507 queat
2698 2437 2761 2490 iis
2787 2451 2908 2506 qua:
2927 2451 2955 2488 a
2982 2447 3032 2489 le
3057 2435 3183 2488 illuc
3201 2433 3482 2487 mittuntur
3503 2450 3516 2486 :
3537 2431 3630 2485 sed

2026 2542 2088 2582 ea
2119 2542 2239 2598 qua:
2279 2528 2589 2597 reposueris
2634 2527 2687 2581 in
2728 2541 3023 2596 egenorum
3067 2540 3290 2588 manus,
3330 2522 3416 2577 illa
3448 2523 3500 2577 in
3549 2537 3636 2576 sc-

2026 2635 2215 2675 curnm
2247 2621 2676 2692 promptuarium
2698 2660 2713 2686 ,
2746 2633 2940 2688 nempe
2969 2633 3186 2672 manum
3227 2615 3320 2671 Dei
3349 2615 3590 2671 cffundes
3619 2632 3634 2669 :

2027 2729 2146 2782 qum
2179 2713 2432 2767 inviolata
2462 2722 2518 2767 et
2546 2711 2814 2766 custodita
2847 2709 3138 2780 praebebit,
3168 2719 3225 2764 et
3255 2723 3377 2762 cum
3410 2706 3638 2762 redieris

2030 2807 2081 2859 in
2108 2805 2357 2875 patriam,
2383 2805 2488 2858 illis
2514 2804 2740 2858 redditis
2763 2803 2922 2856 etiam
2949 2800 3261 2872 prardicabit
3288 2799 3473 2854 laudes
3496 2810 3631 2863 tuas,

2028 2906 2082 2951 et
2113 2882 2418 2961 coronabit,
2449 2905 2585 2950 acte
2617 2894 2670 2949 in
2697 2891 2976 2948 latitudine
3002 2893 3358 2956 constituens,
3383 2905 3633 2946 securum

2028 2997 2085 3046 et
2110 2988 2319 3045 felicem
2349 2987 2558 3043 reddet.
2599 2985 2950 3042 Ell'undamus
2972 2999 3125 3054 ergo,
3146 2998 3365 3054 precor,
3388 2982 3633 3052 deposita

2031 3083 2082 3136 in
2126 3096 2422 3152 pauperum
2477 3089 2730 3146 ventres,
2772 3087 2824 3135 et
2863 3079 3191 3136 seminemus
3242 3076 3372 3133 dum
3427 3085 3638 3147 tempus

2030 3183 2133 3241 est,
2167 3185 2223 3229 ut
2251 3185 2556 3245 opportuno
2590 3185 2832 3242 tempore
2857 3181 3145 3239 metamus,
3175 3171 3249 3243 (a)
3278 3180 3331 3226 et
3361 3185 3428 3224 ne
3461 3180 3637 3225 trans-

2031 3267 2194 3321 missa
2241 3267 2504 3336 temporis
2548 3266 2986 3336 opportunitate,
3033 3266 3260 3335 posthac
3301 3265 3497 3319 [rustra
3541 3279 3641 3318 nos

2034 3360 2311 3430 pmniteat.
2346 3359 2578 3414 llaecine
2609 3358 2676 3414 de
2702 3372 2862 3414 causa
2892 3357 3159 3429 benignus
3189 3357 3330 3412 Deus
3363 3356 3512 3425 plura
3545 3356 3636 3411 tibi

2032 3453 2254 3523 largitus
2281 3461 2385 3517 est,
2416 3462 2476 3506 ut
2521 3453 2573 3506 in
2617 3461 2764 3505 tuum
2797 3449 2968 3505 solius
3011 3464 3167 3507 usum
3210 3447 3490 3518 impendas
3521 3463 3640 3511 qua:

2031 3544 2200 3608 drdit,
2226 3553 2274 3598 et
2303 3543 2506 3613 reliqua
2540 3543 2592 3596 in
2617 3541 2814 3597 arculis
2841 3551 2892 3597 et
2925 3541 3312 3611 promptuariis
3341 3538 3639 3594 recondas?

2035 3636 2161 3700 Non
2177 3651 2240 3691 ea
2278 3636 2347 3691 de
2376 3649 2558 3701 causa,
2591 3634 2686 3690 sed
2717 3643 2808 3701 ut,
2841 3633 3137 3689 secundum
3166 3632 3517 3704 apostolicam
3546 3632 3641 3685 ad-

2035 3730 2408 3796 monitionem,
2434 3727 2764 3782 abundantia
2812 3736 2900 3780 tua
2946 3726 3176 3780 aliorum
3226 3723 3464 3794 inepiam
3516 3738 3643 3793 sup-

2035 3822 2175 3889 pleat
2201 3820 2276 3890 (‘2.
2309 3819 2427 3874 Cor.
2457 3818 2508 3873 8.
2539 3819 2651 3887 lt).
2675 3817 2742 3872 Et
2761 3825 2813 3870 tu
2837 3817 3054 3887 quidem
3087 3814 3308 3871 forsitan
3332 3813 3495 3869 etiam
3522 3814 3642 3913 plus

2033 3927 2192 3982 quam
2217 3929 2353 3984 opus
2367 3920 2455 3966 est
2473 3910 2559 3966 his
2581 3911 2778 3966 frueris
2809 3909 2861 3963 in
2883 3909 3112 3974 deliciis,
3137 3908 3398 3975 Vest'bus,
3426 3907 3644 3979 alioque

2034 4004 2160 4058 luxu
2183 4046 2197 4070 ,
2227 4004 2396 4057 servis
2433 4017 2650 4073 quoque
2677 4010 2732 4057 et
2778 4001 2951 4056 brutis
2989 4010 3270 4072 argentum
3300 4001 3526 4054 multum
3555 3999 3644 4054 di-

2036 4099 2258 4152 videns:
2302 4111 2504 4167 pauper
2549 4106 2727 4150 autem
2774 4095 2905 4150 nihil
2952 4094 3146 4148 horum
3188 4109 3217 4147 a
3263 4103 3313 4150 te
3358 4094 3506 4163 petit,
3547 4092 3642 4147 scd

2036 4198 2243 4243 tantum
2269 4198 2326 4243 ut
2348 4188 2546 4244 famem
2568 4188 2813 4258 mitiges,
2843 4197 2902 4241 ut
2929 4185 3300 4257 quotidianum
3333 4185 3408 4240 illi
3435 4184 3639 4251 cibum,

1949 4338 1952 4343 _
2033 4297 2096 4337 ac
2115 4283 2477 4338 necessarium
2505 4296 2660 4336 usum
2685 4280 2904 4345 tribuas,
2938 4289 2998 4333 ut
3027 4279 3190 4344 vivat,
3213 4288 3267 4333 et
3289 4292 3394 4332 non
3421 4288 3604 4346 pereat
3629 4295 3642 4330 :

2037 4387 2092 4431 et
2119 4393 2294 4446 neque
2326 4378 2426 4430 hoc
2467 4375 2646 4431 facere
2676 4373 2912 4443 dignaris
2936 4415 2949 4438 ,
2984 4388 3159 4442 neque
3188 4371 3415 4440 cogitas,
3449 4380 3499 4423 te
3529 4370 3642 4439 ple-

2039 4487 2260 4540 rumque
2283 4470 2463 4524 subito
2485 4469 2788 4537 abreptum,
2819 4466 2996 4519 omnia
3022 4481 3141 4534 quzc
3165 4465 3386 4517 collecta
3411 4473 3534 4515 sunt
3555 4461 3643 4515 hic

2036 4563 2378 4631 relluqnere,
2412 4569 2467 4615 et
2497 4561 2764 4615 interdum
2795 4559 2846 4612 in
2883 4559 3067 4612 hostes
3092 4568 3146 4612 et
3192 4557 3435 4612 inimiCos
3465 4565 3641 4609 trans-

2038 4655 2200 4718 ferri;
2238 4666 2287 4707 te
2318 4663 2495 4707 autem
2530 4651 2763 4721 peccatis
2790 4649 3073 4709 omnibus.
3104 4664 3201 4720 per
3229 4663 3349 4716 qua:
3381 4646 3494 4700 luce
3525 4647 3608 4700 col
3628 4676 3642 4685 -

2041 4746 2235 4814 legisti.
2281 4755 2458 4799 tecum
2506 4744 2738 4811 receptis
2786 4740 2909 4795 hinc
2948 4740 3199 4808 migrare.
3239 4736 3308 4792 Et
3349 4736 3476 4806 quid
3518 4747 3646 4789 tunc.

2039 4839 2187 4891 dices
2217 4839 2264 4890 in
2299 4837 2386 4890 die
2419 4837 2508 4890 illo
2541 4833 2802 4888 terribili?
2830 4832 3099 4903 quomodo
3130 4841 3180 4884 te
3206 4829 3488 4886 excusabis
3509 4869 3524 4892 ,
3555 4830 3644 4897 qui

2040 4933 2111 4984 ita
2142 4931 2476 5000 negligenter
2498 4928 2685 4982 Salutis
2715 4926 2987 4996 negotium
3011 4923 3324 4978 instituisti?
3353 4922 3642 4991 Propterea
3667 4924 3673 4930 '

2040 5023 2170 5077 mihi
2198 5023 2542 5090 obtempera,
2576 5029 2630 5074 et
2656 5035 2778 5073 cum
2809 5018 2986 5072 adhuc
3031 5027 3242 5086 tempus
3277 5015 3442 5070 habes
3464 5055 3477 5078 ,
3511 5025 3644 5081 Opes

2040 5127 2402 5182 supervacuas
2433 5114 2716 5174 distrilme,
2751 5121 2809 5163 ut
2838 5111 2984 5179 prius
3014 5109 3121 5163 illic
3147 5108 3202 5161 in
3235 5118 3378 5162 tuam
3408 5106 3641 5173 reposita

2042 5210 2239 5261 habeas
2279 5208 2532 5275 salutem,
2583 5214 2636 5258 rt
2681 5220 2779 5274 pro
2822 5205 2929 5257 illis
2969 5215 3228 5273 perpetua
3272 5203 3410 5258 bona
3451 5215 3645 5253 conse-

2039 5302 2221 5370 qttat‘is
2256 5320 2266 5354 :
2302 5316 2422 5370 qua:
2455 5317 2551 5354 nos
2581 5316 2769 5354 omnes
2793 5300 3042 5354 obtinere
3073 5296 3366 5364 Contingat.
3395 5294 3565 5365 gratia
3592 5301 3647 5345 et

2042 5395 2373 5461 benignitate
2397 5394 2607 5448 Domini
2638 5395 2805 5448 nostri
2829 5391 2955 5448 Jesn
2982 5390 3206 5456 Christi,
3230 5404 3352 5456 cum
3374 5403 3480 5456 quo
3505 5386 3648 5442 Patri

1956 5522 1964 5527 -
2043 5488 2203 5540 simul
2236 5497 2290 5540 et
2319 5486 2541 5555 Spiritui
2570 5495 2760 5540 sancto
2788 5485 2857 5538 sit
2888 5484 3084 5554 gloria,
3115 5481 3420 5551 imperium,
3455 5477 3649 5543 honor,

2043 5596 2184 5634 nunc
2215 5590 2270 5636 et
2292 5595 2529 5650 semper,
2561 5579 2688 5635 etin
2715 5578 2911 5633 saecula
2935 5577 3272 5632 saeculorum.
3310 5573 3507 5628 Amen.

2093 5775 2167 5838 (rt)
2186 5779 2296 5838 Qnrr
2323 5780 2595 5838 sequuntur
2622 5767 2880 5838 usquead,
2897 5743 3198 5838 negligenter
3215 5765 3383 5838 salutis
3402 5763 3641 5838 uram-{mn

359 5895 362 5897 _
401 5831 469 5903 (τ’.)
504 5842 614 5903 ’ἐτιίιι
640 5840 912 5903 seqmnttur
940 5851 1092 5899 usque
1113 5827 1189 5892 ad.
1218 5827 1942 5903 animum};'ei-ggii,',i.£giii{(
2031 5827 2296 5903 instituisti,
2322 5827 2432 5894 qu-{e
2457 5835 2649 5903 circiter
2675 5827 2882 5879 mediam
2910 5829 3135 5893 paginam
3159 5827 3435 5887 absolvunt,
3463 5829 3641 5876 desunt

335 5895 508 5940 (ζι-εηξειι
543 5893 625 5952 ,ile
653 5893 836 5957 ’Διίξιίῖιιπ
857 5893 1215 5960 σξιιηιειῖιὶιιιὲιὶιίι
1244 5893 1415 5963 fagina
1437 5893 1641 5954 ΑΛὶεῖίςιί.

2035 5904 2082 5951 in
2100 5897 2387 5948 Co'tslimano
2409 5895 2596 5943 Colice.
