4068 6388
477 402 577 462 178

1027 502 1301 560 llOSliLlA
1364 498 1502 554 XXI.

465 630 582 698 ‘fale
611 653 684 697 est
724 641 845 696 liber
875 637 1206 710 generationis
1232 633 1509 694 hominum,
1538 631 1620 684 die
1643 645 1740 699 quo
1778 626 1894 697 fecit
1925 623 2060 677 Deus

544 732 731 796 Adam,
755 730 1025 786 semiudum
1048 727 1315 796 imaginem
1331 724 1425 777 Dei
1447 722 1568 793 fecit
1596 719 1760 782 illum,
1784 717 2060 771 masculum

547 834 592 879 el
623 825 860 894 feminam
889 822 1006 892 fecit
1030 820 1164 882 illos,
1194 827 1240 871 et
1263 818 1449 870 vocavit
1472 829 1654 869 nomen
1675 828 1844 868 eorum
1872 808 2055 874 Adam,

543 932 644 986 qua
668 916 751 968 die
766 913 878 985 fecit
894 929 975 967 eos
995 909 1147 983 (Gen.
1169 908 1225 964 5.
1254 909 1299 962 l.
1322 906 1358 960 ἓ
1379 907 1420 976 ).

546 1050 597 1104 1.
633 1048 846 1116 Magnus
874 1054 930 1100 et
954 1042 1232 1099 ineffabilis
1261 1041 1560 1105 thesaurus,
1607 1036 1822 1103 dilecti,
1853 1035 1904 1088 in
1932 1047 2056 1087 ver-

475 1138 555 1195 bis
577 1140 740 1195 modo
780 1137 931 1193 lectis
958 1135 1262 1192 reconditus
1288 1141 1386 1187 est.
1419 1131 1484 1186 Et
1525 1130 1638 1185 scio
1663 1126 1896 1199 quidem,
1927 1122 2060 1177 mul-

473 1247 555 1291 tos
582 1236 856 1291 nominum
887 1233 1184 1303 catalogum
1224 1229 1570 1301 respicientes
1610 1236 1662 1281 et
1700 1224 1942 1281 lectionis
1972 1239 2059 1276 su-

475 1325 709 1395 perﬂeiei
761 1327 1042 1392 lia-rentes,
1091 1331 1277 1392 putare
1329 1321 1457 1374 nihil
1509 1318 1735 1388 amplius
1789 1317 1838 1370 in
1878 1314 2054 1379 dictis,

470 1431 630 1486 quam
655 1430 798 1470 mera
839 1416 1054 1468 nomina
1074 1429 1193 1470 esse
1223 1431 1236 1467 :
1285 1427 1384 1482 ego
1415 1419 1592 1464 autem
1628 1423 1722 1462 vos
1751 1421 1938 1461 omnes
1967 1405 2059 1459 cbo
2103 1461 2114 1467 _

471 1520 644 1570 secro,
669 1520 737 1561 ne
766 1504 1078 1574 simpliciter
1107 1517 1166 1558 ea
1197 1518 1314 1570 qua:
1346 1502 1395 1554 in
1426 1497 1712 1567 Scripturis
1733 1496 1900 1550 sacris
1925 1510 2058 1548 con-

475 1606 616 1650 tenta
670 1604 790 1648 sunt
824 1595 1122 1648 transeatis.
1167 1593 1302 1647 Nihil
1334 1591 1474 1644 enim
1518 1588 1606 1642 hic
1659 1588 1914 1654 scriptum
1954 1594 2053 1652 est,

471 1688 612 1757 quod
636 1702 741 1742 non
763 1687 954 1741 multas
975 1699 1226 1740 sensuum
1252 1680 1668 1736 babeatdivitias
1689 1697 1701 1732 :
1725 1677 2058 1748 quandoqui-

473 1778 592 1832 dem
623 1777 806 1830 divino
830 1775 1026 1844 Spiritu
1050 1773 1214 1828 afﬂati
1247 1772 1517 1843 propheta:
1538 1769 1741 1840 loquuti
1767 1779 1909 1832 sunt,
1939 1768 2060 1823 ideo

477 1877 658 1937 utmte
688 1885 716 1921 a
761 1868 958 1937 Spiritu
1012 1867 1221 1935 scripta:
1268 1867 1533 1936 ingentem
1583 1863 1635 1917 in
1682 1878 1741 1917 se
1789 1862 2059 1917 continent

472 1961 797 2017 thesaurum.
832 1961 898 2016 Et
926 1977 993 2016 ne
1019 1959 1229 2014 mireris
1256 1956 1396 2028 quod
1421 1957 1472 2010 in
1505 1957 1604 2014 hac
1625 1955 1898 2009 nominum
1925 1968 2058 2007 enu-

475 2053 769 2107 meratione
816 2052 1010 2107 multas
1038 2051 1371 2120 latcntesrpie
1424 2048 1637 2103 divitias
1673 2047 2058 2103 sententiarum

476 2143 628 2198 vobis
657 2159 743 2198 me
771 2154 1112 2199 ostensurum
1139 2143 1408 2210 pollicear.
1441 2139 1622 2208 Neque
1663 2139 1805 2194 enim
1837 2137 1916 2192 vel
1948 2137 2057 2208 syl-

473 2235 622 2300 laba,
655 2236 736 2289 vel
762 2235 998 2304 apiculus
1027 2243 1110 2290 est
1142 2234 1190 2288 in
1224 2240 1390 2288 sacris
1417 2231 1634 2298 Litoris,
1669 2231 1722 2286 iu
1752 2231 1906 2300 cujus
1928 2245 2054 2300 pro-

472 2324 638 2380 fundo
664 2339 771 2381 non
803 2325 872 2380 sit
921 2324 1133 2394 grandis
1158 2323 1419 2395 quispiam
1476 2322 1756 2377 thesaurus
1793 2338 1808 2374 :
1837 2319 2060 2390 proinde

473 2431 570 2484 par
593 2425 675 2471 est
710 2431 808 2471 nos
847 2415 1023 2470 divina
1068 2416 1236 2484 gratia
1265 2413 1474 2479 ductos,
1523 2422 1578 2468 ct
1621 2410 1821 2479 Spiritu
1877 2421 2060 2465 saneto

475 2506 766 2563 illustratos
789 2507 996 2578 eloquia
1024 2506 1198 2561 divina
1223 2505 1390 2560 adire.
1416 2503 1596 2573 Neque
1626 2517 1760 2573 Opus
1785 2502 1945 2556 habet
1973 2500 2058 2556 di-

477 2601 598 2654 vina
629 2600 900 2669 Scriptura
951 2599 1223 2654 hominum
1273 2597 1552 2668 sapientia,
1600 2605 1658 2650 ut
1714 2593 2056 2664 intelligatur,

479 2693 576 2746 sed
604 2692 929 2746 rerelatione
974 2690 1223 2762 Spiritus,
1255 2700 1310 2745 ut
1353 2690 1542 2744 hausto
1570 2688 1694 2744 inde
1718 2703 1846 2742 vero
1875 2702 2057 2748 sensu,

471 2796 723 2852 magnum
756 2781 909 2836 nobis
948 2781 1076 2836 hinc
1103 2781 1307 2836 lucrum
1357 2788 1647 2835 accrescat.
1669 2778 1746 2850 (a)
1782 2778 1914 2832 Nam
1936 2777 1979 2831 si
2010 2777 2060 2830 in

479 2871 824 2927 sa'cularibus
853 2873 1078 2943 negotiis
1102 2871 1296 2941 scripta
1331 2911 1345 2936 ,
1377 2886 1496 2940 qua:
1516 2869 1584 2924 ab
1610 2870 1912 2924 hominibus
1933 2883 2062 2922 eon-

474 2964 744 3031 flciuntur,
798 2980 939 3035 stupe
987 2975 1227 3035 tempore
1277 2973 1546 3033 corrupta,
1575 2978 1604 3015 a
1634 2970 1871 3031 tempore
1911 2959 2062 3014 initio

479 3056 817 3111 instrumenti
847 3064 1048 3122 notato,
1077 3065 1131 3110 et
1173 3055 1241 3110 ab
1267 3070 1368 3108 una
1415 3053 1635 3126 syllaba,
1686 3053 1910 3107 multum
1944 3066 2060 3104 mo.

480 3147 646 3201 menti
676 3147 909 3202 habent:
937 3146 1288 3216 multomagis
1309 3144 1412 3200 hoc
1456 3145 1509 3200 in
1535 3142 1822 3212 Scripturis
1871 3140 2064 3196 divinis

478 3256 508 3293 a
561 3239 762 3309 Spiritu
813 3247 1000 3295 sancto
1047 3237 1356 3309 compositis
1405 3234 1707 3303 invenitur,
1765 3233 1926 3291 modo
1979 3247 2064 3288 so-

477 3330 578 3385 brii
624 3331 812 3396 simus,
863 3337 917 3384 et
970 3343 1076 3384 nou
1130 3317 1328 3384 temere
1375 3325 1870 3396 prmtergrediamur
1921 3323 2064 3379 :sed

482 3423 682 3476 intenta
746 3428 923 3475 mente
966 3419 1246 3490 diligenter
1287 3419 1466 3473 omnia
1505 3415 1908 3474 consideremus
1937 3451 1957 3480 ,
2012 3422 2066 3468 et

486 3529 590 3568 non
651 3511 1063 3582 negligentiores
1125 3511 1290 3565 simus
1345 3509 1462 3563 aliis
1515 3507 1605 3578 qui
1675 3515 1822 3559 tanto
1890 3503 2066 3558 studio

486 3607 540 3660 in
590 3605 877 3660 sensilibus
933 3611 1173 3658 utuntur.
1205 3600 1522 3655 Enimvero
1583 3597 1672 3669 qui
1725 3595 1940 3651 metalla
1985 3595 2068 3648 cf-

491 3697 736 3762 fodiunt.
770 3713 874 3751 non
917 3695 968 3750 in
1018 3695 1236 3765 superfit
1253 3693 1303 3749 ie
1361 3701 1593 3756 manent,
1634 3691 1727 3746 sed
1776 3706 1900 3746 cum
1944 3702 2068 3759 pru-

487 3792 645 3844 funde
675 3790 961 3844 admodum
988 3787 1382 3850 descenderint,
1405 3795 1456 3840 et
1481 3786 1600 3842 auri
1647 3793 1885 3838 ramenta
1932 3796 2068 3836 nan-

488 3881 613 3935 cisci
660 3879 951 3949 potuerint,
1017 3893 1209 3947 magno
1257 3875 1438 3930 labore
1485 3886 1536 3930 et
1591 3874 1873 3929 sedulitate
1917 3885 1984 3926 ea
2039 3886 2070 3924 a

495 3986 629 4026 terra
682 3979 928 4039 separant
966 4013 980 4035 ,
1042 3979 1264 4039 postque
1324 3969 1546 4021 multum
1586 3956 1733 4021 illum
1766 3965 2024 4026 ,Iaborem
2055 4003 2070 4028 ,

493 4064 709 4115 brevem
736 4062 963 4130 aliquam
1008 4060 1247 4114 laborum
1292 4058 1569 4112 inveniunt
1609 4055 2072 4119 consolationem;

495 4164 855 4208 verumtamen
883 4153 1005 4206 licet
1025 4152 1077 4206 bi
1105 4153 1290 4213 sciant,
1320 4166 1377 4204 sc
1407 4150 1686 4203 utilitatem
1722 4157 2074 4216 percepturos

493 4246 760 4300 laboribus
784 4260 885 4297 non
919 4241 1349 4310 respondentem.
1380 4254 1626 4307 sa'peque
1658 4239 1816 4292 etiam
1849 4245 1970 4304 post
2001 4244 2076 4288 tot

493 4337 694 4407 vigilias
722 4346 774 4390 et
802 4335 1027 4394 labores,
1060 4334 1454 4401 exspectatione
1481 4345 1575 4384 sua
1609 4328 1640 4383 fi
1659 4337 1889 4383 usti-atus
1936 4341 2075 4392 esse,

497 4444 668 4499 neque
689 4430 764 4482 sic
792 4427 1074 4490 desistunt,
1101 4424 1193 4478 sed
1220 4439 1314 4492 spe
1341 4422 1574 4486 aluntur,
1614 4430 1668 4476 et
1697 4435 1858 4476 s-cnsn
1882 4419 2080 4473 laboris

496 4516 698 4577 carent.
728 4519 806 4586 Qu
845 4518 878 4572 d
908 4518 951 4571 si
981 4517 1062 4571 illi
1101 4524 1303 4569 tantum
1332 4531 1440 4583 pra:
1469 4529 1527 4569 sc
1567 4512 1742 4568 ferunt
1771 4513 2002 4568 studium
2026 4514 2078 4566 in

498 4609 950 4680 corruptibilibus,
981 4606 1219 4671 incertis,
1248 4614 1301 4661 et
1324 4606 1561 4671 caducis,
1587 4605 1754 4659 multo
1801 4605 1968 4674 magis
1989 4605 2082 4659 de-

497 4710 584 4758 cet
613 4715 732 4768 nos,
777 4699 862 4754 ubi
895 4699 1089 4753 divitia:
1131 4697 1328 4753 auferri
1379 4707 1667 4768 nequeunt,
1717 4707 1769 4751 et
1801 4697 2083 4752 thesaurus

499 4795 703 4850 absumi
753 4807 856 4846 non
892 4801 1103 4861 potest,
1140 4800 1195 4845 et
1238 4805 1333 4860 spe
1363 4805 1468 4843 non
1514 4789 1811 4852 aberratur,
1860 4803 1954 4857 par
2002 4789 2083 4842 vel

504 4888 675 4956 majus
716 4883 950 4940 studium
979 4883 1251 4945 adbibere,
1283 4891 1338 4937 et
1381 4879 1505 4935 hinc
1527 4879 1704 4949 aliquo
1735 4879 1904 4934 fructu
1956 4894 2079 4949 per-

497 4986 681 5045 cepto,
713 4975 1011 5029 desiderata
1037 4973 1248 5042 assequi
1271 4974 1554 5042 possimus,
1583 4973 1866 5041 agnitaque
1895 4970 2083 5024 iuetl‘a-

501 5070 591 5124 bili
625 5068 948 5138 benignitate
978 5068 1068 5122 Dei
1098 5107 1113 5131 ,
1144 5065 1340 5136 gratias
1380 5073 1597 5134 agentes
1627 5065 1849 5117 Domino
1879 5073 2084 5126 nostro,

504 5161 619 5227 ejus
646 5160 800 5213 nobs
817 5158 1051 5213 favorem
1077 5157 1442 5219 conciliemus,
1466 5165 1519 5210 et
1538 5155 1728 5209 diabol:
1759 5155 1960 5209 retibus
1982 5170 2087 5208 non

504 5254 872 5322 illaqueemur.
915 5252 1027 5322 Age
1069 5263 1194 5320 ergo
1222 5249 1442 5318 prolatis
1492 5250 1543 5302 in
1588 5247 1817 5302 medium
1865 5248 1928 5301 iis
1971 5263 2089 5316 qum

508 5356 649 5396 nunc
669 5341 802 5394 lecta
843 5353 988 5406 sunt,
1020 5340 1298 5408 diligenter
1327 5339 1530 5408 singula
1561 5348 1957 5407 perscrulemnr
1987 5353 2002 5389 :
2035 5346 2089 5389 ut

507 5435 663 5486 solita
701 5433 976 5487 rcfocillati
1005 5431 1265 5492 doctrina,
1298 5433 1374 5486 sic
1403 5433 1617 5485 domum
1648 5432 1836 5485 iterum
1869 5430 2082 5484 receda-

511 5526 596 5578 tis.
630 5525 678 5578 l.
718 5523 863 5594 (Cap.
893 5525 966 5594 5).
996 5523 1098 5577 Istc
1122 5535 1191 5577 est
1211 5523 1332 5577 liber
1353 5521 1685 5592 generationis
1703 5522 1983 5586 hominum,
2009 5522 2083 5574 iu-

508 5619 640 5688 quit,
672 5618 750 5669 die
770 5634 865 5686 quo
894 5619 1005 5686 fecit
1035 5616 1170 5669 Dens
1195 5615 1380 5681 Adam,
1405 5615 1675 5670 secundum
1705 5615 1971 5684 imaginem
2004 5613 2094 5666 Dei

573 5731 646 5792 (a)
661 5730 859 5778 Plui-Lua
876 5743 935 5778 ex
961 5731 1304 5791 sequentibus,
1319 5729 1428 5791 plus
1442 5741 1586 5792 quam
1609 5725 1850 5777 dimidiam
1878 5727 2096 5788 paginam

505 5794 831 5852 almis-entia,
856 5793 1031 5841 desunt
1059 5795 1104 5841 in
1128 5793 1318 5841 coislin.

1200 395 1254 448 s.
1294 385 1567 446 JOANNIS
1599 336 2068 438 cunvsosront
2115 374 2427 431 .mt'lllllif’.
2468 372 3000 434 consumma.

3650 379 3752 435 176

2165 509 2282 575 fecit
2322 506 2570 566 illum;2.
2621 509 2901 560 masculum
2943 517 2989 559 et
3040 507 3278 577 feminam
3330 509 3448 578 fecit
3496 510 3611 565 illos
3635 551 3652 575 ,
3707 525 3756 565 ct

2164 596 2442 650 nominauit
2460 611 2639 651 nomen
2661 611 2832 650 eorum
2860 597 3025 650 Adam
3053 597 3130 668 (a)
3150 639 3165 664 ,
3194 598 3277 652 die
3314 615 3416 668 quo
3453 601 3572 670 fecit
3611 601 3725 658 illos
3742 645 3755 656 .

2164 685 2411 752 Attende,
2469 685 2712 752 obsecro,
2765 687 3036 756 propheta:
3074 687 3229 758 hujus
3271 689 3598 748 admirabilis
3648 708 3706 747 sa

2165 775 2459 844 picntiam;
2507 777 2614 832 imo
2661 778 2830 832 sancti
2875 777 3104 848 Spiritus
3156 779 3475 836 doctrinam.
3531 782 3613 837 Ab
3661 784 3754 838 illo

2164 868 2326 933 enim,
2357 877 2412 922 ut
2437 883 2579 939 sirpe
2613 869 2812 924 dictum
2839 878 2942 932 est,
2965 869 3199 936 afﬂatus,
3229 871 3386 927 nobis
3413 873 3532 930 tunc
3574 877 3754 930 omnia

2164 958 2399 1028 loquitur
2429 980 2441 1014 :
2466 971 2527 1013 et
2574 959 2804 1028 linguam
2829 958 3043 1030 quidem
3083 961 3342 1030 prepheta
3373 965 3752 1030 commodavit,

2161 1048 2330 1116 gratia
2356 1056 2532 1102 autem
2563 1047 2787 1117 Spiritus
2818 1049 2986 1103 sancti
3032 1064 3128 1119 per
3172 1049 3314 1105 illam
3341 1052 3520 1106 omnia
3564 1051 3755 1107 buma-

2168 1152 2295 1190 num
2341 1152 2510 1207 genus
2553 1139 2834 1193 manifesze
2863 1139 3042 1194 docet.
3077 1139 3210 1196 Vide
3235 1156 3364 1212 ergo
3387 1142 3659 1212 quomodo
3687 1143 3754 1200 ad

2161 1228 2421 1297 originem
2451 1243 2754 1283 sermonem
2783 1228 3011 1289 reducit.
3051 1239 3106 1284 et
3147 1233 3423 1298 superiora
3452 1233 3642 1288 iterum
3670 1248 3755 1288 re-

2163 1317 2344 1372 sumit.
2395 1317 2589 1386 Quare,
2643 1327 2691 1371 et
2728 1333 2832 1388 qua
2877 1318 2946 1372 de
2974 1318 3173 1372 causa?
3200 1319 3333 1385 Quia
3383 1321 3512 1374 \idit
3541 1337 3638 1376 eos
3663 1323 3754 1392 qui

2165 1416 2291 1462 tunc
2319 1417 2493 1473 erant,
2541 1422 2727 1477 magna
2756 1424 2864 1478 prae
2890 1422 2949 1464 se
2973 1407 3110 1463 ferre
3132 1407 3324 1480 ingrati
3370 1411 3533 1465 animi
3579 1412 3754 1482 signa,

2165 1514 2263 1553 nec
2291 1500 2538 1554 meliores
2570 1501 2684 1552 fieri
2710 1515 2774 1553 ex
2818 1489 2882 1553 iis
2909 1515 3028 1568 qua:
3076 1501 3251 1572 primo
3291 1502 3494 1570 parenti
3542 1503 3755 1557 accide-

2165 1600 2302 1657 rant,
2350 1590 2446 1645 sed
2492 1589 2542 1643 in
2595 1589 2734 1642 idem
2790 1590 3002 1642 malitia:
3042 1589 3360 1660 profundum
3415 1591 3754 1661 prmcipitari.

2163 1679 2293 1736 Nam
2322 1695 2439 1734 eum
2472 1680 2516 1734 is
2551 1680 2638 1748 qui
2669 1694 2732 1733 ex
2767 1679 2854 1733 illo
2883 1687 3038 1735 natus
3062 1690 3177 1735 erat
3218 1680 3398 1736 statim
3445 1684 3752 1738 concitante

2165 1769 2356 1824 invidia
2384 1769 2448 1823 ad
2479 1769 2826 1823 fratricidium
2878 1771 3092 1838 ruisset,
3124 1780 3178 1826 et
3223 1771 3342 1826 ideo
3387 1774 3756 1842 gravissimam

2164 1875 2376 1931 poenam
2404 1859 2632 1927 tulisset,
2666 1862 2803 1915 sicut
2829 1862 3076 1930 superius
3095 1861 3377 1918 caritatem
3403 1873 3633 1918 vestram
3657 1865 3756 1920 do-

2162 1951 2372 2006 cuimus
2412 1969 2424 2005 :
2463 1965 2524 2003 ac
2557 1955 2752 2020 posteri
2804 1953 2918 2020 ejus
2947 1952 3078 2006 nihil
3109 1967 3173 2006 ea
3199 1953 3546 2023 castigatione
3577 1954 3755 2023 profe-

2163 2043 2383 2108 cisscnt,
2415 2041 2509 2096 sed
2536 2043 2586 2095 in
2607 2041 2895 2110 majoribus
2919 2058 2980 2098 se
3009 2044 3162 2097 malis
3208 2044 3585 2111 involvissent,
3619 2047 3756 2101 sicut

2162 2133 2436 2188 audivistis
2462 2133 2597 2197 beri,
2623 2133 2858 2200 Lantech
2886 2148 3076 2202 nempe
3107 2144 3380 2204 peccaturo
3430 2150 3584 2190 suum
3613 2152 3749 2192 uxo-

2163 2224 2311 2279 ribus
2330 2234 2690 2291 enarrantcm,
2722 2231 3038 2295 plenamque
3067 2225 3324 2282 adversus
3363 2242 3423 2282 se
3451 2228 3754 2284 decernen-

2163 2322 2272 2370 tem
2303 2332 2316 2368 :
2342 2316 2463 2385 quia
2493 2315 2746 2383 paulatim
2777 2315 2907 2391 vidit
2932 2316 3235 2372 increscere
3259 2318 3514 2373 malitiam
3539 2319 3756 2374 illorum

2163 2405 2315 2476 quasi
2362 2406 2559 2460 malum
2588 2406 2990 2478 bumorcm'per
3019 2416 3188 2464 totum
3227 2424 3424 2478 corpus
3450 2426 3511 2466 se
3557 2411 3757 2466 diffun-

2164 2497 2402 2564 dentem,
2433 2499 2574 2553 sistit
2607 2487 2821 2553 malitiae
2841 2499 3188 2570 impetum,et
3209 2504 3584 2571 generationes
3607 2504 3750 2570 illas,

2164 2603 2284 2658 qua:
2312 2605 2378 2644 ex
2423 2589 2554 2643 Cain
2597 2605 2762 2659 usque
2787 2590 2853 2644 ad
2904 2590 3162 2659 Lamecb,
3219 2609 3287 2650 ne
3327 2597 3581 2649 memoria
3635 2598 3756 2666 qui-

2165 2682 2288 2738 dem
2317 2681 2731 2752 dignatur:st
2770 2683 2922 2754 quasi
2969 2683 3290 2754 principium
3343 2686 3612 2756 quoddam
3658 2687 3759 2742 du-

2165 2787 2296 2828 cens
2347 2779 2404 2826 et
2449 2772 2648 2828 luctum
2702 2772 2830 2828 Atla:
2878 2783 2933 2828 et
2986 2772 3113 2829 Evze
3160 2774 3464 2832 demulcere
3531 2777 3757 2843 volens,

2167 2861 2224 2916 in
2275 2867 2434 2930 quem
2483 2860 2604 2916 illos
2660 2861 2916 2930 iniecerat
2967 2855 3272 2931 fratricida,
3320 2875 3523 2919 armata
3571 2876 3759 2921 contra

2165 2951 2301 3007 Abel
2341 2951 2604 3006 dextera:
2645 2953 2723 3006 sic
2766 2953 3123 3008 narrationem
3172 2955 3396 3020 orditur,
3446 2965 3499 3010 et
3542 2955 3757 3025 inquit:

2167 3039 2277 3095 Iste
2299 3050 2370 3096 est
2395 3039 2520 3095 liber
2544 3041 2883 3111 generationis
2905 3041 3169 3095 hominum
3191 3083 3206 3109 ,
3234 3044 3314 3097 die
3342 3059 3443 3114 quo
3470 3045 3591 3114 fecit
3621 3043 3760 3099 Dem

2170 3131 2356 3198 Adam,
2381 3133 2657 3186 secundum
2677 3132 2951 3202 imaginem
2975 3129 3070 3186 Dei
3095 3133 3215 3204 fecit
3245 3134 3390 3187 illum
3414 3150 3432 3196 ;
3472 3133 3757 3190 "tusculum

2168 3230 2216 3276 et
2241 3221 2481 3293 feminam
2505 3221 2621 3289 [erit
2649 3221 2795 3274 illos:
2811 3228 2855 3274 et
2884 3221 3158 3275 nominavit
3178 3237 3358 3276 nomen
3380 3239 3549 3276 eorum
3575 3224 3760 3292 Adam,

2172 3310 2256 3364 die
2281 3327 2382 3380 quo
2410 3313 2524 3383 fecit
2553 3311 2690 3364 illos.

2239 3402 2293 3457 2.
2336 3403 2626 3458 Considera
2658 3403 2926 3473 quomodo
2964 3402 3152 3459 iisdem
3199 3403 3376 3459 verbis
3407 3420 3534 3460 u~us
3583 3406 3758 3471 fuerit,

2172 3495 2373 3564 quibus
2421 3507 2476 3550 et
2508 3496 2677 3561 initio,
2710 3503 2766 3549 ut
2809 3493 3028 3550 doceret
3053 3509 3152 3549 nos
3175 3537 3189 3561 ,
3221 3511 3278 3549 se
3307 3497 3681 3567 generationes
3711 3497 3764 3550 il-

2172 3586 2251 3640 las
2297 3596 2352 3639 ut
2399 3596 2578 3654 posma
2629 3583 2961 3654 reprobatas,
3003 3600 3175 3654 neque
3201 3587 3456 3641 memoria
3503 3595 3622 3655 post
3665 3586 3766 3641 hoc

2171 3676 2358 3746 dignas
2391 3676 2589 3731 habere
2642 3692 2656 3728 :
2710 3676 2804 3732 sed
2855 3693 2920 3732 ex
2967 3676 3122 3738 Seth,
3155 3677 3243 3746 qui
3277 3692 3417 3730 nunc
3457 3678 3559 3732 illis
3611 3687 3767 3732 natus

2171 3777 2274 3831 est,
2305 3767 2667 3837 genealogiam
2697 3767 2883 3829 ordiri,
2919 3775 3046 3821 utet
3073 3782 3139 3822 ex
3158 3768 3259 3821 hoc
3286 3767 3482 3829 discas,
3513 3778 3764 3836 quantam

2179 3860 2320 3914 Deus
2347 3858 2567 3912 humani
2611 3860 2826 3928 generis
2855 3859 3115 3913 rationem
3151 3858 3346 3913 habent
3367 3900 3382 3924 ,
3412 3869 3465 3913 et
3491 3860 3766 3930 quomodo

2181 3948 2300 4002 illos
2323 3958 2635 4011 aversetur,
2667 3949 2857 4018 quibus
2895 3948 3233 4017 sanguinaria
3285 3963 3436 4004 ltlL‘llS
3479 3958 3579 4002 est.
3636 3949 3766 4003 Nam

2183 4040 2392 4094 illorum
2421 4041 2752 4106 memoriam,
2797 4041 2948 4110 quasi
2975 4055 3260 4110 numquam
3287 4041 3561 4106 vixissent,
3593 4042 3663 4095 ita
3698 4043 3769 4095 si-

2183 4133 2349 4186 lentio
2377 4131 2610 4201 pra-terit
2655 4149 2668 4184 :
2707 4131 3058 4187 monstrando
3097 4133 3250 4186 nobis
3277 4148 3435 4202 quam
3465 4147 3626 4203 grave
3657 4149 3769 4186 uiu-

2185 4222 2292 4275 lum
2316 4223 2385 4275 sit
2407 4231 2704 4290 peccatum,
2733 4220 2875 4292 quod
2902 4222 2990 4290 qui
3013 4222 3426 4290 amplectuntur,
3453 4237 3512 4274 se
3541 4223 3768 4289 primum

2185 4327 2236 4366 et
2273 4315 2503 4368 ttiaxiiue
2549 4313 2910 4381 pessumdant.
2963 4313 3099 4367 Ecce
3137 4313 3285 4369 enim
3328 4313 3403 4366 illi
3454 4328 3484 4366 e
3529 4313 3772 4382 catalogo

2185 4415 2522 4474 expunguutu
2536 4428 2577 4467 r,
2605 4414 2658 4458 et
2684 4413 2906 4458 eatenus
2947 4413 3150 4458 tantum
3200 4415 3689 4458 contntctntwantur
3715 4418 3772 4459 ut

2190 4496 2472 4550 infametur
2514 4496 2748 4564 ipsorum
2794 4495 3013 4560 malitia,
3045 4503 3096 4548 et
3128 4495 3512 4564 posterioribus
3563 4497 3772 4549 szeeulis

2188 4586 2574 4641 emendationis
2611 4586 2719 4638 sint
2742 4586 2975 4640 occasio.
3013 4585 3192 4654 Atqui
3242 4584 3436 4652 injuste
3462 4586 3688 4648 occisus,
3723 4596 3777 4640 ct

2190 4677 2421 4736 fraterna
2449 4691 2606 4730 manu
2631 4675 2979 4744 interemptus
3008 4683 3110 4740 est,
3140 4690 3204 4728 ex
3245 4690 3308 4728 eo
3339 4684 3579 4744 tempore
3607 4691 3777 4745 usque

2192 4770 2246 4824 in
2291 4770 2391 4823 boc
2417 4777 2687 4834 nostrum,
2728 4768 2966 4822 omnium
3015 4767 3327 4821 decantatur
3355 4783 3449 4821 ore
3473 4808 3486 4832 ,
3520 4776 3576 4822 et
3605 4781 3779 4836 neque

2193 4846 2404 4930 tempus
2428 4859 2585 4930 huius
2608 4859 2917 4914 memoriam
2935 4857 3206 4924 exstinxit,
3232 4873 3402 4926 neque
3418 4858 3560 4912 illius
3576 4859 3780 4914 crimen

2194 4951 2455 5006 imminuit
2486 4969 2498 5003 :
2529 4950 2623 5004 sed
2653 4959 2707 5004 et
2737 4950 2822 5004 hic
2845 4949 3088 5018 quotidie
3114 4949 3353 5004 omnium
3396 4963 3488 5004 ore
3501 4949 3774 5021 Jmcdica-

2197 5055 2298 5106 tur,
2332 5055 2384 5099 et
2409 5043 2500 5114 ille
2521 5043 2778 5097 continue
2809 5042 3119 5095 infamatur.

2274 5134 2441 5188 Virtus
2467 5150 2530 5188 ex
2569 5132 2809 5187 (erumnis
2838 5133 2896 5201 fit
2944 5131 3208 5186 illustrior.
3250 5123 3390 5197 Quid
3417 5131 3482 5185 sit
3506 5131 3782 5188 secundum

2193 5229 2458 5298 imaginem
2508 5226 2608 5280 Dei
2653 5225 2833 5279 creari.
2886 5253 2958 5265 —
3004 5222 3223 5279 Vidistis
3265 5233 3518 5294 quantum
3566 5225 3782 5279 malitia:

2195 5322 2467 5386 damnum,
2511 5331 2564 5373 et
2608 5326 2864 5388 quantum
2912 5317 3124 5371 virtutis
3152 5316 3359 5370 robur?
3406 5325 3460 5370 et
3513 5315 3782 5384 quomodo

2197 5413 2414 5480 tnalitia,
2445 5415 2603 5469 etiam
2655 5413 2697 5464 si
2741 5409 3034 5466 infestctct
3077 5408 3402 5474 dominetur,
3430 5408 3782 5475 exstinguitur

2201 5513 2378 5557 tamen
2421 5513 2471 5558 et
2504 5501 2748 5555 aboletur
2775 5517 2788 5552 :
2819 5500 2988 5552 virtus
3019 5508 3196 5552 autem
3224 5497 3347 5550 licet
3399 5497 3700 5560 infestetur,
3733 5505 3781 5548 et

2203 5578 2477 5650 innumera
2509 5591 2687 5663 gravia
2717 5589 2998 5655 sustineat,
3029 5604 3090 5643 ea
3122 5588 3403 5643 occasione
3431 5587 3690 5642 illuSLrior
3725 5590 3782 5642 lit

2272 5780 2344 5844 (a)
2382 5777 2493 5827 \‘ide
2518 5773 2652 5825 Prmf.
2679 5776 2807 5824 Tomi
2834 5775 2992 5835 huius,
3015 5771 3041 5838 ς
3066 5777 3137 5820 ιγ.
