4068 6414
316 421 386 473 77
1347 420 1410 474 IN
1450 419 1602 475 CAP.
1650 419 1710 473 γ.
1752 418 2001 475 CENES.
2048 422 2273 479 llOMlL
2309 423 2447 481 XXI.

277 540 333 585 et
354 530 591 585 clarior?
621 530 884 586 Etliceret
914 530 1126 600 quidem
1155 528 1255 585 hoc
1289 531 1447 585 etiam
1467 546 1531 585 ex
1560 530 1677 583 aliis
1703 528 1866 598 gestis

278 638 401 690 qua:
440 622 686 676 similiter
714 629 1004 676 evenerunt
1045 620 1253 675 caritati
1293 629 1487 674 vestra:
1531 618 1815 675 ostendere
1853 637 1863 675 ε

277 713 461 766 sedne
487 713 552 765 ab
581 713 821 767 instituto
833 712 1409 782 nostrodigrediamur,
1431 727 1528 783 age
1550 710 1728 765 denuo
1747 727 1863 779 quas

275 805 420 857 dicta
447 811 572 858 sunt
597 813 916 872 repetamus.
968 802 1073 858 Iste
1100 814 1172 858 est
1198 805 1323 858 liber
1346 803 1678 875 generationis
1704 802 1863 854 Itami-

276 910 420 959 num,
461 895 543 947 die
576 910 675 963 quo
700 896 815 965 fecit
858 895 995 949 Deus
1036 895 1199 948 Adam
1226 936 1243 962 ,
1274 896 1549 949 secundum
1596 895 1865 964 imaginem

282 987 373 1041 Dei
415 989 534 1058 fecit
559 989 745 1053 illum;
789 987 1068 1041 masculum
1108 997 1156 1043 et
1199 990 1439 1059 [catinum
1488 988 1605 1057 fecit
1632 987 1749 1040 illos
1774 1001 1791 1049 ;
1817 998 1865 1039 et

274 1080 548 1148 appellavit
570 1097 747 1134 nomen
774 1097 945 1134 eorum
972 1081 1154 1147 Adam,
1181 1081 1263 1134 die
1288 1097 1387 1151 quo
1416 1082 1531 1152 fecit
1562 1081 1696 1134 illos.
1731 1079 1863 1135 \‘ide

271 1171 542 1238 quomodo
567 1172 759 1225 iterum
790 1172 1098 1226 narratione
1126 1172 1197 1226 ab
1228 1171 1377 1225 initio
1405 1171 1652 1240 repetita,
1689 1171 1863 1223 divina

271 1260 545 1329 Scriptura
593 1262 747 1316 nobis
792 1271 1179 1317 commemorat
1226 1276 1481 1332 quantum
1524 1266 1778 1315 honorem
1833 1276 1873 1313 a'

270 1351 566 1406 llouditore
597 1352 817 1407 sortitus
845 1354 914 1408 sit
964 1353 1167 1408 homo-
1192 1352 1287 1407 Die
1335 1370 1453 1424 quo,
1508 1353 1716 1422 inquit,
1750 1352 1864 1421 fecit

271 1442 468 1509 Adam,
494 1444 768 1497 secundum
815 1445 1084 1514 imaginem
1117 1444 1212 1499 Dei
1261 1447 1374 1516 fecit
1422 1446 1564 1499 illum
1595 1462 1614 1498 :
1638 1445 1740 1499 hoc
1781 1453 1863 1497 est

270 1534 569 1604 principem
620 1536 763 1589 illum
811 1537 1085 1591 constituit
1113 1538 1352 1591 omnium
1398 1537 1707 1591 visibilium.
1754 1535 1863 1589 lloc

268 1623 412 1677 enim
460 1633 543 1679 est
578 1624 871 1679 Secundum
925 1628 1216 1697 imaginem,
1262 1628 1555 1682 secundum
1602 1627 1860 1680 rationem

268 1713 493 1769 dominii
520 1724 576 1770 ct
594 1717 941 1787 principatus.
968 1717 1101 1772 Nam
1133 1719 1271 1773 sicut
1299 1720 1536 1772 onmium
1560 1717 1699 1771 Deus
1718 1717 1860 1786 prin-

266 1805 502 1875 cipatum
534 1807 693 1861 habet
721 1823 879 1878 super
904 1810 1082 1864 omnia
1107 1821 1212 1864 tam
1240 1809 1465 1865 visibilia
1488 1824 1646 1880 quam
1673 1808 1855 1863 invisi-

267 1895 417 1963 bilia,
452 1897 545 1965 qui
573 1898 810 1952 omnium
854 1898 1099 1954 conditor
1126 1910 1181 1954 et
1208 1900 1379 1969 opifex
1415 1910 1496 1955 est
1523 1916 1539 1952 :
1568 1901 1646 1955 sic
1667 1907 1718 1955 et
1737 1915 1860 1953 cum

270 1986 526 2040 formavit
547 1988 803 2044 rationale
824 1989 935 2044 hoc
962 1991 1183 2055 animal,
1217 1990 1383 2045 voluit
1407 1991 1648 2046 omnium
1681 1991 1859 2044 visibi-

271 2078 400 2131 lium
424 2077 745 2149 praefcctura
768 2080 973 2151 insigne
996 2096 1135 2136 esse.
1162 2081 1391 2137 Proinde
1418 2091 1474 2137 et
1507 2082 1701 2135 animae
1731 2080 1859 2134 sub-

266 2172 517 2225 stantiam
547 2172 626 2226 illi
670 2172 887 2241 largitus
916 2182 1020 2239 est,
1062 2173 1246 2228 volens
1288 2175 1459 2244 ipsum
1504 2176 1858 2229 immortalem

279 2275 399 2316 esse
437 2271 496 2316 et
528 2272 841 2331 perpetuum
868 2280 886 2319 :
913 2279 1099 2319 verum
1129 2264 1215 2319 ubi
1246 2280 1342 2335 per
1365 2267 1620 2321 desidiam
1642 2268 1857 2336 excidit,

263 2360 316 2405 et
344 2363 708 2422 :rausgressus
735 2362 819 2409 est
843 2354 1147 2410 mandatum
1165 2356 1265 2411 sibi
1287 2356 1558 2423 traditum,
1584 2372 1758 2427 neque
1771 2359 1847 2414 sic

262 2442 487 2496 omnino
514 2444 684 2511 ipsum
712 2453 987 2501 aversatus
1010 2455 1094 2500 est
1122 2463 1136 2499 :
1168 2446 1260 2501 sed
1292 2461 1388 2516 pro
1415 2462 1511 2503 sua
1543 2449 1850 2525 misericor-

263 2530 351 2585 dia
379 2532 840 2589 immortalitatem
868 2536 1081 2605 quidem
1109 2536 1185 2591 illi
1232 2538 1452 2603 ademit,
1477 2548 1650 2595 morte
1678 2550 1856 2595 autem

261 2621 571 2679 damnatum
596 2625 649 2680 in
669 2627 861 2682 eodem
889 2627 1057 2684 ferme
1081 2629 1380 2699 principatu
1402 2631 1634 2701 reliquit.
1657 2631 1859 2688 Deinde

267 2728 389 2767 cum
430 2714 476 2769 is
500 2716 595 2785 qui
620 2732 684 2771 ex
720 2717 811 2772 illo
837 2728 994 2774 natus
1022 2728 1140 2774 erat
1174 2720 1227 2774 in
1260 2728 1458 2775 tantam
1487 2721 1729 2792 prorupit
1778 2723 1857 2777 in-

260 2804 491 2869 saniam,
522 2814 583 2860 ut
606 2807 811 2875 primus
836 2810 1024 2864 mortis
1052 2812 1288 2880 speciem
1314 2811 1613 2880 inveberet,
1646 2815 1854 2869 violen-

268 2904 376 2950 tam
404 2897 555 2952 illam
587 2898 789 2954 aedem
816 2900 1115 2969 exhiberet,
1156 2917 1221 2957 ac
1247 2903 1379 2959 caedi
1405 2903 1739 2959 mendacium
1765 2919 1856 2959 co-

266 2989 475 3057 pulatis,
494 3005 740 3061 magnam
762 2991 1158 3063 improbitatem
1181 3010 1290 3064 prae
1315 3010 1374 3049 se
1396 2993 1579 3061 ferret,
1604 2996 1854 3052 diuturna

258 3080 606 3149 castigatione
634 3082 920 3137 emendare
945 3083 1095 3137 illum
1124 3084 1310 3147 voluit,
1339 3094 1397 3138 ut
1424 3100 1529 3140 non
1558 3084 1733 3141 solum
1760 3086 1852 3140 ille

259 3170 463 3225 lucrum
492 3170 686 3226 faeciet
712 3173 859 3227 exiis
883 3188 1001 3243 quae
1027 3175 1124 3242 ipsi
1140 3174 1535 3244 contingebant,
1561 3176 1654 3229 sed
1673 3184 1727 3230 et
1754 3191 1850 3246 po-

258 3269 431 3315 cteros
455 3259 673 3317 docciet
696 3263 1100 3318 commissorum
1124 3263 1563 3334 magnitudinem,
1586 3274 1639 3319 et
1668 3265 1853 3335 ingen-

259 3360 365 3407 tem
412 3352 633 3408 sceleris
676 3353 988 3410 fmditatem.
1029 3355 1294 3410 Cancrum
1343 3357 1465 3427 quia
1510 3372 1623 3427 pra:
1662 3374 1851 3429 magna

260 3442 468 3513 ignavia
491 3444 687 3513 posteri
707 3460 917 3514 quoque
939 3444 1081 3499 illius
1100 3447 1349 3517 paulatim
1374 3448 1424 3501 in
1446 3449 1689 3517 graviora
1714 3450 1847 3502 mala

259 3534 502 3600 ruebant,
523 3535 726 3599 volens,
750 3544 807 3590 ut
828 3538 897 3591 ita
915 3536 1109 3605 dicam,
1133 3539 1293 3594 solari
1319 3539 1603 3605 Adamum,
1628 3542 1718 3613 qui
1744 3558 1847 3596 non

256 3625 428 3682 solum
455 3626 527 3682 ob
546 3642 693 3681 suam
718 3630 1199 3700 transgressionem
1215 3631 1347 3687 adeo
1373 3632 1651 3697 manebat,
1677 3634 1769 3690 sed
1794 3643 1850 3689 et

256 3718 323 3771 oh
345 3718 601 3788 ﬂagitium
620 3719 770 3774 Caini
789 3721 841 3774 in
862 3722 1004 3776 luctu
1022 3722 1339 3778 intolerabili
1359 3725 1687 3790 versabatur,
1708 3728 1846 3795 quod

256 3809 364 3864 suis
396 3810 511 3880 ipso
556 3810 725 3866 oculis
758 3827 957 3867 cassum
1003 3814 1134 3869 Abel
1164 3815 1385 3870 vidisset
1427 3832 1443 3871 :
1474 3832 1650 3886 neque
1699 3819 1842 3872 enim

254 3904 446 3958 mortis
474 3905 708 3973 speciem
737 3905 997 3970 sciebant,
1025 3908 1231 3961 tametsi
1258 3907 1359 3962 lata
1382 3918 1524 3964 esset
1546 3913 1805 3965 sententia
1830 3928 1841 3963 :

258 3995 395 4049 unde
419 4004 475 4048 et
494 3993 685 4063 duplex
721 3996 793 4049 illi
820 4011 881 4050 ac
915 3997 1105 4066 triplex
1134 3998 1307 4053 luctus
1346 3999 1551 4058 aderat.
1583 4004 1702 4071 quia
1739 4002 1845 4070 pri-

259 4101 401 4138 mum
426 4085 674 4139 viderunt
700 4076 925 4141 mertcm
955 4088 1007 4141 in
1033 4090 1191 4143 vitam
1240 4090 1619 4157 introductam,
1652 4102 1707 4146 et
1735 4094 1843 4145 vio-

260 4176 455 4230 lentam
481 4185 727 4243 tnortem,
759 4186 815 4236 et
839 4192 868 4231 a
896 4178 1004 4233 lilio
1027 4170 1408 4249 perpetratum,
1460 4191 1514 4236 et
1544 4182 1594 4235 in
1624 4182 1840 4236 fratrem

255 4268 443 4321 eodem
492 4275 642 4337 patre
687 4267 981 4341 eademque
1029 4282 1198 4326 matre
1241 4281 1442 4336 natum,
1476 4274 1564 4343 qui
1613 4275 1739 4327 nihil
1770 4275 1843 4327 illi

257 4357 462 4427 injurim
494 4358 761 4413 intulisset
791 4380 805 4414 :
834 4361 1022 4415 volens
1041 4376 1169 4431 ergo
1201 4363 1458 4433 benignus
1489 4365 1627 4419 Deus
1662 4381 1842 4434 parem

255 4447 531 4501 doloribus
554 4446 744 4504 afferre
768 4452 1209 4515 consolationem.
1236 4456 1398 4508 alium
1432 4457 1505 4509 illi
1536 4458 1623 4511 dat
1654 4457 1839 4525 filium,

255 4538 380 4595 Sctlt
410 4539 690 4603 videlicet;
720 4553 882 4611 atque
911 4545 1034 4600 hinc
1060 4548 1159 4617 ipsi
1182 4547 1301 4600 data
1327 4549 1613 4604 sufficienti
1642 4568 1841 4607 conso-

257 4629 472 4697 latione,
496 4633 672 4691 abillo
692 4648 871 4706 postea
890 4638 1159 4707 p'ogeniei
1180 4640 1382 4693 in'tium
1406 4640 1570 4694 ducit.
1595 4641 1844 4711 Propter-

254 4738 317 4779 ea
353 4725 542 4781 beatus
567 4728 822 4798 propheta
862 4731 941 4784 sic
966 4745 1189 4785 exorsus
1226 4740 1327 4793 θεν,
1374 4731 1555 4786 dicens
1585 4752 1596 4787 :
1636 4733 1744 4788 Iste
1767 4746 1841 4789 est

257 4814 379 4868 liber
406 4820 1073 4905 genaationivltOiiiiiiuin.
1133 4821 1351 4884 Deinde,
1383 4833 1438 4874 ut
1489 4826 1730 4893 promisit
1783 4842 1841 4881 se

256 4916 593 4968 narraturum
625 4911 897 4965 hominum
926 4913 1348 4981 generationem,
1400 4917 1521 4971 vide
1568 4934 1669 4987 qua
1700 4920 1840 4974 serie

256 4999 438 5053 utitur.
464 5001 517 5055 3.
564 4999 696 5055 Vixit
722 5004 885 5057 Adam
914 5006 1059 5058 annis
1088 5005 1314 5060 ducentis
1335 5010 1559 5076 triginta,
1590 5019 1635 5062 et
1664 5014 1837 5081 genuit

253 5092 531 5145 secundum
554 5095 959 5161 specimu.sram,
990 5106 1037 5149 et
1063 5098 1336 5151 secundum
1362 5100 1632 5171 imaginem
1662 5120 1840 5166 suam;

250 5192 293 5261 et
325 5183 596 5250 appellavit
619 5201 796 5238 nomen
812 5186 950 5239 illius
976 5186 1119 5239 Sella.
1149 5188 1200 5240 4.
1238 5187 1465 5241 Fuerunt
1495 5201 1657 5244 autem
1679 5194 1839 5262 ipsius

254 5273 373 5325 anni
400 5274 716 5345 septingenti,
741 5285 788 5330 et
812 5279 980 5347 genuit
1007 5278 1141 5346 ﬁlius
1164 5289 1210 5333 et
1229 5280 1383 5347 ﬁlias.
1410 5282 1462 5337 5.
1492 5282 1555 5337 Et
1584 5284 1706 5352 facti
1724 5296 1840 5341 sunt

254 5376 424 5414 omnes
448 5364 554 5415 dies
581 5364 762 5430 Adam,
785 5368 907 5419 anni
934 5370 1169 5437 nongenti
1184 5372 1411 5441 triginta,
1432 5387 1477 5427 et
1495 5389 1717 5429 mortuus
1740 5389 1833 5431 est.

321 5452 374 5504 ὅ.
410 5449 558 5505 Nihil
578 5454 766 5524 frustra
789 5458 1002 5524 positum
1024 5459 1076 5512 in
1098 5461 1365 5530 Scriptura
1389 5479 1555 5517 sacra.
1571 5466 1838 5524 —Nonne

255 5536 389 5596 bene
404 5541 645 5599 dicebam
663 5545 712 5598 in
728 5547 950 5601 exordio
968 5551 1251 5617 sermonis,
1278 5552 1403 5606 nihil
1423 5570 1546 5610 esse
1566 5564 1764 5611 temere
1784 5569 1838 5612 et

255 5631 453 5699 alisque
475 5631 696 5687 utilitate
718 5635 769 5687 in
790 5651 937 5691 sacra
962 5639 1232 5708 Scriptura
1252 5644 1478 5709 positum
1494 5644 1519 5699 ἲ
1538 5645 1672 5699 Ecce
1692 5646 1833 5700 enim

246 5728 297 5774 et
319 5732 672 5790 nuncquanta
693 5725 960 5797 diligentia
988 5745 1113 5807 usus
1134 5742 1209 5785 ρει
1237 5732 1420 5787 beatus
1443 5736 1530 5791 ille
1554 5737 1830 5805 pr0pheta.

248 5807 458 5885 Genua,
483 5812 671 5885 inquit,
697 5813 855 5871 Adam
872 5821 1145 5875 secundum
1166 5824 1379 5892 spcciem
1400 5842 1558 5891 suam,
1588 5837 1634 5881 et
1658 5844 1804 5883 secun

3462 412 3563 467 178

1978 530 2099 579 (tum
2114 530 2382 601 imaginem
2395 550 2560 600 mam,
2575 543 2624 592 et
2632 534 2909 607 appellavit
2920 549 3102 588 nomen
3119 532 3259 588 illius
3276 532 3420 588 Sam.
3436 532 3565 587 Cum

1973 620 2039 674 de
2066 620 2242 690 priore
2268 621 2576 690 loqueretur
2599 621 2709 675 lilio
2731 663 2744 686 ,
2771 618 2901 675 Cain
2927 622 3049 676 dico
3068 663 3085 689 ,
3112 620 3240 675 nihil
3272 622 3376 677 tale
3405 624 3569 693 signi-

1971 716 2147 769 liravit
2192 715 2442 769 nimirum
2478 714 2590 784 jam
2629 723 2786 771 antea
2832 714 3072 769 indicans
3102 715 3245 770 illius
3275 715 3327 768 in
3367 715 3564 771 malum

1972 808 2394 875 proclivitatcm;
2424 817 2477 863 et
2503 808 2732 863 merito:
2765 821 2870 863 non
2894 808 3036 862 enim
3064 806 3300 863 servavit
3320 816 3568 877 paternos

1972 916 2165 966 mores,
2194 902 2286 954 sed
2318 900 2558 970 protinus
2586 900 2653 955 ad
2685 900 2939 955 malitiam
2969 899 3227 971 confugit.
3263 899 3361 954 llic
3387 907 3567 957 autem

1972 989 2178 1058 inquit,
2228 990 2524 1044 Secundum
2583 991 2801 1058 speciem
2848 1000 2896 1045 et
2951 990 3230 1044 secundum
3296 991 3569 1060 imaginem

1969 1095 2111 1131 suam
2135 1120 2149 1143 ,
2183 1079 2283 1133 hoc
2321 1088 2400 1133 est
2426 1120 2443 1146 ,
2482 1080 2796 1135 eorumdcm
2841 1095 3087 1144 tuorum,
3118 1080 3311 1148 quibus
3350 1081 3438 1135 ille
3478 1081 3568 1150 qui

1968 1180 2241 1239 genuerat,
2271 1180 2325 1224 et
2350 1172 2437 1241 qui
2465 1179 2706 1227 servaret
2725 1172 2941 1227 eosdem
2967 1171 3178 1226 virtutis
3204 1171 3564 1236 characteres,

1969 1262 2053 1328 qui
2089 1270 2362 1330 paternam
2397 1260 2682 1332 imaginem
2713 1257 2965 1331 aperibus
2992 1264 3356 1330 exprimeret,
3388 1272 3440 1317 et
3470 1264 3560 1333 qui

1968 1365 2060 1403 sua
2095 1351 2290 1405 virtute
2320 1352 2514 1420 prioris
2554 1363 2831 1420 peccatum
2870 1367 3121 1421 reparare
3162 1353 3353 1422 possit.
3380 1351 3566 1421 Neque

1966 1440 2108 1493 enim
2158 1440 2227 1495 de
2272 1442 2642 1509 ctirporalibus
2690 1442 3027 1496 lineamentis
3069 1453 3121 1497 et
3166 1442 3565 1499 characteribus

1967 1530 2240 1601 Scriptura
2269 1532 2423 1587 uohis
2463 1534 2738 1588 disserens
2762 1574 2776 1597 ,
2820 1534 2947 1587 dicit
2973 1550 2986 1588 :
3021 1533 3315 1587 Secundum
3345 1535 3563 1604 speciem

1964 1639 2143 1688 suam,
2188 1632 2234 1676 et
2277 1624 2555 1677 secundum
2607 1624 2878 1693 imaginem
2926 1640 3070 1679 suam
3098 1640 3117 1678 :
3163 1624 3257 1680 sed
3302 1623 3371 1679 de
3419 1632 3560 1678 statu

1965 1716 2178 1781 animae,
2212 1725 2270 1769 ut
2311 1717 2580 1769 discamus
2624 1717 2765 1770 hunc
2808 1732 2909 1770 non
2948 1716 3107 1771 talem
3138 1732 3259 1771 esse
3294 1715 3558 1770 futurum.

1966 1804 2089 1860 Ideo
2116 1816 2171 1860 et
2200 1816 2371 1861 mater
2402 1823 2596 1861 nomen
2628 1808 2736 1860 filio
2768 1807 3048 1876 imponens
3074 1846 3090 1871 ,
3123 1821 3242 1860 cum
3269 1806 3557 1875 gratiarum

1964 1898 2172 1952 actione
2201 1898 2304 1952 hoc
2333 1914 2527 1954 nomen
2555 1899 2746 1975 indidit
2776 1917 2788 1953 :
2834 1906 2889 1953 et
2917 1914 3089 1968 neque
3120 1909 3358 1965 natum,
3390 1912 3561 1969 neque

1965 1990 2139 2058 partui
2168 1990 2422 2046 adscribit
2454 2000 2632 2045 natum
2667 2007 2887 2060 puerum
2913 2034 2926 2055 ,
2970 1991 3063 2045 sed
3098 1991 3191 2048 Dei
3233 1992 3435 2045 virtuti.
3469 1992 3559 2045 Illa

1964 2082 2107 2137 cnim
2138 2091 2378 2137 naturam
2425 2084 2727 2138 fecundavit
2769 2083 2835 2135 ad
2865 2092 3094 2151 partum,
3125 2092 3178 2136 et
3208 2083 3282 2135 ait
3311 2100 3325 2137 :
3355 2080 3558 2153 Cogno-

1963 2172 2169 2226 minavit
2196 2190 2377 2227 nomen
2408 2175 2547 2227 illius
2574 2172 2698 2228 Seth
2720 2215 2735 2238 ,
2768 2174 2936 2227 dicens
2960 2188 2980 2227 :
3006 2172 3256 2226 Excitavit
3282 2173 3415 2226 enim
3437 2174 3559 2226 milii

1962 2261 2103 2317 Dens
2142 2280 2309 2317 semen
2353 2264 2494 2317 aliud
2535 2280 2627 2334 pro
2656 2263 2807 2327 Abel,
2850 2279 2995 2330 quem
3033 2263 3216 2316 occidit
3250 2262 3374 2316 Cain
3403 2261 3553 2336 (Gen.

1963 2358 2018 2410 4.
2044 2357 2158 2425 95).
2190 2356 2321 2410 Vide
2350 2356 2495 2410 verbi
2522 2355 2871 2425 diligentiam.
2900 2354 3016 2408 Non
3043 2353 3178 2409 dixit
3201 2372 3215 2408 :
3248 2353 3399 2409 Dedit
3426 2354 3555 2408 mihi

1965 2447 2135 2501 Deus:
2172 2445 2287 2512 sed,
2325 2446 2573 2500 Excitavit
2601 2446 2744 2498 mihi.
2777 2444 3007 2499 Attende
3037 2444 3303 2513 quomodo
3330 2443 3557 2498 obscure

1964 2538 2116 2591 nobis
2148 2537 2247 2591 hoc
2284 2537 2447 2590 verbo
2489 2536 2897 2591 resurrectionis
2924 2533 3141 2589 exordia
3187 2534 3274 2588 hic
3303 2535 3554 2588 ostendit.

1962 2627 2036 2680 Ita
2062 2625 2205 2681 enim
2247 2627 2562 2697 loquebatur
2591 2640 2652 2680 ac
2699 2626 2741 2679 si
2772 2628 2893 2694 quis
2936 2624 3177 2679 diceret:
3224 2624 3328 2678 Pro
3370 2640 3437 2679 eo
3465 2626 3554 2694 qui

1960 2720 2171 2786 cecidit,
2201 2720 2451 2789 excitavit
2477 2720 2604 2773 mihi
2633 2720 2792 2774 hunc.
2823 2718 3154 2789 Quamquam
3184 2717 3274 2772 ille
3294 2760 3309 2786 ,
3344 2719 3553 2788 inquit,

1960 2810 2012 2863 in
2045 2818 2241 2863 terram
2283 2810 2470 2863 dextra
2502 2810 2678 2863 fratris
2704 2823 2988 2878 percussus
3024 2809 3214 2863 cecidit
3238 2850 3251 2871 ,
3284 2818 3338 2863 et
3368 2809 3557 2864 mortis

1932 2968 1937 2969 ί
1962 2901 2251 2970 periculum
2277 2902 2422 2963 fecit,
2456 2909 2629 2956 tamen
2663 2902 2753 2957 Dei
2780 2901 2950 2955 virtus
2974 2916 3068 2971 pro
3090 2915 3231 2955 ca‘so
3260 2901 3399 2956 hunc
3424 2900 3553 2956 mihi

1958 3004 2065 3046 SUSt
2086 2992 2251 3044 itatit.
2281 2991 2384 3045 Sed
2411 2992 2532 3061 quia
2565 2991 2798 3045 nondum
2832 3000 3041 3060 tempus
3063 3000 3180 3045 erat
3206 2994 3552 3048 resurrectio~

1958 3084 2062 3147 nis,
2116 3100 2221 3136 non
2268 3094 2535 3137 mortuum
2583 3084 2877 3148 suscitavit,
2927 3084 3020 3138 sed
3064 3085 3224 3137 alium
3271 3099 3369 3153 pro
3418 3084 3547 3139 illo:

1958 3174 2304 3243 quamobrem
2334 3187 2385 3228 et
2414 3176 2524 3245 ipsa
2555 3175 2727 3230 dixit:
2761 3175 3041 3230 Suscitavit
3066 3176 3190 3229 mihi
3219 3174 3356 3231 Deus
3383 3192 3551 3233 semen

1957 3263 2097 3317 aliud
2124 3281 2217 3333 pro
2245 3264 2399 3329 Abel,
2426 3282 2570 3337 quem
2600 3266 2779 3320 occidit
2806 3265 2954 3321 Cain.
2987 3266 3177 3321 Vidisti
3204 3276 3413 3338 gratum
3437 3283 3553 3323 mu-

1958 3357 2104 3410 lieris
2149 3357 2425 3411 animum?
2469 3358 2646 3412 vidisti
2695 3357 3074 3428 benignitatem
3126 3357 3371 3412 Domini?
3419 3372 3554 3428 quo-

1958 3446 2117 3501 modo
2172 3449 2521 3504 acccleratam
2572 3449 2676 3502 illis
2725 3449 3146 3503 consolationem
3198 3449 3546 3519 excogitavit.

1956 3538 2104 3594 Hanc
2134 3540 2405 3595 imitemur
2430 3555 2619 3595 omnes
2644 3582 2657 3603 ,
2687 3550 2743 3595 et
2773 3548 2939 3594 totum
2970 3556 3214 3610 superna:
3241 3542 3426 3611 gratiae.
3452 3545 3545 3594 tri.

1955 3631 2196 3685 buamus.
2238 3630 2371 3685 Nam
2408 3631 2533 3686 licet
2570 3639 2756 3685 natura
2802 3640 3073 3700 operetur,
3106 3645 3211 3684 non
3244 3639 3420 3684 tamen
3453 3646 3544 3687 sua

1957 3722 2173 3782 virtute,
2205 3720 2299 3775 sed
2327 3720 2781 3789 prmceptoillius,
2811 3720 2898 3789 qui
2930 3720 3095 3788 ipsam
3120 3719 3263 3785 fecit,
3293 3720 3546 3774 obcdieus

1954 3820 2225 3881 operatur.
2272 3810 2336 3864 Et
2362 3824 2647 3880 numquam
2678 3810 2892 3864 doleant
2922 3810 3173 3864 mulieres
3201 3808 3412 3880 quando
3440 3826 3548 3864 non

1954 3904 2183 3971 pariunt,
2215 3901 2307 3957 sed
2336 3912 2546 3973 gratum
2575 3903 2810 3957 animum
2846 3917 2954 3971 prce
2982 3917 3040 3956 se
3068 3901 3318 3969 ferentes,
3351 3902 3417 3957 ad
3449 3919 3547 3956 na-

1954 4004 2084 4047 tura:
2114 3994 2373 4063 Opificem
2406 3993 2746 4064 confugiant;
2772 4002 2827 4048 et
2855 3993 2921 4048 ab
2950 3994 3039 4047 illo
3069 4003 3287 4062 petant,
3328 3994 3418 4064 qui
3450 4009 3545 4049 na-

1950 4094 2084 4141 tura:
2114 4086 2371 4141 Dominus
2397 4095 2515 4152 est;
2560 4095 2613 4140 et
2657 4100 2830 4155 neque
2867 4086 3152 4155 eunjngum
3194 4086 3545 4156 congressui,

1954 4195 2126 4249 neque
2151 4178 2301 4233 alteri
2330 4179 2559 4247 cuipiam
2592 4178 2665 4232 rei
2698 4178 2925 4232 filiorum
2954 4179 3213 4246 imputent
3243 4176 3547 4246 generatio-

1952 4287 2072 4325 nem
2095 4314 2110 4336 ,
2141 4271 2233 4326 sed
2276 4269 2548 4325 Conditori
2580 4270 2817 4323 omnium
2842 4309 2856 4334 ,
2885 4269 2973 4339 qui
3004 4286 3068 4323 ex
3102 4270 3269 4323 nihilo
3302 4279 3543 4325 naturam

1953 4370 2185 4417 nostram
2216 4360 2464 4430 produxit
2491 4373 2545 4414 ut
2571 4369 2751 4425 esset,
2780 4369 2833 4413 et
2857 4360 3245 4414 claudicantem
3274 4362 3542 4431 corrigere

1952 4463 2125 4523 potest
2151 4471 2163 4505 :
2192 4451 2617 4522 quandoquidem
2640 4460 2692 4505 et
2714 4450 2810 4505 ista
2836 4465 2898 4504 ex
2923 4451 3203 4504 occasione
3232 4451 3408 4505 luctus
3436 4453 3543 4506 Deo

1948 4546 2168 4615 gloriam
2214 4543 2483 4598 referendi
2517 4543 2743 4611 sumpsit
2784 4550 3177 4611 argumentum,
3218 4550 3273 4596 et
3318 4542 3545 4597 Domino

1951 4646 2116 4691 totum
2150 4636 2347 4699 tribuit,
2375 4635 2593 4689 dicens:
2627 4633 2873 4687 Excittmit
2902 4633 3026 4686 milii
3059 4632 3194 4687 Deus
3211 4651 3381 4688 semen
3400 4636 3543 4690 aliud

1951 4744 2043 4798 pro
2075 4724 2197 4779 Abel
2215 4768 2231 4793 ,
2262 4742 2413 4795 quem
2438 4724 2620 4778 occidit
2645 4722 2791 4778 Cain.
2826 4722 2988 4778 Vides
3014 4724 3284 4793 quomodo
3312 4741 3414 4778 non
3446 4740 3539 4779 so-

1950 4817 2055 4871 lum
2087 4831 2190 4870 non
2230 4815 2487 4885 gravatim
2517 4815 2669 4879 tulit,
2704 4829 2874 4881 neque
2909 4813 3058 4867 triste
3086 4814 3284 4884 al'qnid
3326 4815 3540 4882 loquuta

1948 4916 2033 4963 est
2061 4908 2186 4979 (non
2216 4909 2355 4961 enim
2385 4908 2813 4977 pra-termisissct
2840 4903 3018 4959 divina
3044 4906 3346 4974 Scriptura,
3376 4906 3543 4974 siqui-

1950 5002 2070 5056 dem
2103 5002 2204 5054 tale
2232 5000 2483 5070 quiddam
2516 4999 2580 5052 :zb
2622 5000 2705 5051 illa
2738 4999 2936 5052 dictum
2970 4997 3205 5067 fuisset),
3239 4993 3419 5052 verum
3443 5015 3532 5070 ge-

1948 5107 2141 5148 nerose
2186 5093 2361 5146 ferens
2406 5090 2546 5159 quod
2600 5091 2897 5151 acciderat,
2946 5089 3317 5143 consolatione
3362 5090 3540 5144 statim

1946 5187 2228 5256 dignatur,
2258 5194 2312 5238 et
2356 5183 2557 5252 majora
2605 5183 2739 5252 grati
2781 5183 2943 5235 animi
2992 5183 3083 5236 dat
3111 5182 3257 5251 signa
3280 5222 3296 5249 ,
3331 5182 3538 5236 Domini

1947 5280 2261 5336 beneﬁcium
2291 5279 2585 5349 praedicans
2604 5279 2631 5332 ?
2661 5277 2791 5331 Vide
2820 5282 2959 5331 enim
2987 5292 3143 5347 quam
3178 5277 3402 5346 benigne
3436 5276 3539 5329 Du-

1948 5372 2122 5427 minns
2162 5388 2279 5441 qure
2320 5387 2535 5426 suarum
2582 5381 2704 5424 sunt
2760 5371 2983 5437 partium
3030 5375 3369 5438 exsequatur.
3422 5366 3535 5422 Non

1947 5462 2106 5517 modo
2131 5463 2272 5516 enim
2296 5462 2456 5516 alium
2482 5461 2571 5515 dat
2602 5460 2673 5514 illi
2703 5460 2889 5525 lilium,
2921 5459 3013 5513 sed
3044 5466 3099 5514 et
3128 5460 3318 5511 virtute
3347 5458 3535 5526 przcdi-

1946 5564 2054 5607 tum
2082 5551 2197 5607 fore
2223 5561 2377 5605 antea
2402 5552 2679 5622 signiticet.
2710 5550 2894 5605 Genuit
2920 5550 3060 5604 cnim
3085 5591 3097 5613 ,
3128 5548 3330 5617 inquit,
3356 5565 3540 5603 secun-

1947 5646 2066 5697 dum
2088 5645 2302 5714 speciem
2329 5659 2493 5705 suam,
2522 5653 2567 5695 et
2593 5642 2868 5697 secundum
2897 5642 3167 5708 imaginem
3193 5654 3359 5691 suam.
3391 5637 3459 5691 Et
3483 5646 3540 5693 ut

1946 5735 2123 5788 stitim
2144 5734 2410 5788 discamus
2438 5732 2544 5786 nati
2565 5733 2836 5795 virtutem,
2865 5730 2982 5783 vide
3008 5730 3129 5799 quia
3151 5737 3204 5781 et
3231 5728 3342 5796 ipse
3359 5728 3537 5782 statim

1951 5846 2043 5901 per
2066 5825 2473 5899 appellationem
2507 5823 2595 5877 lilii
2623 5824 2701 5877 sui
2732 5837 2838 5876 suae
2870 5822 3062 5875 mentis
3089 5820 3336 5890 pietatem
3359 5824 3531 5870 osten-
