4068 6384
544 405 648 463 179

540 515 651 570 dat.
682 511 755 568 Et
785 510 973 578 Sctlto,
1023 510 1227 583 inquit,
1271 519 1416 563 natus
1454 517 1525 562 est
1554 506 1728 575 ﬁlius,
1761 515 1808 560 et
1851 502 2120 573 appellauit

542 621 721 660 nomen
749 603 886 656 illius
913 602 1070 657 Enos.
1097 601 1200 664 llic
1219 598 1433 671 sperauit
1458 598 1690 652 invocare
1712 611 1894 650 nomen
1917 593 2120 649 Domini

545 693 637 748 Dei
679 690 832 762 (Gen.
879 693 935 748 4.
976 691 1093 762 26).
1139 689 1324 746 Vidisti
1371 687 1775 757 appellationem
1825 685 2123 740 diademate

541 785 842 850 clariorem,
882 797 1110 854 purpura
1151 777 1609 851 splendidiorem?
1648 777 1784 846 Quid
1830 776 1987 831 fuerit
2033 775 2123 828 illo

544 873 750 930 beatius
777 875 866 946 qui
913 873 1242 928 invocatione
1281 870 1377 925 Dei
1425 877 1642 924 ornatur
1663 908 1678 932 ,
1711 867 1871 937 idque
1899 881 1994 936 pro
2025 879 2120 917 no-

544 967 688 1023 mine
715 965 988 1037 possidet?

615 1055 894 1110 Nominum
921 1055 1177 1126 impositio
1205 1071 1374 1109 recens
1406 1053 1555 1107 natis.
1585 1050 1810 1107 Nomina
1835 1061 2122 1106 sanctorum

543 1148 663 1216 [iliis
688 1147 1012 1217 imponenda.
1042 1178 1112 1188 ——
1134 1148 1290 1201 Vides
1321 1145 1373 1201 id
1399 1145 1540 1216 quod
1566 1145 1633 1199 ab
1660 1145 1810 1200 initio
1833 1144 2072 1199 dicebam
2102 1185 2118 1209 ,

541 1247 596 1292 et
622 1238 672 1292 in
703 1239 880 1308 parvis
921 1237 1360 1308 appellationibus
1386 1252 1603 1308 magnas
1633 1237 2009 1292 sententiarum
2038 1235 2121 1289 di-

540 1326 697 1382 vitias
721 1329 1022 1384 reconditas
1047 1327 1203 1383 esse?
1227 1327 1338 1382 Non
1366 1327 1537 1382 solum
1566 1329 1706 1383 enim
1737 1326 1820 1380 hic
1847 1335 2119 1395 parentum

542 1427 868 1474 monstratur
894 1420 1082 1487 pietas,
1105 1418 1200 1473 sed
1229 1427 1282 1474 et
1299 1432 1498 1488 magna
1526 1431 1648 1487 erga
1678 1416 1872 1470 liberos
1897 1416 2122 1483 diligen-

543 1510 648 1576 tia;
702 1518 758 1565 et
800 1509 1071 1579 quomodo
1119 1508 1295 1564 statim
1339 1514 1393 1562 et
1433 1522 1462 1560 a
1506 1506 1766 1575 principio
1808 1504 2122 1559 erudiebant

540 1599 793 1669 puerulos
816 1601 907 1670 qui
949 1600 1078 1668 ipsis
1103 1599 1456 1653 nascebantur
1475 1638 1488 1658 ,
1513 1595 1864 1652 admonentes
1893 1611 1989 1665 per
2025 1611 2120 1664 ap-

542 1687 874 1756 pellationes,
909 1703 1041 1757 quas
1069 1687 1170 1740 illis
1199 1687 1580 1753 imposuerant,
1611 1694 1669 1738 ut
1696 1685 1941 1739 virtutem
1972 1698 2124 1738 exer-

541 1787 726 1832 cerent
753 1795 767 1831 :
795 1793 896 1830 non
924 1777 1059 1831 sicut
1085 1791 1226 1829 nunc
1256 1774 1472 1828 fortuito
1502 1783 1554 1828 ct
1575 1785 1629 1828 ut
1655 1775 1880 1843 primum
1911 1789 2125 1828 succur—

542 1867 612 1920 rit
640 1868 852 1920 nomina
895 1867 1043 1920 ﬁunt.
1083 1866 1328 1931 Nomine,
1371 1864 1646 1934 inquiunt,
1687 1866 1768 1918 avi
1817 1865 1899 1920 vel
1945 1866 2123 1933 proavi

541 1964 758 2010 vocetur
783 1969 954 2025 puer:
993 1964 1044 2008 at
1072 1955 1230 2023 prisci
1260 1968 1365 2008 non
1394 1954 1463 2008 ita
1486 1995 1499 2017 ,
1530 1954 1622 2009 sed
1653 1968 1864 2009 omnem
1909 1969 2122 2023 operam

541 2043 859 2100 adhibebant
888 2086 903 2108 ,
932 2054 990 2098 ut
1017 2045 1141 2098 talia
1188 2044 1325 2098 natis
1359 2044 1696 2112 imponerent
1723 2045 1936 2098 nomina
1961 2085 1976 2109 ,
2006 2059 2125 2114 qum

543 2148 652 2188 non
681 2133 851 2190 solum
902 2133 1020 2187 illos
1054 2133 1141 2201 qui
1171 2132 1381 2188 nomina
1413 2132 1847 2186 sortiebanturvin
1879 2133 2124 2187 virtutem

541 2223 884 2287 adducerent,
908 2221 1001 2277 sed
1026 2230 1080 2275 et
1101 2221 1230 2276 alios
1255 2234 1462 2286 omnes,
1483 2220 1640 2275 etiam
1666 2221 1753 2291 qui
1781 2223 2125 2290 sequentibus

541 2313 749 2367 sareulis
777 2309 935 2366 futuri
966 2319 1136 2374 erant,
1164 2311 1482 2366 omnimodre
1506 2309 1851 2381 philosophia:
1880 2313 2122 2368 doctrina

541 2411 740 2458 essent.
773 2403 829 2458 id
856 2402 994 2472 quod
1025 2403 1255 2464 sciemus
1273 2444 1288 2468 ,
1316 2402 1360 2458 si
1389 2417 1568 2459 sermo
1595 2402 1867 2472 aliquanto
1896 2404 2123 2473 amplius

543 2492 880 2562 processerit.
927 2491 1087 2561 Igitur
1114 2507 1214 2548 nos
1250 2506 1424 2562 neque
1467 2492 1667 2562 quaevis
1705 2493 1917 2546 nomina
1949 2494 2126 2561 pueris

542 2583 786 2638 indamus
810 2623 824 2647 ,
856 2598 1028 2652 neque
1059 2596 1274 2637 avorum
1300 2590 1352 2636 ct
1387 2596 1700 2651 proavorum
1740 2591 1796 2636 et
1825 2597 2006 2636 eorum
2034 2583 2121 2651 qui

540 2687 736 2743 genere
785 2671 912 2727 clari
961 2671 1190 2737 fuerunt,
1245 2673 1457 2725 nomina
1510 2671 1818 2732 tribuamus,
1871 2671 1961 2725 sed
2001 2685 2122 2724 sau-

539 2771 746 2817 ctorum
771 2763 1028 2821 virorum,
1056 2762 1145 2831 qui
1176 2761 1458 2814 virtutibus
1484 2760 1765 2826 fulserunt,
1793 2761 2121 2830 plurimaque

539 2852 678 2922 apud
725 2852 888 2906 Deum
934 2851 1119 2906 ﬁducia
1150 2851 1430 2904 valuerunt
1456 2849 1554 2919 (a).
1583 2849 1693 2904 lmo
1729 2866 1903 2920 neque
1933 2851 2119 2906 horum

539 2940 840 2996 nominibus
871 2939 1035 2994 ﬁdant
1060 2940 1143 2994 vel
1174 2948 1447 3009 parentes,
1490 2939 1570 2994 vel
1606 2939 1751 3008 pueri
1779 2940 1967 3008 quibus
1998 2942 2118 2994 talia

541 3031 751 3082 nomina
778 3028 1113 3098 contingunt.
1137 3028 1278 3082 Nihil
1299 3029 1437 3081 enim
1468 3027 1680 3096 prodest
1709 3029 1861 3084 alicui
1890 3032 2118 3086 vocabo-

543 3120 650 3173 lum
675 3120 866 3175 virtute
894 3133 1136 3184 vacuum,
1180 3117 1274 3173 sed
1321 3117 1561 3172 habenda
1601 3127 1682 3174 est
1711 3120 1894 3174 salutis
1930 3136 2120 3190 exspe-

539 3209 702 3262 ctatio
726 3209 780 3262 in
805 3208 1013 3262 virtutis
1037 3208 1348 3277 operatione
1372 3225 1386 3261 :
1415 3217 1467 3262 et
1495 3223 1672 3287 neque
1687 3207 1742 3262 in
1769 3210 2122 3278 appellatione

541 3297 768 3353 sublime
794 3311 1003 3368 sapere,
1033 3311 1206 3366 neque
1229 3297 1280 3350 in
1311 3300 1624 3367 cognatione
1649 3307 1954 3353 sanctorum
1977 3301 2121 3356 viro-

539 3403 679 3456 rum,
707 3403 879 3459 neque
908 3389 959 3443 in
987 3388 1162 3458 aliquo
1190 3388 1296 3444 alio
1318 3429 1334 3454 ,
1363 3384 1536 3445 Μία
1565 3389 1754 3445 ﬁducia
1784 3394 2117 3462 propriorum

535 3494 760 3553 operum
790 3497 805 3536 :
835 3479 942 3535 imo
967 3497 1140 3550 neque
1167 3481 1218 3534 in
1241 3481 1344 3535 illis
1371 3480 1593 3537 multum
1620 3481 1689 3537 de
1707 3497 1764 3538 se
1784 3488 2000 3551 sentire,
2025 3487 2118 3542 sed

534 3572 660 3626 tunc
675 3570 842 3639 magis
859 3569 1106 3624 humilem
1120 3579 1172 3624 et
1184 3570 1476 3626 modestum
1495 3585 1612 3626 esse
1623 3581 1850 3642 oportet,
1870 3590 1989 3629 cum
2009 3591 2092 3630 ma
2109 3608 2118 3618 -

535 3675 668 3723 {nas
692 3660 940 3715 virtutum
969 3659 1178 3716 divitias
1205 3675 1491 3732 congerere
1517 3677 1793 3732 possumus
1816 3682 1830 3717 :
1877 3668 1953 3720 sic
1977 3670 2115 3723 enim

538 3756 596 3802 ct
631 3748 729 3817 ipsi
755 3749 1005 3805 collectas
1033 3750 1243 3804 divitias
1281 3759 1394 3806 tuto
1422 3753 1812 3822 custodiemus,
1858 3765 1908 3811 et
1952 3755 2115 3813 henc-

541 3838 826 3891 volcntiam
853 3838 944 3893 Dei
973 3838 1126 3893 nobis
1145 3840 1560 3896 conciliabimus.
1592 3842 1879 3899 Enimvero
1906 3856 2118 3916 propter

539 3927 720 3987 hocet
757 3927 998 3984 Christus
1043 3928 1319 3999 discipulis
1357 3931 1469 3986 suis
1505 3931 1749 3986 dicebat:
1784 3933 1908 3987 Cum
1951 3938 2119 3990 omnia

539 4019 786 4085 feceritis,
833 4020 1011 4085 dicite,
1054 4018 1269 4075 Inutiles
1309 4023 1440 4076 serui
1482 4039 1655 4077 sumus
1680 4022 1830 4096 (Luc.
1863 4027 1946 4080 l7.
1983 4029 2068 4100 10)
2101 4047 2115 4082 :

541 4108 592 4160 in
618 4108 866 4163 omnibus
883 4124 1065 4164 eorum
1093 4111 1460 4167 confidentiam
1491 4115 1802 4181 reprimens,
1831 4125 1884 4170 et
1904 4116 1968 4171 ad
2001 4133 2117 4171 mo-

537 4198 766 4252 destiam
809 4213 905 4254 eos
933 4215 1188 4256 revocans
1207 4243 1222 4267 ,
1250 4213 1310 4256 ut
1347 4202 1500 4255 bonis
1524 4204 1774 4272 operibus
1815 4220 1919 4260 non
1948 4209 2118 4263 extol-

542 4289 739 4352 lantur,
769 4288 862 4344 sed
893 4289 1063 4344 sciant
1099 4291 1380 4346 maximam
1411 4292 1661 4347 virtutum
1704 4309 1822 4350 esse
1862 4297 1913 4350 in
1965 4296 2116 4352 bonis

538 4379 789 4448 cperibus
817 4380 1055 4436 modeste
1079 4389 1133 4436 et
1162 4381 1430 4438 humiliter
1457 4396 1516 4437 se
1545 4381 1760 4439 habere.

609 4469 668 4522 4.
696 4467 868 4524 Porro
891 4470 954 4522 ad
980 4479 1286 4524 contextum
1331 4472 1593 4526 sermonis
1621 4472 1921 4540 redeamus,
1949 4485 2003 4530 et
2035 4478 2116 4530 vi-

539 4557 764 4614 deamus
793 4573 887 4612 eos
911 4559 1000 4628 qui
1032 4562 1338 4628 posteanati
1365 4569 1505 4615 sunt.
1535 4561 1815 4619 Probabile
1842 4573 1925 4620 est
1949 4567 2114 4631 enim,

539 4665 640 4705 nos
681 4650 932 4720 paulatim
983 4651 1318 4719 procedendo
1363 4654 1592 4722 majores
1645 4655 1951 4712 inventuros
1996 4672 2118 4714 esse

543 4739 827 4796 thesauros
847 4749 898 4796 ct
928 4742 1212 4796 immensas
1238 4741 1468 4797 divitias.
1498 4743 1550 4798 9.
1589 4743 1655 4798 Et
1691 4747 1810 4800 aiin
1839 4747 1993 4814 Euos,
2034 4750 2117 4802 In‘c

541 4828 686 4883 Setlti
701 4829 861 4899 ﬁlius,
895 4847 1052 4884 annos
1077 4841 1275 4885 centum
1300 4834 1595 4904 nonaginta,
1617 4845 1662 4888 et
1687 4838 1854 4906 genuit
1881 4838 2113 4905 Cainam,

602 4919 684 4992 (αὶ
709 4919 836 4980 Quod
859 4921 936 4992 hic
954 4921 1400 4992 ait_t:h_rysostomns
1419 4962 1432 4982 ,
1467 4927 1656 4992 nomina
1691 4934 1962 4977 sanctorum
1984 4942 2116 4992 esse

542 4979 959 5049 ﬁliis'injponcnda
975 4979 1196 5049 ,__facttim
1218 4979 1612 5049 deprehenditur»
1632 5000 1775 5049 supra
1808 4996 1951 5039 Temo
1982 4991 2026 5040 Il
2046 4979 2049 4980 ν
2066 4979 2114 5041 in

541 5041 822 5111 praecipias.
839 5041 1030 5111 Mcl.~_tii.
1051 5049 1219 5111 locum
1238 5041 1348 5111 huic
1371 5043 1648 5111 illustranrlo
1673 5041 1777 5111 loco
1797 5059 2113 5111 opportunum

539 5101 620 5176 hic
640 5101 904 5176 adierimus.
929 5105 1000 5176 sic
1024 5117 1144 5164 ergo
1167 5103 1347 5165 legitur
1371 5104 1513 5174 paulo
1538 5115 1646 5176 post
1682 5101 1871 5176 initium
1906 5112 2114 5176 homiljm

541 5164 893 5212 Eucomiastlcze
916 5171 1072 5228 :_.\'tnn
1094 5177 1201 5212 cum
1223 5164 1333 5228 eum
1362 5164 1393 5215 ἀ
1424 5164 1659 5228 principio
1688 5166 1738 5218 in
1770 5170 2005 5222 civitatem
2041 5173 2113 5223 in-

539 5233 759 5292 gressum
777 5223 1445 5292 e_a:cepiuetis,_nnnsmtisqn_e
1467 5223 1622 5292 ﬁlium
1644 5242 1781 5278 suum
1801 5233 1904 5292 eius
1926 5234 2113 5285 nomine

539 5282 829 5355 appellabat,
852 5282 936 5346 per
960 5282 1324 5355 appellationem
1345 5282 1625 5355 e'xist'imrms
1649 5282 1966 5355 nausa-iisque
1988 5282 2044 5344 se
2062 5282 2111 5345 in

542 5343 736 5416 domum
751 5343 889 5413 suam
909 5343 1122 5416 sanctum
1138 5346 1458 5416 introducere,
1477 5350 1725 5416 missisque
1743 5343 1972 5416 patribus,
1992 5343 2110 5416 aris,

544 5409 588 5450 et
611 5403 819 5465 proavis,
842 5412 1018 5476 matres
1043 5405 1167 5476 beati
1191 5408 1362 5476 Meletii
1389 5403 1564 5476 nomen
1580 5403 1878 5476 imponebant
1915 5403 2085 5466 liberis

543 5475 659 5536 quos
689 5472 988 5536 pepererant.
1015 5474 1242 5536 naturam
1264 5469 1389 5518 enim
1413 5470 1625 5536 vincebat
1648 5469 1791 5536 :muor
1819 5474 2003 5536 pietatis
2021 5513 2034 5533 ,
2065 5469 2111 5528 et

543 5523 768 5597 {tenacem
789 5527 1219 5597 qta;nascebtmtur.
1244 5541 1337 5578 non
1358 5533 1568 5597 naturali
1587 5533 1742 5583 solum
1764 5523 2098 5597 beneﬁcium,

539 5583 638 5662 sed.
647 5583 987 5662 stimulo/iectu
1007 5600 1124 5662 erga
1143 5589 1277 5640 illam
1316 5590 1680 5662 appellationem
1695 5630 1710 5651 ,
1737 5583 2108 5662 erantpa-

534 5645 761 5719 rentibus,
803 5645 961 5719 im
1128 5662 1300 5719 nomen
1315 5645 1362 5700 ei
1381 5645 1715 5719 amaracinum
1738 5645 2109 5719 cognatioiiis',et

536 5710 720 5761 «ditem
737 5709 937 5775 nitelam
957 5747 970 5766 ,
993 5715 1037 5759 ct
1061 5712 1127 5761 ita
1149 5712 1324 5763 matis
1345 5711 1546 5764 salutem
1565 5753 1578 5775 ,
1604 5723 1650 5767 et
1684 5709 1863 5767 amaris
1891 5709 2107 5771 solatium

530 5777 642 5820 me
664 5767 1015 5824 emanarent.

1296 397 1356 456 S.
1394 392 1669 454 lOANNlS
1705 388 2179 448 CHRYSOSTOM!
2217 388 2529 447 ARCillEP.
2570 391 3100 452 CONSTAN'NNOP.

2231 503 2316 559 12.
2361 513 2407 558 et
2439 505 2650 561 Cainam
2671 510 2844 578 genuit
2892 508 3154 577 Halalcel,
3184 509 3273 565 15.
3300 519 3347 564 et
3371 509 3608 568 Maluieel
3634 518 3806 586 genuit

2224 594 2404 662 lat-ed,
2438 595 2523 650 18.
2554 606 2602 651 et
2650 596 2811 651 Jared
2829 600 2996 668 genuit
3028 598 3221 656 Enoelt.
3247 601 3338 657 2|.
3371 602 3441 658 Et
3464 606 3587 660 risit
3627 603 3806 663 Enoch

2224 700 2372 738 annis
2398 687 2593 740 ceruum
2620 689 2880 759 sexaginta
2906 691 3126 760 quinque
3142 734 3157 758 ,
3203 703 3252 749 et
3275 695 3446 765 genuit
3491 695 3802 756 Hatltusala.

2223 773 2313 828 Si.
2339 774 2542 830 Placuit
2557 787 2720 832 autem
2739 778 2912 834 Enoclt
2942 779 3070 836 Deo.
3092 781 3162 836 Et
3178 785 3302 841 uixit
3317 784 3516 853 Enoclt,
3541 801 3804 859 postquam

2225 866 2396 934 genuit
2425 865 2734 936 Mathusala,
2764 872 2912 926 annis
2938 871 3184 940 ducentis,
3217 885 3265 928 et
3291 879 3461 947 genuit
3487 881 3622 947 ﬁlios
3648 890 3696 936 et
3741 881 3807 950 ﬁ-

2226 957 2340 1011 lias.
2366 959 2457 1014 23.
2490 959 2554 1015 Et
2569 966 2769 1029 fuerunt
2797 964 2904 1020 dies
2928 964 3106 1021 Enoch
3127 971 3333 1024 trecenti
3371 975 3632 1044 sexaginta
3658 977 3804 1040 quin-

2224 1064 2336 1119 que.
2364 1050 2454 1104 ει.
2498 1050 2565 1106 Et
2609 1053 2800 1122 placuit
2830 1053 3008 1109 Enoelt
3051 1055 3181 1123 Deo,
3221 1069 3268 1112 et
3300 1077 3401 1115 non
3444 1066 3671 1120 inuentus
3699 1076 3803 1132 est,

2223 1139 2342 1205 quia
2371 1141 2623 1194 transtulit
2666 1143 2808 1196 illum
2857 1143 3014 1199 Deus.
3041 1145 3177 1201 Num
3223 1149 3363 1205 bene
3393 1151 3656 1217 dicebam,
3707 1170 3808 1208 nos

2223 1230 2562 1299 procedendo
2612 1247 2862 1303 magnum
2906 1235 3212 1293 thesaurum
3249 1241 3301 1296 in
3360 1243 3463 1298 illis
3503 1245 3808 1300 nominibus

2226 1320 2534 1378 inventuros
2560 1323 2713 1378 esse?
2734 1325 3114 1383 Animadverte
3133 1331 3294 1395 enim,
3325 1331 3570 1396 obsecro,
3596 1335 3702 1399 hic,
3725 1335 3808 1389 ili-

2227 1409 2384 1472 lccte,
2429 1421 2482 1465 et
2519 1412 2647 1481 justi
2697 1414 2946 1470 virzutem
2979 1425 3035 1473 ct
3069 1417 3195 1474 boni
3241 1419 3336 1475 Dei
3359 1421 3624 1492 ingentem
3651 1423 3808 1479 beni-

2225 1502 2480 1570 gnitatem
2509 1543 2522 1566 ,
2555 1514 2607 1558 et
2652 1503 2942 1575 Scriptura
2974 1509 3319 1580 diligentiam.
3369 1511 3438 1568 Et
3462 1517 3583 1570 vixit
3629 1516 3808 1573 Enocli

2228 1591 2373 1644 annis
2402 1601 2597 1645 centum
2616 1597 2879 1666 sexaginta
2916 1601 3162 1669 quinque,
3192 1611 3238 1656 et
3275 1606 3446 1674 genuit
3491 1605 3805 1664 Mat/insula.

2234 1679 2295 1731 Et
2328 1682 2513 1749 placuit
2555 1683 2730 1737 Euoclt
2778 1685 2888 1740 Deo
2909 1727 2926 1751 ,
2977 1682 3238 1758 postquam
3267 1693 3439 1762 genuit
3487 1694 3807 1752 NatIiulasa.

2301 1769 2352 1824 Ν
2356 1773 2509 1839 τιριὶω
2522 1791 2621 1827 non
2642 1775 2692 1828 in
2716 1792 2868 1829 causa
2890 1789 3004 1831 sunt
3028 1782 3294 1851 quominus
3313 1783 3536 1840 homines
3560 1785 3666 1841 Deo
3689 1791 3809 1856 pln-

2230 1865 2710 1920 ceant.-—Audiant
2738 1865 2834 1922 viri
2859 1879 2913 1924 et
2939 1871 3210 1939 mulieres,
3239 1884 3294 1928 ct
3325 1876 3529 1934 discant
3546 1881 3674 1949 justi
3702 1883 3808 1936 vir-

2231 1961 2393 2006 tutem
2416 1995 2430 2018 ,
2466 1969 2564 2008 nec
2592 1966 2778 2024 putent
2821 1958 3030 2028 nuptias
3074 1963 3125 2015 in
3162 1977 3320 2018 causa
3366 1980 3487 2023 esse
3520 1971 3810 2038 quominus

2229 2045 2347 2112 quis
2397 2044 2508 2100 Deo
2537 2046 2761 2116 placeat.
2807 2049 2936 2103 Nam
2969 2052 3164 2108 idcirco
3191 2053 3368 2111 divina
3419 2057 3691 2130 Scriptura
3717 2078 3808 2119 se-

2229 2135 2333 2190 mel
2376 2144 2430 2190 et
2451 2136 2641 2191 iterum
2671 2138 2722 2192 id
2769 2140 3084 2208 signiﬁcavit
3109 2143 3336 2202 dicens:
3373 2149 3568 2207 Genuit
3594 2153 3808 2210 Mathu-

2229 2225 2357 2290 Sala,
2386 2235 2441 2281 et
2484 2235 2608 2282 tunc
2630 2230 2845 2297 placuit.
2893 2230 2956 2285 Et
2985 2231 3123 2288 idem
3157 2237 3447 2306 ingeminat
3483 2259 3546 2298 ac
3583 2247 3809 2316 repetit,

2227 2318 2412 2374 dicens
2447 2337 2461 2372 :
2491 2319 2558 2374 Et
2609 2323 2799 2391 placuit
2826 2333 3088 2395 postquam
3131 2332 3304 2400 genuit
3337 2348 3357 2387 :
3383 2344 3439 2388 ut
3469 2350 3538 2390 ne
3564 2338 3683 2407 quis
3712 2351 3809 2393 ar-

2229 2407 2454 2462 bitretur
2496 2409 2829 2466 obstaculum
2860 2414 3040 2470 virtuti
3081 2432 3200 2473 esse
3227 2421 3554 2493 coniugium.
3593 2425 3706 2494 Qua
3760 2428 3810 2482 si

2227 2498 2391 2552 sobrii
2421 2515 2626 2565 sumus,
2665 2517 2836 2572 neque
2875 2504 3142 2572 educatio,
3173 2524 3347 2581 neque
3361 2513 3687 2585 coniugium,
3713 2533 3810 2573 ncc-

2228 2602 2331 2656 quc
2372 2588 2514 2643 aliud
2559 2590 2685 2659 quid
2735 2593 2888 2647 nobis
2925 2595 3118 2675 obq-it,
3166 2602 3450 2669 quominus
3502 2606 3808 2675 placeamus

2229 2677 2359 2732 Deo.
2388 2678 2527 2734 Ecce
2572 2681 2716 2735 enim
2759 2692 2812 2738 et
2835 2683 2919 2739 hic
2943 2668 3412 2755 ejdsdenrnaturze
3463 2668 3609 2761 erat,
3654 2699 3808 2767 cujus

2226 2777 2279 2821 et
2311 2783 2407 2822 nos
2435 2783 2617 2825 sumus
2650 2789 2663 2825 :
2693 2781 2745 2826 ct
2773 2789 2946 2844 neque
2967 2776 3052 2831 lex
3078 2777 3267 2834 tradita
3298 2791 3432 2847 erat,
3467 2801 3640 2857 neque
3664 2787 3810 2845 Scri-

2230 2865 2395 2923 ptura:
2424 2858 2705 2926 docebant,
2746 2878 2920 2933 neque
2961 2866 3103 2922 aliud
3129 2870 3418 2940 quidquam
3443 2876 3508 2928 ad
3532 2880 3808 2947 sapientia:

2229 2947 2682 3021 philosophimque
2711 2955 2939 3009 studium
2967 2956 3282 3015 deducebat.
3315 2962 3392 3017 Es
3419 2979 3497 3030 sc,
3523 2975 3577 3022 et
3616 2984 3679 3024 ex
3707 2987 3806 3024 vo-

2227 3040 2426 3095 luntate
2458 3045 2624 3113 ipsius
2668 3045 2965 3114 profectum
3005 3058 3088 3104 est
3119 3052 3259 3121 quod
3295 3054 3403 3110 Deo
3427 3057 3698 3126 placeret,
3734 3063 3807 3117 ita

2226 3139 2281 3183 ut
2311 3147 2476 3199 usque
2519 3132 2675 3189 hodie
2695 3137 2838 3190 vivat
2862 3138 3094 3193 nondum
3117 3151 3344 3198 mortem
3380 3158 3650 3216 expertus.
3670 3151 3802 3207 Nam

2226 3220 2270 3273 si
2298 3223 2514 3291 nuptim,
2539 3223 2745 3288 dilecti,
2796 3229 2882 3282 vel
2910 3242 3196 3297 puerorum
3237 3233 3520 3302 educatio,
3573 3239 3805 3310 impedi-

2226 3320 2465 3366 mentum
2511 3312 2686 3369 forent
2729 3315 2782 3369 in
2825 3317 3076 3373 virtutum
3108 3322 3331 3389 itinere,
3371 3340 3704 3398 nequaquam
3750 3333 3804 3387 in

2226 3399 2363 3456 hanc
2391 3412 2627 3459 nostram
2654 3406 2814 3460 vitam
2845 3409 3053 3478 nuptias
3097 3411 3484 3473 introduxisset
3523 3420 3798 3477 universo-

2225 3506 2341 3546 rum
2389 3493 2646 3562 Creatnr,
2674 3504 2827 3552 utne
2866 3497 2917 3552 in
2958 3500 3116 3555 rebus
3160 3503 3437 3572 prmeipuis
3480 3517 3534 3562 et
3571 3510 3804 3567 maxime

2224 3585 2542 3640 necessariis
2567 3600 2665 3640 nos
2719 3587 2952 3644 lmderet.
2993 3588 3098 3645 Sed
3137 3593 3259 3662 quia
3303 3610 3407 3650 non
3456 3599 3628 3654 solum
3668 3601 3800 3657 nihil

2222 3677 2376 3729 nobis
2402 3677 2615 3731 obstant
2642 3677 2707 3732 ad
2755 3679 3238 3750 philosophandum
3281 3687 3574 3742 secundum
3610 3690 3800 3761 Deum,

2223 3766 2264 3818 si
2293 3767 2620 3822 voluerimus
2650 3783 2770 3824 esse
2797 3771 2984 3838 sobrii,
3033 3772 3128 3827 sed
3180 3783 3235 3829 et
3287 3792 3533 3847 magnam
3571 3780 3804 3839 aﬁ'erunt

2222 3859 2664 3927 consolationem,
2685 3861 2809 3916 dum
2832 3865 3190 3935 comprimunt
3211 3870 3453 3926 insanum
3481 3883 3684 3930 natura:
3702 3877 3804 3930 im-

2221 3959 2423 4016 petum,
2467 3966 2566 4006 nec
2593 3954 2790 4008 turbari
2833 3956 2984 4025 quasi
3017 3972 3162 4013 mare
3185 3961 3389 4028 sinunt,
3429 3964 3521 4018 sed
3557 3965 3801 4025 efﬁciunt

2225 4049 2283 4092 ut
2308 4041 2502 4110 scapha
2529 4042 2757 4101 feliciter
2781 4048 2834 4100 in
2875 4057 3084 4116 portum
3125 4050 3379 4120 appellat,
3406 4052 3525 4110 ideo
3552 4058 3800 4113 consnla-

2223 4129 2419 4185 tionem
2452 4133 2587 4188 hanc
2620 4133 2854 4190 humano
2877 4138 3059 4206 generi
3110 4140 3310 4196 tribuit.
3334 4144 3485 4211 Quod
3514 4161 3673 4216 quam
3700 4164 3796 4206 ve-

2222 4236 2339 4274 rum
2372 4222 2461 4290 sit,
2500 4225 2735 4280 ostendit
2768 4227 2944 4295 justus
2972 4229 3079 4285 ille.
3121 4231 3252 4298 Quia
3277 4244 3576 4305 postquam,
3607 4239 3798 4310 inquit,

2218 4318 2404 4385 genuit
2447 4317 2774 4387 Mathusala,
2804 4321 3000 4391 placuit
3025 4323 3134 4380 Deo
3161 4325 3375 4392 Enoch,
3421 4343 3595 4401 neque
3633 4347 3798 4403 parve

2219 4422 2478 4462 annorum
2509 4425 2733 4467 numero
2755 4412 2809 4467 in
2840 4414 3090 4470 virtutum
3131 4419 3384 4474 exercitio
3412 4427 3790 4492 perseveravit,

2219 4499 2310 4553 sed
2328 4500 2478 4568 vixit,
2501 4501 2686 4571 inquit,
2706 4506 2858 4557 annis
2878 4504 3206 4563 ducentis.Et
3226 4509 3346 4579 quia
3365 4521 3484 4580 post
3503 4522 3797 4587 transgres-

2219 4592 2422 4646 sionem
2451 4593 2580 4647 Adze
2612 4593 2856 4650 inventus
2889 4605 2974 4654 est
3016 4600 3174 4654 homo
3205 4602 3292 4670 qui
3319 4602 3384 4655 ad
3411 4605 3661 4660 virtutum
3683 4608 3799 4663 cul-

2220 4697 2338 4737 men
2355 4684 2684 4749 ascenderet,
2703 4693 2758 4739 et
2777 4688 2932 4755 primi
2945 4691 3182 4758 parentis
3205 4702 3478 4761 peccatum
3495 4706 3796 4766 revocaret,

2219 4771 2288 4825 ob
2328 4788 2446 4827 eam
2473 4787 2630 4842 quam
2656 4775 2795 4845 apud
2827 4776 2993 4833 Deum
3022 4779 3249 4836 habebat
3271 4784 3517 4853 nationi,
3549 4786 3670 4842 vide
3691 4787 3795 4844 bo-

2220 4863 2270 4917 ni
2321 4863 2412 4918 Dei
2450 4865 2800 4921 excellentem
2842 4867 3200 4926 clementiam.
3232 4863 3362 4927 Νἳῖη
3416 4875 3536 4945 quia
3595 4877 3798 4936 invenit

2217 4955 2442 5025 aliquem
2486 4956 2575 5025 qui
2604 4958 2776 5026 potuit
2822 4969 3093 5028 peccatum
3140 4963 3270 5017 Δάτι)
3297 4978 3549 5022 revocare
3585 4982 3598 5020 :
3634 4981 3795 5024 mon-

2218 5044 2432 5099 strando
2468 5059 2532 5104 re,
2554 5045 2664 5116 ipsa
2691 5049 2812 5116 quia
2838 5063 2943 5102 non
2967 5049 3153 5105 volens
3180 5063 3404 5107 mortem
3445 5054 3676 5110 humano
3701 5071 3798 5126 ge-

2217 5136 2329 5190 neri
2362 5137 2555 5191 inferre
2580 5147 2799 5208 propter
2845 5139 3076 5194 mandati
3121 5144 3629 5212 transgressionem,
3667 5162 3792 5203 eum

2215 5228 2302 5297 qui
2327 5228 2629 5283 mandatum
2655 5238 2933 5299 acceperat
2956 5231 3407 5299 condemnaverit,
3438 5236 3577 5294 hunc
3605 5239 3793 5295 viven-

2217 5328 2322 5373 tem
2369 5321 2638 5377 transfert.
2673 5321 2742 5376 Et
2778 5321 2966 5392 placuit
2987 5365 3002 5388 ,
3032 5325 3220 5396 inquit,
3253 5327 3426 5382 Enoch
3449 5328 3557 5384 Deo
3579 5371 3592 5394 ,
3623 5341 3670 5385 et
3691 5349 3792 5388 non

2214 5410 2440 5465 inventus
2479 5423 2570 5478 est,
2601 5430 2658 5467 eo
2697 5414 2834 5483 quod
2860 5418 3111 5470 transtulit
3146 5417 3291 5472 illum
3317 5418 3473 5474 Deus.
3519 5422 3672 5477 Vides
3701 5438 3792 5478 sa-

2213 5501 2463 5568 pientiam
2484 5503 2687 5558 Domini
2706 5505 2730 5558 Ἰ
2749 5505 3016 5561 Viventetn
3041 5510 3326 5576 transtulit,
3353 5527 3457 5566 non
3477 5514 3789 5570 immortali-

2214 5601 2375 5646 tatem
2416 5595 2632 5663 largitus
2662 5605 2776 5663 cst,
2829 5613 2896 5651 ne
2941 5601 3190 5667 peccandi
3240 5611 3438 5656 metum
3488 5616 3786 5668 cucrvaret,

2211 5683 2302 5738 sed
2331 5686 2572 5742 timorem
2590 5687 2640 5742 in
2659 5688 2889 5744 immane
2904 5707 3098 5760 genere
3117 5694 3378 5765 vigentem
3409 5697 3640 5765 reliquit.
3661 5697 3786 5750 l’ro-

2212 5784 2327 5847 pter
2357 5774 2456 5830 hoc
2505 5777 2692 5834 iterum
2739 5781 2981 5847 obscure,
3015 5792 3070 5836 ut
3111 5783 3179 5838 ita
3221 5783 3420 5847 dicam,
3468 5796 3519 5839 et
3567 5786 3793 5840 latenter
