  <div class='ocr_page' id='page_1' title='image "/cluster/home/n/w/nwhite01/storage/ocr_20150623/53/ien.35556001660802/184.png"; bbox 0 0 4068 6378; ppageno 0'>
   <div class='ocr_carea' id='block_1_1' title="bbox 244 448 337 507">
    <p class='ocr_par' dir='ltr' id='par_1_1' title="bbox 244 448 337 507">
     <span class='ocr_line' id='line_1_1' title="bbox 244 448 337 507; baseline -0.043 0"><span class='ocrx_word' id='word_1_1' title='bbox 244 448 337 507; x_wconf 74' lang='lat' dir='ltr'><strong>liii</strong></span> 
     </span>
    </p>
   </div>
   <div class='ocr_carea' id='block_1_2' title="bbox 243 523 1835 611">
    <p class='ocr_par' dir='ltr' id='par_1_2' title="bbox 243 523 1835 611">
     <span class='ocr_line' id='line_1_2' title="bbox 243 523 1835 611; baseline -0.018 -5"><span class='ocrx_word' id='word_1_2' title='bbox 243 563 497 611; x_wconf 78' lang='lat' dir='ltr'><strong>revocare</strong></span> <span class='ocrx_word' id='word_1_3' title='bbox 524 545 634 599; x_wconf 86' lang='lat' dir='ltr'><strong>vult</strong></span> <span class='ocrx_word' id='word_1_4' title='bbox 663 537 979 598; x_wconf 86' lang='lat' dir='ltr'><strong>sententiam</strong></span> <span class='ocrx_word' id='word_1_5' title='bbox 1008 548 1164 605; x_wconf 90' lang='lat' dir='ltr'><strong>quam</strong></span> <span class='ocrx_word' id='word_1_6' title='bbox 1193 539 1381 587; x_wconf 86' lang='lat' dir='ltr'><strong>contra</strong></span> <span class='ocrx_word' id='word_1_7' title='bbox 1404 528 1571 583; x_wconf 82' lang='lat' dir='ltr'><strong>Adam</strong></span> <span class='ocrx_word' id='word_1_8' title='bbox 1596 523 1835 595; x_wconf 82' lang='lat' dir='ltr'><strong>protulit;</strong></span> 
     </span>
    </p>
   </div>
   <div class='ocr_carea' id='block_1_3' title="bbox 242 620 1844 704">
    <p class='ocr_par' dir='ltr' id='par_1_3' title="bbox 242 620 1844 704">
     <span class='ocr_line' id='line_1_3' title="bbox 242 620 1844 704; baseline -0.022 -2"><span class='ocrx_word' id='word_1_9' title='bbox 242 646 333 704; x_wconf 88' lang='lat' dir='ltr'><strong>sed</strong></span> <span class='ocrx_word' id='word_1_10' title='bbox 360 639 701 697; x_wconf 83' lang='lat' dir='ltr'><strong>manifestum</strong></span> <span class='ocrx_word' id='word_1_11' title='bbox 732 634 832 687; x_wconf 85' lang='lat' dir='ltr'><strong>hoc</strong></span> <span class='ocrx_word' id='word_1_12' title='bbox 874 647 979 685; x_wconf 90' lang='lat' dir='ltr'><strong>non</strong></span> <span class='ocrx_word' id='word_1_13' title='bbox 1008 628 1152 693; x_wconf 89' lang='lat' dir='ltr'><strong>facit,</strong></span> <span class='ocrx_word' id='word_1_14' title='bbox 1193 634 1249 679; x_wconf 90' lang='lat' dir='ltr'><strong>ut</strong></span> <span class='ocrx_word' id='word_1_15' title='bbox 1282 624 1440 677; x_wconf 88' lang='lat' dir='ltr'><strong>timor</strong></span> <span class='ocrx_word' id='word_1_16' title='bbox 1470 620 1612 674; x_wconf 90' lang='lat' dir='ltr'><strong>illius</strong></span> <span class='ocrx_word' id='word_1_17' title='bbox 1659 632 1844 672; x_wconf 82' lang='lat' dir='ltr'><strong>emen-</strong></span> 
     </span>
    </p>
   </div>
   <div class='ocr_carea' id='block_1_4' title="bbox 242 711 1840 793">
    <p class='ocr_par' dir='ltr' id='par_1_4' title="bbox 242 711 1840 793">
     <span class='ocr_line' id='line_1_4' title="bbox 242 711 1840 793; baseline -0.021 0"><span class='ocrx_word' id='word_1_18' title='bbox 242 734 439 793; x_wconf 85' lang='lat' dir='ltr'><strong>dationi</strong></span> <span class='ocrx_word' id='word_1_19' title='bbox 468 729 686 786; x_wconf 79' lang='lat' dir='ltr'><strong>serviat.</strong></span> <span class='ocrx_word' id='word_1_20' title='bbox 718 726 781 779; x_wconf 83' lang='lat' dir='ltr'><strong>Et</strong></span> <span class='ocrx_word' id='word_1_21' title='bbox 809 723 1008 777; x_wconf 90' lang='lat' dir='ltr'><strong>idcirco</strong></span> <span class='ocrx_word' id='word_1_22' title='bbox 1039 718 1245 782; x_wconf 86' lang='lat' dir='ltr'><strong>Enoeh,</strong></span> <span class='ocrx_word' id='word_1_23' title='bbox 1296 728 1417 770; x_wconf 92' lang='lat' dir='ltr'><strong>cum</strong></span> <span class='ocrx_word' id='word_1_24' title='bbox 1466 711 1563 781; x_wconf 90' lang='lat' dir='ltr'><strong>ipsi</strong></span> <span class='ocrx_word' id='word_1_25' title='bbox 1611 711 1840 763; x_wconf 89' lang='lat' dir='ltr'><strong>multum</strong></span> 
     </span>
    </p>
   </div>
   <div class='ocr_carea' id='block_1_5' title="bbox 244 803 1845 899">
    <p class='ocr_par' dir='ltr' id='par_1_5' title="bbox 244 803 1845 899">
     <span class='ocr_line' id='line_1_5' title="bbox 244 803 1845 899; baseline -0.019 -19"><span class='ocrx_word' id='word_1_26' title='bbox 244 830 498 899; x_wconf 78' lang='lat' dir='ltr'><strong>placeret,</strong></span> <span class='ocrx_word' id='word_1_27' title='bbox 545 816 831 874; x_wconf 89' lang='lat' dir='ltr'><strong>transtulit.</strong></span> <span class='ocrx_word' id='word_1_28' title='bbox 856 813 971 868; x_wconf 71' lang='lat' dir='ltr'><strong>iam</strong></span> <span class='ocrx_word' id='word_1_29' title='bbox 1000 812 1042 864; x_wconf 87' lang='lat' dir='ltr'><strong>si</strong></span> <span class='ocrx_word' id='word_1_30' title='bbox 1069 808 1187 878; x_wconf 84' lang='lat' dir='ltr'><strong>quis</strong></span> <span class='ocrx_word' id='word_1_31' title='bbox 1214 803 1478 860; x_wconf 85' lang='lat' dir='ltr'><strong>curiosius</strong></span> <span class='ocrx_word' id='word_1_32' title='bbox 1513 814 1702 869; x_wconf 82' lang='lat' dir='ltr'><strong>rogare</strong></span> <span class='ocrx_word' id='word_1_33' title='bbox 1752 811 1845 850; x_wconf 86' lang='lat' dir='ltr'><strong>ve-</strong></span> 
     </span>
    </p>
   </div>
   <div class='ocr_carea' id='block_1_6' title="bbox 246 895 1844 987">
    <p class='ocr_par' dir='ltr' id='par_1_6' title="bbox 246 895 1844 987">
     <span class='ocr_line' id='line_1_6' title="bbox 246 895 1844 987; baseline -0.021 -11"><span class='ocrx_word' id='word_1_34' title='bbox 246 895 324 987; x_wconf 84' lang='lat' dir='ltr'><strong>lit,</strong></span> <span class='ocrx_word' id='word_1_35' title='bbox 372 927 430 972; x_wconf 89' lang='lat' dir='ltr'><strong>et</strong></span> <span class='ocrx_word' id='word_1_36' title='bbox 483 915 666 969; x_wconf 81' lang='lat' dir='ltr'><strong>dicere</strong></span> <span class='ocrx_word' id='word_1_37' title='bbox 706 928 721 964; x_wconf 90' lang='lat'><strong>:</strong></span> <span class='ocrx_word' id='word_1_38' title='bbox 780 908 845 962; x_wconf 83' lang='lat' dir='ltr'><strong>Et</strong></span> <span class='ocrx_word' id='word_1_39' title='bbox 900 919 1006 975; x_wconf 85' lang='lat' dir='ltr'><strong>quo</strong></span> <span class='ocrx_word' id='word_1_40' title='bbox 1058 906 1229 972; x_wconf 90' lang='lat' dir='ltr'><strong>ipsum</strong></span> <span class='ocrx_word' id='word_1_41' title='bbox 1273 895 1577 953; x_wconf 85' lang='lat' dir='ltr'><strong>transtulit?</strong></span> <span class='ocrx_word' id='word_1_42' title='bbox 1619 903 1675 987; x_wconf 81' lang='lat' dir='ltr'><strong>et</strong></span> <span class='ocrx_word' id='word_1_43' title='bbox 1719 905 1844 987; x_wconf 83' lang='lat' dir='ltr'><strong>num</strong></span> 
     </span>
    </p>
   </div>
   <div class='ocr_carea' id='block_1_7' title="bbox 245 983 1843 1082">
    <p class='ocr_par' dir='ltr' id='par_1_7' title="bbox 245 983 1843 1082">
     <span class='ocr_line' id='line_1_7' title="bbox 245 983 1843 1082; baseline -0.021 -16"><span class='ocrx_word' id='word_1_44' title='bbox 245 983 409 1082; x_wconf 74' lang='lat' dir='ltr'><strong>usqite</strong></span> <span class='ocrx_word' id='word_1_45' title='bbox 437 1009 503 1061; x_wconf 88' lang='lat' dir='ltr'><strong>ad</strong></span> <span class='ocrx_word' id='word_1_46' title='bbox 538 1016 776 1075; x_wconf 64' lang='lat' dir='ltr'><strong>praesens</strong></span> <span class='ocrx_word' id='word_1_47' title='bbox 804 995 1034 1053; x_wconf 77' lang='lat' dir='ltr'><strong>vixerit?</strong></span> <span class='ocrx_word' id='word_1_48' title='bbox 1064 995 1233 1050; x_wconf 83' lang='lat' dir='ltr'><strong>discat</strong></span> <span class='ocrx_word' id='word_1_49' title='bbox 1278 1006 1383 1045; x_wconf 92' lang='lat' dir='ltr'><strong>non</strong></span> <span class='ocrx_word' id='word_1_50' title='bbox 1414 983 1703 1044; x_wconf 87' lang='lat' dir='ltr'><strong>convenire</strong></span> <span class='ocrx_word' id='word_1_51' title='bbox 1748 984 1843 1037; x_wconf 80' lang='lat' dir='ltr'><strong>ltu-</strong></span> 
     </span>
    </p>
   </div>
   <div class='ocr_carea' id='block_1_8' title="bbox 246 1083 1841 1167">
    <p class='ocr_par' dir='ltr' id='par_1_8' title="bbox 246 1083 1841 1167">
     <span class='ocr_line' id='line_1_8' title="bbox 246 1083 1841 1167; baseline -0.02 -8"><span class='ocrx_word' id='word_1_52' title='bbox 246 1103 413 1159; x_wconf 87' lang='lat' dir='ltr'><strong>manis</strong></span> <span class='ocrx_word' id='word_1_53' title='bbox 438 1094 855 1167; x_wconf 74' lang='lat' dir='ltr'><strong>wgitationibus</strong></span> <span class='ocrx_word' id='word_1_54' title='bbox 877 1087 1124 1158; x_wconf 90' lang='lat' dir='ltr'><strong>obsequi,</strong></span> <span class='ocrx_word' id='word_1_55' title='bbox 1155 1095 1210 1140; x_wconf 89' lang='lat' dir='ltr'><strong>et</strong></span> <span class='ocrx_word' id='word_1_56' title='bbox 1238 1083 1504 1138; x_wconf 83' lang='lat' dir='ltr'><strong>curiosius</strong></span> <span class='ocrx_word' id='word_1_57' title='bbox 1553 1094 1614 1133; x_wconf 88' lang='lat' dir='ltr'><strong>ea</strong></span> <span class='ocrx_word' id='word_1_58' title='bbox 1664 1091 1783 1147; x_wconf 66' lang='lat' dir='ltr'><strong>qua:</strong></span> <span class='ocrx_word' id='word_1_59' title='bbox 1812 1089 1841 1127; x_wconf 90' lang='lat' dir='ltr'><strong>a</strong></span> 
     </span>
    </p>
   </div>
   <div class='ocr_carea' id='block_1_9' title="bbox 249 1169 1839 1257">
    <p class='ocr_par' dir='ltr' id='par_1_9' title="bbox 249 1169 1839 1257">
     <span class='ocr_line' id='line_1_9' title="bbox 249 1169 1839 1257; baseline -0.022 -7"><span class='ocrx_word' id='word_1_60' title='bbox 249 1196 353 1250; x_wconf 83' lang='lat' dir='ltr'><strong>Deo</strong></span> <span class='ocrx_word' id='word_1_61' title='bbox 383 1192 521 1246; x_wconf 83' lang='lat' dir='ltr'><strong>ﬁunt</strong></span> <span class='ocrx_word' id='word_1_62' title='bbox 560 1187 860 1257; x_wconf 77' lang='lat' dir='ltr'><strong>explorare,</strong></span> <span class='ocrx_word' id='word_1_63' title='bbox 891 1179 985 1235; x_wconf 87' lang='lat' dir='ltr'><strong>scd</strong></span> <span class='ocrx_word' id='word_1_64' title='bbox 1031 1175 1253 1232; x_wconf 81' lang='lat' dir='ltr'><strong>credere</strong></span> <span class='ocrx_word' id='word_1_65' title='bbox 1299 1174 1363 1227; x_wconf 87' lang='lat' dir='ltr'><strong>iis</strong></span> <span class='ocrx_word' id='word_1_66' title='bbox 1403 1188 1523 1241; x_wconf 77' lang='lat' dir='ltr'><strong>qua:</strong></span> <span class='ocrx_word' id='word_1_67' title='bbox 1571 1169 1839 1223; x_wconf 59' lang='lat' dir='ltr'><strong>dicuntur.</strong></span> 
     </span>
    </p>
   </div>
   <div class='ocr_carea' id='block_1_10' title="bbox 247 1258 1850 1354">
    <p class='ocr_par' dir='ltr' id='par_1_10' title="bbox 247 1258 1850 1354">
     <span class='ocr_line' id='line_1_10' title="bbox 247 1258 1850 1354; baseline -0.021 -12"><span class='ocrx_word' id='word_1_68' title='bbox 247 1287 377 1343; x_wconf 73' lang='lat' dir='ltr'><strong>Nam</strong></span> <span class='ocrx_word' id='word_1_69' title='bbox 404 1282 621 1354; x_wconf 79' lang='lat' dir='ltr'><strong>quando</strong></span> <span class='ocrx_word' id='word_1_70' title='bbox 655 1280 793 1332; x_wconf 86' lang='lat' dir='ltr'><strong>Deus</strong></span> <span class='ocrx_word' id='word_1_71' title='bbox 840 1271 1037 1342; x_wconf 88' lang='lat' dir='ltr'><strong>aliquid</strong></span> <span class='ocrx_word' id='word_1_72' title='bbox 1094 1267 1438 1338; x_wconf 77' lang='lat' dir='ltr'><strong>pronuntiat,</strong></span> <span class='ocrx_word' id='word_1_73' title='bbox 1485 1262 1643 1354; x_wconf 83' lang='lat' dir='ltr'><strong>dit-tis</strong></span> <span class='ocrx_word' id='word_1_74' title='bbox 1677 1258 1850 1354; x_wconf 78' lang='lat' dir='ltr'><strong>ipsius</strong></span> 
     </span>
    </p>
   </div>
   <div class='ocr_carea' id='block_1_11' title="bbox 245 1350 1847 1435">
    <p class='ocr_par' dir='ltr' id='par_1_11' title="bbox 245 1350 1847 1435">
     <span class='ocr_line' id='line_1_11' title="bbox 245 1350 1847 1435; baseline -0.021 -1"><span class='ocrx_word' id='word_1_75' title='bbox 245 1350 722 1435; x_wconf 72' lang='lat' dir='ltr'><strong>contradicendum</strong></span> <span class='ocrx_word' id='word_1_76' title='bbox 769 1380 874 1421; x_wconf 92' lang='lat' dir='ltr'><strong>non</strong></span> <span class='ocrx_word' id='word_1_77' title='bbox 912 1372 1015 1427; x_wconf 88' lang='lat' dir='ltr'><strong>est,</strong></span> <span class='ocrx_word' id='word_1_78' title='bbox 1048 1361 1141 1415; x_wconf 88' lang='lat' dir='ltr'><strong>sed</strong></span> <span class='ocrx_word' id='word_1_79' title='bbox 1177 1359 1283 1413; x_wconf 78' lang='lat' dir='ltr'><strong>(ide</strong></span> <span class='ocrx_word' id='word_1_80' title='bbox 1310 1356 1557 1423; x_wconf 72' lang='lat' dir='ltr'><strong>dignim-a</strong></span> <span class='ocrx_word' id='word_1_81' title='bbox 1604 1350 1847 1405; x_wconf 84' lang='lat' dir='ltr'><strong>habenda</strong></span> 
     </span>
    </p>
   </div>
   <div class='ocr_carea' id='block_1_12' title="bbox 247 1449 1843 1541">
    <p class='ocr_par' dir='ltr' id='par_1_12' title="bbox 247 1449 1843 1541">
     <span class='ocr_line' id='line_1_12' title="bbox 247 1449 1843 1541; baseline -0.021 -14"><span class='ocrx_word' id='word_1_82' title='bbox 247 1480 371 1527; x_wconf 86' lang='lat' dir='ltr'><strong>sunt</strong></span> <span class='ocrx_word' id='word_1_83' title='bbox 409 1484 532 1541; x_wconf 80' lang='lat' dir='ltr'><strong>qua:</strong></span> <span class='ocrx_word' id='word_1_84' title='bbox 568 1482 599 1520; x_wconf 84' lang='lat' dir='ltr'><strong>a</strong></span> <span class='ocrx_word' id='word_1_85' title='bbox 652 1464 760 1517; x_wconf 86' lang='lat' dir='ltr'><strong>Deo</strong></span> <span class='ocrx_word' id='word_1_86' title='bbox 798 1457 1228 1530; x_wconf 86' lang='lat' dir='ltr'><strong>pronuntiantur,</strong></span> <span class='ocrx_word' id='word_1_87' title='bbox 1261 1449 1470 1506; x_wconf 75' lang='lat' dir='ltr'><strong>etiamsi</strong></span> <span class='ocrx_word' id='word_1_88' title='bbox 1504 1462 1607 1501; x_wconf 90' lang='lat' dir='ltr'><strong>non</strong></span> <span class='ocrx_word' id='word_1_89' title='bbox 1628 1458 1843 1511; x_wconf 87' lang='lat' dir='ltr'><strong>compa-</strong></span> 
     </span>
    </p>
   </div>
   <div class='ocr_carea' id='block_1_13' title="bbox 250 1535 1848 1632">
    <p class='ocr_par' dir='ltr' id='par_1_13' title="bbox 250 1535 1848 1632">
     <span class='ocr_line' id='line_1_13' title="bbox 250 1535 1848 1632; baseline -0.023 -12"><span class='ocrx_word' id='word_1_90' title='bbox 250 1535 609 1632; x_wconf 43' lang='lat' dir='ltr'><strong>renisu-quam</strong></span> <span class='ocrx_word' id='word_1_91' title='bbox 625 1571 689 1611; x_wconf 89' lang='lat' dir='ltr'><strong>ea</strong></span> <span class='ocrx_word' id='word_1_92' title='bbox 701 1568 821 1624; x_wconf 66' lang='lat' dir='ltr'><strong>qua:</strong></span> <span class='ocrx_word' id='word_1_93' title='bbox 840 1549 1011 1605; x_wconf 88' lang='lat' dir='ltr'><strong>oculis</strong></span> <span class='ocrx_word' id='word_1_94' title='bbox 1028 1546 1226 1601; x_wconf 86' lang='lat' dir='ltr'><strong>nostris</strong></span> <span class='ocrx_word' id='word_1_95' title='bbox 1239 1542 1473 1611; x_wconf 86' lang='lat' dir='ltr'><strong>subjecta</strong></span> <span class='ocrx_word' id='word_1_96' title='bbox 1497 1546 1641 1593; x_wconf 89' lang='lat' dir='ltr'><strong>sunt.</strong></span> <span class='ocrx_word' id='word_1_97' title='bbox 1662 1535 1848 1632; x_wconf 48' lang='lat' dir='ltr'><strong>Enim-</strong></span> 
     </span>
    </p>
   </div>
   <div class='ocr_carea' id='block_1_14' title="bbox 250 1624 1848 1722">
    <p class='ocr_par' dir='ltr' id='par_1_14' title="bbox 250 1624 1848 1722">
     <span class='ocr_line' id='line_1_14' title="bbox 250 1624 1848 1722; baseline -0.023 -9"><span class='ocrx_word' id='word_1_98' title='bbox 250 1671 375 1713; x_wconf 81' lang='lat' dir='ltr'><strong>vero</strong></span> <span class='ocrx_word' id='word_1_99' title='bbox 402 1624 681 1722; x_wconf 66' lang='lat' dir='ltr'><strong>Scriptura</strong></span> <span class='ocrx_word' id='word_1_100' title='bbox 707 1644 864 1709; x_wconf 81' lang='lat' dir='ltr'><strong>dixit,</strong></span> <span class='ocrx_word' id='word_1_101' title='bbox 893 1640 1036 1712; x_wconf 85' lang='lat' dir='ltr'><strong>quod</strong></span> <span class='ocrx_word' id='word_1_102' title='bbox 1067 1634 1398 1692; x_wconf 86' lang='lat' dir='ltr'><strong>transtulerit</strong></span> <span class='ocrx_word' id='word_1_103' title='bbox 1421 1632 1590 1693; x_wconf 92' lang='lat' dir='ltr'><strong>illum,</strong></span> <span class='ocrx_word' id='word_1_104' title='bbox 1640 1624 1848 1722; x_wconf 71' lang='lat' dir='ltr'><strong>etquod</strong></span> 
     </span>
    </p>
   </div>
   <div class='ocr_carea' id='block_1_15' title="bbox 250 1719 1850 1806">
    <p class='ocr_par' dir='ltr' id='par_1_15' title="bbox 250 1719 1850 1806">
     <span class='ocr_line' id='line_1_15' title="bbox 250 1719 1850 1806; baseline -0.019 -3"><span class='ocrx_word' id='word_1_105' title='bbox 250 1719 903 1806; x_wconf 40' lang='lat' dir='ltr'><strong>viventem-transtulerit,</strong></span> <span class='ocrx_word' id='word_1_106' title='bbox 957 1750 1055 1789; x_wconf 90' lang='lat' dir='ltr'><strong>nec</strong></span> <span class='ocrx_word' id='word_1_107' title='bbox 1089 1740 1317 1787; x_wconf 89' lang='lat' dir='ltr'><strong>mortem</strong></span> <span class='ocrx_word' id='word_1_108' title='bbox 1346 1734 1600 1796; x_wconf 81' lang='lat' dir='ltr'><strong>expertus</strong></span> <span class='ocrx_word' id='word_1_109' title='bbox 1624 1723 1728 1787; x_wconf 91' lang='lat' dir='ltr'><strong>sit,</strong></span> <span class='ocrx_word' id='word_1_110' title='bbox 1757 1719 1850 1774; x_wconf 88' lang='lat' dir='ltr'><strong>sed</strong></span> 
     </span>
    </p>
   </div>
   <div class='ocr_carea' id='block_1_16' title="bbox 249 1818 1851 1905">
    <p class='ocr_par' dir='ltr' id='par_1_16' title="bbox 249 1818 1851 1905">
     <span class='ocr_line' id='line_1_16' title="bbox 249 1818 1851 1905; baseline -0.02 -9"><span class='ocrx_word' id='word_1_111' title='bbox 249 1840 319 1897; x_wconf 85' lang='lat' dir='ltr'><strong>ob</strong></span> <span class='ocrx_word' id='word_1_112' title='bbox 345 1853 525 1903; x_wconf 88' lang='lat' dir='ltr'><strong>suum,</strong></span> <span class='ocrx_word' id='word_1_113' title='bbox 564 1850 721 1905; x_wconf 82' lang='lat' dir='ltr'><strong>quem</strong></span> <span class='ocrx_word' id='word_1_114' title='bbox 751 1830 891 1901; x_wconf 89' lang='lat' dir='ltr'><strong>apud</strong></span> <span class='ocrx_word' id='word_1_115' title='bbox 915 1828 1082 1883; x_wconf 87' lang='lat' dir='ltr'><strong>Deum</strong></span> <span class='ocrx_word' id='word_1_116' title='bbox 1116 1823 1344 1878; x_wconf 85' lang='lat' dir='ltr'><strong>habebat</strong></span> <span class='ocrx_word' id='word_1_117' title='bbox 1369 1818 1603 1875; x_wconf 75' lang='lat' dir='ltr'><strong>favorem</strong></span> <span class='ocrx_word' id='word_1_118' title='bbox 1626 1857 1640 1879; x_wconf 95' lang='lat'><strong>,</strong></span> <span class='ocrx_word' id='word_1_119' title='bbox 1690 1826 1851 1879; x_wconf 83' lang='lat' dir='ltr'><strong>supe-</strong></span> 
     </span>
    </p>
   </div>
   <div class='ocr_carea' id='block_1_17' title="bbox 254 1911 1849 1987">
    <p class='ocr_par' dir='ltr' id='par_1_17' title="bbox 254 1911 1849 1987">
     <span class='ocr_line' id='line_1_17' title="bbox 254 1911 1849 1987; baseline -0.02 0"><span class='ocrx_word' id='word_1_120' title='bbox 254 1932 361 1987; x_wconf 90' lang='lat' dir='ltr'><strong>rior</strong></span> <span class='ocrx_word' id='word_1_121' title='bbox 389 1932 561 1984; x_wconf 79' lang='lat' dir='ltr'><strong>factus</strong></span> <span class='ocrx_word' id='word_1_122' title='bbox 591 1927 660 1980; x_wconf 89' lang='lat' dir='ltr'><strong>sit</strong></span> <span class='ocrx_word' id='word_1_123' title='bbox 685 1924 861 1979; x_wconf 84' lang='lat' dir='ltr'><strong>’divina</strong></span> <span class='ocrx_word' id='word_1_124' title='bbox 889 1916 1154 1974; x_wconf 84' lang='lat' dir='ltr'><strong>sententia</strong></span> <span class='ocrx_word' id='word_1_125' title='bbox 1177 1922 1364 1969; x_wconf 89' lang='lat' dir='ltr'><strong>contra</strong></span> <span class='ocrx_word' id='word_1_126' title='bbox 1418 1911 1709 1963; x_wconf 85' lang='lat' dir='ltr'><strong>luunauum</strong></span> <span class='ocrx_word' id='word_1_127' title='bbox 1755 1918 1849 1973; x_wconf 71' lang='lat' dir='ltr'><strong>ge-</strong></span> 
     </span>
    </p>
   </div>
   <div class='ocr_carea' id='block_1_18' title="bbox 255 2002 1855 2092">
    <p class='ocr_par' dir='ltr' id='par_1_18' title="bbox 255 2002 1855 2092">
     <span class='ocr_line' id='line_1_18' title="bbox 255 2002 1855 2092; baseline -0.02 -13"><span class='ocrx_word' id='word_1_128' title='bbox 255 2037 352 2079; x_wconf 84' lang='lat' dir='ltr'><strong>uus</strong></span> <span class='ocrx_word' id='word_1_129' title='bbox 378 2020 605 2092; x_wconf 87' lang='lat' dir='ltr'><strong>prolata.</strong></span> <span class='ocrx_word' id='word_1_130' title='bbox 636 2016 753 2084; x_wconf 83' lang='lat' dir='ltr'><strong>Quo</strong></span> <span class='ocrx_word' id='word_1_131' title='bbox 777 2021 954 2068; x_wconf 87' lang='lat' dir='ltr'><strong>autem</strong></span> <span class='ocrx_word' id='word_1_132' title='bbox 981 2010 1131 2064; x_wconf 86' lang='lat' dir='ltr'><strong>illum</strong></span> <span class='ocrx_word' id='word_1_133' title='bbox 1160 2002 1514 2069; x_wconf 86' lang='lat' dir='ltr'><strong>transtulerit,</strong></span> <span class='ocrx_word' id='word_1_134' title='bbox 1544 2008 1599 2054; x_wconf 89' lang='lat' dir='ltr'><strong>et</strong></span> <span class='ocrx_word' id='word_1_135' title='bbox 1626 2007 1855 2068; x_wconf 88' lang='lat' dir='ltr'><strong>quomo—</strong></span> 
     </span>
    </p>
   </div>
   <div class='ocr_carea' id='block_1_19' title="bbox 254 2102 1171 2181">
    <p class='ocr_par' dir='ltr' id='par_1_19' title="bbox 254 2102 1171 2181">
     <span class='ocr_line' id='line_1_19' title="bbox 254 2102 1171 2181; baseline -0.017 -10"><span class='ocrx_word' id='word_1_136' title='bbox 254 2117 322 2171; x_wconf 90' lang='lat' dir='ltr'><strong>do</strong></span> <span class='ocrx_word' id='word_1_137' title='bbox 345 2128 491 2169; x_wconf 89' lang='lat' dir='ltr'><strong>nunc</strong></span> <span class='ocrx_word' id='word_1_138' title='bbox 524 2119 669 2181; x_wconf 83' lang='lat' dir='ltr'><strong>agat,</strong></span> <span class='ocrx_word' id='word_1_139' title='bbox 701 2108 801 2162; x_wconf 85' lang='lat' dir='ltr'><strong>hoc</strong></span> <span class='ocrx_word' id='word_1_140' title='bbox 828 2121 937 2160; x_wconf 92' lang='lat' dir='ltr'><strong>non</strong></span> <span class='ocrx_word' id='word_1_141' title='bbox 956 2102 1171 2172; x_wconf 84' lang='lat' dir='ltr'><strong>adjecit.</strong></span> 
     </span>
    </p>
   </div>
   <div class='ocr_carea' id='block_1_20' title="bbox 328 2184 1855 2261">
    <p class='ocr_par' dir='ltr' id='par_1_20' title="bbox 328 2184 1855 2261">
     <span class='ocr_line' id='line_1_20' title="bbox 328 2184 1855 2261; baseline -0.016 -2"><span class='ocrx_word' id='word_1_142' title='bbox 328 2206 384 2261; x_wconf 86' lang='lat'><strong>5.</strong></span> <span class='ocrx_word' id='word_1_143' title='bbox 424 2201 622 2257; x_wconf 79' lang='lat' dir='ltr'><strong>Vidisti</strong></span> <span class='ocrx_word' id='word_1_144' title='bbox 652 2198 943 2255; x_wconf 84' lang='lat' dir='ltr'><strong>bonitatem</strong></span> <span class='ocrx_word' id='word_1_145' title='bbox 981 2191 1193 2249; x_wconf 88' lang='lat' dir='ltr'><strong>Domini</strong></span> <span class='ocrx_word' id='word_1_146' title='bbox 1214 2232 1229 2254; x_wconf 89' lang='lat'><strong>,</strong></span> <span class='ocrx_word' id='word_1_147' title='bbox 1261 2185 1534 2260; x_wconf 88' lang='lat' dir='ltr'><strong>quomodo</strong></span> <span class='ocrx_word' id='word_1_148' title='bbox 1560 2184 1855 2239; x_wconf 87' lang='lat' dir='ltr'><strong>inventum</strong></span> 
     </span>
    </p>
   </div>
   <div class='ocr_carea' id='block_1_21' title="bbox 258 2272 1860 2364">
    <p class='ocr_par' dir='ltr' id='par_1_21' title="bbox 258 2272 1860 2364">
     <span class='ocr_line' id='line_1_21' title="bbox 258 2272 1860 2364; baseline -0.016 -14"><span class='ocrx_word' id='word_1_149' title='bbox 258 2298 431 2353; x_wconf 79' lang='lat' dir='ltr'><strong>virum</strong></span> <span class='ocrx_word' id='word_1_150' title='bbox 481 2294 572 2364; x_wconf 88' lang='lat' dir='ltr'><strong>qui</strong></span> <span class='ocrx_word' id='word_1_151' title='bbox 601 2293 849 2345; x_wconf 84' lang='lat' dir='ltr'><strong>virtutem</strong></span> <span class='ocrx_word' id='word_1_152' title='bbox 899 2292 1150 2357; x_wconf 86' lang='lat' dir='ltr'><strong>operatus</strong></span> <span class='ocrx_word' id='word_1_153' title='bbox 1179 2290 1283 2346; x_wconf 88' lang='lat' dir='ltr'><strong>est,</strong></span> <span class='ocrx_word' id='word_1_154' title='bbox 1326 2295 1430 2334; x_wconf 92' lang='lat' dir='ltr'><strong>non</strong></span> <span class='ocrx_word' id='word_1_155' title='bbox 1474 2274 1740 2332; x_wconf 71' lang='lat' dir='ltr'><strong>fraudavit</strong></span> <span class='ocrx_word' id='word_1_156' title='bbox 1780 2272 1860 2327; x_wconf 84' lang='lat' dir='ltr'><strong>di-</strong></span> 
     </span>
    </p>
   </div>
   <div class='ocr_carea' id='block_1_22' title="bbox 258 2367 1859 2460">
    <p class='ocr_par' dir='ltr' id='par_1_22' title="bbox 258 2367 1859 2460">
     <span class='ocr_line' id='line_1_22' title="bbox 258 2367 1859 2460; baseline -0.015 -18"><span class='ocrx_word' id='word_1_157' title='bbox 258 2389 457 2460; x_wconf 88' lang='lat' dir='ltr'><strong>gnitate</strong></span> <span class='ocrx_word' id='word_1_158' title='bbox 482 2398 643 2455; x_wconf 83' lang='lat' dir='ltr'><strong>quam</strong></span> <span class='ocrx_word' id='word_1_159' title='bbox 672 2379 977 2452; x_wconf 73' lang='lat' dir='ltr'><strong>primigenia:</strong></span> <span class='ocrx_word' id='word_1_160' title='bbox 1006 2373 1205 2430; x_wconf 89' lang='lat' dir='ltr'><strong>homini</strong></span> <span class='ocrx_word' id='word_1_161' title='bbox 1237 2380 1363 2426; x_wconf 86' lang='lat' dir='ltr'><strong>ante</strong></span> <span class='ocrx_word' id='word_1_162' title='bbox 1391 2367 1628 2424; x_wconf 87' lang='lat' dir='ltr'><strong>mandati</strong></span> <span class='ocrx_word' id='word_1_163' title='bbox 1675 2374 1859 2460; x_wconf 75' lang='lat' dir='ltr'><strong>trans-</strong></span> 
     </span>
    </p>
   </div>
   <div class='ocr_carea' id='block_1_23' title="bbox 260 2457 1888 2547">
    <p class='ocr_par' dir='ltr' id='par_1_23' title="bbox 260 2457 1888 2547">
     <span class='ocr_line' id='line_1_23' title="bbox 260 2457 1888 2547; baseline -0.016 -13"><span class='ocrx_word' id='word_1_164' title='bbox 260 2457 592 2547; x_wconf 55' lang='lat' dir='ltr'><strong>gressionem</strong></span> <span class='ocrx_word' id='word_1_165' title='bbox 635 2472 856 2542; x_wconf 86' lang='lat' dir='ltr'><strong>largitus</strong></span> <span class='ocrx_word' id='word_1_166' title='bbox 894 2476 1010 2523; x_wconf 90' lang='lat' dir='ltr'><strong>erat</strong></span> <span class='ocrx_word' id='word_1_167' title='bbox 1040 2482 1054 2519; x_wconf 91' lang='lat'><strong>:</strong></span> <span class='ocrx_word' id='word_1_168' title='bbox 1087 2464 1289 2520; x_wconf 87' lang='lat' dir='ltr'><strong>docens</strong></span> <span class='ocrx_word' id='word_1_169' title='bbox 1323 2476 1421 2517; x_wconf 89' lang='lat' dir='ltr'><strong>nos</strong></span> <span class='ocrx_word' id='word_1_170' title='bbox 1445 2501 1461 2529; x_wconf 92' lang='lat'><strong>,</strong></span> <span class='ocrx_word' id='word_1_171' title='bbox 1493 2473 1552 2514; x_wconf 89' lang='lat' dir='ltr'><strong>se</strong></span> <span class='ocrx_word' id='word_1_172' title='bbox 1600 2468 1657 2514; x_wconf 91' lang='lat' dir='ltr'><strong>et</strong></span> <span class='ocrx_word' id='word_1_173' title='bbox 1684 2457 1854 2519; x_wconf 90' lang='lat' dir='ltr'><strong>illum,</strong></span> <span class='ocrx_word' id='word_1_174' title='bbox 1883 2532 1888 2538; x_wconf 12' lang='grc' dir='ltr'>ἡ</span> 
     </span>
    </p>
   </div>
   <div class='ocr_carea' id='block_1_24' title="bbox 262 2547 1863 2633">
    <p class='ocr_par' dir='ltr' id='par_1_24' title="bbox 262 2547 1863 2633">
     <span class='ocr_line' id='line_1_24' title="bbox 262 2547 1863 2633; baseline -0.017 -6"><span class='ocrx_word' id='word_1_175' title='bbox 262 2574 359 2627; x_wconf 80' lang='lat' dir='ltr'><strong>nisi</strong></span> <span class='ocrx_word' id='word_1_176' title='bbox 386 2567 653 2625; x_wconf 70' lang='lat' dir='ltr'><strong>dmmonis</strong></span> <span class='ocrx_word' id='word_1_177' title='bbox 678 2562 1047 2633; x_wconf 85' lang='lat' dir='ltr'><strong>deceptionem</strong></span> <span class='ocrx_word' id='word_1_178' title='bbox 1077 2557 1245 2628; x_wconf 86' lang='lat' dir='ltr'><strong>pluris</strong></span> <span class='ocrx_word' id='word_1_179' title='bbox 1275 2554 1487 2610; x_wconf 81' lang='lat' dir='ltr'><strong>fecisset</strong></span> <span class='ocrx_word' id='word_1_180' title='bbox 1516 2566 1674 2622; x_wconf 88' lang='lat' dir='ltr'><strong>quam</strong></span> <span class='ocrx_word' id='word_1_181' title='bbox 1706 2547 1863 2603; x_wconf 90' lang='lat' dir='ltr'><strong>tradi-</strong></span> 
     </span>
    </p>
   </div>
   <div class='ocr_carea' id='block_1_25' title="bbox 262 2643 1859 2719">
    <p class='ocr_par' dir='ltr' id='par_1_25' title="bbox 262 2643 1859 2719">
     <span class='ocr_line' id='line_1_25' title="bbox 262 2643 1859 2719; baseline -0.014 -3"><span class='ocrx_word' id='word_1_182' title='bbox 262 2674 370 2716; x_wconf 87' lang='lat' dir='ltr'><strong>tum</strong></span> <span class='ocrx_word' id='word_1_183' title='bbox 400 2650 738 2719; x_wconf 85' lang='lat' dir='ltr'><strong>mandatum,</strong></span> <span class='ocrx_word' id='word_1_184' title='bbox 769 2651 959 2710; x_wconf 88' lang='lat' dir='ltr'><strong>eodem</strong></span> <span class='ocrx_word' id='word_1_185' title='bbox 980 2650 1064 2704; x_wconf 85' lang='lat' dir='ltr'><strong>vel</strong></span> <span class='ocrx_word' id='word_1_186' title='bbox 1088 2646 1277 2717; x_wconf 84' lang='lat' dir='ltr'><strong>majori</strong></span> <span class='ocrx_word' id='word_1_187' title='bbox 1296 2646 1503 2701; x_wconf 84' lang='lat' dir='ltr'><strong>honore</strong></span> <span class='ocrx_word' id='word_1_188' title='bbox 1520 2643 1859 2713; x_wconf 85' lang='lat' dir='ltr'><strong>dignaturum</strong></span> 
     </span>
    </p>
   </div>
   <div class='ocr_carea' id='block_1_26' title="bbox 265 2737 1863 2811">
    <p class='ocr_par' dir='ltr' id='par_1_26' title="bbox 265 2737 1863 2811">
     <span class='ocr_line' id='line_1_26' title="bbox 265 2737 1863 2811; baseline -0.016 -3"><span class='ocrx_word' id='word_1_189' title='bbox 265 2751 472 2808; x_wconf 86' lang='lat' dir='ltr'><strong>fuisse?</strong></span> <span class='ocrx_word' id='word_1_190' title='bbox 497 2748 589 2804; x_wconf 77' lang='lat'><strong>25.</strong></span> <span class='ocrx_word' id='word_1_191' title='bbox 621 2746 686 2800; x_wconf 84' lang='lat' dir='ltr'><strong>Et</strong></span> <span class='ocrx_word' id='word_1_192' title='bbox 714 2745 865 2810; x_wconf 72' lang='lat' dir='ltr'><strong>vixit,</strong></span> <span class='ocrx_word' id='word_1_193' title='bbox 897 2740 1089 2811; x_wconf 85' lang='lat' dir='ltr'><strong>inquit,</strong></span> <span class='ocrx_word' id='word_1_194' title='bbox 1120 2737 1417 2792; x_wconf 78' lang='lat' dir='ltr'><strong>Mathusala</strong></span> <span class='ocrx_word' id='word_1_195' title='bbox 1454 2750 1618 2788; x_wconf 86' lang='lat' dir='ltr'><strong>annos</strong></span> <span class='ocrx_word' id='word_1_196' title='bbox 1664 2742 1863 2785; x_wconf 82' lang='lat' dir='ltr'><strong>centum</strong></span> 
     </span>
    </p>
   </div>
   <div class='ocr_carea' id='block_1_27' title="bbox 261 2821 1867 2912">
    <p class='ocr_par' dir='ltr' id='par_1_27' title="bbox 261 2821 1867 2912">
     <span class='ocr_line' id='line_1_27' title="bbox 261 2821 1867 2912; baseline -0.016 -13"><span class='ocrx_word' id='word_1_197' title='bbox 261 2856 305 2899; x_wconf 77' lang='lat' dir='ltr'><strong>et</strong></span> <span class='ocrx_word' id='word_1_198' title='bbox 327 2842 588 2912; x_wconf 74' lang='lat' dir='ltr'><strong>octoginta</strong></span> <span class='ocrx_word' id='word_1_199' title='bbox 611 2847 822 2909; x_wconf 87' lang='lat' dir='ltr'><strong>septem,</strong></span> <span class='ocrx_word' id='word_1_200' title='bbox 852 2844 896 2888; x_wconf 84' lang='lat' dir='ltr'><strong>et</strong></span> <span class='ocrx_word' id='word_1_201' title='bbox 921 2833 1094 2904; x_wconf 79' lang='lat' dir='ltr'><strong>genuit</strong></span> <span class='ocrx_word' id='word_1_202' title='bbox 1126 2830 1345 2884; x_wconf 81' lang='lat' dir='ltr'><strong>Lameclt</strong></span> <span class='ocrx_word' id='word_1_203' title='bbox 1377 2842 1398 2883; x_wconf 91' lang='lat'><strong><em>:</em></strong></span> <span class='ocrx_word' id='word_1_204' title='bbox 1421 2826 1514 2882; x_wconf 72' lang='lat'><strong>28.</strong></span> <span class='ocrx_word' id='word_1_205' title='bbox 1555 2836 1602 2880; x_wconf 89' lang='lat' dir='ltr'><strong>et</strong></span> <span class='ocrx_word' id='word_1_206' title='bbox 1624 2824 1747 2879; x_wconf 71' lang='lat' dir='ltr'><strong>uixit</strong></span> <span class='ocrx_word' id='word_1_207' title='bbox 1766 2821 1867 2901; x_wconf 47' lang='lat' dir='ltr'><strong>La.</strong></span> 
     </span>
    </p>
   </div>
   <div class='ocr_carea' id='block_1_28' title="bbox 261 2916 1863 2995">
    <p class='ocr_par' dir='ltr' id='par_1_28' title="bbox 261 2916 1863 2995">
     <span class='ocr_line' id='line_1_28' title="bbox 261 2916 1863 2995; baseline -0.015 -5"><span class='ocrx_word' id='word_1_208' title='bbox 261 2935 399 2990; x_wconf 61' lang='lat' dir='ltr'><strong>metu</strong></span> <span class='ocrx_word' id='word_1_209' title='bbox 419 2946 585 2986; x_wconf 81' lang='lat' dir='ltr'><strong>annos</strong></span> <span class='ocrx_word' id='word_1_210' title='bbox 611 2938 805 2983; x_wconf 82' lang='lat' dir='ltr'><strong>centum</strong></span> <span class='ocrx_word' id='word_1_211' title='bbox 827 2925 1112 2995; x_wconf 72' lang='lat' dir='ltr'><strong>octoginta,</strong></span> <span class='ocrx_word' id='word_1_212' title='bbox 1138 2920 1231 2977; x_wconf 77' lang='grc'><strong>29.</strong></span> <span class='ocrx_word' id='word_1_213' title='bbox 1268 2929 1318 2975; x_wconf 87' lang='lat' dir='ltr'><strong>et</strong></span> <span class='ocrx_word' id='word_1_214' title='bbox 1358 2917 1529 2991; x_wconf 79' lang='lat' dir='ltr'><strong>genuit</strong></span> <span class='ocrx_word' id='word_1_215' title='bbox 1576 2916 1765 2986; x_wconf 77' lang='lat' dir='ltr'><strong>ﬁlium,</strong></span> <span class='ocrx_word' id='word_1_216' title='bbox 1816 2922 1863 2968; x_wconf 87' lang='lat' dir='ltr'><strong>et</strong></span> 
     </span>
    </p>
   </div>
   <div class='ocr_carea' id='block_1_29' title="bbox 263 3011 1865 3099">
    <p class='ocr_par' dir='ltr' id='par_1_29' title="bbox 263 3011 1865 3099">
     <span class='ocr_line' id='line_1_29' title="bbox 263 3011 1865 3099; baseline -0.016 -16"><span class='ocrx_word' id='word_1_217' title='bbox 263 3026 540 3099; x_wconf 74' lang='lat' dir='ltr'><strong>appellauit</strong></span> <span class='ocrx_word' id='word_1_218' title='bbox 564 3038 743 3077; x_wconf 81' lang='lat' dir='ltr'><strong>nomen</strong></span> <span class='ocrx_word' id='word_1_219' title='bbox 764 3018 904 3074; x_wconf 85' lang='lat' dir='ltr'><strong>illius</strong></span> <span class='ocrx_word' id='word_1_220' title='bbox 932 3016 984 3070; x_wconf 84' lang='grc' dir='ltr'><em>Ν</em></span> <span class='ocrx_word' id='word_1_221' title='bbox 990 3033 1067 3081; x_wconf 90' lang='lat' dir='ltr'><strong>oe,</strong></span> <span class='ocrx_word' id='word_1_222' title='bbox 1092 3016 1299 3069; x_wconf 83' lang='lat' dir='ltr'><strong>dicens:</strong></span> <span class='ocrx_word' id='word_1_223' title='bbox 1326 3012 1427 3065; x_wconf 81' lang='lat' dir='ltr'><strong>Hic</strong></span> <span class='ocrx_word' id='word_1_224' title='bbox 1446 3011 1758 3080; x_wconf 72' lang='lat' dir='ltr'><strong>requiescere</strong></span> <span class='ocrx_word' id='word_1_225' title='bbox 1780 3012 1865 3079; x_wconf 78' lang='lat' dir='ltr'><strong>[a-</strong></span> 
     </span>
    </p>
   </div>
   <div class='ocr_carea' id='block_1_30' title="bbox 264 3107 1865 3186">
    <p class='ocr_par' dir='ltr' id='par_1_30' title="bbox 264 3107 1865 3186">
     <span class='ocr_line' id='line_1_30' title="bbox 264 3107 1865 3186; baseline -0.016 -8"><span class='ocrx_word' id='word_1_226' title='bbox 264 3127 355 3181; x_wconf 82' lang='lat' dir='ltr'><strong>ciet</strong></span> <span class='ocrx_word' id='word_1_227' title='bbox 384 3138 479 3177; x_wconf 83' lang='lat' dir='ltr'><strong>nos</strong></span> <span class='ocrx_word' id='word_1_228' title='bbox 498 3120 564 3174; x_wconf 77' lang='lat' dir='ltr'><strong>ab</strong></span> <span class='ocrx_word' id='word_1_229' title='bbox 585 3116 819 3186; x_wconf 72' lang='lat' dir='ltr'><strong>operibus</strong></span> <span class='ocrx_word' id='word_1_230' title='bbox 860 3113 1065 3178; x_wconf 80' lang='lat' dir='ltr'><strong>nostris,</strong></span> <span class='ocrx_word' id='word_1_231' title='bbox 1086 3120 1131 3165; x_wconf 85' lang='lat' dir='ltr'><strong>et</strong></span> <span class='ocrx_word' id='word_1_232' title='bbox 1154 3126 1186 3162; x_wconf 91' lang='lat' dir='ltr'><strong>a</strong></span> <span class='ocrx_word' id='word_1_233' title='bbox 1213 3107 1456 3162; x_wconf 81' lang='lat' dir='ltr'><strong>molestiis</strong></span> <span class='ocrx_word' id='word_1_234' title='bbox 1487 3120 1729 3158; x_wconf 85' lang='lat' dir='ltr'><strong>manuum</strong></span> <span class='ocrx_word' id='word_1_235' title='bbox 1772 3117 1865 3155; x_wconf 83' lang='lat' dir='ltr'><strong>no-</strong></span> 
     </span>
    </p>
   </div>
   <div class='ocr_carea' id='block_1_31' title="bbox 265 3192 1865 3277">
    <p class='ocr_par' dir='ltr' id='par_1_31' title="bbox 265 3192 1865 3277">
     <span class='ocr_line' id='line_1_31' title="bbox 265 3192 1865 3277; baseline -0.016 -6"><span class='ocrx_word' id='word_1_236' title='bbox 265 3225 510 3277; x_wconf 84' lang='lat' dir='ltr'><strong>strarum,</strong></span> <span class='ocrx_word' id='word_1_237' title='bbox 541 3222 588 3265; x_wconf 89' lang='lat' dir='ltr'><strong>et</strong></span> <span class='ocrx_word' id='word_1_238' title='bbox 634 3225 665 3262; x_wconf 88' lang='lat' dir='ltr'><strong>a</strong></span> <span class='ocrx_word' id='word_1_239' title='bbox 712 3217 847 3261; x_wconf 88' lang='lat' dir='ltr'><strong>terra</strong></span> <span class='ocrx_word' id='word_1_240' title='bbox 887 3219 1042 3275; x_wconf 82' lang='lat' dir='ltr'><strong>quam</strong></span> <span class='ocrx_word' id='word_1_241' title='bbox 1089 3198 1354 3254; x_wconf 77' lang='lat' dir='ltr'><strong>maledixit</strong></span> <span class='ocrx_word' id='word_1_242' title='bbox 1402 3196 1655 3250; x_wconf 85' lang='lat' dir='ltr'><strong>Dominus</strong></span> <span class='ocrx_word' id='word_1_243' title='bbox 1707 3192 1865 3246; x_wconf 86' lang='lat' dir='ltr'><strong>Deus.</strong></span> 
     </span>
    </p>
   </div>
   <div class='ocr_carea' id='block_1_32' title="bbox 271 3284 1866 3372">
    <p class='ocr_par' dir='ltr' id='par_1_32' title="bbox 271 3284 1866 3372">
     <span class='ocr_line' id='line_1_32' title="bbox 271 3284 1866 3372; baseline -0.016 -8"><span class='ocrx_word' id='word_1_244' title='bbox 271 3308 396 3364; x_wconf 88' lang='lat' dir='ltr'><strong>Vide</strong></span> <span class='ocrx_word' id='word_1_245' title='bbox 420 3306 617 3361; x_wconf 87' lang='lat' dir='ltr'><strong>iterum</strong></span> <span class='ocrx_word' id='word_1_246' title='bbox 648 3316 743 3372; x_wconf 90' lang='lat' dir='ltr'><strong>per</strong></span> <span class='ocrx_word' id='word_1_247' title='bbox 768 3296 1177 3369; x_wconf 71' lang='lat' dir='ltr'><strong>appellationem</strong></span> <span class='ocrx_word' id='word_1_248' title='bbox 1208 3307 1351 3347; x_wconf 90' lang='lat' dir='ltr'><strong>nunc</strong></span> <span class='ocrx_word' id='word_1_249' title='bbox 1380 3292 1487 3345; x_wconf 88' lang='lat' dir='ltr'><strong>nati</strong></span> <span class='ocrx_word' id='word_1_250' title='bbox 1533 3305 1599 3343; x_wconf 82' lang='lat' dir='ltr'><strong>ex</strong></span> <span class='ocrx_word' id='word_1_251' title='bbox 1634 3284 1866 3342; x_wconf 86' lang='lat' dir='ltr'><strong>Lamch</strong></span> 
     </span>
    </p>
   </div>
   <div class='ocr_carea' id='block_1_33' title="bbox 268 3380 1865 3480">
    <p class='ocr_par' dir='ltr' id='par_1_33' title="bbox 268 3380 1865 3480">
     <span class='ocr_line' id='line_1_33' title="bbox 268 3380 1865 3480; baseline -0.015 -24"><span class='ocrx_word' id='word_1_252' title='bbox 268 3399 651 3473; x_wconf 79' lang='lat' dir='ltr'><strong>mysteriorum</strong></span> <span class='ocrx_word' id='word_1_253' title='bbox 684 3390 1102 3480; x_wconf 75' lang='lat' dir='ltr'><strong>magnitudinem</strong></span> <span class='ocrx_word' id='word_1_254' title='bbox 1123 3429 1138 3451; x_wconf 94' lang='lat'><strong>,</strong></span> <span class='ocrx_word' id='word_1_255' title='bbox 1171 3383 1404 3440; x_wconf 85' lang='lat' dir='ltr'><strong>vaticinii</strong></span> <span class='ocrx_word' id='word_1_256' title='bbox 1452 3380 1825 3437; x_wconf 80' lang='lat' dir='ltr'><strong>excellentiam</strong></span> <span class='ocrx_word' id='word_1_257' title='bbox 1851 3418 1865 3441; x_wconf 88' lang='lat'><strong>,</strong></span> 
     </span>
    </p>
   </div>
   <div class='ocr_carea' id='block_1_34' title="bbox 265 3472 1868 3549">
    <p class='ocr_par' dir='ltr' id='par_1_34' title="bbox 265 3472 1868 3549">
     <span class='ocr_line' id='line_1_34' title="bbox 265 3472 1868 3549; baseline -0.014 -3"><span class='ocrx_word' id='word_1_258' title='bbox 265 3472 329 3549; x_wconf 87' lang='lat' dir='ltr'><strong>et</strong></span> <span class='ocrx_word' id='word_1_259' title='bbox 350 3492 445 3547; x_wconf 86' lang='lat' dir='ltr'><strong>Dei</strong></span> <span class='ocrx_word' id='word_1_260' title='bbox 473 3488 606 3545; x_wconf 85' lang='lat' dir='ltr'><strong>boni</strong></span> <span class='ocrx_word' id='word_1_261' title='bbox 630 3472 959 3541; x_wconf 81' lang='lat' dir='ltr'><strong>ineffabilem</strong></span> <span class='ocrx_word' id='word_1_262' title='bbox 989 3478 1392 3549; x_wconf 77' lang='lat' dir='ltr'><strong>benignitatem.</strong></span> <span class='ocrx_word' id='word_1_263' title='bbox 1423 3473 1687 3542; x_wconf 85' lang='lat' dir='ltr'><strong>Quoniam</strong></span> <span class='ocrx_word' id='word_1_264' title='bbox 1725 3472 1868 3526; x_wconf 90' lang='lat' dir='ltr'><strong>enim</strong></span> 
     </span>
    </p>
   </div>
   <div class='ocr_carea' id='block_1_35' title="bbox 270 3555 1873 3655">
    <p class='ocr_par' dir='ltr' id='par_1_35' title="bbox 270 3555 1873 3655">
     <span class='ocr_line' id='line_1_35' title="bbox 270 3555 1873 3655; baseline -0.016 -15"><span class='ocrx_word' id='word_1_265' title='bbox 270 3580 606 3655; x_wconf 70' lang='lat' dir='ltr'><strong>przescientia</strong></span> <span class='ocrx_word' id='word_1_266' title='bbox 635 3591 731 3632; x_wconf 87' lang='lat' dir='ltr'><strong>sua</strong></span> <span class='ocrx_word' id='word_1_267' title='bbox 754 3571 1090 3645; x_wconf 72' lang='lat' dir='ltr'><strong>prmvidebat</strong></span> <span class='ocrx_word' id='word_1_268' title='bbox 1131 3584 1193 3624; x_wconf 92' lang='lat' dir='ltr'><strong>ea</strong></span> <span class='ocrx_word' id='word_1_269' title='bbox 1223 3582 1343 3638; x_wconf 64' lang='lat' dir='ltr'><strong>quas</strong></span> <span class='ocrx_word' id='word_1_270' title='bbox 1380 3565 1551 3619; x_wconf 90' lang='lat' dir='ltr'><strong>futura</strong></span> <span class='ocrx_word' id='word_1_271' title='bbox 1596 3555 1784 3625; x_wconf 58' lang='lat' dir='ltr'><strong>erant;</strong></span> <span class='ocrx_word' id='word_1_272' title='bbox 1814 3568 1873 3655; x_wconf 89' lang='lat' dir='ltr'><strong>nt</strong></span> 
     </span>
    </p>
   </div>
   <div class='ocr_carea' id='block_1_36' title="bbox 271 3654 1873 3730">
    <p class='ocr_par' dir='ltr' id='par_1_36' title="bbox 271 3654 1873 3730">
     <span class='ocr_line' id='line_1_36' title="bbox 271 3654 1873 3730; baseline -0.014 -2"><span class='ocrx_word' id='word_1_273' title='bbox 271 3654 399 3730; x_wconf 85' lang='lat' dir='ltr'><strong>vidit</strong></span> <span class='ocrx_word' id='word_1_274' title='bbox 425 3670 689 3727; x_wconf 88' lang='lat' dir='ltr'><strong>malitiam</strong></span> <span class='ocrx_word' id='word_1_275' title='bbox 722 3666 1003 3722; x_wconf 85' lang='lat' dir='ltr'><strong>hominum</strong></span> <span class='ocrx_word' id='word_1_276' title='bbox 1030 3663 1083 3716; x_wconf 92' lang='lat' dir='ltr'><strong>in</strong></span> <span class='ocrx_word' id='word_1_277' title='bbox 1128 3660 1243 3715; x_wconf 85' lang='lat' dir='ltr'><strong>dies</strong></span> <span class='ocrx_word' id='word_1_278' title='bbox 1281 3660 1449 3729; x_wconf 79' lang='lat' dir='ltr'><strong>magis</strong></span> <span class='ocrx_word' id='word_1_279' title='bbox 1497 3668 1654 3725; x_wconf 89' lang='lat' dir='ltr'><strong>atque</strong></span> <span class='ocrx_word' id='word_1_280' title='bbox 1702 3654 1873 3724; x_wconf 84' lang='lat' dir='ltr'><strong>magis</strong></span> 
     </span>
    </p>
   </div>
   <div class='ocr_carea' id='block_1_37' title="bbox 272 3746 1874 3831">
    <p class='ocr_par' dir='ltr' id='par_1_37' title="bbox 272 3746 1874 3831">
     <span class='ocr_line' id='line_1_37' title="bbox 272 3746 1874 3831; baseline -0.016 -8"><span class='ocrx_word' id='word_1_281' title='bbox 272 3769 597 3827; x_wconf 90' lang='lat' dir='ltr'><strong>increscere,</strong></span> <span class='ocrx_word' id='word_1_282' title='bbox 619 3757 861 3831; x_wconf 68' lang='lat' dir='ltr'><strong>praedicit</strong></span> <span class='ocrx_word' id='word_1_283' title='bbox 878 3771 975 3826; x_wconf 90' lang='lat' dir='ltr'><strong>per</strong></span> <span class='ocrx_word' id='word_1_284' title='bbox 996 3752 1406 3825; x_wconf 86' lang='lat' dir='ltr'><strong>appellationem</strong></span> <span class='ocrx_word' id='word_1_285' title='bbox 1428 3748 1573 3818; x_wconf 92' lang='lat' dir='ltr'><strong>pueri</strong></span> <span class='ocrx_word' id='word_1_286' title='bbox 1599 3746 1736 3801; x_wconf 88' lang='lat' dir='ltr'><strong>mala</strong></span> <span class='ocrx_word' id='word_1_287' title='bbox 1756 3760 1874 3815; x_wconf 74' lang='lat' dir='ltr'><strong>qua:</strong></span> 
     </span>
    </p>
   </div>
   <div class='ocr_carea' id='block_1_38' title="bbox 273 3837 1875 3920">
    <p class='ocr_par' dir='ltr' id='par_1_38' title="bbox 273 3837 1875 3920">
     <span class='ocr_line' id='line_1_38' title="bbox 273 3837 1875 3920; baseline -0.014 -7"><span class='ocrx_word' id='word_1_288' title='bbox 273 3867 441 3913; x_wconf 89' lang='lat' dir='ltr'><strong>totum</strong></span> <span class='ocrx_word' id='word_1_289' title='bbox 465 3856 759 3909; x_wconf 89' lang='lat' dir='ltr'><strong>humanum</strong></span> <span class='ocrx_word' id='word_1_290' title='bbox 786 3860 954 3920; x_wconf 84' lang='lat' dir='ltr'><strong>genus</strong></span> <span class='ocrx_word' id='word_1_291' title='bbox 980 3846 1224 3899; x_wconf 87' lang='lat' dir='ltr'><strong>invasnra</strong></span> <span class='ocrx_word' id='word_1_292' title='bbox 1256 3849 1460 3905; x_wconf 89' lang='lat' dir='ltr'><strong>essent,</strong></span> <span class='ocrx_word' id='word_1_293' title='bbox 1485 3848 1541 3892; x_wconf 91' lang='lat' dir='ltr'><strong>ut</strong></span> <span class='ocrx_word' id='word_1_294' title='bbox 1573 3837 1653 3892; x_wconf 78' lang='lat' dir='ltr'><strong>vel</strong></span> <span class='ocrx_word' id='word_1_295' title='bbox 1682 3837 1875 3891; x_wconf 86' lang='lat' dir='ltr'><strong>timore</strong></span> 
     </span>
    </p>
   </div>
   <div class='ocr_carea' id='block_1_39' title="bbox 270 3928 1877 4018">
    <p class='ocr_par' dir='ltr' id='par_1_39' title="bbox 270 3928 1877 4018">
     <span class='ocr_line' id='line_1_39' title="bbox 270 3928 1877 4018; baseline -0.016 -12"><span class='ocrx_word' id='word_1_296' title='bbox 270 3947 511 4018; x_wconf 63' lang='lat' dir='ltr'><strong>castigati</strong></span> <span class='ocrx_word' id='word_1_297' title='bbox 544 3943 943 3999; x_wconf 88' lang='lat' dir='ltr'><strong>abducerentur</strong></span> <span class='ocrx_word' id='word_1_298' title='bbox 968 3952 998 3990; x_wconf 91' lang='lat' dir='ltr'><strong>a</strong></span> <span class='ocrx_word' id='word_1_299' title='bbox 1030 3935 1191 3998; x_wconf 89' lang='lat' dir='ltr'><strong>vitiis,</strong></span> <span class='ocrx_word' id='word_1_300' title='bbox 1226 3941 1279 3987; x_wconf 89' lang='lat' dir='ltr'><strong>et</strong></span> <span class='ocrx_word' id='word_1_301' title='bbox 1307 3932 1743 4000; x_wconf 77' lang='lat' dir='ltr'><strong>amplexarentur</strong></span> <span class='ocrx_word' id='word_1_302' title='bbox 1770 3928 1877 3981; x_wconf 87' lang='lat' dir='ltr'><strong>vir-</strong></span> 
     </span>
    </p>
   </div>
   <div class='ocr_carea' id='block_1_40' title="bbox 275 4023 1879 4103">
    <p class='ocr_par' dir='ltr' id='par_1_40' title="bbox 275 4023 1879 4103">
     <span class='ocr_line' id='line_1_40' title="bbox 275 4023 1879 4103; baseline -0.012 -9"><span class='ocrx_word' id='word_1_303' title='bbox 275 4050 461 4095; x_wconf 86' lang='lat' dir='ltr'><strong>tutem.</strong></span> <span class='ocrx_word' id='word_1_304' title='bbox 498 4036 569 4091; x_wconf 84' lang='lat' dir='ltr'><strong>Et</strong></span> <span class='ocrx_word' id='word_1_305' title='bbox 597 4034 718 4089; x_wconf 82' lang='lat' dir='ltr'><strong>vide</strong></span> <span class='ocrx_word' id='word_1_306' title='bbox 761 4027 1071 4103; x_wconf 85' lang='lat' dir='ltr'><strong>patientiam</strong></span> <span class='ocrx_word' id='word_1_307' title='bbox 1100 4024 1307 4081; x_wconf 88' lang='lat' dir='ltr'><strong>Domini</strong></span> <span class='ocrx_word' id='word_1_308' title='bbox 1336 4023 1598 4085; x_wconf 87' lang='lat' dir='ltr'><strong>curantis,</strong></span> <span class='ocrx_word' id='word_1_309' title='bbox 1652 4029 1709 4075; x_wconf 90' lang='lat' dir='ltr'><strong>ut</strong></span> <span class='ocrx_word' id='word_1_310' title='bbox 1751 4029 1879 4074; x_wconf 87' lang='lat' dir='ltr'><strong>ante</strong></span> 
     </span>
    </p>
   </div>
   <div class='ocr_carea' id='block_1_41' title="bbox 278 4114 1876 4195">
    <p class='ocr_par' dir='ltr' id='par_1_41' title="bbox 278 4114 1876 4195">
     <span class='ocr_line' id='line_1_41' title="bbox 278 4114 1876 4195; baseline -0.013 -9"><span class='ocrx_word' id='word_1_311' title='bbox 278 4140 484 4187; x_wconf 89' lang='lat' dir='ltr'><strong>tantum</strong></span> <span class='ocrx_word' id='word_1_312' title='bbox 534 4135 749 4195; x_wconf 90' lang='lat' dir='ltr'><strong>tempus</strong></span> <span class='ocrx_word' id='word_1_313' title='bbox 772 4119 1081 4176; x_wconf 86' lang='lat' dir='ltr'><strong>vaticinium</strong></span> <span class='ocrx_word' id='word_1_314' title='bbox 1122 4114 1480 4187; x_wconf 79' lang='lat' dir='ltr'><strong>pra-cederet,</strong></span> <span class='ocrx_word' id='word_1_315' title='bbox 1528 4122 1585 4167; x_wconf 88' lang='lat' dir='ltr'><strong>ut</strong></span> <span class='ocrx_word' id='word_1_316' title='bbox 1625 4120 1679 4168; x_wconf 89' lang='lat' dir='ltr'><strong>et</strong></span> <span class='ocrx_word' id='word_1_317' title='bbox 1725 4127 1876 4165; x_wconf 87' lang='lat' dir='ltr'><strong>suam</strong></span> 
     </span>
    </p>
   </div>
   <div class='ocr_carea' id='block_1_42' title="bbox 279 4203 1878 4278">
    <p class='ocr_par' dir='ltr' id='par_1_42' title="bbox 279 4203 1878 4278">
     <span class='ocr_line' id='line_1_42' title="bbox 279 4203 1878 4278; baseline -0.013 0"><span class='ocrx_word' id='word_1_318' title='bbox 279 4221 587 4278; x_wconf 66' lang='lat' dir='ltr'><strong>ostendaet</strong></span> <span class='ocrx_word' id='word_1_319' title='bbox 606 4211 1049 4273; x_wconf 80' lang='lat' dir='ltr'><strong>misericordiam,</strong></span> <span class='ocrx_word' id='word_1_320' title='bbox 1071 4218 1127 4266; x_wconf 90' lang='lat' dir='ltr'><strong>et</strong></span> <span class='ocrx_word' id='word_1_321' title='bbox 1146 4207 1289 4264; x_wconf 93' lang='lat' dir='ltr'><strong>omni</strong></span> <span class='ocrx_word' id='word_1_322' title='bbox 1310 4207 1541 4277; x_wconf 82' lang='lat' dir='ltr'><strong>privaret</strong></span> <span class='ocrx_word' id='word_1_323' title='bbox 1568 4203 1878 4260; x_wconf 79' lang='lat' dir='ltr'><strong>defensione</strong></span> 
     </span>
    </p>
   </div>
   <div class='ocr_carea' id='block_1_43' title="bbox 283 4302 1338 4386">
    <p class='ocr_par' dir='ltr' id='par_1_43' title="bbox 283 4302 1338 4386">
     <span class='ocr_line' id='line_1_43' title="bbox 283 4302 1338 4386; baseline -0.019 -11"><span class='ocrx_word' id='word_1_324' title='bbox 283 4333 375 4374; x_wconf 79' lang='lat' dir='ltr'><strong>eos</strong></span> <span class='ocrx_word' id='word_1_325' title='bbox 404 4315 494 4386; x_wconf 89' lang='lat' dir='ltr'><strong>qui</strong></span> <span class='ocrx_word' id='word_1_326' title='bbox 528 4327 704 4383; x_wconf 64' lang='lat' dir='ltr'><strong>ptume</strong></span> <span class='ocrx_word' id='word_1_327' title='bbox 735 4306 898 4363; x_wconf 80' lang='lat' dir='ltr'><strong>futuri</strong></span> <span class='ocrx_word' id='word_1_328' title='bbox 926 4314 1077 4361; x_wconf 85' lang='lat' dir='ltr'><strong>erant</strong></span> <span class='ocrx_word' id='word_1_329' title='bbox 1102 4302 1338 4357; x_wconf 76' lang='lat' dir='ltr'><strong>obnoxii.</strong></span> 
     </span>
    </p>
   </div>
   <div class='ocr_carea' id='block_1_44' title="bbox 355 4388 1881 4474">
    <p class='ocr_par' dir='ltr' id='par_1_44' title="bbox 355 4388 1881 4474">
     <span class='ocr_line' id='line_1_44' title="bbox 355 4388 1881 4474; baseline -0.013 -11"><span class='ocrx_word' id='word_1_330' title='bbox 355 4408 456 4462; x_wconf 83' lang='lat' dir='ltr'><strong>Per</strong></span> <span class='ocrx_word' id='word_1_331' title='bbox 476 4405 714 4474; x_wconf 85' lang='lat' dir='ltr'><strong>indignos</strong></span> <span class='ocrx_word' id='word_1_332' title='bbox 740 4399 992 4455; x_wconf 79' lang='lat' dir='ltr'><strong>interdum</strong></span> <span class='ocrx_word' id='word_1_333' title='bbox 1023 4396 1197 4466; x_wconf 78' lang='lat' dir='ltr'><strong>futura</strong></span> <span class='ocrx_word' id='word_1_334' title='bbox 1220 4391 1431 4463; x_wconf 72' lang='lat' dir='ltr'><strong>prardici</strong></span> <span class='ocrx_word' id='word_1_335' title='bbox 1453 4390 1556 4444; x_wconf 83' lang='lat' dir='ltr'><strong>vult</strong></span> <span class='ocrx_word' id='word_1_336' title='bbox 1596 4388 1731 4443; x_wconf 83' lang='lat' dir='ltr'><strong>Deus</strong></span> <span class='ocrx_word' id='word_1_337' title='bbox 1783 4388 1881 4444; x_wconf 81' lang='lat' dir='ltr'><strong>Ge-</strong></span> 
     </span>
    </p>
   </div>
   <div class='ocr_carea' id='block_1_45' title="bbox 284 4482 1882 4559">
    <p class='ocr_par' dir='ltr' id='par_1_45' title="bbox 284 4482 1882 4559">
     <span class='ocr_line' id='line_1_45' title="bbox 284 4482 1882 4559; baseline -0.011 -5"><span class='ocrx_word' id='word_1_338' title='bbox 284 4504 415 4555; x_wconf 79' lang='lat' dir='ltr'><strong>neris</strong></span> <span class='ocrx_word' id='word_1_339' title='bbox 456 4497 671 4551; x_wconf 81' lang='lat' dir='ltr'><strong>humani</strong></span> <span class='ocrx_word' id='word_1_340' title='bbox 711 4493 943 4547; x_wconf 84' lang='lat' dir='ltr'><strong>interitus</strong></span> <span class='ocrx_word' id='word_1_341' title='bbox 973 4490 1114 4559; x_wconf 83' lang='lat' dir='ltr'><strong>quies</strong></span> <span class='ocrx_word' id='word_1_342' title='bbox 1141 4497 1443 4541; x_wconf 77' lang='lat' dir='ltr'><strong>vocatur.-—-</strong></span> <span class='ocrx_word' id='word_1_343' title='bbox 1458 4484 1567 4539; x_wconf 86' lang='lat' dir='ltr'><strong>Sed</strong></span> <span class='ocrx_word' id='word_1_344' title='bbox 1596 4482 1734 4537; x_wconf 87' lang='lat' dir='ltr'><strong>forte</strong></span> <span class='ocrx_word' id='word_1_345' title='bbox 1763 4482 1882 4551; x_wconf 86' lang='lat' dir='ltr'><strong>quis</strong></span> 
     </span>
    </p>
   </div>
   <div class='ocr_carea' id='block_1_46' title="bbox 290 4572 1877 4646">
    <p class='ocr_par' dir='ltr' id='par_1_46' title="bbox 290 4572 1877 4646">
     <span class='ocr_line' id='line_1_46' title="bbox 290 4572 1877 4646; baseline -0.014 -1"><span class='ocrx_word' id='word_1_346' title='bbox 290 4590 487 4646; x_wconf 80' lang='lat' dir='ltr'><strong>dixerit</strong></span> <span class='ocrx_word' id='word_1_347' title='bbox 519 4606 532 4642; x_wconf 92' lang='lat'>:</span> <span class='ocrx_word' id='word_1_348' title='bbox 563 4584 719 4642; x_wconf 85' lang='lat' dir='ltr'><strong>Unde</strong></span> <span class='ocrx_word' id='word_1_349' title='bbox 741 4578 973 4638; x_wconf 61' lang='lat' dir='ltr'><strong>L&#39;ameclt</strong></span> <span class='ocrx_word' id='word_1_350' title='bbox 1005 4579 1108 4633; x_wconf 87' lang='lat' dir='ltr'><strong>hoc</strong></span> <span class='ocrx_word' id='word_1_351' title='bbox 1135 4576 1337 4639; x_wconf 86' lang='lat' dir='ltr'><strong>habuit,</strong></span> <span class='ocrx_word' id='word_1_352' title='bbox 1392 4584 1450 4629; x_wconf 91' lang='lat' dir='ltr'><strong>ut</strong></span> <span class='ocrx_word' id='word_1_353' title='bbox 1498 4583 1700 4627; x_wconf 88' lang='lat' dir='ltr'><strong>tantum</strong></span> <span class='ocrx_word' id='word_1_354' title='bbox 1744 4572 1877 4625; x_wconf 83' lang='lat' dir='ltr'><strong>vati-</strong></span> 
     </span>
    </p>
   </div>
   <div class='ocr_carea' id='block_1_47' title="bbox 284 4666 1881 4748">
    <p class='ocr_par' dir='ltr' id='par_1_47' title="bbox 284 4666 1881 4748">
     <span class='ocr_line' id='line_1_47' title="bbox 284 4666 1881 4748; baseline -0.014 -11"><span class='ocrx_word' id='word_1_355' title='bbox 284 4684 484 4738; x_wconf 90' lang='lat' dir='ltr'><strong>cinium</strong></span> <span class='ocrx_word' id='word_1_356' title='bbox 513 4672 866 4748; x_wconf 74' lang='lat' dir='ltr'><strong>prrediceret?</strong></span> <span class='ocrx_word' id='word_1_357' title='bbox 893 4686 997 4726; x_wconf 94' lang='lat' dir='ltr'><strong>non</strong></span> <span class='ocrx_word' id='word_1_358' title='bbox 1029 4670 1171 4725; x_wconf 91' lang='lat' dir='ltr'><strong>enim</strong></span> <span class='ocrx_word' id='word_1_359' title='bbox 1196 4668 1441 4721; x_wconf 91' lang='lat' dir='ltr'><strong>meminit</strong></span> <span class='ocrx_word' id='word_1_360' title='bbox 1465 4666 1745 4734; x_wconf 87' lang='lat' dir='ltr'><strong>Scriptura</strong></span> <span class='ocrx_word' id='word_1_361' title='bbox 1761 4678 1881 4719; x_wconf 91' lang='lat' dir='ltr'><strong>eum</strong></span> 
     </span>
    </p>
   </div>
   <div class='ocr_carea' id='block_1_48' title="bbox 290 4754 1886 4828">
    <p class='ocr_par' dir='ltr' id='par_1_48' title="bbox 290 4754 1886 4828">
     <span class='ocr_line' id='line_1_48' title="bbox 290 4754 1886 4828; baseline -0.011 -3"><span class='ocrx_word' id='word_1_362' title='bbox 290 4772 453 4825; x_wconf 89' lang='lat' dir='ltr'><strong>multa</strong></span> <span class='ocrx_word' id='word_1_363' title='bbox 464 4770 663 4822; x_wconf 85' lang='lat' dir='ltr'><strong>virtute</strong></span> <span class='ocrx_word' id='word_1_364' title='bbox 678 4764 956 4828; x_wconf 87' lang='lat' dir='ltr'><strong>claruisse,</strong></span> <span class='ocrx_word' id='word_1_365' title='bbox 972 4759 1450 4827; x_wconf 86' lang='lat' dir='ltr'><strong>admirabilemque</strong></span> <span class='ocrx_word' id='word_1_366' title='bbox 1473 4756 1653 4810; x_wconf 55' lang='lat' dir='ltr'><strong>fuisse.</strong></span> <span class='ocrx_word' id='word_1_367' title='bbox 1687 4754 1763 4809; x_wconf 80' lang='lat' dir='ltr'><strong>Ne</strong></span> <span class='ocrx_word' id='word_1_368' title='bbox 1786 4755 1886 4808; x_wconf 89' lang='lat' dir='ltr'><strong>mi-</strong></span> 
     </span>
    </p>
   </div>
   <div class='ocr_carea' id='block_1_49' title="bbox 289 4846 1888 4924">
    <p class='ocr_par' dir='ltr' id='par_1_49' title="bbox 289 4846 1888 4924">
     <span class='ocr_line' id='line_1_49' title="bbox 289 4846 1888 4924; baseline -0.011 -7"><span class='ocrx_word' id='word_1_369' title='bbox 289 4862 446 4924; x_wconf 80' lang='lat' dir='ltr'><strong>reris,</strong></span> <span class='ocrx_word' id='word_1_370' title='bbox 477 4859 672 4913; x_wconf 83' lang='lat' dir='ltr'><strong>dilecte</strong></span> <span class='ocrx_word' id='word_1_371' title='bbox 698 4873 711 4907; x_wconf 91' lang='lat'><strong>:</strong></span> <span class='ocrx_word' id='word_1_372' title='bbox 745 4856 999 4909; x_wconf 88' lang='lat' dir='ltr'><strong>Dominus</strong></span> <span class='ocrx_word' id='word_1_373' title='bbox 1025 4851 1169 4906; x_wconf 91' lang='lat' dir='ltr'><strong>enim</strong></span> <span class='ocrx_word' id='word_1_374' title='bbox 1198 4856 1381 4904; x_wconf 84' lang='lat' dir='ltr'><strong>noster</strong></span> <span class='ocrx_word' id='word_1_375' title='bbox 1400 4848 1615 4916; x_wconf 85' lang='lat' dir='ltr'><strong>sapiens</strong></span> <span class='ocrx_word' id='word_1_376' title='bbox 1630 4855 1683 4900; x_wconf 90' lang='lat' dir='ltr'><strong>et</strong></span> <span class='ocrx_word' id='word_1_377' title='bbox 1713 4846 1888 4900; x_wconf 83' lang='lat' dir='ltr'><strong>omni-</strong></span> 
     </span>
    </p>
   </div>
   <div class='ocr_carea' id='block_1_50' title="bbox 293 4939 1889 5023">
    <p class='ocr_par' dir='ltr' id='par_1_50' title="bbox 293 4939 1889 5023">
     <span class='ocr_line' id='line_1_50' title="bbox 293 4939 1889 5023; baseline -0.01 -17"><span class='ocrx_word' id='word_1_378' title='bbox 293 4961 502 5023; x_wconf 75' lang='lat' dir='ltr'><strong>potens,</strong></span> <span class='ocrx_word' id='word_1_379' title='bbox 536 4964 634 5019; x_wconf 86' lang='lat' dir='ltr'><strong>per</strong></span> <span class='ocrx_word' id='word_1_380' title='bbox 672 4945 922 5016; x_wconf 79' lang='lat' dir='ltr'><strong>indignos</strong></span> <span class='ocrx_word' id='word_1_381' title='bbox 964 4956 1107 5013; x_wconf 64' lang='lat' dir='ltr'><strong>stupe</strong></span> <span class='ocrx_word' id='word_1_382' title='bbox 1151 4939 1397 4995; x_wconf 87' lang='lat' dir='ltr'><strong>concedit</strong></span> <span class='ocrx_word' id='word_1_383' title='bbox 1426 4939 1637 5007; x_wconf 68' lang='lat' dir='ltr'><strong>prmdici</strong></span> <span class='ocrx_word' id='word_1_384' title='bbox 1668 4951 1889 5007; x_wconf 87' lang='lat' dir='ltr'><strong>magnas</strong></span> 
     </span>
    </p>
   </div>
   <div class='ocr_carea' id='block_1_51' title="bbox 294 5030 1892 5108">
    <p class='ocr_par' dir='ltr' id='par_1_51' title="bbox 294 5030 1892 5108">
     <span class='ocr_line' id='line_1_51' title="bbox 294 5030 1892 5108; baseline -0.009 -10"><span class='ocrx_word' id='word_1_385' title='bbox 294 5040 672 5108; x_wconf 79' lang='lat' dir='ltr'><strong>mirabilesque</strong></span> <span class='ocrx_word' id='word_1_386' title='bbox 710 5051 797 5091; x_wconf 90' lang='lat' dir='ltr'><strong>res</strong></span> <span class='ocrx_word' id='word_1_387' title='bbox 828 5052 843 5089; x_wconf 89' lang='lat'><strong>:</strong></span> <span class='ocrx_word' id='word_1_388' title='bbox 895 5033 1056 5103; x_wconf 89' lang='lat' dir='ltr'><strong>idque</strong></span> <span class='ocrx_word' id='word_1_389' title='bbox 1096 5048 1202 5087; x_wconf 87' lang='lat' dir='ltr'><strong>non</strong></span> <span class='ocrx_word' id='word_1_390' title='bbox 1235 5031 1288 5086; x_wconf 89' lang='lat' dir='ltr'><strong>in</strong></span> <span class='ocrx_word' id='word_1_391' title='bbox 1336 5030 1514 5087; x_wconf 82' lang='lat' dir='ltr'><strong>Veteri</strong></span> <span class='ocrx_word' id='word_1_392' title='bbox 1544 5030 1892 5085; x_wconf 86' lang='lat' dir='ltr'><strong>Testamento</strong></span> 
     </span>
    </p>
   </div>
   <div class='ocr_carea' id='block_1_52' title="bbox 295 5120 1895 5195">
    <p class='ocr_par' dir='ltr' id='par_1_52' title="bbox 295 5120 1895 5195">
     <span class='ocr_line' id='line_1_52' title="bbox 295 5120 1895 5195; baseline -0.007 -9"><span class='ocrx_word' id='word_1_393' title='bbox 295 5133 490 5195; x_wconf 91' lang='lat' dir='ltr'><strong>solum,</strong></span> <span class='ocrx_word' id='word_1_394' title='bbox 516 5129 613 5184; x_wconf 89' lang='lat' dir='ltr'><strong>sed</strong></span> <span class='ocrx_word' id='word_1_395' title='bbox 642 5138 698 5181; x_wconf 91' lang='lat' dir='ltr'><strong>et</strong></span> <span class='ocrx_word' id='word_1_396' title='bbox 724 5128 774 5181; x_wconf 91' lang='lat' dir='ltr'><strong>in</strong></span> <span class='ocrx_word' id='word_1_397' title='bbox 819 5125 989 5180; x_wconf 84' lang='lat' dir='ltr'><strong>Novo.</strong></span> <span class='ocrx_word' id='word_1_398' title='bbox 1022 5123 1160 5179; x_wconf 85' lang='lat' dir='ltr'><strong>Audi</strong></span> <span class='ocrx_word' id='word_1_399' title='bbox 1203 5122 1346 5178; x_wconf 91' lang='lat' dir='ltr'><strong>enim</strong></span> <span class='ocrx_word' id='word_1_400' title='bbox 1386 5122 1770 5191; x_wconf 73' lang='lat' dir='ltr'><strong>evangelistam</strong></span> <span class='ocrx_word' id='word_1_401' title='bbox 1824 5120 1895 5175; x_wconf 90' lang='lat' dir='ltr'><strong>de</strong></span> 
     </span>
    </p>
   </div>
   <div class='ocr_carea' id='block_1_53' title="bbox 294 5212 1895 5293">
    <p class='ocr_par' dir='ltr' id='par_1_53' title="bbox 294 5212 1895 5293">
     <span class='ocr_line' id='line_1_53' title="bbox 294 5212 1895 5293; baseline -0.007 -16"><span class='ocrx_word' id='word_1_402' title='bbox 294 5222 493 5293; x_wconf 77' lang='lat' dir='ltr'><strong>Caipha</strong></span> <span class='ocrx_word' id='word_1_403' title='bbox 524 5219 831 5274; x_wconf 72' lang='lat' dir='ltr'><strong>Judmorum</strong></span> <span class='ocrx_word' id='word_1_404' title='bbox 865 5214 1115 5285; x_wconf 86' lang='lat' dir='ltr'><strong>pontifice</strong></span> <span class='ocrx_word' id='word_1_405' title='bbox 1134 5215 1399 5270; x_wconf 90' lang='lat' dir='ltr'><strong>dicentem</strong></span> <span class='ocrx_word' id='word_1_406' title='bbox 1435 5230 1454 5267; x_wconf 88' lang='lat'><strong><em>:</em></strong></span> <span class='ocrx_word' id='word_1_407' title='bbox 1502 5212 1615 5266; x_wconf 84' lang='lat' dir='ltr'><strong>Hoc</strong></span> <span class='ocrx_word' id='word_1_408' title='bbox 1656 5223 1825 5266; x_wconf 83' lang='lat' dir='ltr'><strong>autem</strong></span> <span class='ocrx_word' id='word_1_409' title='bbox 1862 5228 1895 5266; x_wconf 83' lang='grc' dir='ltr'><em>α</em></span> 
     </span>
    </p>
   </div>
   <div class='ocr_carea' id='block_1_54' title="bbox 296 5304 1891 5381">
    <p class='ocr_par' dir='ltr' id='par_1_54' title="bbox 296 5304 1891 5381">
     <span class='ocr_line' id='line_1_54' title="bbox 296 5304 1891 5381; baseline -0.007 -12"><span class='ocrx_word' id='word_1_410' title='bbox 296 5314 563 5381; x_wconf 81' lang='lat' dir='ltr'><strong>semetipso</strong></span> <span class='ocrx_word' id='word_1_411' title='bbox 604 5326 706 5364; x_wconf 88' lang='lat' dir='ltr'><strong>non</strong></span> <span class='ocrx_word' id='word_1_412' title='bbox 728 5309 876 5373; x_wconf 74' lang='lat' dir='ltr'><strong>dixit,</strong></span> <span class='ocrx_word' id='word_1_413' title='bbox 903 5307 991 5362; x_wconf 83' lang='lat' dir='ltr'><strong>sed</strong></span> <span class='ocrx_word' id='word_1_414' title='bbox 1017 5324 1133 5360; x_wconf 88' lang='lat' dir='ltr'><strong>cum</strong></span> <span class='ocrx_word' id='word_1_415' title='bbox 1171 5316 1296 5361; x_wconf 83' lang='lat' dir='ltr'><strong>esset</strong></span> <span class='ocrx_word' id='word_1_416' title='bbox 1324 5306 1555 5376; x_wconf 72' lang='lat' dir='ltr'><strong>pontifex</strong></span> <span class='ocrx_word' id='word_1_417' title='bbox 1574 5304 1697 5358; x_wconf 88' lang='lat' dir='ltr'><strong>anni</strong></span> <span class='ocrx_word' id='word_1_418' title='bbox 1718 5304 1857 5358; x_wconf 86' lang='lat' dir='ltr'><strong>illius</strong></span> <span class='ocrx_word' id='word_1_419' title='bbox 1874 5345 1891 5371; x_wconf 94' lang='lat'><strong>,</strong></span> 
     </span>
    </p>
   </div>
   <div class='ocr_carea' id='block_1_55' title="bbox 298 5396 1896 5477">
    <p class='ocr_par' dir='ltr' id='par_1_55' title="bbox 298 5396 1896 5477">
     <span class='ocr_line' id='line_1_55' title="bbox 298 5396 1896 5477; baseline -0.008 -16"><span class='ocrx_word' id='word_1_420' title='bbox 298 5404 537 5477; x_wconf 58' lang='lat' dir='ltr'><strong>praedixit</strong></span> <span class='ocrx_word' id='word_1_421' title='bbox 567 5402 865 5455; x_wconf 85' lang='lat' dir='ltr'><strong>moriturum</strong></span> <span class='ocrx_word' id='word_1_422' title='bbox 894 5414 998 5453; x_wconf 89' lang='lat' dir='ltr'><strong>esse</strong></span> <span class='ocrx_word' id='word_1_423' title='bbox 1018 5397 1215 5463; x_wconf 77' lang='lat' dir='ltr'><strong>Iesum,</strong></span> <span class='ocrx_word' id='word_1_424' title='bbox 1242 5414 1344 5451; x_wconf 84' lang='lat' dir='ltr'><strong>non</strong></span> <span class='ocrx_word' id='word_1_425' title='bbox 1381 5396 1546 5452; x_wconf 86' lang='lat' dir='ltr'><strong>solum</strong></span> <span class='ocrx_word' id='word_1_426' title='bbox 1567 5413 1660 5467; x_wconf 84' lang='lat' dir='ltr'><strong>pro</strong></span> <span class='ocrx_word' id='word_1_427' title='bbox 1682 5398 1896 5467; x_wconf 81' lang='lat' dir='ltr'><strong>populo,</strong></span> 
     </span>
    </p>
   </div>
   <div class='ocr_carea' id='block_1_56' title="bbox 301 5489 1895 5568">
    <p class='ocr_par' dir='ltr' id='par_1_56' title="bbox 301 5489 1895 5568">
     <span class='ocr_line' id='line_1_56' title="bbox 301 5489 1895 5568; baseline -0.008 -14"><span class='ocrx_word' id='word_1_428' title='bbox 301 5499 385 5554; x_wconf 84' lang='lat' dir='ltr'><strong>sed</strong></span> <span class='ocrx_word' id='word_1_429' title='bbox 430 5506 487 5552; x_wconf 83' lang='lat' dir='ltr'><strong>ut</strong></span> <span class='ocrx_word' id='word_1_430' title='bbox 509 5504 680 5568; x_wconf 80' lang='lat' dir='ltr'><strong>gentes</strong></span> <span class='ocrx_word' id='word_1_431' title='bbox 715 5494 972 5562; x_wconf 83' lang='lat' dir='ltr'><strong>dispersas</strong></span> <span class='ocrx_word' id='word_1_432' title='bbox 995 5498 1321 5561; x_wconf 62' lang='lat' dir='ltr'><strong>congregaret</strong></span> <span class='ocrx_word' id='word_1_433' title='bbox 1348 5489 1400 5543; x_wconf 91' lang='lat' dir='ltr'><strong>in</strong></span> <span class='ocrx_word' id='word_1_434' title='bbox 1426 5506 1586 5543; x_wconf 87' lang='lat' dir='ltr'><strong>unum</strong></span> <span class='ocrx_word' id='word_1_435' title='bbox 1620 5489 1895 5560; x_wconf 81' lang='lat' dir='ltr'><strong>(Joan.H.</strong></span> 
     </span>
    </p>
   </div>
   <div class='ocr_carea' id='block_1_57' title="bbox 308 5581 1901 5659">
    <p class='ocr_par' dir='ltr' id='par_1_57' title="bbox 308 5581 1901 5659">
     <span class='ocr_line' id='line_1_57' title="bbox 308 5581 1901 5659; baseline -0.007 -14"><span class='ocrx_word' id='word_1_436' title='bbox 308 5590 419 5659; x_wconf 78' lang='grc'><strong>51).</strong></span> <span class='ocrx_word' id='word_1_437' title='bbox 442 5587 688 5642; x_wconf 83' lang='lat' dir='ltr'><strong>Invenies</strong></span> <span class='ocrx_word' id='word_1_438' title='bbox 717 5586 843 5641; x_wconf 89' lang='lat' dir='ltr'><strong>item</strong></span> <span class='ocrx_word' id='word_1_439' title='bbox 873 5592 925 5638; x_wconf 90' lang='lat' dir='ltr'><strong>et</strong></span> <span class='ocrx_word' id='word_1_440' title='bbox 949 5598 977 5637; x_wconf 85' lang='lat' dir='ltr'><strong>a</strong></span> <span class='ocrx_word' id='word_1_441' title='bbox 1008 5583 1221 5636; x_wconf 81' lang='lat' dir='ltr'><strong>Balaam</strong></span> <span class='ocrx_word' id='word_1_442' title='bbox 1251 5583 1355 5637; x_wconf 89' lang='lat' dir='ltr'><strong>tale</strong></span> <span class='ocrx_word' id='word_1_443' title='bbox 1385 5581 1513 5652; x_wconf 89' lang='lat' dir='ltr'><strong>quid</strong></span> <span class='ocrx_word' id='word_1_444' title='bbox 1545 5582 1762 5637; x_wconf 88' lang='lat' dir='ltr'><strong>factum.</strong></span> <span class='ocrx_word' id='word_1_445' title='bbox 1797 5582 1901 5635; x_wconf 83' lang='lat' dir='ltr'><strong>Vo-</strong></span> 
     </span>
    </p>
   </div>
   <div class='ocr_carea' id='block_1_58' title="bbox 304 5674 1896 5743">
    <p class='ocr_par' dir='ltr' id='par_1_58' title="bbox 304 5674 1896 5743">
     <span class='ocr_line' id='line_1_58' title="bbox 304 5674 1896 5743; baseline -0.006 -7"><span class='ocrx_word' id='word_1_446' title='bbox 304 5689 452 5735; x_wconf 80' lang='lat' dir='ltr'><strong>catus</strong></span> <span class='ocrx_word' id='word_1_447' title='bbox 480 5677 623 5734; x_wconf 88' lang='lat' dir='ltr'><strong>enim</strong></span> <span class='ocrx_word' id='word_1_448' title='bbox 674 5685 727 5731; x_wconf 92' lang='lat' dir='ltr'><strong>ut</strong></span> <span class='ocrx_word' id='word_1_449' title='bbox 761 5674 1103 5731; x_wconf 87' lang='lat' dir='ltr'><strong>malediceret</strong></span> <span class='ocrx_word' id='word_1_450' title='bbox 1132 5675 1388 5743; x_wconf 80' lang='lat' dir='ltr'><strong>pepulum</strong></span> <span class='ocrx_word' id='word_1_451' title='bbox 1409 5715 1423 5738; x_wconf 93' lang='lat'><strong>,</strong></span> <span class='ocrx_word' id='word_1_452' title='bbox 1451 5689 1558 5728; x_wconf 90' lang='lat' dir='ltr'><strong>non</strong></span> <span class='ocrx_word' id='word_1_453' title='bbox 1585 5674 1756 5728; x_wconf 90' lang='lat' dir='ltr'><strong>solum</strong></span> <span class='ocrx_word' id='word_1_454' title='bbox 1791 5687 1896 5727; x_wconf 90' lang='lat' dir='ltr'><strong>non</strong></span> 
     </span>
    </p>
   </div>
   <div class='ocr_carea' id='block_1_59' title="bbox 308 5764 1898 5837">
    <p class='ocr_par' dir='ltr' id='par_1_59' title="bbox 308 5764 1898 5837">
     <span class='ocr_line' id='line_1_59' title="bbox 308 5764 1898 5837; baseline -0.004 -12"><span class='ocrx_word' id='word_1_455' title='bbox 308 5768 600 5835; x_wconf 75' lang='lat' dir='ltr'><strong>maledixit,</strong></span> <span class='ocrx_word' id='word_1_456' title='bbox 630 5767 725 5823; x_wconf 85' lang='lat' dir='ltr'><strong>sed</strong></span> <span class='ocrx_word' id='word_1_457' title='bbox 747 5776 803 5822; x_wconf 90' lang='lat' dir='ltr'><strong>et</strong></span> <span class='ocrx_word' id='word_1_458' title='bbox 827 5766 1073 5837; x_wconf 58' lang='lat' dir='ltr'><strong>pradixit</strong></span> <span class='ocrx_word' id='word_1_459' title='bbox 1100 5766 1294 5819; x_wconf 86' lang='lat' dir='ltr'><strong>multas</strong></span> <span class='ocrx_word' id='word_1_460' title='bbox 1325 5764 1594 5834; x_wconf 84' lang='lat' dir='ltr'><strong>mirasque</strong></span> <span class='ocrx_word' id='word_1_461' title='bbox 1620 5779 1741 5827; x_wconf 91' lang='lat' dir='ltr'><strong>res,</strong></span> <span class='ocrx_word' id='word_1_462' title='bbox 1792 5779 1898 5819; x_wconf 85' lang='lat' dir='ltr'><strong>non</strong></span> 
     </span>
    </p>
   </div>
   <div class='ocr_carea' id='block_1_60' title="bbox 307 5855 1894 5933">
    <p class='ocr_par' dir='ltr' id='par_1_60' title="bbox 307 5855 1894 5933">
     <span class='ocr_line' id='line_1_60' title="bbox 307 5855 1894 5933; baseline -0.003 -14"><span class='ocrx_word' id='word_1_463' title='bbox 307 5859 373 5919; x_wconf 82' lang='lat' dir='ltr'><strong>de</strong></span> <span class='ocrx_word' id='word_1_464' title='bbox 400 5860 597 5933; x_wconf 86' lang='lat' dir='ltr'><strong>populo</strong></span> <span class='ocrx_word' id='word_1_465' title='bbox 624 5868 853 5929; x_wconf 83' lang='lat' dir='ltr'><strong>tantum,</strong></span> <span class='ocrx_word' id='word_1_466' title='bbox 875 5860 968 5915; x_wconf 87' lang='lat' dir='ltr'><strong>sed</strong></span> <span class='ocrx_word' id='word_1_467' title='bbox 998 5858 1158 5917; x_wconf 87' lang='lat' dir='ltr'><strong>etiam</strong></span> <span class='ocrx_word' id='word_1_468' title='bbox 1204 5857 1274 5913; x_wconf 88' lang='lat' dir='ltr'><strong>de</strong></span> <span class='ocrx_word' id='word_1_469' title='bbox 1324 5856 1552 5914; x_wconf 84' lang='lat' dir='ltr'><strong>adventu</strong></span> <span class='ocrx_word' id='word_1_470' title='bbox 1596 5855 1894 5915; x_wconf 81' lang='lat' dir='ltr'><strong>Salvatoris</strong></span> 
     </span>
    </p>
   </div>
   <div class='ocr_carea' id='block_1_61' title="bbox 1312 402 2414 471">
    <p class='ocr_par' dir='ltr' id='par_1_61' title="bbox 1312 402 2414 471">
     <span class='ocr_line' id='line_1_61' title="bbox 1312 402 2414 471; baseline -0.01 0"><span class='ocrx_word' id='word_1_471' title='bbox 1312 412 1376 471; x_wconf 85' lang='lat' dir='ltr'><strong>IN</strong></span> <span class='ocrx_word' id='word_1_472' title='bbox 1414 410 1567 469; x_wconf 76' lang='lat' dir='ltr'><strong>CAP.</strong></span> <span class='ocrx_word' id='word_1_473' title='bbox 1611 408 1673 464; x_wconf 88' lang='lat' dir='ltr'><strong>V.</strong></span> <span class='ocrx_word' id='word_1_474' title='bbox 1715 405 1958 464; x_wconf 68' lang='lat' dir='ltr'><strong>GENES.</strong></span> <span class='ocrx_word' id='word_1_475' title='bbox 2002 404 2229 462; x_wconf 76' lang='lat' dir='ltr'><strong>llOMlL.</strong></span> <span class='ocrx_word' id='word_1_476' title='bbox 2272 402 2414 463; x_wconf 74' lang='lat' dir='ltr'><strong>XXI.</strong></span> 
     </span>
    </p>
   </div>
   <div class='ocr_carea' id='block_1_62' title="bbox 3460 398 3559 453">
    <p class='ocr_par' dir='ltr' id='par_1_62' title="bbox 3460 398 3559 453">
     <span class='ocr_line' id='line_1_62' title="bbox 3460 398 3559 453; baseline -0.04 0"><span class='ocrx_word' id='word_1_477' title='bbox 3460 398 3559 453; x_wconf 65' lang='lat'><strong>189</strong></span> 
     </span>
    </p>
   </div>
   <div class='ocr_carea' id='block_1_63' title="bbox 1960 513 3555 591">
    <p class='ocr_par' dir='ltr' id='par_1_63' title="bbox 1960 513 3555 591">
     <span class='ocr_line' id='line_1_63' title="bbox 1960 513 3555 591; baseline -0.006 -15"><span class='ocrx_word' id='word_1_478' title='bbox 1960 523 2127 577; x_wconf 78' lang='lat' dir='ltr'><strong>nostri</strong></span> <span class='ocrx_word' id='word_1_479' title='bbox 2153 519 2341 590; x_wconf 81' lang='lat' dir='ltr'><strong>(Nam.</strong></span> <span class='ocrx_word' id='word_1_480' title='bbox 2372 520 2489 591; x_wconf 62' lang='grc' dir='ltr'><strong>ει).</strong></span> <span class='ocrx_word' id='word_1_481' title='bbox 2516 518 2630 573; x_wconf 82' lang='lat' dir='ltr'><strong>Non</strong></span> <span class='ocrx_word' id='word_1_482' title='bbox 2664 518 2823 589; x_wconf 80' lang='lat' dir='ltr'><strong>igitur</strong></span> <span class='ocrx_word' id='word_1_483' title='bbox 2854 516 3085 583; x_wconf 85' lang='lat' dir='ltr'><strong>mireris,</strong></span> <span class='ocrx_word' id='word_1_484' title='bbox 3130 513 3174 570; x_wconf 89' lang='lat' dir='ltr'><strong>si</strong></span> <span class='ocrx_word' id='word_1_485' title='bbox 3224 515 3383 569; x_wconf 85' lang='lat' dir='ltr'><strong>etiam</strong></span> <span class='ocrx_word' id='word_1_486' title='bbox 3415 531 3555 569; x_wconf 78' lang='lat' dir='ltr'><strong>nunc</strong></span> 
     </span>
    </p>
   </div>
   <div class='ocr_carea' id='block_1_64' title="bbox 1954 607 3556 681">
    <p class='ocr_par' dir='ltr' id='par_1_64' title="bbox 1954 607 3556 681">
     <span class='ocr_line' id='line_1_64' title="bbox 1954 607 3556 681; baseline -0.003 -15"><span class='ocrx_word' id='word_1_487' title='bbox 1954 611 2188 666; x_wconf 77' lang='lat' dir='ltr'><strong>Lamecli</strong></span> <span class='ocrx_word' id='word_1_488' title='bbox 2214 612 2281 665; x_wconf 90' lang='lat' dir='ltr'><strong>ita</strong></span> <span class='ocrx_word' id='word_1_489' title='bbox 2316 627 2539 681; x_wconf 89' lang='lat' dir='ltr'><strong>puerum</strong></span> <span class='ocrx_word' id='word_1_490' title='bbox 2569 610 2869 680; x_wconf 78' lang='lat' dir='ltr'><strong>appellarit.</strong></span> <span class='ocrx_word' id='word_1_491' title='bbox 2891 608 2985 663; x_wconf 89' lang='lat' dir='ltr'><strong>sed</strong></span> <span class='ocrx_word' id='word_1_492' title='bbox 3018 609 3125 662; x_wconf 76' lang='lat' dir='ltr'><strong>Deo</strong></span> <span class='ocrx_word' id='word_1_493' title='bbox 3158 615 3326 661; x_wconf 89' lang='lat' dir='ltr'><strong>totum</strong></span> <span class='ocrx_word' id='word_1_494' title='bbox 3360 607 3556 672; x_wconf 88' lang='lat' dir='ltr'><strong>tribue,</strong></span> 
     </span>
    </p>
   </div>
   <div class='ocr_carea' id='block_1_65' title="bbox 1952 697 3558 772">
    <p class='ocr_par' dir='ltr' id='par_1_65' title="bbox 1952 697 3558 772">
     <span class='ocr_line' id='line_1_65' title="bbox 1952 697 3558 772; baseline -0.001 -19"><span class='ocrx_word' id='word_1_495' title='bbox 1952 703 2041 772; x_wconf 93' lang='lat' dir='ltr'><strong>qui</strong></span> <span class='ocrx_word' id='word_1_496' title='bbox 2068 704 2251 757; x_wconf 84' lang='lat' dir='ltr'><strong>solerti</strong></span> <span class='ocrx_word' id='word_1_497' title='bbox 2276 718 2370 756; x_wconf 89' lang='lat' dir='ltr'><strong>sua</strong></span> <span class='ocrx_word' id='word_1_498' title='bbox 2400 702 2662 772; x_wconf 83' lang='lat' dir='ltr'><strong>sapientia</strong></span> <span class='ocrx_word' id='word_1_499' title='bbox 2691 711 2881 757; x_wconf 87' lang='lat' dir='ltr'><strong>cuncta</strong></span> <span class='ocrx_word' id='word_1_500' title='bbox 2910 701 3208 771; x_wconf 85' lang='lat' dir='ltr'><strong>dispensat.</strong></span> <span class='ocrx_word' id='word_1_501' title='bbox 3258 697 3327 753; x_wconf 80' lang='lat' dir='ltr'><strong>Et</strong></span> <span class='ocrx_word' id='word_1_502' title='bbox 3367 701 3558 753; x_wconf 74' lang='lat' dir='ltr'><strong>vocavit</strong></span> 
     </span>
    </p>
   </div>
   <div class='ocr_carea' id='block_1_66' title="bbox 1953 792 3555 862">
    <p class='ocr_par' dir='ltr' id='par_1_66' title="bbox 1953 792 3555 862">
     <span class='ocr_line' id='line_1_66' title="bbox 1953 792 3555 862; baseline -0.003 -15"><span class='ocrx_word' id='word_1_503' title='bbox 1953 809 2136 847; x_wconf 85' lang='lat' dir='ltr'><strong>nomen</strong></span> <span class='ocrx_word' id='word_1_504' title='bbox 2159 793 2296 848; x_wconf 83' lang='lat' dir='ltr'><strong>illius</strong></span> <span class='ocrx_word' id='word_1_505' title='bbox 2326 792 2457 847; x_wconf 88' lang='lat' dir='ltr'><strong>Noe.</strong></span> <span class='ocrx_word' id='word_1_506' title='bbox 2485 793 2596 848; x_wconf 86' lang='lat' dir='ltr'><strong>lloc</strong></span> <span class='ocrx_word' id='word_1_507' title='bbox 2640 808 2860 855; x_wconf 89' lang='lat' dir='ltr'><strong>nomen,</strong></span> <span class='ocrx_word' id='word_1_508' title='bbox 2912 794 2955 848; x_wconf 90' lang='lat' dir='ltr'><strong>si</strong></span> <span class='ocrx_word' id='word_1_509' title='bbox 3002 792 3123 862; x_wconf 89' lang='lat' dir='ltr'><strong>quis</strong></span> <span class='ocrx_word' id='word_1_510' title='bbox 3154 793 3555 860; x_wconf 84' lang='lat' dir='ltr'><strong>interpretetur,</strong></span> 
     </span>
    </p>
   </div>
   <div class='ocr_carea' id='block_1_67' title="bbox 1953 878 3557 955">
    <p class='ocr_par' dir='ltr' id='par_1_67' title="bbox 1953 878 3557 955">
     <span class='ocr_line' id='line_1_67' title="bbox 1953 878 3557 955; baseline -0.004 -18"><span class='ocrx_word' id='word_1_511' title='bbox 1953 885 2186 955; x_wconf 87' lang='lat' dir='ltr'><strong>quietem</strong></span> <span class='ocrx_word' id='word_1_512' title='bbox 2215 886 2362 938; x_wconf 86' lang='lat' dir='ltr'><strong>dicit.</strong></span> <span class='ocrx_word' id='word_1_513' title='bbox 2395 884 2641 950; x_wconf 86' lang='lat' dir='ltr'><strong>Quietem</strong></span> <span class='ocrx_word' id='word_1_514' title='bbox 2683 894 2863 939; x_wconf 90' lang='lat' dir='ltr'><strong>autem</strong></span> <span class='ocrx_word' id='word_1_515' title='bbox 2896 891 3052 937; x_wconf 91' lang='lat' dir='ltr'><strong>vocat</strong></span> <span class='ocrx_word' id='word_1_516' title='bbox 3075 881 3382 952; x_wconf 78' lang='lat' dir='ltr'><strong>generalem</strong></span> <span class='ocrx_word' id='word_1_517' title='bbox 3411 878 3557 933; x_wconf 90' lang='lat' dir='ltr'><strong>illum</strong></span> 
     </span>
    </p>
   </div>
   <div class='ocr_carea' id='block_1_68' title="bbox 1957 971 3563 1046">
    <p class='ocr_par' dir='ltr' id='par_1_68' title="bbox 1957 971 3563 1046">
     <span class='ocr_line' id='line_1_68' title="bbox 1957 971 3563 1046; baseline -0.003 -15"><span class='ocrx_word' id='word_1_518' title='bbox 1957 973 2229 1032; x_wconf 73' lang='lat' dir='ltr'><strong>interitd‘m</strong></span> <span class='ocrx_word' id='word_1_519' title='bbox 2262 988 2380 1046; x_wconf 90' lang='lat' dir='ltr'><strong>post</strong></span> <span class='ocrx_word' id='word_1_520' title='bbox 2410 978 2609 1033; x_wconf 87' lang='lat' dir='ltr'><strong>multos</strong></span> <span class='ocrx_word' id='word_1_521' title='bbox 2660 991 2831 1031; x_wconf 90' lang='lat' dir='ltr'><strong>annos</strong></span> <span class='ocrx_word' id='word_1_522' title='bbox 2888 975 3159 1041; x_wconf 91' lang='lat' dir='ltr'><strong>futurum;</strong></span> <span class='ocrx_word' id='word_1_523' title='bbox 3192 975 3332 1031; x_wconf 87' lang='lat' dir='ltr'><strong>sicut</strong></span> <span class='ocrx_word' id='word_1_524' title='bbox 3359 982 3414 1029; x_wconf 89' lang='lat' dir='ltr'><strong>et</strong></span> <span class='ocrx_word' id='word_1_525' title='bbox 3458 971 3563 1028; x_wconf 80' lang='lat' dir='ltr'><strong>Job</strong></span> 
     </span>
    </p>
   </div>
   <div class='ocr_carea' id='block_1_69' title="bbox 1954 1066 3561 1141">
    <p class='ocr_par' dir='ltr' id='par_1_69' title="bbox 1954 1066 3561 1141">
     <span class='ocr_line' id='line_1_69' title="bbox 1954 1066 3561 1141; baseline -0.003 -18"><span class='ocrx_word' id='word_1_526' title='bbox 1954 1068 2079 1123; x_wconf 89' lang='lat' dir='ltr'><strong>dicit</strong></span> <span class='ocrx_word' id='word_1_527' title='bbox 2107 1088 2119 1125; x_wconf 92' lang='lat'><strong>:</strong></span> <span class='ocrx_word' id='word_1_528' title='bbox 2158 1068 2302 1124; x_wconf 78' lang='lat' dir='ltr'><strong>Mors</strong></span> <span class='ocrx_word' id='word_1_529' title='bbox 2340 1072 2446 1124; x_wconf 87' lang='lat' dir='ltr'><strong>riro</strong></span> <span class='ocrx_word' id='word_1_530' title='bbox 2470 1074 2611 1139; x_wconf 81' lang='lat' dir='ltr'><strong>quies</strong></span> <span class='ocrx_word' id='word_1_531' title='bbox 2637 1070 2757 1141; x_wconf 83' lang='lat' dir='ltr'><strong>(Job</strong></span> <span class='ocrx_word' id='word_1_532' title='bbox 2788 1071 2841 1125; x_wconf 76' lang='grc'><strong>5.</strong></span> <span class='ocrx_word' id='word_1_533' title='bbox 2868 1069 2963 1139; x_wconf 72' lang='grc'><strong>25)</strong></span> <span class='ocrx_word' id='word_1_534' title='bbox 2996 1087 3008 1123; x_wconf 92' lang='lat'><strong>:</strong></span> <span class='ocrx_word' id='word_1_535' title='bbox 3063 1068 3317 1139; x_wconf 90' lang='lat' dir='ltr'><strong>quoniam</strong></span> <span class='ocrx_word' id='word_1_536' title='bbox 3361 1066 3561 1121; x_wconf 87' lang='lat' dir='ltr'><strong>multus</strong></span> 
     </span>
    </p>
   </div>
   <div class='ocr_carea' id='block_1_70' title="bbox 1955 1161 3559 1233">
    <p class='ocr_par' dir='ltr' id='par_1_70' title="bbox 1955 1161 3559 1233">
     <span class='ocr_line' id='line_1_70' title="bbox 1955 1161 3559 1233; baseline -0.004 -16"><span class='ocrx_word' id='word_1_537' title='bbox 1955 1171 2108 1217; x_wconf 89' lang='lat' dir='ltr'><strong>estet</strong></span> <span class='ocrx_word' id='word_1_538' title='bbox 2137 1163 2289 1218; x_wconf 84' lang='lat' dir='ltr'><strong>valde</strong></span> <span class='ocrx_word' id='word_1_539' title='bbox 2316 1178 2538 1233; x_wconf 83' lang='lat' dir='ltr'><strong>magnus</strong></span> <span class='ocrx_word' id='word_1_540' title='bbox 2570 1162 2719 1216; x_wconf 89' lang='lat' dir='ltr'><strong>labor</strong></span> <span class='ocrx_word' id='word_1_541' title='bbox 2768 1161 3006 1225; x_wconf 71' lang='lat' dir='ltr'><strong>malitim,</strong></span> <span class='ocrx_word' id='word_1_542' title='bbox 3046 1161 3163 1229; x_wconf 81' lang='lat' dir='ltr'><strong>ejus</strong></span> <span class='ocrx_word' id='word_1_543' title='bbox 3203 1162 3559 1215; x_wconf 88' lang='lat' dir='ltr'><strong>cessationem</strong></span> 
     </span>
    </p>
   </div>
   <div class='ocr_carea' id='block_1_71' title="bbox 1956 1253 3556 1325">
    <p class='ocr_par' dir='ltr' id='par_1_71' title="bbox 1956 1253 3556 1325">
     <span class='ocr_line' id='line_1_71' title="bbox 1956 1253 3556 1325; baseline -0.003 -16"><span class='ocrx_word' id='word_1_544' title='bbox 1956 1264 2010 1309; x_wconf 88' lang='lat' dir='ltr'><strong>et</strong></span> <span class='ocrx_word' id='word_1_545' title='bbox 2037 1255 2388 1325; x_wconf 89' lang='lat' dir='ltr'><strong>perditionem</strong></span> <span class='ocrx_word' id='word_1_546' title='bbox 2422 1270 2517 1325; x_wconf 88' lang='lat' dir='ltr'><strong>per</strong></span> <span class='ocrx_word' id='word_1_547' title='bbox 2545 1255 2802 1309; x_wconf 89' lang='lat' dir='ltr'><strong>diluvium</strong></span> <span class='ocrx_word' id='word_1_548' title='bbox 2829 1253 3083 1317; x_wconf 87' lang='lat' dir='ltr'><strong>futuram,</strong></span> <span class='ocrx_word' id='word_1_549' title='bbox 3111 1254 3346 1323; x_wconf 84' lang='lat' dir='ltr'><strong>quietem</strong></span> <span class='ocrx_word' id='word_1_550' title='bbox 3379 1260 3556 1306; x_wconf 88' lang='lat' dir='ltr'><strong>vocat.</strong></span> 
     </span>
    </p>
   </div>
   <div class='ocr_carea' id='block_1_72' title="bbox 1958 1345 3563 1414">
    <p class='ocr_par' dir='ltr' id='par_1_72' title="bbox 1958 1345 3563 1414">
     <span class='ocr_line' id='line_1_72' title="bbox 1958 1345 3563 1414; baseline -0.001 -15"><span class='ocrx_word' id='word_1_551' title='bbox 1958 1345 2024 1399; x_wconf 83' lang='lat' dir='ltr'><strong>Et</strong></span> <span class='ocrx_word' id='word_1_552' title='bbox 2051 1347 2240 1402; x_wconf 81' lang='lat' dir='ltr'><strong>vocavit</strong></span> <span class='ocrx_word' id='word_1_553' title='bbox 2267 1364 2448 1401; x_wconf 83' lang='lat' dir='ltr'><strong>nomen</strong></span> <span class='ocrx_word' id='word_1_554' title='bbox 2471 1348 2611 1402; x_wconf 84' lang='lat' dir='ltr'><strong>illius</strong></span> <span class='ocrx_word' id='word_1_555' title='bbox 2636 1345 2769 1400; x_wconf 84' lang='lat' dir='ltr'><strong>Noe.</strong></span> <span class='ocrx_word' id='word_1_556' title='bbox 2802 1345 3003 1400; x_wconf 90' lang='lat' dir='ltr'><strong>Deinde</strong></span> <span class='ocrx_word' id='word_1_557' title='bbox 3028 1345 3437 1414; x_wconf 84' lang='lat' dir='ltr'><strong>appellationem</strong></span> <span class='ocrx_word' id='word_1_558' title='bbox 3467 1359 3563 1397; x_wconf 88' lang='lat' dir='ltr'><strong>no-</strong></span> 
     </span>
    </p>
   </div>
   <div class='ocr_carea' id='block_1_73' title="bbox 1959 1435 3561 1507">
    <p class='ocr_par' dir='ltr' id='par_1_73' title="bbox 1959 1435 3561 1507">
     <span class='ocr_line' id='line_1_73' title="bbox 1959 1435 3561 1507; baseline -0.002 -14"><span class='ocrx_word' id='word_1_559' title='bbox 1959 1439 2118 1493; x_wconf 82' lang='lat' dir='ltr'><strong>minis</strong></span> <span class='ocrx_word' id='word_1_560' title='bbox 2149 1439 2551 1507; x_wconf 82' lang='lat' dir='ltr'><strong>interpretatur,</strong></span> <span class='ocrx_word' id='word_1_561' title='bbox 2578 1447 2633 1491; x_wconf 88' lang='lat' dir='ltr'><strong>ct</strong></span> <span class='ocrx_word' id='word_1_562' title='bbox 2666 1437 2795 1492; x_wconf 87' lang='lat' dir='ltr'><strong>dicit</strong></span> <span class='ocrx_word' id='word_1_563' title='bbox 2821 1453 2834 1489; x_wconf 86' lang='lat'><strong>:</strong></span> <span class='ocrx_word' id='word_1_564' title='bbox 2870 1435 2972 1490; x_wconf 83' lang='lat' dir='ltr'><strong>Hic</strong></span> <span class='ocrx_word' id='word_1_565' title='bbox 2993 1439 3166 1507; x_wconf 80' lang='lat' dir='ltr'><strong>utique</strong></span> <span class='ocrx_word' id='word_1_566' title='bbox 3186 1437 3398 1505; x_wconf 75' lang='lat' dir='ltr'><strong>quietem</strong></span> <span class='ocrx_word' id='word_1_567' title='bbox 3420 1435 3561 1489; x_wconf 82' lang='lat' dir='ltr'><strong>nobis</strong></span> 
     </span>
    </p>
   </div>
   <div class='ocr_carea' id='block_1_74' title="bbox 1959 1530 3561 1601">
    <p class='ocr_par' dir='ltr' id='par_1_74' title="bbox 1959 1530 3561 1601">
     <span class='ocr_line' id='line_1_74' title="bbox 1959 1530 3561 1601; baseline 0 -19"><span class='ocrx_word' id='word_1_568' title='bbox 1959 1530 2216 1600; x_wconf 73' lang='lat' dir='ltr'><strong>pra‘stabit</strong></span> <span class='ocrx_word' id='word_1_569' title='bbox 2255 1531 2317 1585; x_wconf 85' lang='lat' dir='ltr'><strong>ab</strong></span> <span class='ocrx_word' id='word_1_570' title='bbox 2348 1531 2581 1601; x_wconf 85' lang='lat' dir='ltr'><strong>aperibus</strong></span> <span class='ocrx_word' id='word_1_571' title='bbox 2603 1532 2830 1585; x_wconf 80' lang='lat' dir='ltr'><strong>nostris:</strong></span> <span class='ocrx_word' id='word_1_572' title='bbox 2867 1546 2895 1583; x_wconf 87' lang='lat' dir='ltr'><strong>a</strong></span> <span class='ocrx_word' id='word_1_573' title='bbox 2928 1530 3149 1597; x_wconf 85' lang='lat' dir='ltr'><strong>malitia,</strong></span> <span class='ocrx_word' id='word_1_574' title='bbox 3182 1530 3373 1598; x_wconf 87' lang='lat' dir='ltr'><strong>inquit,</strong></span> <span class='ocrx_word' id='word_1_575' title='bbox 3402 1544 3561 1583; x_wconf 82' lang='lat' dir='ltr'><strong>aver-</strong></span> 
     </span>
    </p>
   </div>
   <div class='ocr_carea' id='block_1_75' title="bbox 1962 1618 3637 1687">
    <p class='ocr_par' dir='ltr' id='par_1_75' title="bbox 1962 1618 3637 1687">
     <span class='ocr_line' id='line_1_75' title="bbox 1962 1618 3637 1687; baseline -0.001 -13"><span class='ocrx_word' id='word_1_576' title='bbox 1962 1630 2055 1687; x_wconf 91' lang='lat' dir='ltr'><strong>tct,</strong></span> <span class='ocrx_word' id='word_1_577' title='bbox 2087 1621 2158 1673; x_wconf 81' lang='lat' dir='ltr'><strong>Et</strong></span> <span class='ocrx_word' id='word_1_578' title='bbox 2182 1638 2215 1674; x_wconf 90' lang='lat' dir='ltr'><strong>a</strong></span> <span class='ocrx_word' id='word_1_579' title='bbox 2254 1620 2495 1675; x_wconf 82' lang='lat' dir='ltr'><strong>molestiis</strong></span> <span class='ocrx_word' id='word_1_580' title='bbox 2523 1638 2763 1674; x_wconf 86' lang='lat' dir='ltr'><strong>manuum</strong></span> <span class='ocrx_word' id='word_1_581' title='bbox 2790 1630 3081 1674; x_wconf 78' lang='lat' dir='ltr'><strong>nostrarum</strong></span> <span class='ocrx_word' id='word_1_582' title='bbox 3106 1636 3124 1673; x_wconf 90' lang='lat'><strong><em>:</em></strong></span> <span class='ocrx_word' id='word_1_583' title='bbox 3156 1630 3208 1673; x_wconf 92' lang='lat' dir='ltr'><strong>ct</strong></span> <span class='ocrx_word' id='word_1_584' title='bbox 3238 1619 3429 1673; x_wconf 88' lang='lat' dir='ltr'><strong>iterum</strong></span> <span class='ocrx_word' id='word_1_585' title='bbox 3460 1618 3585 1673; x_wconf 74' lang='lat' dir='ltr'><strong>hoc,</strong></span> <span class='ocrx_word' id='word_1_586' title='bbox 3634 1660 3637 1661; x_wconf 46' lang='grc' dir='ltr'><em>ν</em></span> 
     </span>
    </p>
   </div>
   <div class='ocr_carea' id='block_1_76' title="bbox 1962 1708 3560 1781">
    <p class='ocr_par' dir='ltr' id='par_1_76' title="bbox 1962 1708 3560 1781">
     <span class='ocr_line' id='line_1_76' title="bbox 1962 1708 3560 1781; baseline -0.001 -18"><span class='ocrx_word' id='word_1_587' title='bbox 1962 1711 2155 1779; x_wconf 90' lang='lat' dir='ltr'><strong>ipsum,</strong></span> <span class='ocrx_word' id='word_1_588' title='bbox 2188 1719 2255 1764; x_wconf 89' lang='lat' dir='ltr'><strong>ab</strong></span> <span class='ocrx_word' id='word_1_589' title='bbox 2281 1711 2552 1780; x_wconf 87' lang='lat' dir='ltr'><strong>operibus,</strong></span> <span class='ocrx_word' id='word_1_590' title='bbox 2600 1712 2805 1781; x_wconf 91' lang='lat' dir='ltr'><strong>inquit,</strong></span> <span class='ocrx_word' id='word_1_591' title='bbox 2852 1711 3030 1765; x_wconf 90' lang='lat' dir='ltr'><strong>malis.</strong></span> <span class='ocrx_word' id='word_1_592' title='bbox 3075 1710 3191 1764; x_wconf 87' lang='lat' dir='ltr'><strong>Non</strong></span> <span class='ocrx_word' id='word_1_593' title='bbox 3222 1710 3365 1765; x_wconf 89' lang='lat' dir='ltr'><strong>enim</strong></span> <span class='ocrx_word' id='word_1_594' title='bbox 3411 1708 3560 1773; x_wconf 89' lang='lat' dir='ltr'><strong>dicit,</strong></span> 
     </span>
    </p>
   </div>
   <div class='ocr_carea' id='block_1_77' title="bbox 1962 1802 3565 1874">
    <p class='ocr_par' dir='ltr' id='par_1_77' title="bbox 1962 1802 3565 1874">
     <span class='ocr_line' id='line_1_77' title="bbox 1962 1802 3565 1874; baseline 0.001 -19"><span class='ocrx_word' id='word_1_595' title='bbox 1962 1818 2152 1857; x_wconf 89' lang='lat' dir='ltr'><strong>manus</strong></span> <span class='ocrx_word' id='word_1_596' title='bbox 2181 1802 2367 1859; x_wconf 87' lang='lat' dir='ltr'><strong>dolore</strong></span> <span class='ocrx_word' id='word_1_597' title='bbox 2392 1802 2612 1858; x_wconf 73' lang='lat' dir='ltr'><strong>affectas</strong></span> <span class='ocrx_word' id='word_1_598' title='bbox 2643 1821 2655 1857; x_wconf 93' lang='lat'>:</span> <span class='ocrx_word' id='word_1_599' title='bbox 2698 1803 2790 1858; x_wconf 89' lang='lat' dir='ltr'><strong>sed</strong></span> <span class='ocrx_word' id='word_1_600' title='bbox 2824 1819 2919 1873; x_wconf 89' lang='lat' dir='ltr'><strong>per</strong></span> <span class='ocrx_word' id='word_1_601' title='bbox 2946 1804 3154 1858; x_wconf 88' lang='lat' dir='ltr'><strong>illarum</strong></span> <span class='ocrx_word' id='word_1_602' title='bbox 3185 1819 3350 1874; x_wconf 90' lang='lat' dir='ltr'><strong>opera</strong></span> <span class='ocrx_word' id='word_1_603' title='bbox 3373 1813 3425 1858; x_wconf 90' lang='lat' dir='ltr'><strong>et</strong></span> <span class='ocrx_word' id='word_1_604' title='bbox 3451 1818 3565 1856; x_wconf 88' lang='lat' dir='ltr'><strong>ma-</strong></span> 
     </span>
    </p>
   </div>
   <div class='ocr_carea' id='block_1_78' title="bbox 1963 1893 3565 1964">
    <p class='ocr_par' dir='ltr' id='par_1_78' title="bbox 1963 1893 3565 1964">
     <span class='ocr_line' id='line_1_78' title="bbox 1963 1893 3565 1964; baseline 0.001 -18"><span class='ocrx_word' id='word_1_605' title='bbox 1963 1893 2041 1947; x_wconf 88' lang='lat' dir='ltr'><strong>las</strong></span> <span class='ocrx_word' id='word_1_606' title='bbox 2067 1893 2325 1958; x_wconf 86' lang='lat' dir='ltr'><strong>actiones,</strong></span> <span class='ocrx_word' id='word_1_607' title='bbox 2358 1894 2632 1950; x_wconf 75' lang='lat' dir='ltr'><strong>molestias</strong></span> <span class='ocrx_word' id='word_1_608' title='bbox 2658 1905 2843 1950; x_wconf 86' lang='lat' dir='ltr'><strong>auctas</strong></span> <span class='ocrx_word' id='word_1_609' title='bbox 2869 1893 3053 1951; x_wconf 90' lang='lat' dir='ltr'><strong>fuisse.</strong></span> <span class='ocrx_word' id='word_1_610' title='bbox 3092 1894 3153 1948; x_wconf 86' lang='lat' dir='ltr'><strong>Et</strong></span> <span class='ocrx_word' id='word_1_611' title='bbox 3176 1912 3205 1947; x_wconf 82' lang='grc' dir='ltr'><strong>(ι</strong></span> <span class='ocrx_word' id='word_1_612' title='bbox 3233 1905 3385 1957; x_wconf 86' lang='lat' dir='ltr'><strong>terra,</strong></span> <span class='ocrx_word' id='word_1_613' title='bbox 3410 1910 3565 1964; x_wconf 83' lang='lat' dir='ltr'><strong>quam</strong></span> 
     </span>
    </p>
   </div>
   <div class='ocr_carea' id='block_1_79' title="bbox 1965 1985 3569 2055">
    <p class='ocr_par' dir='ltr' id='par_1_79' title="bbox 1965 1985 3569 2055">
     <span class='ocr_line' id='line_1_79' title="bbox 1965 1985 3569 2055; baseline 0 -17"><span class='ocrx_word' id='word_1_614' title='bbox 1965 1986 2225 2038; x_wconf 76' lang='lat' dir='ltr'><strong>maledixit</strong></span> <span class='ocrx_word' id='word_1_615' title='bbox 2256 1985 2505 2040; x_wconf 88' lang='lat' dir='ltr'><strong>Dominus</strong></span> <span class='ocrx_word' id='word_1_616' title='bbox 2534 1985 2690 2041; x_wconf 88' lang='lat' dir='ltr'><strong>Deus.</strong></span> <span class='ocrx_word' id='word_1_617' title='bbox 2718 1985 2986 2042; x_wconf 84' lang='lat' dir='ltr'><strong>Liberabit</strong></span> <span class='ocrx_word' id='word_1_618' title='bbox 3008 2002 3123 2050; x_wconf 78' lang='lat' dir='ltr'><strong>nos,</strong></span> <span class='ocrx_word' id='word_1_619' title='bbox 3150 1986 3339 2055; x_wconf 90' lang='lat' dir='ltr'><strong>inquit,</strong></span> <span class='ocrx_word' id='word_1_620' title='bbox 3365 1985 3431 2040; x_wconf 90' lang='lat' dir='ltr'><strong>ab</strong></span> <span class='ocrx_word' id='word_1_621' title='bbox 3453 2001 3569 2038; x_wconf 90' lang='lat' dir='ltr'><strong>om-</strong></span> 
     </span>
    </p>
   </div>
   <div class='ocr_carea' id='block_1_80' title="bbox 1965 2077 3571 2153">
    <p class='ocr_par' dir='ltr' id='par_1_80' title="bbox 1965 2077 3571 2153">
     <span class='ocr_line' id='line_1_80' title="bbox 1965 2077 3571 2153; baseline -0.001 -22"><span class='ocrx_word' id='word_1_622' title='bbox 1965 2077 2120 2132; x_wconf 90' lang='lat' dir='ltr'><strong>nibus</strong></span> <span class='ocrx_word' id='word_1_623' title='bbox 2177 2078 2332 2132; x_wconf 87' lang='lat' dir='ltr'><strong>malis</strong></span> <span class='ocrx_word' id='word_1_624' title='bbox 2376 2078 2780 2147; x_wconf 87' lang='lat' dir='ltr'><strong>prementibus,</strong></span> <span class='ocrx_word' id='word_1_625' title='bbox 2806 2087 2880 2153; x_wconf 87' lang='lat' dir='ltr'><strong>et</strong></span> <span class='ocrx_word' id='word_1_626' title='bbox 2924 2078 3202 2134; x_wconf 89' lang='lat' dir='ltr'><strong>laboribus</strong></span> <span class='ocrx_word' id='word_1_627' title='bbox 3229 2087 3286 2132; x_wconf 88' lang='lat' dir='ltr'><strong>et</strong></span> <span class='ocrx_word' id='word_1_628' title='bbox 3337 2077 3571 2132; x_wconf 88' lang='lat' dir='ltr'><strong>miseriis</strong></span> 
     </span>
    </p>
   </div>
   <div class='ocr_carea' id='block_1_81' title="bbox 1965 2169 3566 2243">
    <p class='ocr_par' dir='ltr' id='par_1_81' title="bbox 1965 2169 3566 2243">
     <span class='ocr_line' id='line_1_81' title="bbox 1965 2169 3566 2243; baseline 0.002 -22"><span class='ocrx_word' id='word_1_629' title='bbox 1965 2186 2097 2239; x_wconf 88' lang='lat' dir='ltr'><strong>quas</strong></span> <span class='ocrx_word' id='word_1_630' title='bbox 2128 2171 2371 2225; x_wconf 88' lang='lat' dir='ltr'><strong>subimus</strong></span> <span class='ocrx_word' id='word_1_631' title='bbox 2398 2174 2447 2225; x_wconf 92' lang='lat' dir='ltr'><strong>in</strong></span> <span class='ocrx_word' id='word_1_632' title='bbox 2491 2183 2629 2226; x_wconf 89' lang='lat' dir='ltr'><strong>terra</strong></span> <span class='ocrx_word' id='word_1_633' title='bbox 2666 2171 2914 2239; x_wconf 87' lang='lat' dir='ltr'><strong>colenda,</strong></span> <span class='ocrx_word' id='word_1_634' title='bbox 2943 2187 3063 2243; x_wconf 70' lang='lat' dir='ltr'><strong>qua:</strong></span> <span class='ocrx_word' id='word_1_635' title='bbox 3091 2171 3451 2227; x_wconf 86' lang='lat' dir='ltr'><strong>maledictioni</strong></span> <span class='ocrx_word' id='word_1_636' title='bbox 3483 2169 3566 2224; x_wconf 83' lang='lat' dir='ltr'><strong>fa-</strong></span> 
     </span>
    </p>
   </div>
   <div class='ocr_carea' id='block_1_82' title="bbox 1965 2260 3570 2336">
    <p class='ocr_par' dir='ltr' id='par_1_82' title="bbox 1965 2260 3570 2336">
     <span class='ocr_line' id='line_1_82' title="bbox 1965 2260 3570 2336; baseline -0.001 -17"><span class='ocrx_word' id='word_1_637' title='bbox 1965 2275 2050 2319; x_wconf 88' lang='lat' dir='ltr'><strong>cta</strong></span> <span class='ocrx_word' id='word_1_638' title='bbox 2078 2275 2160 2318; x_wconf 83' lang='lat' dir='ltr'><strong>est</strong></span> <span class='ocrx_word' id='word_1_639' title='bbox 2186 2260 2416 2319; x_wconf 72' lang='lat' dir='ltr'><strong>obnoxia</strong></span> <span class='ocrx_word' id='word_1_640' title='bbox 2438 2274 2652 2335; x_wconf 89' lang='lat' dir='ltr'><strong>propter</strong></span> <span class='ocrx_word' id='word_1_641' title='bbox 2676 2265 2985 2336; x_wconf 73' lang='lat' dir='ltr'><strong>primigenia:</strong></span> <span class='ocrx_word' id='word_1_642' title='bbox 3008 2264 3242 2320; x_wconf 87' lang='lat' dir='ltr'><strong>hominis</strong></span> <span class='ocrx_word' id='word_1_643' title='bbox 3273 2276 3570 2335; x_wconf 82' lang='lat' dir='ltr'><strong>transgres-</strong></span> 
     </span>
    </p>
   </div>
   <div class='ocr_carea' id='block_1_83' title="bbox 1966 2357 3573 2429">
    <p class='ocr_par' dir='ltr' id='par_1_83' title="bbox 1966 2357 3573 2429">
     <span class='ocr_line' id='line_1_83' title="bbox 1966 2357 3573 2429; baseline -0.001 -17"><span class='ocrx_word' id='word_1_644' title='bbox 1966 2358 2195 2412; x_wconf 85' lang='lat' dir='ltr'><strong>sionem.</strong></span> <span class='ocrx_word' id='word_1_645' title='bbox 2224 2358 2319 2413; x_wconf 88' lang='lat' dir='ltr'><strong>llic</strong></span> <span class='ocrx_word' id='word_1_646' title='bbox 2360 2358 2751 2422; x_wconf 81' lang='lat' dir='ltr'><strong>animadverte,</strong></span> <span class='ocrx_word' id='word_1_647' title='bbox 2785 2358 3002 2424; x_wconf 90' lang='lat' dir='ltr'><strong>dilecte,</strong></span> <span class='ocrx_word' id='word_1_648' title='bbox 3043 2360 3314 2429; x_wconf 88' lang='lat' dir='ltr'><strong>quomodo</strong></span> <span class='ocrx_word' id='word_1_649' title='bbox 3359 2357 3573 2429; x_wconf 87' lang='lat' dir='ltr'><strong>puellus</strong></span> 
     </span>
    </p>
   </div>
   <div class='ocr_carea' id='block_1_84' title="bbox 1970 2450 3573 2526">
    <p class='ocr_par' dir='ltr' id='par_1_84' title="bbox 1970 2450 3573 2526">
     <span class='ocr_line' id='line_1_84' title="bbox 1970 2450 3573 2526; baseline 0.001 -23"><span class='ocrx_word' id='word_1_650' title='bbox 1970 2451 2070 2503; x_wconf 86' lang='lat' dir='ltr'><strong>iste</strong></span> <span class='ocrx_word' id='word_1_651' title='bbox 2117 2451 2367 2519; x_wconf 74' lang='lat' dir='ltr'><strong>paulatim</strong></span> <span class='ocrx_word' id='word_1_652' title='bbox 2413 2463 2701 2515; x_wconf 85' lang='lat' dir='ltr'><strong>crescens,</strong></span> <span class='ocrx_word' id='word_1_653' title='bbox 2754 2450 3007 2505; x_wconf 91' lang='lat' dir='ltr'><strong>omnibus</strong></span> <span class='ocrx_word' id='word_1_654' title='bbox 3050 2450 3223 2526; x_wconf 85' lang='lat' dir='ltr'><strong>ipsum</strong></span> <span class='ocrx_word' id='word_1_655' title='bbox 3267 2450 3573 2505; x_wconf 85' lang='lat' dir='ltr'><strong>videntibus</strong></span> 
     </span>
    </p>
   </div>
   <div class='ocr_carea' id='block_1_85' title="bbox 1970 2541 3572 2613">
    <p class='ocr_par' dir='ltr' id='par_1_85' title="bbox 1970 2541 3572 2613">
     <span class='ocr_line' id='line_1_85' title="bbox 1970 2541 3572 2613; baseline -0.002 -17"><span class='ocrx_word' id='word_1_656' title='bbox 1970 2541 2209 2597; x_wconf 85' lang='lat' dir='ltr'><strong>discendi</strong></span> <span class='ocrx_word' id='word_1_657' title='bbox 2258 2542 2469 2597; x_wconf 70' lang='lat' dir='ltr'><strong>occasio</strong></span> <span class='ocrx_word' id='word_1_658' title='bbox 2522 2541 2701 2597; x_wconf 84' lang='lat' dir='ltr'><strong>fuerit.</strong></span> <span class='ocrx_word' id='word_1_659' title='bbox 2755 2541 2887 2612; x_wconf 79' lang='lat' dir='ltr'><strong>Nam</strong></span> <span class='ocrx_word' id='word_1_660' title='bbox 2938 2558 3060 2597; x_wconf 77' lang='lat' dir='ltr'><strong>mox</strong></span> <span class='ocrx_word' id='word_1_661' title='bbox 3114 2551 3171 2599; x_wconf 90' lang='lat' dir='ltr'><strong>ut</strong></span> <span class='ocrx_word' id='word_1_662' title='bbox 3205 2542 3326 2613; x_wconf 86' lang='lat' dir='ltr'><strong>quis</strong></span> <span class='ocrx_word' id='word_1_663' title='bbox 3375 2557 3572 2596; x_wconf 89' lang='lat' dir='ltr'><strong>nomen</strong></span> 
     </span>
    </p>
   </div>
   <div class='ocr_carea' id='block_1_86' title="bbox 1972 2620 3573 2711">
    <p class='ocr_par' dir='ltr' id='par_1_86' title="bbox 1972 2620 3573 2711">
     <span class='ocr_line' id='line_1_86' title="bbox 1972 2620 3573 2711; baseline 0.002 -25"><span class='ocrx_word' id='word_1_664' title='bbox 1972 2635 2121 2704; x_wconf 85' lang='lat' dir='ltr'><strong>pueri</strong></span> <span class='ocrx_word' id='word_1_665' title='bbox 2150 2634 2453 2689; x_wconf 86' lang='lat' dir='ltr'><strong>sciscitatus</strong></span> <span class='ocrx_word' id='word_1_666' title='bbox 2498 2642 2599 2700; x_wconf 86' lang='lat' dir='ltr'><strong>est,</strong></span> <span class='ocrx_word' id='word_1_667' title='bbox 2628 2649 2695 2690; x_wconf 84' lang='lat' dir='ltr'><strong>ex</strong></span> <span class='ocrx_word' id='word_1_668' title='bbox 2724 2620 3168 2711; x_wconf 86' lang='lat' dir='ltr'><strong>interpretatione</strong></span> <span class='ocrx_word' id='word_1_669' title='bbox 3211 2634 3460 2690; x_wconf 87' lang='lat' dir='ltr'><strong>vocabuli</strong></span> <span class='ocrx_word' id='word_1_670' title='bbox 3489 2634 3573 2689; x_wconf 83' lang='lat' dir='ltr'><strong>di-</strong></span> 
     </span>
    </p>
   </div>
   <div class='ocr_carea' id='block_1_87' title="bbox 1972 2723 3574 2795">
    <p class='ocr_par' dir='ltr' id='par_1_87' title="bbox 1972 2723 3574 2795">
     <span class='ocr_line' id='line_1_87' title="bbox 1972 2723 3574 2795; baseline 0 -16"><span class='ocrx_word' id='word_1_671' title='bbox 1972 2725 2103 2780; x_wconf 90' lang='lat' dir='ltr'><strong>dicit</strong></span> <span class='ocrx_word' id='word_1_672' title='bbox 2144 2735 2460 2780; x_wconf 88' lang='lat' dir='ltr'><strong>eventurum</strong></span> <span class='ocrx_word' id='word_1_673' title='bbox 2507 2725 2813 2795; x_wconf 78' lang='lat' dir='ltr'><strong>generalem</strong></span> <span class='ocrx_word' id='word_1_674' title='bbox 2850 2723 3144 2781; x_wconf 84' lang='lat' dir='ltr'><strong>interitum.</strong></span> <span class='ocrx_word' id='word_1_675' title='bbox 3186 2724 3320 2781; x_wconf 82' lang='lat' dir='ltr'><strong>Nam</strong></span> <span class='ocrx_word' id='word_1_676' title='bbox 3366 2726 3410 2780; x_wconf 88' lang='lat' dir='ltr'><strong>si</strong></span> <span class='ocrx_word' id='word_1_677' title='bbox 3456 2728 3574 2794; x_wconf 71' lang='lat' dir='ltr'><strong>quis</strong></span> 
     </span>
    </p>
   </div>
   <div class='ocr_carea' id='block_1_88' title="bbox 1971 2806 3573 2887">
    <p class='ocr_par' dir='ltr' id='par_1_88' title="bbox 1971 2806 3573 2887">
     <span class='ocr_line' id='line_1_88' title="bbox 1971 2806 3573 2887; baseline 0.001 -16"><span class='ocrx_word' id='word_1_678' title='bbox 1971 2816 2154 2872; x_wconf 87' lang='lat' dir='ltr'><strong>divino</strong></span> <span class='ocrx_word' id='word_1_679' title='bbox 2197 2816 2401 2887; x_wconf 86' lang='lat' dir='ltr'><strong>Spiritu</strong></span> <span class='ocrx_word' id='word_1_680' title='bbox 2448 2806 2662 2873; x_wconf 83' lang='lat' dir='ltr'><strong>afflatus</strong></span> <span class='ocrx_word' id='word_1_681' title='bbox 2712 2818 3029 2887; x_wconf 86' lang='lat' dir='ltr'><strong>simpliciter</strong></span> <span class='ocrx_word' id='word_1_682' title='bbox 3059 2820 3160 2874; x_wconf 82' lang='lat' dir='ltr'><strong>hoc</strong></span> <span class='ocrx_word' id='word_1_683' title='bbox 3199 2820 3431 2874; x_wconf 90' lang='lat' dir='ltr'><strong>futurum</strong></span> <span class='ocrx_word' id='word_1_684' title='bbox 3488 2820 3573 2873; x_wconf 86' lang='lat' dir='ltr'><strong>di-</strong></span> 
     </span>
    </p>
   </div>
   <div class='ocr_carea' id='block_1_89' title="bbox 1978 2907 3575 2981">
    <p class='ocr_par' dir='ltr' id='par_1_89' title="bbox 1978 2907 3575 2981">
     <span class='ocr_line' id='line_1_89' title="bbox 1978 2907 3575 2981; baseline -0.001 -17"><span class='ocrx_word' id='word_1_685' title='bbox 1978 2910 2165 2974; x_wconf 79' lang='lat' dir='ltr'><strong>xisset,</strong></span> <span class='ocrx_word' id='word_1_686' title='bbox 2215 2907 2268 2964; x_wconf 89' lang='lat' dir='ltr'><strong>id</strong></span> <span class='ocrx_word' id='word_1_687' title='bbox 2289 2909 2469 2963; x_wconf 86' lang='lat' dir='ltr'><strong>statim</strong></span> <span class='ocrx_word' id='word_1_688' title='bbox 2518 2908 2706 2964; x_wconf 85' lang='lat' dir='ltr'><strong>fuisset</strong></span> <span class='ocrx_word' id='word_1_689' title='bbox 2732 2908 2986 2963; x_wconf 87' lang='lat' dir='ltr'><strong>oblivioni</strong></span> <span class='ocrx_word' id='word_1_690' title='bbox 3019 2908 3292 2975; x_wconf 87' lang='lat' dir='ltr'><strong>traditum,</strong></span> <span class='ocrx_word' id='word_1_691' title='bbox 3316 2918 3371 2965; x_wconf 87' lang='lat' dir='ltr'><strong>et</strong></span> <span class='ocrx_word' id='word_1_692' title='bbox 3396 2910 3575 2981; x_wconf 84' lang='lat' dir='ltr'><strong>gravi-</strong></span> 
     </span>
    </p>
   </div>
   <div class='ocr_carea' id='block_1_90' title="bbox 1977 3001 3576 3074">
    <p class='ocr_par' dir='ltr' id='par_1_90' title="bbox 1977 3001 3576 3074">
     <span class='ocr_line' id='line_1_90' title="bbox 1977 3001 3576 3074; baseline -0.001 -17"><span class='ocrx_word' id='word_1_693' title='bbox 1977 3013 2058 3057; x_wconf 86' lang='lat' dir='ltr'><strong>tas</strong></span> <span class='ocrx_word' id='word_1_694' title='bbox 2103 3017 2275 3074; x_wconf 73' lang='lat' dir='ltr'><strong>ptnna:</strong></span> <span class='ocrx_word' id='word_1_695' title='bbox 2314 3018 2419 3057; x_wconf 90' lang='lat' dir='ltr'><strong>non</strong></span> <span class='ocrx_word' id='word_1_696' title='bbox 2451 3001 2638 3057; x_wconf 90' lang='lat' dir='ltr'><strong>fuisset</strong></span> <span class='ocrx_word' id='word_1_697' title='bbox 2665 3001 2915 3057; x_wconf 88' lang='lat' dir='ltr'><strong>omnibus</strong></span> <span class='ocrx_word' id='word_1_698' title='bbox 2945 3002 3156 3073; x_wconf 81' lang='lat' dir='ltr'><strong>cognitu</strong></span> <span class='ocrx_word' id='word_1_699' title='bbox 3191 3019 3205 3056; x_wconf 89' lang='lat'><strong>:</strong></span> <span class='ocrx_word' id='word_1_700' title='bbox 3237 3016 3383 3057; x_wconf 82' lang='lat' dir='ltr'><strong>nunc</strong></span> <span class='ocrx_word' id='word_1_701' title='bbox 3398 3010 3576 3058; x_wconf 86' lang='lat' dir='ltr'><strong>autem</strong></span> 
     </span>
    </p>
   </div>
   <div class='ocr_carea' id='block_1_91' title="bbox 1976 3093 3582 3172">
    <p class='ocr_par' dir='ltr' id='par_1_91' title="bbox 1976 3093 3582 3172">
     <span class='ocr_line' id='line_1_91' title="bbox 1976 3093 3582 3172; baseline -0.001 -23"><span class='ocrx_word' id='word_1_702' title='bbox 1976 3095 2099 3162; x_wconf 87' lang='lat' dir='ltr'><strong>quia</strong></span> <span class='ocrx_word' id='word_1_703' title='bbox 2148 3093 2236 3148; x_wconf 85' lang='lat' dir='ltr'><strong>hic</strong></span> <span class='ocrx_word' id='word_1_704' title='bbox 2272 3103 2397 3172; x_wconf 80' lang='lat' dir='ltr'><strong>ante</strong></span> <span class='ocrx_word' id='word_1_705' title='bbox 2425 3093 2664 3148; x_wconf 90' lang='lat' dir='ltr'><strong>omnium</strong></span> <span class='ocrx_word' id='word_1_706' title='bbox 2692 3103 2936 3147; x_wconf 81' lang='lat' dir='ltr'><strong>versatur</strong></span> <span class='ocrx_word' id='word_1_707' title='bbox 2960 3093 3167 3158; x_wconf 88' lang='lat' dir='ltr'><strong>oculos,</strong></span> <span class='ocrx_word' id='word_1_708' title='bbox 3190 3094 3506 3163; x_wconf 84' lang='lat' dir='ltr'><strong>tempestive</strong></span> <span class='ocrx_word' id='word_1_709' title='bbox 3525 3103 3582 3148; x_wconf 86' lang='lat' dir='ltr'><strong>et</strong></span> 
     </span>
    </p>
   </div>
   <div class='ocr_carea' id='block_1_92' title="bbox 1978 3184 3578 3256">
    <p class='ocr_par' dir='ltr' id='par_1_92' title="bbox 1978 3184 3578 3256">
     <span class='ocr_line' id='line_1_92' title="bbox 1978 3184 3578 3256; baseline 0.001 -17"><span class='ocrx_word' id='word_1_710' title='bbox 1978 3186 2352 3254; x_wconf 88' lang='lat' dir='ltr'><strong>intempestive</strong></span> <span class='ocrx_word' id='word_1_711' title='bbox 2377 3184 2615 3239; x_wconf 87' lang='lat' dir='ltr'><strong>divinam</strong></span> <span class='ocrx_word' id='word_1_712' title='bbox 2646 3185 3105 3241; x_wconf 84' lang='lat' dir='ltr'><strong>commemorabat</strong></span> <span class='ocrx_word' id='word_1_713' title='bbox 3130 3185 3578 3256; x_wconf 83' lang='lat' dir='ltr'><strong>indignationem.</strong></span> 
     </span>
    </p>
   </div>
   <div class='ocr_carea' id='block_1_93' title="bbox 1979 3276 3583 3349">
    <p class='ocr_par' dir='ltr' id='par_1_93' title="bbox 1979 3276 3583 3349">
     <span class='ocr_line' id='line_1_93' title="bbox 1979 3276 3583 3349; baseline 0 -16"><span class='ocrx_word' id='word_1_714' title='bbox 1979 3278 2145 3333; x_wconf 88' lang='lat' dir='ltr'><strong>Porro</strong></span> <span class='ocrx_word' id='word_1_715' title='bbox 2194 3286 2255 3333; x_wconf 90' lang='lat' dir='ltr'><strong>ut</strong></span> <span class='ocrx_word' id='word_1_716' title='bbox 2300 3286 2448 3332; x_wconf 91' lang='lat' dir='ltr'><strong>certo</strong></span> <span class='ocrx_word' id='word_1_717' title='bbox 2479 3276 2714 3332; x_wconf 89' lang='lat' dir='ltr'><strong>sciamus</strong></span> <span class='ocrx_word' id='word_1_718' title='bbox 2739 3287 2941 3346; x_wconf 88' lang='lat' dir='ltr'><strong>quanto</strong></span> <span class='ocrx_word' id='word_1_719' title='bbox 2973 3287 3213 3348; x_wconf 86' lang='lat' dir='ltr'><strong>tempore</strong></span> <span class='ocrx_word' id='word_1_720' title='bbox 3268 3294 3583 3349; x_wconf 87' lang='lat' dir='ltr'><strong>persevcra-</strong></span> 
     </span>
    </p>
   </div>
   <div class='ocr_carea' id='block_1_94' title="bbox 1977 3367 3585 3438">
    <p class='ocr_par' dir='ltr' id='par_1_94' title="bbox 1977 3367 3585 3438">
     <span class='ocr_line' id='line_1_94' title="bbox 1977 3367 3585 3438; baseline 0.002 -15"><span class='ocrx_word' id='word_1_721' title='bbox 1977 3368 2115 3424; x_wconf 89' lang='lat' dir='ltr'><strong>verit</strong></span> <span class='ocrx_word' id='word_1_722' title='bbox 2139 3367 2279 3422; x_wconf 84' lang='lat' dir='ltr'><strong>ﬁlius</strong></span> <span class='ocrx_word' id='word_1_723' title='bbox 2306 3383 2402 3438; x_wconf 88' lang='lat' dir='ltr'><strong>per</strong></span> <span class='ocrx_word' id='word_1_724' title='bbox 2426 3368 2506 3422; x_wconf 90' lang='lat' dir='ltr'><strong>sui</strong></span> <span class='ocrx_word' id='word_1_725' title='bbox 2538 3368 2772 3424; x_wconf 90' lang='lat' dir='ltr'><strong>nominis</strong></span> <span class='ocrx_word' id='word_1_726' title='bbox 2821 3370 3233 3438; x_wconf 84' lang='lat' dir='ltr'><strong>appellationem</strong></span> <span class='ocrx_word' id='word_1_727' title='bbox 3264 3386 3455 3426; x_wconf 90' lang='lat' dir='ltr'><strong>omnes</strong></span> <span class='ocrx_word' id='word_1_728' title='bbox 3490 3372 3585 3428; x_wconf 87' lang='lat' dir='ltr'><strong>ad-</strong></span> 
     </span>
    </p>
   </div>
   <div class='ocr_carea' id='block_1_95' title="bbox 1980 3448 3584 3531">
    <p class='ocr_par' dir='ltr' id='par_1_95' title="bbox 1980 3448 3584 3531">
     <span class='ocr_line' id='line_1_95' title="bbox 1980 3448 3584 3531; baseline 0.002 -18"><span class='ocrx_word' id='word_1_729' title='bbox 1980 3474 2200 3515; x_wconf 88' lang='lat' dir='ltr'><strong>monere</strong></span> <span class='ocrx_word' id='word_1_730' title='bbox 2230 3469 2290 3514; x_wconf 90' lang='lat' dir='ltr'><strong>ut</strong></span> <span class='ocrx_word' id='word_1_731' title='bbox 2312 3448 2638 3522; x_wconf 76' lang='lat' dir='ltr'><strong>desisterent</strong></span> <span class='ocrx_word' id='word_1_732' title='bbox 2666 3474 2697 3514; x_wconf 91' lang='lat' dir='ltr'><strong>a</strong></span> <span class='ocrx_word' id='word_1_733' title='bbox 2738 3469 2977 3528; x_wconf 87' lang='lat' dir='ltr'><strong>peccato,</strong></span> <span class='ocrx_word' id='word_1_734' title='bbox 3011 3470 3066 3516; x_wconf 89' lang='lat' dir='ltr'><strong>et</strong></span> <span class='ocrx_word' id='word_1_735' title='bbox 3091 3460 3340 3516; x_wconf 90' lang='lat' dir='ltr'><strong>virtutem</strong></span> <span class='ocrx_word' id='word_1_736' title='bbox 3377 3463 3584 3531; x_wconf 87' lang='lat' dir='ltr'><strong>ample-</strong></span> 
     </span>
    </p>
   </div>
   <div class='ocr_carea' id='block_1_96' title="bbox 1978 3550 3582 3621">
    <p class='ocr_par' dir='ltr' id='par_1_96' title="bbox 1978 3550 3582 3621">
     <span class='ocr_line' id='line_1_96' title="bbox 1978 3550 3582 3621; baseline 0.001 -17"><span class='ocrx_word' id='word_1_737' title='bbox 1978 3562 2250 3615; x_wconf 79' lang='lat' dir='ltr'><strong>xarentur,</strong></span> <span class='ocrx_word' id='word_1_738' title='bbox 2278 3564 2382 3621; x_wconf 91' lang='lat' dir='ltr'><strong>quo</strong></span> <span class='ocrx_word' id='word_1_739' title='bbox 2409 3550 2542 3604; x_wconf 90' lang='lat' dir='ltr'><strong>iram</strong></span> <span class='ocrx_word' id='word_1_740' title='bbox 2573 3550 2709 3604; x_wconf 90' lang='lat' dir='ltr'><strong>hanc</strong></span> <span class='ocrx_word' id='word_1_741' title='bbox 2730 3550 2967 3618; x_wconf 70' lang='lat' dir='ltr'><strong>effugere</strong></span> <span class='ocrx_word' id='word_1_742' title='bbox 3010 3552 3271 3617; x_wconf 85' lang='lat' dir='ltr'><strong>valerent,</strong></span> <span class='ocrx_word' id='word_1_743' title='bbox 3289 3552 3419 3607; x_wconf 91' lang='lat' dir='ltr'><strong>dicit</strong></span> <span class='ocrx_word' id='word_1_744' title='bbox 3445 3569 3460 3605; x_wconf 93' lang='lat'>:</span> <span class='ocrx_word' id='word_1_745' title='bbox 3489 3551 3582 3608; x_wconf 75' lang='grc'><strong>52.</strong></span> 
     </span>
    </p>
   </div>
   <div class='ocr_carea' id='block_1_97' title="bbox 1979 3643 3585 3715">
    <p class='ocr_par' dir='ltr' id='par_1_97' title="bbox 1979 3643 3585 3715">
     <span class='ocr_line' id='line_1_97' title="bbox 1979 3643 3585 3715; baseline 0.001 -18"><span class='ocrx_word' id='word_1_746' title='bbox 1979 3643 2048 3697; x_wconf 87' lang='lat' dir='ltr'><strong>Et</strong></span> <span class='ocrx_word' id='word_1_747' title='bbox 2083 3653 2189 3698; x_wconf 72' lang='lat' dir='ltr'><strong>erat</strong></span> <span class='ocrx_word' id='word_1_748' title='bbox 2217 3643 2327 3697; x_wconf 79' lang='lat' dir='ltr'><strong>Noe</strong></span> <span class='ocrx_word' id='word_1_749' title='bbox 2365 3659 2619 3696; x_wconf 87' lang='lat' dir='ltr'><strong>annorum</strong></span> <span class='ocrx_word' id='word_1_750' title='bbox 2653 3643 3065 3713; x_wconf 84' lang='lat' dir='ltr'><strong>quingentorum,</strong></span> <span class='ocrx_word' id='word_1_751' title='bbox 3091 3652 3139 3697; x_wconf 87' lang='lat' dir='ltr'><strong>et</strong></span> <span class='ocrx_word' id='word_1_752' title='bbox 3178 3644 3353 3715; x_wconf 82' lang='lat' dir='ltr'><strong>genuit</strong></span> <span class='ocrx_word' id='word_1_753' title='bbox 3388 3654 3489 3699; x_wconf 85' lang='lat' dir='ltr'><strong>tres</strong></span> <span class='ocrx_word' id='word_1_754' title='bbox 3515 3645 3585 3711; x_wconf 81' lang='lat' dir='ltr'><strong>[i-</strong></span> 
     </span>
    </p>
   </div>
   <div class='ocr_carea' id='block_1_98' title="bbox 1981 3735 3585 3806">
    <p class='ocr_par' dir='ltr' id='par_1_98' title="bbox 1981 3735 3585 3806">
     <span class='ocr_line' id='line_1_98' title="bbox 1981 3735 3585 3806; baseline 0.002 -15"><span class='ocrx_word' id='word_1_755' title='bbox 1981 3738 2097 3791; x_wconf 86' lang='lat' dir='ltr'><strong>lios.</strong></span> <span class='ocrx_word' id='word_1_756' title='bbox 2131 3736 2263 3791; x_wconf 75' lang='lat' dir='ltr'><strong>Vide</strong></span> <span class='ocrx_word' id='word_1_757' title='bbox 2290 3736 2480 3791; x_wconf 89' lang='lat' dir='ltr'><strong>iterum</strong></span> <span class='ocrx_word' id='word_1_758' title='bbox 2510 3735 2671 3790; x_wconf 86' lang='lat' dir='ltr'><strong>alium</strong></span> <span class='ocrx_word' id='word_1_759' title='bbox 2698 3736 2900 3806; x_wconf 89' lang='lat' dir='ltr'><strong>justum</strong></span> <span class='ocrx_word' id='word_1_760' title='bbox 2941 3752 3064 3792; x_wconf 89' lang='lat' dir='ltr'><strong>cum</strong></span> <span class='ocrx_word' id='word_1_761' title='bbox 3118 3752 3285 3793; x_wconf 87' lang='lat' dir='ltr'><strong>uxore</strong></span> <span class='ocrx_word' id='word_1_762' title='bbox 3320 3747 3376 3794; x_wconf 92' lang='lat' dir='ltr'><strong>et</strong></span> <span class='ocrx_word' id='word_1_763' title='bbox 3426 3738 3585 3805; x_wconf 81' lang='lat' dir='ltr'><strong>filiis,</strong></span> 
     </span>
    </p>
   </div>
   <div class='ocr_carea' id='block_1_99' title="bbox 1982 3828 3589 3900">
    <p class='ocr_par' dir='ltr' id='par_1_99' title="bbox 1982 3828 3589 3900">
     <span class='ocr_line' id='line_1_99' title="bbox 1982 3828 3589 3900; baseline 0.002 -16"><span class='ocrx_word' id='word_1_764' title='bbox 1982 3830 2075 3900; x_wconf 88' lang='lat' dir='ltr'><strong>qui</strong></span> <span class='ocrx_word' id='word_1_765' title='bbox 2120 3829 2259 3884; x_wconf 90' lang='lat' dir='ltr'><strong>bene</strong></span> <span class='ocrx_word' id='word_1_766' title='bbox 2291 3828 2562 3900; x_wconf 91' lang='lat' dir='ltr'><strong>operando</strong></span> <span class='ocrx_word' id='word_1_767' title='bbox 2588 3829 2877 3884; x_wconf 89' lang='lat' dir='ltr'><strong>admodum</strong></span> <span class='ocrx_word' id='word_1_768' title='bbox 2927 3830 3126 3900; x_wconf 81' lang='lat' dir='ltr'><strong>placuit</strong></span> <span class='ocrx_word' id='word_1_769' title='bbox 3161 3831 3290 3899; x_wconf 89' lang='lat' dir='ltr'><strong>Deo,</strong></span> <span class='ocrx_word' id='word_1_770' title='bbox 3324 3841 3379 3886; x_wconf 92' lang='lat' dir='ltr'><strong>et</strong></span> <span class='ocrx_word' id='word_1_771' title='bbox 3403 3844 3589 3888; x_wconf 86' lang='lat' dir='ltr'><strong>contra</strong></span> 
     </span>
    </p>
   </div>
   <div class='ocr_carea' id='block_1_100' title="bbox 1982 3921 3591 3994">
    <p class='ocr_par' dir='ltr' id='par_1_100' title="bbox 1982 3921 3591 3994">
     <span class='ocr_line' id='line_1_100' title="bbox 1982 3921 3591 3994; baseline 0.004 -20"><span class='ocrx_word' id='word_1_772' title='bbox 1982 3937 2141 3992; x_wconf 90' lang='lat' dir='ltr'><strong>quam</strong></span> <span class='ocrx_word' id='word_1_773' title='bbox 2170 3936 2357 3976; x_wconf 91' lang='lat' dir='ltr'><strong>omnes</strong></span> <span class='ocrx_word' id='word_1_774' title='bbox 2384 3921 2633 3991; x_wconf 83' lang='lat' dir='ltr'><strong>agebant,</strong></span> <span class='ocrx_word' id='word_1_775' title='bbox 2664 3921 2877 3977; x_wconf 82' lang='lat' dir='ltr'><strong>virtutis</strong></span> <span class='ocrx_word' id='word_1_776' title='bbox 2908 3923 3046 3977; x_wconf 90' lang='lat' dir='ltr'><strong>viam</strong></span> <span class='ocrx_word' id='word_1_777' title='bbox 3083 3923 3249 3993; x_wconf 79' lang='lat' dir='ltr'><strong>elegit</strong></span> <span class='ocrx_word' id='word_1_778' title='bbox 3280 3940 3294 3977; x_wconf 91' lang='lat'><strong>:</strong></span> <span class='ocrx_word' id='word_1_779' title='bbox 3322 3932 3376 3979; x_wconf 91' lang='lat' dir='ltr'><strong>et</strong></span> <span class='ocrx_word' id='word_1_780' title='bbox 3416 3940 3591 3994; x_wconf 89' lang='lat' dir='ltr'><strong>neque</strong></span> 
     </span>
    </p>
   </div>
   <div class='ocr_carea' id='block_1_101' title="bbox 1987 4012 3591 4083">
    <p class='ocr_par' dir='ltr' id='par_1_101' title="bbox 1987 4012 3591 4083">
     <span class='ocr_line' id='line_1_101' title="bbox 1987 4012 3591 4083; baseline 0.003 -18"><span class='ocrx_word' id='word_1_781' title='bbox 1987 4012 2182 4082; x_wconf 89' lang='lat' dir='ltr'><strong>nuptiis</strong></span> <span class='ocrx_word' id='word_1_782' title='bbox 2210 4053 2224 4077; x_wconf 92' lang='lat'><strong>,</strong></span> <span class='ocrx_word' id='word_1_783' title='bbox 2278 4027 2450 4082; x_wconf 86' lang='lat' dir='ltr'><strong>neque</strong></span> <span class='ocrx_word' id='word_1_784' title='bbox 2499 4012 2729 4067; x_wconf 86' lang='lat' dir='ltr'><strong>ﬁliorum</strong></span> <span class='ocrx_word' id='word_1_785' title='bbox 2775 4012 3095 4069; x_wconf 83' lang='lat' dir='ltr'><strong>educatione</strong></span> <span class='ocrx_word' id='word_1_786' title='bbox 3146 4014 3444 4083; x_wconf 82' lang='lat' dir='ltr'><strong>prohibitus</strong></span> <span class='ocrx_word' id='word_1_787' title='bbox 3486 4028 3591 4071; x_wconf 84' lang='lat' dir='ltr'><strong>est.</strong></span> 
     </span>
    </p>
   </div>
   <div class='ocr_carea' id='block_1_102' title="bbox 1987 4102 3589 4177">
    <p class='ocr_par' dir='ltr' id='par_1_102' title="bbox 1987 4102 3589 4177">
     <span class='ocr_line' id='line_1_102' title="bbox 1987 4102 3589 4177; baseline 0.002 -18"><span class='ocrx_word' id='word_1_788' title='bbox 1987 4103 2156 4160; x_wconf 77' lang='lat' dir='ltr'><strong>Porro</strong></span> <span class='ocrx_word' id='word_1_789' title='bbox 2179 4102 2606 4174; x_wconf 88' lang='lat' dir='ltr'><strong>obstupescenda</strong></span> <span class='ocrx_word' id='word_1_790' title='bbox 2635 4114 2718 4159; x_wconf 90' lang='lat' dir='ltr'><strong>est</strong></span> <span class='ocrx_word' id='word_1_791' title='bbox 2757 4104 3040 4160; x_wconf 87' lang='lat' dir='ltr'><strong>ineffabilis</strong></span> <span class='ocrx_word' id='word_1_792' title='bbox 3090 4107 3344 4177; x_wconf 87' lang='lat' dir='ltr'><strong>patientia</strong></span> <span class='ocrx_word' id='word_1_793' title='bbox 3380 4107 3493 4171; x_wconf 86' lang='lat' dir='ltr'><strong>Dei,</strong></span> <span class='ocrx_word' id='word_1_794' title='bbox 3537 4117 3589 4163; x_wconf 92' lang='lat' dir='ltr'><strong>et</strong></span> 
     </span>
    </p>
   </div>
   <div class='ocr_carea' id='block_1_103' title="bbox 1986 4195 3589 4270">
    <p class='ocr_par' dir='ltr' id='par_1_103' title="bbox 1986 4195 3589 4270">
     <span class='ocr_line' id='line_1_103' title="bbox 1986 4195 3589 4270; baseline 0.004 -20"><span class='ocrx_word' id='word_1_795' title='bbox 1986 4197 2290 4267; x_wconf 78' lang='lat' dir='ltr'><strong>prodigiosa</strong></span> <span class='ocrx_word' id='word_1_796' title='bbox 2318 4195 2597 4251; x_wconf 88' lang='lat' dir='ltr'><strong>hominum</strong></span> <span class='ocrx_word' id='word_1_797' title='bbox 2621 4239 2635 4263; x_wconf 95' lang='lat'><strong>,</strong></span> <span class='ocrx_word' id='word_1_798' title='bbox 2677 4196 2767 4267; x_wconf 90' lang='lat' dir='ltr'><strong>qui</strong></span> <span class='ocrx_word' id='word_1_799' title='bbox 2800 4207 2924 4252; x_wconf 90' lang='lat' dir='ltr'><strong>tunc</strong></span> <span class='ocrx_word' id='word_1_800' title='bbox 2951 4208 3140 4265; x_wconf 89' lang='lat' dir='ltr'><strong>erant,</strong></span> <span class='ocrx_word' id='word_1_801' title='bbox 3170 4200 3426 4270; x_wconf 82' lang='lat' dir='ltr'><strong>nequitia.</strong></span> <span class='ocrx_word' id='word_1_802' title='bbox 3449 4200 3589 4256; x_wconf 87' lang='lat' dir='ltr'><strong>Ecce</strong></span> 
     </span>
    </p>
   </div>
   <div class='ocr_carea' id='block_1_104' title="bbox 1988 4288 3597 4360">
    <p class='ocr_par' dir='ltr' id='par_1_104' title="bbox 1988 4288 3597 4360">
     <span class='ocr_line' id='line_1_104' title="bbox 1988 4288 3597 4360; baseline 0.001 -16"><span class='ocrx_word' id='word_1_803' title='bbox 1988 4291 2131 4345; x_wconf 87' lang='lat' dir='ltr'><strong>enim</strong></span> <span class='ocrx_word' id='word_1_804' title='bbox 2152 4289 2455 4360; x_wconf 83' lang='lat' dir='ltr'><strong>quingentis</strong></span> <span class='ocrx_word' id='word_1_805' title='bbox 2500 4290 2652 4343; x_wconf 92' lang='lat' dir='ltr'><strong>annis</strong></span> <span class='ocrx_word' id='word_1_806' title='bbox 2680 4289 2887 4343; x_wconf 80' lang='lat' dir='ltr'><strong>vixerat</strong></span> <span class='ocrx_word' id='word_1_807' title='bbox 2912 4288 3089 4359; x_wconf 89' lang='lat' dir='ltr'><strong>justus</strong></span> <span class='ocrx_word' id='word_1_808' title='bbox 3118 4292 3226 4359; x_wconf 92' lang='lat' dir='ltr'><strong>ille,</strong></span> <span class='ocrx_word' id='word_1_809' title='bbox 3256 4291 3495 4347; x_wconf 89' lang='lat' dir='ltr'><strong>clamans</strong></span> <span class='ocrx_word' id='word_1_810' title='bbox 3538 4303 3597 4347; x_wconf 91' lang='lat' dir='ltr'><strong>et</strong></span> 
     </span>
    </p>
   </div>
   <div class='ocr_carea' id='block_1_105' title="bbox 1990 4380 3593 4453">
    <p class='ocr_par' dir='ltr' id='par_1_105' title="bbox 1990 4380 3593 4453">
     <span class='ocr_line' id='line_1_105' title="bbox 1990 4380 3593 4453; baseline 0.001 -16"><span class='ocrx_word' id='word_1_811' title='bbox 1990 4382 2280 4438; x_wconf 84' lang='lat' dir='ltr'><strong>testiﬁcans</strong></span> <span class='ocrx_word' id='word_1_812' title='bbox 2311 4397 2410 4437; x_wconf 89' lang='lat' dir='ltr'><strong>suo</strong></span> <span class='ocrx_word' id='word_1_813' title='bbox 2438 4382 2656 4437; x_wconf 89' lang='lat' dir='ltr'><strong>nomine</strong></span> <span class='ocrx_word' id='word_1_814' title='bbox 2686 4380 2920 4436; x_wconf 90' lang='lat' dir='ltr'><strong>futurum</strong></span> <span class='ocrx_word' id='word_1_815' title='bbox 2951 4399 3045 4453; x_wconf 89' lang='lat' dir='ltr'><strong>per</strong></span> <span class='ocrx_word' id='word_1_816' title='bbox 3072 4386 3380 4440; x_wconf 82' lang='lat' dir='ltr'><strong>universum</strong></span> <span class='ocrx_word' id='word_1_817' title='bbox 3407 4386 3593 4441; x_wconf 88' lang='lat' dir='ltr'><strong>orbem</strong></span> 
     </span>
    </p>
   </div>
   <div class='ocr_carea' id='block_1_106' title="bbox 1989 4474 3597 4548">
    <p class='ocr_par' dir='ltr' id='par_1_106' title="bbox 1989 4474 3597 4548">
     <span class='ocr_line' id='line_1_106' title="bbox 1989 4474 3597 4548; baseline -0.001 -15"><span class='ocrx_word' id='word_1_818' title='bbox 1989 4478 2266 4543; x_wconf 91' lang='lat' dir='ltr'><strong>diluvium,</strong></span> <span class='ocrx_word' id='word_1_819' title='bbox 2300 4476 2368 4533; x_wconf 91' lang='lat' dir='ltr'><strong>ob</strong></span> <span class='ocrx_word' id='word_1_820' title='bbox 2394 4475 2611 4530; x_wconf 91' lang='lat' dir='ltr'><strong>nimiam</strong></span> <span class='ocrx_word' id='word_1_821' title='bbox 2661 4474 2937 4529; x_wconf 83' lang='lat' dir='ltr'><strong>hominum</strong></span> <span class='ocrx_word' id='word_1_822' title='bbox 2968 4477 3225 4532; x_wconf 89' lang='lat' dir='ltr'><strong>malitiam</strong></span> <span class='ocrx_word' id='word_1_823' title='bbox 3252 4520 3265 4541; x_wconf 93' lang='lat'><strong>,</strong></span> <span class='ocrx_word' id='word_1_824' title='bbox 3317 4486 3369 4533; x_wconf 89' lang='lat' dir='ltr'><strong>et</strong></span> <span class='ocrx_word' id='word_1_825' title='bbox 3423 4493 3597 4548; x_wconf 86' lang='lat' dir='ltr'><strong>neque</strong></span> 
     </span>
    </p>
   </div>
   <div class='ocr_carea' id='block_1_107' title="bbox 1992 4569 3596 4639">
    <p class='ocr_par' dir='ltr' id='par_1_107' title="bbox 1992 4569 3596 4639">
     <span class='ocr_line' id='line_1_107' title="bbox 1992 4569 3596 4639; baseline 0.003 -17"><span class='ocrx_word' id='word_1_826' title='bbox 1992 4571 2070 4623; x_wconf 84' lang='lat' dir='ltr'><strong>sic</strong></span> <span class='ocrx_word' id='word_1_827' title='bbox 2096 4586 2124 4623; x_wconf 90' lang='lat' dir='ltr'><strong>a</strong></span> <span class='ocrx_word' id='word_1_828' title='bbox 2158 4570 2392 4639; x_wconf 87' lang='lat' dir='ltr'><strong>nequitia</strong></span> <span class='ocrx_word' id='word_1_829' title='bbox 2424 4569 2698 4623; x_wconf 89' lang='lat' dir='ltr'><strong>abstinere</strong></span> <span class='ocrx_word' id='word_1_830' title='bbox 2727 4569 3032 4623; x_wconf 88' lang='lat' dir='ltr'><strong>voluerunt.</strong></span> <span class='ocrx_word' id='word_1_831' title='bbox 3068 4571 3137 4623; x_wconf 83' lang='lat' dir='ltr'><strong>At</strong></span> <span class='ocrx_word' id='word_1_832' title='bbox 3167 4571 3405 4626; x_wconf 87' lang='lat' dir='ltr'><strong>clemens</strong></span> <span class='ocrx_word' id='word_1_833' title='bbox 3451 4570 3596 4627; x_wconf 86' lang='lat' dir='ltr'><strong>Deus</strong></span> 
     </span>
    </p>
   </div>
   <div class='ocr_carea' id='block_1_108' title="bbox 1994 4658 3596 4730">
    <p class='ocr_par' dir='ltr' id='par_1_108' title="bbox 1994 4658 3596 4730">
     <span class='ocr_line' id='line_1_108' title="bbox 1994 4658 3596 4730; baseline 0.001 -17"><span class='ocrx_word' id='word_1_834' title='bbox 1994 4675 2167 4730; x_wconf 89' lang='lat' dir='ltr'><strong>neque</strong></span> <span class='ocrx_word' id='word_1_835' title='bbox 2198 4670 2313 4729; x_wconf 89' lang='lat' dir='ltr'><strong>post</strong></span> <span class='ocrx_word' id='word_1_836' title='bbox 2344 4668 2546 4713; x_wconf 88' lang='lat' dir='ltr'><strong>tantum</strong></span> <span class='ocrx_word' id='word_1_837' title='bbox 2576 4658 2907 4725; x_wconf 88' lang='lat' dir='ltr'><strong>vaticinium,</strong></span> <span class='ocrx_word' id='word_1_838' title='bbox 2942 4674 3115 4729; x_wconf 88' lang='lat' dir='ltr'><strong>neque</strong></span> <span class='ocrx_word' id='word_1_839' title='bbox 3145 4669 3264 4728; x_wconf 87' lang='lat' dir='ltr'><strong>post</strong></span> <span class='ocrx_word' id='word_1_840' title='bbox 3307 4669 3388 4714; x_wconf 91' lang='lat' dir='ltr'><strong>tot</strong></span> <span class='ocrx_word' id='word_1_841' title='bbox 3426 4675 3596 4715; x_wconf 86' lang='lat' dir='ltr'><strong>anno-</strong></span> 
     </span>
    </p>
   </div>
   <div class='ocr_carea' id='block_1_109' title="bbox 1996 4750 3598 4821">
    <p class='ocr_par' dir='ltr' id='par_1_109' title="bbox 1996 4750 3598 4821">
     <span class='ocr_line' id='line_1_109' title="bbox 1996 4750 3598 4821; baseline 0 -14"><span class='ocrx_word' id='word_1_842' title='bbox 1996 4768 2114 4807; x_wconf 88' lang='lat' dir='ltr'><strong>rum</strong></span> <span class='ocrx_word' id='word_1_843' title='bbox 2140 4768 2420 4807; x_wconf 90' lang='lat' dir='ltr'><strong>numerum</strong></span> <span class='ocrx_word' id='word_1_844' title='bbox 2451 4766 2662 4821; x_wconf 65' lang='lat' dir='ltr'><strong>poenam</strong></span> <span class='ocrx_word' id='word_1_845' title='bbox 2695 4750 2891 4806; x_wconf 90' lang='lat' dir='ltr'><strong>inducit</strong></span> <span class='ocrx_word' id='word_1_846' title='bbox 2923 4767 2937 4803; x_wconf 89' lang='lat'><strong>:</strong></span> <span class='ocrx_word' id='word_1_847' title='bbox 2968 4752 3062 4806; x_wconf 90' lang='lat' dir='ltr'><strong>sed</strong></span> <span class='ocrx_word' id='word_1_848' title='bbox 3090 4752 3267 4807; x_wconf 92' lang='lat' dir='ltr'><strong>denuo</strong></span> <span class='ocrx_word' id='word_1_849' title='bbox 3314 4768 3468 4807; x_wconf 89' lang='lat' dir='ltr'><strong>suam</strong></span> <span class='ocrx_word' id='word_1_850' title='bbox 3500 4769 3598 4807; x_wconf 63' lang='lat' dir='ltr'><strong>auo</strong></span> 
     </span>
    </p>
   </div>
   <div class='ocr_carea' id='block_1_110' title="bbox 1996 4843 3602 4913">
    <p class='ocr_par' dir='ltr' id='par_1_110' title="bbox 1996 4843 3602 4913">
     <span class='ocr_line' id='line_1_110' title="bbox 1996 4843 3602 4913; baseline 0 -13"><span class='ocrx_word' id='word_1_851' title='bbox 1996 4855 2179 4901; x_wconf 76' lang='lat' dir='ltr'><strong>cturus</strong></span> <span class='ocrx_word' id='word_1_852' title='bbox 2209 4844 2542 4913; x_wconf 86' lang='lat' dir='ltr'><strong>patientiam,</strong></span> <span class='ocrx_word' id='word_1_853' title='bbox 2590 4843 2727 4897; x_wconf 90' lang='lat' dir='ltr'><strong>alios</strong></span> <span class='ocrx_word' id='word_1_854' title='bbox 2770 4859 2874 4898; x_wconf 92' lang='lat' dir='ltr'><strong>non</strong></span> <span class='ocrx_word' id='word_1_855' title='bbox 2902 4858 3099 4913; x_wconf 85' lang='lat' dir='ltr'><strong>paucos</strong></span> <span class='ocrx_word' id='word_1_856' title='bbox 3125 4859 3297 4899; x_wconf 88' lang='lat' dir='ltr'><strong>annos</strong></span> <span class='ocrx_word' id='word_1_857' title='bbox 3324 4861 3435 4900; x_wconf 69' lang='lat' dir='ltr'><strong>sum</strong></span> <span class='ocrx_word' id='word_1_858' title='bbox 3462 4846 3602 4900; x_wconf 89' lang='lat' dir='ltr'><strong>tole-</strong></span> 
     </span>
    </p>
   </div>
   <div class='ocr_carea' id='block_1_111' title="bbox 1999 4934 3608 5007">
    <p class='ocr_par' dir='ltr' id='par_1_111' title="bbox 1999 4934 3608 5007">
     <span class='ocr_line' id='line_1_111' title="bbox 1999 4934 3608 5007; baseline -0.001 -15"><span class='ocrx_word' id='word_1_859' title='bbox 1999 4938 2184 4992; x_wconf 81' lang='lat' dir='ltr'><strong>rantia:</strong></span> <span class='ocrx_word' id='word_1_860' title='bbox 2214 4936 2473 5007; x_wconf 82' lang='lat' dir='ltr'><strong>adjungit.</strong></span> <span class='ocrx_word' id='word_1_861' title='bbox 2504 4934 2688 5004; x_wconf 89' lang='lat' dir='ltr'><strong>Neque</strong></span> <span class='ocrx_word' id='word_1_862' title='bbox 2711 4936 2851 4990; x_wconf 87' lang='lat' dir='ltr'><strong>enim</strong></span> <span class='ocrx_word' id='word_1_863' title='bbox 2886 4935 3005 4990; x_wconf 90' lang='lat' dir='ltr'><strong>ideo</strong></span> <span class='ocrx_word' id='word_1_864' title='bbox 3036 4937 3284 5005; x_wconf 82' lang='lat' dir='ltr'><strong>produxit</strong></span> <span class='ocrx_word' id='word_1_865' title='bbox 3311 4936 3608 4993; x_wconf 86' lang='lat' dir='ltr'><strong>humanum</strong></span> 
     </span>
    </p>
   </div>
   <div class='ocr_carea' id='block_1_112' title="bbox 1998 5028 3601 5102">
    <p class='ocr_par' dir='ltr' id='par_1_112' title="bbox 1998 5028 3601 5102">
     <span class='ocr_line' id='line_1_112' title="bbox 1998 5028 3601 5102; baseline -0.003 -16"><span class='ocrx_word' id='word_1_866' title='bbox 1998 5045 2171 5102; x_wconf 77' lang='lat' dir='ltr'><strong>genus</strong></span> <span class='ocrx_word' id='word_1_867' title='bbox 2195 5040 2251 5083; x_wconf 91' lang='lat' dir='ltr'><strong>ut</strong></span> <span class='ocrx_word' id='word_1_868' title='bbox 2273 5030 2507 5099; x_wconf 89' lang='lat' dir='ltr'><strong>puniret,</strong></span> <span class='ocrx_word' id='word_1_869' title='bbox 2533 5028 2627 5082; x_wconf 88' lang='lat' dir='ltr'><strong>sed</strong></span> <span class='ocrx_word' id='word_1_870' title='bbox 2659 5030 2821 5099; x_wconf 90' lang='lat' dir='ltr'><strong>plane</strong></span> <span class='ocrx_word' id='word_1_871' title='bbox 2850 5044 2880 5083; x_wconf 90' lang='lat' dir='ltr'><strong>c</strong></span> <span class='ocrx_word' id='word_1_872' title='bbox 2901 5028 3135 5093; x_wconf 84' lang='lat' dir='ltr'><strong>diverso,</strong></span> <span class='ocrx_word' id='word_1_873' title='bbox 3171 5039 3225 5083; x_wconf 92' lang='lat' dir='ltr'><strong>ut</strong></span> <span class='ocrx_word' id='word_1_874' title='bbox 3254 5029 3475 5084; x_wconf 91' lang='lat' dir='ltr'><strong>donaret</strong></span> <span class='ocrx_word' id='word_1_875' title='bbox 3504 5044 3601 5083; x_wconf 88' lang='lat' dir='ltr'><strong>no-</strong></span> 
     </span>
    </p>
   </div>
   <div class='ocr_carea' id='block_1_113' title="bbox 2002 5120 3611 5191">
    <p class='ocr_par' dir='ltr' id='par_1_113' title="bbox 2002 5120 3611 5191">
     <span class='ocr_line' id='line_1_113' title="bbox 2002 5120 3611 5191; baseline -0.001 -16"><span class='ocrx_word' id='word_1_876' title='bbox 2002 5122 2086 5176; x_wconf 91' lang='lat' dir='ltr'><strong>bis</strong></span> <span class='ocrx_word' id='word_1_877' title='bbox 2131 5122 2410 5176; x_wconf 89' lang='lat' dir='ltr'><strong>innutnera</strong></span> <span class='ocrx_word' id='word_1_878' title='bbox 2438 5121 2575 5175; x_wconf 88' lang='lat' dir='ltr'><strong>bona</strong></span> <span class='ocrx_word' id='word_1_879' title='bbox 2607 5120 2802 5189; x_wconf 91' lang='lat' dir='ltr'><strong>quibus</strong></span> <span class='ocrx_word' id='word_1_880' title='bbox 2834 5120 3153 5175; x_wconf 78' lang='lat' dir='ltr'><strong>fruerentur.</strong></span> <span class='ocrx_word' id='word_1_881' title='bbox 3215 5122 3279 5175; x_wconf 84' lang='lat' dir='ltr'><strong>Et</strong></span> <span class='ocrx_word' id='word_1_882' title='bbox 3324 5134 3611 5191; x_wconf 78' lang='lat' dir='ltr'><strong>propterea</strong></span> 
     </span>
    </p>
   </div>
   <div class='ocr_carea' id='block_1_114' title="bbox 2002 5210 3605 5283">
    <p class='ocr_par' dir='ltr' id='par_1_114' title="bbox 2002 5210 3605 5283">
     <span class='ocr_line' id='line_1_114' title="bbox 2002 5210 3605 5283; baseline -0.001 -16"><span class='ocrx_word' id='word_1_883' title='bbox 2002 5213 2175 5283; x_wconf 89' lang='lat' dir='ltr'><strong>ipsum</strong></span> <span class='ocrx_word' id='word_1_884' title='bbox 2199 5210 2396 5283; x_wconf 90' lang='lat' dir='ltr'><strong>ubique</strong></span> <span class='ocrx_word' id='word_1_885' title='bbox 2428 5210 2575 5266; x_wconf 86' lang='lat' dir='ltr'><strong>vides</strong></span> <span class='ocrx_word' id='word_1_886' title='bbox 2600 5221 2960 5277; x_wconf 86' lang='lat' dir='ltr'><strong>cunctantem,</strong></span> <span class='ocrx_word' id='word_1_887' title='bbox 3009 5223 3063 5267; x_wconf 92' lang='lat' dir='ltr'><strong>et</strong></span> <span class='ocrx_word' id='word_1_888' title='bbox 3099 5228 3278 5268; x_wconf 89' lang='lat' dir='ltr'><strong>moras</strong></span> <span class='ocrx_word' id='word_1_889' title='bbox 3302 5222 3605 5268; x_wconf 86' lang='lat' dir='ltr'><strong>nectentem</strong></span> 
     </span>
    </p>
   </div>
   <div class='ocr_carea' id='block_1_115' title="bbox 2004 5300 3612 5373">
    <p class='ocr_par' dir='ltr' id='par_1_115' title="bbox 2004 5300 3612 5373">
     <span class='ocr_line' id='line_1_115' title="bbox 2004 5300 3612 5373; baseline 0 -16"><span class='ocrx_word' id='word_1_890' title='bbox 2004 5305 2057 5357; x_wconf 82' lang='lat' dir='ltr'><strong>in</strong></span> <span class='ocrx_word' id='word_1_891' title='bbox 2085 5303 2257 5373; x_wconf 75' lang='lat' dir='ltr'><strong>ptenis</strong></span> <span class='ocrx_word' id='word_1_892' title='bbox 2291 5302 2610 5373; x_wconf 79' lang='lat' dir='ltr'><strong>infligcndis.</strong></span> <span class='ocrx_word' id='word_1_893' title='bbox 2642 5302 2837 5357; x_wconf 82' lang='lat' dir='ltr'><strong>Verum</strong></span> <span class='ocrx_word' id='word_1_894' title='bbox 2873 5319 2939 5358; x_wconf 89' lang='lat' dir='ltr'><strong>ne</strong></span> <span class='ocrx_word' id='word_1_895' title='bbox 2979 5303 3242 5358; x_wconf 78' lang='lat' dir='ltr'><strong>dictorum</strong></span> <span class='ocrx_word' id='word_1_896' title='bbox 3273 5300 3612 5358; x_wconf 84' lang='lat' dir='ltr'><strong>multitudine</strong></span> 
     </span>
    </p>
   </div>
   <div class='ocr_carea' id='block_1_116' title="bbox 2007 5394 3613 5460">
    <p class='ocr_par' dir='ltr' id='par_1_116' title="bbox 2007 5394 3613 5460">
     <span class='ocr_line' id='line_1_116' title="bbox 2007 5394 3613 5460; baseline -0.003 -8"><span class='ocrx_word' id='word_1_897' title='bbox 2007 5394 2322 5452; x_wconf 88' lang='lat' dir='ltr'><strong>memoriam</strong></span> <span class='ocrx_word' id='word_1_898' title='bbox 2370 5406 2605 5451; x_wconf 83' lang='lat' dir='ltr'><strong>vestram</strong></span> <span class='ocrx_word' id='word_1_899' title='bbox 2660 5395 2988 5460; x_wconf 89' lang='lat' dir='ltr'><strong>obruamus,</strong></span> <span class='ocrx_word' id='word_1_900' title='bbox 3040 5394 3126 5449; x_wconf 87' lang='lat' dir='ltr'><strong>hic</strong></span> <span class='ocrx_word' id='word_1_901' title='bbox 3180 5409 3487 5451; x_wconf 87' lang='lat' dir='ltr'><strong>sermonem</strong></span> <span class='ocrx_word' id='word_1_902' title='bbox 3538 5395 3613 5448; x_wconf 78' lang='lat' dir='ltr'><strong>si-</strong></span> 
     </span>
    </p>
   </div>
   <div class='ocr_carea' id='block_1_117' title="bbox 2004 5487 3469 5557">
    <p class='ocr_par' dir='ltr' id='par_1_117' title="bbox 2004 5487 3469 5557">
     <span class='ocr_line' id='line_1_117' title="bbox 2004 5487 3469 5557; baseline 0 -14"><span class='ocrx_word' id='word_1_903' title='bbox 2004 5494 2231 5551; x_wconf 84' lang='lat' dir='ltr'><strong>stcntos,</strong></span> <span class='ocrx_word' id='word_1_904' title='bbox 2262 5498 2457 5542; x_wconf 70' lang='lat' dir='ltr'><strong>czctera</strong></span> <span class='ocrx_word' id='word_1_905' title='bbox 2504 5502 2672 5557; x_wconf 89' lang='lat' dir='ltr'><strong>usque</strong></span> <span class='ocrx_word' id='word_1_906' title='bbox 2701 5487 2754 5541; x_wconf 84' lang='lat' dir='ltr'><strong>in</strong></span> <span class='ocrx_word' id='word_1_907' title='bbox 2800 5488 3090 5547; x_wconf 81' lang='lat' dir='ltr'><strong>crastinum</strong></span> <span class='ocrx_word' id='word_1_908' title='bbox 3123 5501 3469 5556; x_wconf 82' lang='lat' dir='ltr'><strong>reponemus.</strong></span> 
     </span>
    </p>
   </div>
   <div class='ocr_carea' id='block_1_118' title="bbox 2081 5576 3613 5651">
    <p class='ocr_par' dir='ltr' id='par_1_118' title="bbox 2081 5576 3613 5651">
     <span class='ocr_line' id='line_1_118' title="bbox 2081 5576 3613 5651; baseline 0 -16"><span class='ocrx_word' id='word_1_909' title='bbox 2081 5580 2134 5635; x_wconf 88' lang='grc'><strong>6.</strong></span> <span class='ocrx_word' id='word_1_910' title='bbox 2178 5577 2396 5635; x_wconf 79' lang='lat' dir='ltr'><strong>Moralt&#39;s</strong></span> <span class='ocrx_word' id='word_1_911' title='bbox 2419 5580 2908 5651; x_wconf 52' lang='lat' dir='ltr'><strong>epilogum—Hice</strong></span> <span class='ocrx_word' id='word_1_912' title='bbox 2946 5592 3147 5647; x_wconf 86' lang='lat' dir='ltr'><strong>autem,</strong></span> <span class='ocrx_word' id='word_1_913' title='bbox 3186 5597 3252 5636; x_wconf 79' lang='lat' dir='ltr'><strong>ne</strong></span> <span class='ocrx_word' id='word_1_914' title='bbox 3296 5576 3613 5650; x_wconf 71' lang='lat' dir='ltr'><strong>simpliciter</strong></span> 
     </span>
    </p>
   </div>
   <div class='ocr_carea' id='block_1_119' title="bbox 2012 5669 3610 5747">
    <p class='ocr_par' dir='ltr' id='par_1_119' title="bbox 2012 5669 3610 5747">
     <span class='ocr_line' id='line_1_119' title="bbox 2012 5669 3610 5747; baseline 0.001 -22"><span class='ocrx_word' id='word_1_915' title='bbox 2012 5681 2067 5725; x_wconf 89' lang='lat' dir='ltr'><strong>et</strong></span> <span class='ocrx_word' id='word_1_916' title='bbox 2098 5671 2561 5747; x_wconf 84' lang='lat' dir='ltr'><strong>inconsideranter</strong></span> <span class='ocrx_word' id='word_1_917' title='bbox 2591 5671 2891 5739; x_wconf 85' lang='lat' dir='ltr'><strong>audiamus,</strong></span> <span class='ocrx_word' id='word_1_918' title='bbox 2920 5671 3096 5727; x_wconf 81' lang='lat' dir='ltr'><strong>dilecti</strong></span> <span class='ocrx_word' id='word_1_919' title='bbox 3138 5688 3150 5724; x_wconf 91' lang='lat'><strong>:</strong></span> <span class='ocrx_word' id='word_1_920' title='bbox 3180 5669 3274 5726; x_wconf 87' lang='lat' dir='ltr'><strong>sed</strong></span> <span class='ocrx_word' id='word_1_921' title='bbox 3300 5672 3610 5726; x_wconf 73' lang='lat' dir='ltr'><strong>erudiuntur</strong></span> 
     </span>
    </p>
   </div>
   <div class='ocr_carea' id='block_1_120' title="bbox 2014 5760 3607 5833">
    <p class='ocr_par' dir='ltr' id='par_1_120' title="bbox 2014 5760 3607 5833">
     <span class='ocr_line' id='line_1_120' title="bbox 2014 5760 3607 5833; baseline 0 -18"><span class='ocrx_word' id='word_1_922' title='bbox 2014 5760 2082 5819; x_wconf 87' lang='lat' dir='ltr'><strong>ad</strong></span> <span class='ocrx_word' id='word_1_923' title='bbox 2115 5761 2374 5817; x_wconf 91' lang='lat' dir='ltr'><strong>virtutum</strong></span> <span class='ocrx_word' id='word_1_924' title='bbox 2417 5776 2600 5817; x_wconf 88' lang='lat' dir='ltr'><strong>curam</strong></span> <span class='ocrx_word' id='word_1_925' title='bbox 2639 5762 2926 5833; x_wconf 78' lang='lat' dir='ltr'><strong>agendam,</strong></span> <span class='ocrx_word' id='word_1_926' title='bbox 2977 5761 3373 5832; x_wconf 79' lang='lat' dir='ltr'><strong>admodumque</strong></span> <span class='ocrx_word' id='word_1_927' title='bbox 3403 5764 3607 5817; x_wconf 85' lang='lat' dir='ltr'><strong>studea-</strong></span> 
     </span>
    </p>
   </div>
   <div class='ocr_carea' id='block_1_121' title="bbox 2016 5852 3615 5927">
    <p class='ocr_par' dir='ltr' id='par_1_121' title="bbox 2016 5852 3615 5927">
     <span class='ocr_line' id='line_1_121' title="bbox 2016 5852 3615 5927; baseline -0.003 -16"><span class='ocrx_word' id='word_1_928' title='bbox 2016 5869 2138 5911; x_wconf 87' lang='lat' dir='ltr'><strong>mus</strong></span> <span class='ocrx_word' id='word_1_929' title='bbox 2165 5852 2275 5911; x_wconf 81' lang='lat' dir='ltr'><strong>Deo</strong></span> <span class='ocrx_word' id='word_1_930' title='bbox 2302 5854 2441 5911; x_wconf 88' lang='lat' dir='ltr'><strong>bene</strong></span> <span class='ocrx_word' id='word_1_931' title='bbox 2475 5855 2715 5925; x_wconf 85' lang='lat' dir='ltr'><strong>placere;</strong></span> <span class='ocrx_word' id='word_1_932' title='bbox 2768 5866 2819 5911; x_wconf 88' lang='lat' dir='ltr'><strong>ct</strong></span> <span class='ocrx_word' id='word_1_933' title='bbox 2847 5870 3019 5924; x_wconf 80' lang='lat' dir='ltr'><strong>neque</strong></span> <span class='ocrx_word' id='word_1_934' title='bbox 3052 5870 3242 5910; x_wconf 89' lang='lat' dir='ltr'><strong>uomus</strong></span> <span class='ocrx_word' id='word_1_935' title='bbox 3272 5852 3615 5927; x_wconf 78' lang='lat' dir='ltr'><strong>gubernatio.-</strong></span> 
     </span>
    </p>
   </div>
  </div>
