4068 6378
291 378 389 432 1εῆ

289 496 514 548 reddunt
544 512 556 548 :
588 493 658 548 ita
687 491 731 547 si
757 490 950 544 animze
984 486 1475 556 circumponantur,
1522 480 1735 536 etiamsi
1774 479 1872 535 de-

288 586 443 642 formi
462 597 725 640 summam
739 577 1186 650 pulchritudinem
1200 575 1472 631 afferrent.
1498 573 1565 627 Et
1584 569 1872 641 quomoda,

289 674 456 742 dices,
483 682 703 744 ρυεςυηι
721 671 915 726 animae
944 668 1272 738 cireumponi
1291 664 1494 720 aurea?
1514 662 1709 718 lterum
1736 662 1876 723 dico,

293 782 383 837 per
404 779 596 821 manus
617 777 903 832 pauperum
949 760 1026 814 illi
1053 759 1195 815 enim
1217 757 1558 826 accipientes,
1590 751 1879 808 formosam

293 859 434 914 illam
463 855 709 912 reddunt.
739 854 848 908 Illis
871 866 1086 906 auream
1118 847 1397 918 pecuniam
1424 844 1591 909 trade,
1630 853 1686 899 et
1715 843 1765 896 in
1814 843 1879 896 il-

296 952 464 1003 lorum
488 926 705 1002 venires
724 944 1034 1013 dispensato
1051 982 1066 1006 ,
1093 949 1400 1010 tantamque
1437 937 1509 992 ibi
1531 935 1765 990 vicissim
1788 932 1887 988 da—

296 1043 423 1096 bunt
451 1038 920 1109 pulchritudinem,
944 1047 1005 1090 ut
1025 1033 1193 1088 forma
1223 1043 1307 1086 tua
1337 1046 1519 1085 verum
1546 1030 1692 1083 illum
1721 1043 1882 1097 spon-

292 1147 410 1186 sum
439 1131 658 1192 alliciat,
683 1120 1063 1196 innumeraque
1089 1125 1226 1179 dona
1254 1123 1516 1178 conciliet.
1542 1119 1687 1176 Cum
1703 1128 1886 1177 autem

297 1221 690 1292 pulchritudine
735 1220 1015 1272 Dominum
1069 1216 1356 1278 allexeris,
1406 1211 1886 1282 suppeditabuntur

298 1314 390 1369 tibi
436 1313 577 1367 bona
606 1311 807 1372 omnia,
853 1319 907 1364 et
937 1307 1214 1362 immensis
1256 1305 1446 1375 opibus
1473 1302 1790 1357 abundabis.
1828 1298 1884 1354 Si

295 1419 423 1475 ergo
448 1403 708 1458 amabiles
736 1399 849 1455 fieri
877 1400 1103 1454 Domino
1129 1398 1393 1454 volumus.
1423 1397 1531 1464 jam
1577 1409 1680 1448 non
1722 1408 1882 1446 orna-

289 1497 412 1549 tum
434 1493 677 1563 corporis
708 1492 836 1546 tanti
866 1492 1136 1550 faciamus,
1168 1488 1261 1542 sed
1285 1489 1472 1540 animm
1501 1485 1885 1539 formositatem

297 1586 536 1658 quotidie
565 1600 754 1654 magna
785 1583 1056 1652 diligentia
1088 1596 1359 1646 curemus,
1395 1589 1447 1632 ut
1469 1585 1521 1631 et
1545 1576 1768 1646 gratiam
1792 1575 1887 1628 he-

300 1679 444 1748 nignl
478 1677 572 1732 Dei
605 1674 757 1729 nobis
781 1674 1147 1734 coociliemus,
1180 1683 1232 1725 ct
1260 1669 1541 1724 ineffabilia
1585 1669 1717 1721 bona
1757 1682 1888 1719 con-

300 1783 610 1838 sequamur,
643 1767 806 1837 gratia
840 1774 894 1819 ct
941 1764 1264 1832 benignitate
1307 1760 1510 1814 Domini
1554 1759 1720 1812 nostri
1764 1757 1890 1812 Jesu

301 1861 520 1924 Christi,
548 1875 669 1913 cum
708 1874 814 1926 quo
853 1856 1014 1920 Patri,
1043 1855 1199 1908 simul
1239 1868 1294 1906 et
1335 1853 1550 1920 Spiritui
1596 1859 1783 1903 sancto
1825 1848 1893 1901 sit

301 1951 492 2020 g‘oria,
533 1947 839 2017 impetium,
869 1947 1061 2012 honor,
1103 1961 1241 1999 nunc
1272 1953 1326 1998 et
1355 1956 1586 2010 semper,
1619 1950 1673 1995 et
1702 1941 1751 1993 in
1794 1954 1892 1991 sm-

302 2043 419 2098 cnla
449 2041 786 2098 saeculorum.
823 2042 1012 2093 Amen.

851 2171 1131 2228 llOMlLlA
1174 2170 1340 2225 XXII.

304 2287 374 2342 Et
404 2301 509 2340 erat
543 2285 656 2341 Noe
685 2304 934 2339 annorum
955 2287 1358 2355 quingentorum,
1390 2293 1434 2335 et
1461 2281 1631 2352 genui!
1656 2278 1772 2332 Noe
1797 2287 1896 2330 (res

379 2381 534 2448 ﬁlios,
566 2379 706 2443 Sent,
743 2377 922 2441 Chatti,
952 2389 997 2429 et
1022 2375 1266 2443 Jup/tellt.
1301 2374 1360 2427 Et
1390 2378 1580 2444 factum
1603 2380 1674 2424 es!
1694 2366 1896 2440 quando

379 2481 635 2538 ra'pcrtmt
668 2469 892 2522 homines
923 2466 1251 2535 multiplicari
1294 2480 1446 2532 super
1472 2473 1675 2523 (errant,
1706 2470 1751 2514 et
1778 2461 1901 2529 ﬁlia:

383 2572 517 2614 nata:
540 2569 657 2613 sunt
682 2560 753 2612 eis
781 2557 931 2627 (Gen.
962 2559 1014 2613 5.
1047 2558 1132 2610 51.
1166 2568 1209 2609 cl
1237 2558 1286 2610 6.
1326 2556 1400 2625 l).

388 2674 434 2726 l.
479 2671 816 2725 Attratianent
843 2670 1130 2724 auditormn
1153 2677 1344 2738 captat.
1379 2667 1507 2733 Qua:
1523 2666 1587 2719 sit
1612 2675 1794 2718 natura
1815 2666 1904 2716 dc-

314 2766 400 2819 ln'li
424 2764 727 2832 spiritualis.
747 2792 812 2801 —
829 2761 1099 2830 Reliquias
1124 2759 1386 2813 hesterna!
1410 2772 1608 2811 mensae
1631 2755 1782 2809 Vobis
1805 2754 1904 2808 lto-

315 2859 397 2912 dic
427 2872 724 2926 prononere
754 2857 870 2909 volo
900 2877 912 2910 :
945 2855 1038 2909 sed
1066 2870 1130 2908 ne
1157 2870 1294 2923 :rgrc
1323 2852 1466 2907 feras
1517 2851 1730 2910 dilecte.
1761 2848 1903 2919 quod

318 2952 570 3022 reliquias
598 2949 738 3002 dico.
772 2948 901 3001 Nam
935 2949 985 3001 in
1015 2947 1356 3001 sensibilibus
1385 2945 1596 3014 quidem
1638 2942 1906 2997 alimentis

318 3055 428 3114 post
467 3060 630 3098 unum
663 3052 712 3095 cl
743 3043 969 3095 alterum
1002 3040 1142 3094 diem
1176 3037 1407 3092 marcida
1454 3037 1585 3089 fiunt
1615 3035 1813 3100 edulia,
1854 3043 1906 3087 et

316 3137 379 3189 ad
413 3133 735 3189 vescendum
766 3132 967 3185 inutilia
1000 3148 1014 3184 :
1046 3130 1096 3181 in
1124 3127 1384 3198 spirituali
1407 3141 1536 3179 vero
1565 3141 1746 3178 mensa
1777 3125 1907 3176 nihil

260 3247 266 3252 ‘
317 3229 420 3282 ta!e
452 3227 622 3280 vereri
653 3231 883 3293 oportet.
921 3223 1035 3291 ipsa
1062 3223 1228 3283 enim,
1260 3230 1458 3290 quan‘o
1500 3219 1615 3286 plus
1652 3220 1908 3285 temporis

319 3317 598 3386 prmlcriil,
633 3323 780 3368 tanto
812 3313 1068 3382 majorem
1093 3313 1316 3380 gratiam
1347 3309 1529 3375 habet,
1561 3319 1609 3362 el
1643 3309 1911 3362 recentior

316 3420 474 3479 atque
505 3410 741 3477 vegetior
781 3405 1068 3460 invenitur.
1114 3405 1223 3472 Age
1271 3404 1428 3471 igitur
1476 3402 1908 3470 promissionem,

318 3515 476 3570 quam
500 3497 614 3553 heri
641 3498 934 3558 emisimus,
966 3495 1299 3565 impleamus,
1322 3505 1369 3547 et
1394 3493 1630 3547 debitum
1653 3492 1913 3546 doctrina:

320 3602 470 3660 grato
519 3589 868 3650 exbiheamus
914 3591 1111 3641 animo.
1164 3586 1277 3640 Non
1324 3587 1463 3640 enim
1509 3586 1609 3639 boc
1660 3585 1788 3638 utile
1833 3594 1914 3638 est

323 3681 704 3750 accipientibus
753 3679 1049 3739 dumtaxat,
1110 3687 1164 3730 ut
1208 3679 1257 3730 in
1304 3678 1422 3730 aliis
1467 3675 1680 3738 debitis,
1726 3676 1818 3730 sed
1861 3685 1916 3730 ct

325 3774 449 3826 mihi
491 3759 871 3826 dinumeranti.
917 3769 982 3823 Et
1009 3769 1132 3839 quid
1178 3768 1298 3823 dico
1345 3768 1472 3822 mihi
1514 3765 1936 3820 dinumeranti?’

326 3866 469 3919 Talis
515 3875 597 3918 est
636 3863 926 3932 spiritttalis
975 3861 1139 3916 debiti
1189 3872 1397 3922 natura,
1445 3868 1501 3912 ut
1543 3867 1744 3928 quanto
1797 3873 1911 3911 tna-

328 3960 403 4027 gis
456 3956 713 4019 solvitur,
770 3966 915 4008 tanto
965 3952 1133 4022 magis
1197 3962 1482 4020 augeatur,
1546 3958 1600 4003 et
1665 3949 1913 4003 substan-

329 4051 452 4102 tiam
501 4047 670 4115 tnagis
727 4047 1070 4115 tnnltiplicet,
1127 4054 1284 4114 atque
1350 4043 1647 4097 iueil'abiles
1705 4042 1918 4097 divitias

329 4139 512 4192 all'erat
533 4149 640 4191 tam
672 4137 842 4201 danti,
868 4151 1025 4206 quam
1068 4134 1468 4203 accipientibus.
1503 4133 1693 4188 Vidisti
1727 4149 1919 4189 novam

329 4229 489 4284 debiti
511 4237 774 4293 naturam,
801 4237 856 4283 et
882 4243 1056 4282 raram
1087 4226 1371 4282 solutionis
1392 4227 1624 4297 speciem
1647 4228 1670 4278 τ
1700 4226 1755 4280 In
1782 4226 1924 4282 hunc

330 4319 470 4372 enim
495 4317 711 4371 modum
751 4333 812 4371 se
843 4316 1040 4371 habent
1079 4316 1375 4386 spiritualia
1402 4357 1416 4380 ,
1451 4326 1508 4369 ut
1549 4316 1924 4371 distributione

333 4410 497 4479 magis
523 4417 790 4470 crescant,
815 4417 869 4462 et
898 4423 1018 4462 cum
1043 4408 1194 4462 multi
1226 4417 1350 4461 sunt
1377 4408 1680 4476 participes,
1707 4407 1925 4462 uberior

332 4502 401 4554 sit
427 4500 782 4564 abundantia;
809 4508 865 4554 et
891 4499 980 4569 qui
1011 4499 1331 4565 numeravit,
1366 4515 1473 4553 non
1503 4499 1695 4553 sentiat
1738 4514 1797 4553 se
1821 4499 1922 4553 ali-

334 4594 456 4664 quid
477 4607 811 4658 numerasse,
837 4591 1269 4661 quandoquidem
1300 4591 1418 4662 ejus
1448 4607 1580 4660 opes
1628 4602 1877 4646 crescunt
1907 4609 1921 4658 ;

333 4697 384 4739 et
437 4687 500 4739 iis
547 4686 636 4754 qui
682 4693 1006 4754 acceperunt
1048 4684 1217 4752 major
1236 4685 1397 4738 etiam
1438 4685 1587 4752 capia
1633 4694 1921 4737 accrescat.

334 4779 464 4843 Quia
499 4778 658 4846 igitur
686 4778 805 4830 talis
835 4785 916 4830 est
938 4775 1294 4844 spiritualium
1329 4775 1548 4828 istorum
1571 4784 1778 4837 natura,
1809 4790 1922 4828 ma-

333 4883 432 4937 gna
459 4868 736 4921 alacritate
763 4868 924 4922 etiam
977 4882 1072 4920 nos
1112 4867 1178 4921 ad
1222 4869 1542 4921 solutionem
1589 4867 1924 4932 festinemus,

339 4969 388 5014 et
415 4974 510 5013 vos
534 4959 598 5012 ad
628 4958 1025 5027 suscipiendum
1054 4973 1212 5012 aures
1238 4960 1677 5024 accommodetis,
1715 4971 1769 5012 ut
1812 4977 1928 5011 om-

340 5068 433 5108 nes
458 5067 580 5106 cum
604 5051 722 5104 latis
741 5051 902 5105 animi
925 5049 1130 5104 sinibus
1155 5051 1492 5120 sumpseritis
1535 5067 1651 5118 qurc
1698 5067 1727 5104 a
1775 5052 1928 5105 nobis

340 5147 605 5207 dicuntur,
658 5145 725 5196 ita
766 5144 980 5197 domum
1034 5143 1462 5212 proficiscamini.
1510 5144 1704 5198 lterum
1747 5156 1926 5200 autem

341 5250 709 5306 argumentum
741 5236 808 5289 de
849 5235 995 5305 justo
1036 5236 1145 5288 Noe
1173 5236 1224 5288 in
1258 5235 1492 5288 medium
1544 5234 1737 5290 afferre
1783 5237 1926 5302 volo,

344 5329 539 5396 utjusli
571 5343 815 5397 magnam
846 5329 1117 5391 virtutem,
1145 5335 1200 5380 et
1229 5327 1550 5380 ineffabilem
1596 5328 1687 5381 Dei
1716 5332 1931 5383 miscri-

343 5422 604 5485 eordiam,
637 5435 697 5471 ae
722 5420 1060 5471 tolerantiam
1090 5436 1208 5486 qua:
1260 5436 1471 5473 omnem
1519 5421 1684 5474 animi
1717 5432 1928 5488 captum

349 5514 702 5575 transcendit,
761 5514 998 5567 discatis.
1048 5513 1314 5567 Didieistis
1358 5513 1492 5577 heri,
1539 5516 1808 5584 quomodo
1865 5517 1932 5570 ab

346 5614 460 5658 ortu
500 5620 598 5660 suo
622 5605 797 5673 justus
830 5606 935 5668 ille,
966 5613 1185 5673 accepto
1224 5622 1251 5658 a
1280 5617 1430 5673 patre
1461 5607 1675 5660 nomine
1698 5648 1712 5672 ,
1756 5606 1933 5659 obam-

347 5698 573 5759 bulabat,
607 5699 857 5752 omnibus
879 5699 968 5767 qui
993 5707 1117 5752 tunc
1147 5709 1298 5752 erant
1324 5699 1512 5753 doctor
1535 5700 1927 5761 calamitatum,

346 5791 492 5858 quasi
547 5789 782 5843 clamans
810 5799 861 5844 et
909 5805 1002 5859 per
1049 5791 1220 5860 ipsum
1252 5805 1449 5847 nomen
1495 5805 1648 5847 suum
1689 5789 1871 5847 dicens
1913 5809 1924 5845 :

1201 367 1265 425 IN
1291 367 1448 423 CAP.
1496 364 1557 419 V.
1593 364 1680 421 ET
1718 364 1802 417 Vl.
1847 363 2092 420 GENES.
2135 359 2365 417 llOMlL.
2409 355 2572 412 XX".

3481 359 3580 417 '86

1987 474 2240 530 Desistite
2262 484 2293 528 a
2315 470 2480 538 malo,
2505 467 2806 542 operemini
2833 469 3108 535 virtutem,
3141 469 3325 524 timete
3363 484 3581 540 ponant

1987 565 2384 637 impendentem
2415 576 2743 619 :commnne
2772 560 3030 616 diluvium
3063 560 3114 614 iu
3145 570 3255 614 toto
3293 561 3426 616 orbe
3452 561 3578 618 erit.

1987 657 2176 726 lugens
2207 655 2305 712 Dei
2333 653 2628 725 indignatio
2655 653 2839 718 instat,
2872 652 2997 722 quia
3019 662 3072 706 et
3097 663 3289 723 magna
3329 652 3584 721 nequitia

1986 748 2268 803 colluvies.
2301 745 2370 801 Et
2392 745 2494 800 hoc
2515 759 2622 799 non
2651 759 2745 814 per
2768 743 2904 798 duos
2933 743 3018 796 vel
3046 751 3156 798 tres
3179 753 3383 798 tantum
3411 758 3582 798 annos

1990 838 2239 904 faciebat,
2277 835 2371 892 sed
2399 837 2722 906 quingentos
2747 849 2919 890 annos
2942 835 3074 889 vixit
3105 834 3220 889 h:rc
3261 835 3581 890 admonens.

1997 927 2210 983 Vidistis
2233 927 2571 983 tolerantiam
2605 926 2857 980 Domini?
2892 924 3101 980 vidistis
3126 925 3382 980 bonitatis
3400 926 3581 982 excel-

1991 1020 2020 1072 Ιι
2044 1019 2245 1073 titiam?
2275 1019 2486 1073 vidistis
2514 1017 2833 1072 inell'abilem
2863 1017 3217 1087 patientiam?
3247 1016 3454 1071 vidistis
3468 1013 3586 1071 ma-

1991 1110 2116 1163 liti.e
2135 1109 2499 1166 incrementa?
2523 1109 2729 1162 vidistis
2746 1109 3103 1177 improbitatis
3129 1107 3590 1176 magnitudinem?

1993 1195 2277 1271 [lucusque
2305 1201 2471 1266 enim,
2500 1210 2556 1256 ut
2584 1201 2754 1266 scitis,
2805 1201 2920 1256 heri
2960 1216 3140 1277 sermo
3165 1211 3350 1256 noster
3377 1216 3590 1270 proces-

1992 1294 2060 1346 sit
2093 1309 2105 1345 :
2131 1307 2308 1362 opera:
2335 1293 2565 1362 pretium
2592 1301 2673 1346 est
2700 1292 2856 1362 igitur
2877 1302 2936 1346 ut
2961 1292 3122 1346 hodie
3142 1290 3432 1357 discamus,
3453 1306 3590 1361 quo-

1996 1385 2155 1438 modo
2185 1385 2491 1439 misericors
2515 1385 2654 1439 Deus
2693 1400 2792 1453 pro
2821 1398 2913 1438 sua
2946 1385 3184 1439 bonitate
3215 1399 3387 1454 neque
3433 1385 3592 1452 quin-

1995 1478 2168 1545 gentis
2193 1477 2346 1530 annis
2378 1476 2440 1528 ad
2463 1476 2796 1530 tolerantiam
2821 1483 3109 1529 coatentus
3133 1475 3249 1538 fuit,
3279 1476 3372 1530 sed
3391 1476 3596 1529 addidit

1997 1585 2170 1624 annos
2196 1570 2330 1623 alios
2357 1568 2422 1623 ad
2456 1567 2764 1638 superiores
2793 1569 2844 1621 iu
2888 1568 3112 1637 gratiam
3139 1583 3327 1623 eorum
3359 1567 3448 1637 qui
3476 1578 3595 1621 tan-

2001 1671 2109 1716 tum
2143 1670 2514 1730 peccaverant.
2558 1659 2626 1714 Et
2653 1670 2758 1714 erat
2802 1658 2937 1725 Noe,
2992 1659 3183 1728 inquit,
3211 1660 3597 1729 quingentorum

1998 1772 2268 1808 annorum.
2323 1754 2405 1808 Ad
2459 1753 2743 1807 utilitatem
2799 1761 3036 1805 nostram
3085 1751 3266 1805 divina
3317 1750 3596 1819 Scriptura

2002 1861 2284 1900 numerum
2337 1860 2599 1898 annorum
2666 1843 2800 1912 justi
2853 1842 3182 1911 assignavit,
3223 1850 3281 1896 ut
3327 1841 3600 1896 discamus

2000 1949 2204 2008 quanto
2231 1947 2473 2007 tempore
2501 1937 2716 2000 vixerit,
2747 1935 3046 1989 admonens
3077 1934 3219 1999 illos,
3248 1943 3303 1988 et
3327 1932 3601 2003 quomodo

2003 2032 2074 2083 illi
2107 2029 2324 2097 quidem
2355 2028 2572 2085 malitia:
2590 2028 2726 2080 viam
2747 2027 2958 2092 sectati,
2983 2025 3034 2080 in
3063 2040 3124 2080 ca
3146 2025 3449 2094 consumpti
3472 2024 3598 2088 sint;

1999 2121 2174 2190 justus
2207 2129 2385 2172 autem
2411 2134 2567 2174 secus
2598 2135 2756 2188 quam
2793 2117 2887 2172 alii
2913 2117 3197 2173 ambulans
3230 2126 3376 2171 tanta
3407 2121 3605 2172 vittnlc

2005 2212 2369 2282 przecelluerit
2402 2227 2416 2264 :
2448 2220 2507 2266 ut
2528 2218 2582 2265 et
2620 2210 2718 2264 sibi
2753 2209 2845 2263 Dei
2876 2209 3304 2263 benevolentiam
3347 2207 3610 2262 concilia-

2007 2316 2108 2370 ret,
2137 2315 2188 2359 et
2226 2319 2346 2360 cum
2371 2317 2561 2358 omnes
2593 2302 2684 2356 alii
2731 2304 2906 2371 pmnis
2948 2300 3168 2354 obnoxii
3225 2300 3436 2366 fierent,
3493 2300 3606 2371 ipse

2005 2415 2032 2453 s
2056 2401 2151 2452 ilus
2175 2414 2293 2453 cum
2319 2407 2425 2450 tota
2461 2395 2658 2450 familia
2707 2394 2982 2463 effugeret.
3035 2394 3168 2447 liinc
3196 2391 3473 2456 discimus,
3509 2406 3607 2445 uo-

2008 2491 2109 2551 bis,
2163 2490 2205 2543 si
2249 2479 2412 2542 sobrii
2466 2487 2721 2541 fuerimus
2750 2495 2942 2540 etnon
2989 2483 3226 2550 desides,
3281 2497 3387 2536 non
3433 2482 3606 2539 solun

2010 2582 2140 2635 nihil
2169 2597 2365 2634 nocere
2398 2579 2439 2633 si
2471 2581 2610 2632 inter
2639 2577 2847 2632 medios
2872 2577 3044 2630 malos
3077 2589 3391 2636 versemur;
3435 2571 3530 2628 sed
3558 2573 3607 2627 id

2011 2688 2108 2727 nos
2137 2672 2363 2726 reddere
2396 2670 2609 2725 virtutis
2635 2669 3009 2725 studiosiores.
3039 2668 3171 2721 Nam
3199 2666 3320 2721 ideo
3347 2665 3612 2734 benignus

2013 2768 2157 2822 Deus
2187 2767 2265 2820 sic
2290 2765 2640 2834 dispensavit,
2675 2771 2729 2817 ιιι
2781 2763 2938 2816 simul
2976 2771 3158 2816 essent
3206 2759 3330 2814 boni
3363 2767 3416 2813 et
3462 2757 3610 2823 ntali,

2009 2875 2118 2928 quo
2172 2859 2436 2912 malorum
2491 2859 2939 2911 subenervaretur
2986 2854 3208 2917 malitia,
3244 2854 3614 2923 bonorumque

2012 2952 2182 3005 virtus
2212 2951 2408 3004 clarius
2439 2951 2769 3003 eluceseeret
2799 2965 2812 3000 :
2844 2957 2898 3001 et
2923 2945 3136 3000 desides
3165 2961 3196 2999 ιι
3225 2944 3609 3016 studiosiorutu

2013 3041 2395 3098 consuetudine
2417 3041 2642 3109 plurima
2671 3038 2953 3094 commoda
3000 3038 3395 3098 lucrifaccrcnt.
3455 3038 3617 3091 modo

2015 3135 2231 3189 vellent.
2266 3133 2361 3188 llic
2388 3133 2594 3201 cogites
2619 3131 2802 3195 velim,
2837 3139 3050 3200 quanta:
3091 3131 3300 3183 virtutis
3335 3129 3493 3182 fuerit
3526 3129 3618 3182 ille

2012 3226 2206 3294 justus,
2264 3222 2536 3292 quomodo
2587 3221 2640 3276 in
2677 3231 2824 3276 tanta
2871 3222 3232 3286 multitudine,
3266 3236 3387 3291 qua:
3425 3235 3620 3290 magno

2018 3317 2220 3382 impetu
2252 3316 2301 3367 in
2333 3315 2535 3368 malum
2570 3313 2778 3381 ruebat,
2812 3314 2960 3368 solos
3009 3314 3122 3383 ipse
3174 3313 3387 3368 diversa
3429 3313 3620 3367 ambit.

2020 3408 2146 3462 lavit
2174 3409 2279 3472 via,
2315 3408 2562 3461 virtutem
2593 3407 2811 3461 malitiae
2840 3407 3162 3473 pra:ferens:
3198 3422 3260 3460 ac
3284 3420 3459 3475 neque
3485 3406 3619 3460 alio-

2021 3514 2135 3553 rum
2164 3513 2482 3564 consensus,
2517 3513 2615 3552 nec
2665 3507 2809 3552 tanta
2864 3498 3167 3568 frequentia
3206 3495 3467 3553 reddebat
3498 3512 3620 3551 cum

2019 3591 2085 3644 ad
2120 3591 2329 3644 virtutis
2361 3589 2462 3644 iter
2514 3591 2815 3658 segniorem
2849 3591 2979 3644 :sed
3023 3590 3133 3659 jam
3182 3590 3326 3657 prius
3372 3589 3624 3658 inplebat

2023 3683 2160 3753 quod
2217 3685 2401 3736 beatus
2449 3683 2624 3737 Mos-es
2675 3695 2858 3752 postea
2901 3684 3142 3737 dicturus
3180 3691 3296 3736 erat
3329 3702 3344 3737 :
3378 3681 3500 3736 Non
3527 3685 3626 3735 erit

2026 3792 2140 3829 cum
2175 3775 2406 3845 pluribus
2434 3778 2486 3828 in
2525 3776 2721 3828 malitia
2753 3775 2949 3841 (Exod.
2979 3775 3050 3829 2'5
3097 3776 3175 3843 2).
3203 3775 3267 3828 Et
3289 3774 3429 3843 quod
3459 3776 3627 3844 magis

2025 3867 2361 3931 admirabile,
2393 3882 2515 3920 cum
2546 3869 2745 3920 multos
2779 3865 3020 3932 haberet,
3076 3866 3185 3919 imo
3229 3880 3420 3920 omnes
3443 3866 3530 3935 qui
3561 3865 3627 3918 ad

2028 3958 2223 4012 tnalum
2257 3969 2309 4010 ct
2339 3958 2404 4012 ad
2453 3973 2614 4026 prava
2665 3973 2827 4026 opera
2855 3957 3288 4021 cohortarentur,
3341 3966 3397 4011 et
3454 3956 3629 4009 nullus

2027 4058 2170 4125 CSrCl.
2210 4049 2302 4118 qui
2344 4049 2410 4101 ad
2439 4050 2685 4103 virtutem
2725 4050 2998 4102 induceret
3035 4065 3048 4103 :
3084 4057 3227 4100 tanta
3272 4048 3359 4100 illc
3401 4045 3452 4100 in
3505 4063 3624 4100 eam

2027 4142 2365 4196 vehementia
2400 4140 2693 4206 ferebatur,
2722 4152 2777 4195 ut
2812 4143 2947 4195 viam
2979 4150 3142 4194 tanta:
3170 4140 3495 4194 multitudini
3533 4154 3626 4209 op—

2030 4235 2256 4304 positam
2284 4244 2336 4288 et
2380 4235 2703 4289 contrariam
2750 4242 2989 4297 teneret;
3047 4247 3221 4301 neque
3272 4231 3510 4294 timebat,
3541 4239 3629 4284 aut

2030 4327 2316 4381 verebatur
2342 4341 2624 4395 pravorum
2654 4325 3018 4386 concordiam,
3053 4339 3228 4392 neque
3253 4323 3323 4375 illi
3355 4323 3459 4377 tale
3499 4322 3626 4391 quid

2031 4420 2229 4480 evenit,
2263 4418 2419 4487 quale
2457 4421 2596 4472 solet
2635 4417 2841 4486 ignavis
2889 4416 3153 4481 accidere,
3190 4415 3279 4485 qtti
3327 4415 3369 4468 si
3417 4413 3630 4483 quando

2033 4511 2263 4563 viderint
2311 4508 2509 4562 multos
2551 4509 2709 4568 simul
2762 4523 3100 4565 concurrere.
3161 4505 3262 4560 hoc
3304 4505 3549 4560 velunen
3576 4517 3633 4560 et

2035 4601 2172 4653 hanc
2199 4601 2539 4655 occasionem
2563 4615 2672 4653 sua:
2705 4601 2930 4668 ignaviae
2961 4607 3289 4669 prazlexunt,
3314 4613 3378 4652 ac
3406 4598 3591 4652 dicunt
3616 4615 3630 4650 :

2034 4696 2140 4750 Cur
2168 4710 2266 4764 ego
2299 4709 2492 4748 novum
2543 4694 2813 4763 quidpiam
2866 4703 2916 4747 ct
2969 4693 3235 4762 singulare
3280 4700 3474 4759 praeter
3515 4691 3635 4746 illo!

2034 4801 2224 4840 omnes
2266 4799 2612 4854 aggressurus
2644 4801 2761 4837 sum
2782 4827 2796 4849 ,
2822 4784 3161 4837 adversarius
3194 4791 3354 4836 tanta:
3383 4782 3634 4836 multitu-

2035 4878 2166 4942 dini,
2201 4887 2392 4929 etcum
2422 4885 2567 4929 tanto
2595 4877 2791 4944 populo
2825 4876 3024 4928 bellum
3051 4873 3437 4942 suscepturus?
3473 4873 3632 4926 Num-

2036 4969 2160 5032 quid
2195 4969 2296 5020 illis
2338 4969 2588 5020 omnibus
2629 4968 2824 5036 justior
2873 4967 3036 5020 sum?
3066 4965 3194 5034 Qum
3248 4965 3447 5019 utilitas
3501 4965 3637 5018 foret

2039 5070 2303 5112 tantarum
2337 5058 2774 5111 inimicitiarum?
2794 5057 2935 5127 quod
2959 5056 3299 5110 commodum
3324 5055 3454 5110 tanti
3486 5054 3590 5110 odii
3617 5055 3636 5108 ἓ

2037 5150 2177 5203 Nihil
2224 5149 2528 5217 hujusmodi
2582 5149 2843 5202 inutiliter
2889 5147 3177 5218 cogitabat,
3229 5163 3403 5217 neque
3456 5147 3635 5200 animo

2036 5243 2320 5295 versabat:
2347 5243 2439 5296 sed
2468 5251 2520 5295 et
2545 5241 2666 5304 hoc,
2699 5242 2838 5308 quod
2873 5253 3055 5309 postea
3087 5257 3115 5293 a
3144 5240 3403 5310 prepheta
3432 5239 3632 5292 dictum

2037 5342 2139 5394 est,
2195 5334 2339 5399 prius
2382 5334 2493 5399 ipse
2549 5332 2804 5400 implebat
2848 5349 2860 5387 :
2918 5332 3102 5385 Melior
3143 5342 3213 5385 est
3266 5347 3399 5383 unus
3443 5329 3636 5398 [oriens

2038 5424 2344 5476 voluntatem
2400 5423 2642 5489 Domini,
2709 5441 2860 5493 qnam
2910 5424 3162 5476 innumeri
3223 5422 3638 5493 pramaricatorcs

2039 5516 2228 5587 (lCrcli.
2263 5517 2344 5570 16.
2377 5518 2455 5586 5).
2502 5518 2632 5570 Num
2663 5519 2921 5580 Societas,
2960 5518 3146 5585 inquit,
3176 5514 3531 5569 multitudinis
3569 5514 3636 5568 ad

2040 5611 2236 5664 malum
2269 5611 2492 5672 ruentis,
2528 5621 2572 5660 et
2606 5611 2760 5662 simul
2795 5612 3068 5678 rapientis,
3103 5625 3130 5662 a
3158 5607 3396 5662 cruciatu
3425 5622 3510 5660 me
3542 5621 3638 5675 po-

2042 5705 2161 5756 terit
2184 5703 2394 5772 eripere
2418 5703 2438 5754 ?
2465 5702 2676 5755 Sciebat
2705 5703 2866 5763 enim,
2898 5701 3100 5756 sciebat
3146 5698 3345 5769 liquido
3372 5712 3642 5770 quemque

2043 5809 2141 5867 pro
2170 5807 2265 5849 sua
2290 5795 2462 5850 salute
2490 5796 2750 5850 rationem
2772 5794 3100 5848 redditurum
3134 5807 3253 5849 esse
3273 5832 3289 5860 ,
3316 5806 3487 5861 neque
3515 5805 3638 5845 unt-
