4068 6444
412 401 515 461 137

409 528 570 585 quam
600 512 735 579 lore,
761 521 823 569 ut
844 512 951 569 alio
977 522 1228 584 peccante
1270 511 1407 566 alius
1449 524 1662 581 pinnam
1708 506 1992 570 sustineat,

411 606 496 662 vel
521 605 827 662 mercedem
854 605 1121 661 sortiatur.
1151 603 1353 659 Idcirco
1376 601 1552 671 justus
1590 600 1741 671 quasi
1768 598 1997 653 scintilla

411 695 467 750 in
482 694 659 749 medio
685 694 818 748 mari
838 707 1073 757 versans,
1098 705 1203 746 non
1222 691 1395 746 solum
1417 705 1523 745 non
1544 685 1997 757 exsunguebatur,

410 783 505 840 sed
534 784 771 853 quotidie
792 782 1055 855 fulgidiori
1078 782 1195 840 luce
1234 781 1499 854 prodibat,
1521 794 1711 851 omnes
1735 779 1846 835 suis
1872 792 1999 848 ope-

415 876 564 931 ribus
589 875 804 931 docens.

489 965 726 1020 Liberum
753 965 1037 1022 arbitrium.
1064 996 1137 1006 —
1162 965 1350 1021 Vidisti
1382 965 1650 1036 quomodo
1668 963 1748 1019 sui
1775 961 1912 1033 juris
1946 971 2002 1018 et

415 1057 622 1112 arbitrii
673 1065 916 1112 naturam
957 1066 1194 1112 nostram
1223 1056 1480 1112 Dominus
1527 1052 1807 1110 formavit?
1846 1051 2003 1109 Unde

414 1147 581 1211 enim,
613 1146 730 1213 die,
752 1163 867 1212 oro,
901 1147 973 1202 illi
998 1146 1063 1202 ad
1083 1147 1339 1202 malitiam
1375 1146 1751 1218 properabant,
1778 1154 1833 1200 et
1860 1144 2002 1212 scip-

415 1250 507 1292 sos
540 1238 713 1307 pmnis
749 1237 1014 1294 faciebant
1062 1240 1361 1303 obnoxios;
1392 1238 1490 1293 iste
1529 1246 1705 1292 autem
1752 1235 2002 1291 virtutem

416 1328 667 1399 eligebat,
713 1340 765 1385 et
814 1330 1252 1400 lugiens,corum
1305 1330 1637 1391 societatem,
1670 1342 1841 1397 petua:
1897 1342 2000 1381 non

417 1419 679 1475 obnoxius
711 1418 851 1474 fuit?
880 1420 1066 1476 Nonne
1084 1420 1444 1483 manifestum,
1473 1434 1569 1473 sua
1614 1431 1878 1489 quemque
1909 1432 2004 1471 voc

419 1510 621 1565 luntate
641 1510 723 1564 vel
755 1511 1035 1576 malitiam,
1059 1511 1141 1566 vel
1174 1512 1423 1564 virtutem
1458 1510 1697 1578 eligere?
1740 1508 1871 1563 Nam
1904 1507 2003 1561 nisi

418 1602 489 1655 ita
508 1611 675 1669 esset,
696 1610 753 1657 et
777 1603 876 1657 nisi
909 1612 1109 1657 naturae
1137 1613 1333 1657 nostra:
1354 1610 1589 1671 potestas
1635 1601 1789 1654 insita
1824 1608 2000 1665 esset,

420 1707 593 1761 neque
623 1694 740 1747 illos
782 1694 972 1762 puniri,
1004 1709 1176 1763 neque
1222 1693 1351 1747 istos
1381 1692 1588 1747 virtutis
1616 1692 1829 1761 pra-mia
1865 1692 2005 1746 acci-

421 1797 548 1852 pere
572 1785 869 1852 oportebat.
888 1784 1077 1838 Verum
1104 1785 1227 1854 quia
1256 1784 1309 1838 in
1337 1795 1517 1840 nostra
1540 1785 1810 1839 voluntate
1836 1794 2004 1838 totum

421 1875 769 1945 postgratiam
792 1875 881 1929 Dei
900 1876 1138 1931 relictum
1160 1886 1262 1942 est,
1290 1875 1409 1930 ideo
1434 1887 1487 1930 et
1515 1875 1856 1945 peccantibus
1882 1892 2013 1943 sup—

420 1964 573 2034 plicia
601 1974 781 2036 parata
812 1975 937 2037 spot
961 2008 976 2032 ,
1008 1976 1061 2020 et
1089 1967 1222 2020 bene
1250 1965 1597 2033 cperantibus
1641 1965 1917 2020 mercedes
1956 1972 2011 2019 ct

422 2056 659 2124 pra'mia.
694 2055 756 2108 Et
780 2066 887 2109 erat
908 2097 922 2121 ,
950 2056 1137 2126 inquit.
1173 2055 1289 2110 Noe
1310 2072 1559 2110 annorum
1586 2056 1970 2127 quingentorum
1991 2097 2006 2122 ,

422 2155 470 2200 ιι
489 2146 659 2217 genuit
687 2156 785 2199 tres
814 2147 947 2214 ﬁlios
968 2145 1114 2218 Sent,
1139 2145 1298 2200 Citam
1345 2157 1393 2200 et
1428 2144 1675 2216 Japltct/t.
1717 2146 2009 2201 Considera

422 2234 616 2290 divina:
645 2234 937 2305 Scriptura:
967 2239 1379 2290 accnrationcm.
1409 2238 1690 2306 Postquam
1731 2252 2009 2291 numerum

421 2341 682 2382 annorum
719 2327 847 2396 justi
891 2326 1043 2382 nobis
1070 2329 1336 2391 narravit,
1362 2328 1703 2397 exitibuitquc
1743 2328 2009 2397 ingentem

425 2418 632 2473 lioinini
655 2420 983 2488 patientiam,
1006 2419 1196 2473 iterum
1226 2434 1488 2474 summam
1519 2420 1851 2475 tolerantiam
1873 2422 2009 2489 ejus,

423 2519 477 2564 et
522 2511 771 2580 nequitia:
810 2510 1086 2566 hominum
1129 2512 1556 2582 exsuperantiam
1606 2512 1879 2568 declarare
1928 2514 2012 2567 ni-

428 2599 571 2654 titur.

495 2690 551 2744 2.
594 2690 843 2747 Adversus
865 2710 949 2747 eos
966 2693 1057 2765 qui
1076 2693 1307 2748 dicebant
1326 2694 1533 2766 angelos
1557 2712 1671 2749 cum
1691 2696 1891 2765 ﬁliabus
1917 2697 2012 2750 Ito-

423 2783 618 2835 minum
646 2784 942 2838 commixtos
979 2801 1101 2839 esse.
1127 2815 1200 2825 —
1225 2785 1329 2840 Sed
1377 2787 1654 2843 audiamus
1697 2788 1809 2859 ipsa
1856 2789 2014 2843 verba

428 2873 589 2929 Musis
618 2891 632 2928 :
662 2873 858 2944 Spiritu
905 2876 1047 2931 enim
1096 2877 1343 2946 loquens,
1374 2879 1550 2934 omnia
1592 2895 1691 2933 nos
1740 2880 2019 2951 diligenter

429 2962 539 3017 vult
564 2964 821 3020 doccrc.t
862 2966 1009 3036 (Cap.
1040 2967 1117 3036 6).
1148 2966 1212 3019 Et
1253 2969 1442 3034 factum
1469 2976 1562 3033 est,
1593 2968 1783 3038 inquit,
1813 2972 2019 3039 quando

432 3066 683 3125 repetiuit
738 3057 966 3112 homines
1007 3058 1343 3127 multiplicari
1384 3075 1534 3127 super:
1564 3068 1775 3125 terram,
1811 3072 1856 3115 et
1898 3062 2021 3129 lilia:

432 3157 572 3201 natae
599 3158 716 3201 sunt
744 3147 866 3202 illis.
898 3146 1014 3201 Non
1059 3148 1261 3215 absone
1296 3149 1502 3204 ratione
1539 3149 1760 3216 addidit,
1790 3150 1853 3204 Et
1899 3153 2022 3219 ﬁlia:

432 3246 568 3289 natat
591 3245 710 3290 sunt
733 3236 833 3291 illis
860 3252 880 3289 :
908 3236 1001 3292 scd
1034 3246 1092 3292 ut
1123 3253 1368 3308 magnam
1399 3238 1787 3295 multitudinem
1819 3243 1897 3297 sic
1941 3242 2021 3296 iu-

431 3327 691 3385 siuuaret.
720 3327 851 3383 Nam
889 3329 976 3401 ubi
1006 3338 1149 3383 tanta
1191 3329 1428 3384 radicum
1458 3340 1539 3385 tet
1568 3331 1850 3387 multitudo
1873 3376 1888 3397 ,
1926 3348 2024 3389 ne-

429 3435 580 3476 cesse
608 3432 692 3477 est
713 3422 873 3477 etiam
904 3422 1101 3477 multos
1131 3438 1309 3479 ramos
1335 3426 1533 3480 enasci.
1579 3424 1633 3478 2.
1670 3424 1738 3481 Ut
1768 3428 2018 3495 viderunt,

435 3512 638 3583 inquit,
662 3513 760 3582 ﬁlii
789 3512 886 3568 Dei
930 3517 1065 3583 ﬁlias
1099 3515 1360 3571 hominum
1392 3518 1528 3586 quod
1553 3518 1780 3587 pulchra:
1817 3532 1973 3574 essent
2002 3564 2018 3587 ,

434 3616 757 3674 sumpserunt
805 3607 901 3661 sibi
947 3623 1129 3662 uxores
1175 3624 1241 3662 ea:
1280 3609 1541 3676 omnibus,
1580 3626 1705 3681 quas
1748 3612 2019 3682 elegerant.

435 3694 682 3766 Singulas
706 3696 967 3753 dictiones
995 3699 1277 3769 diligenter
1304 3700 1707 3757 consideremus
1730 3744 1745 3768 ,
1789 3719 1855 3757 ne
1894 3702 2021 3772 quid

439 3787 492 3843 itt
520 3788 683 3843 fundo
712 3788 883 3844 latens
914 3804 1011 3843 nos
1052 3800 1353 3861 praetereat.
1384 3791 1572 3861 Opera:
1620 3794 1846 3859 pretium
1879 3794 2021 3848 enim

443 3877 603 3934 fuerit
639 3879 777 3934 bene
817 3882 1041 3934 scrutari
1074 3884 1213 3936 nunc
1240 3881 1435 3948 loetnn,
1466 3894 1523 3937 ut
1550 3883 1919 3944 subvertantus
1950 3886 2026 3940 lu-

440 3970 594 4029 bulas
634 3972 812 4025 omnia
864 3971 1254 4028 inconsiderate
1295 3973 1621 4043 loquentium
1655 3990 1668 4026 :
1702 3984 1754 4029 ct
1798 3976 2025 4044 primunt

439 4059 707 4116 eiferettda
735 4074 799 4116 ca
827 4078 944 4131 qua:
970 4062 1147 4117 dicere
1175 4063 1394 4131 audent,
1417 4072 1474 4119 et
1508 4074 1800 4119 monstrata
1840 4081 2027 4120 eorum

436 4169 562 4223 qua:
602 4156 671 4208 ab
705 4154 811 4209 illis
843 4154 1097 4209 dicuntur
1122 4155 1475 4220 absurditate,
1505 4171 1791 4226 germanus
1818 4172 2029 4226 quoque

442 4244 735 4314 Scriptura:
773 4259 962 4301 sensus
1005 4256 1196 4302 vestrte
1226 4247 1431 4302 caritati
1461 4248 1781 4317 aperiendus
1818 4259 1898 4303 est
1922 4290 1937 4314 ,
1973 4258 2027 4303 ut

440 4348 513 4389 ne
539 4335 854 4405 simpliciter
880 4344 932 4390 et
976 4336 1129 4392 facile
1155 4350 1310 4392 aures
1337 4338 1751 4393 acconttnmletis
1777 4338 2030 4395 tamb’as-

440 4425 638 4497 phcma
692 4425 1024 4490 dicentibus,
1057 4436 1110 4483 ct
1138 4429 1417 4483 adversum
1443 4429 1613 4499 capita
1644 4444 1737 4484 sna
1768 4430 2029 4485 blaterare

445 4515 782 4571 audentibus.
809 4517 1068 4571 Asscrunt
1097 4519 1238 4572 enim
1272 4519 1371 4572 hoc
1397 4534 1501 4573 non
1529 4520 1596 4573 tle
1623 4518 1926 4573 hominibus
1950 4520 2032 4573 tli-

444 4616 588 4661 ctmn
616 4621 757 4671 esse,
780 4607 873 4661 sed
901 4608 967 4661 de
995 4608 1197 4678 angelis
1224 4627 1237 4663 :
1263 4608 1371 4662 llos
1392 4610 1556 4676 enim,
1582 4611 1748 4672 aiunt,
1777 4612 1913 4663 lilios
1940 4611 2027 4666 Dei

442 4698 750 4768 appellavit.
784 4698 1019 4752 Primum
1046 4698 1349 4765 ostendant,
1378 4700 1464 4753 ubi
1506 4701 1677 4769 angeli
1705 4702 1794 4753 lilii
1821 4702 1911 4754 Dei
1940 4718 2032 4770 ap-

448 4791 629 4861 pellati
654 4790 762 4845 sint
783 4789 858 4863 (α)
892 4809 906 4845 :
934 4790 1027 4846 sed
1059 4806 1164 4845 non
1196 4801 1444 4862 [nuerunt
1475 4808 1693 4863 usquam
1714 4804 2032 4851 monstraro.

494 4924 571 4986 (tt)
588 4923 828 4986 Veterum
838 4922 1098 4986 multorum
1110 4937 1155 4985 οι
1174 4924 1273 4972 iuio
1285 4922 1372 4986 fuit
1381 4922 1586 4986 angelos
1594 4938 1691 4986 cor;
1702 4938 1855 4973 oreos
1865 4924 2031 4983 ίίιῑςδτι,

456 4984 633 5049 etaim
654 4984 843 5034 ﬁliabus
878 4985 1125 5049 hominum
1148 4984 1265 5034 rem
1291 4984 1553 5049 ltabulste;
1590 4984 1797 5049 illoSqne
1832 4987 2036 5049 angelos

451 5048 643 5120 quidam
676 5054 934 5120 ref-struat,
960 5044 1145 5120 tigillo.
1169 5052 1295 5120 lose;
1314 5043 1407 5118 hiis
1439 5043 1603 5120 {int-iq.
1633 5043 1728 5096 libi
1748 5048 1805 5120 l_,
1830 5043 1935 5120 cap.

448 5106 588 5158 multi
603 5106 762 5168 angeli
790 5107 873 5157 Dei
895 5121 1005 5156 cum
1028 5106 1492 5170 mulieribusmixti.
1522 5106 1729 5170 ldipsum
1754 5106 1862 5158 fere
1883 5106 2031 5157 iusti-

450 5182 571 5232 nos,
615 5168 1241 5232 Athenagoras,Vtilemens
1274 5168 1662 5232 Alexandrinus,
1698 5172 2035 5229 ’t'beegnostus

448 5231 573 5291 apud
596 5229 828 5294 Photiutn'.
851 5240 904 5287 et
925 5230 1022 5279 alii.
1056 5239 1203 5294 Quam
1236 5243 1342 5294 rem
1370 5229 1583 5294 pluribus
1610 5240 1935 5294 persequutus
1962 5243 2034 5282 est

456 5292 941 5358 losepitussmligen
968 5294 1017 5339 in
1055 5293 1181 5358 notis
1216 5292 1274 5339 ad
1312 5292 1501 5340 Lusebii
1534 5292 1793 5343 Chronicou
1816 5302 1907 5358 ._nt
1930 5302 2036 5358 post

452 5350 581 5402 enni
600 5352 677 5401 alii
704 5350 962 5409 inmuneri,
981 5364 1102 5413 quos
1125 5350 1321 5414 Iungunt
1347 5360 1481 5401 esset
1505 5367 1785 5414 recensere.
1810 5350 2033 5405 Cum'au-

453 5419 554 5479 tem
573 5417 639 5479 ait
662 5412 1041 5479 ('illjjs'oslonltiS,
1063 5412 1324 5463 Osteuilunt
1358 5414 1437 5464 ubi
1459 5414 1615 5474 intacti
1637 5412 1727 5478 [itii
1758 5416 2025 5479 neiiuppel-

452 5474 535 5538 lati
574 5476 713 5527 sint."
754 5474 871 5524 illud
906 5475 1103 5538 quidem
1144 5489 1312 5538 verum
1358 5482 1434 5538 est
1472 5489 1565 5524 non
1603 5474 1809 5538 reperiri
1841 5474 1903 5525 in'
1928 5474 2033 5526 LXX

452 5531 825 5599 interpretibus.
852 5531 972 5598 quos
995 5535 1125 5585 solos
1148 5533 1345 5599 legebat
1366 5531 1746 5599 Chrysostom'us.
1771 5537 1954 5587 Verum
1989 5540 2035 5586 ia

453 5596 703 5650 ιηιοζιοὶ).
740 5612 785 5647 c.
822 5596 882 5657 1,
903 5613 947 5647 v.
983 5601 1047 5655 6,
1072 5596 1238 5659 angeli
1277 5596 1505 5649 vocantur
1542 5600 1591 5646 in
1631 5601 1861 5648 iit‘lll‘JlCO
1897 5609 2037 5649 textu

776 5698 827 5738 et
847 5688 1142 5751 ittVulgata,
1169 5686 1258 5751 ﬁlii
1285 5688 1387 5739 Dei.
1414 5690 1723 5740 nihilominus
1769 5699 1928 5739 tamen
1962 5690 2039 5739 bic

457 5750 845 5817 [.mllc_00ltiul:tt
868 5750 1230 5817 tilirysOstomus
1254 5764 1343 5802 ecs
1371 5752 1456 5817 qui
1488 5752 1710 5804 dicerent
1745 5751 1891 5802 hosce
1916 5751 2039 5802 illius

456 5816 538 5865 Dci
566 5814 709 5863 Luisse
736 5813 953 5877 angelos.

1155 405 1213 460 S.
1251 397 1527 456 JOANNIS
1561 390 2036 452 CHRYSOSTOMI
2075 393 2395 449 ARCHIEP.
2438 390 2978 449 C(iNSTANTlhOP.

3590 390 3694 447 188

2107 505 2363 563 liomiues
2405 504 2621 576 quidem
2668 506 2761 560 lilii
2809 504 2903 559 Dei
2943 502 3072 559 dicti
3120 514 3276 567 sunt,
3312 504 3485 573 angeli
3517 517 3695 557 autem

2102 613 2412 669 numquam.
2446 597 2605 667 Atqui
2645 596 2714 652 de
2754 596 2960 667 angelis
2987 594 3118 650 dicit
3148 612 3161 648 :
3197 594 3299 660 Qui
3333 595 3455 665 facit
3490 596 3699 664 (urgetur

2100 706 2218 744 suos
2255 690 2492 761 spiritus,
2521 699 2569 743 ct
2596 689 2852 743 ministros
2892 705 3009 742 suos
3046 689 3307 757 ﬂammam
3337 686 3469 755 ignis
3498 688 3517 753 (
3547 684 3695 739 Psal.

2103 780 2227 837 t03.
2256 782 2290 836 4
2316 780 2335 852 )
2360 790 2391 846 ;’
2415 781 2482 837 de
2525 780 2831 835 hominibus
2869 790 3047 834 autent
3078 798 3092 835 :
3127 777 3239 850 Ego
3266 776 3375 832 dixi
3400 794 3420 831 :
3450 777 3538 832 Dii
3579 779 3700 832 estis

2103 873 2123 943 (
2150 872 2292 929 Psal.
2321 875 2410 930 8|.
2436 874 2548 946 6);
2591 884 2647 929 et
2690 874 2879 929 iterum
2914 891 2926 927 :
2959 872 3120 928 Filios
3160 874 3308 943 genui
3335 912 3350 936 ,
3379 882 3425 925 ct
3477 872 3700 926 πριιιιιὶ

2103 964 2266 1034 (Isai.
2303 967 2349 1019 ι.
2381 966 2477 1035 2);
2521 977 2575 1021 et
2630 966 2819 1020 iterum
2868 982 2881 1019 :
2939 963 3316 1035 Primoqenitus
3367 966 3505 1033 ﬁlius
3554 979 3700 1019 metu

2102 1054 2270 1110 Israel
2296 1058 2313 1123 (
2341 1056 2508 1112 lirari.
2542 1059 2595 1112 4.
2627 1057 2720 1130 2‘2)
2756 1073 2769 1110 :
2801 1056 3021 1126 angelus
3046 1064 3223 1109 autem
3249 1069 3510 1123 nusquam
3538 1069 3700 1108 voca-

2105 1157 2189 1202 tus
2217 1156 2299 1202 est
2325 1147 2483 1213 titius,
2519 1162 2691 1217 neque
2721 1147 2863 1201 Illius
2892 1146 3003 1200 Dei.
3034 1143 3294 1199 (ia-terum
3326 1143 3451 1213 quid
3475 1144 3701 1198 dicunt?

2106 1240 2369 1303 Profecto,
2401 1241 2573 1309 angeli
2620 1242 2835 1310 quidem
2864 1249 3016 1293 erant
3043 1257 3056 1291 :
3089 1237 3183 1293 sed
3208 1238 3331 1308 quia
3356 1236 3419 1291 ad
3454 1236 3697 1306 iuiquunt

2105 1331 2208 1386 hoc
2234 1348 2366 1402 opus
2397 1330 2783 1385 descenderunt
2810 1372 2824 1391 ,
2854 1329 3110 1398 dignitate
3138 1342 3231 1381 sua
3259 1327 3587 1391 exciderunt.
3618 1325 3699 1380 En

2107 1423 2298 1476 iterum
2336 1421 2624 1476 fabulosius
2660 1419 2823 1474 aliud.
2854 1420 3062 1489 Ergone
3090 1432 3231 1472 nunc
3259 1417 3614 1481 exciderunt,
3641 1426 3702 1471 et

2105 1511 2221 1568 hare
2247 1513 2414 1567 ruime
2438 1511 2644 1567 illorum
2668 1527 2824 1565 causa
2846 1513 2869 1563 Ἰ
2893 1509 3087 1565 Verum
3117 1509 3391 1577 Scriptura
3420 1522 3519 1561 nos
3543 1506 3702 1561 aliter

2105 1604 2261 1658 tlocct
2280 1644 2296 1669 ,
2331 1616 2522 1671 nempe
2546 1613 2831 1672 antequam
2864 1602 3182 1655 lormaretur
3211 1601 3413 1668 primus
3440 1598 3635 1661 homo,
3668 1611 3699 1650 a

2105 1710 2198 1749 sua
2234 1694 2490 1761 dignitate
2529 1693 2790 1748 excidisse
2831 1702 2883 1745 et
2908 1691 3176 1746 diabolum
3202 1730 3217 1754 ,
3244 1699 3300 1743 et
3327 1706 3419 1744 eos
3447 1689 3534 1758 qui
3572 1703 3700 1742 eunt

2105 1801 2172 1843 eo
2218 1787 2475 1856 majorem
2523 1800 2682 1855 quam
2725 1783 2949 1838 decebat
2992 1783 3304 1852 dignitatem
3352 1781 3700 1835 ambiebant:

2106 1880 2242 1933 sicut
2269 1889 2323 1933 et
2348 1879 2559 1948 sapiens
2589 1878 2803 1949 quidam
2841 1877 3046 1946 inquit:
3073 1874 3097 1929 1
3107 1875 3276 1929 uridia
3316 1884 3481 1928 autem
3509 1874 3704 1927 diaboli

2108 1956 2243 2024 iners
2260 1970 2461 2023 intravit
2479 1970 2532 2023 in
2548 1968 2790 2022 mundum
2810 1967 2966 2037 (δίῳ.
2990 1966 3046 2020 9..
3062 1964 3178 2035 2i).
3194 1966 3305 2030 Dic,
3326 1980 3529 2034 qua'so,
3546 1964 3699 2029 mihi,

2110 2060 2155 2115 si
2201 2075 2307 2114 non
2347 2069 2470 2113 ante
2515 2058 2710 2112 factum
2754 2056 3023 2110 hominem
3064 2054 3294 2118 excidit,
3325 2054 3594 2125 tptomodu
3648 2054 3702 2108 in

2114 2159 2255 2205 tanta
2277 2150 2531 2220 dignitate
2559 2164 2780 2202 manens
2808 2147 2993 2202 invidit
3039 2146 3280 2201 homini?
3307 2145 3585 2211 Quomodo
3613 2161 3703 2198 ra—
3750 2206 3755 2211 _

2114 2240 2247 2293 tioni
2274 2244 2566 2293 consonum
2595 2248 2678 2293 est
2700 2279 2715 2303 ,
2747 2238 2993 2307 angelum
3025 2237 3427 2305 int-orporcum,
3450 2245 3501 2288 ct
3533 2235 3583 2289 izi
3611 2234 3703 2290 tali

2112 2330 2368 2401 dignitate
2396 2331 2743 2385 constitutum
2770 2371 2786 2396 ,
2815 2329 3016 2383 homini
3051 2328 3549 2401 invidere-corpore
3593 2328 3720 2392 cir;

2112 2423 2432 2478 cumamicto
2452 2422 2475 2475 ?
2496 2421 2600 2477 Sed
2629 2422 2879 2491 quoniam
2914 2434 2944 2474 a
2970 2400 3399 2489 supernaigloria
3442 2419 3492 2473 in
3527 2428 3707 2472 extre-

2116 2529 2257 2569 mam
2281 2514 2625 2584 ignominiam
2646 2511 2889 2582 dejectus
2916 2510 3108 2578 fuerat,
3139 2511 3262 2566 licet
3280 2521 3419 2565 esset
3453 2508 3705 2580 incorpo-

2114 2620 2273 2679 reus;
2303 2604 2490 2660 videns
2522 2604 2808 2661 formatum
2837 2602 3131 2667 hominem,
3164 2603 3215 2657 in
3244 2617 3469 2671 corpore
3502 2612 3705 2656 tantum

2119 2698 2374 2754 honorem
2422 2697 2727 2752 Conditoris
2770 2696 3139 2753 benevolentia
3183 2696 3428 2749 sortitum
3455 2736 3471 2761 ,
3505 2693 3701 2749 invidia

2116 2790 2335 2855 exarsit,
2368 2798 2423 2844 et
2446 2788 2780 2858 deceptione,
2809 2786 2874 2841 ad
2913 2803 3070 2857 quam
3102 2786 3364 2855 serpentis
3389 2801 3549 2855 opera
3580 2797 3709 2838 usus

2118 2890 2220 2947 cst,
2248 2879 2517 2935 hominem
2536 2879 2722 2933 mortis
2742 2893 2914 2948 pinna:
2936 2879 3223 2933 obnoxium
3246 2877 3391 2933 fecit.
3406 2876 3550 2931 Talis
3564 2876 3707 2931 enim

2118 2980 2198 3027 cst
2230 2971 2463 3035 malitia;
2495 2986 2599 3024 non
2632 2978 2807 3038 potest
2832 2985 2937 3024 non
2960 2970 3192 3037 graviter
3222 2969 3361 3023 ferre
3379 2967 3604 3022 aliorum
3634 2966 3710 3021 le-

2119 3062 2393 3116 lieitatem.
2424 3058 2579 3128 Quod
2619 3060 2777 3129 igitur
2802 3058 3045 3113 diabolus
3071 3068 3128 3112 et
3166 3057 3342 3111 etnnis
3369 3057 3484 3126 ejus
3512 3054 3709 3111 cohors

2120 3153 2248 3208 olim
2272 3166 2304 3206 a
2324 3150 2490 3221 gloria
2518 3150 2607 3205 illa
2631 3149 2947 3216 exciderint,
2966 3157 3021 3205 et
3049 3147 3389 3219 ignominiosi
3419 3146 3707 3213 evaserint,

2123 3240 2463 3295 manifestum
2493 3248 2594 3295 est.
2626 3239 2874 3310 Alioquin
2898 3239 3058 3294 etiam
3086 3247 3281 3306 quanta
3310 3252 3415 3292 non
3439 3238 3711 3292 dementia

2122 3334 2339 3403 plenum
2390 3332 2578 3397 fuerit,
2610 3331 2791 3387 dicere
2832 3331 3054 3401 angelos
3094 3332 3166 3386 ita
3203 3331 3439 3400 dejectos
3460 3372 3472 3394 ,
3504 3341 3559 3385 ut
3588 3346 3711 3385 cum

2122 3423 2435 3479 mulieribus
2476 3437 2588 3478 rem
2635 3422 2928 3486 baberent,
2957 3430 3009 3476 et
3042 3421 3352 3491 incorporea
3395 3421 3479 3476 illa
3524 3431 3713 3476 natura

2123 3516 2464 3585 capularetur
2500 3512 2868 3584 corporibus?
2902 3516 3093 3568 Annoo
3132 3513 3286 3568 audis
3330 3514 3608 3567 Dominum
3634 3511 3717 3566 di-

2125 3619 2333 3663 centeni
2382 3607 2449 3663 de
2500 3606 2809 3677 angelorum
2860 3608 3207 3662 substantia:
3248 3605 3311 3660 In
3356 3606 3718 3660 resurrectione

2125 3700 2257 3752 enim
2300 3715 2459 3767 neque
2507 3698 2879 3751 matrimonium
2919 3697 3241 3760 contrahunt,
3277 3713 3436 3765 neque
3476 3698 3715 3760 nubunt;

2126 3791 2215 3845 sed
2239 3802 2354 3846 sunt
2378 3789 2505 3843 sicut
2526 3788 2691 3858 angeli
2718 3786 2809 3841 Dei
2838 3787 3049 3855 (Jlattlt.
3071 3786 3162 3840 ἓξ.
3197 3786 3287 3842 50.
3316 3770 3481 3841 .ilttrt'.
3506 3787 3589 3841 l2.
3620 3786 3716 3844 25.

2130 3882 2252 3937 Luc.
2283 3882 2374 3937 ΞΟ.
2405 3880 2494 3948 55)
2519 3881 2543 3933 'l
2568 3878 2749 3949 Neque
2793 3878 2934 3932 enim
2966 3879 3217 3948 possibile
3240 3887 3321 3933 est
3348 3878 3716 3948 ineat-porcam

2130 3983 2389 4035 naturam,
2420 3972 2580 4025 talem
2608 3986 2857 4039 umquam
2881 3969 3369 4039 concupiscentiam
3398 3969 3615 4025 habere.
3637 3969 3717 4024 Ad
3770 3982 3773 3983 '

2131 4060 2245 4116 hare
2282 4062 2441 4116 etiam
2466 4060 2803 4130 cogitandum
2836 4072 2951 4123 est,
2992 4060 3094 4115 hoc
3134 4060 3383 4114 omnibus
3412 4058 3585 4115 modis
3626 4059 3723 4113 ab-

2130 4151 2501 4207 surdissimum
2533 4150 2694 4204 fuisse
2717 4152 2768 4203 in
2792 4150 3027 4205 animum
3060 4149 3333 4204 inducere.
3367 4148 3497 4202 Nam
3522 4148 3566 4202 si
3596 4164 3723 4204 san-

2131 4243 2204 4297 eti
2237 4252 2288 4297 et
2314 4243 2403 4311 qui
2434 4241 2688 4309 Spiritum
2720 4249 2959 4295 sauctmn
2987 4250 3322 4310 acceperant,
3353 4256 3525 4308 neque
3554 4240 3719 4294 visio-

2131 4348 2254 4388 nem
2285 4332 2593 4401 augelormn
2640 4329 2821 4385 videre
2853 4340 3136 4399 potuerunt
3171 4328 3343 4398 (Dan.
3382 4332 3463 4385 ll).
3492 4329 3620 4385 7-H
3653 4330 3672 4399 )
3707 4350 3721 4386 :

2131 4424 2406 4478 enimvero
2434 4424 2511 4476 vir
2537 4421 2923 4477 desideriorum
2949 4432 3233 4492 conspecta
3269 4422 3443 4493 angeli
3490 4437 3723 4491 praesen-

2134 4515 2202 4569 tia
2228 4556 2243 4579 ,
2285 4531 2388 4569 non
2422 4524 2596 4568 tamen
2640 4513 2956 4576 substantia,
2990 4514 3009 4580 (
3030 4528 3135 4581 quo
3178 4516 3330 4581 pacto
3371 4514 3513 4568 enim
3558 4512 3723 4568 videri

2135 4615 2315 4675 posset
2344 4605 2694 4675 incorporalis
2723 4603 3017 4659 substantia
3036 4603 3099 4673 ?)
3130 4606 3222 4659 sed
3257 4603 3726 4659 translbrmatione

2134 4696 2303 4749 Solum
2332 4694 2560 4765 quadam
2592 4696 2723 4760 visa,
2744 4686 2943 4764 parum
2982 4694 3149 4748 abfuit
3178 4695 3304 4763 quin
3341 4693 3540 4749 viribus
3562 4693 3699 4747 desti
3718 4723 3730 4733 -

2138 4796 2278 4841 tutus
2323 4796 2377 4841 et
2421 4788 2652 4840 animant
2684 4786 2987 4849 amitteret;
3033 4794 3193 4855 atque
3222 4786 3265 4838 si
3297 4794 3476 4838 tantus
3512 4798 3577 4840 ac
3606 4784 3728 4838 talis

2138 4880 2217 4933 vir
2248 4894 2379 4946 pene
2409 4878 2609 4948 absque
2646 4877 2833 4946 Spiritu
2860 4876 3091 4947 jacebat,
3125 4877 3240 4946 quis
3270 4876 3431 4931 etiam
3457 4875 3613 4931 valde
3647 4874 3729 4929 in-

2136 4985 2299 5026 sanus
2326 4968 2701 5039 comprobaret
2735 4968 2850 5023 haec
2892 4966 3200 5039 blasphema
3246 4966 3407 5021 verba
3440 4964 3731 5022 dementize

2139 5063 2311 5132 plena,
2341 5061 2480 5131 quod
2526 5062 2839 5129 incorporea
2868 5069 2924 5114 et
2953 5056 3241 5127 spiritualis
3271 5066 3459 5111 natura
3482 5057 3732 5126 corporis

2138 5154 2472 5220 complexum
2520 5150 2714 5205 terret?

2209 5248 2262 5301 5.
2306 5244 2551 5298 Homines
2580 5241 2675 5310 [illi
2720 5239 2815 5294 Dei
2843 5239 2964 5293 dicti
3001 5239 3053 5292 in
3095 5236 3383 5309 Scriptura.
3414 5236 3610 5292 --Scd
3659 5252 3729 5292 ne

2140 5338 2378 5410 pluribus
2410 5338 2507 5391 ista
2536 5334 2866 5391 excutientcs
2881 5340 3054 5387 terere
3080 5340 3287 5399 tempus
3303 5329 3599 5393 videamur,
3634 5344 3732 5399 age

2140 5434 2259 5502 quia
2300 5429 2684 5484 sufﬁcientibus
2726 5425 3053 5495 argumentis
3085 5421 3291 5477 caritati
3319 5430 3512 5476 vestite
3558 5421 3733 5475 decla~

2144 5524 2375 5577 ravimus
2398 5562 2411 5585 ,
2444 5535 2599 5589 quam
2632 5519 2698 5571 sit
2728 5519 2826 5571 boc
2856 5516 3182 5585 impossibile
3211 5530 3224 5565 :
3260 5514 3546 5569 doceamus
3592 5529 3733 5566 nunc

2143 5631 2259 5685 qua:
2287 5614 2361 5668 rei
2394 5613 2461 5666 sit
2500 5612 2727 5674 veritas;
2777 5610 2969 5663 iterum
3021 5617 3195 5662 tamen
3244 5606 3394 5662 lectis
3426 5606 3488 5660 iis
3517 5620 3639 5675 qua:
3680 5606 3731 5657 in

2144 5705 2318 5760 divina
2337 5703 2609 5771 Scriptura
2635 5701 2889 5753 feruntur.
2911 5698 2969 5751 Et
2986 5702 3175 5764 factum
3192 5708 3285 5757 est,
3318 5696 3508 5764 inquit,
3532 5697 3735 5763 quando

2146 5805 2398 5868 ca'pcrttnt
2443 5794 2669 5848 homines
2712 5791 3037 5863 multiplicari
3086 5806 3234 5863 super
3281 5801 3483 5855 terram,
3532 5798 3577 5842 ct
3618 5788 3737 5859 (itit:
