4068 6380
303 347 399 406 189

297 471 429 514 nota:
448 470 565 514 smn
597 459 700 512 illis
728 473 745 509 :
778 469 833 511 ut
876 456 1108 511 viderunt
1150 456 1245 525 ﬁlii
1289 452 1386 507 Dei
1416 453 1552 522 ﬁlios
1591 448 1854 504 hominum
1878 488 1891 510 ,

293 554 428 619 quod
453 552 684 620 pulchre
712 560 893 615 essent,
921 556 1241 617 sumpserunt
1275 544 1597 613 sibimetipsis
1626 557 1810 596 uxores
1839 541 1902 593 de

292 641 551 705 omnibus,
580 658 707 713 quas
738 643 1009 710 elegerant.
1046 640 1200 693 Prius
1222 637 1507 693 docuimus
1536 650 1661 699 vos,
1682 648 1896 735 morem

298 748 419 787 esse
448 732 761 795 Scripturae,
808 743 865 784 ut
911 732 1156 784 homines
1188 729 1323 783 ﬁlios
1352 727 1443 783 Dei
1471 735 1646 782 vocet.
1682 725 1748 781 Et
1774 726 1897 796 quia

292 823 373 876 isti
404 838 435 876 a
466 824 636 879 Sctho
670 824 931 893 originem
961 823 1284 888 trahebant,
1318 831 1372 876 et
1417 822 1486 876 ab
1507 821 1627 890 ejus
1656 820 1766 875 ﬁlio
1803 820 1896 889 qui

289 916 593 980 appellatus
619 925 703 968 est
733 915 875 969 Enos
907 934 919 968 :
964 915 1096 968 dicit
1120 916 1263 968 enim
1308 931 1321 966 :
1368 911 1477 967 Iste
1498 913 1720 983 speravit
1746 911 1894 965 invo-

294 1022 411 1060 care
449 1022 634 1061 nomen
675 1007 889 1061 Domini
924 1004 1024 1061 Dei
1060 1024 1080 1063 :
1110 1008 1179 1063 ab
1209 1010 1300 1062 illo
1331 1018 1511 1077 postea
1536 1008 1643 1061 nati
1665 1048 1682 1073 ,
1715 1007 1892 1060 vocati

288 1107 411 1151 sunt
449 1098 546 1151 ﬁlii
578 1099 671 1153 Dei
714 1100 765 1153 in
809 1099 1006 1154 divinis
1053 1099 1374 1168 Scripturis.
1425 1109 1707 1169 propterea
1752 1098 1893 1168 quod

203 1178 208 1185 “
288 1202 530 1257 cousque
562 1199 839 1257 parentum
860 1192 1111 1245 virtutem
1144 1192 1331 1244 imitati
1353 1200 1515 1245 sunt:
1548 1191 1683 1245 ﬁlios
1711 1201 1891 1244 autem

287 1279 415 1333 Cair.
446 1292 500 1334 ut
530 1282 621 1351 qui
641 1298 708 1336 ex
731 1298 796 1336 eo
820 1285 951 1347 nati,
978 1294 1030 1337 et
1054 1284 1143 1354 qui
1166 1293 1289 1338 ante
1314 1282 1445 1337 Scth
1471 1282 1636 1353 geniti
1656 1282 1889 1346 fuerunt,

285 1368 430 1425 ﬁlios
453 1371 735 1426 hominum
764 1384 935 1428 vocat.
964 1372 1183 1427 Factum
1208 1384 1321 1439 est,
1360 1375 1552 1443 inquit,
1583 1390 1697 1427 cum
1725 1390 1891 1443 carpe-

284 1471 403 1513 nmt
430 1461 660 1517 homines
689 1464 1021 1531 multiplicari
1064 1481 1217 1534 super
1260 1473 1490 1529 terram,
1533 1480 1559 1516 e
1611 1465 1892 1531 [ilicepataz

283 1562 398 1604 sunt
426 1553 531 1605 illis
554 1570 572 1606 :
603 1564 657 1606 ut
676 1554 902 1608 viderunt
930 1555 1026 1624 ﬁlii
1057 1552 1171 1618 Dei,
1197 1555 1287 1624 qui
1315 1570 1345 1609 a
1381 1554 1510 1609 Seth
1541 1565 1594 1608 ct
1633 1556 1701 1608 ab
1744 1554 1889 1609 Enos

284 1645 573 1711 progeniti,
589 1645 727 1713 ﬁlias
748 1647 1030 1712 hominum,
1059 1648 1174 1700 illas
1201 1662 1317 1717 quae
1339 1647 1407 1700 ab
1432 1646 1549 1701 aliis
1576 1655 1712 1701 nata:
1739 1654 1885 1711 sunt,

281 1736 349 1808 de
374 1736 575 1802 quibus
604 1735 739 1790 dixit
762 1737 908 1806 quod
954 1737 1110 1793 Filia
1135 1750 1272 1792 natae
1301 1739 1405 1793 sint
1427 1738 1552 1803 illis,
1590 1740 1739 1805 Quod
1766 1739 1887 1808 pul-

280 1806 419 1878 clirc
435 1836 620 1880 essent.
654 1828 784 1883 Vide
810 1831 1082 1899 quomodo
1126 1846 1224 1900 per
1251 1831 1472 1884 verbum
1521 1829 1623 1885 hoc
1668 1845 1884 1884 omnem

282 1916 437 1969 nobis
461 1914 1146 1988 eorumintemperantiam
1178 1921 1432 1976 insinuet.
1477 1921 1595 1975 Non
1634 1923 1776 1975 cnim
1817 1920 1889 1976 ob

278 2005 609 2061 desiderium
650 2011 1114 2076 procreandorum
1169 2012 1397 2067 ﬁliorum
1442 2014 1884 2079 conveniebant,

280 2097 371 2150 sed
402 2099 473 2149 ob
512 2098 842 2167 voluptatem
869 2110 925 2155 et
968 2084 1436 2172 intemperantiam
1469 2120 1482 2154 :
1519 2102 1587 2158 Ut
1614 2104 1843 2158 uiderunt
1865 2144 1883 2172 ,

280 2188 452 2257 inquit.
477 2230 493 2254 ,
522 2190 663 2257 ﬁlias
691 2192 975 2254 hominum,
1009 2194 1147 2262 quod
1186 2194 1415 2263 pulchra
1453 2204 1637 2249 essein.
1676 2195 1887 2250 Concu-

280 2282 540 2348 pisceutia
579 2283 796 2337 forum:1
841 2285 961 2340 illos
1004 2286 1055 2339 in
1098 2286 1238 2341 hanc
1287 2288 1495 2342 induxit
1538 2289 1829 2357 perniciem
1863 2329 1881 2355 ,

281 2373 627 2441 pulchritudo
675 2386 927 2445 asfiectus
980 2380 1405 2435 scortationiset
1452 2380 1913 2449 intemperantia:-

276 2464 355 2519 εἰς
389 2467 613 2519 occasio
656 2466 777 2521 fuit.
832 2470 898 2523 Et
948 2485 1121 2539 neque
1161 2470 1214 2525 id
1255 2474 1388 2526 satis
1433 2472 1645 2527 habens
1686 2474 1878 2527 addit:

276 2554 622 2622 Suntpserunt
635 2559 733 2613 sibi
744 2559 872 2629 ipsis
900 2577 1084 2615 uxores
1112 2562 1175 2615 de
1191 2563 1442 2627 omnibus,
1462 2580 1588 2636 quas
1604 2566 1877 2635 elegerant:

272 2646 414 2712 quod
440 2648 607 2701 etiam
627 2664 873 2719 magnam
903 2651 1115 2706 illorum
1136 2654 1599 2722 intemperantiam
1622 2657 1876 2720 insinuat,

273 2736 416 2804 quod
447 2752 477 2790 a
503 2737 907 2805 pulchritudine
932 2743 1058 2797 victi
1095 2754 1239 2802 sunt.
1266 2755 1323 2798 et
1361 2744 1573 2799 frenum
1601 2747 1879 2815 imponere

272 2826 595 2882 inordinata:
619 2831 1070 2900 concupiscentiae
1099 2850 1213 2893 sum
1255 2850 1365 2890 non
1396 2838 1685 2892 valuerunt
1719 2855 1734 2891 :
1779 2836 1876 2892 sed

270 2920 568 2987 spectando
607 2924 747 2991 capti
779 2925 1152 2996 submersique
1182 2937 1327 2989 sunt,
1358 2937 1520 2997 atque
1555 2929 1625 2984 ob
1654 2930 1873 2999 impium

272 3009 372 3063 hoc
404 3027 542 3081 opus
583 3028 813 3083 superna
847 3016 1179 3083 providentia
1222 3032 1343 3073 sese
1382 3034 1581 3074 vacuos
1621 3020 1875 3076 reddide-

270 3112 414 3156 runt.
445 3103 513 3157 Et
536 3114 595 3159 ut
618 3105 891 3161 discamus
916 3108 1061 3176 ipsos
1082 3124 1189 3163 non
1215 3110 1333 3179 lege
1352 3112 1680 3181 nuptiarum,
1699 3128 1875 3183 neque

269 3196 729 3261 procreandorum
773 3196 1001 3253 ﬁliorum
1043 3201 1211 3269 gratia
1254 3203 1357 3259 hoc
1400 3204 1620 3270 fecisse,
1653 3218 1875 3277 propter

269 3282 369 3338 hoc
385 3285 519 3339 dicit
547 3301 560 3337 :
586 3285 654 3340 Ut
674 3288 906 3342 uiderunt
926 3291 1063 3359 quod
1089 3292 1320 3362 pulchrae
1346 3306 1527 3359 essent,
1551 3307 1875 3367 sumpserunt

265 3377 592 3447 sibimetipsis
632 3395 816 3433 uxores
855 3382 917 3434 de
944 3383 1175 3437 omnibus
1196 3426 1211 3449 ,
1253 3402 1379 3453 quas
1415 3388 1688 3458 elegerant.
1733 3390 1872 3458 Quid

269 3469 474 3537 igitur?
517 3470 946 3538 reprchendetne
984 3474 1177 3544 aliquis
1219 3492 1493 3545 aspecmm
1539 3480 1871 3536 oculorum?

265 3556 380 3612 Non
417 3576 431 3611 :
466 3575 647 3629 neque
670 3561 813 3615 enim
837 3563 1027 3618 oculus
1050 3565 1219 3619 ruina:
1246 3581 1407 3621 causa
1451 3568 1594 3637 fuit,
1643 3571 1739 3627 sed
1777 3588 1873 3627 vo-

266 3652 487 3705 luntatis
520 3653 839 3724 negligentia
866 3666 920 3710 et
945 3655 1203 3711 effrenata
1235 3662 1692 3730 concupiscentia.
1733 3664 1869 3719 Nam

263 3743 453 3797 oculus
482 3753 768 3813 propterea
811 3745 983 3799 factus
1010 3756 1092 3800 est
1118 3788 1134 3813 ,
1163 3757 1219 3800 ut
1264 3748 1391 3802 dum
1427 3751 1568 3807 videt
1596 3763 1870 3809 creaturas

266 3832 382 3899 Dei,
428 3834 663 3904 ipsarum
687 3836 1037 3892 Conditorem
1067 3838 1325 3895 celebret.
1359 3842 1540 3914 Itaque
1566 3847 1705 3900 oculi
1733 3863 1869 3918 opus

261 3936 344 3980 est
370 3927 558 3983 videre
591 3945 605 3981 :
646 3929 789 3984 male
825 3940 1003 3986 autem
1041 3931 1225 3989 videre
1248 3974 1263 3997 ,
1301 3948 1333 3987 a
1374 3944 1696 4004 menteest,
1748 3958 1868 4011 quae

262 4016 591 4074 intrinsecus
612 4020 895 4089 gubernat.
940 4020 1074 4076 Nam
1114 4022 1357 4081 umbra
1398 4037 1580 4082 nostra
1607 4030 1754 4087 utilia
1797 4032 1866 4086 ad

258 4109 461 4163 bonum
494 4111 825 4177 operandurn
851 4112 1064 4168 condita
1085 4126 1212 4169 sunt
1234 4129 1265 4170 a
1291 4116 1520 4173 Domino
1540 4162 1554 4185 ,
1582 4130 1638 4175 et
1666 4124 1865 4191 guber-

258 4203 373 4253 nari
402 4216 465 4254 ea
504 4204 772 4257 concessit
799 4204 868 4259 ab
894 4206 1209 4276 incorporea
1240 4209 1559 4276 substantia,
1589 4214 1657 4269 de
1686 4217 1863 4271 anima

256 4290 401 4345 dico.
451 4292 741 4360 Postquam
766 4304 947 4350 autem
977 4296 1092 4352 hare
1120 4301 1390 4369 negligens
1418 4319 1561 4369 esse,
1592 4315 1663 4362 et'
1694 4308 1863 4363 liabe-

261 4398 356 4437 nas
386 4384 571 4447 laxare
612 4390 837 4457 cmperit
859 4429 875 4453 ,
919 4392 1370 4459 quemadmodum
1402 4398 1583 4469 auriga
1616 4402 1863 4459 nesciens

256 4487 521 4542 equorum
565 4473 819 4531 ferociam
846 4492 1195 4549 compescere
1219 4525 1234 4549 ,
1267 4488 1509 4542 remissis
1554 4487 1720 4545 frenis
1744 4534 1759 4557 ,
1808 4504 1864 4549 et

257 4581 425 4635 equos
450 4582 671 4622 currum
702 4568 979 4627 trahentes
1010 4584 1063 4628 et
1090 4577 1327 4645 scipsum
1367 4581 1420 4633 in
1458 4596 1699 4653 princeps
1728 4585 1863 4656 deji-

255 4653 366 4709 cit:
399 4656 479 4711 sic
510 4656 667 4724 plane
692 4668 745 4713 et
771 4661 1021 4717 voluntas
1070 4674 1249 4721 nostra
1285 4669 1718 4742 quandoquidem
1767 4653 1863 4731 ne-

256 4746 356 4799 scit
400 4746 660 4801 membris
704 4758 765 4804 ut
808 4761 1024 4820 oportet
1062 4757 1169 4818 uti,
1219 4759 1536 4818 inordinatis
1578 4764 1860 4838 indulgens

255 4836 707 4905 concupiscentiis
733 4841 967 4911 seipsam
997 4846 1311 4920 submergit.
1362 4852 1650 4924 Propterea
1681 4836 1862 4915 Domi-

257 4939 358 4980 nus
387 4937 575 4982 uoster
599 4929 868 5000 Christus,
892 4935 1070 4993 sciens
1082 4937 1320 5010 fragilem
1348 4955 1586 5003 nostram
1610 4962 1856 5009 naturam

254 5028 305 5094 et
332 5021 628 5076 voluntatis
652 5024 1051 5097 negligentiam,
1080 5032 1252 5102 legem
1284 5041 1457 5105 posuit
1482 5057 1603 5113 qute
1625 5048 1860 5105 muniret

253 5121 315 5163 ac
341 5109 656 5178 prohiberet
684 5116 952 5173 curiosam
983 5109 1514 5198 considerationem,
1536 5144 1595 5190 ut
1630 5153 1856 5195 nascens

254 5196 304 5253 in
324 5200 819 5270 nobisinceudium,
838 5224 959 5263 cum
982 5212 1158 5268 adhuc
1190 5220 1369 5285 procul
1397 5196 1501 5288 est,
1517 5228 1852 5299 exstinguat;

253 5300 304 5346 et
331 5293 402 5346 ait
429 5308 445 5346 :
481 5292 582 5359 Qui
612 5299 795 5365 aspicit
822 5300 1102 5365 mulierem,
1134 5317 1188 5359 ut
1208 5314 1530 5379 concupiscat
1558 5292 1720 5379 illam:
1740 5325 1853 5393 jam

251 5384 556 5438 adulterium
583 5391 833 5443 commisit
858 5409 972 5446 cum
1004 5395 1094 5448 illa
1122 5398 1173 5451 in
1218 5407 1369 5455 corde
1412 5423 1505 5460 suo
1534 5410 1552 5479 (
1578 5384 1763 5466 Matt/1'.
1796 5418 1848 5471 5.

252 5472 361 5545 9.8).
404 5476 634 5546 Propter
674 5479 814 5546 hoc,
870 5483 1058 5553 inquit,
1111 5490 1369 5547 interdico
1420 5499 1574 5553 vobis
1608 5504 1847 5561 illicitum

253 5565 417 5620 visum
442 5608 457 5632 ,
508 5578 565 5621 ut
594 5569 663 5623 ab
691 5586 853 5640 opere
886 5575 1073 5634 illicito
1120 5597 1212 5635 vos
1256 5584 1500 5644 liberem.
1548 5592 1624 5647 Ne
1655 5606 1803 5665 putes
1830 5640 1847 5665 ,

308 5745 325 5776 ι
363 5744 487 5802 vox.
506 5748 704 5815 [oi—mae,
729 5752 873 5805 deest
900 5757 947 5805 in
975 5760 1261 5821 quibusdam
1283 5772 1387 5817 Mss.

1141 338 1203 394 ΙΝ
1242 339 1397 394 CAP.
1444 337 1638 392 \'.:F.T
1694 333 1778 388 Vl.
1833 328 2084 385 GENES.
2127 330 2357 388 l’lOMlL.
2406 330 2569 386 XX”.

3522 346 3630 403 I90

2011 442 2199 512 inquit.
2232 458 2524 513 Congressu
2559 446 2734 499 snlum
2758 460 3035 516 peccatum
3066 451 3174 507 ﬁer.
3207 472 3220 508 :
3255 455 3509 519 minutas
3545 471 3630 516 est

2004 548 2124 602 quae
2170 536 2584 590 condemnatur.
2639 536 2801 607 Igitur
2845 550 2900 595 ct
2944 542 2996 595 hi
3038 545 3167 597 visu!
3205 547 3631 617 pulchritudinis

2003 628 2312 693 spectaculo
2353 631 2493 700 capti
2536 641 2682 685 sunt.
2737 632 2981 691 Viderunt
3027 639 3195 705 cuitu.
3240 642 3410 712 inquit
3440 684 3456 712 ,
3484 660 3629 720 quod

2004 715 2234 783 pulchra:
2272 731 2454 787 essent,
2486 730 2536 776 et
2563 737 2888 796 smnpserunt
2911 728 3007 783 sibi
3034 746 3218 791 uxores
3263 749 3327 789 ea.“
3363 715 3623 804 omnibus,

2001 826 2129 876 quas
2178 814 2451 883 elegerant.
2503 813 2610 870 Sed
2659 816 2941 875 videamus
2989 822 3153 879 etiam
3202 835 3327 895 post
3378 828 3623 894 illicitam

1999 900 2214 955 illorum
2244 907 2634 972 operationem.
2677 918 2735 965 et
2762 911 3213 982 intemperantem
3238 922 3481 977 animum
3518 925 3625 979 Do—

1999 991 2131 1046 mini
2163 993 2258 1047 Dei
2277 994 2598 1054 bonitatem.
2627 1000 2683 1055 ὅ.
2711 1000 2877 1070 Dixit,
2908 1003 3117 1076 inquit,
3153 1009 3410 1071 Dominus
3439 1013 3579 1071 Deus
3600 1033 3623 1075 ε

2003 1082 2126 1137 Non
2154 1087 2467 1153 permanebit
2493 1090 2725 1157 Spiritus
2759 1110 2899 1149 meus
2925 1096 2979 1151 in
3006 1098 3298 1159 horninibus
3330 1104 3412 1160 his
3439 1105 3494 1160 in
3521 1123 3623 1167 ωψ-

2000 1176 2192 1249 culum,
2216 1194 2274 1231 eo
2294 1181 2433 1249 quod
2455 1182 2553 1249 ipsi
2581 1200 2762 1239 carnes
2791 1189 2914 1241 sint.
2946 1189 3113 1247 Erunt
3140 1205 3311 1254 autem
3336 1198 3443 1258 dies
3468 1202 3617 1272 ipso—

1992 1284 2112 1321 rum
2140 1280 2341 1335 centum
2362 1274 2704 1345 vigintianni.
2748 1278 2845 1335 llic
2874 1282 2926 1337 in
2961 1289 3149 1353 paucis
3180 1290 3359 1347 verbis
3385 1295 3614 1369 abyssus

1995 1361 2383 1419 misericordia:
2414 1366 2581 1422 videri
2611 1379 2811 1439 potest.
2858 1373 2928 1429 Et
2955 1378 3108 1444 dixit,
3134 1382 3330 1452 inquit,
3358 1361 3613 1445 Dominus

1997 1449 2139 1506 Deus
2170 1468 2189 1507 :
2216 1454 2340 1510 Non
2368 1462 2683 1528 permanebit
2707 1464 2934 1532 Spiritus
2958 1486 3099 1527 meus
3127 1473 3181 1529 in
3209 1449 3500 1535 ltoniinibns
3534 1484 3620 1539 Itis

1994 1543 2051 1598 in
2074 1548 2339 1613 malum,
2365 1567 2425 1604 eo
2456 1554 2594 1620 quod
2614 1555 2713 1625 ipsi
2738 1573 2919 1614 carnes
2941 1563 3070 1618 sint.
3111 1565 3368 1636 Spiritum
3400 1572 3488 1626 hic
3513 1589 3618 1642 po-

1998 1638 2220 1692 tentiam
2250 1656 2423 1706 suam,
2449 1660 2552 1713 qua
2578 1662 2762 1702 curam
2791 1655 2961 1709 nostri
2992 1658 3099 1725 agit
3121 1699 3138 1724 ,
3180 1672 3334 1726 vocat
3354 1704 3368 1716 .
3392 1638 3613 1722 illorum

2000 1724 2277 1784 interitum
2308 1737 2699 1802 prarnuntians.
2740 1738 2813 1795 Et
2841 1753 2892 1795 ut
2920 1724 3064 1800 scias
3092 1747 3197 1803 bac
3219 1750 3289 1807 de
3311 1724 3376 1808 re
3404 1770 3615 1812 senun-

1998 1833 2119 1873 nem
2138 1820 2352 1887 haberi,
2383 1826 2658 1897 videqnid
2684 1830 2969 1891 subdatur.
3002 1837 3082 1893 Eo
3102 1843 3241 1909 quod
3266 1844 3389 1914 ipsi,
3415 1848 3611 1919 inquit,

1994 1926 2175 1965 carnes
2203 1916 2305 1967 sint
2346 1932 2366 1969 :
2408 1916 2512 1979 hoc.
2556 1930 2668 1986 est,
2713 1936 2781 1979 eo
2819 1928 2961 1995 quod
3009 1935 3315 1991 carnalibus
3354 1916 3615 2008 operibus

1994 2007 2201 2072 seipsos
2230 2016 2373 2062 totos
2392 2010 2621 2080 dedant,
2650 2025 2707 2071 et
2732 2018 2928 2075 anima:
2964 2024 3265 2082 substantia
3293 2033 3609 2103 abutantur,

1990 2103 2047 2145 et
2078 2097 2229 2162 «μιηεί
2272 2100 2385 2155 sola
2417 2116 2581 2161 carne
2622 2106 2943 2167 circumdati
2986 2116 3165 2173 anima
3214 2136 3497 2193 carerent,
3532 2132 3613 2185 sie

1995 2292 2116 2333 mos
2144 2290 2247 2346 est,
2281 2298 2501 2340 carnem
2533 2303 2729 2347 vocare
2754 2298 3035 2353 carnales:
3060 2302 3202 2359 sicut
3243 2307 3441 2365 virtute
3468 2331 3605 2379 H.13—

1993 2376 2242 2437 stautes,
2290 2378 2471 2433 carnis
2515 2392 2769 2449 expertes
2817 2389 3100 2446 nominat:
3144 2376 3603 2464 quemadmodum

1991 2457 2188 2515 Paulus
2206 2461 2375 2523 dicit:
2406 2465 2507 2523 Vos
2530 2478 2700 2530 autem
2726 2478 2965 2539 nonanis
2988 2481 3045 2534 in
3065 2457 3217 2538 cerne
3237 2487 3417 2559 (Rom.

1988 2565 2097 2605 non
2140 2554 2282 2622 quod
2325 2570 2434 2613 non
2479 2574 2647 2618 carne
2688 2564 3010 2628 circumdati
3055 2554 3283 2646 essent,
3331 2585 3430 2639 sed
3478 2554 3598 2654 quia

1986 2658 2161 2700 carne
2174 2648 2513 2716 circumdati,
2529 2657 2837 2724 superiores
2854 2669 3335 2728 erantcarnalibus
3355 2676 3600 2734 all‘ectiu-

1988 2737 2146 2796 nibus
2168 2749 2230 2794 et
2246 2743 2516 2807 sensibus.
2541 2745 2675 2802 Nam
2705 2749 2845 2807 sicut
2875 2752 2994 2809 istis
3018 2757 3233 2817 dicebat
3266 2782 3278 2817 :
3309 2765 3410 2822 Vos
3428 2783 3600 2829 autem

1985 2842 2088 2880 non
2111 2831 2230 2885 estis
2256 2833 2309 2887 in
2338 2850 2510 2901 carne,
2543 2852 2613 2893 eo
2631 2841 2774 2909 quod
2798 2848 3044 2903 carnalia
3074 2850 3445 2922 despiciebant
3473 2880 3489 2919 :
3512 2865 3597 2922 lita

1985 2928 2037 2971 et
2066 2919 2133 2973 de
2163 2922 2269 2978 illis
2298 2924 2513 2993 dicitur,
2538 2932 2680 2997 quod
2701 2934 2810 2989 sint
2839 2951 3034 2994 carnes
3054 2981 3069 3002 .
3089 2919 3335 3016 ecquod
3360 2919 3602 3021 carnali;

1987 3007 2088 3063 bus
2116 3012 2280 3070 rebus
2304 3020 2563 3072 continuo
2587 3021 2697 3075 sint
2722 3030 2993 3095 occupati.
3030 3029 3109 3086 Eo
3127 3007 3274 3105 quod
3295 3040 3395 3110 ipsi
3419 3018 3599 3102 coruus

1981 3098 2104 3165 sint,
2136 3116 2241 3156 non
2276 3106 2416 3160 ultra
2436 3110 2729 3167 concedam
2758 3116 2839 3172 eis
2862 3128 2919 3172 ut
2946 3098 3185 3193 peccatis
3208 3098 3325 3185 suis
3344 3134 3600 3208 coinqui-

1984 3201 2196 3246 nentur.

2051 3283 2103 3336 4.
2139 3284 2326 3340 Vidisti
2370 3289 2752 3363 indignationis
2782 3304 3251 3372 magnitudinem?
3278 3315 3456 3372 vidisti
3488 3322 3593 3376 mi-

1981 3390 2168 3431 narum
2203 3380 2599 3442 vehementiam
2624 3389 2648 3442 ?
2678 3392 2991 3455 Considera
3017 3400 3181 3458 etiam
3206 3412 3481 3476 quomodo
3508 3415 3594 3470 in-

1982 3468 2344 3527 terminationi
2372 3485 2425 3531 et
2452 3478 2805 3549 indignationi
2830 3468 3255 3553 miscricordiam
3279 3500 3587 3569 admiscuit.

1979 3558 2126 3615 Talis
2155 3566 2299 3617 enim
2342 3576 2423 3622 est
2456 3570 2717 3630 Dominus
2761 3588 2947 3635 noster
2976 3598 2991 3638 :
3018 3587 3260 3643 minatur
3285 3605 3452 3661 Saepe,
3485 3614 3590 3654 non

1978 3660 2037 3703 ut
2058 3668 2221 3721 opere
2236 3658 2505 3726 compleat
2536 3665 2728 3732 minas,
2757 3670 2852 3723 sed
2874 3680 2930 3725 ut
2954 3678 3215 3733 correctis
3242 3658 3400 3740 nobis
3417 3658 3590 3745 rutilas

1970 3758 2082 3798 non
2111 3746 2177 3799 ad
2205 3762 2339 3817 Opus
2365 3753 2643 3820 perducat.
2688 3760 2901 3831 Alioqui
2935 3766 2980 3819 si
3020 3770 3220 3836 punire
3249 3776 3444 3845 vellet,
3488 3798 3584 3837 cur

1978 3837 2334 3903 prtedicerel?
2378 3841 2484 3898 Sed
2515 3848 2638 3913 ninia
2666 3866 2773 3906 non
2802 3855 2950 3923 vult,
2986 3873 3203 3932 semper
3228 3837 3511 3929 cunctaiur
3534 3888 3588 3930 et

1979 3942 2186 3983 moram
2218 3935 2401 3998 nectit,
2428 3947 2482 3989 et
2502 3938 2705 4006 diﬁ'ert,
2736 3952 2790 3998 et
2819 3949 3082 4015 praedicit,
3112 3959 3454 4016 occasionem
3484 3969 3589 4023 rcis

1975 4031 2258 4086 prtcstans,
2290 4034 2347 4079 ut
2378 4025 2629 4096 fugiendo
2660 4035 2918 4093 malitiam
2945 4050 2999 4096 et
3025 4049 3284 4102 sectanda
3313 4054 3588 4125 virtutem,

1976 4128 2167 4180 ptenas
2197 4133 2301 4171 non
2330 4126 2697 4188 experiantur.
2742 4128 2926 4201 Itaque
2956 4148 3241 4208 postquam
3266 4144 3590 4206 intermina-

1978 4213 2061 4258 tus
2114 4218 2197 4262 est
2235 4209 2359 4264 illos
2403 4226 2462 4267 se
2501 4219 2934 4278 exterminationi
2978 4233 3214 4295 generali
3256 4237 3585 4301 traditurum

1972 4295 2101 4364 (hoc
2129 4300 2271 4355 enim
2298 4312 2401 4370 est,
2422 4303 2543 4359 Non
2572 4314 2885 4377 permanebit
2915 4316 3146 4387 Spiritus
3177 4340 3315 4381 meus
3336 4330 3387 4383 in
3417 4333 3585 4388 liomi.

1972 4388 2118 4444 nibus
2155 4391 2264 4446 istis
2284 4436 2299 4459 ,
2342 4412 2401 4449 eo
2430 4399 2569 4465 quod
2609 4400 2711 4470 ipsi
2747 4404 2850 4458 sint
2878 4423 3061 4465 carnes
3092 4429 3112 4467 :
3152 4428 3218 4469 ac
3247 4418 3294 4472 si
3338 4420 3583 4493 diccnet,

1971 4479 2086 4534 Non
2112 4482 2286 4537 sinam
2318 4488 2437 4543 illos
2469 4491 2693 4557 posthac
2719 4496 2949 4570 vivere),
2981 4517 3087 4557 non
3118 4520 3405 4573 contentus
3428 4519 3581 4586 quin-

1969 4585 2251 4643 gentorum
2279 4595 2548 4638 annorum
2574 4588 2866 4657 patientia,
2900 4608 3005 4663 qua
3037 4612 3132 4666 per
3168 4618 3385 4661 omnem
3416 4585 3578 4672 vitam

1969 4664 2103 4733 Nec,
2154 4670 2339 4726 audito
2379 4672 2521 4731 illius
2550 4680 2773 4736 nomine
2800 4664 3153 4759 docebantur,
3204 4709 3349 4751 nunc
3383 4699 3576 4757 iterum

1972 4759 2289 4825 protrahens
2309 4770 2365 4817 et
2388 4763 2645 4823 dilferens
2666 4769 3111 4847 indignationem,
3141 4782 3283 4839 aliud
3304 4787 3415 4843 illis
3444 4804 3578 4847 tem-

1970 4862 2068 4914 pus
2096 4852 2399 4918 praescribit
2424 4864 2477 4909 et
2502 4858 2632 4912 dicit
2660 4876 2672 4912 :
2706 4860 3087 4930 Interminatus
3116 4886 3259 4941 sum,
3292 4888 3346 4933 et
3372 4880 3481 4937 dixi
3521 4893 3576 4939 et

1970 4940 2141 5008 palam
2174 4941 2273 5000 feci
2297 4962 2471 5001 meam
2502 4950 2945 5025 indignationem,
2976 4978 3138 5034 quam
3174 4970 3574 5039 obmultitudi-

1970 5049 2091 5088 nem
2138 5049 2484 5105 peccatorum
2513 5084 2529 5111 ,
2579 5061 2701 5116 qua:
2742 5056 2948 5122 operati
2980 5060 3113 5115 estis
3136 5102 3151 5127 ,
3208 5066 3360 5121 vobis
3392 5070 3574 5128 inferri

1961 5126 2169 5193 justum
2215 5139 2299 5185 est
2346 5149 2362 5185 :
2415 5135 2510 5189 sed
2538 5139 2661 5207 quia
2710 5144 2873 5201 etiam
2922 5163 3016 5204 eos
3064 5155 3154 5222 qui
3206 5126 3575 5220 incurabiliter

1965 5231 2345 5289 peccaverunt,
2383 5226 2611 5283 salutem
2643 5236 2900 5305 consequi
2930 5241 3073 5308 volo,
3106 5246 3419 5319 nullumque
3452 5268 3575 5323 per-

1966 5310 2063 5369 irc.
2096 5313 2297 5370 idcirco
2325 5319 2472 5374 vobis
2507 5322 2755 5395 indulgeo
2780 5339 2834 5383 et
2879 5341 3089 5404 tempus
3131 5354 3347 5397 centum
3384 5347 3571 5417 viginti

1963 5419 2235 5461 annorum.
2257 5408 2330 5478 (α)
2360 5428 2373 5465 :
2408 5421 2484 5477 ut,
2517 5415 2559 5468 si
2594 5418 2869 5475 volueritis
2894 5466 2908 5489 ,
2944 5437 2998 5479 ct
3033 5444 3248 5495 peccata
3288 5408 3573 5496 abluevritis

2022 5602 2093 5686 ςςζ)
2122 5600 2275 5686 9999⁸
2296 5604 2377 5686 hic
2404 5610 2669 5686 {subiungit
2700 5617 3095 5681 chrysostomus.
3130 5626 3241 5678 illos
3273 5640 3473 5683 centum
3498 5640 3571 5686 vi.

1957 5664 2080 5772 li'inti
2123 5677 2277 5714 annos
2316 5668 2364 5717 in
2400 5664 3568 5762 Genesi“memiiicii'iiii.fm'é'TmiiEiiE"'ql.'.§

1958 5742 1973 5773 ι
1994 5724 2193 5773 iluvlum
2217 5736 2478 5773 venturum
2505 5744 2609 5773 om!
2658 5738 2876 5773 nunc"...
2897 5750 3104 5773 smn...“
3132 5754 3259 5773 κη-..
3534 5765 3562 5773 ._

1958 5724 2193 5814 tliluVIum
2217 5736 2478 5814 venturum
2505 5724 2633 5814 erati,

1959 5800 1987 5837 α
2012 5795 2239 5855 tempore
2261 5803 2363 5857 quo
2384 5800 2514 5846 Deus
2549 5795 3105 5874 diluvium'pncilixit;
3122 5795 3561 5883 43}qu
