4068 6394
453 352 552 413 191

455 459 824 536 resipiscendo
845 468 1007 530 atque
1039 456 1091 510 in
1129 453 1348 511 meliora
1379 464 1477 507 vos
1503 446 1892 514 convertcndo,
1925 458 2042 500 nec.

458 573 564 613 non
591 553 776 610 virtuti
805 549 1118 609 studueritis
1135 587 1149 613 ,
1181 559 1462 616 pmnarum
1488 542 1720 614 pericula
1749 537 2011 610 ell'ugiatis
2035 556 2049 590 :

461 645 629 703 Erunt
654 646 842 711 enim»,
888 640 1085 711 inquit,
1127 631 1435 691 dies'eorum
1464 634 1588 688 anni
1629 641 1828 688 rentum
1855 627 2054 699 viginti.

457 742 514 797 4.
549 740 793 812 Gigantes
822 742 1012 797 autem,
1042 729 1233 800 inquit,
1256 736 1398 783 erant
1421 743 1575 798 super
1599 734 1784 783 terram
1807 721 1861 776 in
1880 719 2055 774 diebus

459 835 588 890 iuit.
621 811 696 887 ει
721 837 1045 900 posteaquam
1072 820 1286 892 ingressi
1304 828 1421 875 sunt
1452 818 1548 889 ﬁlii
1579 815 1676 870 Dei
1700 813 1769 868 ad
1794 812 1931 882 ﬁlias
1958 811 2054 865 Ito-

463 927 680 987 minum,
708 920 908 987 illeque
927 914 1023 971 sibi
1048 917 1368 986 genuerunt,
1406 909 1486 964 illi
1509 915 1656 962 erant
1677 908 1935 977 gigantes,
1968 900 2055 970 qui

462 1034 496 1071 α
518 1010 819 1071 saculbniri
846 1005 1052 1080 famosi.
1091 1003 1346 1074 Gigantes
1366 1000 1454 1055 hic
1489 1015 1519 1054 a
1557 998 1735 1055 divina
1779 993 2054 1063 Scriptura

461 1105 567 1161 dici
597 1104 789 1175 opinor
809 1099 1058 1155 robustos
1082 1107 1330 1163 corpore.
1371 1090 1450 1146 Ex
1478 1090 1603 1157 illis,
1634 1087 1844 1160 inquit,
1888 1098 2055 1156 gene-

462 1200 605 1256 ratio
649 1194 859 1251 illorum
899 1199 1058 1246 aucta
1093 1196 1196 1243 est.
1241 1183 1296 1241 Id
1323 1182 1466 1255 quod
1499 1190 1555 1239 et
1583 1181 1689 1238 alio
1733 1180 1852 1235 loco
1875 1177 2058 1232 videre

465 1289 593 1344 licet
626 1285 865 1342 dictum:
899 1279 1142 1350 Gigantes
1165 1317 1183 1344 ,
1235 1275 1442 1346 inquit,
1489 1273 1692 1327 veniunt
1732 1279 1788 1324 ut
1835 1271 2059 1342 furerent

467 1395 634 1436 meum
661 1377 861 1450 placent
889 1371 1046 1446 (lsai.
1072 1371 1160 1426 l3.
1183 1371 1263 1440 ὃ).
1287 1367 1439 1423 Hune
1467 1380 1626 1436 porro
1641 1373 1854 1420 centum
1875 1359 2059 1432 viginti

468 1483 731 1526 annorum
749 1478 1053 1528 numerum,
1083 1461 1244 1532 aliqui
1268 1455 1750 1528 putanttcrmimnn
1773 1454 1893 1509 vitae
1905 1466 2054 1508 esse:

471 1577 581 1618 non
610 1560 711 1616 hoc
735 1567 913 1613 autem
935 1551 1225 1624 signiﬁcat,
1252 1548 1347 1605 sed
1378 1562 1520 1604 nunc
1547 1545 1853 1614 patientiam
1881 1542 2063 1597 decla-

475 1667 598 1710 rare
621 1651 755 1718 vult,
787 1662 944 1720 quam
973 1653 1170 1715 etpost
1208 1643 1322 1696 ha-c
1353 1647 1568 1711 peccata
1609 1640 1662 1693 in
1692 1638 1837 1709 ipsos
1875 1646 2061 1691 osten-

477 1745 577 1802 dit.
619 1743 781 1815 Igitur
817 1751 873 1796 ut
901 1739 1168 1794 discamus
1215 1736 1334 1791 illos
1385 1743 1505 1803 post
1552 1731 1967 1804 indignationem
2009 1738 2064 1784 et

477 1836 690 1902 minas,
737 1842 792 1889 et
835 1831 970 1887 tanti
1009 1827 1265 1898 temporis
1290 1824 1722 1888 diuturnitatem,
1747 1837 1908 1892 quam
1931 1821 2064 1890 ipsis

475 1930 530 1986 in
570 1928 935 2001 pmnitentiam
963 1923 1206 1986 dederat,
1237 1936 1344 1977 non
1375 1920 1548 1975 solum
1578 1917 1712 1973 nihil
1745 1915 2059 1987 profecisse,

479 2020 576 2077 sed
624 2019 679 2075 in
726 2016 920 2074 iisdem
965 2013 1204 2071 moribus
1247 2009 1676 2082 perseveravisse
1722 2026 1737 2064 :
1786 2018 2066 2077 propterea

480 2111 630 2177 dicit,
665 2109 944 2180 Postquam
979 2103 1194 2178 ingressi
1231 2111 1348 2158 sunt
1388 2100 1488 2172 ﬁlii
1512 2098 1608 2154 Dei
1633 2099 1704 2154 ad
1726 2100 1862 2168 ﬁlias
1899 2099 2069 2153 homi-

481 2217 634 2263 uunt,
676 2199 878 2268 illeque
923 2195 1018 2250 sibi
1040 2200 1340 2266 geminum,
1369 2187 1448 2245 illi
1472 2197 1616 2244 eram
1641 2188 1889 2261 gigantes,
1919 2188 2009 2258 qui
2036 2204 2068 2240 a

481 2299 670 2349 saeculo
686 2290 779 2346 viri
795 2274 1000 2362 famosi.
1022 2285 1210 2343 Vidisti
1239 2281 1594 2353 improbitatis
1611 2278 2028 2352 magnitudinem
2043 2277 2070 2332 τ

480 2383 661 2440 vidisti
701 2381 942 2452 stupidas
981 2387 1037 2434 et
1077 2375 1285 2433 doloris
1331 2388 1494 2430 sensu
1536 2381 1783 2428 carentes
1823 2369 2070 2426 animast

484 2476 667 2547 Neque
696 2489 872 2546 pinna:
908 2472 1103 2538 timor,
1131 2482 1308 2539 neque
1333 2464 1632 2546 tolerantia
1660 2473 1869 2532 tempus
1905 2461 2076 2517 arcuit

488 2543 609 2624 illos
637 2581 669 2622 a
694 2543 846 2620 malis
865 2561 1120 2632 operibus
1149 2577 1164 2613 :
1195 2557 1291 2614 sed
1313 2543 1491 2613 semel
1509 2554 1564 2610 in
1589 2567 1832 2625 praeceps
1858 2550 2073 2622 dejecti,

486 2667 544 2715 et
587 2657 784 2712 mentis
829 2653 985 2709 oculo
1036 2649 1288 2706 θηταιιὶ
1311 2689 1330 2715 ,
1373 2662 1402 2700 a
1441 2645 1576 2701 mala
1623 2641 2072 2713 concupiscentia,

485 2748 638 2821 quasi
668 2747 735 2801 ab
759 2745 1016 2800 ebrietate
1039 2739 1270 2811 quadam
1289 2737 1549 2802 demersi,
1567 2735 1636 2790 ad
1655 2751 1716 2790 se
1738 2732 1916 2789 redire
1941 2731 2078 2786 ultra

489 2839 778 2896 noluerunt
805 2853 818 2888 :
851 2829 1303 2906 quemadmodum
1330 2837 1386 2884 et
1411 2828 1627 2897 sapiens
1665 2824 1882 2896 quidam
1907 2822 2036 2878 dicit
2062 2838 2076 2875 :

491 2931 688 3000 Impius
709 2970 723 2992 ,
770 2942 886 2981 eum
911 2926 964 2983 in
994 2921 1302 2996 profundum
1329 2917 1864 2979 cecideritmalorum,
1909 2921 2079 2967 conte-

493 3025 622 3077 mnit
653 3019 833 3091 (Prov.
869 3017 957 3072 l8.
990 3013 1068 3084 ὅ).
1095 3011 1270 3069 Grave
1307 3011 1472 3074 enim,
1508 3020 1672 3075 grave
1710 3011 1827 3068 est,
1855 3003 2078 3065 dilecte,

495 3115 616 3186 capi
661 3109 864 3182 laqueis
904 3105 1122 3162 diaboli.
1178 3103 1369 3157 Anima
1412 3097 1556 3154 enim
1599 3103 1785 3167 postea
1825 3095 1977 3164 quasi
2029 3093 2082 3146 in

495 3180 698 3262 retibus
733 3180 1120 3267 comprehensa
1153 3190 1412 3254 trahitur,
1461 3195 1516 3242 et
1557 3187 1697 3241 sicut
1742 3198 1836 3239 sus
1883 3184 1934 3236 in
1990 3180 2084 3236 luti

498 3293 776 3350 volutabro
803 3290 1125 3349 oblectatur,
1157 3283 1236 3338 sic
1259 3291 1316 3338 et
1343 3282 1442 3336 ista
1471 3293 1502 3333 a
1529 3277 1667 3333 mala
1700 3274 2088 3331 consuetudine

497 3388 709 3451 obruta,
740 3399 808 3438 ne
846 3379 1010 3437 sentit
1033 3375 1249 3448 quidem
1277 3380 1618 3445 peccatorum
1648 3366 1918 3424 fauorem.
1964 3364 2089 3420 Ideo

497 3494 635 3550 opus
671 3485 757 3531 est
782 3483 839 3528 ut
864 3470 1029 3528 sobrii
1056 3477 1112 3524 et
1137 3466 1325 3538 vigiles
1352 3463 1550 3528 simus,
1593 3474 1662 3515 ne
1697 3457 1764 3511 ah
1797 3457 1948 3511 initio
1976 3455 2090 3510 dia—

501 3570 625 3628 bolo
667 3571 964 3639 ingressum
1009 3559 1401 3621 concedamus,
1441 3563 1498 3609 ut
1538 3569 1606 3607 ne
1633 3550 1979 3607 obtenebrata
2004 3563 2092 3603 ra-

504 3667 649 3721 tione
686 3672 901 3724 nostra,
940 3667 994 3712 et
1032 3661 1298 3711 excmcata
1334 3648 1528 3715 mentis
1557 3645 1914 3716 perspicacia,
1939 3641 2090 3712 quasi

509 3758 744 3827 privatos
775 3754 932 3822 hujus
958 3749 1088 3804 solis
1117 3745 1318 3800 lumine
1347 3740 1554 3804 reddat,
1588 3753 1689 3793 nec
1727 3737 2002 3791 valeamus
2038 3733 2091 3788 in

507 3825 688 3904 radios
711 3846 839 3900 solis
862 3840 1081 3911 jnstitia:
1109 3835 1371 3897 ecutueri,
1397 3842 1452 3887 et
1479 3832 1550 3884 ita
1576 3831 1627 3882 iu
1658 3842 1908 3911 princeps
1951 3825 2094 3881 iera-

510 3955 631 3996 tnur
663 3954 676 3990 :
708 3936 757 3990 id
788 3906 927 4003 quod
959 3939 1013 3983 et
1035 3928 1137 3982 illis
1164 3937 1289 3980 tunc
1316 3921 1535 3978 accidit.
1565 3906 1700 3973 Audi
1727 3919 1874 3973 enim
1903 3918 2093 3970 iterum

512 4027 767 4084 bonitatis
791 4023 881 4078 Dei
909 4017 1268 4074 tolerantiam.
1301 4014 1355 4068 5.
1405 4010 1470 4064 Ut
1509 4009 1633 4064 vidit
1673 4016 1859 4070 autent,
1906 4004 2097 4075 inquit,

514 4120 767 4177 Dominus
801 4115 957 4179 Deus,
988 4109 1124 4182 quod
1169 4104 1520 4174 multiplicata:
1559 4110 1678 4156 sunt
1708 4099 1915 4153 malitia:
1941 4097 2102 4149 homi-

519 4227 642 4267 itum
671 4223 820 4278 super
843 4214 1050 4258 terram.
1077 4196 1213 4265 Quid
1240 4195 1340 4251 sibi
1369 4193 1481 4248 vult
1510 4192 1612 4245 hoc
1636 4191 1860 4256 dictum,
1885 4186 1952 4241 Ut
1979 4186 2102 4240 vidit

514 4302 724 4361 autem?
772 4300 905 4356 Num
950 4291 1230 4366 ignorabat
1271 4285 1564 4343 Dominus?
1606 4284 1761 4338 Absit
1804 4298 1817 4335 :
1870 4278 1963 4335 sed
2005 4292 2103 4348 pro

519 4406 703 4454 nostra
735 4389 1044 4446 infirmitate
1070 4382 1248 4438 omnia
1272 4387 1452 4434 narrat
1480 4375 1657 4431 divina
1687 4372 1961 4441 Scriptura
1987 4385 2000 4422 :
2049 4376 2105 4423 ut

523 4867 709 4924 opere,
734 4847 884 4919 quasi
913 4859 943 4899 o
964 4843 1110 4898 fonte
1138 4838 1366 4910 quodam
1394 4876 1409 4899 ,
1441 4831 1604 4887 multa
1651 4829 1812 4883 etiam
1842 4827 1946 4881 alia
1977 4823 2109 4880 sub-

525 4917 833 5004 oi'iehantur
849 4945 1064 5011 peccata
1092 4951 1105 4986 :
1127 4931 1246 4987 ideo
1266 4928 1417 4991 dicit,
1443 4923 1657 4978 Malitia:
1674 4921 1953 4975 hominum.
1977 4917 2109 4971 Nam

529 5044 616 5098 ubi
667 5010 921 5095 scortatio
943 5073 960 5100 ,
1010 5038 1066 5086 et
1095 5026 1298 5082 luxuria
1329 5064 1344 5088 ,
1399 5030 1453 5076 et
1495 5027 1640 5074 tanta
1673 5010 2110 5084 intemperantia,

527 5125 818 5186 verisimile
846 5132 928 5179 est
957 5121 1030 5177 ibi
1061 5126 1117 5174 et
1153 5116 1490 5176 ebrietatem,
1519 5119 1572 5164 et
1598 5107 1964 5177 crapulam.et
1997 5116 2112 5156 ma-

529 5236 688 5293 gnam
741 5215 1075 5287 injustitiam,
1119 5217 1175 5265 et
1227 5205 1502 5262 avaritiam
1529 5243 1544 5266 ,
1599 5201 1985 5266 innumeraque
2013 5193 2114 5247 alia

533 5286 680 5370 nasci
730 5286 888 5364 mala.
924 5305 989 5361 Ut
1019 5303 1140 5357 vidit
1181 5309 1351 5354 autem
1375 5339 1389 5360 ,
1421 5296 1633 5365 inquit,
1681 5291 1929 5346 Dominus
1977 5286 2115 5340 Deus

531 5404 665 5470 quod
691 5399 1038 5467 multiplicat-'1'
1063 5401 1178 5447 sunt
1212 5389 1419 5443 malitia:
1447 5386 1703 5440 hominum
1726 5397 1877 5457 super
1909 5388 2114 5440 terram,

535 5579 803 5631 diluvium:
833 5573 979 5632 illud,
1018 5572 1240 5632 inquam,
1281 5575 1444 5632 contra
1482 5569 1786 5632 communem
1825 5553 2120 5632 sententiam

538 5617 767 5692 ἆῗῖξῖιῖ
787 5617 979 5699 iniiinii
997 5617 1292 5699 his'indieari
1325 5626 1530 5699 spatium
1569 5622 1681 5699 vitae
1712 5617 1922 5699 heminis
1943 5622 2120 5699 postea

536 5676 1074 5753 Etiﬁiiéiiiuiii'étia
1094 5676 1296 5753 centum
1321 5676 1485 5753 viginti
1511 5694 1662 5753 annos
1684 5676 2040 5753 redigendum;
2063 5677 2116 5722 et

536 5741 1066 5822 δι”-ἆιῆἷῶὄᾶὀὼέίὲί
1088 5741 1328 5818 quadrent
1347 5741 1450 5811 ,‘sic
1471 5741 1847 5806 intelligendum
1869 5745 1962 5788 est.

1197 340 1252 398 S.
1291 334 1574 397 JOANNIS
1611 326 2088 392 CHRYSOSTOHI
2127 319 2440 384 ARCIIIEP.
2487 325 3028 391 CONSTANTINOP.

3637 330 3748 392 ιω

2163 447 2366 517 etquod
2391 445 2732 518 unusquisque
2753 449 2941 518 rogitat
2982 448 3033 502 iu
3069 447 3220 502 corde
3261 465 3354 504 suo
3397 448 3660 524 diligenter
3686 458 3758 512 ait

2163 536 2299 591 uiola
2335 537 2566 593 omnibus
2584 539 2774 594 diebus.

2234 628 2289 684 5.
2327 627 2463 687 ,γωδ
2504 629 2776 700 quomodo
2820 631 3026 703 singula
3070 648 3192 705 qua
3221 633 3473 693 dicuntur
3506 649 3756 709 peccato.

2162 734 2280 772 rum
2326 718 2614 774 ostendunt
2653 721 3095 791 magnitudinem.
3147 724 3281 794 Quia
3305 726 3450 782 enim
3477 728 3530 784 in
3556 744 3761 799 genere

2163 807 2316 873 dixit,
2339 808 2695 881 Hultipticatc
2711 820 2829 867 sunt
2857 814 3067 869 malitia
3083 814 3344 872 Itsnts'num
3370 833 3527 888 super
3547 830 3759 889 terram,

2165 902 2421 970 subdidit,
2442 903 2512 959 Et
2538 907 2900 976 unusquisque.
2912 905 3098 978 Magna
3124 907 3285 979 hujus
3309 911 3460 967 verbi
3486 914 3763 982 emphasis

2163 1007 2215 1050 et
2246 995 2324 1050 vis
2351 1005 2455 1052 est.
2497 997 2614 1055 Non
2663 999 2850 1071 inquit,
2899 999 3214 1057 adolescens
3239 1003 3436 1069 solum,
3467 1006 3563 1060 sed
3589 1013 3648 1061 et
3677 1019 3761 1060 se-

2165 1102 2266 1143 nex
2318 1087 2507 1145 eadem
2549 1091 2659 1162 agit
2703 1107 2824 1163 qua
2870 1091 3183 1150 adolestums
3209 1112 3224 1149 :
3255 1111 3432 1166 neque
3458 1099 3540 1152 vir
3559 1097 3760 1155 solum.

2165 1183 2258 1237 sed
2283 1191 2337 1238 et
2357 1183 2589 1240 mulier:
2616 1200 2792 1256 neque
2817 1201 3006 1242 servus
3031 1187 3224 1253 solum,
3252 1188 3346 1243 sed
3371 1197 3426 1244 et
3445 1189 3621 1245 liber:
3653 1207 3762 1244 non

2165 1274 2318 1332 dives
2345 1277 2544 1343 solum,
2571 1277 2667 1332 sed
2692 1287 2748 1332 et
2767 1292 2990 1348 pauper.
3018 1279 3085 1334 Et
3109 1279 3350 1342 verbum.
3379 1278 3600 1353 Cogitat,
3626 1282 3766 1337 mul-

2168 1376 2279 1420 tum
2321 1366 2480 1422 habet
2533 1369 2810 1424 momenti.
2858 1368 2975 1424 Non
3021 1370 3162 1424 enim
3191 1385 3257 1426 ex
3286 1371 3635 1444 subreptioue
3661 1374 3764 1428 hoc

2167 1457 2272 1513 illis
2317 1458 2533 1524 accidit,
2582 1460 2677 1514 sed
2722 1459 2776 1514 in
2820 1459 2984 1514 corde
3008 1460 3263 1530 cogitant,
3293 1469 3348 1516 et
3388 1462 3504 1518 hinc
3527 1477 3624 1533 per
3649 1463 3765 1518 sin-

2167 1549 2316 1618 gulas
2344 1547 2507 1604 horas
2550 1549 2788 1615 volvunt,
2833 1551 2884 1604 in
2915 1550 2998 1604 his
3030 1551 3263 1606 studium
3288 1565 3443 1606 suum
3467 1552 3761 1618 collocant.

2169 1652 2223 1698 et
2266 1656 2439 1713 neque
2486 1641 2703 1698 fortuito
2727 1643 2893 1698 semel
2924 1653 2978 1697 et
3005 1645 3195 1698 iterum
3226 1641 3550 1716 supplantati
3579 1661 3608 1700 a
3639 1662 3763 1718 pec-

2167 1744 2310 1805 cato,
2357 1750 2387 1791 a
2431 1735 2633 1792 malitia
2674 1734 2776 1792 sibi
2819 1743 3135 1805 temperant,
3181 1737 3274 1792 sed
3329 1736 3614 1809 diligenter
3641 1754 3762 1794 eam

2169 1837 2444 1895 exercent,
2469 1837 2524 1883 et
2548 1826 2686 1883 mala
2713 1835 3040 1896 operantur:
3071 1826 3173 1881 hoc
3199 1836 3302 1892 est,
3330 1843 3524 1898 magno
3560 1829 3766 1896 studio,

2173 1920 2302 1977 nihil
2332 1921 2527 1988 obiter,
2573 1918 2708 1974 nihil
2753 1917 3083 1988 negligenter
3105 1917 3172 1972 ab
3197 1918 3277 1973 eis
3305 1919 3383 1984 lit,
3416 1933 3590 1986 neque
3615 1918 3768 1974 brevi

2176 2021 2436 2082 tempore,
2463 2010 2557 2065 sed
2581 2007 2830 2064 omnibus
2857 2008 3066 2073 diebus,
3099 2022 3312 2062 omnem
3340 2022 3491 2061 suam
3518 2008 3677 2060 vitam
3709 2007 3767 2062 in

2174 2102 2277 2158 hoc
2300 2101 2633 2174 impendunt.
2665 2099 2854 2156 Vidisti
2880 2098 3095 2154 malitiae
3117 2098 3500 2154 immanitatem
3515 2098 3542 2153 i
3586 2098 3768 2153 vidisti

2173 2192 2444 2263 quomodo
2466 2191 2643 2248 dedita
2673 2204 2837 2262 opera
2860 2204 2973 2244 rem
3003 2189 3247 2254 tecet-int,
3277 2189 3562 2259 diligenter
3586 2191 3767 2243 omnia

2175 2286 2314 2342 mala
2357 2293 2674 2356 operantes;
2709 2291 2765 2337 et
2808 2281 2986 2337 omnis
3009 2289 3142 2336 etas
3166 2279 3234 2335 ad
3272 2279 3536 2350 agendum
3568 2280 3768 2334 malum

2129 2412 2139 2422 ς
2175 2395 2272 2436 sua
2292 2387 2485 2450 sponte
2498 2374 2823 2434 accesserit?
2846 2373 3212 2444 Unusquisque,
3237 2372 3426 2442 inquit,
3449 2386 3624 2441 neque
3637 2380 3773 2427 atas

2178 2473 2484 2536 immatura,
2510 2481 2566 2526 et
2587 2467 2824 2538 alioquin
2847 2465 3122 2534 inexperta
3149 2464 3409 2518 malorum
3432 2475 3598 2518 vacua
3615 2469 3769 2534 erat:

2181 2564 2276 2621 sed
2299 2563 2478 2620 statim
2505 2559 2648 2618 etab
2686 2556 3026 2616 incunabulis
3050 2568 3241 2610 omnes
3271 2552 3470 2608 malum
3499 2546 3611 2607 hoc
3631 2565 3774 2622 pra:-

2183 2655 2313 2710 lium
2339 2652 2638 2718 certabant,
2678 2649 3065 2705 contendentes
3095 2653 3153 2699 ut
3181 2643 3339 2700 malis
3361 2642 3612 2713 operibus
3634 2639 3776 2696 alter

2182 2747 2409 2800 alterunt
2448 2748 2742 2811 superaret.
2788 2737 2902 2802 llic,
2958 2750 3076 2801 oro,
3103 2733 3286 2789 animo
3308 2729 3551 2802 expende
3581 2729 3776 2784 miratu

2186 2837 2344 2904 hujus
2364 2833 2494 2904 justi
2521 2830 2860 2901 sapientiam,
2889 2827 2979 2897 qui
3003 2826 3057 2880 in
3087 2833 3234 2878 tanta
3263 2821 3522 2876 malorum
3561 2819 3777 2888 conspi-

2185 2929 2394 2983 ratione
2423 2922 2679 2977 malitiam
2709 2919 2946 2988 eﬂugere
2976 2915 3162 2981 valuit,
3191 2922 3247 2977 et
3272 2912 3401 2967 nihil
3449 2910 3573 2965 inde
3595 2909 3780 2965 damni

2186 3017 2398 3073 sensit:
2421 3015 2515 3070 sed
2540 3013 2694 3084 quasi
2721 3026 2788 3065 ex
2819 3008 2920 3063 alia
2945 3016 3134 3062 natura
3162 3005 3504 3068 constitutus.
3546 3002 3626 3058 sic
3653 2999 3783 3057 forti

2187 3109 2368 3163 animo
2408 3105 2682 3176 praeditus,
2732 3111 2801 3156 et‘
2827 3114 2924 3170 per
2963 3099 3200 3167 seipsum
3246 3095 3456 3152 virtutis
3481 3091 3783 3164 operationi

2189 3199 2421 3263 deditus,
2445 3206 2500 3251 et
2523 3195 2720 3249 malam
2746 3206 2933 3248 eorum
2960 3186 3410 3257 conspirationem
3441 3183 3644 3253 eil‘ugit,
3675 3192 3728 3237 et
3749 3197 3783 3238 a

2191 3288 2460 3346 communi
2485 3284 2722 3340 omnium
2755 3281 3050 3352 perditione
3071 3286 3157 3334 est
3181 3285 3478 3346 exemptus.
3517 3275 3572 3330 6.
3605 3271 3672 3326 Et
3697 3287 3787 3327 se-

2194 3400 2311 3437 cum
2335 3381 2606 3450 reputavit,
2637 3378 2831 3448 inquit.
2867 3365 3112 3429 Dominus
3141 3369 3280 3426 Deus
3301 3369 3436 3441 quod
3464 3367 3662 3439 fecisset
3690 3365 3788 3420 Ito-

2195 3475 2380 3528 minem
2429 3487 2581 3541 super
2625 3481 2832 3524 tetram.
2885 3465 3013 3521 Vide
3051 3466 3242 3518 iterum
3270 3463 3490 3517 verbum
3518 3471 3786 3525 crassum,

2194 3574 2248 3619 et
2277 3572 2474 3620 nostra:
2502 3561 2748 3632 parvitati
2772 3559 3043 3614 idoneum.
3073 3555 3259 3610 Secum
3294 3553 3563 3623 reputavit,
3595 3549 3790 3620 inquit,

2198 3655 2605 3729 pro,pmuituit:
2635 3668 2741 3707 non
2763 3648 2906 3720 quod
2936 3646 3245 3718 pmnltuerit
3280 3645 3463 3707 Deum,
3491 3640 3664 3705 absit;
3693 3640 3794 3696 sed

2197 3747 2490 3804 secundum
2536 3745 2822 3799 humanam
2872 3735 3316 3795 consuetudinem
3361 3733 3596 3802 loquitur
3637 3730 3796 3786 nobis

2198 3839 2376 3895 divina
2424 3835 2720 3906 Scriptura,
2772 3840 2833 3887 ut
2885 3844 2984 3886 nos
3034 3827 3228 3883 doceat
3274 3824 3515 3879 enormia
3579 3821 3794 3876 illorum

2201 3941 2415 4004 peccata
2431 3931 2750 3986 clementem
2776 3925 2942 3980 Deum
2967 3921 3018 3976 in
3041 3917 3458 3989 indignationem
3475 3913 3798 3969 concitasse.

2202 4023 2270 4078 Et
2300 4038 2466 4078 secum
2490 4019 2763 4090 reputavit,
2791 4015 2983 4086 inquit,
3037 4011 3282 4065 Dominus
3311 4007 3451 4062 Deus
3478 4007 3611 4077 quod
3638 4004 3799 4074 fecis-

2205 4127 2276 4171 set
2321 4117 2574 4170 hominem
2617 4127 2770 4182 super
2815 4118 3018 4163 terram.
3069 4103 3206 4159 Num
3256 4101 3400 4158 enim
3432 4105 3651 4170 prepter
3695 4095 3802 4152 hoc

2208 4215 2380 4284 ipsum
2406 4205 2652 4280 produxi,
2684 4204 2873 4274 inquit,
2900 4210 2958 4255 ut
2976 4201 3027 4253 in
3045 4205 3245 4252 tantum
3279 4193 3568 4264 perniciem
3597 4193 3802 4259 lapsus.

2208 4281 2415 4372 sibiipsi
2465 4295 2778 4370 perditionis
2825 4294 2978 4346 licret
3013 4288 3240 4342 auctor?
3267 4285 3402 4340 Num
3429 4283 3527 4337 hac
3546 4281 3614 4336 de
3639 4295 3806 4335 causa

2210 4413 2239 4450 a
2287 4392 2546 4466 principio
2588 4397 2736 4443 tanto
2787 4383 2991 4439 honore
3031 4393 3153 4436 eum
3204 4373 3473 4446 insignivi,
3505 4381 3562 4429 et
3602 4381 3804 4426 tantam

2211 4495 2328 4564 ejus
2371 4500 2552 4544 curam
2600 4494 2688 4535 me
2737 4478 2935 4533 habere
2963 4471 3254 4537 declaravi,
3285 4477 3344 4523 ut
3363 4466 3548 4522 virtuti
3583 4478 3804 4530 vacans,

2215 4555 2417 4642 alienus
2440 4596 2468 4634 a
2496 4574 2790 4649 perditione
2816 4570 2998 4624 ﬁeret?
3030 4564 3294 4632 Quoniam
3321 4571 3498 4616 autem
3524 4555 3808 4611 clementia

2103 4656 2110 4684 P
2218 4693 2334 4733 mea
2385 4647 2580 4730 abusus
2628 4676 2732 4731 est,
2789 4664 2956 4718 satius
3014 4657 3236 4728 posthac
3281 4652 3444 4708 inierit
3495 4648 3664 4703 malos
3691 4647 3810 4714 ejus

2215 4779 2434 4826 conatus
2484 4761 2762 4833 impedire.
2815 4755 2880 4810 Et
2923 4750 3176 4822 cogitavit,
3219 4748 3268 4800 7.
3291 4745 3523 4814 Dixitque
3563 4738 3816 4793 Dominus

2219 4865 2376 4927 Deus,
2405 4859 2575 4931 inquit
2598 4875 2611 4911 :
2637 4853 2826 4908 Delebo
2853 4847 3108 4903 hominem
3135 4857 3283 4912 quem
3309 4838 3408 4908 [cci
3427 4852 3458 4888 a
3488 4835 3618 4904 {acie
3639 4843 3812 4895 terra',

2217 4961 2279 5012 ub
2310 4922 2507 5009 homine
2533 4962 2690 5019 usque
2717 4944 2785 4998 ad
2814 4957 2984 5012 pecus,
3017 4947 3062 4990 et
3090 4953 3121 4986 a
3143 4929 3407 5000 reptilibus
3440 4940 3597 4996 usque
3622 4922 3691 4975 ad
3720 4935 3810 4975 uo-

2218 5050 2380 5105 lutilia
2427 5044 2535 5099 creti
2557 5057 2574 5094 :
2600 5016 2720 5109 quia
2768 5048 2963 5088 mecum
3016 5024 3245 5097 reputavi
3292 5019 3427 5092 quod
3472 5016 3674 5085 fecerint
3701 5027 3812 5109 eos.
3889 5017 3898 5022 ”

2220 5103 2350 5214 Quae
2376 5140 2481 5195 mei
2504 5103 2668 5192 cilicii
2695 5136 2872 5193 erant,
2900 5123 3092 5193 inquit,
3133 5116 3313 5173 omnia
3341 5110 3585 5194 exhibui.
3622 5108 3706 5166 Ex
3730 5103 3816 5161 ni-

2223 5200 2350 5299 liilo,
2379 5243 2436 5288 ut
2461 5237 2623 5292 esset,
2657 5225 2805 5279 illum
2834 5215 3084 5288 produxi,
3131 5220 3334 5266 natura:
3364 5205 3504 5260 illius
3530 5200 3817 5259 scientiam

2223 5294 2583 5384 faciendorum
2613 5326 2666 5372 et
2696 5329 2801 5368 non
2831 5306 3190 5364 faciendorum
3237 5296 3424 5361 indidi,
3475 5294 3700 5348 liberum
3734 5304 3822 5342 ar-

2224 5418 2439 5473 bitrium
2464 5409 2678 5473 donavi,
2713 5400 2962 5458 ineffabili
2997 5393 3276 5451 tolerantia
3301 5401 3429 5442 usus
3450 5397 3589 5445 sum,
3609 5391 3664 5436 et
3698 5392 3819 5451 post

2226 5513 2440 5577 longum
2473 5500 2602 5555 illud
2629 5508 2857 5564 tempus,
2885 5501 2939 5548 et
2961 5497 3078 5560 post
3109 5481 3524 5554 indignationem
3546 5483 3603 5529 et
3642 5473 3826 5526 minas

2226 5562 2359 5674 quas
2399 5595 2529 5658 dixi,
2558 5602 2612 5649 et
2656 5562 2799 5644 aliud
2845 5576 3100 5657 prmlinivi
3149 5586 3380 5644 tempus,
3407 5568 3596 5624 volens
3643 5572 3698 5618 ut
3733 5562 3826 5616 illo

2229 5657 2323 5753 sua
2340 5698 2556 5766 peccata
2578 5684 2860 5747 sentiente,
2885 5672 3179 5746 indignatio
3199 5683 3316 5725 mea
3347 5666 3709 5722 revocaretur:
3729 5657 3824 5711 sed
