4068 6388
240 401 350 458 I93

237 521 365 588 quia
395 518 555 572 etiam
577 516 654 570 sic
678 512 810 569 nihil
840 510 1134 576 lucrifacio,
1165 524 1264 564 nec
1291 506 1532 578 proﬁcio,
1575 505 1718 574 cogit
1744 516 1839 556 ne-

238 611 468 662 cessitas
497 617 554 659 ut
580 605 753 659 minas
782 617 944 672 opere
967 601 1288 672 compleam,
1315 609 1369 654 et
1394 598 1645 652 omnibus
1665 593 1838 649 modis

237 697 413 752 deleri
440 697 559 750 illos
581 711 791 760 curem,
822 710 884 750 ac
908 694 1048 750 sicut
1087 694 1286 748 malum
1313 689 1579 761 quoddam
1607 687 1840 742 fermen-

241 809 355 851 tum
395 791 640 845 aboleam
692 783 862 842 tutum
911 787 1121 841 illorum
1166 799 1355 855 genus,
1394 791 1453 837 ut
1483 796 1550 836 ne
1582 779 1840 850 posterio-

242 887 390 940 ribus
418 878 855 954 generatiombus
884 877 1136 947 peccandi
1163 875 1410 935 doctores
1437 872 1586 932 ﬁant.
1617 870 1685 924 E:
1712 870 1840 923 dixit

244 979 497 1033 Dominus
542 974 688 1029 Deus
713 989 732 1026 :
765 972 954 1042 Delebo
997 970 1251 1031 norninant
1294 982 1442 1038 quem
1491 965 1593 1036 feci
1645 980 1677 1015 a
1712 963 1842 1029 facie

240 1079 413 1134 terra,
460 1054 526 1119 ὡ
572 1065 775 1119 homin
817 1077 973 1134 usque
1017 1063 1086 1115 ad
1128 1074 1300 1130 pecus.
1332 1057 1450 1113 iam
1479 1055 1619 1110 forte
1644 1052 1841 1110 dixerit

237 1159 436 1230 aliquis
459 1176 474 1212 :
499 1159 680 1227 Quare
697 1170 820 1214 cum
842 1153 1004 1210 homo
1033 1154 1085 1208 iu
1114 1152 1310 1209 malum
1341 1151 1647 1219 declinavit,
1678 1151 1840 1212 etiam

236 1249 393 1309 bruta
440 1248 686 1304 eamdem
732 1260 944 1318 ptenam
975 1245 1281 1308 sustinent?
1307 1243 1497 1303 Merito
1526 1258 1675 1298 sane.
1701 1241 1840 1298 Num

239 1351 465 1411 propter
509 1355 666 1402 suum
711 1338 945 1410 ipsorum
990 1354 1145 1394 usum
1191 1336 1447 1418 producta
1500 1343 1628 1390 sunt
1655 1333 1841 1389 bruta?

240 1431 471 1501 Propter
497 1432 766 1486 hominem
783 1429 920 1485 facta
948 1440 1072 1484 sunt
1090 1429 1204 1500 (a).
1222 1427 1354 1482 Cum
1379 1425 1465 1482 hic
1491 1425 1650 1492 igitur
1673 1440 1704 1479 e
1730 1439 1844 1478 me-

236 1524 332 1579 dio
380 1523 678 1592 auferatur,
725 1521 846 1594 quis
892 1523 1105 1579 illorum
1145 1536 1276 1581 usus
1316 1519 1496 1575 esset?
1545 1519 1748 1574 Idcirco
1788 1528 1844 1572 et

239 1617 400 1671 istam
454 1630 669 1684 poenam
721 1629 1061 1672 communem
1113 1613 1310 1676 lerunt,
1361 1624 1412 1668 ut
1464 1612 1844 1682 indignationis

236 1707 557 1777 gravitatem
598 1706 904 1762 addiscatis.
939 1706 1008 1762 Et
1034 1706 1174 1762 sicut
1198 1705 1266 1761 ab
1298 1705 1452 1760 initio
1477 1720 1599 1764 cum
1640 1704 1843 1775 primus

239 1799 406 1855 homo
431 1807 728 1870 peccasset,
761 1809 902 1854 terra
932 1797 1364 1859 maledictionem
1395 1798 1602 1868 accepit
1635 1815 1648 1850 :
1681 1795 1760 1850 sic
1789 1803 1844 1849 et

237 1905 382 1946 nunc
406 1897 531 1945 cum
577 1889 876 1945 abolendus
902 1899 1047 1944 esset
1076 1889 1257 1950 homo,
1301 1889 1455 1943 bruta
1485 1901 1698 1957 quoque
1727 1886 1838 1940 cla-

234 1983 321 2041 dis
345 1985 494 2040 socia
527 1985 676 2039 tlunt.
707 1981 1167 2051 Quemadmodum
1194 1981 1336 2042 enim
1375 1995 1500 2036 cum
1527 1978 1688 2033 homo
1715 1993 1840 2048 gra-

239 2083 325 2130 tus
353 2073 414 2129 ﬁt
443 2073 578 2140 Deo,
609 2084 852 2129 creatura
901 2087 1113 2143 quoque
1151 2072 1398 2133 humanm
1425 2070 1696 2125 felicitatis
1722 2084 1844 2138 par-

241 2165 412 2234 tieeps
450 2173 554 2229 est,
607 2165 746 2218 sicut
789 2163 975 2220 beatus
1005 2163 1199 2221 Paulus
1245 2163 1416 2233 inquit
1439 2162 1625 2231 :‘Quia
1657 2174 1703 2216 et
1730 2163 1868 2230 ipsa,

238 2266 472 2313 uentura
501 2256 796 2312 liberabitur
834 2272 867 2310 a
898 2256 1134 2317 servitute
1170 2254 1507 2326 corruptionis
1548 2254 1600 2312 in
1631 2253 1840 2307 liberta-
1875 2299 1878 2306 .

240 2358 336 2402 tem
381 2347 612 2416 ﬁliorum
655 2346 836 2416 gloria:
875 2345 974 2403 Dei
1020 2346 1195 2418 (Rom.
1224 2346 1278 2403 8.
1307 2346 1439 2417 2i):
1465 2346 1544 2403 sic
1593 2355 1649 2401 et
1698 2357 1841 2426 nunc

237 2445 357 2492 cum
387 2436 553 2492 homo
575 2435 648 2491 ob
670 2435 1064 2492 multitudinem
1084 2445 1421 2506 peccatorum
1446 2435 1768 2507 puniendus,
1787 2443 1843 2490 et

241 2527 530 2582 universali
546 2528 830 2597 perditioni
843 2528 1132 2584 tradendus
1156 2537 1318 2596 esset,
1333 2529 1494 2584 etiam
1500 2528 1768 2598 jumenla,
1787 2536 1843 2583 et

241 2618 470 2686 reptilia,
488 2627 544 2673 et
563 2619 795 2678 volatilia
818 2619 933 2675 czeli
950 2621 1106 2679 simul
1125 2630 1349 2691 pereunt
1366 2619 1585 2684 diluvio,
1604 2618 1746 2691 quod
1762 2629 1844 2674 to-

241 2719 349 2762 tum
376 2710 567 2766 orbem
585 2710 896 2768 invasurum
924 2721 1063 2768 erat.
1085 2711 1153 2770 Et
1174 2717 1310 2768 sicut
1335 2711 1392 2774 in
1410 2711 1594 2779 domo,
1624 2709 1841 2783 quando

240 2800 284 2855 is
307 2801 397 2871 qui
425 2811 625 2870 praeest
654 2803 706 2864 in,
755 2802 1173 2872 indignationem
1198 2804 1400 2861 domini
1423 2804 1633 2867 incidit,
1657 2803 1841 2859 solent

239 2893 596 2949 comministri
641 2908 832 2950 omnes
875 2896 924 2949 ei
953 2895 1279 2950 condolere:
1312 2896 1381 2948 ita
1405 2905 1456 2950 et
1489 2893 1575 2950 hic
1603 2895 1755 2963 quasi
1785 2895 1838 2948 in

239 2984 400 3038 domo
443 2983 754 3042 hominibus
786 2985 1154 3054 pereuntibus,
1202 2984 1380 3040 omnia
1425 3001 1544 3054 qua:
1575 2986 1627 3040 in
1656 2987 1836 3050 domo,

239 3086 292 3131 et
345 3091 470 3146 qua
521 3076 624 3134 sub
671 3077 816 3130 illius
865 3088 1019 3136 erant
1069 3077 1330 3141 dominio,
1385 3089 1606 3138 necesse
1658 3077 1756 3132 fuit
1786 3080 1837 3132 in

239 3165 487 3223 eamdem
517 3181 729 3234 pcennm
762 3166 1015 3223 incidant.
1048 3167 1116 3221 Et
1143 3184 1339 3222 mecum
1372 3169 1620 3234 reputavi,
1646 3170 1835 3238 inquit,

240 3257 373 3323 quod
406 3257 612 3326 fecerim
655 3258 791 3312 illos.
849 3257 1026 3312 Verbo
1071 3258 1173 3311 huc
1214 3266 1471 3326 quantum
1518 3274 1576 3314 se
1641 3268 1840 3316 nostra:

241 3348 532 3403 humilitati
575 3347 933 3416 attemperat?
973 3347 1110 3402 Nunt
1156 3349 1421 3412 volebam,
1469 3349 1659 3418 inquit,
1693 3357 1838 3403 tanta

239 3439 355 3494 illos
380 3452 544 3508 pana
572 3437 768 3505 plecti?
809 3437 910 3507 Ipsi
940 3453 1026 3492 me
1050 3449 1391 3508 peccatorum
1428 3439 1758 3493 immanitate
1788 3439 1840 3492 in

239 3543 443 3587 tantam
491 3532 808 3584 invexernnt
855 3529 1296 3599 indignationem.
1349 3528 1614 3586 Czeterum
1642 3543 1710 3584 ne
1739 3545 1840 3598 pu-

240 3636 415 3680 ternos
437 3621 806 3678 omnimodam
831 3621 1173 3677 abolitionem
1205 3621 1421 3678 humani
1464 3621 1674 3692 generis
1702 3621 1836 3689 fieri,

239 3718 601 3785 radicitusque
629 3727 870 3771 naturam
898 3727 1137 3771 nostram
1169 3717 1546 3772 eradicandam
1576 3734 1589 3770 :
1631 3715 1729 3772 sed
1755 3717 1840 3770 di-

238 3823 452 3864 scamus
496 3817 754 3878 quantum
799 3809 997 3863 malum
1054 3809 1123 3864 sit
1166 3819 1465 3880 peccatum,
1501 3819 1558 3864 et
1584 3819 1840 3879 quantum

242 3901 440 3955 bonum
460 3901 631 3956 virtus
661 3918 674 3953 :
705 3909 761 3956 et
784 3900 925 3970 quod
952 3900 1140 3954 melior
1163 3902 1232 3955 sit
1259 3916 1396 3956 unus
1421 3899 1622 3957 faciens
1647 3901 1840 3958 volun-

240 4002 401 4046 tatem
450 3991 682 4056 Domini,
727 4005 886 4060 quam
929 3991 1116 4046 decem
1155 3992 1322 4046 millia
1369 3993 1838 4062 praevaricatorum

245 4081 430 4151 (Ereti.
460 4082 550 4137 I6.
572 4083 650 4150 ὃ),
679 4083 806 4136 dicit
844 4101 857 4136 :
889 4083 942 4138 8.
977 4081 1091 4137 Noe
1116 4093 1281 4137 autem
1310 4086 1495 4138 invenit
1516 4085 1732 4155 gratiam
1753 4102 1840 4139 co-

241 4191 348 4227 ram
381 4173 602 4227 Domino
631 4172 760 4230 Deo.
790 4172 1026 4228 Tametsi
1071 4175 1355 4229 multitudo
1399 4177 1604 4239 omnis,
1648 4176 1838 4246 inquit,

245 4269 293 4320 in
324 4275 528 4321 bullam
560 4267 819 4320 malitiam
849 4265 1117 4334 inciderit,
1161 4267 1335 4336 juStus
1367 4279 1545 4323 tamen
1579 4269 1666 4326 hic
1695 4273 1840 4325 scin-

245 4362 407 4417 tillam
435 4361 648 4414 virtutis
678 4361 943 4428 servavit,
981 4362 1107 4416 dum
1138 4361 1220 4417 his
1249 4364 1498 4416 munibus
1527 4365 1671 4424 omni
1700 4372 1837 4418 tem-

245 4468 370 4519 pore
402 4453 678 4522 .loquitur,
727 4461 784 4506 et
808 4451 934 4506 dum
964 4453 1280 4507 adhortatur
1310 4462 1366 4506 ut
1393 4470 1421 4506 a
1451 4453 1651 4509 malit’a
1695 4453 1842 4508 desi—

244 4553 406 4607 stant,
434 4544 596 4599 simul
623 4559 682 4600 se
707 4545 916 4600 interim
947 4545 1174 4602 liberum
1200 4547 1267 4600 ab
1297 4547 1506 4602 illorum
1540 4547 1842 4603 luuserva-

247 4637 334 4689 vit.
359 4636 582 4706 Insuper
603 4637 745 4691 sicut
766 4636 842 4692 illi
868 4637 1021 4691 malis
1043 4638 1298 4706 cperibus
1323 4639 1642 4694 clementem
1671 4639 1840 4693 Deum

245 4727 307 4782 ad
353 4728 775 4800 indignationem
822 4741 1240 4798 provocaverant
1285 4749 1298 4785 :
1351 4736 1429 4787 sic
1475 4731 1610 4801 ipse,
1645 4734 1842 4788 virtute

247 4819 472 4888 pollens,
509 4821 744 4874 Gratiam
787 4823 972 4876 invenit
1001 4827 1181 4876 coram"
1216 4823 1435 4877 Domino
1463 4823 1590 4881 Deo.
1623 4823 1744 4877 Non
1773 4835 1843 4880 ut

245 4911 384 4965 enim
417 4928 749 4979 personarum
776 4921 1010 4981 accept0r
1037 4913 1170 4967 Deus
1193 4913 1331 4984 (Act.
1367 4914 1452 4970 10.
1487 4915 1597 4985 34).
1646 4915 1840 4969 Verum

244 5009 294 5053 et
337 5001 382 5055 si
436 5001 488 5054 in
537 5012 681 5055 tanta
727 5003 1067 5058 multitudine
1098 5005 1331 5060 inveniat
1375 5005 1644 5061 hominem
1678 5024 1840 5062 unum

244 5106 359 5159 quae
403 5093 504 5146 sibi
546 5093 737 5162 placita
764 5104 888 5148 sunt
932 5095 1236 5162 facientem,
1290 5111 1393 5150 non
1445 5098 1671 5167 despicit
1700 5117 1714 5154 :
1748 5101 1842 5154 sed

247 5197 337 5236 sua
365 5183 517 5238 illum
549 5185 802 5253 dignatur
831 5200 979 5252 cura,
1021 5198 1075 5242 et
1115 5197 1263 5243 tanto
1292 5190 1548 5259 majorem
1582 5191 1724 5246 illius
1758 5210 1841 5246 ra-

247 5273 442 5328 tionem
491 5276 674 5341 habet,
721 5287 941 5346 quanto,
989 5295 1108 5333 cum
1144 5291 1220 5335 tot
1261 5282 1499 5352 tantique
1526 5285 1744 5355 suntqui
1775 5285 1837 5338 ad

245 5366 438 5419 malum
488 5383 608 5420 eum
654 5368 890 5432 trahunt,
939 5370 1051 5439 ipsc
1093 5375 1426 5428 constantius
1460 5378 1671 5430 virtutis
1703 5379 1837 5431 viam

245 5470 470 5514 seetatus
500 5471 604 5516 CSI.
934 5475 942 5479 ⁸

241 5678 371 5788 ansla)
412 5686 545 5731 Hanc
582 5683 844 5730 lectionem
882 5684 1238 5747 amplectimur.
1275 5689 1392 5738 licet
1430 5690 1478 5738 in
1516 5703 1614 5739 uno
1650 5703 1837 5744 tantum

327 5743 401 5788 im
424 5747 727 5788 oomnareat.
777 5742 832 5788 In
857 5744 965 5788 aliis
986 5747 1187 5788 (Inerant
1213 5749 1293 5788 lup
1321 5763 1464 5788 τωρ(
1509 5753 1679 5788 n-nrr'ln
1705 5769 1816 5788 mm

327 5743 401 5790 ica
424 5747 727 5806 compareat.
777 5742 832 5793 In
857 5742 1293 5818 aliis‘deer:_int_hm
1321 5763 1481 5806 voces.
1508 5753 1679 5806 n-crito
1700 5742 1834 5818 sane,

241 5813 513 5876 (Εἰκότως),
538 5821 590 5865 et
614 5829 784 5864 manca
810 5816 1062 5866 sententia
1089 5814 1372 5867 videbatur.

1147 392 1213 448 IN
1251 389 1408 446 CAP.
1448 387 1513 442 γ.
1556 382 1643 441 ΕΤ
1686 381 1774 436 VI.
1817 379 2060 436 GENES.
2109 381 2337 436 llO)!lI..
2387 383 2529 437 XXII

3450 391 3552 446 Ilii

2032 498 2084 552 6.
2126 496 2335 550 Hordiis
2381 498 2684 562 ρχΙιοι-ιιιιίο,
2739 501 3005 552 (tvlll‘ltlum
3037 503 3086 554 in
3134 505 3343 556 o'crtns‘u
3393 507 3554 561 horta-

1951 590 2101 642 tiom's
2131 590 2394 660 proﬂigat.
2425 618 2497 628 —-
2525 589 2577 642 Id
2610 590 2861 657 scientes,
2891 593 2956 644 ad
2985 591 3036 646 id
3065 610 3224 646 unum
3252 609 3563 668 spectemus

1949 679 2088 747 quod
2114 679 2209 748 ipsi
2241 681 2432 748 placet,
2459 690 2511 734 et
2537 681 2700 734 el'licit
2735 691 2785 734 ut
2811 681 2977 750 ipsius
2997 685 3220 753 gratiam
3247 686 3400 739 nobis
3420 701 3563 743 cou-

1949 771 2188 832 ciliemus
2218 790 2230 821 :
2268 787 2438 842 neque
2461 773 2734 845 hominum
2766 775 3038 841 auticitizc,
3065 792 3238 845 neque
3271 790 3587 839 consuetu--

1948 858 2055 914 dini
2086 861 2153 912 ita
2193 861 2512 926 serviamus,
2548 871 2604 916 ut
2639 864 2848 916 virtutis
2874 865 3127 920 faciamus
3147 867 3434 935 jacturam,
3459 874 3560 929 sed

1953 950 2044 1003 Dei
2101 951 2404 1017 tolerantia,
2439 965 2595 1023 prout
2639 955 2814 1020 decet,
2849 967 3100 1011 utamur:
3133 968 3186 1011 et
3223 961 3349 1014 dum
3381 960 3564 1017 adhuc

1949 1050 2157 1113 tempus
2201 1042 2480 1109 habemus,
2512 1061 2727 1101 onmem
2761 1047 3092 1118 deponentes
3122 1049 3408 1121 ignaviam,
3445 1053 3560 1110 vir-

1951 1143 2116 1188 tutem
2161 1150 2425 1200 amemus,
2479 1150 2864 1209 peccatumque
2910 1142 3034 1195 odio
3079 1143 3393 1202 habeamus.
3443 1145 3562 1204 Nisi

1948 1226 2093 1278 enim
2119 1234 2174 1282 et
2193 1226 2258 1279 ad
2289 1228 2444 1281 istam
2466 1245 2651 1285 amore
2675 1241 2729 1286 et
2749 1232 3017 1288 desiderio
3037 1236 3267 1304 quodam
3291 1240 3556 1296 innuenso

1950 1330 2049 1369 nos
2077 1317 2480 1383 contulerimus,
2532 1329 2587 1373 ct
2614 1321 2899 1390 nequitiam
2931 1324 3086 1379 valde
3112 1325 3385 1381 oderimus
3418 1345 3433 1380 :
3462 1344 3556 1385 ne-

1948 1421 2054 1476 que
2081 1406 2240 1477 hujus
2269 1409 2518 1466 damnum
2549 1412 2807 1482 etlugere,
2863 1430 3036 1484 neque
3086 1417 3229 1470 illam
3262 1420 3554 1489 amplexari

1952 1497 2262 1564 poterimus.
2295 1498 2445 1564 Quod
2475 1501 2616 1552 enim
2644 1502 2815 1555 virtus
2841 1517 2973 1571 opus
3008 1506 3200 1560 habeat
3224 1507 3289 1561 iis
3318 1509 3406 1578 qui
3434 1524 3553 1564 eam

1951 1587 2358 1653 concupiscunt.
2395 1599 2447 1645 et
2474 1591 2589 1658 cjus
2621 1593 2887 1646 desiderio
2932 1596 3306 1664 cxardbscunt,
3356 1600 3424 1654 de
3453 1599 3558 1656 hec.

1951 1676 2266 1745 prophetam
2319 1680 2442 1732 atati
2509 1682 2775 1737 dicentem
2812 1682 3065 1738 :Judicia
3122 1687 3329 1742 Domini
3395 1706 3554 1758 vera,

1939 1767 2228 1835 justiﬁcata
2269 1769 2326 1824 in
2372 1770 2630 1840 idipsum,
2683 1774 3039 1830 desiderabilia
3086 1794 3237 1847 super
3280 1797 3463 1833 aurum
3511 1793 3557 1835 et

1948 1859 2172 1928 lapidem
2212 1864 2486 1930 pretiosum
2515 1867 2727 1918 multum
2768 1866 2942 1935 (Paul.
2978 1870 3063 1923 18.
3098 1870 3186 1940 10)
3221 1889 3233 1923 :
3277 1889 3381 1926 non
3413 1875 3555 1943 quod

1949 1967 2055 2007 non
2087 1954 2257 2022 magis
2284 1954 2682 2023 desiderabilia,
2716 1961 2811 2014 sed
2842 1962 2965 2029 quia
3009 1963 3148 2033 apud
3191 1980 3290 2018 nos
3334 1983 3439 2020 non
3471 1969 3554 2022 in-

1948 2047 2234 2121 veniantur
2262 2047 2383 2113 alia,
2433 2065 2553 2119 qua:
2610 2051 2692 2104 his
2749 2053 2987 2108 materiis
3035 2056 3142 2109 sint
3191 2059 3554 2124 pretiosiora:

1953 2145 2233 2208 propterea
2282 2128 2461 2194 subdit
2495 2159 2508 2193 :
2541 2139 2608 2193 Et
2636 2142 2866 2196 dulciora
2893 2162 3046 2216 super
3072 2145 3169 2201 mel
3197 2158 3242 2202 et
3273 2154 3460 2222 favnin.
3493 2151 3560 2205 Et

1951 2230 2035 2285 hic
2062 2247 2274 2301 quoque
2303 2233 2449 2303 quia.
2471 2247 2574 2287 I:O|l
2631 2235 2833 2294 invenit
2860 2239 3003 2309 quod
3035 2253 3223 2297 natura
3255 2245 3412 2301 melle
3436 2246 3558 2300 dul-

1948 2320 2062 2374 cius
2090 2329 2270 2387 esset,
2303 2321 2398 2374 hac
2429 2315 2780 2386 similitudine
2812 2344 2938 2384 usus
2991 2340 3092 2386 est.
3149 2331 3311 2402 Igitur
3356 2336 3492 2388 sicut
3525 2337 3558 2390 ii

1947 2411 2036 2480 qui
2060 2412 2113 2486 in
2136 2411 2346 2481 ,opibus
2374 2412 2689 2486 colligendis
2715 2414 2990 2474 insaniunt
3034 2420 3303 2478 desiderio
3330 2433 3385 2479 et
3425 2439 3558 2479 eon-

1948 2499 2276 2569 cupiscentia
2306 2502 2557 2571 quadam,
2591 2505 2643 2558 in
2676 2505 2779 2560 hoc
2809 2498 3350 2582 incumbuntmagno
3385 2515 3562 2571 studio

1951 2604 2004 2645 et
2033 2600 2248 2656 conatu,
2277 2604 2329 2647 et
2361 2610 2649 2665 numquam
2676 2597 2962 2667 explentur
3008 2620 3018 2651 :
3052 2605 3271 2658 ataritia
3300 2607 3440 2659 enim
3475 2608 3559 2661 in-

1950 2681 2209 2736 satiabilis
2255 2691 2338 2737 est
2387 2684 2622 2740 ebrietas
2652 2704 2665 2738 :
2693 2696 2746 2742 et
2792 2688 2931 2744 sicut
2981 2692 3137 2757 ebrii,
3188 2705 3387 2763 quanto
3440 2697 3562 2767 plus

1949 2772 2076 2824 vino
2101 2785 2160 2826 se
2208 2772 2556 2844 ingurgitata,
2591 2786 2738 2832 tanto
2765 2779 2932 2849 magis
2959 2781 3027 2835 ad
3054 2783 3197 2839 sitim
3226 2785 3564 2846 inﬂamman-

1951 2871 2076 2918 tur:
2107 2865 2186 2919 sic
2239 2875 2295 2919 et
2349 2866 2432 2920 isti
2479 2885 2693 2940 quoque
2745 2872 3006 2927 insaniam
3059 2875 3200 2930 hanc
3249 2878 3558 2935 indomitam

1949 2971 2240 3024 numquam
2265 2958 2456 3013 sistere
2481 2969 2724 3029 poswnt,
2750 2962 2845 3016 sed
2868 2975 3073 3031 quanto
3098 2969 3265 3037 magis
3289 2985 3416 3023 suas
3431 2986 3560 3040 opus

1948 3046 2130 3113 augeri
2161 3047 2359 3112 vident,
2387 3056 2537 3111 tanto
2562 3062 2613 3102 et
2641 3052 3076 3120 concupiscentia
3103 3059 3272 3126 magis
3299 3058 3555 3131 ﬂagrant:

1947 3151 2122 3206 neque
2150 3148 2304 3192 antea
2335 3154 2362 3189 a
2393 3140 2629 3207 pessimo
2657 3145 2897 3211 appetitu
2942 3146 3044 3209 hoc
3073 3146 3359 3218 absistunt,
3391 3153 3561 3209 donec

1951 3229 2002 3278 in
2048 3226 2220 3294 ipsum
2264 3229 2481 3306 malitim
2533 3229 2852 3297 profundum
2885 3234 3285 3295 descenderint.
3315 3241 3482 3312 Igitttr
3515 3246 3562 3299 si

1948 3317 2021 3371 illi
2056 3318 2412 3386 perniciosam
2443 3319 2583 3374 hanc
2626 3324 3116 3392 concupiscentiam
3145 3332 3404 3388 inalorum
3444 3349 3564 3390 om—

1948 3409 2094 3461 nium
2145 3422 2363 3464 causam
2393 3425 2516 3464 cum
2565 3421 2708 3467 tanta
2749 3418 3099 3483 contentione
3127 3432 3316 3481 curant
3348 3440 3362 3476 :
3393 3426 3562 3483 multo

1943 3496 2138 3565 justius
2155 3507 2236 3552 est
2256 3513 2354 3560 nos
2363 3499 2562 3570 judicia
2585 3502 2818 3571 Domini,
2837 3521 2955 3578 quae
2974 3501 3334 3577 sUperaurmn
3351 3523 3478 3570 sunt
3501 3525 3556 3572 et

1947 3589 2178 3660 lapidem
2209 3593 2503 3662 pretiosum
2547 3595 2800 3664 multum,
2831 3612 3049 3668 semper
3076 3602 3127 3654 in
3171 3616 3350 3659 mente
3377 3616 3559 3662 nostra

1949 3695 2187 3748 versare,
2221 3683 2460 3753 nihilque
2500 3688 2787 3761 pretiOsius
2821 3691 3016 3748 virtute
3065 3694 3179 3764 ipsa
3208 3697 3519 3760 existimare
3543 3743 3559 3766 ,

1950 3772 2045 3827 sed
2094 3776 2410 3830 exscindere
2439 3791 2503 3837 ex
2531 3779 2713 3831 animo
2755 3791 2941 3837 nostro
2981 3783 3295 3842 affectiones
3321 3787 3440 3854 illas
3469 3807 3563 3861 pc-

1948 3867 2161 3923 stiieras
2187 3883 2398 3934 omnes,
2427 3879 2482 3924 et
2511 3870 2649 3925 seire
2680 3874 3029 3942 temporalem
3058 3876 3202 3932 illam
3233 3880 3558 3951 νοιυριειιωιι

1950 3968 2264 4029 perpetuum
2297 3976 2487 4033 parcre
2530 3964 2710 4020 solere
2755 3965 3023 4034 dolorem,
3071 3979 3125 4026 et
3173 3972 3278 4027 (ine
3326 3980 3560 4030 (‘al‘eltlizt

1951 4063 2234 4118 tormenta,
2256 4056 2660 4126 cavendumque
2681 4073 2801 4114 e~se
2823 4076 2889 4115 ne
2917 4061 3248 4132 decipiamus
3274 4082 3372 4121 nos
3393 4069 3560 4138 ipsos,

1951 4161 2124 4217 neque
2152 4157 2398 4216 putemus
2427 4149 2512 4203 hic
2544 4149 2702 4205 linem
2738 4151 3014 4208 habituras
3045 4171 3164 4210 esse
3208 4173 3293 4210 res
3326 4171 3560 4216 nostms.

1953 4235 2004 4291 Id
2036 4254 2165 4292 vero
2189 4238 2433 4293 sentiunt
2461 4240 2723 4310 plerique,
2754 4243 2876 4297 licet
2896 4246 3075 4322 verbis
3102 4261 3207 4300 non
3238 4248 3559 4316 bquantur:

1952 4344 2072 4381 nam
2123 4329 2346 4385 credere
2375 4345 2435 4385 se
2481 4331 2670 4386 dicunt
2716 4338 3190 4403 resurrectionem,
3231 4347 3287 4394 et
3328 4338 3559 4395 futuram

1951 4422 2356 4478 retributionem
2390 4440 2404 4476 :
2435 4423 2528 4478 sed
2549 4439 2649 4493 ego
2674 4439 2781 4480 non
2809 4428 3028 4482 attendo
3051 4430 3233 4496 verba,
3257 4430 3352 4486 sed
3379 4435 3558 4503 quoti-

1950 4516 2108 4571 diana
2153 4525 2322 4586 gesta.
2371 4516 2505 4573 Nam
2533 4518 2581 4572 si
2610 4521 3061 4576 resurrectionem
3091 4532 3370 4592 exspectas
3399 4533 3460 4580 et
3476 4541 3564 4579 rc-

1953 4609 2323 4674 tributionem,
2350 4624 2517 4677 quare
2563 4609 2632 4662 ita
2664 4612 2944 4677 prmscntis
2975 4613 3097 4667 vita:
3126 4614 3310 4682 gloria:
3349 4616 3560 4671 deditus

1951 4715 2012 4754 es
2036 4701 2059 4753 ?
2086 4701 2283 4767 Quare,
2336 4699 2424 4754 dic
2461 4700 2612 4764 mihi,
2646 4702 2884 4771 quotidie
2928 4704 3134 4758 crucias
3189 4716 3261 4770 te,
3308 4709 3560 4776 pecunias

1956 4792 2137 4860 plures
2167 4807 2325 4862 quam
2357 4806 2518 4846 arena
2550 4793 2618 4855 sit
2640 4792 2921 4864 colligens,
2950 4805 3003 4849 et
3029 4810 3207 4864 agros,
3250 4807 3305 4851 et
3327 4797 3519 4854 domos
3541 4842 3558 4862 .

1950 4889 2006 4936 et
2048 4883 2264 4937 balneas
2294 4897 2503 4947 emens,
2551 4891 2713 4951 atque
2761 4885 2874 4938 ha-c
2915 4901 3059 4954 saepe
3104 4903 3198 4957 per
3242 4891 3479 4959 rapinam
3506 4902 3560 4947 et

1950 4974 2227 5028 avaritiam
2273 4975 2625 5041 corradendo,
2653 4987 2708 5032 et
2739 4977 2865 5031 illud
2909 4979 3184 5048 prophele
3213 4981 3414 5038 dictum
3460 4985 3557 5040 im-
3605 4963 3612 4975 ’

1951 5068 2190 5140 piendo:
2233 5067 2319 5120 Va:
2359 5069 2445 5138 qui
2497 5073 2811 5140 conjungunt
2864 5073 3069 5127 domum
3115 5077 3184 5128 ad
3238 5079 3463 5142 domum,
3513 5088 3559 5132 ct

1952 5145 2131 5230 agrum
2162 5176 2286 5231 agro
2314 5163 2575 5228 reputant,
2623 5173 2674 5214 ut
2707 5164 2868 5216 vicino
2915 5167 3152 5234 auferant
3176 5167 3373 5238 aliquid
3403 5168 3553 5234 (Iani.

1952 5254 2004 5309 5.
2039 5254 2136 5323 8)?
2168 5256 2358 5308 Annon
2383 5253 2499 5309 haec
2523 5255 2761 5325 quotidie
2782 5258 2964 5314 videre
2982 5273 3059 5314 eat
3089 5262 3111 5314 ?
3142 5261 3209 5317 Et
3233 5263 3321 5317 ille
3341 5263 3558 5332 quidem

1951 5343 2079 5398 dicit
2110 5364 2122 5400 :
2157 5345 2315 5415 hujus
2362 5345 2555 5400 domus
2602 5347 2984 5405 obscuritatem
3037 5361 3093 5406 et
3136 5354 3375 5408 umbram
3424 5371 3556 5410 mea:

1957 5437 2092 5505 parit
2117 5454 2131 5502 ;
2161 5444 2217 5491 et
2243 5436 2480 5491 inﬁnitos
2503 5449 2789 5507 praztextus
2811 5444 3099 5513 excogitat,
3125 5453 3181 5499 ut
3203 5461 3322 5499 eam
3351 5449 3554 5518 rapiat;

1950 5527 2088 5582 alius
2123 5536 2298 5582 autem
2345 5538 2557 5596 raptum
2605 5532 2823 5600 pauperi
2876 5548 3081 5600 agrum,
3128 5551 3226 5590 suo
3255 5537 3554 5608 cenjungit.

1954 5619 2063 5673 lloc
2107 5628 2284 5673 autem
2332 5620 2502 5674 multo
2551 5623 2745 5690 majus,
2775 5634 2827 5676 et
2859 5630 3028 5696 magis
3079 5627 3416 5694 admirabile,
3458 5632 3558 5682 ini-

1952 5728 2155 5783 uosque
2183 5715 2340 5767 venia
2367 5713 2608 5782 dignum,
2641 5715 2780 5778 quod
2813 5732 2948 5770 imus
2980 5738 3079 5771 ιιιιιι
3107 5721 3404 5790 eodemque
3438 5724 3555 5777 lt2£0

1953 5809 2196 5863 habitans
2223 5818 2273 5862 ct
2316 5807 2530 5874 sedens,
2565 5824 2708 5875 sa-j-e
2756 5811 2862 5864 alio
2890 5824 3136 5883 transire,
3171 5832 3343 5882 neque
3369 5821 3414 5874 si
3451 5816 3559 5870 ieb-
