4068 6388
535 481 631 547 let,
665 480 761 533 val.
783 495 867 546 ns,
917 479 1000 534 vel
1027 477 1097 532 ob
1141 477 1312 533 varias
1337 477 1736 543 occupationes,
1769 472 1852 528 vel
1880 470 2121 539 corporis

535 569 843 626 valetudine
886 567 1164 638 alligatus;
1211 565 1407 634 ubique
1453 571 1632 618 tamen
1674 573 1728 617 et
1775 563 1827 615 in
1875 557 2122 614 omnibus

535 662 708 718 ferme
733 661 976 725 urbibus,
996 659 1322 714 monimenta
1343 656 1581 712 avaritize
1607 669 1718 708 suae
1745 651 2042 722 possidere,
2065 658 2122 704 et

534 753 868 810 immortales
915 750 1134 806 malitis
1171 764 1282 804 sua!
1308 747 1589 802 columnas
1625 751 1860 800 statuere
1884 739 2118 810 satagit:

533 854 588 900 et
644 853 858 914 peccata
905 839 1144 910 quidem,
1188 853 1255 894 ea
1299 837 1492 907 quibus
1532 835 1647 890 hac
1673 832 1850 888 omnia
1897 831 2121 886 collecta

533 944 682 1000 sunt,
713 948 814 990 suo
841 929 1042 1000 imponi
1070 927 1254 998 capiti,
1285 928 1565 995 ferensque
1591 937 1808 994 gravem
1835 935 1898 975 ac
1923 934 2119 975 onero-

535 1043 649 1082 snm
677 1027 872 1081 molem
897 1037 1002 1080 non
1034 1020 1199 1076 sentit
1229 1039 1243 1074 :
1271 1019 1386 1073 aliis
1415 1026 1592 1071 autem
1618 1029 1794 1078 usum,
1821 1012 1909 1082 qui
1937 1026 2005 1066 ex
2031 1010 2120 1078 bis

535 1115 722 1171 haberi
773 1123 972 1183 potest,
1003 1110 1268 1172 concedit,
1301 1122 1408 1162 non
1433 1105 1607 1161 solum
1658 1111 1779 1174 post
1816 1103 2121 1170 emigratio-

534 1221 659 1260 nem
686 1220 755 1259 ex
784 1203 885 1258 hac
913 1203 1042 1264 vita,
1088 1199 1185 1254 sed
1210 1197 1371 1253 etiam
1413 1206 1699 1264 antequam
1729 1191 1850 1246 hinc
1872 1190 2118 1258 egredia-

534 1306 643 1350 tur.
674 1293 804 1349 Nam
835 1290 1044 1346 etiamsi
1073 1306 1178 1342 nun
1211 1287 1408 1342 invitus
1435 1285 1516 1340 eis
1543 1283 1790 1345 nudetur,
1833 1295 1865 1335 a
1891 1278 2117 1335 familia-

534 1388 678 1439 ribus
705 1385 818 1438 htec
845 1383 1022 1436 omnia
1049 1382 1394 1448 dissipantur,
1426 1385 1482 1432 et
1517 1384 1574 1430 ut
1603 1375 1672 1429 ita
1700 1374 1894 1436 dicam,
1915 1372 2119 1424 dilace-

532 1485 752 1530 rantur:
773 1490 948 1543 neque
969 1473 1084 1542 ipse
1102 1470 1188 1526 vel
1213 1470 1492 1525 millesima
1519 1480 1703 1523 eorum
1727 1474 1876 1533 parte
1901 1461 2114 1516 fruitur.

535 1567 599 1620 lit
617 1565 742 1636 quid
771 1565 892 1619 dico
918 1561 1148 1618 fruitur?
1173 1559 1471 1626 Quomodo,
1495 1571 1615 1610 cum
1644 1553 1852 1608 nonnisi
1878 1563 2115 1606 ventrem

535 1674 699 1711 unum
742 1657 952 1721 habeat,
1002 1652 1170 1724 possit
1217 1659 1294 1705 tot
1341 1665 1502 1721 opum
1541 1646 1931 1702 multitudinem
1961 1645 2112 1698 absu-

534 1749 722 1803 mere?

605 1841 655 1893 7.
706 1841 773 1892 At
802 1835 1064 1891 malorum
1103 1832 1340 1889 omnium
1384 1844 1547 1885 causa
1589 1839 1672 1884 est
1719 1843 1854 1881 vana
1894 1823 2060 1895 gloria
2094 1839 2108 1875 :

531 1930 671 2002 quod
699 1944 890 1998 nempe
919 1926 1049 1982 velit
1073 1939 1266 1978 nomen
1289 1937 1440 1977 suum
1463 1921 1662 1992 imponi
1693 1921 1856 1989 agris,
1889 1916 2114 1982 balneis,

532 2032 586 2076 et
613 2021 839 2074 aedibus.
890 2017 1021 2085 Qua:
1047 2015 1138 2070 tibi
1192 2015 1317 2068 hinc
1354 2014 1586 2076 utilitas,
1635 2013 1830 2074 homo,
1860 2023 1979 2062 cum
2007 2021 2113 2062 non

533 2112 701 2167 multo
731 2121 877 2179 post,
910 2107 1042 2160 fabri
1077 2107 1324 2176 quapiam
1359 2113 1410 2158 te
1437 2101 1764 2172 corripiente
1787 2138 1802 2163 ,
1832 2098 2117 2166 animaque

531 2202 709 2256 subito
734 2199 978 2253 evolante
1004 2237 1019 2262 ,
1069 2193 1241 2248 nudus
1268 2203 1322 2246 et
1349 2206 1544 2245 vacuus
1585 2187 1963 2259 relinquendus
1993 2186 2068 2241 sis
2095 2200 2111 2240 :

533 2293 641 2345 imo
679 2289 872 2343 virtute
910 2284 1122 2355 quidem
1169 2281 1396 2336 nudatus
1423 2323 1437 2347 ,
1483 2281 1708 2336 vestitus
1749 2287 1928 2333 autem
1977 2275 2114 2345 inju-

532 2381 673 2434 stitia
695 2421 707 2442 ,
741 2375 938 2445 rapinis
956 2416 972 2440 ,
1009 2373 1250 2438 avaritia,
1276 2371 1583 2443 gemitibus,
1610 2369 1915 2439 cjulatibus,
1942 2368 2118 2438 lacry-

536 2471 637 2524 mis
657 2469 1017 2537 orphanorum
1040 2506 1056 2530 ,
1087 2465 1293 2519 insidiis
1314 2504 1330 2528 ,
1361 2463 1542 2518 dolis?
1590 2459 1874 2530 Quomodo
1913 2457 2116 2528 poteris

534 2558 761 2628 grandes
790 2565 1197 2626 prementesque
1228 2555 1343 2609 illas
1373 2553 1607 2607 sarcinas
1653 2559 1993 2619 peccatorum
2037 2547 2115 2601 fe-

533 2664 679 2711 reus,
709 2663 801 2716 per
828 2655 1104 2715 angustam
1132 2645 1272 2698 illam
1292 2652 1497 2712 portam
1528 2642 1746 2707 intrare,
1774 2655 1892 2709 qua:
1921 2652 2116 2707 capere

535 2739 716 2807 nequit
756 2737 950 2790 molem
979 2744 1139 2787 tantae
1176 2731 1588 2801 magnitudinis?
1613 2729 1979 2784 Necessarium
2011 2729 2115 2782 ita-

532 2844 637 2897 que
665 2824 798 2881 foris
823 2839 1038 2880 manere
1064 2864 1080 2887 ,
1127 2832 1180 2877 et
1207 2819 1460 2875 oneribus
1484 2819 1589 2873 illis
1615 2828 1890 2888 gravatum
1921 2817 2115 2872 frustra

534 2920 794 2990 paenitere
817 2959 832 2982 ,
875 2932 995 2971 cum
1035 2914 1147 2984 jam
1193 2921 1316 2968 ante
1354 2910 1539 2966 oculos
1567 2919 1743 2980 parata
1770 2909 1977 2965 videbis
2004 2920 2116 2964 tor-

535 3023 713 3068 menta
737 3051 752 3075 ,
793 3017 849 3064 et
896 3010 1070 3078 ignem
1101 3006 1249 3060 illum
1282 3003 1570 3058 terribilem
1612 3017 1674 3057 ac
1703 3016 1992 3071 numquam
2021 3015 2116 3054 ex-

533 3100 908 3172 stinguendum
939 3110 1285 3165 vermemque
1316 3108 1601 3163 numquam
1633 3094 1968 3148 moriturum.
1998 3089 2115 3146 Cte-

534 3205 708 3248 tcrum
755 3191 800 3244 si
843 3205 998 3259 quam
1043 3196 1242 3241 nostra:
1298 3185 1485 3239 salutis
1531 3184 1786 3239 habemus
1828 3182 2114 3249 rationem,

533 3287 661 3339 dum
691 3281 864 3335 adhuc
890 3287 1101 3348 tempus
1126 3278 1416 3338 habemus,
1449 3273 1769 3328 desistamus
1796 3288 1826 3325 a
1857 3271 2114 3341 nequitia,

531 3381 798 3430 sectemur
825 3368 1095 3428 virtutem,
1127 3379 1316 3420 vanam
1346 3364 1569 3434 gloriam
1591 3363 1963 3430 deSpiciamus.
1981 3359 2114 3414 Nam

535 3465 732 3521 idcirco
761 3476 894 3514 vana
925 3459 1145 3524 dicitur,
1182 3457 1305 3526 quia
1336 3457 1506 3509 inanis
1533 3464 1643 3517 est,
1683 3462 1738 3508 et
1778 3453 1912 3507 nihil
1953 3453 2116 3507 habet

536 3552 726 3608 stabile
772 3563 944 3618 neque
990 3547 1205 3601 tinuum
1237 3563 1252 3599 :
1279 3543 1373 3598 sed
1404 3543 1575 3598 soluat
1602 3553 1684 3597 est
1712 3543 1993 3596 oculorum
2023 3541 2120 3595 de-

534 3643 744 3712 eeptio,
775 3649 831 3694 et
861 3638 1164 3708 priusquam
1197 3643 1470 3706 appareat,
1497 3633 1694 3687 avolat.
1745 3634 1934 3686 Annon
1960 3641 2016 3686 et
2042 3632 2118 3683 vi-

535 3736 724 3787 demus
754 3745 896 3799 satpe
917 3769 929 3792 ,
961 3743 1081 3782 eum
1105 3768 1118 3791 ,
1149 3743 1305 3794 quem
1339 3724 1494 3778 hodie
1525 3724 1830 3793 praecedunt
1874 3725 2112 3787 lictores,

535 3837 588 3881 et
613 3826 811 3892 stipant
837 3820 1114 3883 satellites,
1141 3831 1259 3870 cras
1284 3816 1335 3869 in
1365 3829 1631 3870 carcerem
1663 3814 1881 3883 conjici,
1913 3822 1968 3870 et
1995 3829 2116 3868 cum

538 3911 972 3969 malefactoribus
1013 3909 1214 3964 versari
1246 3905 1364 3978 (a)?
1412 3905 1550 3972 Quid
1588 3905 1688 3958 hac
1715 3919 1847 3958 vana
1874 3912 1930 3958 et
1974 3904 2117 3958 inani

537 4009 701 4078 gloria
733 4002 1001 4058 fallacius?
1049 3998 1202 4066 Quod
1247 3999 1291 4052 si
1340 3999 1392 4050 in
1437 3997 1536 4052 hac
1563 3998 1670 4050 vita
1702 3995 2116 4049 vicissitudinem

540 4100 676 4154 hanc
693 4097 900 4157 evadat,
919 4093 1136 4145 omnino
1169 4104 1313 4144 mors
1343 4088 1559 4143 veniens
1586 4085 1890 4142 felicitatem
1917 4085 2120 4141 abscin-

539 4189 650 4250 tlet,
683 4193 737 4238 et
767 4197 925 4253 quem
976 4180 1134 4234 hodie
1161 4179 1214 4232 in
1243 4179 1355 4231 foro
1385 4192 1574 4248 magna
1606 4192 1795 4247 pompa
1823 4177 2119 4230 comitaba

540 4290 655 4341 tur,
683 4274 772 4341 qui
811 4273 863 4324 in
894 4283 1163 4325 carcerem
1186 4267 1522 4337 conjicicbat,
1552 4276 1606 4321 et
1633 4271 1684 4320 in
1717 4266 1853 4321 solio
1879 4266 2117 4332 sedebat,

539 4370 840 4428 inflabatur,
865 4372 918 4418 ct
945 4363 1186 4416 homines
1215 4361 1348 4414 alios
1367 4360 1516 4429 quasi
1539 4359 1753 4413 umbras
1773 4358 2118 4427 despiciebat,

541 4464 584 4515 is
615 4460 791 4512 subito
821 4463 999 4524 postea
1025 4452 1221 4521 jacehit
1248 4461 1488 4504 mortuus
1515 4450 1718 4520 absque
1757 4450 1949 4518 spiritu
1975 4488 1989 4513 ,
2025 4447 2122 4501 fte-

544 4565 661 4606 ture
702 4550 923 4617 plenus,
974 4541 1171 4612 petitus
1218 4540 1510 4595 innumeris
1544 4541 1797 4595 comiciis
1818 4555 1939 4593 cum
1965 4539 2122 4592 abiis

541 4656 678 4713 quos
722 4637 926 4708 pridem
977 4633 1168 4702 injuria
1207 4629 1422 4695 affecit,
1475 4640 1585 4684 tum
1618 4631 1686 4683 ab
1721 4632 1784 4683 iis
1807 4645 1940 4700 quos
1971 4646 2124 4683 mun-

539 4746 701 4802 quam
731 4728 908 4791 laesit,
951 4723 1362 4780 condolentibus
1393 4730 1569 4775 tamen
1599 4721 1662 4774 iis
1687 4722 1773 4790 qui
1805 4721 1873 4774 ab
1903 4722 2005 4774 isto
2035 4722 2120 4774 iu-

541 4825 677 4894 juria
724 4820 896 4874 affecti
946 4816 1174 4871 fuerant.
1231 4813 1366 4881 Quid
1399 4812 1499 4868 hoc
1525 4813 1879 4866 miserabilius
1930 4813 2124 4867 fuerit?

541 4914 780 4969 Collecta
814 4919 988 4963 autem
1015 4907 1192 4960 omnia
1238 4917 1605 4982 saepenumero
1632 4903 1829 4957 inimici
1861 4913 1914 4958 ct
1942 4905 2124 4969 hostes

547 5010 686 5061 inter
737 5018 796 5056 se
850 4999 1147 5070 partiuntur
1191 5006 1245 5051 et
1290 4995 1614 5050 distribuunt
1642 5013 1655 5048 :
1685 5006 1898 5064 peccata
1945 5007 2124 5050 autem

548 5111 642 5165 per
671 5108 789 5163 qua:
821 5091 931 5145 lucc
955 5098 1262 5143 coacervata
1293 5094 1450 5151 sunt,
1479 5102 1659 5141 secum
1689 5085 1882 5152 aufert,
1915 5086 1982 5141 de
2005 5087 2126 5156 qui-

547 5190 645 5242 bus
673 5183 898 5251 diligens
927 5188 980 5233 et
1003 5190 1246 5232 accurata
1275 5180 1409 5231 ratio
1432 5177 1692 5246 exigetur.
1723 5177 1844 5231 Ideo
1873 5177 2122 5244 obsecro,

549 5286 605 5328 ut
630 5272 892 5342 fugientes
920 5284 1105 5323 vanam
1149 5268 1285 5322 hanc
1325 5267 1588 5337 gloriam,
1629 5282 1804 5320 veram
1852 5267 2126 5322 desidere-

551 5380 692 5430 mus,
720 5370 774 5416 et
801 5375 917 5430 qua:
946 5359 1192 5413 omnibus
1220 5359 1378 5413 duret
1405 5359 1647 5413 saeculis:
1681 5370 1735 5414 et
1770 5375 1938 5427 neque
1965 5376 2125 5428 opum

615 5540 698 5604 (n)_
725 5543 962 5604 tempore
991 5536 1310 5604 chrysostomi
1349 5549 1443 5583 non
1467 5535 1820 5604 semelaecidit
1846 5537 1901 5582 ut
1918 5528 2131 5591 praefecti

555 5612 634 5654 aut
658 5595 740 5645 alii
809 5595 1097 5657 optimates,
1130 5611 1191 5645 ex
1235 5595 1932 5658 imperatorisindignatione,
1961 5610 2134 5644 munus

551 5663 852 5711 amitterent.
876 5667 928 5707 ct
945 5660 992 5708 iu
1016 5672 1264 5709 C'JI'L'Cl't'lll
1289 5660 1493 5719 conjec-ti
1518 5657 1773 5719 aliquzuulo
1809 5658 1951 5705 etiam
1976 5667 2136 5719 capite

552 5727 910 5769 tt-uncatcutur.

1241 359 1300 415 S.
1337 353 1614 414 1038le
1643 346 2116 412 CHRYSOSTOII
2155 350 2468 410 ARCIIIEP.
2508 351 3044 411 CONSTAN'IINOP.

2228 485 2379 524 amor
2406 485 2504 526 nos
2523 472 2826 544 supplantct
2847 515 2863 539 ,
2910 488 3084 542 neque
3110 471 3554 542 concupiscentiae
3590 472 3812 529 amma

2224 571 2434 628 exurat,
2465 577 2636 633 neque
2664 563 2798 617 livor
2824 573 2880 618 et
2907 562 3104 618 invidia
3129 573 3432 633 torqueant,
3461 579 3637 633 neque
3660 564 3811 619 furor

2223 657 2278 704 et
2321 649 2398 705 ira
2429 666 2528 707 nos
2555 651 2839 708 incendant
2866 669 2880 707 :
2910 651 3005 708 sed
3034 652 3134 706 bas
3160 667 3349 709 omnes
3378 652 3547 708 malas
3579 662 3636 708 et
3678 668 3806 722 per-

2225 741 2454 799 niciosas
2479 742 2785 800 aeetiones
2826 759 2952 800 rore
2988 743 3218 814 Spiritus
3244 744 3646 814 eastinguentes
3669 783 3684 807 ,
3711 743 3798 799 do-

2224 835 2512 903 spiciamus
2535 835 2835 905 praesentia,
2860 834 3224 891 desideremus
3249 833 3443 900 futura,
3473 833 3527 889 In
3549 833 3806 888 memoria

2233 921 2524 980 habeamus
2552 925 2784 981 futurum
2805 925 2948 982 diem
2966 967 2982 991 ,
3008 940 3305 997 magnaque
3337 924 3606 994 diligentia
3641 926 3802 979 vitam
3855 977 3858 980 .

2225 1013 2582 1071 instituamus.
2611 1015 2794 1086 Neque
2817 1015 2960 1072 enim
2985 1014 3086 1070 hac
3110 1014 3178 1069 de
3207 1029 3364 1070 causa
3393 1015 3444 1068 in
3473 1015 3609 1069 hanc
3642 1015 3808 1070 vitam

2227 1105 2334 1159 nati
2357 1121 2563 1169 sumus,
2592 1117 2652 1161 ut
2671 1106 2843 1162 solum
2868 1106 3212 1162 comedamus
3239 1115 3295 1160 et
3321 1103 3587 1160 bibamus.

2294 1196 2702 1270 Tanperantiam
2746 1199 3008 1270 pradicet.
3167 1197 3280 1252 Non
3318 1198 3420 1250 vita
3463 1207 3546 1252 est
3591 1205 3798 1266 propter

2221 1287 2400 1341 cibum
2441 1297 2498 1343 et
2537 1299 2716 1358 potum
2737 1328 2755 1356 ,
2798 1287 2893 1344 sed
2936 1296 3155 1358 propter
3179 1287 3340 1341 vitam
3369 1287 3520 1341 cibus
3543 1295 3599 1340 et
3627 1295 3803 1354 potus.

2223 1376 2300 1431 Ne
2319 1391 2448 1446 ergo
2471 1377 2797 1432 invertamus
2819 1378 3083 1442 ordinem,
3111 1393 3280 1447 neque
3306 1378 3383 1432 sic
3407 1376 3578 1430 ventri
3607 1386 3661 1431 et
3680 1389 3800 1430 car-

2222 1468 2306 1520 nis
2353 1467 2709 1537 voluptatibus
2754 1469 3070 1533 serviamus,
3116 1468 3266 1537 quasi
3308 1482 3425 1522 eam
3471 1467 3544 1521 ob
3587 1482 3804 1521 causam

2224 1557 2344 1612 facti
2376 1559 2545 1612 simus
2573 1577 2588 1614 :
2619 1557 2716 1612 sed
2757 1568 3066 1628 reputantes
3099 1558 3350 1612 damnum
3391 1555 3531 1627 quod
3561 1555 3686 1611 inde
3711 1571 3806 1610 na.

2220 1651 2405 1714 scitur,
2447 1653 2768 1720 castigemus
2809 1661 2981 1706 motus
3020 1651 3234 1714 carnis;
3279 1663 3347 1704 ne
3391 1645 3560 1704 sim'ua
3585 1661 3802 1718 segnes,

2223 1755 2320 1794 nec
2351 1742 2722 1808 permittamus
2748 1741 2893 1796 illam
2937 1741 3194 1795 adversus
3228 1743 3459 1794 animam
3499 1740 3800 1809 insurgere.

2219 1831 2350 1886 Nam
2379 1833 2422 1886 si
2455 1832 2650 1887 Paulus
2694 1833 2784 1888 ille
2831 1834 2948 1888 talis
2993 1843 3048 1886 et
3091 1841 3302 1898 tantus,
3331 1831 3418 1902 qui
3448 1832 3600 1900 quasi
3628 1832 3803 1884 alatus

2223 1939 2317 1993 per
2346 1932 2513 1978 totum
2540 1925 2722 1979 urbem
2764 1924 3188 1989 transcurrcbat,
3214 1923 3582 1992 corporalibus
3607 1935 3803 1976 neces-

2219 2016 2463 2070 sitatibus
2491 2015 2734 2084 superior
2770 2014 2937 2068 factus
2956 2055 2971 2082 ,
3001 2023 3052 2067 ct
3081 2029 3395 2068 arcanorum
3437 2013 3649 2068 illorum
3676 2027 3802 2066 ver-

2219 2105 2408 2159 borum
2436 2105 2646 2158 auditor
2664 2145 2682 2170 ,
2725 2120 2842 2173 qua:
2870 2117 3034 2174 usque
3063 2105 3114 2158 in
3149 2103 3286 2157 hunc
3315 2103 3454 2157 diem
3493 2103 3625 2156 alius
3646 2099 3801 2155 audi-

2219 2197 2293 2248 vit
2322 2194 2516 2260 nullus,
2548 2193 2788 2250 scribens
2815 2193 3023 2252 dicebat
3057 2212 3070 2248 :
3099 2193 3300 2264 Castigo
3326 2209 3509 2262 corpus
3533 2207 3720 2256 meum,
3751 2199 3799 2245 ct

2218 2285 2270 2338 in
2291 2287 2574 2339 servitutem
2598 2285 2805 2356 redigo,
2853 2301 2916 2339 ne
2953 2287 3080 2351 forte
3120 2283 3236 2337 aliis
3271 2282 3552 2353 praedicans
3579 2283 3688 2351 ipse
3715 2297 3800 2334 re-

2218 2378 2403 2447 probus
2423 2378 2649 2432 inveniar
2668 2379 2747 2449 (l.
2773 2377 2896 2435 Cor.
2917 2378 2970 2434 9.
2990 2376 3083 2448 27)
3113 2395 3127 2431 :
3154 2378 3200 2432 si
3228 2379 3388 2448 igitur
3408 2377 3516 2443 ille,
3541 2377 3634 2446 qui
3657 2384 3802 2428 tanta

2219 2469 2464 2537 dignatus
2487 2475 2573 2523 est
2609 2462 2818 2537 gratia,
2867 2478 2986 2537 post
3012 2477 3154 2521 tanta
3180 2477 3237 2523 et
3272 2468 3395 2520 talia
3423 2482 3583 2536 opera
3604 2505 3620 2531 ,
3663 2480 3802 2534 opus

2220 2556 2446 2611 habebat
2497 2565 2555 2612 ut
2600 2558 2918 2625 castigaret,
2969 2557 3023 2611 in
3071 2559 3379 2612 servitutem
3407 2556 3708 2624 redigeret,
3736 2567 3806 2609 ac

2221 2648 2466 2716 petestati
2511 2646 2856 2716 dominioque
2896 2648 3086 2700 animae
3127 2647 3367 2716 corporis
3409 2645 3650 2700 lascivias
3674 2644 3803 2698 sub.

2215 2737 2402 2807 jiceret
2433 2755 2446 2790 :
2474 2739 2695 2807 castigat
2737 2738 2879 2792 enim
2905 2737 3023 2805 quis
3061 2735 3200 2806 quod
3229 2737 3481 2804 insurgit,
3511 2745 3563 2789 ct
3605 2737 3657 2788 in
3687 2750 3804 2791 ser-

2219 2828 2440 2881 vitutem
2470 2827 2661 2898 redigit
2705 2827 2757 2882 id
2797 2827 2938 2896 quod
2975 2825 3122 2880 frena
3163 2826 3334 2894 rejicit
3364 2844 3378 2880 :
3409 2825 3532 2894 quid
3559 2825 3806 2880 dicemus

2220 2932 2319 2972 nos
2346 2958 2360 2984 ,
2394 2917 2485 2987 qui
2523 2918 2768 2972 omnibus
2794 2917 3074 2971 virtutibus
3098 2915 3335 2970 destituti
3362 2955 3376 2979 ,
3409 2915 3656 2970 omnibus
3679 2931 3803 2984 pec-

2216 3011 2350 3064 catis
2379 3009 2582 3064 onerati
2611 3023 2794 3062 sumus
2817 3049 2831 3072 ,
2865 3018 2919 3062 et
2957 3017 3216 3077 praeterea
3259 3020 3502 3077 magnam
3534 3006 3803 3076 ignaviam

2218 3115 2330 3170 pra:
2358 3099 2510 3154 nobis
2535 3097 2791 3153 ferimus?
2832 3097 2966 3152 Num
2995 3097 3234 3152 inducias
3255 3096 3415 3152 habet
3439 3097 3539 3150 hoc
3565 3096 3762 3150 bellum

2220 3207 2348 3248 num
2394 3201 2601 3259 tempus
2642 3188 2983 3259 aggrediendi
3031 3187 3399 3258 assignatum?
3447 3185 3672 3255 Semper
3702 3201 3806 3240 nos

2219 3281 2438 3351 vigilare
2467 3289 2520 3334 et
2544 3279 2753 3333 sobrios
2773 3291 2898 3333 esse
2921 3286 3164 3348 oportet,
3213 3286 3268 3332 et
3304 3292 3593 3342 numquam
3623 3276 3677 3330 in
3709 3291 3803 3330 se-

2219 3373 2446 3426 curitate
2494 3369 2731 3439 degere:
2771 3369 2895 3439 quia
2943 3383 3048 3421 non
3095 3377 3180 3422 est
3226 3367 3542 3435 praefinitum
3588 3377 3806 3434 tempus

2218 3459 2432 3531 quando
2479 3474 2577 3514 nos
2623 3473 2969 3529 aggressurus
3011 3466 3093 3512 est
3135 3456 3322 3510 hostis.
3380 3457 3541 3526 Igitur
3585 3471 3802 3526 semper

2222 3551 2373 3604 nobis
2401 3565 2526 3604 cura
2551 3550 2654 3614 sit,
2705 3562 2916 3617 semper
2944 3547 3158 3602 solliciti
3188 3549 3354 3600 simus
3393 3547 3461 3602 de
3499 3546 3669 3601 salute
3700 3563 3806 3601 no-

2220 3651 2328 3695 stra
2354 3683 2368 3705 ,
2397 3649 2455 3694 ut
2493 3642 2567 3694 sic
2593 3654 2876 3708 numquam
2902 3639 3198 3707 expugnari
3230 3639 3489 3707 possimus
3509 3679 3524 3704 ,
3557 3647 3611 3692 et
3631 3637 3808 3692 hosti-

2221 3733 2300 3786 lcs
2326 3732 2638 3802 effugientes
2667 3731 2904 3795 insidias,
2929 3730 3344 3785 misericordiam
3371 3746 3400 3783 a
3426 3732 3531 3784 Deo
3553 3745 3808 3800 assequa.

2223 3838 2342 3876 mur
2366 3863 2381 3886 ,
2429 3824 2594 3891 gratia
2624 3831 2678 3874 et
2722 3820 3149 3874 miserationibus
3179 3817 3444 3887 Unigeuiti
3484 3821 3602 3888 ejus
3624 3862 3638 3885 ,
3679 3836 3803 3876 cum

2222 3930 2328 3982 quo
2354 3913 2496 3966 Patri
2523 3955 2537 3977 ,
2569 3911 2731 3966 simul
2756 3921 2809 3966 et
2838 3911 3058 3980 Spiritui
3091 3919 3276 3965 sancto
3303 3911 3368 3964 sit
3397 3911 3563 3980 gloria
3583 3954 3596 3972 ,
3634 3912 3808 3980 impc-

2221 4007 2381 4068 rium,
2411 4003 2601 4070 honor,
2622 4019 2760 4058 nunc
2776 4013 2829 4058 et
2845 4017 3075 4071 semper,
3103 4013 3156 4056 et
3178 4003 3229 4056 in
3255 4001 3446 4056 saecula
3463 4003 3802 4058 steculorum.

2225 4100 2414 4152 Amen.

2759 4206 3035 4260 llOMlLlA
3077 4203 3262 4260 XXlll.

2239 4320 2345 4379 Noe
2379 4329 2544 4371 autem
2582 4317 2765 4371 invenit
2792 4318 3008 4388 gratiam
3049 4333 3220 4370 coram
3262 4316 3477 4371 Domino
3511 4316 3637 4372 Deo.
3685 4319 3810 4373 Ista

2299 4418 2462 4461 autem
2487 4419 2598 4462 sunt
2625 4409 2966 4478 generationes
2996 4406 3130 4460 Noe.
3165 4405 3279 4461 Noe
3301 4408 3451 4460 homo
3470 4411 3661 4478 justus,
3688 4426 3806 4478 pcr-

2299 4505 2458 4571 {ectus
2491 4500 2728 4553 exsistant
2753 4501 2805 4552 in
2831 4499 3148 4569 generatione
3173 4513 3264 4551 sua
3288 4512 3307 4553 :
3339 4498 3445 4552 Deo
3473 4499 3662 4567 placuit
3695 4499 3809 4556 Noe

2301 4591 2453 4663 (Gen.
2484 4592 2536 4644 6.
2564 4593 2641 4660 9).

2303 4715 2352 4766 l.
2404 4710 2610 4764 Virtutis
2639 4708 3001 4780 praerogatiua.
3030 4736 3100 4747 -
3121 4707 3338 4761 Vidistis
3366 4709 3418 4760 in
3449 4708 3512 4760 iis
3531 4723 3649 4775 quae
3671 4705 3812 4760 dicta

2229 4811 2373 4866 sunt,
2401 4811 2593 4871 quanta
2619 4800 2811 4854 lelll-B
2858 4798 3235 4852 misericordize
3277 4797 3608 4867 magnitudo,
3652 4812 3809 4867 quam

2233 4898 2417 4964 ingens
2439 4891 2754 4946 tolerantia?
2782 4888 2987 4942 vidistis
3025 4889 3320 4956 hominum,
3346 4889 3434 4957 qui
3467 4899 3594 4940 tunc
3634 4897 3809 4946 erant,

2236 4993 2596 5054 portentosatn
2653 4980 2949 5036 malitiam?
2991 4980 3250 5034 didicistis
3303 4989 3498 5047 quanta
3545 4979 3703 5032 fuerit
3759 4980 3810 5030 in

2233 5074 2403 5130 media
2436 5081 2579 5127 tanta
2607 5071 2942 5126 multitudine
2963 5070 3089 5140 justi
3117 5069 3302 5135 virtus,
3330 5079 3385 5125 et
3409 5084 3565 5140 quam
3599 5067 3732 5122 nihil
3763 5068 3812 5120 ci

2234 5166 2474 5218 nocuerit
2513 5164 2595 5217 vel
2624 5162 2835 5216 illorum
2867 5162 2920 5214 in
2948 5161 3145 5214 malum
3171 5161 3517 5229 conspiratio,
3555 5159 3636 5212 vel
3669 5163 3811 5230 quod

2234 5257 2379 5309 Solus
2423 5256 2474 5308 in
2521 5253 2697 5308 medio
2739 5253 2959 5306 istorum
3004 5252 3352 5321 interceptus,
3395 5253 3552 5320 longe
3599 5253 3813 5306 diversa

2237 5347 2515 5400 incesserit
2545 5345 2660 5397 via?
2682 5342 2812 5398 Nam
2845 5343 2995 5410 quasi
3023 5343 3346 5411 gubernator
3372 5343 3623 5408 optimus,
3660 5358 3813 5396 nicu-

2239 5439 2304 5491 tis
2329 5437 2534 5488 clavum
2556 5449 2744 5504 magna
2771 5432 3036 5501 vigilantia
3060 5433 3340 5501 arripiens,
3372 5432 3546 5486 navim
3576 5449 3726 5486 suam
3749 5435 3818 5485 ab

2239 5529 2559 5582 irruentibus
2585 5524 2799 5578 malitiae
2828 5523 3072 5592 procellis
3101 5524 3367 5592 submergi
3420 5541 3522 5575 nun
3572 5536 3654 5577 est
3692 5540 3815 5592 pas-

2237 5635 2348 5680 SllS,
2391 5617 2482 5671 sed
2530 5616 2696 5668 factus
2744 5624 3060 5680 tempestate
3107 5615 3392 5681 potentior,
3439 5615 3560 5667 licet
3609 5617 3658 5667 in
3711 5617 3818 5667 :tiin

2240 5715 2481 5780 jactatus.
2513 5709 2658 5775 quasi
2690 5708 2738 5760 in
2783 5716 2936 5776 pontu
2986 5706 3213 5769 sedvret,
3242 5708 3446 5760 virtutis
3483 5707 3817 5776 gubernacu-
