4068 6380
251 519 363 571 Ιιιιιι
392 514 673 583 dirigebat,
702 520 755 564 et
783 526 810 562 a
836 505 1039 561 diluvio
1065 513 1252 555 omnes
1277 497 1424 550 orbis
1457 491 1659 549 incolas
1683 487 1845 542 deva-

252 618 469 661 staturo
497 576 568 657 se
597 599 874 670 eripiebat.
904 595 1080 648 Tanta
1127 603 1215 644 res
1259 594 1344 641 est
1366 584 1556 646 virtus,
1602 588 1718 646 tam
1750 576 1851 629 im-

252 693 525 756 mortalis,
577 667 693 743 taui
725 688 947 748 invicta,
993 692 1098 736 tam
1132 677 1266 734 nihil
1306 674 1506 730 cedens
1543 669 1702 736 hujus
1729 667 1851 756 vitae

255 755 612 838 varietatibus
641 796 653 831 :
685 776 780 830 sed
821 788 984 842 super
1021 767 1238 824 malitia:
1266 765 1398 820 retia
1425 761 1669 840 volitans,
1698 755 1850 827 quasi

254 888 288 928 e
313 871 531 926 sublimi
557 865 773 936 specula
793 863 1047 934 quadam,
1091 859 1170 914 sic
1195 854 1373 912 omnia
1402 853 1634 908 humana
1668 846 1852 915 despi-

254 961 349 1022 cit.
381 959 515 1013 nihil
542 957 684 1026 quod
712 954 834 1008 aliis
862 951 1148 1006 molestum
1189 946 1261 1002 sit
1284 943 1471 1000 sentit.
1500 940 1607 996 Sed
1641 939 1781 993 sicut
1807 938 1854 990 is

255 1051 346 1120 qui
378 1063 548 1116 super
583 1045 854 1100 excelsam
897 1051 1100 1112 petram
1152 1047 1279 1100 stat,
1308 1033 1506 1089 ﬂuctus
1530 1031 1685 1092 ridet,
1717 1041 1852 1098 quos

255 1119 400 1194 videt
431 1139 497 1192 ad
527 1151 733 1206 petram
767 1148 959 1200 magno
987 1132 1189 1200 impetu
1214 1126 1495 1196 disrumpi,
1517 1137 1580 1176 ac
1610 1119 1853 1190 protinus

255 1231 309 1282 in
350 1240 597 1296 spumam
641 1224 776 1278 solvi
810 1240 823 1276 :
854 1224 927 1275 ita
958 1231 1012 1301 et
1054 1221 1144 1288 qui
1189 1216 1377 1270 virtuti
1405 1214 1496 1269 dat
1538 1213 1762 1280 operam
1797 1208 1852 1261 in

255 1335 452 1374 securo
481 1318 808 1373 constitutus
847 1315 998 1377 loco,
1039 1309 1172 1364 nihil
1214 1309 1436 1365 insuave
1471 1304 1574 1359 fert
1619 1317 1648 1354 a
1690 1301 1855 1354 rebus

257 1409 604 1470 turbulentis,
632 1407 728 1461 sed
764 1403 1080 1474 tranquillus
1121 1401 1301 1454 animo
1346 1407 1400 1451 et
1441 1395 1651 1465 quietus
1678 1383 1852 1456 sedet,

256 1498 616 1567 intelligitque
655 1509 743 1550 res
769 1494 928 1562 hujus
957 1491 1086 1546 vitae,
1103 1489 1236 1544 nihil
1267 1487 1483 1541 differre
1518 1483 1587 1537 ab
1614 1481 1853 1539 amnium

256 1591 498 1649 liuentis,
525 1596 712 1654 utpote
740 1598 860 1654 qute
882 1592 986 1636 tam
1010 1580 1198 1649 rapido
1217 1593 1376 1633 cursu
1400 1581 1690 1629 transeant.
1717 1570 1854 1625 Nam

256 1682 399 1733 sicut
426 1679 611 1731 videre
639 1678 761 1731 licet
789 1675 953 1730 maris
971 1673 1163 1728 ﬂuctus
1192 1683 1336 1724 nunc
1363 1666 1578 1733 quidem
1608 1665 1661 1718 in
1688 1663 1855 1716 altum

258 1769 471 1835 extolli,
506 1783 628 1821 mox
658 1773 836 1834 autem
863 1763 1092 1832 deprimi
1120 1780 1133 1816 :
1158 1761 1231 1815 ita
1268 1769 1324 1814 et
1359 1756 1606 1812 videmus
1643 1768 1739 1808 eos
1766 1750 1858 1820 qui

263 1860 522 1912 virtutem
550 1862 921 1916 contemnunt,
945 1861 1003 1907 et
1032 1851 1282 1921 nequitim
1299 1849 1428 1903 dant
1452 1861 1693 1916 Operam,
1715 1856 1857 1896 nunc

171 1941 182 1952 ”
256 1950 477 2019 quidem
503 1946 734 2001 sublime
758 1959 970 2013 sapere.
1010 1951 1061 1994 et
1083 1939 1364 2008 supercilia
1390 1937 1668 2000 extollere,
1698 1942 1857 2001 atque

261 2039 422 2105 hujus
451 2037 574 2088 vita:
612 2034 760 2089 curis
803 2034 1041 2088 intentos
1070 2045 1212 2095 esse,
1261 2029 1438 2082 subito
1466 2034 1642 2081 autem
1675 2023 1853 2090 dejici,

259 2137 319 2180 et
344 2125 408 2178 ad
438 2134 744 2178 extremam
769 2122 958 2177 venire
1006 2119 1258 2187 inopiam.
1303 2117 1449 2182 Quos
1478 2117 1664 2170 beatus
1691 2112 1856 2166 David

261 2214 628 2276 subindicans,
672 2211 884 2266 dicebat
917 2227 929 2262 :
965 2207 1049 2262 Nc
1093 2208 1319 2261 (intueris
1351 2222 1467 2259 cum
1507 2205 1645 2258 diues
1687 2206 1858 2273 [actus

264 2305 420 2373 fuerit
448 2303 622 2366 homo,
664 2300 744 2355 vel
786 2315 904 2354 cum
944 2298 1294 2366 multiplicata.
1305 2297 1456 2364 fuerit
1481 2295 1649 2366 gloria
1675 2293 1858 2346 domus

260 2397 414 2463 ejus:
438 2393 558 2462 quia
595 2407 714 2445 cum
746 2390 989 2445 interierit
1019 2395 1121 2441 no’n
1148 2396 1310 2440 sumet
1355 2386 1524 2437 omnia
1556 2382 1731 2452 (Pani.
1764 2383 1855 2438 48.

265 2484 384 2554 17).
425 2485 492 2538 Et
535 2483 672 2536 bene
716 2481 869 2545 dixit,
912 2479 998 2533 Ne
1035 2478 1284 2532 timueris.
1337 2476 1415 2530 Ne
1458 2485 1509 2530 te
1550 2475 1858 2540 conturbet,

261 2572 445 2627 dicere
473 2572 610 2638 vult,
633 2571 812 2624 divitis
827 2568 1150 2622 abundantia
1171 2575 1227 2622 et
1251 2565 1433 2635 gloriae
1462 2563 1736 2633 splendor.
1772 2563 1862 2619 Vi-

263 2661 420 2716 debis
447 2662 593 2716 ettim
644 2674 749 2713 ιιοιι
780 2658 952 2713 multo
981 2666 1101 2726 post
1128 2657 1276 2710 humi
1298 2655 1590 2726 jaceutem,
1631 2663 1684 2707 et
1725 2655 1857 2708 nihil

264 2751 477 2820 operari
528 2751 827 2815 valentem,
885 2756 1154 2802 mortuum
1202 2747 1430 2800 cadaver
1490 2744 1757 2802 vermibus
1809 2746 1860 2799 in

262 2843 414 2899 cibos
440 2842 736 2912 objectmn,
777 2840 1089 2911 nudumque
1128 2838 1215 2893 his
1243 2839 1493 2892 omnibus
1520 2837 1742 2898 factum,
1770 2836 1862 2904 qui

263 2933 398 2988 nihil
428 2935 620 2986 borum
663 2933 883 2985 omnino
910 2946 1092 2985 secum
1120 2928 1334 2983 auferre
1364 2929 1615 2997 potuerit,
1649 2925 1746 2980 sed
1774 2925 1864 2980 hic

264 3025 442 3080 omnia
489 3023 787 3091 reliquerit.
830 3019 910 3076 Ne
947 3021 1106 3090 igitur
1143 3019 1336 3073 anxius
1374 3019 1450 3072 sis
1495 3032 1616 3072 cum
1664 3016 1865 3070 videris

264 3114 552 3186 praesentia
587 3127 602 3166 :
633 3127 805 3181 neque
847 3111 1066 3164 beatum
1103 3110 1252 3162 dicas
1280 3124 1402 3162 eum
1435 3109 1523 3177 qni
1551 3115 1673 3176 post
1702 3107 1863 3160 breve

266 3217 479 3274 tempus
509 3205 577 3258 ab
623 3205 706 3258 his
732 3202 983 3256 omnibus
1013 3202 1353 3255 destituetur.
1400 3198 1674 3267 [Ejusmodi
1718 3199 1861 3252 enim

265 3307 348 3351 est
371 3310 612 3365 piazsens
636 3295 876 3359 felicitas,
901 3303 952 3347 et
979 3294 1280 3346 divitiarqu
1313 3303 1518 3354 natura,
1550 3300 1605 3344 ut
1631 3305 1737 3344 non
1761 3307 1863 3343 una

269 3389 664 3455 commigrent,
725 3399 848 3438 cum
895 3384 1021 3438 hinc
1070 3383 1230 3438 fuerit
1284 3382 1606 3435 abeundum.
1663 3380 1865 3433 Divites

268 3485 411 3535 enim
447 3481 532 3533 his
559 3478 808 3532 omnibus
833 3476 1057 3538 relictis,
1089 3476 1215 3529 nudi
1245 3474 1368 3528 hinc
1397 3473 1713 3536 abscedunt,
1753 3484 1867 3524 tan-

275 3581 388 3624 tum
410 3569 620 3623 malitia
654 3568 850 3628 vestiti.
881 3576 936 3620 et
961 3579 1299 3636 peccatorum
1325 3565 1581 3617 oneribus
1608 3564 1730 3618 inde
1757 3562 1867 3616 col-

271 3661 445 3715 lectis.
490 3662 560 3712 At
593 3658 748 3726 longe
779 3671 936 3710 secus
976 3654 1141 3708 habet
1165 3658 1350 3718 virtus,
1379 3670 1499 3721 quin
1542 3655 1628 3708 hic
1655 3669 1868 3723 quoque

279 3751 612 3820 potentiores
641 3745 1077 3810 insidiatoribus,
1125 3755 1179 3798 et
1223 3744 1381 3813 plane
1425 3743 1649 3798 invictos
1694 3743 1867 3798 reddit

273 3855 420 3907 suos,
448 3838 867 3906 cnntinuamque
889 3835 1092 3906 przebet
1113 3836 1460 3902 voluptatem,
1490 3845 1539 3888 et
1574 3852 1640 3887 ne
1666 3834 1868 3888 sentire

274 3933 490 4000 quidem
537 3929 665 3982 sinit
697 3943 875 3982 rerum
924 3929 1144 3981 istarum
1191 3927 1602 3993 ina-qualitatem
1633 3944 1647 3980 :
1675 3924 1770 3978 sed
1814 3936 1868 3978 et

280 4021 406 4075 hinc
422 4019 822 4089 emigrantibus
851 4018 1102 4071 comitem
1131 4031 1191 4070 se
1225 4016 1391 4077 addit,
1421 4025 1475 4069 et
1513 4025 1634 4069 tunc
1662 4015 1870 4083 potissi-

278 4127 446 4176 mum,
472 4126 595 4164 cum
620 4109 737 4176 ejus
765 4107 1002 4162 subsidio
1025 4121 1266 4176 egemus.
1298 4108 1349 4158 in
1371 4106 1562 4173 dieque
1590 4105 1681 4158 illo
1710 4107 1868 4159 terri-

282 4201 368 4254 lnli
408 4213 662 4268 magnum
711 4196 863 4250 nobis
901 4203 1113 4262 prastat
1158 4194 1437 4258 auxilium,
1473 4195 1686 4262 placatis
1717 4194 1871 4248 nobis

283 4288 483 4342 iudicis
507 4287 721 4341 oculum
748 4303 762 4339 :
789 4297 843 4339 et
871 4285 1009 4339 sicut
1039 4283 1124 4338 hic
1149 4285 1216 4337 ab
1244 4283 1611 4352 ingruentibus
1643 4283 1873 4338 inibi-tu-

287 4380 407 4445 niis,
453 4380 524 4430 ita
575 4385 629 4432 et
677 4377 730 4431 in
771 4375 948 4431 l'nturo
989 4390 1050 4430 se
1093 4375 1333 4430 colentes
1375 4389 1402 4426 a
1450 4376 1733 4428 tormentis
1773 4374 1876 4429 illis

284 4469 461 4536 eripit.
489 4465 673 4535 Neque
707 4470 806 4521 hoc
836 4468 1005 4519 solum
1035 4466 1162 4535 agit,
1201 4466 1293 4518 sed
1331 4476 1383 4518 et
1409 4464 1692 4518 iueﬂ‘abilia
1720 4465 1875 4518 nobis

289 4561 445 4619 bona,
484 4557 676 4624 quibus
707 4557 960 4618 fruamur,
993 4556 1259 4608 conciliat.
1303 4555 1364 4606 Et
1393 4563 1449 4606 ut
1476 4555 1614 4608 scias
1651 4555 1765 4607 haec
1803 4554 1875 4608 ita

287 4663 404 4701 sese
440 4647 660 4711 habere,
690 4661 860 4715 neque
891 4661 988 4698 nos
1019 4646 1069 4699 iti
1101 4662 1291 4698 vanum
1324 4654 1377 4698 et
1412 4645 1604 4698 frustra
1633 4645 1699 4699 ad
1727 4645 1871 4698 blan-

289 4737 541 4791 dieudmn
584 4736 668 4788 his
718 4736 894 4788 verbis
940 4737 1013 4788 ιιιὶ
1041 4776 1055 4789 .
1080 4737 1294 4789 mutabo
1351 4751 1491 4788 nunc
1529 4751 1598 4789 ex
1638 4737 1720 4790 his
1759 4752 1879 4806 qua:

293 4829 560 4898 proposita
612 4837 740 4882 sunt
791 4828 1001 4880 caritati
1049 4838 1238 4881 vestra:
1285 4825 1336 4879 id
1393 4828 1696 4880 ostendere.
1751 4828 1880 4883 Vide

291 4922 430 4974 enim
472 4918 745 4987 quomodo
787 4919 1132 4971 admirandus
1162 4919 1251 4972 ille
1283 4918 1382 4983 vir,
1429 4918 1543 4974 Noe
1570 4920 1710 4982 dico,
1762 4920 1880 4974 uni-

293 5025 447 5064 vcho
478 5009 754 5061 hominum
776 5023 971 5076 genere
995 5010 1250 5063 adversus
1277 5011 1623 5078 semetipsum
1649 5013 1887 5068 clemen-

296 5105 421 5155 tiam
450 5100 661 5154 Domini
687 5099 753 5152 ad
783 5100 1106 5154 iracundiam
1135 5113 1456 5167 provocante
1482 5119 1493 5153 :
1515 5103 1620 5169 ille,
1645 5105 1879 5173 inquam,

295 5194 438 5246 solus
479 5207 577 5245 sua
624 5191 819 5243 virtute
867 5194 1032 5258 potuit
1075 5203 1126 5244 et
1172 5193 1549 5262 indignationis
1593 5197 1883 5264 periculum

299 5283 553 5352 eﬂugcre,
589 5291 643 5336 et
695 5296 936 5349 magnam
985 5283 1074 5336 Dei
1104 5283 1530 5338 benevolentiam
1574 5287 1675 5340 sibi
1701 5291 1883 5344 conci—

307 5374 452 5427 liare.
479 5376 579 5435 Ac,
607 5372 652 5423 si
684 5373 876 5438 placet,
906 5373 1184 5441 loquamur
1214 5377 1281 5430 de
1319 5376 1383 5428 iis
1409 5392 1526 5444 qua:
1555 5378 1605 5430 in
1639 5380 1889 5446 prresenti

305 5467 408 5518 vita
448 5463 721 5518 eveniunt.
768 5464 906 5518 Sunt
947 5467 1088 5519 enim
1122 5466 1363 5521 fortassis
1411 5470 1571 5538 aliqui
1604 5470 1795 5527 futuris
1830 5483 1886 5528 et

300 5553 665 5608 invisibilibns
698 5569 883 5623 parum
924 5557 1224 5610 credentes.
1284 5559 1565 5615 Videamus
1606 5562 1783 5632 itaque
1819 5578 1887 5617 ex

306 5641 370 5696 iis
396 5657 514 5711 qua:
542 5643 630 5695 hic
655 5645 929 5707 eveniunt,
962 5646 1134 5714 qualia
1157 5647 1472 5717 contingunt
1503 5650 1567 5703 iis
1587 5654 1675 5719 qui
1708 5657 1894 5720 nequi-

305 5734 387 5785 t'ne
416 5747 475 5786 se
505 5730 726 5796 dedunt,
757 5736 1004 5803 etqualia
1035 5740 1227 5810 accipit
1255 5741 1298 5793 is
1323 5742 1412 5810 qui
1443 5743 1689 5801 virtutem
1721 5759 1889 5803 secta-

1270 388 1332 441 lN
1372 384 1506 439 CAP
1571 379 1653 433 VI.
1684 370 1929 433 GENI‘ZS.
1973 368 2205 426 ιιυιιιι..
2248 369 2432 426 XXVII.

3457 377 3560 434 £93

1966 491 2068 536 tur.
2113 482 2397 552 Postquam
2441 483 2582 537 enim
2621 481 2792 537 bonus
2837 483 2976 539 Dens
3020 485 3087 539 ob
3130 487 3316 558 ingens
3341 491 3560 546 malitiat

1955 585 2301 644 augmentum
2346 574 2668 630 sententiam
2716 577 2834 630 tulit
2873 592 2996 633 esse
3052 579 3343 634 humanum
3389 598 3559 652 genus

1957 664 2248 719 universali
2289 664 2526 734 pernicie
2555 666 2908 734 puniendum,
2937 677 2991 722 et
3018 668 3157 721 dixit
3187 687 3200 723 :
3235 669 3426 726 Delebo
3465 676 3559 726 ha.

1957 755 2144 809 utinam
2168 771 2315 823 quem
2344 755 2462 824 feci,
2486 771 2520 807 a
2540 755 2669 822 [acie
2694 767 2842 808 terra:
2865 773 2884 811 :
2903 767 2958 811 et
2988 768 3292 815 monstrans
3317 761 3560 831 indigna-

1958 844 2120 898 tionis
2172 858 2285 898 suze
2339 843 2802 914 magnitudinem,
2861 863 2968 900 non
3018 858 3203 904 contra
3261 851 3552 907 humanum

1956 931 2238 986 dumtaxat
2277 948 2448 1001 genus
2490 935 2815 988 sententiam
2861 936 3103 1003 protulit,
3150 938 3247 995 sed
3276 947 3334 995 et
3368 955 3560 1006 contra

1956 1021 2138 1076 (tinnis
2162 1022 2428 1091 jumenta,
2477 1033 2533 1078 et
2570 1024 2800 1092 reptilia,
2847 1033 2903 1079 et
2946 1026 3179 1082 volatilia
3209 1045 3224 1083 :
3252 1044 3375 1084 cum
3415 1012 3560 1088 cnim

1958 1111 2185 1179 perituri
2203 1121 2275 1166 iet
2290 1112 2667 1181 submergendi
2697 1114 2944 1169 homines
2963 1131 3164 1184 essem,
3188 1131 3406 1188 propter
3421 1136 3562 1191 quos
3591 1114 3598 1122 ’

1963 1198 2078 1253 haec
2117 1198 2257 1254 facta
2301 1209 2448 1266 sunt,
2471 1202 2592 1269 jure
2636 1216 2701 1256 ac
2757 1204 2950 1257 merito
2990 1205 3080 1260 illa
3125 1224 3339 1277 quoque
3381 1224 3558 1278 pinnas

1955 1289 2231 1342 consortio
2265 1289 2412 1359 paria
2445 1289 2636 1346 fuere:
2671 1292 2831 1362 igitur
2873 1307 2996 1347 cum
3025 1299 3291 1352 sententia
3321 1299 3558 1356 nondum

1960 1381 2221 1448 pra-ﬁnita
2261 1390 2426 1447 esset,
2483 1397 2587 1450 qua
2628 1383 2720 1436 alii
2774 1384 2842 1436 ab
2881 1384 3001 1439 aliis
3042 1378 3473 1455 secernerentur,
3505 1403 3564 1447 nt

1957 1470 2135 1524 discas
2158 1485 2318 1540 quam
2347 1485 2454 1525 non
2482 1471 2552 1525 sit
2591 1486 2941 1541 personarum
2972 1487 3224 1545 acceptor
3261 1477 3427 1546 Deus,
3464 1483 3564 1536 sed

1961 1559 2013 1612 in
2039 1559 2202 1612 corda
2229 1565 2411 1613 uestra
2443 1559 2750 1630 ingrediens
2777 1563 2983 1616 nullum
3007 1566 3286 1636 deSpiciat,
3309 1556 3372 1624 'et
3398 1573 3443 1625 si
3476 1573 3561 1627 vel

1969 1663 2187 1717 parvam
2213 1650 2502 1718 quamdam
2527 1652 2864 1705 occasionem
2902 1669 3001 1708 nos
3025 1656 3330 1723 aderamus,
3372 1662 3563 1717 incdit.

1962 1739 2122 1792 bilem
2149 1754 2300 1793 suam
2332 1739 2571 1794 declaret
2591 1741 3036 1809 misericordiam,
3069 1747 3239 1816 inquit
3264 1749 3561 1822 Scriptum,

1963 1840 2020 1883 ut
2063 1845 2130 1884 ne
2162 1837 2331 1884 totum
2372 1844 2546 1900 genus
2591 1831 2885 1887 humanum
2928 1835 3248 1894 abolendum
3291 1843 3562 1912 putemus,

1959 1919 2054 1974 sed
2085 1921 2338 1984 sciamus,
2388 1922 2562 1990 ipsum
2604 1939 2700 1991 per
2737 1940 2890 1978 suam
2922 1926 3215 1983 bonitatem
3259 1933 3566 2004 relinquere

1960 2012 2248 2066 scintillam
2296 2023 2351 2066 et
2395 2012 2632 2068 radicem
2675 2018 2970 2083 quamdam.
3002 2020 3225 2086 salvam,
3275 2033 3334 2077 ut
3367 2025 3560 2082 iterum

1967 2105 2256 2167 humanum
2285 2121 2455 2175 genus
2483 2107 2537 2160 in
2584 2123 2836 2176 proceros
2867 2111 3080 2164 extendi
3128 2115 3300 2182 possit
3340 2131 3561 2172 ramos:

1965 2196 2102 2265 Noe,
2130 2197 2323 2267 inquit,
2356 2199 2545 2252 invenit
2572 2201 2792 2271 gratiam
2816 2217 2990 2256 coram
3014 2202 3142 2259 Deo.

2031 2287 2086 2342 ἢ.
2132 2288 2264 2343 Vide
2290 2289 2583 2359 Scriptum
2608 2290 2965 2360 diligentiam,
2998 2297 3270 2364 quomodo
3302 2315 3371 2354 ne
3395 2303 3559 2373 sylla-

1961 2376 2085 2432 bam
2106 2378 2322 2448 quidem
2345 2396 2504 2434 uuam
2530 2382 2772 2437 inutilem
2797 2387 3088 2441 contineat.
3120 2389 3253 2443 Nam
3283 2403 3568 2464 postquam

1964 2483 2063 2524 nos
2092 2471 2276 2525 docuit
2319 2473 2636 2540 gravitatem
2677 2477 2931 2543 nequitia:
2970 2476 3269 2546 hominum,
3312 2492 3367 2538 et
3391 2500 3568 2554 ptumo

1967 2561 2390 2632 magnitudinem
2442 2563 2702 2632 improbis
2743 2565 3114 2634 inferendam,
3163 2572 3364 2628 indicat
3414 2578 3570 2633 nobis

1959 2660 2090 2708 tum
2118 2654 2208 2723 qtti
2247 2653 2301 2706 in
2334 2661 2477 2707 tanta
2511 2655 2853 2712 multitudine
2885 2663 3116 2728 potuerit
3153 2663 3419 2720 sinceram
3450 2683 3569 2723 ser-

1951 2759 2094 2815 vare
2135 2745 2409 2799 virtutem.
2457 2744 2554 2800 Est
2592 2747 2736 2800 enim
2771 2749 2940 2806 virtus
2991 2753 3153 2805 etiam
3196 2768 3292 2822 per
3333 2757 3565 2826 scipsam

1967 2834 2314 2891 admirabilis.
2345 2835 2494 2901 Quod
2540 2837 2584 2888 si
2629 2838 2749 2904 quis
2779 2839 2920 2894 illam
2965 2843 3017 2895 in
3059 2844 3238 2899 medio
3276 2851 3568 2916 prohiben-

1970 2928 2098 2979 tium
2143 2926 2320 2990 colat,
2377 2929 2544 2980 multo
2598 2932 3049 2989 admirabiliorem
3099 2937 3266 3004 ipsam
3306 2943 3564 3002 ostendit.

1969 3017 2262 3086 Propterea
2297 3020 2476 3071 divina
2509 3019 2782 3087 Scriptura
2828 3025 2977 3090 quasi
3005 3027 3319 3083 admirando
3362 3032 3568 3099 justum

1968 3109 2095 3162 dicit
2121 3112 2186 3163 de
2218 3111 2329 3176 illo,
2363 3114 2411 3163 in
2438 3111 2616 3165 medio
2646 3113 2860 3166 illorum
2892 3117 2979 3182 qui
3020 3104 3441 3188 indignationem
3472 3127 3568 3183 Dei

1968 3203 2243 3266 ex'pertttri
2285 3213 2440 3254 erant
2476 3212 2741 3268 versante,
2781 3202 2895 3258 Noe
2929 3218 3095 3261 autem
3142 3215 3329 3266 invenit
3351 3219 3570 3286 gratiam

1976 3307 2147 3342 coram
2179 3291 2396 3344 Donn'no
2419 3292 2544 3345 Deo.
2573 3292 2774 3348 Invenit
2799 3299 3039 3368 gratiam,
3064 3303 3174 3367 sed,
3206 3303 3389 3360 Coram
3413 3307 3524 3363 Deo
3550 3326 3570 3368 :

1981 3399 2088 3435 non
2121 3383 2458 3451 simpliciter,
2491 3383 2691 3437 Invenit
2724 3390 2961 3456 gratiam,
2991 3392 3105 3457 sed,
3137 3394 3323 3450 Coram
3352 3367 3570 3458 Domino

1975 3472 2082 3526 Deo
2111 3489 2129 3525 :
2152 3481 2207 3526 ut
2233 3488 2332 3526 nos
2381 3473 2590 3538 dooeat,
2621 3476 2794 3543 ipsum
2823 3494 2986 3533 unum
3026 3483 3277 3540 habuisse
3320 3504 3566 3560 scopum,

1973 3577 2032 3618 ut
2067 3564 2136 3618 ab
2175 3564 2266 3617 illo
2305 3565 2461 3616 oculo
2490 3564 2818 3632 laudaretur,
2855 3572 2942 3638 qui
2969 3573 3263 3630 dormitare
3290 3583 3566 3652 sepiriquo

1974 3656 2182 3720 nescit,
2221 3654 2460 3722 nihilque
2511 3658 2784 3713 curavisse
2844 3660 3128 3717 humanam
3182 3669 3431 3736 gloriam,
3484 3677 3573 3731 vel

1973 3745 2340 3815 ignominiam,
2366 3747 2447 3801 vel
2481 3749 2802 3804 irrisionem.
2823 3750 3127 3807 νειίμὶιιιιιυ
3155 3759 3295 3811 enim
3320 3773 3402 3816 est
3420 3779 3570 3832 eum,

1974 3853 2096 3890 cum
2129 3851 2322 3907 praeter
2351 3855 2554 3894 morem
2587 3842 2824 3894 omnium
2859 3843 3108 3899 virtutem
3151 3851 3376 3918 coleret,
3407 3852 3575 3912 fuisse

1976 3929 2359 3990 subsannattmt
2398 3941 2452 3985 et
2483 3933 2698 3986 irrisum
2744 3936 2812 3986 ab
2854 3938 3105 3991 omnibus
3151 3944 3443 4010 nequitiam
3486 3964 3570 4003 se-

1975 4023 2263 4086 etantibus,
2295 4025 2792 4092 quicousuevcrant
2827 4041 2922 4081 eos
2947 4032 3038 4098 qui
3070 4032 3209 4084 illam
3243 4038 3491 4103 vitarent,
3520 4051 3575 4096 et

1979 4114 2238 4168 virtutem.
2271 4117 2731 4184 amplexarentur,
2783 4120 3048 4186 irridere;
3090 4125 3140 4177 id
3172 4129 3313 4191 quod
3343 4141 3395 4184 et
3434 4148 3576 4191 nunc

1976 4218 2122 4272 tta-pe
2168 4203 2279 4258 fieri
2323 4207 2482 4260 solet.
2516 4202 2877 4276 Videtnusque
2905 4227 3098 4280 segnes
3132 4219 3328 4273 inultos
3355 4224 3447 4290 qui
3493 4228 3576 4280 ri-

1977 4311 2096 4348 smn
2132 4307 2185 4347 et
2227 4298 2697 4352 subsannationem
2740 4300 2881 4355 l'erre
2923 4317 3213 4371 nequeunt,
3253 4311 3347 4365 sed
3383 4318 3573 4381 prmfe.

1979 4397 2107 4440 runt
2134 4389 2420 4441 humanam
2448 4388 2673 4455 gloriam
2703 4405 2845 4444 vera:
2887 4402 2941 4445 et
2970 4394 3278 4465 immortali,
3321 4404 3577 4463 abstracti

1980 4486 2036 4530 et
2064 4477 2238 4529 allecti
2271 4480 2338 4531 ab
2367 4479 2593 4531 aliorum
2627 4480 2902 4534 hominum
2948 4486 3167 4539 malitia.
3199 4492 3404 4546 Animae
3430 4499 3574 4552 enim

1984 4568 2135 4621 {ortis
2161 4581 2212 4621 et
2244 4572 2540 4622 Constantis
2588 4582 2691 4634 est,
2739 4586 2893 4638 posse
2917 4576 3178 4630 obsistere
3214 4581 3276 4633 iis
3301 4587 3390 4651 qui
3425 4589 3578 4642 avel-

1983 4659 2095 4712 lere
2122 4659 2434 4723 moliuntur,
2467 4668 2519 4714 et
2549 4659 2677 4713 nihil
2703 4662 2877 4716 facere
2907 4675 2963 4717 ut
2994 4665 3300 4725 hominibus
3325 4673 3536 4742 placeat
3561 4697 3575 4731 τ

1985 4750 2080 4804 sed
2105 4751 2316 4803 oculum
2347 4766 2500 4803 suum
2543 4752 2821 4806 intendere
2848 4754 2915 4807 ad
2947 4757 3094 4809 illum
3131 4760 3421 4830 ittsopitum
3450 4784 3581 4822 οου-

1987 4842 2117 4906 lum,
2151 4851 2206 4897 et
2233 4843 2300 4896 ab
2329 4859 2393 4897 eo
2423 4844 2598 4897 solum
2634 4844 2858 4913 gloriam
2887 4862 3220 4918 exsliectare,
3245 4855 3580 4928 istornnique

1985 4935 2208 5002 gloriam
2253 4934 2548 5002 despicere,
2596 4937 2896 5002 nullinsque
2945 4939 3031 5006 piii
3077 4942 3249 4997 facere
3293 4945 3579 5005 humanam

1988 5023 2200 5076 laudem
2228 5025 2307 5077 vel
2340 5026 2603 5090 convicia,
2632 5027 2726 5078 sed
2759 5042 2819 5078 ea
2850 5031 3257 5093 prietermittere
3281 5046 3338 5090 ut
3367 5040 3583 5095 umbras

1989 5124 2045 5168 et
2083 5116 2314 5168 somnia.
2338 5114 2454 5169 Jzim
2487 5116 2573 5169 hic
2615 5131 2759 5185 su‘pe
2788 5119 2937 5172 multi
2969 5135 3072 5173 non
3107 5123 3339 5179 ferentes
3364 5127 3585 5197 injurias

1988 5203 2176 5258 decem
2217 5214 2310 5257 aut
2348 5205 2533 5273 viginti
2581 5206 2881 5273 hominum,
2929 5211 3012 5263 vel
3057 5213 3218 5267 etiam
3252 5220 3583 5288 pauciorum,

1989 5296 2313 5364 supplantati
2341 5306 2464 5349 sunt
2487 5306 2542 5350 et
2569 5313 2910 5351 corruerunt.
2941 5299 3031 5353 Est
3065 5305 3199 5356 enim
3225 5312 3460 5375 mnfttsio
3487 5319 3586 5368 du-

1991 5404 2108 5440 cens
2150 5389 2203 5440 in
2243 5399 2501 5457 peccatum
2532 5388 2722 5451 (Ecclt'.
2765 5391 2818 5442 4.
2860 5390 2975 5456 25).
3022 5391 3207 5462 Neque
3245 5413 3464 5463 parvum
3507 5412 3588 5457 est

1992 5476 2273 5545 despicere
2297 5479 2585 5532 irridentes
2611 5490 2665 5532 et
2691 5481 3078 5546 exprobrantes
3108 5495 3160 5536 et
3189 5487 3389 5542 salibus
3419 5492 3591 5546 inces~

1994 5579 2178 5624 sentes
2211 5589 2223 5623 :
2255 5583 2311 5622 at
2351 5571 2526 5638 jusws
2568 5572 2654 5624 ille
2709 5588 2816 5625 non
2867 5575 2987 5626 talis
3040 5585 3173 5628 erat.
3221 5576 3403 5647 Neque
3448 5587 3590 5640 enim

1999 5669 2204 5714 tan'um
2235 5661 2421 5715 decent
2455 5671 2507 5715 et
2554 5664 2735 5729 viginti
2766 5676 2820 5718 ct
2849 5677 3061 5718 centum
3096 5667 3362 5738 homines,
3407 5677 3497 5728 sed
3539 5690 3588 5733 ct

1998 5769 2214 5810 onmem
2249 5754 2521 5809 hominum
2547 5766 2811 5824 naturam,
2843 5767 2893 5812 et
2917 5766 2995 5812 tot
3023 5762 3292 5830 inyriadas
3319 5766 3585 5837 despexit.
