4068 6388
510 472 815 531 Verisimile
836 471 981 529 enim
1010 478 1094 526 est
1119 481 1309 524 omnes
1349 464 1471 522 illos
1522 462 1730 531 risisse,
1759 461 2082 526 traduxisse,

506 562 943 627 subsannavisse,
980 556 1336 615 debacchatus
1371 568 1514 622 esse,
1553 568 1619 611 ac
1642 553 1782 611 forte
1815 553 1997 617 etiam,
2037 550 2084 607 si

508 652 762 724 possibile
802 649 1011 715 fuisset,
1057 646 1351 703 dilacerare
1378 645 1633 701 voluisse.
1673 643 1897 713 Semper
1935 638 2083 697 enim

505 752 693 800 contra
741 742 989 797 virtutem
1032 736 1228 793 insanit
1280 735 1479 791 malitia
1510 752 1524 791 :
1555 736 1702 805 atqui
1748 748 1854 788 non
1907 731 2083 788 solum

510 833 641 888 nihil
667 832 740 887 illi
780 837 958 896 nocet,
1000 826 1094 883 sed
1133 835 1189 881 et
1228 824 1529 881 iniestando
1570 823 1843 879 fortiorem
1887 819 2082 877 reddit.

509 921 740 978 Tantum
763 920 906 975 enim
946 917 1158 973 virtutis
1185 924 1267 970 est
1293 915 1473 981 robur,
1510 923 1567 969 ut
1595 910 1847 983 patiendo
1869 919 2085 981 superet

510 1028 605 1067 nos
630 1012 719 1083 qui
746 1011 1015 1079 negotium
1059 1009 1160 1064 sibi
1197 1007 1419 1069 faciant,
1467 1015 1523 1061 et
1558 1018 1679 1060 cum
1721 1002 2083 1073 impugnatur,

511 1101 751 1157 hostibus
780 1100 872 1156 [lat
895 1099 1182 1171 potentior.
1214 1099 1388 1169 Atque
1433 1096 1486 1152 id
1535 1095 1588 1151 in
1615 1094 1796 1149 multis
1820 1092 2081 1148 videmus.

507 1192 775 1246 tianerum
802 1200 859 1243 ut
894 1190 1043 1247 vobis
1068 1188 1382 1244 occasiones
1403 1186 1734 1255 praebeamus
1759 1202 1772 1239 :
1803 1182 1886 1239 Do
1911 1184 2080 1249 enim,

509 1283 702 1352 inquit,
734 1281 947 1352 sapienti
973 1280 1304 1344 occasionem,
1335 1292 1382 1333 et
1407 1277 1681 1348 sapientior
1705 1279 1797 1331 erit
1827 1275 2006 1347 (Prov.
2028 1275 2082 1331 9.

507 1374 605 1445 9):
636 1386 815 1442 operte
856 1370 1086 1439 pretium
1129 1369 1285 1423 luerit
1321 1378 1375 1422 et
1411 1384 1474 1423 ex
1524 1368 1720 1434 Veteri,
1762 1381 1816 1422 et
1843 1382 1910 1422 ex
1938 1366 2086 1422 Novo

444 1448 446 1457 ἱ
508 1463 856 1519 Testamento
892 1458 1180 1529 Scriptura:
1219 1459 1371 1514 vobis
1394 1460 1584 1514 atl‘erre
1610 1459 1873 1527 exempta.
1900 1456 2084 1527 itaque

507 1554 705 1623 cogita,
736 1552 963 1607 obsecro
1008 1560 1088 1614 te,
1128 1548 1257 1604 Abel
1285 1563 1457 1604 nonne
1495 1549 1703 1603 occisus
1745 1556 1828 1602 est
1874 1562 1904 1600 ι
1951 1546 2084 1602 Cain

513 1641 667 1715 (Gen.
701 1640 795 1711 ψ
836 1653 1013 1694 nonne
1058 1636 1203 1693 humi
1242 1639 1577 1707 prostratus?
1617 1637 1721 1693 Sed
1765 1653 1834 1693 ne
1871 1646 2086 1708 spectes

506 1731 649 1801 quod
694 1729 1051 1803 pnevaluerit,
1093 1728 1459 1798 occideritque
1500 1742 1619 1782 eum
1662 1728 1746 1784 cui
1794 1729 2083 1795 invidebat,

506 1818 638 1873 nihil
663 1820 731 1871 ab
760 1818 851 1872 illo
874 1817 1066 1881 laesus;
1096 1817 1192 1872 sed
1227 1817 1502 1886 sequentia
1535 1817 1779 1887 expende
1808 1835 1823 1871 :
1852 1826 1912 1871 ut
1937 1817 2081 1871 scili-

508 1920 593 1962 cet
623 1908 832 1962 accisus
872 1907 963 1961 ille
1003 1907 1069 1960 ad
1111 1906 1214 1961 hoc
1255 1922 1422 1975 usque
1462 1915 1671 1976 tempus
1699 1906 2015 1975 przedieetur
2032 1916 2087 1963 et

506 2008 819 2063 coronetur,
850 2011 947 2051 nec
969 2004 1172 2050 tantum
1198 2005 1405 2066 tempus
1426 1997 1542 2065 ejus
1570 1998 1878 2051 memoriam
1906 1998 2087 2052 immi-

509 2095 669 2151 nuat;
709 2094 766 2140 at
801 2086 889 2155 qui
917 2085 1111 2141 occidit
1160 2095 1214 2141 et
1242 2085 1541 2154 prmvaluit,
1577 2086 1886 2141 etiamtunc
1921 2086 2085 2141 vitam

508 2188 679 2232 morte
730 2178 1029 2246 graviorem
1076 2176 1419 2240 sustinuerit,
1462 2185 1620 2247 atque
1647 2192 1712 2232 ex
1749 2193 1816 2232 eo
1846 2189 2085 2247 tempore

508 2282 674 2335 usque
702 2268 752 2320 in
785 2266 1098 2322 hodiernum
1140 2265 1445 2327 infametur.
1479 2274 1533 2321 et
1557 2266 1806 2321 omnibus
1832 2282 2083 2322 exsecra-

509 2355 638 2409 tioni
679 2356 955 2421 habeatur,
986 2371 1105 2411 cum
1148 2357 1238 2411 ille
1276 2357 1513 2427 quotidie
1542 2358 1781 2411 omnium
1807 2371 1902 2411 ore
1939 2357 2083 2412 cele-

508 2448 711 2502 bretur.
740 2447 807 2501 Et
846 2447 961 2503 hinc
987 2448 1197 2518 quidem
1227 2448 1279 2501 in
1308 2448 1558 2516 prmsenti
1584 2450 1691 2503 vita
1716 2466 1730 2501 :
1752 2464 1871 2516 quae
1898 2458 2082 2504 autem

509 2535 564 2589 in
599 2535 775 2588 futuro
800 2537 996 2590 steculo
1026 2536 1354 2605 contingent,
1386 2538 1503 2604 quis
1534 2551 1730 2602 sermo,
1769 2553 1889 2606 quae
1927 2552 2083 2595 mens

506 2640 759 2679 enarrare
790 2628 1008 2694 posset?
1032 2628 1106 2680 Ac
1132 2627 1477 2695 scio‘quidem
1513 2643 1630 2691 vos,
1661 2638 1841 2696 utpote
1870 2630 2082 2685 intelle-

505 2724 593 2767 ctu
625 2715 894 2782 prmditos,
940 2716 1103 2769 multa
1131 2715 1253 2769 talia
1284 2717 1338 2769 in
1370 2715 1659 2787 Scripturis
1698 2728 1950 2773 contenta
1994 2735 2085 2775 re-

505 2816 753 2873 perturus
796 2818 933 2859 esse.
984 2805 1113 2859 Nam
1162 2805 1263 2861 illm
1304 2805 1401 2860 hac
1429 2808 1496 2861 de
1543 2823 1702 2863 causa
1751 2810 1803 2863 in
1846 2820 2082 2865 nostram

504 2893 786 2946 utilitatem
834 2902 958 2948 sunt
998 2894 1231 2965 scriptre,
1274 2903 1333 2949 ut
1360 2897 1473 2950 hate
1506 2896 1793 2965 discentes,
1821 2900 2079 2955 malitiam

504 2983 766 3052 fugiamus
795 2985 1147 3055 virtutemque
1174 2986 1431 3040 colamus.
1453 2986 1545 3041 Vis
1569 2999 1623 3042 et
1651 2988 1701 3042 in
1721 2988 1871 3044 Novo
1899 2990 2083 3047 Testa-

512 3082 692 3127 ntcnto
735 3073 961 3141 idipsnm
1020 3074 1235 3129 videre?
1277 3075 1408 3131 Audi
1449 3076 1662 3133 beatum
1706 3079 1902 3135 Lucam
1945 3082 2082 3138 istud

507 3162 680 3231 ipsum
723 3160 791 3216 de
815 3163 1071 3230 apostolis
1096 3174 1419 3229 narrantem,
1454 3168 1542 3236 qui
1570 3167 1818 3236 llagellati
1846 3186 1877 3226 a
1905 3173 2087 3228 conci-

507 3251 579 3304 lio
622 3251 982 3306 discesserunt
1027 3253 1341 3320 gaudentes,
1378 3270 1445 3309 eo
1486 3258 1624 3325 quod
1669 3259 1815 3329 digni
1858 3260 2086 3318 hissent

505 3338 670 3394 habiti
713 3338 801 3410 qui
844 3355 941 3409 pro
983 3343 1198 3396 nomine
1238 3341 1437 3397 Christi
1491 3346 1691 3401 ferrent
1741 3350 2082 3418 ignominiam

505 3429 641 3500 (Λα.
665 3430 720 3485 5.
752 3429 863 3499 41).
886 3431 1120 3487 Tametsi
1152 3431 1357 3502 ﬂagella
1385 3450 1489 3488 non
1512 3437 1687 3504 gaudii
1713 3440 1819 3494 sint
1843 3445 2084 3498 occasio-

505 3536 622 3586 nes,
662 3520 756 3596 sed
806 3521 1032 3575 tristitia:
1072 3529 1129 3576 et
1166 3525 1411 3577 mirareris
1442 3542 1455 3577 :
1489 3525 1834 3582 nihilominus
1878 3530 2080 3602 ﬂagella

507 3619 725 3679 propter
756 3610 942 3673 Deum,
971 3620 1025 3665 et
1043 3626 1200 3665 causa
1234 3624 1449 3681 propter
1463 3632 1621 3684 quant
1654 3617 2078 3690 ﬂagellabantur,

506 3700 755 3769 gaudium
779 3700 859 3756 eis
887 3702 1179 3769 pariebant.
1224 3705 1289 3755 At
1320 3705 1353 3757 ii
1382 3707 1470 3775 qui
1499 3707 1849 3776 ilagellarant,
1879 3714 1930 3766 iu
1964 3731 2079 3770 ma-

505 3806 607 3861 gna
648 3790 811 3845 animi
838 3794 1272 3848 consternatione
1310 3806 1365 3849 ct
1410 3797 1739 3856 lia-sitationc
1770 3806 2082 3860 nesciebant

438 3946 444 3951 η
504 3883 634 3952 quid
672 3883 925 3936 iacerent.
960 3883 1092 3936 Audi
1118 3885 1257 3936 enim
1287 3885 1426 3951 illos,
1457 3892 1726 3954 quomodo
1755 3905 1876 3962 post
1901 3894 2083 3965 ﬂatch

508 3974 760 4026 lationem
801 3972 978 4025 animo
1008 3973 1282 4055 ﬂuctuent,
1324 3984 1379 4028 et
1416 3977 1596 4031 dicant
1626 3997 1637 4031 :
1674 3980 1809 4047 Quid
1842 3985 2083 4055 faciemus

507 4062 792 4116 hominibus
821 4061 926 4114 istis
951 4059 1083 4130 (Act.
1118 4051 1167 4116 ξι,
1205 4064 1330 4128 l6)?
1356 4065 1489 4131 Quid
1524 4068 1700 4121 dicis?
1731 4051 2079 4142 Flagellastis,

509 4150 802 4204 innumeris
847 4148 999 4202 malis
1044 4166 1136 4205 eos
1166 4153 1439 4221 aﬂ'eeistis,
1474 4167 1527 4210 et
1570 4160 1742 4215 adhuc
1786 4164 2081 4219 dubitatis?

504 4239 637 4294 'l‘am
678 4240 825 4293 fortis
863 4240 1278 4310 invictaqtte,res
1304 4254 1387 4299 est
1412 4250 1595 4313 virtus,
1624 4262 1676 4305 et
1704 4253 1827 4307 dum
1859 4258 2077 4326 patitur,

507 4334 760 4387 lit-dentes
786 4334 967 4387 vincit.

581 4424 635 4478 δ.
676 4423 781 4478 Sed
822 4439 889 4477 ne
919 4424 1172 4493 prolixior
1208 4426 1278 4479 sit
1301 4444 1498 4493 sermo,
1530 4435 1887 4489 necessarium
1920 4437 2081 4495 fuerit

508 4522 567 4567 ut
586 4514 779 4568 iterum
808 4514 873 4567 ad
901 4514 1101 4583 justum
1130 4527 1368 4571 nostrum
1399 4522 1700 4590 redeamus,
1728 4537 1779 4580 et
1815 4543 1934 4581 cum
1964 4541 2082 4583 stu-

505 4618 635 4673 pore
658 4605 983 4658 admiremur
1006 4606 1145 4659 lliius
1173 4606 1381 4661 virtutis
1412 4614 1790 4678 praestantiam.
1813 4626 2081 4686 quomodo

507 4710 702 4763 nempe
730 4694 980 4763 populum
1022 4696 1305 4763 ridentem,
1335 4698 1718 4771 ludiﬁcantem,
1747 4708 2082 4766 subsannan-

507 4795 635 4850 tem,
668 4783 1030 4839 traducentem
1066 4786 1278 4857 (iterum
1303 4790 1442 4844 enim
1462 4792 1645 4848 eadem
1672 4795 1794 4851 dico
1818 4810 1873 4852 et
1899 4799 2081 4856 dicere

503 4888 611 4928 non
652 4872 895 4941 cessabo)
943 4874 1219 4942 despicere
1258 4883 1313 4930 et
1344 4894 1596 4947 superare
1639 4888 1889 4951 potuerit.
1935 4888 2081 4955 Quo-

509 4963 706 5017 tnodol
750 4961 864 5031 Ego
893 4962 1087 5017 dicam.
1118 4965 1251 5029 Quia
1277 4969 1527 5022 continuo
1563 4971 1627 5025 ad
1658 4976 1869 5030 oculum
1907 4980 2076 5046 illum,

503 5053 594 5123 qui
623 5052 728 5105 l‘alli
757 5053 1024 5122 sopirique
1052 5055 1254 5123 nequit,
1274 5068 1450 5111 mente
1476 5065 1728 5130 respexit,
1755 5078 1933 5133 postea
1964 5069 2081 5127 haec

505 5142 678 5197 omnia
707 5143 857 5212 quasi
882 5156 987 5197 non
1008 5152 1189 5197 essent
1216 5146 1437 5199 curavit.
1469 5149 1529 5202 Et
1552 5154 1787 5220 proiecto
1804 5156 1879 5211 sic
1907 5172 1966 5215 se
1994 5175 2081 5215 res

508 5233 686 5299 habet,
712 5242 769 5286 ut
790 5247 911 5286 eum
934 5233 1052 5303 quis
1078 5234 1177 5288 hoc
1195 5251 1376 5292 amore
1400 5241 1611 5296 saucius
1632 5254 1731 5311 est,
1758 5254 1811 5300 et
1839 5247 1888 5301 in
1915 5248 2081 5305 Deum

505 5324 773 5379 desiderio
794 5340 894 5380 suo
922 5324 1105 5390 tendit,
1138 5327 1269 5381 nihil
1296 5329 1578 5388 visibilium
1602 5335 1809 5401 videat;
1838 5339 1928 5393 sed
1961 5356 2077 5409 per-

509 5424 664 5481 petuo
692 5429 812 5468 eum
853 5430 1011 5482 quem
1042 5413 1309 5471 desiderat
1336 5421 1669 5491 imaginetur,
1699 5438 1854 5482 nocte
1878 5432 2079 5486 scilicet

504 5514 666 5572 atque
702 5504 811 5569 die,
842 5506 1042 5561 cubans
1070 5516 1125 5561 et
1166 5524 1409 5579 surgens.
1451 5513 1526 5568 Ne
1553 5513 1711 5585 igitur
1751 5519 1940 5574 mirum
1985 5522 2078 5578 tibi

502 5594 592 5655 rit,
641 5592 687 5646 si
723 5600 777 5646 et
800 5594 973 5660 justus
1000 5597 1086 5651 ille
1122 5599 1288 5653 semel
1320 5616 1385 5654 eo
1415 5602 1586 5658 solum
1622 5608 1930 5676 respiciens,
1972 5628 2079 5668 non

503 5682 717 5738 curavit
759 5692 855 5732 eos
874 5678 966 5749 qui
995 5684 1339 5752 supplantare
1371 5693 1538 5765 ipsum
1567 5699 1915 5756 conabantur.
1943 5703 2074 5762 Nam

1200 353 1262 412 8.
1300 348 1580 412 JOANNIS
1611 344 2092 408 CHRYSlB‘lOHl
2128 344 2450 406 ARCIIIEP.
2488 344 3027 407 CONSTAN'I‘INOP.

2192 460 2433 534 esttibito
2463 462 2645 519 studio
2666 477 2788 530 suo,
2819 470 2875 518 et
2909 460 3148 517 divinam
3191 459 3415 533 gratiam
3455 470 3663 529 nactus,
3690 461 3783 519 his

2190 549 2442 607 omnibus
2464 550 2709 621 superior
2734 559 2869 607 erat.
2901 548 3016 607 Noe
3035 551 3201 616 enim,
3230 550 3419 622 inquit,
3444 550 3633 607 investit
3655 568 3781 624 gre-

2192 637 2316 695 tiam
2337 656 2509 696 eorum
2534 641 2754 696 Dousino
2778 640 2910 697 Deo.
2943 641 3177 697 Tametsi
3196 642 3343 698 omni
3373 642 3649 699 hominum
3677 657 3779 715 ge.

2193 730 2328 797 neri,
2353 732 2498 802 quod
2528 740 2653 787 tunc
2690 731 2829 797 erat,
2874 746 2981 786 non
3008 740 3153 788 esset
3186 741 3395 803 gratus,
3421 748 3597 803 neque
3624 750 3779 788 anta-

2194 818 2338 886 bilis,
2367 835 2436 876 eo
2465 820 2606 890 quod
2632 820 2850 877 nolebat
2884 821 3129 877 eamdem
3157 822 3405 879 incedere
3432 825 3593 892 visui,
3612 839 3781 895 quam

2194 907 2266 962 illi
2297 925 2312 962 :
2340 908 2479 980 apud
2517 924 2640 965 eum
2683 920 2863 966 tamen
2917 912 3008 981 qui
3050 911 3212 966 corda
3262 920 3529 967 scrutatur
3574 914 3785 969 invenit

2190 1001 2442 1071 gratiam,
2475 1004 2565 1073 qui
2608 1012 2663 1057 et
2702 1003 2846 1059 illius
2887 1013 3121 1067 mentem
3168 1005 3501 1077 approbavit.
3554 1007 3621 1061 Et
3646 1005 3782 1076 quid

2189 1090 2395 1156 damni,
2421 1092 2530 1160 die,
2567 1092 2861 1161 oriebatur,
2884 1096 3026 1163 quod
3069 1110 3099 1149 a
3126 1095 3517 1164 congencribus
3545 1096 3774 1151 subsan-

2190 1192 2410 1237 nanetur
2433 1192 2489 1237 et
2531 1184 2847 1239 irrideretur
2874 1203 2888 1237 :
2916 1200 3037 1239 eum
3070 1185 3116 1239 is
3156 1188 3245 1256 qui
3286 1185 3443 1241 tinxit
3470 1197 3634 1241 corda
3678 1200 3781 1241 no-

2188 1278 2323 1339 stra,
2376 1281 2435 1327 et
2481 1272 2730 1342 intelligit
2774 1274 2955 1328 omnia
2999 1289 3161 1343 opera
3208 1283 3413 1340 nostra,
3458 1275 3783 1345 praedicaret

2191 1363 2339 1421 illum
2374 1372 2429 1420 et
2457 1367 2780 1420 coronaret?
2805 1376 2860 1421 et
2885 1381 3004 1437 quae
3030 1368 3231 1421 utilitas
3260 1367 3485 1435 homini,
3515 1369 3562 1422 si
3601 1368 3777 1436 ipsum

2148 1488 2151 1491 -
2192 1459 2336 1508 totus
2375 1452 2527 1508 orbis
2579 1453 2876 1510 admiretur
2923 1463 2980 1510 et
3022 1455 3243 1521 laudet;
3281 1453 3543 1511 Conditor
3593 1466 3776 1511 autem

2189 1544 2452 1611 omnium,
2486 1555 2539 1617 et
2565 1544 2737 1601 iudex
2783 1547 2871 1615 qui
2896 1546 3067 1615 decipi
3098 1546 3307 1615 nequit,
3335 1547 3387 1601 in
3418 1545 3506 1601 die
3534 1547 3628 1602 illo
3661 1557 3778 1603 ter-

2191 1632 2328 1688 ribili
2372 1635 2827 1707 condemnaturus
2872 1635 2974 1690 sit"
3014 1636 3216 1707 Itaque,
3247 1636 3444 1699 dilecti,
3493 1652 3615 1693 cum
3658 1637 3781 1692 luce

2191 1724 2344 1779 nobis
2386 1700 2660 1795 coinperta
2703 1726 2834 1794 sint,
2861 1726 3060 1781 nullius
3091 1700 3244 1795 pensi
3271 1725 3565 1781 habeamus
3595 1729 3776 1783 homi-

2192 1829 2317 1869 num
2363 1816 2598 1883 laudem,
2631 1831 2806 1887 neque
2835 1817 2903 1872 ab
2946 1819 3052 1873 illis
3077 1819 3340 1895 cgiebrari
3375 1821 3566 1891 quovis
3613 1822 3778 1883 modo

2189 1919 2530 1974 quaeramus:
2559 1907 2655 1962 sed
2700 1920 2918 1979 propter
2958 1910 3104 1963 illum
3153 1911 3326 1965 solum
3370 1911 3458 1981 qui
3506 1921 3780 1967 scrutatur

2189 1997 2349 2068 corda
2402 2006 2457 2051 et
2494 2013 2675 2067 renes,
2715 1999 2928 2054 virtutis
2954 2014 3117 2069 opera
3156 1999 3433 2067 faciamus,
3474 2011 3531 2058 et
3556 2012 3794 2071 peccata.

2188 2084 2472 2156 fugiamus.
2937 2088 2940 2092 ’

2256 2174 2491 2231 Laudari
2532 2176 2849 2233 Christianus
2892 2181 2955 2234 ab
2980 2180 3211 2235 omnibus
3259 2181 3446 2251 nequit.
3474 2211 3545 2223 -—
3576 2178 3781 2250 Quatno

2187 2268 2371 2324 obrem
2405 2268 2650 2327 Christus
2673 2271 2925 2327 erudiens
2962 2288 3061 2326 nos
3083 2281 3141 2326 ut
3171 2287 3236 2328 ne
3286 2273 3565 2343 captandis
3595 2272 3776 2328 homi-

2190 2377 2317 2416 num
2360 2362 2606 2416 laudibus
2637 2363 2924 2429 inhiemtts,
2970 2374 3093 2434 post
3136 2366 3300 2420 multa
3329 2365 3431 2419 alia
3475 2367 3691 2421 tandem
3721 2375 3776 2423 et

2189 2452 2291 2508 hoc
2329 2452 2527 2515 intulit,
2574 2454 2755 2507 dicens
2790 2472 2803 2506 :
2839 2454 2926 2507 l’te
2973 2457 3128 2521 tabis,
3177 2458 3380 2522 quando
3429 2456 3777 2511 benedime

2186 2542 2320 2596 vobis
2346 2560 2516 2597 omnes
2546 2545 2769 2598 frontiue:
2790 2544 2937 2616 (Luc.
2962 2546 3014 2600 6.
3042 2546 3156 2615 26).
3187 2544 3474 2602 Considera
3506 2548 3778 2616 quomodo

2187 2649 2283 2703 per
2320 2632 2406 2688 ἴω
2428 2635 2583 2689 nobis
2609 2635 2845 2690 declarat
2873 2637 3165 2705 quotuplex
3196 2637 3315 2691 illos
3345 2652 3503 2707 pmna
3536 2647 3774 2693 maneat.

2194 2722 2281 2779 Vm
2306 2725 2450 2779 enim
2480 2725 2701 2781 iumenti
2745 2726 2987 2781 nuntium
3034 2729 3255 2783 verbum
3300 2738 3422 2786 est:
3452 2730 3594 2786 unde
3621 2731 3775 2800 quasi

2188 2816 2414 2872 miseros
2457 2832 2552 2873 eos
2593 2832 2790 2874 vocans
2811 2860 2826 2881 ,
2870 2819 2996 2875 dicit
3028 2837 3043 2874 :
3076 2819 3164 2874 Va:
3206 2820 3363 2887 vobis,
3394 2822 3596 2890 quando
3627 2822 3775 2878 bene-

2186 2910 2405 2963 dixeriut
2429 2910 2567 2963 vobis
2595 2926 2766 2964 autne;
2804 2911 3047 2965 homines.
3076 2913 3141 2966 Et
3174 2913 3296 2968 vide
3320 2928 3478 2983 quam
3508 2924 3665 2969 caute
3690 2914 3775 2969 di-

2185 3007 2350 3069 ctum,
2378 2998 2495 3054 Non
2523 3000 2833 3069 simpliciter
2855 3000 3006 3066 dixit,
3026 3001 3293 3067 homines,
3312 3002 3430 3069 sed,
3461 3000 3645 3058 Ouum
3672 3004 3771 3058 lto-

2188 3091 2365 3145 mines.
2396 3090 2728 3161 lmpossibile
2768 3093 2911 3146 enim
2945 3102 3047 3159 est,
3094 3103 3152 3148 ut
3191 3094 3275 3149 vir
3312 3094 3512 3164 probus
3545 3095 3634 3162 qui
3678 3109 3777 3164 per

2188 3188 2465 3251 angustam
2493 3189 2549 3235 et
2568 3189 2770 3247 arctam
2800 3180 3012 3235 virtutis
3055 3182 3197 3236 viam
3233 3183 3488 3247 ambulat,
3518 3191 3575 3239 et
3615 3197 3777 3237 man-

2189 3271 2311 3327 data
2340 3272 2580 3340 sequitur
2607 3272 2823 3334 Christi,
2856 3273 2922 3327 ab
2946 3272 3194 3326 omnibus
3221 3272 3485 3341 laudetur,
3515 3282 3572 3328 et
3596 3273 3773 3329 admi-

2188 3362 2376 3417 rationi
2408 3362 2682 3418 habeatur.
2711 3365 2803 3418 Est
2831 3366 2974 3419 enim
3002 3373 3058 3418 et
3083 3364 3171 3418 illa
3194 3366 3382 3434 ingens
3406 3366 3628 3433 malitia,
3657 3368 3773 3422 vir-

2188 3452 2286 3505 tuti
2313 3451 2603 3507 adversari.
2626 3454 2856 3509 Proinde
2879 3456 3131 3510 Dominus
3151 3460 3329 3511 sciens
3350 3473 3453 3512 non
3476 3472 3635 3526 posse
3653 3460 3772 3515 ﬁeri

2187 3551 2245 3596 ut
2271 3543 2317 3596 is
2342 3542 2432 3612 qui
2447 3544 2690 3597 virtutem
2720 3544 2999 3613 diligenter
3014 3556 3250 3612 exercet,
3273 3547 3411 3601 etab
3429 3548 3545 3616 ipso
3564 3555 3771 3604 tantum

2186 3632 2395 3688 laudem
2414 3642 2472 3687 ut
2487 3636 2710 3704 accipiat
2730 3637 3085 3703 praestolatur,
3108 3637 3175 3691 ab
3198 3637 3445 3693 omnibus
3466 3638 3773 3697 hominibus

2187 3722 2448 3790 laudetur,
2479 3733 2534 3778 et
2561 3725 2699 3779 bene
2725 3726 2924 3790 audiat,
2968 3726 3087 3780 ideo
3124 3728 3349 3781 miseros
3376 3738 3533 3782 vocat
3560 3744 3657 3785 eos
3678 3731 3769 3801 qui

2186 3824 2402 3885 propter
2445 3814 2730 3868 humanam
2782 3816 2990 3871 laudem
3018 3817 3268 3871 virtutem
3312 3820 3603 3889 negligunt.
3635 3821 3767 3880 Nam

2185 3905 2443 3961 celebrari
2473 3905 2541 3959 ab
2568 3908 2832 3971 omnibus,
2864 3908 3151 3963 maximum
3196 3909 3357 3965 fuerit
3394 3922 3768 3981 argumentum

2185 4008 2289 4049 non
2311 4010 2552 4066 magnam
2576 3996 2757 4051 haberi
2780 3999 2987 4053 virtutis
3012 4002 3292 4056 rationem.
3316 4002 3597 4069 Quomodo
3622 4005 3769 4060 enim

2186 4086 2251 4139 ab
2277 4086 2527 4140 omnibus
2552 4087 2764 4156 probari
2797 4090 2993 4159 poterit
3016 4090 3096 4144 vir
3120 4090 3313 4157 bonus,
3343 4092 3389 4146 si
3428 4094 3539 4147 vult
3574 4094 3767 4163 injuria

2183 4175 2402 4229 aﬂectos
2431 4176 2638 4244 eripere
2658 4177 2725 4230 ab
2751 4179 2816 4231 iis
2839 4180 2925 4246 qui
2955 4180 3144 4248 injuria
3170 4180 3426 4249 afﬁciunt,
3454 4193 3507 4238 et
3537 4199 3635 4239 eos
3672 4188 3763 4255 qui

2186 4274 2465 4328 vexantur,
2496 4265 2565 4319 ab
2588 4266 2652 4319 iis
2678 4267 2767 4337 qui
2798 4267 2933 4321 male
2969 4267 3205 4323 faciunt?
3244 4271 3312 4326 Et
3351 4272 3543 4328 iterum
3583 4276 3628 4329 si
3658 4277 3769 4332 vult

2183 4358 2453 4424 conigere
2480 4365 2780 4424 peccantes,
2806 4368 2861 4413 et
2886 4360 3104 4416 laudare
3128 4362 3264 4418 bene
3300 4375 3541 4436 agentes,
3588 4383 3771 4427 nonne

2184 4446 2473 4500 verisimile
2505 4455 2607 4512 est,
2634 4462 2754 4501 eum
2795 4446 2865 4502 ab
2891 4450 3009 4505 aliis
3052 4451 3398 4523 laudandum,
3432 4455 3504 4513 ab
3542 4459 3664 4514 aliis
3692 4459 3771 4516 vi-

2181 4539 2544 4609 tuperandum
2568 4540 2714 4593 esse?
2731 4540 3016 4608 Propterea
3040 4549 3233 4608 inquit:
3257 4542 3342 4594 l’ce
3363 4545 3525 4607 vocis,
3546 4541 3764 4612 quando

2176 4632 2320 4684 vobis
2344 4627 2696 4681 benedixeriut
2710 4642 2888 4680 omnes
2902 4628 3156 4681 homines.
3173 4628 3459 4692 Quomodo
3472 4631 3635 4700 igitur
3648 4649 3761 4688 non

2178 4720 2287 4776 erit
2311 4714 2670 4774 admirationie
2702 4731 2757 4774 et
2787 4719 2949 4773 laude
2974 4719 3173 4789 dignus
3202 4720 3385 4789 justus
3410 4723 3530 4786 iste,
3577 4724 3669 4790 qui
3694 4740 3759 4778 ea

2180 4827 2300 4881 qua:
2319 4811 2571 4866 Christus
2598 4811 2895 4865 adveniens
2918 4809 3126 4873 decuit,
3156 4812 3309 4879 prius
3335 4810 3448 4879 ipse
3471 4826 3502 4865 a
3523 4811 3640 4881 lege
3660 4828 3762 4865 na-

2182 4910 2318 4956 tura:
2334 4902 2581 4966 edoctus,
2603 4901 2943 4955 deditissitna
2967 4915 3129 4970 opera
3154 4902 3490 4971 adimplevit,
3516 4902 3761 4958 laudent-

2179 5006 2287 5061 que
2310 4991 2605 5046 humanam
2626 4991 3286 5061 contenmendo,gratiam
3311 4992 3455 5062 apud
3469 4992 3639 5047 Deum
3665 5008 3763 5062 per

2180 5081 2437 5137 virtutem
2467 5081 2710 5137 invenire
2741 5082 2987 5137 studuit?
3013 5081 3129 5138 Noe
3149 5083 3317 5151 enim,
3344 5085 3541 5156 inquit,
3563 5085 3762 5141 inuenit

2182 5176 2410 5244 gratiam
2430 5191 2611 5228 coram
2638 5174 2859 5228 Domino
2882 5174 3011 5230 Deo.
3041 5175 3308 5232 Ceterum
3331 5177 3509 5247 ipsum
3540 5187 3766 5248 propter

2182 5268 2411 5322 virtutes
2439 5282 2578 5338 quas
2618 5266 2849 5321 habebat
2888 5266 3161 5323 invenisse
3185 5268 3418 5338 gratiam
3445 5282 3633 5324 curam
3656 5268 3763 5324 Do-

2184 5359 2334 5412 mino
2375 5357 2507 5424 Deo,
2540 5358 2782 5434 narravit
2814 5357 2975 5412 nobis
3003 5358 3346 5415 admirabilis
3377 5359 3469 5414 ille
3494 5360 3760 5429 propheta

2184 5450 2388 5518 Spiritu
2417 5460 2606 5503 sancto
2632 5448 2845 5503 adlatus
2881 5464 2895 5500 :
2928 5463 3104 5517 opera:
3136 5451 3369 5519 pretium
3406 5450 3591 5520 itaque
3623 5459 3684 5503 ut
3704 5458 3762 5505 et

2184 5543 2463 5611 Sequentia
2493 5542 2791 5605 discamus,
2816 5548 2872 5594 et
2896 5540 3178 5595 videamus
3201 5540 3331 5611 quid
3356 5540 3423 5594 de
3447 5540 3540 5594 illo
3563 5539 3763 5595 sentiat

2187 5633 2349 5688 Deus.
2382 5632 2437 5687 9.
2479 5631 2578 5688 llw
2599 5643 2797 5699 autem,
2824 5632 3021 5703 inquit,
3051 5646 3172 5688 sunt
3196 5634 3557 5704 generationes
3594 5632 3710 5687 Noe
3744 5648 3762 5686 :

2189 5724 2302 5780 Noe
2328 5726 2480 5779 homo
2508 5726 2698 5785 iustus.
2729 5724 2992 5795 perfectus
3030 5727 3083 5780 in
3123 5730 3453 5796 generatione
3480 5740 3625 5787 suo;
3660 5722 3762 5777 lico
