4068 6376
266 313 379 374 199

263 427 480 493 δίκαιος
499 420 659 492 οὗτος
692 428 793 500 οὑχ
809 426 1002 492 οὑτως.
1049 425 1124 480 Οὑ
1161 421 1324 495 μόνον
1364 423 1474 496 γάρ
1487 423 1629 479 δέκα
1664 425 1759 479 καὶ
1784 423 1960 478 εῐκοσι

267 516 370 569 καὶ
397 515 597 569 ἐκατδν
625 515 947 587 ἀνθρώπων,
987 511 1127 567 ἀλλὰ
1152 512 1247 564 καὶ
1271 509 1454 582 πάσης
1477 511 1578 582 τῆς
1604 511 1716 565 τῶν
1746 509 1962 581 ἀνθρώ-

270 617 394 654 πων
419 599 661 670 φύσεως,
694 601 791 655 καὶ
820 599 1097 672 μυριάδων
1125 597 1402 652 τοσούτων
1453 597 1760 670 ὑπερεῖδεν.
1799 595 1962 660 Είκὸς

268 686 384 760 7&9
410 687 663 752 άπαντας
697 686 897 752 αὐτοὺς
942 685 1251 758 καταγελᾷν
1271 725 1288 749 ,
1316 684 1622 756 κωμῳδεῖν,
1655 684 1959 756 χλευάζειν,

271 772 479 845 πολλὴν
505 773 614 844 τὴν
634 771 922 844 παροινίαν
946 773 1076 844 περὶ
1096 771 1263 827 αὐτὴν
1289 771 1718 836 ἐπιδείκνυσθαι,
1745 770 1878 834 ῐσως
1903 769 1963 823 δέ

271 857 310 929 ἢ
333 861 433 913 καὶ
457 858 748 930 βούλεσθαι
774 858 1027 930 διασπᾷν,
1069 859 1120 912 εί
1145 854 1260 912 οίόν
1281 860 1342 913 τε
1369 853 1461 930 ἧν.
1503 856 1714 928 Πολλὴν
1735 856 1846 930 γάρ
1875 856 1966 911 άεὶ

272 948 376 1018 τὴν
406 947 609 1018 μανίαν
633 945 1003 1000 ἐπιδείκνυται
1030 947 1064 1018 ὴ
1094 946 1262 1000 κακία
1287 945 1428 1001 κατά
1446 945 1547 1018 τῆς
1575 945 1779 1018 ἀρετῆς
1801 961 1814 976 ·
1844 942 1964 998 ἀλλ’

272 1033 336 1087 οὑ
380 1033 546 1104 μόνον
576 1033 731 1088 οὐδὲν
756 1032 929 1104 αὑτὴν
981 1031 1231 1103 βλάπτει,
1284 1031 1425 1087 ἀλλά
1451 1035 1551 1088 καὶ
1599 1033 1664 1087 τὸ
1705 1031 1964 1103 πολεμεῖν

277 1121 840 1194 ίσχυροτέρανιαὺτὴν
871 1119 1267 1193 ἀπεργάζεται.
1297 1119 1548 1193 Τοσαύτη
1583 1122 1694 1193 γὰρ
1720 1120 1822 1192 τῆς
1839 1119 1966 1190 09c-

274 1208 378 1282 τῆς
413 1212 449 1282 η
483 1211 660 1281 ίσχὺς,
686 1210 773 1263 δτι
798 1211 859 1263 ἐν
884 1207 964 1279 τῷ
996 1208 1230 1278 πάσχειν
1268 1208 1376 1262 τῶν
1418 1195 1720 1262 ποιούντων
1746 1203 1964 1278 περιγί-

274 1312 451 1361 νεται,
486 1295 586 1350 καὶ
618 1299 676 1350 ἐν
702 1294 782 1366 τῷ
810 1306 837 1337 ι
871 1293 1230 1365 πολεμεῖσθαι
1257 1293 1369 1349 τῶν
1414 1294 1795 1366 πολεμούντων
1823 1295 1964 1349 ἀνω-

273 1383 418 1456 τέρα
440 1382 787 1438 καθίσταται.
814 1381 926 1438 Καὶ
957 1380 1119 1435 τοῦτο
1143 1381 1319 1437 ἔνεστι
1359 1382 1458 1454 μέν
1480 1383 1548 1436 ἐκ
1592 1381 1804 1436 πολλῶν
1833 1399 1962 1436 συν-

279 1471 430 1526 ιδεῖν.
461 1472 581 1525 Ἵνα
609 1469 667 1525 δέ
719 1469 976 1540 ἀφορμάς
1015 1470 1144 1539 ὑμῖν
1188 1470 1564 1541 παράσχωμεν
1614 1468 1813 1539 (Δίδου
1854 1469 1965 1541 γάρ

277 1555 434 1624 φησι,
463 1552 639 1623 σοφῷ
686 1551 989 1623 ἀφορμὴν,
1014 1553 1116 1606 καὶ
1145 1550 1488 1621 σοφώτερος
1519 1552 1715 1619 ἔσται)
1737 1590 1754 1616 ,
1803 1552 1968 1620 ἀναγ-

276 1644 436 1695 καῖον
466 1641 565 1696 καὶ
598 1641 664 1694 ἐκ
691 1640 792 1710 τῆς
829 1639 1074 1704 Παλαιᾶς
1107 1640 1205 1693 καὶ
1237 1641 1303 1693 ἐκ
1331 1640 1430 1712 τῆς
1451 1640 1660 1710 Καινῆς
1689 1639 1757 1693 τά
1786 1655 1967 1709 παρα-

275 1723 550 1796 δείγματα
570 1725 702 1794 ὑμῖν
727 1725 1093 1795 παραγαγεῖν.
1120 1723 1323 1777 Ἐννόει
1354 1741 1443 1794 μοι
1465 1723 1646 1777 τοίνυν
1663 1722 1757 1778 τὸν
1776 1721 1963 1776 Ἀϐελο

275 1810 402 1881 οὐχὶ
429 1809 672 1883 ἀνῃρέθη
709 1810 817 1863 ὑπὸ
846 1808 943 1862 τοῦ
993 1808 1166 1872 Κάῐν;
1195 1810 1318 1879 οὐχὶ
1365 1809 1461 1862 ἐπὶ
1505 1808 1601 1863 τοῦ
1633 1808 1866 1878 ἐδάφους
1896 1804 1966 1879 ἦν

277 1897 653 1970 ἐῤῥιμμένοςς
697 1896 859 1950 ’Δλλά
897 1896 976 1968 μὴ
999 1894 1160 1949 τοῦτο
1190 1896 1384 1950 σκόπει
1402 1936 1418 1963 ,
1459 1896 1543 1950 δτι
1569 1897 1842 1967 ἐκράτησε
1871 1895 1968 1949 καὶ

278 1983 657 2056 περιεγένετο,
690 1983 786 2037 καὶ
808 1982 986 2036 ἀνεῖλε
1007 1982 1099 2036 τὸν
1137 1981 1525 2053 φθονούμενον,
1560 1984 1654 2037 καὶ
1680 1983 1833 2036 οὐδὲν
1851 1983 1969 2054 ἠδι-

281 2069 495 2140 κηκότα
519 2083 536 2098 ⁸
570 2069 708 2123 όλλά
746 2069 817 2122 τά
857 2069 998 2139 μετά
1047 2067 1222 2123 ταῦτα
1253 2068 1493 2138 λογίζου,
1517 2071 1601 2125 ὅτι
1629 2073 1658 2126 ό
1689 2071 1787 2142 μέν
1817 2071 1970 2125 ἀναι-

283 2154 488 2225 ρεθεὶς.
530 2154 592 2222 ἐξ
642 2153 852 2208 ἐκείνω
882 2155 1045 2227 μέχρι
1090 2153 1186 2208 τοῦ
1215 2155 1312 2210 νῦν
1361 2157 1822 2230 άνακηρύττεται,
1874 2158 1972 2212 καὶ

284 2239 672 2312 στεφανοῦται,
729 2239 825 2295 καὶ
857 2241 887 2294 0
930 2242 1190 2307 τοσοῦτος
1222 2244 1417 2316 χρόνος
1466 2245 1567 2314 τὴν
1612 2245 1835 2316 μνήμην
1869 2244 1972 2300 οὑκ

282 2328 565 2399 ἐμάρανεν
587 2345 604 2362 ο
638 2328 668 2380 0
721 2328 778 2381 δέ
808 2327 1033 2392 ἀνελὼν,
1071 2329 1165 2384 καὶ
1206 2329 1649 2401 περιγενόμενος,
1701 2332 1797 2385 καὶ
1846 2331 1971 2385 τότε

285 2415 433 2487 ζωὴν
455 2414 693 2469 θανάτου
721 2415 1029 2488 βαρυτέραν
1061 2416 1324 2490 ὑπέμενε,
1352 2416 1452 2471 καὶ
1482 2417 1543 2483 ἐξ
1565 2417 1776 2472 ἐκείνου
1807 2418 1973 2490 μέχρι

285 2499 382 2556 τοῦ
405 2501 506 2556 νῦν
529 2494 686 2566 οὗτος
716 2501 815 2573 μὲν
845 2501 1244 2573 στηλιτεύεται,
1280 2503 1377 2558 καὶ
1418 2502 1519 2568 1&;
1545 2502 1702 2576 παρά
1753 2503 1974 2560 πάντων

286 2587 628 2659 κατηγορίας
660 2585 898 2658 δέχεται,
928 2590 1140 2653 ἐκεῖνος
1168 2589 1225 2643 δέ
1248 2588 1375 2644 καθ’
1399 2590 1640 2660 ἐκάστην
1668 2590 1884 2662 ἡμέραν
1913 2593 1975 2645 ἐν

284 2675 401 2738 τοῖς
423 2673 686 2728 ἀπάντων
710 2673 894 2745 ᾅδεται
918 2673 1171 2745 στόμασι.
1197 2677 1310 2729 Καὶ
1327 2674 1503 2731 ταῦτα
1524 2676 1625 2746 μὲν
1649 2677 1708 2732 ἐν
1727 2675 1808 2748 τῷ
1835 2694 1976 2749 παρ-

285 2760 403 2815 όντι
421 2759 545 2832 βίῳ,
575 2761 645 2816 τά
667 2761 726 2816 δέ
757 2763 817 2815 ἐν
841 2761 922 2834 τῷ
958 2762 1208 2834 μέλλοντι
1245 2764 1406 2819 αίῶνι
1452 2766 1605 2828 ποῖος
1629 2763 1806 2835 λόγος,
1846 2765 1976 2820 ποία

286 2846 498 2903 διάνοια
531 2847 882 2920 παραστῆσαι
900 2848 1192 2920 δυνήσεται
1217 2851 1363 2917 ;Καὶ
1386 2845 1506 2903 οῖδα
1532 2851 1632 2921 μὲν
1659 2851 1743 2904 ὅτι
1765 2853 1978 2906 συνετοὶ

286 2934 444 3000 ὄντες
481 2936 654 2990 πολλὰ
704 2936 801 2991 καὶ
853 2935 1090 3006 διάφορα
1139 2936 1308 3008 ἔτερα
1343 2935 1570 2990 τοιαῦτα
1623 2938 1888 3008 εὑρήσετε
1918 2939 1978 2991 ἐν

287 3025 413 3086 ταῖς
437 3024 685 3095 Γραφαῖς
716 3023 968 3094 κείμενα.
1000 3023 1102 3079 Διά
1143 3024 1254 3095 7&9
1290 3023 1448 3078 τοῦτο
1479 3023 1791 3094 γέγραπται
1839 3024 1978 3095 προς

288 3111 563 3181 ὠφέλειαν
587 3111 684 3182 τὴν
712 3110 1012 3181 ἡμετέραν,
1046 3109 1191 3163 ὥστε
1227 3109 1404 3164 ταῦτα
1447 3109 1822 3180 μανθάνοντας
1847 3109 1979 3180 φεύο

288 3213 410 3265 γειν
445 3195 551 3267 μὶν
599 3195 699 3267 τὴν
750 3195 974 3262 κακίαν,
1006 3197 1282 3267 προτιμᾷν
1314 3195 1372 3249 δέ
1399 3195 1500 3267 τὴν
1533 3196 1755 3267 ἀρετήν.
1789 3196 1979 3250 Βούλει

290 3283 389 3337 καὶ
413 3284 474 3336 ἐν
500 3284 570 3354 τῇ
597 3283 776 3353 Καινῇ
805 3282 865 3335 τὸ
887 3281 1019 3335 αὑτὸ
1048 3280 1209 3335 τοῦτο
1237 3281 1364 3336 ίδεῖν
1388 3299 1404 3348 ;
1445 3283 1645 3336 "Amos
1665 3282 1761 3336 τοῦ
1804 3299 1982 3354 μακα-

294 3368 412 3439 ρίου
439 3368 628 3423 Δουκᾶ
645 3368 707 3421 τὸ
737 3368 868 3421 αὐτὸ
891 3367 1051 3422 τοῦτο
1065 3368 1426 3440 διηγουμένου
1451 3370 1580 3442 περὶ
1603 3370 1715 3423 τῶν
1745 3370 1978 3424 ἀποστό-

291 3455 424 3519 λων,
461 3456 546 3510 ὅτι
599 3453 1041 3525 μαστιγωθέντες
1073 3454 1384 3527 ἀνεχώρουν
1430 3456 1541 3510 ἀπὸ
1569 3457 1666 3510 τοῦ
1701 3457 1980 3529 συνεδρίου

291 3542 598 3614 χαίροντες,
652 3542 734 3596 ὅτι
787 3540 1206 3612 κατηξιώθησαν
1246 3541 1387 3614 ὑπέρ
1427 3541 1523 3594 τοῦ
1571 3543 1836 3614 ὀνόματος
1887 3543 1981 3597 τοῦ

293 3625 536 3697 Χριστοῦ
561 3625 950 3696 ἀτιμασθῆναι.
994 3624 1186 3678 Καίτοι
1220 3642 1283 3694 γε
1307 3627 1366 3678 αί
1415 3625 1680 3696 μάστιγες
1704 3628 1765 3680 οὑ
1805 3629 1986 3698 χαρᾶς

291 3706 436 3784 ἦσαν
468 3713 739 3783 ἀφορμαὶ,
769 3709 908 3765 ἀλλά
931 3710 1109 3781 λύπης
1143 3712 1238 3765 καὶ
1286 3712 1558 3784 ἀθυμίας·
1606 3713 1745 3768 ἀλλά
1791 3716 1848 3767 αί
1894 3715 1983 3768 διά

292 3802 387 3855 10v
412 3801 548 3855 Θεὸν
571 3801 855 3870 μάστιγες,
889 3801 986 3853 καὶ
1007 3802 1041 3870 ὴ
1069 3799 1345 3864 ὑπόθεσις,
1388 3801 1455 3854 δι’
1491 3802 1557 3873 ὴν
1601 3802 1982 3872 ἐμαστίζοντο,

294 3890 395 3962 τὴν
433 3889 610 3960 χαράν
631 3887 817 3952 αὑτοῖς
845 3887 1048 3942 ἔτικτε.
1085 3888 1197 3942 Καὶ
1231 3891 1280 3942 οί
1315 3889 1418 3959 μὲν
1452 3889 1900 3959 μαστιγώσαντες
1927 3894 1988 3945 ἐν

296 3974 504 4044 ἀπορία
529 3973 698 4044 πολλῇ
731 3974 830 4026 καὶ⁵
854 3974 1142 4045 ἀμηχανίᾳ
1175 3975 1633 4045 καθεστήκεισαν,
1663 3978 1763 4031 οὑκ
1784 3977 1985 4042 είδότες

295 4061 327 4115 ὃ
350 4078 405 4114 τι
444 4059 749 4132 πράξωσιν.
790 4060 990 4115 ’Δκουε
1025 4061 1137 4132 γάρ
1163 4061 1345 4115 αὑτῶν
1374 4061 1470 4114 καὶ
1496 4062 1635 4131 μετὰ
1665 4063 1766 4127 τάς
1789 4064 1985 4134 μάστι.

299 4163 402 4216 γας
431 4143 861 4216 διαπορούντων,
913 4145 1011 4198 καὶ⁸
1030 4144 1298 4213 λεγόντων
1321 4160 1332 4176 ⁸
1373 4147 1434 4200 Τί
1484 4146 1818 4219 ποιήσομεν
1863 4151 1988 4218 τοῖς

297 4232 632 4301 ἀνθρώποις
680 4233 948 4297 τούτοις-ς
986 4232 1054 4286 Τί
1111 4232 1322 4301 λέγεις;
1393 4235 1774 4306 Ἐμαστίξατε,
1818 4238 1987 4308 μυρία

298 4319 448 4376 κακά
470 4320 784 4390 διεθήκατε,
818 4320 911 4374 καὶ
937 4319 1020 4373 ἔτι
1047 4320 1337 4391 ἀπορεῖτες
1363 4320 1631 4375 Τοσοῦτόν
1652 4323 1801 4375 ἐστιν
1835 4325 1987 4394 ίσχυ-

304 4407 398 4478 ρδν
429 4407 670 4478 πρᾶγμα
711 4407 805 4459 καὶ
836 4406 1136 4477 άχείρωτον
1165 4409 1199 4477 ή
1232 4407 1400 4479 ἀρετὴ
1420 4446 1436 4473 ,
1492 4408 1587 4462 καὶ
1631 4408 1691 4462 ἐν
1733 4410 1882 4480 αὑτῷ
1910 4411 1989 4483 τῷ

301 4496 534 4567 πάσχειν
564 4495 676 4548 τῶν
705 4495 1004 4548 ποιούντων
1033 4494 1454 4566 περιγινομένη.

373 4589 445 4651 γ’.
477 4581 620 4635 Ἀλλ’
654 4582 741 4634 ἴνα
759 4580 835 4652 μὴ
864 4580 1074 4651 μακρὸν
1102 4580 1348 4652 ποιῶμεν
1368 4581 1462 4634 τὸν
1487 4581 1666 4650 λόγον,
1692 4581 1990 4652 ἀναγκαῖον

303 4669 466 4724 πάλιν
487 4667 808 4722 ἐπανελθεῖν
832 4669 928 4720 ἐπὶ
951 4667 1046 4720 τὸν
1071 4666 1278 4721 δίκαιον
1297 4665 1508 4734 τοῦτον,
1529 4668 1625 4721 καὶ
1647 4668 1990 4740 ἐκπλαγῆναι

302 4755 470 4810 αὑτοῦ
498 4756 599 4823 τῆς
627 4753 832 4824 ἀρετῆς
863 4753 961 4824 τὴν
989 4754 1316 4825 ὑπερϐολὴν,
1353 4755 1472 4817 πῶς
1502 4755 1690 4824 ἴσχυσε
1732 4757 1988 4810 τοσούτου

300 4844 473 4915 δήμου
503 4836 937 4910 καταγελῶντος,
965 4839 1413 4909 ἐπεμϐαίνοντας,
1437 4840 1813 4910 χλευάζοντος,
1841 4862 1992 4914 κωμ-

302 4928 566 5001 ῳδοῦντος
600 4927 794 4998 (πάλιν
821 4928 928 4998 γὰρ
958 4925 1028 4978 τὰ
1058 4926 1198 4979 αὑτὰ
1244 4926 1410 4994 λέγω,
1432 4928 1525 4979 καὶ
1569 4927 1742 4994 λέγων
1772 4929 1833 4981 οὑ
1853 4930 1992 4982 παύ-

306 5018 514 5094 σομαι).
539 5014 838 5084 ὑπεριδεῖν,
869 5015 962 5066 καὶ
1008 5012 1279 5084 ἀνώτερος
1318 5012 1588 5081 γενέσθαι.
1643 5013 1800 5080 Πῶς;
1848 5017 1992 5083 Ἐγὼ

310 5100 466 5173 λέγω
497 5099 719 5171 Ἐπειδὴ
739 5098 1004 5168 διηνεκῶς
1031 5098 1178 5171 ἐώρα
1201 5097 1339 5169 πρὸς
1353 5098 1445 5151 τὸν
1467 5099 1766 5170 ἀκοίμητον
1791 5101 1993 5170 όφθαλυ

308 5190 426 5260 μὸν,
465 5190 585 5241 ἐκεῖ
626 5186 925 5257 τεταμένον
973 5181 1087 5256 εἶχε
1133 5187 1234 5255 τῆς
1265 5184 1415 5257 [209]
1445 5187 1688 5251 διανοίας
1718 5188 1780 5240 τὸ
1809 5188 1988 5260 ὄμμα,

306 5277 396 5331 καὶ
426 5275 616 5330 λοιπὸν
643 5273 851 5327 τούτων
885 5273 1143 5327 ἁπάντων
1175 5274 1251 5335 ὡς
1279 5274 1432 5327 οὐδὲν
1477 5273 1650 5326 ὄντων
1677 5275 1986 5345 ἐφρόντιζε.

304 5365 416 5418 Καὶ
441 5361 554 5433 γάρ
579 5358 754 5423 οὑτως
788 5360 905 5429 ἐχει
925 5374 939 5390 ⁸
976 5358 1199 5412 ἐπειδὰν
1243 5359 1353 5428 γάρ
1389 5377 1475 5422 τις
1501 5359 1684 5430 τρωθῇ
1711 5361 1792 5429 τῷ
1823 5361 1988 5432 ερωτι

306 5452 517 5518 ἐκείνῳ,
549 5447 643 5501 καὶ
667 5447 746 5509 είς
776 5447 868 5499 τὸν
892 5445 1030 5517 πρὸς
1055 5447 1147 5500 τὸν
1178 5446 1311 5499 Θεὸν
1332 5445 1496 5499 πόθον
1523 5448 1716 5500 ἐαυτὸν
1747 5450 1987 5522 ἐκτείνῃ,

308 5536 455 5590 οὐδὲν
475 5536 666 5603 ἕτερον
690 5535 794 5606 ὁρᾷ
821 5533 930 5587 τῶν
962 5534 1280 5605 ὁρωμένων,
1307 5535 1445 5588 ἀλλά
1472 5535 1736 5605 διηνεκῶς·
1782 5537 1989 5594 ἐκᾰνον

309 5620 636 5691 φαντάζεται
663 5621 755 5674 τὸν
785 5619 1136 5691 ποθούμενον,
1163 5624 1257 5674 καὶ
1283 5624 1341 5675 ἐν
1370 5624 1546 5685 νυκτὶ,
1580 5623 1674 5674 καὶ
1696 5623 1754 5675 ἐκ·
1781 5623 1986 5693 ἡμέρα,

309 5710 398 5761 καὶ
419 5707 825 5778 κοιταζόμενος,
852 5707 947 5760 καὶ
964 5708 1396 5779 διανιστάμενος.
1423 5710 1516 5780 Μὴ
1546 5710 1726 5762 τοίνυν
1767 5727 1825 5762 σε
1850 5711 1988 5776 ξενι-

309 5794 466 5861 ζέτω,
489 5795 539 5848 εί
576 5795 674 5848 καὶ
703 5794 733 5845 ὁ
754 5793 963 5858 δίκαιος
994 5789 1148 5858 οὗτος
1173 5796 1322 5862 ἅπαξ
1347 5798 1466 5849 ἐκεῖ
1492 5795 1675 5857 τείνας
1697 5796 1865 5848 αὑτοῦ
1891 5799 1990 5866 ιιξςν

371 5899 498 5975 τεῖρε
538 5901 648 5950 Sav.
690 5905 742 5951 et
780 5912 866 5949 se:
917 5912 1029 5948 mss.
1082 5899 1258 5951 ﬂore].
1298 5900 1395 5950 τῶν
1427 5900 1657 5950 τοιούτων
1704 5900 1986 5964 περιγίνεται

315 5981 391 6013 ναι
412 5975 503 6023 τῳ.

1426 306 1493 363 IN
1523 308 1674 366 CAP.
1717 307 1788 363 VI
1823 305 2072 366 GENES.
2112 301 2346 361 HOMIL.
2387 299 2577 358 XXIII.

3653 289 3761 347 200

2067 421 2333 486 διάνοιαν,
2387 415 2607 480 οὐδενὸς
2642 410 2928 484 ἐφρόντιζε
2965 407 3078 464 τῶν
3140 406 3523 472 ὑποσκελίζειν
3549 406 3760 475 ἐπιχει-

2065 506 2326 580 ρούντων.
2358 505 2441 559 Τά
2471 503 2582 573 γάρ
2612 500 2747 572 παρ’
2783 495 2982 554 ἐαυτοῦ
3023 495 3463 580 ἐπιδειξάμενος,
3515 491 3613 547 καὶ
3646 490 3760 580 τὴν

2066 577 2277 648 άνωθεν
2309 593 2473 663 χάριν
2517 585 2970 658 ἐπισπασάμενος
3015 582 3292 655 ἀνώτερος
3344 579 3605 635 ἁπάντων
3637 577 3758 647 ἐγί-

2066 692 2208 735 νετο⁸
2232 679 2361 735 Νῶε
2383 675 2515 750 7&9.
2537 675 2725 747 φησιν,
2745 669 2886 742 εὗρε
2907 670 3087 741 χάριν
3104 668 3388 724 ἐναντίον
3407 667 3631 735 Κυρίου
3649 663 3756 750 τοῦ

2070 765 2242 822 Θεοῦ.
2272 766 2336 820 EI
2656 763 2725 833 τῇ
2747 758 2858 814 τῶν
2877 757 3000 812 τότε
3021 755 3329 827 ἀνθρώπων
3364 753 3529 825 φύσει
3559 752 3663 806 οὑκ
3686 746 3755 823 ἦν

2067 853 2350 924 ἐπίχαρις,
2373 849 2496 905 οὑδέ
2520 847 2789 912 ποθεινὸς,
2818 845 2908 900 διά
2933 844 2996 900 τὸ
3025 842 3103 915 μὴ
3138 840 3426 913 βούλεσθαι
3458 840 3558 910 τὴν
3585 837 3756 908 αὑτὴν

2066 938 2253 1003 αὑτοῖς
2281 936 2488 991 ὁδεύειν
2519 935 2661 997 όδδν,
2695 932 2832 987 ἀλλὰ
2862 930 3001 1004 πρὸς
3030 931 3239 986 ἐκεῖνον
3276 927 3372 982 τὸν
3395 927 3495 990 τάς
3527 924 3760 992 καρδίας

2066 1025 2440 1098 ἐμϐατεύοντα
2472 1023 2631 1094 χάριν
2655 1015 2806 1092 εὗρε,
2833 1020 2931 1075 καὶ
2959 1020 3166 1081 ἐκεῖνος
3195 1015 3368 1071 αὑτοῦ
3400 1014 3501 1085 τὴν
3529 1009 3762 1082 γνώμην

2069 1113 2388 1178 ἀπεδέξατο.
2427 1112 2496 1165 Τί
2542 1109 2678 1182 γάρ.
2719 1109 2844 1163 είπέ
2871 1124 2986 1179 μοι,
3029 1105 3230 1178 βλάϐος
3250 1103 3508 1158 ἐντεῦθεν
3537 1100 3761 1169 ἐγένετο

2067 1201 2179 1256 ἀπὸ
2211 1201 2310 1272 τῆς
2334 1199 2444 1254 τῶν
2472 1196 2754 1272 ὁμογενῶν
2773 1195 2977 1267 χλεύης
2997 1194 3094 1248 καὶ
3112 1189 3209 1246 τοῦ
3234 1188 3641 1258 καταγέλωτος,
3662 1185 3763 1240 τοῦ

2067 1289 2376 1354 πλάσαντος
2404 1284 2507 1351 τάς
2537 1285 2768 1358 καρδίας
2788 1283 2968 1356 ἡμῶν,
3015 1283 3115 1337 καὶ
3165 1278 3441 1342 συνιέντος
3469 1277 3551 1341 είς
3582 1275 3763 1330 πάντα

2067 1379 2138 1434 τά
2161 1379 2300 1451 ἔργα
2332 1378 2492 1450 ἡμῶν
2512 1416 2528 1440 ,
2574 1374 3047 1446 ἀνακηρύττοντος
3073 1370 3166 1425 τὸν
3221 1369 3388 1439 ἄνδρα
3439 1365 3535 1420 καὶ
3561 1381 3763 1433 στεφα-

2067 1465 2324 1531 νοῦντος;
2356 1465 2421 1518 Τί
2445 1463 2503 1518 δέ
2521 1461 2716 1532 ὑφελος
2742 1458 3017 1531 ἀνθρώπῳ
3047 1456 3244 1526 γένοιτ’
3280 1455 3349 1509 ἀν
3398 1453 3553 1524 παρά
3579 1451 3763 1520 πάσης

2067 1553 2168 1623 τῆς
2189 1551 2517 1623 οίκουμένης
2547 1547 2952 1626 θαυμαζομένῳ
2971 1545 3068 1600 καὶ
3099 1542 3501 1613 ἐπαινουμένῳ,
3530 1537 3684 1626 παρὰ
3703 1535 3763 1590 δέ

2070 1637 2165 1692 τοῦ
2198 1637 2309 1691 τῶν
2337 1637 2476 1692 ὅλων
2493 1632 2831 1709 δημιουργοῦ
2879 1623 2974 1688 καὶ
3007 1630 3102 1686 τοῦ
3137 1628 3584 1701 ἀπαραλογίστου
3609 1623 3764 1709 δικα-

2072 1723 2200 1777 στοῦ
2227 1723 2323 1777 ἐπὶ
2353 1723 2456 1794 τῆς
2491 1708 2709 1794 ὴμέρας
2751 1719 2969 1792 ἐκείνης
2998 1717 3098 1789 τῆς
3135 1714 3376 1786 φοϐερᾶς
3410 1708 3764 1783 κρινομένφὸ

2072 1811 2260 1867 Ταῦτα
2286 1793 2465 1865 τοίνυν
2484 1793 2709 1874 είδότες,
2734 1805 3038 1878 ἀγαπητοὶ,
3063 1803 3271 1876 μηδένα
3292 1802 3450 1870 λόγον
3476 1793 3766 1867 ποιώμεθα

2070 1901 2168 1955 τοῦ
2200 1900 2355 1973 παρά
2381 1899 2491 1954 τῶν
2513 1897 2822 1971 ἀνθρώπων
2866 1895 3094 1950 ἐπαίνου
3118 1933 3133 1958 ,
3173 1893 3308 1964 μηδὲ
3338 1891 3440 1961 τὴν
3466 1887 3621 1958 παρὰ
3647 1883 3768 1973 τού-

2071 2006 2182 2043 των
2214 1971 2494 2059 εὐιρημίαν
2526 1987 2593 2040 ἐκ
2633 1983 2840 2049 παντὸς
2867 1981 3074 2054 τρόπου
3110 1979 3390 2052 ζητῶμεν,
3421 1973 3560 2029 ἀλλά
3581 1972 3676 2028 παῖ⁸
3695 1971 3768 2026 δι’

2073 2077 2282 2130 ἐκεῖνον
2323 2075 2486 2147 μόνον
2523 2072 2617 2127 τὸν
2649 2070 2914 2136 ἐτάζοντα
2949 2068 3179 2138 καρδίας
3219 2065 3314 2121 καὶ
3360 2061 3632 2134 νεφροὺς,
3672 2059 3772 2114 καὶ

2074 2163 2144 2232 τά
2166 2163 2268 2233 τῆς
2291 2161 2494 2234 ἀρετῆς
2511 2159 2649 2232 ἐργα
2673 2157 2973 2230 μετίωμεν,
2994 2158 3091 2210 καὶ
3112 2155 3209 2226 τὴν
3231 2150 3432 2207 κακίαν
3451 2147 3770 2220 φεύγωμεν.

2145 2251 2245 2305 Διά
2266 2250 2376 2322 7&9
2405 2246 2568 2303 τοῦτο
2590 2248 2686 2300 καὶ
2708 2248 2737 2301 0
2764 2243 3001 2316 Χριστὸς
3029 2240 3301 2296 παιδεύων
3323 2237 3473 2310 ὴμᾶς
3503 2236 3580 2307 μὴ
3601 2251 3773 2306 κεχη-

2044 2341 2226 2397 ’νέναι
2258 2339 2398 2411 πρὸς
2451 2337 2552 2402 τάς
2599 2333 2756 2409 παρὰ
2783 2334 2895 2388 τῶν
2947 2330 3256 2404 ἀνθρώπων
3293 2325 3604 2411 εὐφημίας,
3630 2323 3773 2394 μετά

2077 2425 2250 2482 πολλά
2299 2409 2469 2496 ἰτερα
2528 2421 2834 2476 τελευταῖον
2868 2420 2964 2472 καὶ
3010 2416 3172 2470 τοῦτο
3218 2414 3492 2484 ἐπήνεγκε
3550 2409 3728 2479 λέγων
3753 2425 3768 2440 ·

2081 2513 2229 2570 οὐαί
2247 2495 2415 2584 ὑμῖν,
2450 2503 2599 2563 ὅταν
2619 2505 2822 2572 καλῶς
2853 2505 3112 2559 εἴπωσιν
3133 2499 3292 2571 ὑμᾶς
3312 2499 3537 2564 πάντες
3577 2499 3631 2551 oi
3669 2495 3777 2550 ἇν-

2079 2605 2318 2670 θρωποι.
2350 2596 2554 2651 Σκόπει
2585 2594 2706 2657 πῶς
2735 2592 2826 2647 διά
2845 2591 2966 2656 τοῦ,
2990 2588 3158 2654 οὐαί,
3185 2589 3319 2659 ἡμῖν
3354 2584 3642 2655 ἐνεφάνισε
3673 2600 3770 2670 πο-

2078 2669 2229 2758 ταπὴ
2254 2687 2367 2748 τοῖς
2388 2681 2650 2746 τοιούτοις
2672 2680 2918 2734 κείσεται
2950 2675 3213 2747 τιμωρία.
3231 2674 3307 2728 Τὸ
3333 2676 3442 2746 7&9
3463 2671 3589 2726 οὐαὶ
3617 2669 3780 2758 τοῦτο

2080 2755 2355 2845 θρηνῶδές
2395 2772 2548 2824 ἐστιν
2576 2766 2931 2837 ἐπίφθεγμαο
2968 2761 3257 2835 μονονουχὶ
3311 2761 3422 2832 7&9
3469 2755 3775 2845 ταλανίζων

2079 2843 2282 2924 αὑτούς
2320 2874 2486 2928 φησιν
2508 2872 2522 2888 ·
2551 2855 2697 2910 οὐαί
2726 2853 2892 2923 ὑμῖν,
2925 2851 3073 2905 ὅταν
3099 2848 3300 2915 καλῶς
3330 2847 3588 2901 ειπωσιν
3619 2843 3778 2914 ὑμᾶς

2081 2949 2306 3013 πάντες
2329 2951 2384 3001 οἱ
2421 2946 2740 3012 ἄνθρωποι.
2772 2942 2885 2995 Καὶ
2907 2939 3012 3011 δρα
3033 2937 3128 2992 τοῦ
3150 2936 3318 3009 ῥητοῦ
3343 2936 3441 3005 τὴν
3465 2933 3774 3005 ἀκρίϐειαν.

2082 3035 2197 3089 οὑκ
2235 3030 2388 3088 εἶπεν
2413 3025 2634 3094 άπλῶς,
2692 3030 2741 3083 οί
2770 3027 3070 3098 ἄνθρωποι,
3124 3023 3280 3086 ἀλλά,
3324 3021 3555 3087 Πάντες
3582 3023 3636 3074 οί
3666 3019 3778 3073 ἇν-

2082 3123 2321 3190 θρωποι.
2347 3117 2483 3174 οὑδδ
2513 3120 2626 3188 γὰρ
2654 3110 2767 3169 οἷόν
2796 3131 2859 3169 τε
2884 3113 2978 3166 τὸν
3003 3112 3282 3184 ἐνάρετον,
3326 3109 3423 3163 καὶ
3454 3109 3553 3178 τὴν
3583 3105 3781 3176 ατενὴν

2083 3208 2180 3262 καὶ
2202 3206 2574 3278 τεθλιμμένην
2622 3203 2743 3257 ὁδὸν
2790 3201 3066 3265 όδεύοντα,
3118 3199 3214 3253 καὶ
3241 3199 3365 3261 ταῖς
3405 3194 3649 3257 ἐντολαῖς
3680 3192 3779 3247 τοῦ

2083 3293 2322 3367 Χριστοῦ
2345 3291 2855 3348 κατακολουθοῦντα
2881 3288 3032 3359 παρά
3054 3289 3273 3342 πάντων
3296 3283 3601 3355 ἀνθρώπων
3618 3285 3779 3336 ἐπαι-

2083 3382 2297 3438 νεῖσθαι
2329 3382 2425 3435 καὶ
2459 3379 2859 3450 θαυμάζεσθαι.
2891 3375 3072 3447 Πολλὴ
3091 3374 3199 3446 7&9
3225 3374 3324 3445 τῆς
3353 3371 3554 3435 κακίας
3590 3373 3625 3441 ὴ
3654 3370 3779 3423 ἐπί-

2084 3487 2261 3534 τασις,
2294 3471 2446 3541 καὶὴ
2485 3467 2623 3539 πρὸς
2647 3467 2750 3537 τὴν
2774 3464 2976 3536 άρετὴν
3021 3463 3356 3525 ἐναντίωσις.
3396 3459 3568 3522 Εἰδὼς
3617 3455 3712 3511 οὖν
3750 3458 3781 3508 0

2048 3604 2049 3607 η
2085 3558 2384 3627 Δεσπότης,
2417 3555 2501 3609 ὅτι
2529 3553 2620 3607 τὸν
2657 3552 2798 3623 μετά
2829 3549 3117 3622 ἀκριϐείας
3139 3547 3239 3620 τὴν
3264 3546 3467 3620 ἀρετὴν
3500 3544 3777 3615 μετιόντα,

2087 3643 2184 3698 καὶ
2210 3643 2303 3696 τὸν
2355 3643 2486 3712 παρ’
2520 3638 2688 3695 αὑτοῦ
2747 3639 2910 3708 μόνον
2964 3635 3319 3707 ἐκδεχόμενον
3373 3633 3613 3696 ἔπαινον,
3669 3630 3781 3683 τῶν

2087 3729 2366 3783 ἀδυνάτων
2398 3728 2466 3783 ἂν
2491 3730 2576 3796 είη
2623 3725 2775 3796 παρά
2816 3727 3036 3780 πάντων
3069 3722 3376 3792 ἀνθρώπιον
3410 3717 3778 3782 ἐπαινεῖσθαι,

2088 3816 2182 3869 καί
2233 3814 2416 3878 καλῶς
2463 3813 2705 3878 ἀκούειν,
2735 3813 2826 3866 διὰ
2883 3812 3043 3866 τοῦτο
3074 3808 3353 3872 ταλανίζει
3393 3808 3522 3869 τοὺς
3569 3805 3656 3859 διά
3687 3805 3783 3856 τὸν

2089 3902 2243 3973 παρά
2289 3901 2496 3955 τούτων
2552 3900 2777 3954 ἔπαινον
2807 3900 2905 3969 τῆς
2935 3898 3139 3969 ἀρετῆς
3166 3894 3522 3966 ἀμελοῦντας.
3572 3894 3636 3946 Ἦ
3669 3893 3782 3963 γὰρ

2089 3989 2242 4061 παρά
2292 3990 2510 4042 πάντων
2537 3987 2782 4059 εὐφημία
2812 3987 3115 4057 τεκμήριον
3166 3985 3231 4037 ἂν
3284 3985 3368 4052 είη
3404 3981 3661 4053 μέγιστον
3685 3977 3781 4033 τοῦ

2092 4076 2168 4147 μὴ
2203 4077 2370 4129 πολὺν
2401 4075 2503 4146 τῆς
2553 4075 2756 4145 ἀρετῆς
2805 4071 2963 4140 λόγον
2992 4070 3287 4125 ποιεῖσθαι.
3330 4070 3456 4132 Πῶς
3486 4069 3596 4139 γὰρ
3630 4067 3785 4137 παρὰ

2091 4163 2308 4216 πάντων
2333 4160 2643 4232 ἐπαινεθείη
2673 4162 2702 4213 0
2725 4159 3007 4230 ἐνάρετος.
3042 4160 3094 4212 εί
3140 4156 3385 4226 βούλοιτο
3405 4156 3534 4218 τοὺς
3568 4154 3785 4209 ἀδικου-

2095 4251 2289 4320 μένους
2313 4247 2641 4320 ἐξαρπάζειν
2661 4246 2770 4300 τῶν
2787 4246 3139 4307 ἀδικούντων,
3162 4245 3290 4307 τοὺς
3306 4241 3784 4316 ἐπηρεαζομένους

2090 4335 2200 4389 τῶν
2237 4334 2424 4398 κακῶς
2451 4335 2625 4386 ποιεῖν
2658 4331 3036 4402 βουλομένων;
3069 4330 3235 4384 Πάλιν
3275 4332 3323 4383 εἰ
3355 4329 3601 4399 βούλοιτο
3636 4327 3786 4397 διορ-

2084 4421 2220 4475 θοῦν
2246 4421 2373 4483 τοὺς
2407 4418 2560 4490 [210]
2578 4419 3012 4489 ἁμαρτάνοντας,
3039 4417 3134 4469 καὶ
3160 4417 3406 4468 ἐπαινεῖν
3431 4414 3556 4476 τοὺς
3586 4429 3784 4484 κατορ-

2094 4509 2346 4571 θοῦντας,
2373 4509 2474 4561 οὑκ
2500 4505 2647 4568 είκὺς
2682 4506 2810 4567 τοὺς
2860 4503 2960 4573 μὲν
3011 4504 3277 4564 ἐπαινεῖν,
3305 4501 3433 4563 τοὺς
3459 4499 3518 4552 δέ
3554 4499 3782 4569 ψέγεινς

2093 4596 2192 4648 Διὰ
2223 4595 2382 4647 τοῦτό
2409 4610 2573 4664 φησιν
2596 4608 2610 4622 ·
2645 4592 2789 4644 Οὐαί
2814 4590 2972 4659 ὑμῖν,
2991 4589 3140 4642 ὅταν
3161 4587 3362 4654 καλῶς
3397 4585 3550 4657 ὑμᾶς
3569 4588 3784 4641 εἴπωσι

2094 4673 2318 4738 πάντες
2348 4676 2400 4726 οι
2430 4673 2750 4739 ἀνθρωττοι.
2781 4669 2906 4732 Πῶς
2942 4665 3037 4721 οὖν
3056 4667 3159 4720 οὑκ
3185 4665 3336 4732 ἀξιον
3365 4665 3672 4735 θαυμάζειν
3688 4665 3784 4717 καὶ

2094 4751 2496 4822 ἐκπλήττεσθαι
2544 4749 2633 4802 τὺν
2668 4749 2876 4802 δίκαιον
2907 4746 3120 4811 τοῦτον,
3151 4748 3234 4800 ὅτι
3286 4747 3430 4816 ἆπερ
3473 4745 3502 4796 0
3549 4741 3785 4815 Χριστὸς

2097 4821 2539 4902 παραγενόμενος
2573 4828 2840 4890 ἐδίδασκε,
2869 4824 3043 4879 ταῦτα
3071 4823 3366 4896 προλαϐὼν
3387 4823 3493 4902 ὑπὸ
3520 4822 3613 4875 τοῦ
3639 4823 3696 4874 ἐν
3712 4821 3783 4902 τῇ

2094 4900 2255 4977 φύσει
2281 4908 2602 4978 ἐγκειμένου
2628 4906 2796 4975 νόμου
2847 4903 3156 4967 παιδευθεὶς
3191 4903 3331 4973 μετά
3355 4901 3558 4969 πολλῆς
3591 4900 3784 4971 μετῄει

2094 4991 2193 5060 τῆς
2229 4989 2559 5060 ὑπερϐολῆς,
2613 4987 2709 5038 καὶ
2762 4985 2852 5037 τὸν
2879 4985 3031 5057 παρά
3067 4984 3178 5037 τῶν
3225 4982 3531 5056 ἀνθρώπων
3562 4983 3787 5036 ἔπαινον

2097 5068 2589 5139 ἀποπεμψάμενος,
2621 5065 2710 5118 διά
2755 5064 2854 5132 τῆς
2896 5063 3004 5116 τῶν
3047 5061 3397 5132 βεϐιωμένων
3455 5062 3657 5131 ἀρετῆς
3685 5062 3785 5132 τὴν

2096 5149 2247 5218 παρά
2274 5147 2354 5217 τῷ
2381 5147 2502 5217 Θεῴ
2534 5147 2694 5216 χάριν
2742 5144 2922 5214 εὑρεῖν
2956 5140 3296 5218 ἐσπούδαζες
3335 5140 3465 5195 Νῶε
3493 5142 3624 5208 γὰρ,
3677 5157 3786 5209 φη·-

2097 5217 2203 5287 σὶν,
2232 5222 2370 5292 εὗρε
2399 5224 2577 5294 χάριν
2593 5223 2874 5275 ἐναντίον
2905 5220 3131 5287 Κυρίου
3171 5217 3278 5273 τοῦ
3310 5220 3482 5273 Θεοῦ.
3531 5218 3672 5270 Ἀλλ’
3702 5220 3784 5272 ὅτι

2100 5304 2200 5374 μὲν
2227 5304 2314 5357 διὰ
2334 5305 2435 5375 τὴν
2464 5301 2772 5375 προσοῦσαν
2797 5299 2947 5370 αὑτῷ
2976 5300 3177 5370 ἀρετὴν
3208 5295 3332 5370 εὑρε
3355 5301 3515 5370 χάριν
3544 5299 3787 5375 ἐναντίον

2097 5371 2302 5454 Κυρίου
2327 5371 2422 5436 τοῦ
2455 5371 2610 5444 Θεοῦ,
2640 5381 2940 5451 διηγήσατο
2982 5381 3112 5450 ἡμῖν
3151 5380 3180 5430 0
3231 5381 3530 5449 θαυμάσιος
3569 5371 3726 5443 οὗτος
3757 5381 3786 5420 δ

2098 5465 2384 5533 προφήτης
2411 5461 2774 5531 ἐνηχούμενος
2807 5459 2913 5512 ὑπὸ
2936 5458 3030 5512 τοῦ
3064 5457 3221 5527 ἀγίου
3246 5458 3591 5526 Πνεύματοςο
3617 5459 3787 5528 ἀναγ-

2097 5545 2249 5596 καῖον
2273 5543 2330 5595 δὲ
2362 5543 2542 5596 καὶτὰ
2572 5541 2700 5611 ἑξῆς
2726 5538 2994 5610 εἰρημένα
3014 5537 3378 5606 καταμαθεῖν,
3409 5539 3506 5591 καὶ
3533 5539 3663 5592 ἰδεῖν
3693 5541 3788 5591 καὶ

2095 5622 2193 5690 τὴν
2225 5621 2405 5691 ψῆφον
2453 5618 2552 5690 τὴν
2583 5619 2733 5689 παρὰ
2766 5619 2859 5672 τοῦ
2892 5617 3029 5671 Θεοῦ
3074 5615 3204 5685 περὶ
3246 5613 3412 5669 αὑτοῦ
3465 5616 3784 5685 γινομένην.

2097 5695 2282 5754 Αὗται
2307 5699 2395 5753 δὲ.
2427 5699 2613 5769 φησὶν,
2639 5700 2698 5752 al
2722 5697 2988 5764 γενέσεις
3016 5693 3145 5749 Νῶε
3169 5708 3182 5722 ⁸
3207 5693 3334 5749 Νῶε
3356 5695 3669 5762 ἄνθρωπος
3696 5695 3786 5748 δι’·

2104 5794 2292 5844 καιος,
2331 5777 2560 5842 τέλειος
2583 5774 2668 5829 ὢν
2685 5777 2755 5830 ἐν
2781 5775 2856 5844 τῇ
2878 5772 3056 5844 γενεᾷ
3082 5774 3271 5829 αὑτοῦ
3290 5789 3305 5804 °
3327 5773 3409 5838 τῷ
3437 5772 3560 5839 Θεῷ
3579 5774 3790 5843 εὐηρέ-

2100 5873 2294 5923 amas
2319 5856 2467 5912 Νῶε.
2500 5855 2660 5919 Ξένος
2693 5854 3043 5925 γενεαλογίας
3071 5853 3290 5924 τρόπος.
3333 5850 3579 5907 Εἰποῦσα
3605 5851 3712 5924 7&9
3752 5855 3787 5922 η

2164 5965 2190 6002 ιι
2234 5962 2312 6011 Sic
2336 5963 2486 6031 51ml.
2524 5970 2572 6011 el
2595 5973 2680 6010 su
2707 5972 2819 6009 mss.
2849 5959 2903 6011 In
2953 5957 3125 6008 Morel.
3170 5960 3196 6007 ό
3238 5957 3470 6021 μακάριος
3502 5956 3658 6014 οὗτος.
