4070 6426
362 323 466 381 ιωι

363 436 560 500 placuit
589 433 726 489 Noe.
757 433 927 488 Rarus
951 441 1005 484 ct
1031 441 1206 483 novus
1234 425 1562 497 genealogis:
1591 418 1802 478 modus.
1835 418 1967 476 Nam

363 537 422 582 ut
453 525 639 582 divina
666 526 938 596 Scriptura
963 522 1116 583 dixit,
1151 519 1250 576 lla:
1274 528 1393 573 sunt
1432 517 1779 587 generationes
1809 513 1925 568 Noe
1951 529 1970 567 :

358 628 416 673 et
444 634 608 673 aures
651 627 867 673 nostras
910 611 1182 676 excitavit,
1234 610 1382 679 quasi
1427 606 1794 678 genealogiam
1825 605 1969 659 illius

360 719 667 773 narratura,
700 706 900 776 etquis
938 705 1056 773 ejus
1095 713 1248 772 pater
1293 699 1473 762 fuerit,
1515 707 1570 752 et
1612 697 1756 750 unde
1799 709 1968 764 genus

359 801 597 865 duxerit,
626 809 681 854 et
706 797 980 869 quomodo
1012 797 1062 849 in
1099 796 1236 847 hanc
1279 793 1441 845 vitam
1488 790 1646 844 fuerit
1674 788 1871 852 editus,
1911 794 1968 840 et

355 893 458 947 alia
489 901 684 946 cuncta
714 906 834 960 illuc
861 903 977 943 mos
1001 897 1085 942 est
1119 886 1463 955 genealogias
1491 882 1833 938 narrantibus
1874 895 1962 934 re-

357 997 584 1036 censere
609 998 625 1037 :
651 981 853 1036 relictis
881 989 1055 1032 tamen
1080 977 1183 1031 illis
1204 977 1474 1040 omnibus,
1502 983 1558 1028 et
1576 974 1803 1026 aliorum
1829 985 1963 1025 con-

353 1070 643 1126 suetudine
686 1070 956 1139 superior,
999 1067 1220 1136 inquit:
1257 1064 1376 1118 Noe
1414 1065 1564 1116 homo
1584 1064 1759 1131 justus
1786 1078 1805 1114 .'
1844 1077 1963 1129 per-

353 1165 518 1231 fectus
555 1163 611 1214 in
654 1161 976 1230 generatione
1003 1175 1099 1212 sua
1141 1173 1160 1210 :
1207 1156 1314 1209 Deo
1355 1155 1547 1224 placuit
1585 1151 1720 1207 Noe.
1772 1151 1958 1206 Vidisti

351 1251 728 1305 admirabilem
757 1248 1168 1320 genealogiam?
1197 1246 1332 1310 Noe,
1376 1246 1567 1314 inquit,
1613 1244 1780 1296 homo.
1830 1241 1959 1297 Vide

346 1341 513 1396 etiam
545 1337 750 1395 natura:
774 1355 1060 1395 commune
1090 1354 1283 1392 nomen
1319 1353 1412 1406 pro
1441 1335 1599 1390 laude
1637 1333 1767 1396 justi
1796 1348 1958 1387 usur-

352 1444 558 1504 patum.
594 1433 727 1488 Nam
751 1432 876 1502 quia
897 1432 1079 1486 eteteri
1107 1431 1178 1485 ob
1199 1430 1446 1483 carnales
1484 1428 1808 1494 voluptates,
1838 1427 1955 1493 qui-

345 1523 450 1579 bus
476 1522 719 1578 immersi
750 1529 924 1585 erant,
953 1521 1249 1574 amiSerant
1273 1532 1395 1573 esse
1420 1516 1667 1570 homines
1697 1533 1709 1568 :
1741 1516 1858 1580 iste,
1888 1517 1957 1567 in-

346 1615 484 1683 quit,
531 1614 586 1668 in
633 1620 782 1666 tanto
831 1611 1029 1680 populo
1078 1609 1312 1663 hominis
1360 1608 1646 1675 imaginem
1701 1606 1951 1658 servavit.

346 1702 500 1758 Tunc
525 1704 724 1773 quippe
753 1701 915 1754 homo
939 1710 1042 1765 est,
1067 1699 1284 1770 quando
1309 1700 1561 1752 virtutem
1589 1697 1738 1750 colit.
1772 1696 1955 1764 Neque

345 1795 492 1851 enim
520 1794 756 1863 Speciem
783 1792 980 1848 habere
1007 1791 1260 1857 hominis,
1286 1800 1340 1844 et
1360 1791 1570 1852 oculos,
1601 1797 1657 1843 et
1683 1803 1862 1851 nares,
1900 1797 1954 1842 et

341 1902 426 1950 os,
458 1901 514 1942 et
537 1900 725 1956 genas,
753 1897 806 1940 et
838 1897 1035 1942 caetera
1064 1883 1328 1946 membra,
1370 1883 1474 1935 hoc
1518 1880 1790 1934 hominem
1833 1894 1953 1933 esse

341 1979 583 2032 ostendit
624 1997 638 2032 :
673 1978 790 2033 haec
829 1980 974 2034 enim
1020 1977 1260 2031 membra
1298 1984 1425 2028 sunt
1461 1974 1726 2042 corporis.
1769 1971 1951 2026 lloini-

344 2086 466 2125 nem
511 2071 661 2124 illum
702 2071 953 2134 dicimus,
995 2070 1087 2140 qui
1133 2068 1418 2137 imaginem
1467 2065 1702 2119 hominis
1748 2065 1948 2118 salvam

339 2164 560 2218 retinet.
601 2163 732 2231 Quae
759 2173 934 2216 autem
967 2170 1051 2216 est
1078 2162 1254 2229 imago
1297 2157 1570 2211 hominis?
1607 2157 1944 2212 Rationalem

338 2272 480 2312 esse.
513 2256 652 2322 Quid
690 2255 856 2327 ergo?
893 2268 1074 2309 annon
1124 2262 1180 2308 et
1223 2251 1301 2305 illi
1352 2249 1569 2304 fuerunt
1614 2247 1944 2303 rationales?

338 2347 540 2403 Verum
586 2363 692 2402 non
741 2347 843 2400 hoc
871 2347 1048 2400 solum
1083 2344 1240 2408 fuerit
1269 2343 1540 2396 hominem
1583 2355 1723 2402 esse,
1756 2339 1850 2394 sed
1891 2347 1946 2393 et

336 2439 626 2492 virtutibus
652 2452 771 2492 esse
796 2436 1054 2502 deditum,
1087 2445 1143 2489 et
1166 2435 1290 2488 vitia
1322 2433 1526 2504 fugere,
1559 2442 1612 2485 et
1640 2431 1841 2488 illicitis
1867 2430 1948 2483 af-

335 2529 660 2585 feCtionibus
702 2530 992 2599 imperare,
1033 2537 1089 2582 et
1128 2526 1394 2581 mandatis
1419 2524 1706 2580 dominicis
1731 2524 1944 2579 obtem-

334 2636 549 2689 perare,
585 2621 685 2673 hoc
715 2628 798 2675 est
825 2634 948 2673 esse
976 2617 1274 2673 hominem.

400 2713 457 2765 4.
510 2710 778 2779 Improbos
829 2726 931 2762 non
976 2709 1203 2762 homines
1253 2707 1479 2776 appellat
1533 2705 1836 2774 Scriptura.
1871 2734 1940 2744 —

332 2801 500 2856 Porro
531 2812 589 2856 ut
613 2801 790 2855 discas
823 2815 1027 2854 morem
1058 2815 1178 2853 esse
1206 2798 1498 2867 Scriptura:
1517 2794 1544 2860 ,'
1567 2808 1624 2850 ut
1654 2797 1796 2849 vitiis
1823 2806 1936 2849 stu-

328 2892 523 2946 dentes
586 2901 643 2945 et
709 2891 959 2945 virtutem
1007 2876 1338 2959 negligenies
1393 2889 1667 2942 hominum
1723 2888 1940 2942 nomine

327 2996 525 3035 vocare
561 2997 665 3034 non
712 2981 997 3049 dignetur,
1029 2979 1153 3033 audi
1203 2979 1366 3032 Deum
1415 2978 1754 3046 loquentem,
1798 2978 1938 3031 sicut

333 3071 448 3126 heri
507 3070 822 3124 dicebamus
857 3087 868 3122 :
904 3067 1029 3122 Non
1075 3069 1383 3136 permanebit
1432 3066 1658 3131 Spiritus
1703 3082 1843 3118 meus
1883 3067 1936 3119 in

324 3162 617 3216 hominibus
664 3162 806 3226 istis,
838 3177 895 3214 eo
933 3159 1073 3230 quod
1095 3159 1197 3228 ipsi
1220 3174 1398 3212 carnes
1425 3168 1542 3211 sunt
1569 3157 1587 3228 (
1602 3155 1732 3211 Gen.
1754 3156 1806 3211 6.
1835 3154 1932 3228 5).

328 3252 440 3322 Ego
468 3251 636 3318 enim,
665 3251 849 3305 dicere
872 3250 1004 3314 vult,
1032 3249 1384 3303 substantiam
1410 3264 1474 3303 ex
1498 3262 1659 3304 carne
1680 3257 1736 3302 et
1754 3250 1932 3302 anima

327 3345 428 3397 illis
471 3343 594 3398 dedi
630 3361 643 3396 :
687 3342 790 3412 ipsi
817 3351 998 3398 autem
1038 3341 1191 3412 quasi
1234 3342 1348 3396 sola
1389 3355 1554 3396 carne
1579 3342 1930 3407 circumdati,

325 3437 392 3488 ita
421 3435 650 3490 virtutes
677 3433 840 3489 animi
870 3433 1180 3505 negligunt',
1208 3440 1264 3487 et
1290 3433 1458 3486 solam
1488 3447 1706 3486 carnem
1737 3432 1931 3487 deinde

322 3537 616 3582 sectantur.
665 3526 852 3581 Vidisti
897 3524 1170 3596 quomodo
1193 3523 1264 3579 ob
1305 3524 1558 3578 malitiam
1587 3539 1804 3580 carnem
1834 3541 1929 3579 eos

325 3628 481 3672 vocat
506 3627 561 3672 et
585 3633 694 3671 non
723 3617 972 3671 homines
995 3616 1020 3668 ἵ
1048 3616 1113 3670 Et
1143 3617 1360 3680 iterum,
1389 3625 1445 3668 ut
1472 3615 1649 3668 statim
1676 3615 1924 3680 audietis,

320 3718 516 3763 terram
543 3721 638 3762 eos
661 3709 904 3761 nominat
921 3707 1102 3761 divina
1123 3704 1421 3774 Scriptura,
1444 3719 1511 3759 eo
1531 3706 1672 3773 quod
1698 3708 1925 3759 terrenis

316 3797 727 3868 cogitationibus
766 3797 1154 3852 absumantur:
1184 3795 1317 3849 dicit
1337 3795 1480 3849 en‘im
1508 3812 1521 3848 ε
1553 3795 1646 3849 li.
1672 3793 1924 3866 σωτηρία

317 3899 484 3943 autem
513 3871 626 3943 erat
651 3896 784 3942 terra
811 3904 984 3942 coram
1009 3887 1137 3942 Deo.
1165 3885 1281 3940 Non
1306 3885 1376 3941 de
1400 3897 1542 3940 terra
1571 3886 1814 3940 sensibili
1846 3887 1925 3940 lo-

316 3981 536 4051 quitur,
583 3980 679 4036 sed
720 3980 1108 4044 inhabitatores
1149 3988 1349 4036 terram
1387 3989 1561 4033 vocat.
1597 3980 1716 4032 Alio
1743 3988 1919 4034 autem

315 4074 434 4130 loco
453 4089 630 4145 neque
651 4084 850 4129 terram
880 4088 1053 4144 neque
1081 4087 1300 4128 carnem
1325 4075 1564 4128 nominat
1589 4090 1602 4126 :
1623 4073 1720 4127 sed
1748 4089 1920 4142 neque

312 4169 557 4222 essc'eos
583 4174 734 4237 putat
763 4167 817 4221 in
846 4166 947 4221 hac
982 4167 1231 4237 praesenti
1261 4168 1366 4220 vita
1388 4207 1404 4232 ,
1442 4180 1513 4222 eo
1546 4166 1687 4236 quod
1719 4169 1919 4223 virtute

314 4264 562 4312 careant.
594 4255 734 4311 Audi
763 4255 908 4312 enim
935 4255 1250 4326 prophetam
1288 4257 1606 4312 clamantem
1649 4268 1703 4312 et
1735 4257 1920 4312 dicen-

313 4357 420 4401 tem
453 4346 509 4402 in
539 4344 719 4400 media
747 4342 1319 4418 .Ierosolymitanorum
1351 4347 1631 4417 metrOpoli
1651 4387 1665 4410 ,
1723 4348 1810 4402 ulii
1841 4357 1918 4402 tot

316 4438 482 4498 millia
515 4437 743 4492 millium
771 4446 828 4493 et
856 4436 1141 4492 multitudo
1168 4438 1447 4493 innumera
1476 4455 1491 4492 :
1530 4436 1654 4491 Veni
1677 4477 1692 4502 ,
1739 4448 1783 4492 et
1814 4455 1916 4493 non

307 4539 413 4584 erat
438 4528 592 4583 homo
613 4543 633 4592 ;
660 4529 855 4593 vocavi,
877 4537 925 4582 et
951 4544 1054 4582 non
1071 4538 1181 4582 erat
1201 4530 1285 4598 qui
1309 4529 1509 4582 audiret
1527 4529 1679 4600 (Isai.
1703 4531 1793 4585 50.
1815 4531 1875 4602 2)
1898 4548 1912 4585 :

307 4633 414 4674 non
439 4619 565 4691 quia
587 4635 698 4674 non
722 4618 971 4683 aderant,
1002 4617 1097 4673 sed
1126 4620 1247 4688 quia
1284 4630 1576 4688 prasentes
1605 4619 1770 4674 nihilo
1795 4636 1913 4676 me-

309 4707 470 4765 liores
495 4718 674 4773 erant,
705 4724 867 4780 quam
893 4709 943 4765 si
975 4724 1082 4764 non
1112 4708 1338 4764 fuissent
1363 4719 1679 4778 praesentes.
1712 4709 1778 4764 Et
1806 4711 1915 4766 alio

308 4814 521 4871 quoque
544 4799 668 4880 loco
697 4818 711 4853 :
747 4798 1031 4854 Discurrite
1050 4810 1099 4855 et
1117 4800 1300 4862 videte,
1331 4801 1378 4854 si
1403 4811 1474 4855 est
1491 4816 1623 4854 unus
1647 4802 1736 4870 qui
1758 4802 1916 4870 faciat

297 4881 560 4966 judicium
588 4902 637 4948 et
655 4894 948 4966 justitiam,
969 4904 1018 4949 et
1038 4895 1288 4965 prepitius
1307 4910 1393 4948 ero
1414 4893 1559 4965 (Jer.
1589 4896 1642 4950 5.
1672 4896 1697 4950 ι
1725 4896 1764 4964 ).

380 4983 520 5040 Dens
546 4984 804 5039 hominem
828 5001 945 5039 eum
964 4985 1129 5040 solum
1152 4993 1297 5038 vocat
1315 4985 1402 5056 qui
1424 4986 1655 5040 virtutem
1676 4986 1813 5040 colit.
1841 5015 1914 5026 —

313 5075 500 5132 Vidisti
529 5077 802 5147 quomodo
829 5077 978 5131 illum
1006 5077 1179 5131 solum
1206 5059 1490 5146 Scriptura
1524 5087 1706 5132 sancta
1739 5077 1911 5133 homi-

307 5174 427 5226 nem
458 5183 655 5224 vocare
683 5168 856 5236 solet,
883 5169 970 5237 qui
1003 5169 1251 5224 virtutem
1281 5169 1412 5224 colit
1440 5186 1452 5222 :
1485 5179 1710 5225 caeteros
1731 5183 1910 5225 autem

309 5272 480 5330 neque
506 5274 628 5314 esse
653 5268 824 5328 putat,
857 5259 951 5314 sed
977 5259 1268 5328 aliquando
1297 5268 1454 5314 vocat
1476 5269 1698 5325 terram,
1728 5271 1780 5315 ct
1811 5262 1908 5314 ali-

312 5349 525 5421 quando
566 5350 834 5405 carnem?
880 5349 994 5405 Hac
1038 5349 1107 5405 de
1155 5364 1315 5404 causa
1370 5350 1734 5421 genealogiam
1781 5351 1909 5420 justi

312 5453 644 5498 narratnram
665 5457 726 5497 se
747 5443 1064 5512 promittens
1087 5443 1268 5498 divina
1296 5443 1570 5514 Scriptura
1599 5443 1729 5498 dicit
1757 5463 1769 5496 :
1797 5443 1911 5498 Noe

310 5531 454 5588 homo
484 5552 501 5587 :
534 5533 623 5588 hic
642 5533 787 5588 enim
809 5533 957 5589 solus
982 5534 1165 5600 homo,
1194 5535 1374 5588 caeteri
1401 5543 1579 5588 autem
1611 5549 1716 5588 non
1742 5535 1911 5589 humi--

309 5637 404 5680 nes
422 5665 436 5689 ,
465 5625 561 5681 sed
592 5624 881 5681 humanam
909 5638 1155 5697 gerentes
1195 5626 1420 5682 formam
1447 5666 1463 5693 ,
1500 5635 1556 5683 et
1583 5642 1648 5682 es
1677 5628 1908 5684 homini-

313 5713 406 5770 bus
434 5717 488 5772 in
514 5717 716 5775 bestias
744 5718 934 5774 mutati
956 5758 975 5787 ,
1020 5719 1219 5775 malitia
1246 5719 1533 5776 voluntatis
1575 5721 1907 5779 nobilitatem

1353 311 1418 368 IN
1459 306 1613 368 CAP.
1661 305 1747 361 γι.
1779 303 2032 362 CENEB.
2072 303 2306 366 IIOMIL.
2350 312 2541 369 XXIII.

2089 429 2295 477 natura:
2343 426 2657 480 amiserunt.
2704 428 2858 495 Quod
2890 429 3035 487 enim
3060 444 3182 487 cum
3217 432 3269 488 in
3297 433 3497 492 malum
3524 437 3692 493 decli-

2083 525 2214 608 nant
2243 515 2490 608 homipes
2517 521 2836 586 rationales,
2877 532 2932 576 et
2961 524 3104 577 servi
3136 523 3270 580 fiunt
3297 525 3688 583 irrationaiium

2077 601 2443 672 alfectionum,
2473 607 2653 664 divina
2684 611 2960 680 Scriptura
2989 615 3230 684 imponat
3259 616 3365 671 illis
3387 616 3686 674 bestiarum

2075 696 2317 762 nomina,
2349 700 2470 753 audi
2501 703 2814 779 utquodam
2846 704 2964 759 loco
2983 704 3116 760 dicit
3145 722 3162 761 :
3198 706 3334 779 Equi
3377 713 3688 781 feminarum

2074 799 2328 843 amatores
2353 792 2478 859 [acti
2506 803 2625 846 sunt
2659 794 2793 865 (Jer.
2830 795 2884 850 5.
2915 795 2992 864 8).
3026 797 3156 854 Vide
3186 802 3458 870 quomodo
3482 806 3555 857 ob
3583 803 3689 857 im-

2073 876 2338 932 modicam
2376 881 2708 937 salacitatem
2761 886 2900 940 hanc
2945 887 3223 944 brutorum
3252 894 3684 963 cognominatio-

2073 979 2194 1018 nem
2225 966 2396 1023 indat.
2427 970 2563 1024 Alibi
2595 983 2773 1027 autem
2804 992 2816 1028 :
2859 973 3121 1030 Venenum
3148 981 3387 1049 aspidum
3419 983 3511 1036 sub
3530 982 3685 1040 labiis

2071 1071 2242 1108 eorum
2269 1057 2443 1127 (Psal.
2476 1062 2562 1116 i3.
2594 1063 2645 1126 5,
2679 1074 2725 1116 et
2755 1063 2878 1120 I59.
2906 1066 2987 1134 4),
3021 1068 3108 1122 tibi
3139 1070 3255 1137 ejus
3286 1071 3472 1126 bestim
3495 1074 3684 1130 dolum

2068 1158 2122 1200 et
2147 1145 2414 1205 fallaciam
2446 1151 2643 1209 imitari
2678 1170 2774 1211 eos
2806 1158 3027 1212 indicat.
3053 1159 3230 1217 Canes
3259 1179 3473 1233 quoque
3501 1160 3682 1222 mutos

2066 1236 2203 1291 alios
2226 1251 2380 1294 vocat
2403 1240 2558 1312 (Isai.
2590 1245 2681 1299 56.
2715 1248 2794 1315 1).
2821 1247 2886 1302 Ει
2916 1250 3109 1304 iterum
3131 1251 3281 1319 dicit,
3311 1253 3460 1309 Sicut
3486 1259 3684 1327 aspidis

2064 1330 2238 1383 surda:
2269 1343 2315 1385 et
2345 1333 2630 1390 obturantis
2656 1355 2804 1393 aures
2825 1358 2947 1395 suas
2973 1341 3145 1413 (Psal.
3179 1345 3268 1399 57.
3293 1346 3372 1416 5),
3405 1348 3523 1402 illos
3549 1352 3683 1405 sub-

2065 1421 2308 1477 indicans
2333 1427 2422 1495 qui
2452 1443 2607 1484 aures
2626 1425 2696 1484 ad
2724 1431 3024 1488 doctrinam
3055 1437 3272 1492 virtutis
3307 1440 3584 1496 obturant.
3611 1443 3681 1497 Et

2065 1513 2230 1566 multa
2275 1516 2376 1569 alia
2419 1521 2542 1587 quis
2583 1523 2802 1576 nomina
2853 1513 3095 1581 inven'iet
3133 1526 3384 1597 imposita
3427 1545 3456 1583 a
3496 1530 3678 1587 divina

2061 1603 2334 1673 Scriptura
2388 1607 2456 1662 iis
2489 1610 2577 1678 qui
2609 1611 2662 1665 in
2693 1612 2970 1669 brutorum
2999 1616 3226 1672 aﬂ‘ectus
3266 1634 3362 1688 per
3405 1620 3673 1691 ignaviam

2063 1703 2358 1751 transeunt.
2393 1698 2579 1770 Neque
2618 1703 2671 1757 in
2708 1705 2878 1759 veteri
2920 1707 3094 1762 solum
3127 1709 3269 1765 ismd
3299 1711 3484 1768 videre
3506 1713 3631 1770 licet
3653 1754 3674 1782 ,

2059 1785 2152 1839 sed
2182 1788 2313 1841 etin
2342 1805 2477 1844 nova
2519 1791 2658 1861 lege.
2701 1794 2840 1849 Audi
2884 1797 3028 1851 enim
3063 1798 3359 1869 Baptistam
3400 1797 3670 1861 dicentem

2057 1873 2258 1932 Judazis
2291 1896 2305 1931 :
2350 1880 2629 1951 Pragenies
2670 1885 2978 1954 viperarum,
3026 1891 3139 1957 quis
3182 1892 3320 1946 vobis
3373 1898 3675 1951 monstravit

2058 1971 2235 2036 fugere
2261 1987 2293 2022 α
2318 1983 2526 2025 ventura
2552 1975 2631 2026 ira
2673 1975 2890 2043 (Matth.
2925 1980 2977 2032 5.
3007 1981 3037 2033 7
3060 1980 3121 2049 )2
3165 1979 3354 2036 Vidisti
3395 1987 3672 2051 quomodo

2057 2067 2108 2111 et
2137 2061 2223 2114 hic
2251 2061 2432 2117 dolum
2465 2066 2662 2121 mentis
2690 2067 2903 2123 illorum
2939 2071 3126 2126 bestia:
3151 2075 3370 2129 nomine
3397 2077 3673 2147 signitica-

2057 2151 2170 2205 vit?
2193 2152 2332 2219 Quid
2355 2171 2484 2226 ergo
2509 2159 2873 2215 miserabilius
2901 2161 3060 2218 fuerit
3083 2169 3473 2233 peccatoribus,
3500 2170 3590 2240 qui
3616 2181 3672 2228 ct

2054 2243 2172 2312 ipso
2202 2244 2437 2302 hominis
2467 2250 2685 2306 nomine
2715 2253 3013 2322 privamur,
3038 2267 3095 2310 et
3121 2267 3341 2327 propter
3366 2259 3470 2315 hoc
3494 2263 3669 2332 majo-

2053 2337 2200 2392 ribus
2231 2341 2403 2408 ptnnis
2427 2341 2571 2412 digni
2603 2355 2759 2410 sunt;
2791 2347 2933 2416 quod
2981 2358 3102 2416 post
3143 2362 3393 2420 acceptas
3413 2367 3443 2406 a
3470 2363 3661 2414 natura

2051 2427 2312 2495 plurimas
2332 2433 2643 2486 occasiones
2670 2433 2735 2488 ad
2768 2434 3211 2491 benefaciendum
3233 2451 3538 2509 monentes,
3565 2443 3666 2498 de-

2049 2527 2191 2572 serta
2226 2533 2291 2573 ac
2322 2519 2531 2590 prodita
2558 2523 2769 2578 virtute
2799 2525 2941 2579 ultro
2982 2527 3052 2582 ad
3093 2528 3219 2584 vitia
3265 2530 3665 2601 transfugiant?

2048 2606 2311 2674 Quoniam
2341 2611 2502 2680 igitur
2524 2613 2613 2682 qui
2639 2622 2765 2668 tunc
2799 2624 2987 2680 erant,
3036 2632 3227 2673 omnes
3247 2633 3312 2674 ea
3340 2635 3399 2674 se
3425 2620 3662 2678 hominis

2047 2701 2406 2768 appellatione
2433 2704 2682 2772 indignos
2703 2708 3050 2774 prmstabant,
3074 2708 3251 2778 justus
3277 2720 3458 2767 autem
3489 2712 3579 2769 ille
3607 2715 3663 2771 in

2053 2799 2199 2844 tanta
2226 2793 2440 2847 virtutis
2467 2794 2748 2850 sterilitate
2772 2837 2788 2862 ,
2842 2805 2949 2850 tam
2987 2800 3271 2854 excellenti
3322 2801 3518 2858 virtute
3559 2806 3660 2860 Ilo-

2047 2886 2173 2948 ruit,
2205 2886 2326 2940 ideo
2351 2885 2624 2956 Scriptura
2653 2904 2775 2944 cum
2797 2891 3052 2959 cepisset
3081 2907 3300 2948 narrare
3331 2895 3431 2948 viri
3460 2911 3661 2965 genea-

2045 2977 2239 3045 logiam
2265 3019 2282 3044 ,
2311 2979 2446 3033 dixit
2480 2997 2493 3034 :
2528 2980 2647 3035 Noe
2675 2991 2848 3036 autem
2875 2984 3047 3037 homo.
3086 2984 3182 3038 Est
3219 2994 3270 3038 et
3301 2988 3442 3042 alius
3477 2973 3658 3056 justus

2041 3067 2280 3132 quidam,
2305 3070 2390 3121 eui
2415 3069 2518 3123 hoc
2545 3085 2740 3125 nomen
2767 3086 2866 3140 pto
2891 3087 3104 3126 summo
3133 3077 3381 3130 encomio
3405 3079 3655 3149 contigit,

2041 3163 2096 3209 et
2120 3170 2230 3225 prae
2255 3159 2377 3211 aliis
2400 3161 2652 3215 omnibus
2701 3162 2802 3214 hoc
2845 3162 3066 3217 nomine
3097 3165 3452 3233 praedicatur,
3487 3179 3548 3222 nt
3573 3171 3656 3227 sic

2040 3246 2210 3300 virtus
2239 3247 2382 3302 illius
2411 3248 2699 3319 diligenter
2731 3261 3055 3320 exponatur.
3088 3254 3218 3322 Quis
3245 3255 3336 3310 ille
3359 3260 3486 3313 est?
3513 3260 3654 3317 Bea-

2039 3346 2123 3391 tus
2147 3337 2269 3402 Jiib,
2298 3339 2386 3393 ille
2415 3341 2556 3410 pugil
2586 3341 2818 3409 pietatis,
2849 3343 3051 3398 athleta
3081 3345 3249 3409 orbis,
3274 3346 3364 3416 qui
3390 3349 3535 3402 solus
3567 3350 3654 3405 in-

2035 3429 2293 3482 curabilia
2323 3430 2410 3483 illa
2439 3433 2724 3498 sustinuit,
2772 3441 2828 3487 et
2855 3437 3094 3502 acceptis
3123 3437 3422 3494 innumeris
3467 3455 3494 3491 a
3532 3440 3650 3493 dia-

2035 3518 2158 3573 bolo
2198 3521 2319 3574 telis
2348 3562 2363 3586 ,
2411 3523 2602 3576 vulnus
2655 3539 2762 3576 non
2784 3524 2993 3591 accepit
3040 3540 3056 3577 :
3103 3525 3198 3579 sed
3247 3527 3380 3581 sicut
3426 3528 3650 3587 adamas

2033 3610 2248 3679 quidam
2276 3627 2466 3666 omnes
2494 3613 2728 3683 impetus
2751 3615 2892 3668 ferre
2923 3616 3114 3683 potuit,
3142 3626 3199 3670 et
3223 3631 3253 3670 a
3280 3619 3443 3672 tantis
3470 3620 3648 3676 Πικτιί-

2031 3700 2133 3756 bus
2164 3717 2268 3756 non
2295 3702 2468 3756 solum
2499 3718 2605 3756 non
2633 3712 2716 3758 est
2739 3705 3054 3759 submersus
3073 3743 3092 3770 ,
3122 3707 3218 3761 sed
3244 3715 3300 3761 et
3325 3711 3647 3779 praevaluit;

2029 3801 2086 3846 et
2109 3793 2345 3862 acceptis
2383 3794 2435 3847 in
2481 3787 2678 3863 corpus
2710 3808 2866 3848 suum
2917 3797 3170 3850 omnibus
3207 3797 3299 3867 qui
3345 3800 3398 3852 in
3442 3803 3651 3858 mundo

2029 3894 2187 3939 erant
2214 3886 2530 3950 doloribus,
2580 3886 2682 3940 hac
2731 3886 2943 3942 ratione
2981 3889 3155 3943 multo
3203 3889 3400 3944 clarior
3449 3895 3644 3949 evasit.

2027 3977 2144 4033 Non
2171 3979 2344 4032 solum
2373 3977 2516 4033 enim
2539 3993 2648 4032 non
2675 3978 2826 4032 illum
2864 3986 3074 4035 terrore
3123 3981 3350 4050 perculit
3379 3984 3644 4050 ingruen-

2027 4070 2159 4124 tium
2186 4069 2432 4124 dolorum
2466 4067 2802 4138 frequentia,
2833 4067 2929 4124 sed
2958 4078 3014 4124 et
3042 4070 3108 4124 ad
3136 4071 3398 4141 majorem
3437 4075 3642 4143 gratia-

2027 4179 2146 4218 rqu
2171 4163 2438 4217 actionem
2467 4164 2718 4218 excitavit
2748 4171 2946 4233 :atque
2971 4163 3026 4216 in
3054 4163 3307 4219 omnibus
3331 4179 3486 4219 suum
3515 4181 3643 4235 gra-

2027 4265 2139 4310 tum
2169 4255 2410 4310 animum
2430 4254 2745 4318 declarans,
2796 4255 3013 4310 letalem
3034 4253 3251 4308 diabolo
3290 4256 3501 4326 plagam
3552 4259 3642 4312 iii-

2024 4347 2182 4412 ﬂixit,
2210 4362 2317 4416 quo
2342 4347 2431 4401 ille
2459 4347 2784 4417 intelligeret
2814 4360 2937 4400 sese
2953 4344 3149 4400 frustra
3182 4347 3354 4401 moliri
3377 4355 3432 4402 et
3449 4357 3638 4404 contra

2025 4440 2301 4494 stimulum
2329 4439 2628 4493 calcitrare.
2681 4437 2836 4492 Hunc
2862 4435 3024 4507 igitur
3051 4447 3294 4491 sanetum
3323 4439 3484 4493 etiam
3511 4449 3640 4494 ante

2023 4543 2100 4587 tot
2127 4546 2328 4602 agones
2353 4540 2408 4586 et
2433 4529 2727 4585 certamina
2748 4570 2762 4592 ,
2807 4537 3013 4582 tantum
3045 4528 3283 4583 laudavit
3327 4531 3638 4585 misericors

2025 4623 2188 4685 Deus,
2218 4630 2272 4675 et
2301 4620 2600 4690 prsidicans
2628 4618 2762 4672 dixit
2783 4618 2996 4672 diabolo
3022 4634 3037 4671 :
3064 4617 3211 4672 Num
3237 4621 3410 4673 animo
3435 4630 3521 4674 tua
3540 4621 3635 4673 ad-

2020 4713 2211 4767 vertisti
2236 4713 2486 4782 [amulum
2513 4725 2677 4763 meum
2705 4709 2827 4771 Job,
2859 4708 2997 4780 quod
3036 4725 3140 4764 non
3170 4712 3233 4764 sit
3274 4710 3425 4764 homo
3452 4711 3634 4766 similis

2019 4805 2098 4859 illi
2127 4819 2282 4870 super
2298 4811 2508 4866 terram,
2533 4800 2685 4854 homo
2705 4801 3021 4873 inculpata,
3038 4801 3235 4871 justus,
3267 4817 3441 4870 veras,
3469 4801 3634 4857 Deum

2018 4896 2218 4960 colens,
2245 4893 2500 4948 abstinens
2527 4893 2591 4946 ab
2611 4891 2750 4946 omni
2777 4907 2930 4962 opere
2948 4893 3085 4946 malo
3113 4891 3270 4961 (Job.
3310 4893 3361 4948 i.
3390 4892 3505 4966 8)?
3536 4893 3631 4948 Vi-

2019 4989 2144 5044 disti
2170 4995 2226 5042 et
2252 4986 2399 5041 hunc
2429 5001 2459 5039 a
2485 4987 2757 5042 communi
2791 4994 2998 5040 natura
3024 4986 3242 5041 nomine
3263 4986 3416 5056 prius
3438 4986 3632 5056 prtedi-

2018 5079 2127 5136 eari
2148 5078 2176 5132 τ
2197 5078 2490 5142 Advertisti,
2515 5076 2709 5145 inquit,
2741 5075 2993 5146 famulum
3024 5093 3192 5132 meum
3221 5076 3345 5143 Job,
3368 5079 3507 5150 quod
3530 5095 3634 5133 non

2018 5175 2082 5227 sit
2109 5169 2290 5226 similis
2321 5170 2400 5223 illi
2421 5169 2618 5223 homo?
2662 5169 2729 5223 Et
2759 5170 2964 5224 similes
2990 5171 3172 5242 utique
3199 5187 3390 5227 omnes
3419 5189 3631 5236 sumus,

2020 5263 2114 5318 sed
2147 5277 2253 5316 non
2299 5260 2594 5315 secundum
2634 5261 2919 5325 virtutem,
2960 5260 3056 5316 sed
3101 5263 3396 5318 secundum
3444 5263 3633 5318 forma:

2021 5353 2281 5408 rationem
2317 5369 2329 5404 ε
2363 5359 2417 5403 at
2451 5352 2553 5405 hoc
2583 5363 2687 5403 non
2724 5358 2810 5402 est
2846 5349 3042 5417 homo,
3096 5351 3191 5407 sed
3217 5355 3432 5423 quando
3462 5354 3627 5409 absti-

2020 5458 2154 5499 nens
2173 5458 2201 5495 a
2236 5441 2436 5495 malitia
2460 5441 2708 5494 virtutem
2738 5448 3013 5509 operatur.

2092 5537 2141 5591 5.
2174 5534 2365 5590 Vidisti
2397 5548 2533 5603 quos
2567 5533 2745 5587 divina
2777 5530 3054 5603 Scriptura
3083 5532 3329 5588 homines
3355 5537 3631 5605 appellare

2020 5627 2198 5684 solet?
2225 5626 2486 5694 Quocirca
2533 5634 2588 5680 et
2628 5625 2696 5679 ab
2739 5623 2894 5679 initio
2920 5638 3044 5680 cum
3065 5625 3287 5682 vidisset
3326 5625 3470 5682 Deus
3501 5643 3626 5684 cum

2019 5736 2110 5794 qut
2140 5733 2171 5776 a
2191 5733 2250 5776 se
2274 5726 2448 5774 tactus
2475 5725 2617 5784 erat,
2644 5713 2858 5771 dicebat
2887 5732 2901 5771 :
2951 5713 3230 5773 Faciamus
3271 5717 3525 5774 hominem
3545 5733 3625 5774 se.
