4070 6404
493 439 714 498 audent
739 437 1009 509 imaginem
1040 443 1262 489 nostram
1295 442 1343 487 et
1373 429 1646 485 secundum
1683 423 2060 481 similitudinem

497 531 649 601 (Geta.
682 529 737 584 Ι.
755 528 874 596 28),
903 528 1005 582 hoc
1029 535 1134 592 est,
1162 534 1218 578 ιιι
1237 524 1463 593 imperet
1497 527 1552 573 et
1575 516 1866 572 visibilihus
1889 511 2064 601 omni-

493 600 594 675 bus
617 628 674 675 et
706 619 982 673 affectibus
1004 615 1116 670 suis
1139 631 1156 669 :
1183 613 1430 680 imperet,
1473 622 1580 663 non
1607 605 1742 660 ferat
1759 600 2062 672 imperium.

493 708 647 778 Quod
701 709 746 763 si
791 721 942 762 suam
993 702 1222 774 prodens
1259 699 1565 770 dignitatem
1611 693 1891 762 imperium
1931 687 2068 745 ferat

496 800 698 869 potius,
727 810 883 867 quam
911 796 1163 865 imperet,
1205 791 1365 844 homo
1387 800 1509 843 esse
1532 782 1729 840 desinit
1749 823 1765 847 ,
1797 789 1852 836 et
1885 779 2068 834 bruto-

495 906 614 946 rum
644 891 697 943 in
725 903 785 943 se
813 899 1007 941 nomen
1035 879 1306 937 transfert.
1335 879 1511 947 Atque
1530 873 1632 930 hac
1656 871 1726 927 de
1743 883 1901 926 causa
1927 879 2069 922 nunc

493 981 672 1034 divina
713 977 984 1044 scriptura
1030 973 1281 1026 virtutem
1331 968 1458 1037 justi
1502 965 1648 1019 illius
1696 956 2070 1015 commendare

501 1072 707 1132 volens,
734 1069 870 1122 dixit
899 1084 914 1119 :
949 1064 1044 1119 Ha:
1071 1072 1183 1118 sunt
1208 1059 1548 1134 generationes
1575 1052 1690 1109 Noe
1719 1067 1740 1107 :
1771 1049 1886 1105 Noe
1921 1051 2071 1102 Inoino

490 1161 666 1230 justus
696 1157 860 1229 (Gen.
893 1155 946 1210 ϐ.
975 1154 1009 1210 9
1026 1153 1068 1224 ).
1101 1153 1235 1206 liceo
1259 1160 1312 1204 et
1335 1148 1490 1202 aliam
1514 1147 1794 1200 maximam
1818 1137 2070 1212 przeeonii

501 1230 729 1317 speciem
753 1286 767 1308 ,
801 1244 982 1298 Justus
1011 1259 1029 1297 :
1058 1241 1156 1294 huc
1189 1236 1544 1308 appellatione
1580 1247 1793 1287 omnem
1823 1230 2069 1282 virtutem

503 1335 889 1405 complectitur.
923 1331 1033 1385 Hoc
1053 1329 1193 1384 enim
1224 1341 1419 1382 nomen
1436 1365 1452 1391 ,
1478 1325 1674 1393 justus,
1701 1321 2072 1405 consuevimus

501 1403 683 1481 dicere
716 1424 783 1478 de
820 1423 887 1477 iis
914 1420 1002 1491 qui
1046 1418 1382 1486 omnigenam
1417 1421 1667 1469 exercent
1695 1411 1941 1463 virtutem
1968 1403 2069 1475 (ο).

505 1515 690 1569 Postea
714 1521 768 1566 ιιι
789 1506 965 1566 discas
984 1506 1254 1579 qttomodo
1281 1503 1347 1558 ad
1371 1513 1639 1557 summum
1678 1495 1888 1552 virtutis
1930 1493 2076 1546 fasti-

503 1605 644 1675 giuzn
674 1601 996 1674 pervenerit,
1025 1599 1076 1653 id
1102 1596 1241 1667 quod
1271 1601 1326 1650 et
1353 1603 1480 1648 tunc
1503 1587 1812 1659 exigebatur
1833 1600 1862 1638 a
1883 1594 2071 1637 natura

505 1704 683 1750 nostra
703 1733 721 1761 ,
749 1692 916 1762 inquit
945 1707 961 1744 :
999 1686 1180 1742 Justus
1203 1695 1252 1740 et
1275 1685 1522 1754 perfectas
1545 1680 1598 1734 in
1621 1675 1936 1749 generatione
1960 1687 2072 1726 sua.

500 1785 712 1849 Omnia,
737 1782 940 1851 inquit,
967 1778 1205 1845 implevit
1237 1785 1583 1844 quacumque
1604 1770 1778 1824 facere
1827 1763 2078 1820 convenit

500 1889 623 1930 eum
647 1873 735 1943 qui
767 1873 1012 1926 virtutem
1041 1867 1408 1936 amplexatur:
1444 1860 1573 1916 illud
1600 1860 1742 1915 enim
1773 1856 2036 1926 significat
2057 1893 2073 1918 ,

506 1960 768 2030 Perfectus
792 1975 813 2015 :
835 1959 968 2014 nihil
1005 1955 1312 2020 intermisit,
1339 1953 1393 2007 in
1423 1951 1569 2006 nullo
1597 1947 1936 2004 claudicavit.
1959 1943 2074 1998 Non

503 2056 559 2109 in
580 2055 682 2108 hoc
707 2061 853 2106 recte
879 2050 1102 2118 agebat,
1152 2047 1206 2100 in
1241 2044 1334 2100 illo
1367 2053 1544 2098 autem
1571 2039 1861 2109 peccabat,
1903 2033 1996 2089 sed
2024 2034 2076 2087 in

504 2143 648 2196 omni
673 2143 869 2196 virtute
894 2137 1158 2209 perfectus
1182 2143 1297 2195 erat
1327 2151 1342 2186 :
1373 2131 1499 2188 illud
1521 2131 1663 2186 enim
1685 2127 1938 2182 exhibere
1962 2124 2078 2192 ejus

503 2230 666 2285 ofﬁcii
703 2237 838 2285 erat.
871 2227 1167 2288 Praeterea,
1208 2232 1267 2277 ut
1301 2235 1367 2277 ex
1411 2231 1650 2287 tempore
1683 2229 1893 2287 quoque
1915 2222 1970 2267 et
2009 2227 2074 2267 ex

503 2321 902 2391 comparatione
947 2332 1066 2372 cum
1111 2315 1231 2369 aliis
1280 2313 1623 2368 illustriorem
1677 2306 1830 2362 nobis
1877 2305 2076 2374 justum

503 2411 812 2474 exhiberet,
854 2407 1023 2477 inquit
1059 2423 1075 2461 :
1113 2404 1381 2484 Perfectus
1405 2403 1459 2456 in
1491 2399 1807 2470 generatione
1847 2411 1940 2448 sua
1964 2393 2077 2484 ,‘7in

507 2512 747 2570 tempore
772 2499 862 2553 illo
881 2539 897 2565 ,
927 2497 980 2551 in
1009 2483 1352 2567 generatiOne
1376 2492 1462 2545 illa
1491 2502 1739 2559 perversa
1759 2526 1775 2552 ,
1803 2499 1921 2554 qua:
1946 2483 2080 2564 adeo

507 2593 562 2646 in
611 2589 808 2645 malum
853 2586 1174 2650 declinavit,
1217 2597 1338 2654 qua:
1364 2593 1536 2650 neque
1565 2576 1842 2645 vestigium
1870 2572 2080 2628 virtutis

509 2693 620 2748 pra
653 2693 714 2732 se
737 2676 879 2732 ferre
903 2675 1084 2730 voluit.
1115 2674 1173 2728 In
1217 2672 1304 2727 illa
1334 2671 1494 2740 igitur
1515 2664 1878 2738 generatione,
1903 2660 1957 2716 in
1979 2661 2080 2715 illis

508 2767 838 2837 temporibus
857 2767 1031 2834 justus
1060 2764 1150 2818 ille
1167 2777 1268 2817 non
1294 2755 1466 2816 solum
1497 2759 1747 2813 virtutem
1770 2767 1883 2824 pra:
1907 2766 1966 2806 se
1992 2760 2079 2804 tu-

509 2856 610 2922 lit,
641 2855 734 2910 sed
759 2864 814 2911 et
846 2855 898 2910 in
926 2864 1128 2908 tantum
1156 2851 1397 2920 pervenit
1419 2847 1633 2904 virtutis
1663 2844 1914 2908 culmen,
1956 2856 2080 2910 per-

506 2945 710 3011 fectus,
740 2952 797 2999 et
833 2944 887 2998 in
917 2942 1165 2997 omnibus
1189 2941 1483 2996 absolutus.
1526 2935 1660 2991 Nam
1702 2933 1753 2988 id
1791 2930 1931 3003 quod
1956 2939 2081 2986 ante

505 3031 648 3094 dixi.
691 3032 830 3088 bene
854 3047 1009 3101 agere
1051 3033 1189 3085 inter
1213 3029 1421 3084 virtutis
1463 3027 1676 3091 hostes,
1719 3028 1774 3079 et
1820 3022 1958 3076 inter
1986 3035 2081 3076 eos

506 3123 598 3194 qui
623 3123 872 3177 virtutem
920 3121 1202 3190 prohibent
1225 3118 1467 3174 eamdem
1494 3115 1829 3171 sedulitatem
1873 3127 1983 3183 pra:
2021 3125 2082 3166 se

506 3212 682 3278 ferre,
728 3211 898 3280 majus
921 3224 1131 3284 semper
1157 3208 1367 3263 virtutis
1396 3205 1604 3278 pondus
1641 3213 1885 3259 testatur.
1933 3201 2081 3258 Unde

509 3303 610 3356 hac
640 3301 844 3355 ratione
867 3301 1039 3370 justus
1070 3298 1154 3353 ille
1173 3297 1403 3366 majores
1429 3294 1613 3369 laudes
1639 3303 1825 3348 nactus
1848 3301 1949 3347 est.
1976 3292 2082 3346 Nc-

508 3405 616 3461 qne
639 3387 726 3445 hic
755 3381 911 3444 finem
952 3387 1196 3443 laudandi
1239 3388 1386 3442 illum
1425 3371 1550 3440 facit
1568 3384 1746 3439 divina
1774 3384 2041 3452 Scriptura
2063 3423 2080 3450 ,

507 3481 603 3537 sed
630 3481 802 3534 adhuc
824 3479 1032 3534 virtutis
1061 3478 1204 3532 illius
1240 3476 1614 3532 excellentiam
1644 3474 1996 3537 demonstrat,
2030 3482 2085 3528 et

506 3569 648 3640 quod
683 3569 864 3624 divino
890 3567 1093 3622 calculo
1122 3565 1370 3636 probatus
1399 3565 1593 3630 fuerit,
1643 3563 1763 3633 quia
1805 3572 2082 3633 postquam

505 3659 674 3724 dixit,
703 3658 964 3728 Perfectus
985 3659 1034 3709 in
1056 3657 1376 3724 generatione
1394 3671 1487 3709 sua
1509 3695 1524 3720 ,
1549 3654 1721 3718 addit,
1755 3653 1863 3708 Deo
1893 3653 2083 3723 placuit

511 3749 646 3803 Noe.
678 3746 846 3802 Tanta
872 3757 986 3802 erat
1006 3748 1175 3801 virtus
1194 3747 1352 3811 illius,
1380 3755 1516 3801 utet
1533 3761 1563 3799 a
1590 3745 1700 3800 Deo
1726 3743 1930 3799 laudari
1954 3759 2080 3811 pro-

508 3840 784 3895 meruerit.
811 3837 918 3892 Deo
949 3839 1089 3893 enim
1108 3876 1122 3901 ,
1151 3837 1351 3907 inquit,
1383 3837 1570 3905 placuit
1593 3833 1743 3898 Nos;
1768 3849 1832 3890 ac
1855 3833 1901 3888 si
1927 3834 2074 3888 dice—

506 3939 590 3985 ret
622 3947 634 3982 :
669 3930 992 3999 approbatns
1021 3927 1116 3982 fttit
1140 3941 1168 3980 a
1197 3927 1346 3991 Deo;
1389 3940 1484 3995 per
1511 3926 1649 3979 bona
1689 3938 1849 3994 opera
1890 3923 2083 3992 placuit

511 4023 589 4078 illi
615 4024 773 4077 oculo
797 4022 887 4091 qui
918 4022 1079 4090 scpiri
1109 4036 1213 4074 non
1239 4027 1432 4090 potest,
1472 4025 1528 4073 et
1556 4011 1697 4072 illius
1725 4016 1823 4071 sibi
1850 4016 2080 4068 favorem

507 4121 711 4166 tantum
726 4111 1026 4165 conciliavit
1053 4125 1146 4178 per
1162 4110 1354 4162 bonam
1369 4108 1553 4171 vitam,
1573 4119 1629 4162 ut
1647 4122 1767 4162 eum
1787 4121 1891 4160 non
1908 4106 2079 4160 solum

507 4204 577 4257 ab
610 4202 968 4272 indignatione
998 4202 1048 4254 in
1081 4214 1268 4254 omnes
1292 4197 1606 4254 effundenda
1628 4197 1883 4262 liberarit,
1907 4197 1999 4252 sed
2028 4206 2083 4250 et

505 4291 729 4347 aliorum
757 4299 1034 4360 patronum
1065 4289 1267 4344 fecerit.
1318 4287 1427 4344 Deo
1453 4287 1626 4351 enim,
1659 4287 1859 4355 inquit,
1893 4285 2082 4356 placuit

510 4381 642 4438 Noe.
673 4381 800 4450 Quis
820 4381 920 4435 hoc
949 4381 1151 4434 beatior
1171 4379 1351 4442 fuerit,
1379 4379 1469 4447 qui
1497 4385 1696 4431 tantam
1722 4391 1830 4445 pra:
1857 4392 1915 4430 se
1941 4375 2080 4431 ferre

507 4472 679 4539 potuit
701 4471 970 4535 virtutem,
991 4479 1048 4524 ιιι
1072 4469 1350 4523 Dominum
1373 4467 1602 4523 universi
1627 4468 1843 4521 haberet
1866 4467 2078 4521 laudum

505 4577 721 4620 suarum
763 4577 1058 4631 pra‘conent
1077 4562 1101 4614 τ

579 4652 797 4720 Quinam
821 4666 932 4704 vere
959 4658 1198 4720 regnent;
1224 4645 1528 4718 genealogus
1552 4645 1730 4700 modus
1749 4647 1987 4715 eptinms.
2008 4676 2079 4686 —

507 4741 634 4798 llmc
655 4742 723 4796 ali
743 4755 808 4796 eo
834 4749 956 4795 sunt
985 4742 1116 4793 facta
1144 4778 1160 4804 ,
1207 4752 1324 4807 qua:
1348 4735 1619 4806 quibusvis
1644 4735 1868 4799 divitiis,
1897 4736 2080 4803 quavis

505 4831 849 4888 abundantia.
881 4827 1064 4899 quavis
1091 4829 1256 4898 gloria
1280 4837 1332 4882 et
1358 4826 1612 4897 potentia,
1642 4825 1824 4895 quavis
1849 4825 2076 4879 humana

503 4922 755 4976 felicitate
775 4924 979 4988 potiora
999 4919 1210 4973 duxerit
1228 4919 1468 4988 quisquis
1487 4927 1718 4972 mentem
1746 4916 1905 4971 habet
1927 4933 1939 4968 :
1966 4917 2078 4969 huic

504 5025 670 5082 regno
695 5010 857 5078 magis
883 5006 1251 5062 desiderabilla
1284 5007 1481 5060 fuerint
1505 5006 1586 5071 ei,
1633 5006 1720 5075 qui
1762 5005 1925 5058 Deum
1964 5007 2077 5059 sin—

500 5113 630 5155 cero
675 5113 857 5152 amore
889 5095 1078 5166 diligit.
1111 5096 1305 5151 Verum
1341 5097 1482 5149 enim
1525 5109 1744 5163 regnum
1778 5095 1914 5149 istud
1953 5106 2074 5160 est,

502 5204 661 5260 posse
685 5201 782 5241 nos
810 5188 1007 5257 optima
1036 5188 1140 5240 vita
1171 5187 1455 5255 propitium
1484 5195 1537 5240 et
1560 5186 1878 5240 clementem
1922 5187 2076 5241 nobis

502 5279 728 5334 reddere
759 5276 1057 5330 Dominum.
1101 5275 1409 5331 Gebennam
1439 5276 1581 5330 enim
1612 5276 1801 5330 timere
1839 5290 1943 5330 non
1978 5277 2074 5330 de-

509 5369 701 5423 bemus
724 5376 944 5437 propter
971 5368 1147 5440 ignem
1173 5368 1324 5422 illutn
1352 5371 1938 5440 inexstingnibilem,et
1965 5387 2081 5443 pa:-

569 5523 642 5587 (a)
666 5522 759 5573 Hic
785 5525 930 5587 locus
967 5524 1100 5573 hunc
1136 5537 1331 5572 versum
1372 5526 1682 5587 Empedoclis
1714 5525 1762 5575 in
1801 5527 2078 5577 memoriam

509 5583 705 5633 revocat
732 5599 742 5631 :
772 5583 819 5631 ἐν
833 5592 881 5652 ⁸διά
897 5595 1105 5652 etsunt“
1128 5597 1334 5652 συλλῄεδήν
1353 5583 1566 5652 aath
1587 5603 1695 5647 νων,
1718 5589 1766 5638 in
1781 5587 1970 5652 justitia
1991 5604 2080 5638 tm-

509 5652 601 5696 ιεηι
630 5647 1006 5707 comprehensim
1031 5647 1293 5698 imitation:
1320 5651 1473 5698 omnis
1488 5647 1670 5700 'vn'tus.

1227 317 1286 378 s.
1325 314 1598 375 JOANNIS
1632 306 2104 370 cnnvsos'ront
2143 295 2457 366 ancnntr.
2499 308 3028 370 consumma.
3632 313 3737 368 eo:

2173 435 2271 476 nas
2297 426 2594 491 terribiles,
2625 436 2679 482 et
2716 439 2998 496 perpetuos
3021 427 3325 482 cruciatus:
3361 427 3454 480 sed
3493 427 3617 496 quia
3660 429 3738 480 of-

2167 512 2436 571 fendimus
2457 527 2564 572 tam
2594 518 2789 572 bonum
2819 519 3149 584 Dominmn,’
3188 528 3246 574 et
3285 517 3356 573 ab
3391 519 3533 573 illius
3575 520 3743 588 gratia

2169 619 2354 662 sumus
2379 608 2537 662 alieni
2578 625 2594 663 :
2635 609 2707 664 ita
2747 618 2802 663 et
2822 610 2890 665 ad
2927 626 3150 680 regnum
3186 610 3341 666 nobis
3388 610 3745 666 festinandum

2171 696 2384 752 nonnisi
2410 707 2626 769 propter
2652 713 2887 755 amorem
2910 688 2971 755 in
2991 701 3159 766 illum,
3189 711 3247 756 ut
3265 701 3382 771 ejus
3403 701 3571 773 gratia
3596 699 3746 755 frua-

2173 801 2314 842 mur.
2361 785 2492 843 Nam
2547 797 2604 841 ut
2623 802 2788 859 regno
2829 788 3233 846 desidet-abuius
3279 798 3391 855 est,
3426 791 3749 847 clementem

2175 875 2455 931 Dominum
2500 886 2741 932 nostrum
2793 878 3106 941 benevolum
3146 893 3268 935 esse
3309 880 3463 934 nobis
3493 897 3508 933 :
3540 880 3613 934 ita
3654 895 3751 950 ge-

2176 966 2348 1022 henna
2378 968 2607 1038 gravius,
2636 967 2704 1023 ab
2727 969 2869 1023 illius
2893 970 3257 1025 benevolentia
3286 971 3557 1028 excidere.

2252 1057 2468 1113 Vidistis
2505 1068 2714 1129 quanta:
2757 1059 2908 1113 nobis
2959 1061 3197 1115 utilitatis
3239 1060 3336 1116 fuit
3377 1070 3751 1130 argumentum

2175 1148 2460 1217 appellatio
2474 1148 2626 1218 justi,
2652 1158 2708 1203 et
2733 1161 2986 1219 quantum
3015 1156 3400 1206 sententiarum
3436 1151 3749 1206 thesaurum

2177 1239 2382 1308 peperit
2405 1239 2729 1294 admirabilis
2771 1238 2927 1308 hujus
2949 1241 3048 1295 viri
3074 1242 3380 1313 genealogis
3400 1242 3426 1295 Υ
3451 1241 3753 1312 Seqttamttr

2176 1328 2336 1398 igitur
2361 1337 2416 1383 et
2439 1344 2536 1384 nos
2563 1329 2754 1384 divina:
2784 1326 3070 1400 Scriptura:
3097 1330 3308 1400 regulas
3327 1373 3342 1395 ,
3373 1342 3428 1387 et
3454 1333 3500 1387 si
3525 1333 3754 1388 velimus

2175 1418 2474 1488 aliquorum
2502 1420 2836 1489 genealogias
2857 1435 3128 1484 enarrare,
3159 1437 3264 1475 non
3294 1430 3471 1492 patres
3511 1431 3565 1476 et
3599 1436 3750 1485 avos,

2177 1517 2232 1562 et
2256 1509 2454 1564 abavos
2479 1511 2532 1564 in
2564 1510 2794 1564 medium
2820 1509 3106 1567 aderamus
3127 1552 3144 1577 ,
3171 1513 3264 1567 sed
3290 1512 3405 1581 ejus
3431 1515 3600 1568 solum
3624 1554 3640 1579 ,
3658 1529 3755 1566 eu.

2174 1599 2264 1670 jus
2288 1611 2370 1656 est
2394 1603 2718 1675 genealogis,
2754 1603 3003 1659 virtutem
3027 1603 3357 1675 deteganius.
3385 1607 3482 1661 Hie
3516 1607 3754 1676 optimus
3853 1665 3858 1669 ,

2177 1691 2500 1763 genealogis:
2530 1693 2721 1748 modus
2740 1705 2840 1748 est.
2872 1695 3002 1760 Quae
3031 1697 3175 1750 enim
3199 1695 3400 1750 utilitas
3424 1711 3489 1750 ex
3518 1697 3678 1751 claris
3697 1707 3755 1750 ct

2181 1781 2361 1850 probis
2394 1783 2704 1850 penatibus
2743 1782 2998 1852 originem
3027 1783 3226 1839 ducere
3251 1824 3269 1850 ,
3299 1795 3352 1839 te
3393 1794 3568 1839 autem
3599 1785 3755 1840 boum

2181 1869 2303 1922 vita:
2321 1882 2442 1923 esse
2459 1869 2779 1940 expertem!
2802 1879 2896 1924 aut
2913 1873 3052 1940 quod
3081 1871 3334 1926 damnum
3359 1871 3553 1939 fuerit,
3589 1875 3633 1927 si
3661 1889 3756 1944 pa-

2182 1967 2360 2014 rentes
2392 1966 2454 2012 et
2495 1960 2858 2038 pnigeaiwres
2894 1961 3092 2014 fuerint
3136 1960 3394 2032 ignobiles
3415 1971 3471 2016 et
3491 1963 3702 2018 obscuri
3733 2005 3752 2030 ,

2182 1975 2360 2014 rentes
2392 1975 2454 2012 et
2495 1975 2571 2028 pri
2607 1975 2858 2038 rectiores
2894 1975 3092 2014 Illel‘lttl.
3136 1975 3394 2032 tgnonttes
3415 1975 3471 2016 et
3491 1975 3702 2018 obscuri
3733 2005 3752 2030 ,

2182 2048 2296 2116 ipse
2324 1975 2807 2139 autemigpt‘utihus
2834 2050 3068 2106 ﬂoreas?
3093 2051 3224 2117 Quia
3249 2063 3304 2107 et
3319 2052 3492 2122 justus
3518 2053 3607 2108 ille
3634 2055 3757 2108 talis

2183 2139 2298 2204 fuit,
2330 2146 2388 2193 et
2404 2139 2718 2218 conciliavit
2749 2141 2849 2196 sibi
2873 2145 3097 2212 gratiam
3128 2143 3220 2199 Dei
3243 2185 3259 2209 ,
3285 2159 3390 2198 non
3416 2145 3556 2214 quod
3586 2160 3615 2198 a
3638 2146 3759 2199 tali-

2182 2229 2280 2282 bus
2305 2227 2465 2284 l'uerit
2492 2230 2830 2299 parentibus:
2857 2246 3029 2300 neque
3048 2234 3190 2286 enim
3219 2232 3292 2286 ita
3318 2247 3413 2288 eos
3437 2247 3758 2288 commemo-

2182 2328 2267 2373 rat
2303 2316 2577 2388 Scriptura
2621 2329 2681 2373 ut
2731 2320 2929 2377 virtute
2970 2321 3194 2376 nobiles.
3237 2320 3594 2376 Nihilominus
3632 2338 3757 2378 cum

2183 2417 2330 2463 tanta
2355 2419 2536 2464 essent
2559 2410 2833 2466 obstacula
2858 2420 2914 2466 et
2949 2421 3027 2467 tot
3071 2413 3468 2480 impedimenta,
3500 2414 3552 2468 in
3586 2413 3756 2483 ipsum

2183 2502 2464 2569 pervenire
2501 2501 2672 2569 potuit
2711 2502 2931 2557 virtutis
2953 2504 2969 2533 ¹
3000 2504 3296 2573 fastigium:
3324 2515 3380 2560 ut
3413 2505 3589 2560 discas
3632 2521 3755 2560 cum

2181 2589 2271 2657 qui
2302 2587 2485 2658 vigilat
2511 2598 2565 2644 et
2585 2590 2796 2645 sobrius
2819 2600 2924 2658 est,
2953 2601 3006 2644 ct
3033 2607 3144 2646 sua:
3177 2595 3363 2647 salutis
3389 2610 3570 2648 curam
3606 2597 3714 2663 agit
3735 2635 3752 2658 ,

2184 2678 2317 2734 nihil
2342 2693 2464 2735 esse
2486 2681 2630 2750 quod
2653 2681 2954 2752 prohibeat.
2983 2681 3116 2737 Nam
3145 2685 3284 2738 sicut
3312 2684 3402 2738 ubi
3432 2685 3762 2755 negligentes

2182 2771 2504 2839 creperimus
2525 2785 2663 2838 esse,
2696 2774 2856 2826 etiam
2883 2789 2915 2827 a
2954 2774 3114 2828 rebus
3138 2775 3372 2830 minimis
3396 2775 3714 2831 otfendimur
3742 2794 3756 2830 :

2187 2860 2260 2912 ita
2275 2859 2320 2912 si
2349 2860 2674 2915 voluerimus
2703 2862 2867 2917 sobrii
2895 2876 3016 2916 esse
3042 2903 3058 2927 ,
3090 2865 3338 2933 quamvis
3367 2865 3632 2920 innumeri
3655 2867 3763 2920 sint

2185 2954 2276 3021 qui
2300 2953 2366 3006 ad
2389 2952 2641 3006 malitiam
2668 2951 2903 3018 trahant,
2934 2954 3238 3023 neutiquam
3267 2963 3506 3010 nostrum
3528 2955 3763 3010 studium

2185 3051 2430 3112 poterunt
2458 3040 2808 3097 labefactare:
2826 3043 2967 3098 sicut
2990 3057 3163 3112 neque
3191 3043 3338 3098 illum
3357 3044 3588 3115 justum,
3621 3057 3761 3102 tam-

2185 3133 2284 3188 etsi
2315 3140 2394 3186 tot
2417 3143 2597 3188 essent
2623 3132 2676 3187 id
2700 3141 2948 3187 curantes
2972 3173 2988 3194 ,
3022 3134 3324 3202 segniorem
3358 3136 3410 3190 in
3447 3137 3755 3192 exercenda

2185 3224 2378 3278 virtute
2401 3222 2574 3278 facere
2595 3231 2904 3293 potuerunt.
2922 3223 3151 3279 Proinde
3172 3225 3352 3280 nullus
3378 3227 3538 3281 alium
3555 3237 3769 3298 arguat,

2185 3324 2240 3368 et
2270 3314 2322 3367 in
2351 3313 2483 3367 alios
2502 3314 2712 3383 culpam
2735 3314 3072 3381 transcribat,
3093 3315 3188 3370 sed
3213 3332 3324 3370 sua:
3343 3318 3564 3386 ignavia:
3590 3327 3764 3374 totum

2188 3404 2429 3471 imputet.
2461 3403 2529 3458 Et
2557 3403 2681 3474 quid
2707 3403 2828 3459 dico
2872 3405 2924 3458 in
2968 3405 3151 3460 alios?
3179 3405 3359 3477 Neque
3383 3408 3653 3472 diabolum
3683 3409 3765 3478 lp-

2187 3510 2304 3549 sum
2333 3493 2449 3563 quis
2473 3503 2578 3547 tam
2602 3503 2871 3564 potentem
2895 3505 3062 3565 putet,
3092 3506 3145 3551 ut
3163 3497 3444 3565 prohibere
3458 3500 3765 3569 quempiam

2185 3584 2357 3654 possit
2383 3586 2668 3652 quominus
2697 3585 2748 3640 itt
2781 3587 2917 3640 viam
2945 3602 3064 3656 qua:
3083 3587 3150 3640 ad
3180 3587 3430 3642 virtutem
3455 3588 3622 3651 ducit,
3651 3600 3760 3643 eat.

2186 3674 2503 3744 Supplantat
2520 3675 2733 3745 quidem
2764 3685 2819 3730 et
2838 3676 3034 3748 decipit
3052 3678 3387 3732 socordiores
3412 3719 3427 3740 ,
3457 3695 3564 3733 non
3595 3681 3766 3750 impc-

2185 3764 2264 3819 dit
2283 3776 2482 3830 autem,
2508 3780 2606 3819 nec
2623 3764 2728 3819 vim
2759 3768 2952 3823 infert:
2977 3767 3029 3822 id
3057 3768 3198 3837 quod
3229 3783 3409 3823 rerum
3434 3770 3764 3838 experientia

2185 3855 2368 3910 docet:
2396 3869 2586 3924 nempe
2612 3856 2656 3910 si
2681 3857 2938 3912 vellemus
2963 3858 3183 3927 vigilare
3211 3900 3225 3924 ,
3257 3866 3416 3913 tantae
3441 3860 3765 3915 constantia!

2188 3948 2458 4016 specimen
2487 3947 2896 4010 exhiberemus.
2928 3959 2986 4005 ut
3019 3966 3194 4022 neque
3218 3951 3267 4004 si
3293 3951 3442 4004 multi
3473 3961 3656 4005 essent
3695 3952 3764 4005 ad

2188 4040 2402 4095 malitia:
2428 4040 2568 4096 viam
2594 4057 2692 4096 nos
2717 4042 3062 4097 cohortantes
3085 4081 3100 4107 ,
3128 4057 3311 4096 eorum
3340 4042 3602 4098 ferremus
3629 4057 3762 4096 con-

2188 4131 2382 4196 silium,
2417 4131 2508 4185 sed
2530 4133 2674 4186 omni
2693 4132 2981 4188 adamante
3007 4132 3291 4197 firmiores,
3312 4148 3470 4186 aures
3486 4132 3765 4186 obturaro-

2188 4236 2306 4274 mus
2332 4231 2437 4274 tam
2470 4235 2628 4289 prava
2647 4223 3070 4276 consulentibus.
3099 4224 3168 4275 At
3208 4223 3252 4275 si
3282 4223 3610 4291 negligentes
3647 4223 3764 4276 fne-

2186 4311 2375 4375 rimus,
2399 4311 2608 4365 etiamsi
2636 4311 2814 4365 nullus
2837 4311 3009 4381 sitqui
3031 4311 3275 4366 consulat
3304 4311 3388 4365 vel
3408 4313 3712 4380 suppluntct
3741 4351 3762 4378 ,

2187 4410 2369 4458 nostra
2408 4413 2596 4471 sponte
2631 4403 2698 4458 ad
2744 4404 2998 4458 malitiam
3050 4406 3402 4472 prosiliemus.
3430 4404 3562 4459 Nam
3591 4406 3634 4458 si
3660 4405 3764 4460 hoe

2186 4509 2289 4546 non
2309 4501 2451 4548 esset
2464 4493 2621 4546 situm
2644 4495 2694 4546 in
2713 4491 2980 4549 voluntate
2997 4507 3197 4554 nostra,
3217 4494 3334 4548 etin
3353 4495 3515 4548 animi
3530 4503 3764 4562 potesta-

2188 4583 2406 4648 te,Dens
2423 4592 2664 4636 naturam
2691 4592 2932 4638 nostram
2953 4585 3034 4636 sui
3058 4583 3192 4652 juris
3217 4599 3319 4638 non
3340 4582 3574 4647 fecisset,
3597 4597 3761 4654 opor-

2187 4675 2330 4728 tebat
2355 4689 2450 4728 eos
2475 4674 2562 4743 qui
2587 4684 2786 4728 natura:
2817 4686 3011 4730 nostra:
3034 4676 3334 4745 participes,
3367 4687 3420 4729 et
3447 4675 3635 4730 iisdem
3664 4675 3759 4730 ob-

2185 4767 2329 4820 noxii
2355 4775 2478 4821 sunt
2511 4766 2879 4823 aifeCtionibus
2907 4808 2922 4833 ,
2953 4769 3036 4823 vel
3059 4787 3248 4827 omnes
3279 4769 3448 4825 malos
3470 4783 3590 4825 esse
3619 4809 3636 4834 ,
3677 4773 3758 4828 vel

2183 4871 2370 4911 omnes
2396 4858 2589 4912 virtute
2618 4857 2886 4927 prmditos.
2925 4844 3056 4912 Cum
3082 4869 3260 4913 autem
3291 4859 3532 4914 videmus
3555 4875 3756 4931 conge-

2185 4964 2336 5004 ncres
2361 4959 2569 5004 nostros
2592 4990 2608 5016 ,
2641 4959 2694 5003 et
2721 4947 2920 5004 eisdem
2947 4949 3315 5005 affectionibus
3342 4948 3619 5015 obnoxios,
3653 4967 3759 5007 non

2183 5039 2366 5092 eadem
2392 5056 2512 5109 qua:
2539 5054 2633 5093 nos
2665 5040 2768 5109 pati
2796 5057 2809 5093 :
2837 5038 2931 5094 sed
2957 5049 3012 5093 et
3039 5039 3208 5092 valida
3235 5040 3439 5094 ratione
3461 5041 3760 5110 gubernare

2185 5138 2422 5182 naturam
2454 5169 2471 5195 ,
2498 5139 2553 5183 et
2575 5130 2903 5183 inordinatos
2931 5135 3108 5182 motus
3138 5127 3377 5193 domare,
3408 5139 3462 5185 et
3491 5131 3759 5187 refrenare

2183 5222 2688 5290 concupiscentiam,
2718 5222 2981 5290 imperare
3008 5219 3171 5274 furori
3201 5229 3256 5275 et
3285 5221 3396 5284 ire,
3425 5220 3608 5292 fugare
3635 5223 3740 5277 invi

2181 5311 2320 5367 diam
2345 5353 2360 5376 ,
2406 5313 2680 5368 eliminare
2719 5314 2938 5366 livorem
2971 5352 2988 5378 ,
3032 5320 3373 5368 contemnere
3413 5314 3652 5368 rabidam
3704 5314 3757 5367 in

2182 5405 2558 5472 conquirendis
2593 5403 2837 5473 pecuniis
2870 5402 3209 5472 cupiditatem
3239 5446 3256 5471 ,
3287 5406 3547 5460 minorem
3574 5405 3752 5474 glorize

2181 5507 2364 5548 curam
2393 5494 2609 5556 habere,
2641 5492 2817 5548 ridere
2843 5507 3054 5549 omnem
3081 5496 3360 5565 praesentis
3389 5495 3506 5550 vita:
3535 5494 3756 5550 felicita-

2245 5646 2260 5678 ί
2298 5642 2409 5700 Alii,
2432 5655 2633 5696 summa
2656 5644 2857 5695 t'trttais.
