4070 6386
269 345 374 403 205

266 475 399 529 tem,
428 462 666 531 aspirare
696 460 762 517 ad
790 473 972 515 veram
1000 459 1244 531 gloriam,
1280 468 1335 514 et
1357 472 1672 529 praeponere
1694 456 1871 511 visibi-

268 553 405 608 libus
438 552 688 608 omnibus
726 551 939 606 laudem
977 566 1097 621 qua:
1124 565 1153 605 a
1186 550 1295 605 Deo
1326 559 1410 605 est
1443 568 1456 603 :
1487 563 1664 603 nonne
1695 546 1871 602 mani-

267 645 458 701 festum
498 654 583 701 est
616 660 711 701 eos
743 686 758 710 ,
796 654 915 715 post
953 646 1178 715 gratiam
1213 644 1308 699 Dei
1343 686 1357 708 ,
1388 658 1486 698 suo
1524 642 1702 698 studio
1736 643 1872 697 bene

265 746 421 807 agere
452 750 613 808 posse
633 778 647 798 .
676 751 885 807 nosque
911 744 1091 792 nostra
1120 736 1327 807 ignavia
1359 742 1597 790 nostram
1623 734 1870 789 amittere

263 829 489 883 salutem
519 868 538 894 ,
565 836 621 883 et
647 827 766 897 ejus
794 823 962 898 gratia
990 842 1088 882 nos
1118 828 1352 896 spoliare
1376 827 1400 880 ἲ

334 918 385 974 6.
418 915 640 973 Horatia
666 918 1382 989 alternum—Quapropter
1410 917 1638 974 obsecro
1671 927 1728 973 ut
1757 916 1873 974 ha-c

262 1011 557 1083 cogitantes
583 1053 599 1078 ,
643 1018 700 1066 et
738 1012 792 1066 in
820 1020 997 1067 mente
1044 1020 1225 1067 nostra
1268 1012 1523 1067 continuo
1549 1019 1826 1067 versantes
1853 1052 1869 1075 ,

261 1117 551 1173 numquam
578 1100 853 1158 diabolum
881 1142 897 1168 ,
925 1102 1021 1158 sed
1050 1111 1289 1158 nostram
1317 1102 1487 1159 levem
1520 1103 1871 1173 ignavamque

262 1204 494 1248 mentem
524 1208 834 1264 arguamus.
857 1194 926 1249 Et
951 1194 1067 1249 haec
1091 1195 1212 1249 dico
1242 1209 1348 1249 non
1370 1195 1512 1264 quod
1540 1194 1811 1248 diabolum
1839 1208 1869 1246 a

256 1298 359 1338 suo
381 1283 611 1338 crimine
634 1283 916 1340 absolvere
943 1285 1104 1341 velim
1129 1302 1143 1338 :
1175 1285 1314 1338 absit
1354 1300 1369 1338 :
1403 1284 1548 1338 vadit
1568 1285 1709 1339 enim
1734 1285 1872 1339 sicut

258 1373 346 1430 leo
366 1382 425 1429 ut
448 1377 643 1446 rapiat,
670 1386 725 1431 et
750 1378 984 1447 rugiens,
1007 1386 1062 1432 et
1083 1392 1329 1447 quaarens
1351 1392 1510 1447 quem
1537 1376 1756 1433 devoret
1790 1377 1864 1449 (l.

259 1462 377 1519 Pet.
406 1466 459 1521 5.
488 1464 524 1521 8
552 1464 572 1537 )
606 1484 620 1519 :
651 1466 745 1521 sed
776 1474 833 1522 et
854 1483 952 1521 nos
972 1469 1241 1522 cautiores
1268 1466 1496 1523 reddere
1527 1468 1688 1534 volui,
1722 1479 1869 1525 utne

257 1557 630 1613 existimemus
650 1574 836 1613 carere
866 1574 963 1614 nos
991 1560 1169 1628 culpa,
1198 1558 1459 1625 siquidem
1491 1569 1599 1614 tam
1626 1559 1779 1615 facile
1802 1560 1868 1614 ad

257 1649 521 1704 malitiam
564 1651 961 1721 prorumpimus
995 1692 1009 1715 ,
1042 1660 1096 1706 et
1141 1666 1209 1705 ne
1259 1649 1444 1705 frivola
1498 1651 1585 1704 illa
1627 1650 1869 1706 dicamus

254 1742 418 1797 verba
445 1760 459 1797 :
487 1742 667 1811 Quare
700 1744 839 1798 Deus
866 1742 1069 1797 dimisit
1095 1743 1244 1797 illum
1272 1752 1379 1797 tam
1412 1744 1716 1813 improbum
1745 1786 1759 1808 ,
1809 1752 1868 1799 ut

253 1834 626 1903 supplantaret
659 1842 716 1889 et
751 1835 1162 1904 prosterneret?
1205 1834 1344 1889 Sunt
1371 1835 1513 1889 enim
1545 1833 1661 1889 haec
1708 1834 1866 1891 verba

252 1927 447 1997 ingrati
476 1926 768 1981 admodum
795 1927 979 1981 animi.
1015 1927 1213 1981 Verum
1245 1934 1303 1981 tu
1346 1925 1448 1981 hoc
1476 1935 1652 1982 tecum
1684 1929 1866 1982 consi-

249 2016 407 2081 dera,
437 2017 588 2073 illum
616 2026 838 2088 prepter
864 2017 967 2073 hoc
996 2019 1331 2087 potissimum
1364 2017 1609 2073 relicmm
1633 2033 1775 2083 esse,
1810 2028 1867 2074 ut

250 2107 451 2163 timore
495 2107 804 2178 compulsi,
834 2117 887 2161 et
940 2107 1111 2163 hostis
1167 2107 1391 2163 insidias
1437 2118 1813 2178 exspectantes
1846 2152 1861 2177 ,

248 2199 422 2254 simus
449 2208 709 2268 perpetuo
733 2201 897 2254 sobrii
929 2209 984 2256 et
1012 2200 1199 2270 vigiles
1219 2243 1234 2267 ,
1263 2201 1611 2272 laboremque
1653 2205 1865 2258 virtutis

248 2289 512 2345 leviorem
540 2290 800 2347 faciamus
827 2306 921 2361 Spe
944 2291 1359 2347 retributionem
1388 2304 1444 2352 et
1462 2295 1863 2364 exspectatione

247 2390 582 2437 aeternorum
613 2393 668 2438 et
694 2383 1043 2439 ineﬂ'abilium
1072 2383 1284 2437 illorum
1325 2384 1613 2438 bonorum.
1644 2384 1712 2439 Et
1736 2385 1861 2455 quid

247 2471 499 2540 miraris,
539 2474 584 2527 si
621 2473 694 2528 ob
722 2474 860 2529 hanc
888 2489 1105 2529 causam
1136 2473 1352 2544 reliquit
1378 2474 1651 2530 diabolum
1682 2476 1821 2531 Deus
1844 2519 1857 2541 ,

242 2565 336 2618 cui
355 2574 499 2619 tanta
533 2573 732 2620 nostra:
762 2566 949 2620 salutis
969 2581 1119 2629 cura,
1147 2574 1203 2620 ct
1232 2565 1321 2635 qui
1345 2564 1415 2620 ita
1448 2574 1687 2621 nostram
1711 2581 1857 2621 som-

244 2658 547 2712 nolentiam
590 2659 841 2725 excutit,
888 2658 1280 2727 materiamque
1323 2672 1649 2713 coronarum
1702 2658 1859 2714 nobis

243 2758 519 2818 pneparat
546 2750 568 2802 l'
595 2748 770 2818 Ipsam
797 2750 959 2804 etiam
988 2748 1291 2820 gehennam
1321 2756 1604 2818 propterea
1629 2749 1856 2818 paravit,

240 2849 309 2895 ut
336 2850 513 2896 metus
545 2856 715 2910 ptena:
744 2842 1201 2913 intolerabilisque
1225 2841 1496 2897 cruciatus
1538 2842 1607 2896 ad
1634 2858 1855 2913 regnum

240 2947 347 2988 nos
369 2933 635 3003 impellat.
683 2934 871 2989 Vidisti
899 2935 1155 2990 solertem
1185 2934 1390 2988 Domini
1424 2934 1807 3004 benignitatem
1835 2936 1857 2989 ?

237 3029 524 3096 quomodo
551 3030 730 3083 omnia
759 3028 920 3084 faciat
944 3037 1001 3083 et
1027 3034 1223 3083 tractet
1260 3068 1276 3093 ,
1310 3036 1367 3081 ut
1411 3043 1518 3081 non
1553 3028 1727 3082 solum
1764 3043 1857 3083 eos

237 3119 335 3189 qui
360 3120 429 3173 ab
453 3134 516 3175 se
538 3118 743 3175 conditi
765 3127 1103 3186 suntservet,
1118 3118 1215 3174 sed
1244 3126 1299 3173 et
1326 3118 1681 3173 ineﬂ'abilibus
1703 3119 1857 3173 bonis

237 3211 419 3267 ditet?
450 3211 742 3281 Propterea
772 3211 1000 3267 liberum
1023 3212 1303 3266 arbitrium
1346 3212 1500 3265 nobis
1542 3211 1734 3265 indidit
1762 3253 1777 3277 ,
1801 3222 1856 3267 et

240 3308 301 3361 in
347 3315 537 3359 natura
581 3305 1017 3375 conscientiaque
1062 3312 1244 3359 nostra
1295 3303 1537 3372 reposuit
1574 3304 1852 3358 scientiam

240 3396 371 3451 boni
401 3404 456 3451 et
482 3396 641 3462 mali,
675 3396 1062 3467 diabolumque
1090 3410 1212 3451 esse
1241 3396 1482 3464 permisit
1516 3437 1528 3459 ,
1564 3409 1627 3450 ac
1648 3394 1854 3465 gehen-

240 3502 368 3543 nam
399 3488 635 3542 minatns
663 3497 765 3553 est,
796 3496 855 3543 ut
882 3503 1003 3543 eam
1035 3503 1145 3543 non
1178 3488 1552 3557 experiremur
1581 3530 1595 3551 ,
1638 3487 1733 3542 sed
1769 3504 1852 3543 re-

239 3596 406 3651 gnum
436 3579 877 3650 adipisceremur.
905 3581 971 3635 Et
992 3581 1119 3651 quid
1148 3581 1362 3635 miraris
1391 3582 1433 3635 si
1467 3581 1566 3635 ista
1599 3582 1779 3635 omnia
1798 3590 1854 3636 et

242 3674 528 3728 innumera
551 3672 653 3726 alia
688 3672 809 3727 ideo
831 3671 1060 3727 fecerit?
1085 3671 1186 3739 Qui
1217 3672 1268 3725 in
1298 3672 1414 3725 sinu
1434 3671 1609 3726 Patris
1631 3682 1716 3727 est
1743 3672 1853 3727 for-

242 3782 390 3822 mam
416 3767 558 3822 servi
590 3767 867 3836 suscipere
893 3764 1345 3835 voluit(Phitipp.
1375 3764 1431 3817 2.
1462 3763 1517 3836 7)
1546 3807 1561 3831 ,
1589 3775 1645 3820 et
1672 3766 1852 3822 omnia

244 3858 349 3912 alia
380 3859 651 3913 sustinere
679 3873 800 3928 qua:
843 3857 909 3911 ad
946 3872 1144 3927 corpus
1175 3858 1448 3927 pertinent
1484 3898 1496 3921 ,
1530 3873 1594 3911 ex
1630 3858 1854 3914 muliere

242 3959 425 4005 ortum
455 3950 676 4016 habere,
707 3964 771 4005 ex
798 3948 1017 4019 Virgine
1044 3949 1227 4013 nasci,
1259 3963 1452 4003 novem
1492 3949 1769 4003 mensibus
1800 3951 1851 4004 in

244 4051 403 4097 utero
441 4042 640 4112 gestari
674 4083 690 4107 ,
740 4041 930 4109 pannis
958 4041 1155 4095 involvi
1190 4080 1206 4108 ,
1254 4050 1463 4111 patrem
1493 4058 1648 4096 suum
1678 4045 1853 4113 putari

243 4135 449 4206 Ioseph
468 4150 727 4203 sponsum
742 4134 942 4201 Marite,
962 4133 1214 4205 paulatim
1238 4150 1502 4200 crescere,
1520 4136 1853 4203 circumcidi,

244 4228 571 4283 sacrificium
603 4227 816 4292 oﬂ'erre,
838 4228 1070 4294 esurire,
1101 4225 1271 4291 sitire,
1299 4226 1528 4297 fatigari,
1556 4236 1611 4281 et
1639 4229 1853 4283 tandem

244 4321 417 4373 etiam
440 4325 669 4373 inertem
698 4318 965 4373 sustinere
1004 4336 1016 4371 :
1050 4327 1105 4373 et
1135 4327 1364 4373 mortem
1397 4334 1505 4373 non
1536 4321 1809 4389 vulgarem
1837 4365 1851 4388 ,

243 4409 343 4466 sed
372 4425 494 4464 eam
511 4426 630 4480 qua-
654 4409 1157 4479 ignominiosissima
1181 4410 1497 4476 habebatur,
1515 4412 1691 4468 crucis
1710 4414 1851 4479 dico;

244 4510 305 4556 et
326 4502 441 4556 hanc
468 4501 648 4554 omnia
668 4511 887 4569 propter
916 4515 1016 4556 nos
1037 4510 1387 4573 nostramque
1410 4502 1640 4558 salutem
1670 4520 1852 4559 susce-

247 4593 328 4661 pit
354 4591 597 4645 mnnium
624 4590 887 4645 Conditor
912 4632 926 4657 ,
958 4592 1327 4658 immutabilis,
1357 4593 1446 4663 qui
1478 4594 1656 4648 omnia
1682 4610 1748 4650 ex
1772 4596 1852 4648 ni-

246 4684 358 4737 hilo
391 4693 446 4736 ut
472 4693 653 4737 essent
690 4683 937 4750 produxit
966 4724 980 4747 ,
1010 4684 1097 4753 qui
1127 4684 1345 4752 respicit
1376 4694 1572 4739 terram
1605 4728 1619 4752 ,
1648 4695 1702 4739 et
1733 4686 1859 4741 facit

245 4793 365 4831 eam
392 4786 624 4829 tremere
658 4774 828 4845 (l’sal.
856 4776 978 4831 105.
1002 4776 1096 4843 '52)
1120 4793 1133 4838 ;
1157 4778 1310 4845 cujus
1337 4778 1528 4845 gloriae
1556 4778 1735 4847 fulgur
1763 4796 1855 4835 ne-

242 4884 349 4935 que
362 4865 678 4930 Cherubim,
695 4867 1023 4935 incorporea:
1038 4867 1143 4921 illa:
1155 4866 1397 4933 virtutes,
1412 4868 1593 4924 videre
1611 4882 1854 4938 possunt,

244 4958 339 5011 sed
373 4957 631 5011 adversas
668 4956 829 5010 iacies
873 4967 1058 5027 tegunt
1100 4957 1325 5026 objectis
1363 4959 1464 5013 alis
1494 5000 1506 5021 ,
1538 4960 1855 5017 miraculum

248 5050 403 5103 nobis
434 5048 786 5113 exhibentes;
822 5065 977 5119 quem
1009 5066 1225 5120 semper
1251 5051 1469 5105 laudant
1490 5054 1662 5123 angeli
1692 5066 1745 5110 et
1770 5072 1856 5109 ar-

244 5142 493 5211 changeli
528 5183 541 5205 ,
590 5153 643 5195 et
690 5142 968 5196 innumera
1020 5143 1221 5196 millia:
1258 5144 1343 5198 hic
1390 5157 1612 5213 propter
1643 5162 1740 5202 nos
1768 5190 1779 5213 ,
1808 5160 1862 5205 et

248 5244 473 5303 pmpter
503 5242 743 5286 nostram
771 5234 999 5288 salutem
1022 5278 1035 5297 ,
1061 5234 1225 5287 homo
1252 5235 1366 5289 fieri
1398 5237 1563 5289 voluit
1589 5278 1602 5301 ,
1636 5248 1690 5291 et
1718 5241 1859 5307 opti-

248 5342 347 5378 inre
377 5326 503 5379 vita:
532 5323 689 5378 nubis
717 5326 855 5379 viam
891 5328 1097 5395 paravit
1130 5369 1144 5391 ,
1179 5336 1233 5380 et
1280 5343 1373 5395 per
1411 5345 1471 5382 ea
1502 5330 1858 5385 sufficientem

250 5418 404 5470 nobis
446 5415 754 5470 doctrinam
786 5419 1123 5487 consignavit
1152 5459 1165 5482 ,
1202 5433 1297 5486 per
1336 5435 1455 5489 qua:
1486 5420 1586 5474 hac
1616 5422 1730 5489 ipsa
1762 5438 1854 5478 no-

250 5520 356 5561 stra
392 5518 583 5563 natura
614 5515 889 5577 assumpta
941 5509 1209 5564 transivit.
1256 5510 1386 5577 Quae
1434 5511 1593 5581 igitur
1637 5513 1861 5582 posthac

250 5600 405 5653 nobis
438 5598 544 5651 erit
568 5598 846 5651 excusatio
867 5639 881 5661 ,
910 5601 953 5652 si
980 5613 1099 5653 eum
1133 5606 1211 5653 tot
1235 5607 1484 5671 tantaque
1515 5601 1743 5659 salutem
1768 5618 1863 5660 no-

251 5697 415 5740 stram
442 5687 837 5756 prmcesserint,
860 5689 1085 5744 in'rebus
1111 5688 1386 5745 inutilibus
1400 5707 1500 5746 nos
1516 5708 1857 5762 occupemus,

255 5780 369 5837 sola
406 5779 551 5834 circa
604 5778 719 5834 hate
761 5780 1079 5854 negligentia
1113 5792 1350 5837 nostram
1378 5784 1683 5841 amittentes
1705 5784 1853 5839 salu—

1374 340 1442 398 lN
1478 338 1631 399 CAP.
1678 339 1763 395 Vl.
1807 337 2050 399 GENES.
2093 340 2325 398 llOIlllL.
2362 340 2553 397 XXIV.

3483 340 3593 397 906

1988 465 2096 512 tem
2123 457 2147 511 ἲ
2177 456 2409 512 Proinde
2448 459 2676 514 obsecro
2707 466 2764 512 ut
2810 457 3092 528 vigilemus
3126 499 3142 525 ,
3170 468 3226 514 et
3253 474 3361 515 non
3392 469 3595 516 temere

1981 547 2209 603 aliorum
2240 564 2530 618 sequamur
2553 550 3021 615 consuetudinem,
3052 550 3148 606 sed
3167 560 3405 606 nostram
3428 552 3592 608 vitam

1980 631 2219 711 quotidie
2260 640 2547 711 diligenter
2585 642 2923 696 excutiamus
2956 684 2972 708 ,
3022 642 3408 715 videamusque
3464 644 3593 715 quid

1982 742 2260 801 peccatum
2285 773 2300 799 ,
2333 731 2531 803 quidve
2560 741 2707 788 recte
2736 748 2768 787 a
2812 733 2969 789 nobis
3013 743 3223 805 gestuin
3258 734 3366 789 sit:
3411 743 3471 789 ut
3514 734 3593 790 sic

1982 832 2195 892 peccata
2226 831 2409 877 nostra
2445 823 2796 878 emendemus
2817 866 2832 891 ,
2862 839 3261 895 supernamque
3288 824 3446 881 nobis
3470 840 3590 910 gra-

1979 917 2106 970 tiam
2129 915 2480 971 conciliemus
2513 958 2527 982 ,
2565 931 2629 972 ac
2654 916 2765 971 Deo
2795 916 3103 986 placeamus
3137 958 3154 985 ,
3182 917 3432 987 exemplo
3459 916 3592 985 jusd

1981 1005 2142 1071 illius,
2168 1016 2224 1061 et
2252 1006 2487 1077 denique
2511 1023 2736 1079 regnum
2763 1023 3118 1078 assequamur
3142 1007 3397 1064 carlorum
3422 1050 3437 1072 ,
3467 1022 3593 1077 gra-

1980 1099 2049 1153 tia
2081 1107 2136 1154 et
2171 1099 2541 1155 misericordia
2574 1100 2784 1155 Domini
2816 1100 2987 1156 nostri
3022 1099 3152 1156 Jesu
3192 1098 3434 1167 Christi,
3464 1115 3589 1155 cum

1977 1204 2085 1258 quo
2116 1189 2297 1257 Patri,
2328 1191 2489 1246 simul
2510 1200 2561 1247 et
2589 1190 2810 1261 Spiritui
2840 1204 3028 1248 sancto
3057 1194 3126 1247 sit
3154 1193 3320 1264 gloria
3346 1236 3359 1259 ,
3392 1194 3589 1258 honor.

1979 1281 2260 1350 imperium
2282 1324 2297 1350 ,
2329 1298 2471 1338 nunc
2492 1292 2546 1338 et
2570 1299 2817 1355 semper,
2850 1293 2905 1340 et
2935 1285 2987 1340 in
3015 1287 3212 1341 sarcula
3240 1286 3587 1342 saeculorum.

1978 1374 2169 1429 Amen.

2525 1491 2802 1545 HOMII.“
2851 1492 3040 1555 XXIV.

1976 1600 2161 1654 (ienuit
2194 1612 2365 1655 autem
2393 1602 2510 1656 Noe
2539 1612 2639 1657 tres
2668 1604 2804 1672 ﬁlios
2835 1647 2849 1671 ,
2880 1603 3005 1660 Sent
3037 1646 3053 1670 ,
3094 1604 3258 1659 Citam
3284 1649 3299 1671 ,
3344 1604 3538 1675 Juphet
3568 1623 3583 1658 :

2048 1702 2292 1763 corrupta
2327 1704 2497 1749 autem
2524 1704 2633 1748 erat
2667 1705 2804 1748 terra
2824 1712 2997 1749 coram
3030 1695 3135 1750 Deo
3158 1738 3172 1762 ,
3219 1705 3267 1751 et
3294 1698 3488 1767 repleta
3515 1707 3588 1751 est

2046 1795 2181 1840 terra
2196 1788 2448 1858 injustitia
2475 1785 2632 1857 (Gen.
2664 1788 2715 1844 ϐ.
2748 1790 2857 1858 10).

2052 1925 2100 1977 l.
2143 1922 2419 1994 Scriptura
2446 1942 2547 1979 non
2573 1926 2734 1980 obiter
2762 1928 2995 1995 legenda.
3029 1958 3099 1967 —
3128 1928 3280 1983 llaud
3309 1929 3583 1998 vulgarem

1974 2015 2254 2071 utilitatem
2283 2016 2399 2070 lteri
2418 2016 2573 2071 nobis
2593 2018 2769 2073 attulit
2793 2018 2921 2088 justi
2944 2019 3057 2074 Noe
3085 2019 3415 2091 genealogia.
3448 2020 3583 2075 Nam

1972 2118 2026 2160 et
2053 2108 2406 2177 cognovimus
2435 2108 2735 2164 mirabilem
2764 2111 3096 2182 genealogire
3118 2112 3340 2167 modum
3369 2154 3384 2179 ,
3417 2121 3472 2169 et
3501 2114 3582 2167 vi—

1970 2189 2156 2252 dimus'
2172 2198 2377 2267 justum
2410 2200 2639 2269 laudari,
2665 2217 2772 2257 non
2794 2217 2822 2256 a
2852 2212 3134 2273 parentum
3160 2204 3407 2259 claritate
3434 2246 3450 2272 ,
3486 2206 3580 2260 sed

1970 2302 2240 2344 amorum
2282 2290 2552 2360 probitate
2585 2334 2599 2356 ,
2646 2300 2866 2364 propter
2912 2310 3071 2365 quam
3118 2303 3325 2352 tantum
3372 2297 3583 2367 accepit

1971 2384 2334 2440 testimonium
2371 2400 2402 2440 a
2438 2387 2617 2441 divina
2645 2387 2924 2458 Scriptura
2965 2406 2978 2440 :
3012 2387 3130 2444 Noe
3153 2390 3328 2456 enim,
3364 2390 3539 2460 inquit
3564 2432 3578 2453 .

1969 2476 2119 2530 homo
2158 2478 2333 2546 justus
2357 2518 2372 2545 ,
2408 2479 2661 2549 perfectus
2698 2482 2944 2535 exsistem
2972 2482 3027 2536 in
3068 2482 3397 2553 generatione
3447 2499 3579 2538 sua:

1967 2565 2076 2620 Deo
2093 2569 2286 2638 placuit
2314 2567 2449 2624 Noe.
2468 2570 2662 2626 Totum
2681 2571 2825 2627 enim
2846 2588 3156 2628 sermonem
3186 2573 3239 2628 in
3267 2588 3437 2644 pauca
3459 2572 3580 2630 hare

1970 2658 2130 2713 verba
2168 2659 2555 2730 insumpsimus
2594 2660 2733 2717 heri.
2781 2661 3230 2734 Quandoquidem
3270 2662 3580 2720 divinorum

1966 2750 2302 2821 cloquiorum
2331 2760 2521 2808 natura
2548 2753 2601 2808 in
2631 2755 2814 2825 paucis
2840 2756 3022 2811 verbis
3052 2757 3250 2813 multas
3278 2760 3575 2814 sententia-

1966 2860 2081 2898 rum
2118 2845 2273 2901 all'ert
2297 2845 2512 2901 divitias
2539 2887 2555 2914 ,
2588 2854 2644 2901 et
2684 2846 3005 2904 ineffabilem
3036 2848 3322 2921 diligenter
3349 2853 3578 2908 scrutari

1965 2938 2267 2994 volentibus
2290 2941 2602 2997 thesaurum
2628 2940 2871 3011 largitur.
2900 2941 3135 2999 Proinde
3158 2986 3174 3010 ,
3203 2944 3435 3001 obsecro
3456 2986 3473 3012 ,
3508 2961 3577 3004 ne

1962 3028 2090 3097 quid
2121 3028 2175 3083 in
2204 3028 2380 3086 sacris
2399 3027 2598 3087 Literis
2623 3030 2991 3102 perfunctorie
3018 3043 3108 3089 aut
3136 3035 3314 3092 obiter
3353 3046 3578 3106 praeter-

1962 3127 2135 3187 eatur,
2166 3119 2262 3176 sed
2289 3120 2503 3177 etiamsi
2526 3123 2743 3177 nomina
2770 3134 3156 3181 recenseantur
3175 3169 3189 3193 ,
3219 3128 3302 3183 vel
3336 3127 3584 3186 historia:

1963 3221 2272 3279 narrentur,
2293 3212 2629 3268 reconditum
2660 3214 3044 3286 investigemus
3072 3217 3403 3275 thesaurum.
3438 3219 3573 3276 Nam

1962 3301 2085 3357 ideo
2127 3298 2389 3358 Christus
2421 3304 2670 3361 dicebat:
2705 3306 3023 3365 Serutamini
3061 3308 3364 3381 Scriptura:
3390 3311 3576 3384 (Joau.

1961 3395 2014 3449 5.
2049 3393 2160 3465 59).
2186 3393 2321 3462 Quia
2349 3410 2455 3451 non
2485 3397 2681 3469 ubique
2710 3399 2762 3454 in
2790 3402 3079 3473 superficie
3102 3417 3257 3460 mens
3277 3404 3575 3476 Scriptura:

1962 3485 2232 3541 invenitur
2255 3528 2270 3551 ,
2316 3487 2412 3542 sed
2454 3502 2591 3558 opus
2614 3499 2697 3545 est
2734 3492 2995 3547 scrutinio
3022 3493 3192 3550 multo
3226 3538 3241 3562 ,
3275 3505 3332 3549 ut
3358 3496 3493 3551 nihil
3520 3496 3572 3550 in

1964 3577 2230 3648 profundo
2254 3578 2457 3647 latens,
2491 3581 2648 3637 nobis
2679 3594 2959 3641 remaneat
2982 3584 3385 3642 absconditum.
3416 3588 3573 3657 Quod

1962 3670 2006 3723 si
2037 3670 2150 3725 sola
2177 3679 2383 3726 naturae
2409 3673 2719 3743 appellatio,
2737 3675 2862 3743 hoc,
2880 3675 3118 3747 inquam,
3145 3693 3365 3748 nomen,
3400 3676 3576 3736 Homo

1964 3757 2128 3829 (Gen.
2153 3760 2206 3815 6.
2231 3761 2303 3830 9)
2331 3803 2346 3830 ,
2379 3770 2542 3817 tantae
2573 3764 2729 3819 nobis
2764 3766 3008 3823 utilitatis
3046 3778 3427 3840 argumentum
3452 3769 3574 3826 heri

1963 3850 2093 3906 fuit:
2120 3861 2379 3922 quantum
2410 3854 2617 3910 lucrum
2647 3871 2754 3911 non
2779 3859 3134 3928 pereipiemus
3161 3900 3176 3927 ,
3209 3861 3254 3916 si
3281 3868 3483 3917 attenta
3510 3876 3572 3919 ac

1961 3944 2104 4013 vigili
2138 3953 2318 4000 mente
2346 3945 2575 4017 singula,
2608 3963 2729 4018 quae
2756 3949 2808 4004 in
2830 3965 2982 4007 sacra
3009 3949 3285 4024 Scriptura
3306 3953 3569 4019 feruntur,

1962 4035 2293 4091 audierimus
2319 4038 2341 4089 ?
2371 4038 2581 4093 Etenim
2612 4040 2937 4097 clementem
2972 4043 3232 4099 habemus
3256 4045 3565 4108 Dominum,

1962 4137 2017 4184 et
2041 4129 2256 4199 quando
2283 4131 2426 4185 \idet
2451 4146 2549 4186 nos
2570 4133 2850 4201 sollicitos,
2881 4146 2935 4191 et
2964 4152 3212 4207 magnum
3241 4138 3570 4195 desiderium

1963 4222 2029 4277 ad
2052 4223 2422 4293 eognoseenda
2448 4224 2641 4279 divina
2668 4225 2879 4297 eloquia
2914 4228 3141 4293 habere,
3174 4247 3280 4285 non
3311 4233 3577 4302 permittit

1965 4330 2063 4369 nos
2094 4316 2197 4370 ulla
2226 4331 2286 4372 re
2312 4316 2573 4387 indigere,
2596 4318 2691 4372 sed
2724 4318 2904 4374 statim
2944 4321 3175 4377 illustrat
3207 4332 3443 4380 mentem
3475 4341 3580 4377 no-

1963 4415 2129 4461 stram
2152 4450 2167 4473 ,
2193 4415 2249 4463 et
2275 4422 2429 4462 suum
2459 4408 2718 4479 fulgorem
2748 4411 2972 4481 largitur
3007 4456 3019 4476 ,
3066 4424 3122 4468 et
3146 4431 3246 4484 pro
3274 4415 3575 4484 perspicaci

1964 4498 2224 4567 sapientia
2256 4499 2345 4552 illa
2363 4514 2457 4554 sua
2488 4514 2701 4558 omnem
2726 4516 2907 4556 veram
2931 4504 3232 4560 doctrinam
3260 4507 3456 4563 animce
3482 4525 3579 4563 nov

1965 4600 2091 4646 stra:
2123 4593 2327 4646 inserit.
2378 4594 2678 4665 Eapropter
2706 4612 2829 4651 cum
2870 4614 2966 4654 nos
2996 4600 3061 4655 ad
3095 4602 3233 4657 istud
3264 4604 3441 4674 ipsum
3473 4606 3572 4660 ad-

1968 4684 2273 4738 hortaretur
2293 4727 2305 4749 ,
2337 4696 2389 4738 et
2413 4687 2703 4742 alacriores
2735 4688 2936 4745 faceret
2969 4734 2981 4756 ,
3018 4694 3348 4751 beatitudine
3378 4698 3573 4769 dignos

1964 4775 2261 4829 declaravit
2282 4792 2376 4831 eos
2405 4779 2493 4847 qui
2516 4779 2620 4833 tale
2648 4780 2972 4836 desiderium
3006 4800 3116 4853 pra:
3146 4802 3203 4842 se
3234 4788 3460 4856 ferrent,
3494 4792 3574 4846 di-

1965 4884 2094 4922 cens
2116 4889 2129 4924 :
2155 4869 2297 4923 Beati
2326 4873 2412 4938 qui
2441 4874 2670 4927 esuriant
2701 4885 2747 4929 et
2780 4876 2958 4930 sitiunt
2976 4880 3237 4950 justitiam
3268 4926 3280 4947 ,
3326 4887 3446 4956 quia
3478 4888 3576 4956 ipsi

1966 4962 2559 5033 saturabuntur(Mmt/i.
2591 4967 2643 5020 5.
2676 4967 2754 5035 6).
2788 4967 2920 5024 Vide
2948 4973 3263 5042 sapientiam
3289 4976 3525 5033 doctoris
3560 4999 3574 5045 ;

1969 5069 2073 5107 non
2102 5055 2274 5107 solum
2304 5071 2401 5107 nos
2436 5072 2525 5124 per
2554 5056 2936 5114 beatitudinem
2972 5062 3344 5130 lmrtatur,>ed
3372 5078 3425 5123 et
3455 5086 3576 5125 cum

1967 5145 2122 5207 dixit,
2158 5145 2258 5211 Qui
2280 5147 2508 5198 esuriant
2526 5156 2569 5198 et
2587 5148 3052 5219 sititmtjustiliam,
3072 5154 3254 5210 dnciiit
3273 5159 3576 5223 audientes.

1967 5246 2162 5304 quanta
2210 5235 2486 5291 alacritate
2528 5239 2826 5308 spiritualia
2874 5244 3087 5315 eloquia
3130 5248 3453 5319 investigare
3485 5266 3581 5319 par

1970 5328 2146 5381 fuerit.
2173 5327 2637 5395 Quemadmodum
2671 5374 2684 5394 ,
2713 5332 2883 5402 inquit
2910 5377 2923 5399 ,
2953 5336 2987 5388 ii
3020 5354 3155 5405 quos
3188 5339 3357 5395 fames
3388 5340 3532 5395 ducit
3561 5384 3577 5402 .

1969 5413 2103 5464 mira
2128 5413 2405 5467 alacritate
2433 5414 2496 5467 ad
2525 5416 2676 5470 cibos
2723 5418 2992 5481 festinant,
3026 5432 3080 5475 et
3116 5426 3204 5492 qui
3247 5426 3332 5479 siti
3365 5427 3585 5489 ardent,

1968 5508 2032 5561 ad
2076 5518 2258 5578 potum
2306 5525 2500 5580 magno
2541 5511 2810 5567 desiderio
2850 5517 3114 5571 accedunt
3141 5537 3152 5570 :
3180 5519 3372 5574 eodem
3423 5522 3583 5577 mode

1968 5606 2033 5659 ad
2063 5606 2396 5674 Spiritualem
2428 5606 2751 5677 doctrinam,
2786 5620 3057 5681 tamquam
3087 5616 3389 5671 esurientes
3428 5633 3481 5671 et
3508 5620 3581 5672 si-

1970 5690 2171 5747 tientes
2190 5696 2448 5752 accedere
2475 5713 2570 5768 par
2591 5709 2692 5753 est.
2725 5700 3043 5769 llujusmodi
3062 5706 3205 5759 enim
3233 5708 3331 5761 viri
3365 5725 3469 5763 non
3498 5726 3586 5765 so-

1976 5784 2085 5839 lum
2112 5785 2533 5843 beatitudinilms
2576 5791 2719 5855 digni
2764 5803 2888 5846 sunt
2922 5810 2937 5859 ;
2981 5795 3075 5850 sed
3116 5807 3168 5853 et
3199 5816 3319 5871 quae
3356 5800 3584 5871 cupiunt
