4070 6430
546 383 654 438 εοτ

542 496 915 559 assumuntur.
943 486 1172 550 Etenim,
1200 482 1530 538 Satiabuntur
1556 521 1572 548 ,
1600 479 1767 549 inquit
1802 524 1818 546 ,
1867 479 1967 533 hoc
2005 487 2088 533 est
2110 519 2125 541 ,

542 576 1240 651 explebuntttrzesplelmnt
1282 574 1559 644 spirituale
1597 588 1750 627 smtm
1784 569 2125 626 desiderium.

540 671 716 743 Igitur
734 672 860 739 quia
886 680 994 726 tam
1020 669 1219 733 bonus,
1248 678 1460 735 tamque
1488 664 1720 719 liberalis
1747 662 2000 718 Dominus
2022 676 2124 714 no-

543 764 624 819 bis
652 770 769 818 est:
798 775 896 828 age
922 770 974 815 et
995 773 1092 813 nos
1106 756 1172 811 ad
1200 757 1371 828 ipsum
1393 753 1785 825 confugiamus,
1808 762 1863 810 et
1885 750 2002 823 ejus
2028 764 2128 804 no-

543 853 625 908 bis
651 853 873 923 gratiam
898 848 1265 915 conciliemus,
1297 858 1352 902 nt
1371 854 1427 901 et
1456 846 1568 916 ipse
1590 859 1687 914 pro
1708 858 1801 899 sua
1824 841 2129 899 misericor-

537 942 627 999 dia
656 942 882 996 illustrat
903 950 1140 995 nostram
1166 946 1397 992 mentem
1424 933 1491 991 ad
1516 933 1792 991 videndam
1823 932 2121 1011 divinarum

539 1031 935 1103 Scripturarmn
966 1030 1213 1085 virtutem
1240 1045 1252 1084 :
1280 1037 1333 1081 et
1364 1042 1457 1082 vos
1478 1041 1694 1097 quoque
1731 1024 1895 1079 multa
1926 1022 2118 1077 alacri-

541 1134 647 1178 tate
676 1121 1003 1192 spiritualem
1030 1119 1324 1175 doctrinam
1352 1116 1501 1187 quasi
1533 1114 1829 1171 esurientes
1852 1123 1905 1168 et
1934 1112 2121 1168 sitien-

541 1226 622 1272 tes
646 1213 917 1285 suscipite.
939 1212 1097 1269 Forte
1122 1212 1264 1268 enim
1288 1252 1304 1275 ,
1348 1212 1481 1266 forte
1502 1210 1673 1266 bonus
1708 1218 1763 1263 et
1783 1206 2120 1277 omnipotens

540 1310 816 1373 Dominus,
839 1306 999 1363 etiam
1021 1306 1067 1360 si
1095 1318 1195 1359 nos
1216 1302 1445 1358 humiles
1470 1301 1638 1358 simus
1664 1311 1719 1357 et
1744 1298 1957 1370 objecti,
1990 1312 2119 1368 pro-

538 1414 656 1475 pter
699 1417 794 1459 vos
841 1411 896 1457 et
939 1412 1175 1455 vestram
1223 1397 1503 1453 utititatem
1560 1394 1917 1464 suppeditabit
1965 1390 2119 1445 nobis

534 1510 838 1552 sermonem
886 1494 938 1549 in
978 1493 1251 1564 apertione
1275 1490 1385 1545 oris
1413 1489 1465 1542 in
1494 1487 1719 1558 gloriam
1753 1500 1902 1540 suam
1937 1525 1953 1547 ,
1984 1495 2039 1539 ct
2067 1483 2118 1537 in

536 1585 943 1641 auliticationem
975 1595 1208 1640 vestram
1239 1581 1452 1653 (Epka.
1474 1577 1666 1659 6.19).
1692 1575 1933 1645 Projecta
1962 1575 2122 1646 igitur

537 1694 663 1734 intra
693 1688 876 1732 nostra
904 1677 1050 1732 omni
1094 1677 1143 1729 in
1180 1686 1466 1743 supernam
1748 1710 1762 1731 ,
1791 1675 1849 1724 et
1874 1668 2121 1722 invocato

537 1783 604 1821 co
632 1769 720 1837 qui
750 1777 805 1822 ct
824 1767 1139 1837 sapientiam
1162 1764 1252 1820 dat
1275 1762 1531 1836 parvulis,
1561 1772 1614 1817 et
1641 1760 1905 1816 illuminat
1923 1773 2119 1822 crees,

533 1873 586 1914 et
612 1859 885 1931 expeditas
908 1856 1080 1913 reddit
1100 1858 1305 1927 linguas
1333 1855 1632 1921 balborum,
1658 1854 1815 1924 paulo
1835 1862 1958 1908 ante
1984 1853 2121 1908 lecta

535 1958 853 2007 tractemus:
882 1958 940 2008 ut
980 1966 1100 2020 qua:
1143 1949 1256 2019 ipse
1303 1962 1397 2015 pro
1439 1960 1535 2004 sua
1575 1944 1940 2002 misericordia
1968 1941 2121 1997 nobis

531 2042 902 2113 suppediuirit,
920 2040 1123 2095 caritati
1153 2048 1343 2095 vestrm
1372 2036 1866 2109 proponamus.Sed
1895 2037 2118 2100 intenta,

532 2134 780 2197 obsecro,
804 2131 988 2185 adsitis
1018 2140 1217 2193 mente,
1249 2137 1302 2182 et
1326 2128 1607 2197 diligenter
1638 2128 1701 2181 iis
1729 2141 1847 2197 qua:
1866 2126 2118 2180 dicuntur

529 2226 822 2291 attendite,
855 2238 1147 2293 omnesque
1198 2223 1354 2292 hujus
1395 2224 1517 2277 vita:
1542 2236 1699 2277 curas
1722 2221 1966 2291 seponite
1999 2261 2014 2285 ,
2058 2228 2115 2276 ut

528 2317 802 2388 spirituale
829 2330 1036 2377 semen,
1059 2315 1206 2385 quasi
1228 2314 1282 2368 in
1303 2316 1553 2383 pinguem
1574 2322 1628 2369 et
1655 2312 1883 2369 feracem
1903 2326 2111 2382 agrum,

530 2408 730 2464 evulsis
756 2407 935 2462 herbis
954 2416 1003 2461 et
1037 2406 1225 2476 spinis,
1258 2404 1619 2476 projiciamus.
1667 2403 1763 2459 Har
1785 2412 1952 2458 autem
1981 2446 1995 2469 ,
2036 2404 2117 2457 in-

530 2500 664 2571 quit,
705 2500 1048 2570 generationes
1098 2495 1245 2551 Noe:
1277 2495 1391 2551 Noe
1429 2496 1579 2550 homo
1616 2499 1787 2566 justus
1814 2534 1831 2559 ,
1864 2494 2117 2564 prrfectas

526 2592 770 2647 adsistens
797 2592 849 2643 in
876 2588 1197 2659 generatione
1228 2604 1323 2643 sua
1355 2603 1371 2641 :
1402 2586 1509 2641 Deo
1549 2587 1738 2656 placuit
1766 2585 1900 2641 Noe.
1951 2585 2004 2638 In
2051 2584 2116 2640 iis

528 2697 696 2752 nuper
725 2682 882 2735 tinem
912 2679 1139 2734 docendi
1184 2679 1509 2733 faciebamus
1538 2719 1554 2743 ,
1600 2677 1721 2732 ideo
1754 2676 2030 2747 sequentia
2060 2678 2113 2729 in

526 2774 757 2831 medium
788 2773 1131 2845 proponenda
1160 2781 1300 2828 sunt.
1333 2772 1419 2827 to.
1453 2770 1637 2827 Genuit
1664 2780 1835 2825 autem
1856 2810 1870 2835 ,
1901 2770 2109 2840 inquit,

524 2864 642 2921 Noe
662 2876 762 2922 tres
788 2865 950 2934 ﬁlios,
980 2864 1104 2921 Sent
1124 2906 1139 2929 ,
1171 2864 1351 2929 Client,
1380 2861 1591 2933 Japfaet.
1620 2861 1735 2918 Non
1760 2861 1965 2933 absque
1987 2876 2105 2917 can.

523 2972 581 3011 sa
613 2956 788 3011 divina
829 2956 1101 3027 Scriptura
1128 2965 1184 3012 et
1212 2964 1421 3025 tempus
1449 2964 1504 3011 et
1532 2969 1810 3011 numerum
1840 2954 1993 3010 nobis
2016 2969 2104 3009 as-

525 3047 754 3119 signavit
798 3047 1031 3103 filiorum
1070 3047 1242 3117 justi:
1283 3047 1379 3104 sed
1421 3057 1476 3102 et
1519 3047 1643 3103 hinc
1685 3046 1841 3103 nobis
1882 3048 2112 3103 latenter

520 3139 792 3195 insinuare
808 3138 919 3195 vult
944 3139 1213 3211 ingentem
1233 3136 1684 3207 ultiplicemque
1704 3139 1820 3207 ejus
1836 3139 2107 3192 virtutem.

517 3230 653 3288 Nam
679 3242 958 3302 pustquatn
987 3231 1238 3301 superius
1258 3228 1394 3287 dixit
1424 3246 1437 3285 :
1471 3227 1587 3286 Noe
1608 3230 2113 3301 eratquingeutorum

516 3339 769 3379 manus
795 3321 948 3392 (Gen.
975 3323 1029 3377 5.
1055 3323 1173 3390 32),
1200 3331 1327 3379 tunc
1351 3320 1624 3377 subdidit:
1653 3318 1721 3374 Et
1740 3321 1911 3391 genuit
1938 3320 2114 3388 tres/i-

517 3412 613 3469 llos
637 3429 655 3468 :
682 3412 928 3471 docendo
952 3426 1053 3469 nos
1072 3426 1337 3471 summam
1362 3411 1708 3469 continentiae
1735 3410 1879 3467 illius
1909 3412 2108 3482 magni-

514 3504 755 3562 tudinem
787 3505 948 3561 fuisse
968 3545 985 3570 ,
1017 3518 1140 3561 cum
1173 3512 1331 3560 tanta:
1370 3503 1793 3574 intemperantia:
1821 3502 1987 3561 dediti
2015 3517 2107 3558 es-

512 3607 635 3653 sent
648 3611 837 3653 omnes
856 3596 1120 3661 homines,
1136 3604 1389 3667 tantaque
1404 3594 1676 3652 salacitate
1689 3609 1879 3652 omnes
1896 3604 2103 3662 anates,

518 3698 575 3745 ut
597 3689 669 3744 ita
696 3689 872 3744 dicam
895 3731 911 3756 ,
932 3689 1001 3744 ad
1024 3689 1222 3744 malum
1252 3695 1472 3743 ruerent
1499 3704 1514 3742 :
1545 3686 1769 3745 audistis
1795 3687 1938 3743 enim
1963 3686 2103 3742 divi-

513 3794 638 3837 nam
665 3780 995 3852 Scripturarn
1025 3779 1292 3835 dicentem
1324 3798 1337 3833 :
1380 3778 1451 3834 Ut
1483 3787 1655 3833 autent
1693 3777 1817 3833 sidit
1856 3776 2105 3831 Dominus

512 3875 647 3943 quod
666 3872 887 3943 impleta
906 3882 1021 3925 sunt
1045 3870 1257 3926 molitio:
1283 3886 1433 3941 super
1454 3881 1639 3924 terram
1664 3912 1680 3932 ,
1707 3879 1753 3924 et
1783 3868 1990 3938 quilibet
2017 3883 2104 3923 co-

511 3965 692 4037 gitaret
722 3963 858 4015 mala
906 3962 1173 4033 diligenter
1214 3962 1267 4015 in
1310 3961 1465 4038 corde
1500 3976 1593 4016 suo
1640 3961 1948 4030 njuventute
1969 3974 1987 4013 :
2011 3957 2104 4014 ubi

512 4054 794 4109 manifeste
832 4052 1069 4109 declarat
1099 4094 1115 4118 ,
1150 4061 1202 4105 et
1240 4050 1703 4120 juvenes"vicisse
1739 4050 2105 4121 provectiores

511 4155 667 4201 :eiate
690 4186 704 4209 ,
746 4153 801 4199 et
830 4157 987 4199 sentes
1007 4160 1114 4197 non
1137 4144 1312 4196 minus
1339 4158 1497 4212 quam
1515 4142 1742 4212 juvenes
1767 4142 2053 4198 insanlisse
2080 4181 2098 4207 ,

506 4247 561 4293 et
586 4236 654 4292 ad
680 4236 879 4290 malum
906 4234 1073 4289 multa
1109 4233 1444 4303 proclivitate
1477 4247 1796 4303 propensam
1826 4230 1992 4297 fuisse
2014 4232 2099 4306 ip-

507 4345 623 4385 sam
656 4328 813 4383 etiam
845 4335 1055 4380 aetatem
1076 4325 1341 4381 malorum
1370 4324 1719 4395 inexpertam.

576 4418 630 4475 2.
659 4415 732 4476 Ut
774 4406 929 4487 igitur
958 4414 1241 4479 discamus,
1277 4430 1382 4487 quo
1409 4426 1562 4485 pacto
1605 4416 1668 4470 iis
1701 4415 1948 4473 omnibus
1977 4423 2097 4471 tan-

506 4524 618 4567 tam
660 4511 915 4566 insaniam
963 4524 1025 4564 ac
1074 4506 1273 4562 rabiem
1312 4523 1419 4577 pra:
1464 4522 1523 4565 se
1571 4506 1880 4573 fetentibus,
1923 4508 2097 4577 justus

506 4605 598 4661 ille
627 4602 882 4659 manserit
910 4601 1077 4668 solus,
1104 4600 1485 4656 continentiam
1512 4613 1632 4655 cum
1669 4599 1788 4654 aliis
1814 4598 2099 4655 virtutibus

503 4704 726 4752 strenue
762 4707 1000 4758 servans,
1046 4691 1220 4746 donec
1263 4688 1330 4743 ad
1377 4690 1857 4760 quingentesimum
1900 4702 2098 4745 annum

508 4787 751 4857 pervenit
782 4803 795 4838 :
823 4798 946 4839 cum
982 4781 1223 4845 dixisset,
1256 4779 1385 4834 Erat
1422 4779 1538 4835 Noe
1575 4781 1962 4853 φιὲπρεηιοηια
1998 4796 2097 4837 αι-

507 4893 710 4943 norum,
742 4885 869 4930 tunc
895 4873 1065 4943 inquit
1093 4889 1107 4925 :
1137 4872 1205 4926 Et
1241 4873 1413 4943 genuit
1446 4870 1560 4927 Noe
1582 4882 1681 4927 tres
1718 4877 1875 4944 ﬁlios.
1892 4877 2097 4944 Vidisti,

506 4968 721 5031 dilecte,
753 4966 1102 5022 excellentem
1124 4962 1252 5034 justi
1285 4964 1737 5032 temperantiam?
1778 4964 1854 5019 Ne
1895 4965 1996 5021 hoc
2019 4966 2097 5021 ita

506 5058 867 5132 perfunctorie
910 5067 1263 5118 transeamus,
1286 5055 1381 5109 sed
1410 5064 1465 5109 et
1503 5064 1709 5125 tempus
1735 5054 1863 5112 illud
1889 5070 2095 5125 expen-

504 5151 711 5215 damus,
740 5157 798 5203 et
821 5147 1076 5203 malitiam
1101 5161 1219 5215 qua:
1245 5144 1311 5201 ad
1338 5159 1498 5200 omne
1524 5145 1795 5215 hominum
1831 5160 1998 5216 genus
2025 5147 2095 5201 ob

504 5259 688 5299 eorum
741 5242 1000 5302 desidiam
1061 5254 1122 5295 se
1176 5239 1526 5301 extenderat,
1582 5248 1635 5293 et
1696 5240 2095 5297 consideremus

501 5346 716 5407 quantae
745 5335 819 5391 sit
858 5334 1069 5390 virtutis
1096 5342 1151 5388 et
1178 5332 1388 5403 pietatis
1426 5348 1550 5404 erga
1590 5332 1777 5396 Deum,
1812 5334 1863 5388 in
1896 5344 2092 5390 tantam

506 5428 758 5495 temporis
787 5426 1167 5499 longitudinem
1215 5426 1655 5491 concupiscentite
1684 5425 1884 5480 rabiem
1922 5426 2087 5482 refre-

507 5532 655 5583 nare,
702 5520 949 5587 viamque
994 5518 1151 5588 longe
1186 5518 1253 5571 ab
1295 5517 1411 5571 aliis
1454 5518 1717 5574 diversam
1749 5532 1991 5588 carpere.
2034 5533 2089 5575 et

505 5625 611 5665 non
644 5612 813 5663 Solam
842 5608 909 5663 ab
934 5610 1114 5664 illicito
1141 5613 1281 5664 coitu
1309 5626 1367 5662 se
1409 5609 1678 5671 cohibere.
1707 5609 1801 5665 sed
1833 5617 1888 5665 et
1910 5625 1937 5664 a
1968 5611 2084 5681 legi-

505 5702 635 5759 timo
659 5711 709 5756 c1
743 5701 1026 5770 inculpata.
1063 5702 1124 5754 Et
1174 5704 1361 5772 genuit,
1418 5702 1603 5769 inquit,
1638 5698 1750 5755 Noe
1775 5709 1871 5754 tres
1911 5702 2041 5770 [illos
2073 5720 2089 5755 :

494 5794 642 5860 Sent,
667 5795 845 5861 Citam,
875 5795 1113 5865 Japncth.
1152 5796 1164 5845 l
1188 5797 1227 5848 ι.
1254 5797 1498 5861 (im-rupto
1522 5805 1683 5848 amem
1712 5802 1815 5847 erat
1834 5804 1964 5848 terra
1989 5809 2075 5848 co-

1277 374 1333 432 S.
1364 368 1640 430 JO.\NNlS
1676 364 2154 426 (IIIRYSOSTOMI
2185 366 2504 428 ARCHIEP.
2534 368 3072 428 CONSTANTINOP.

3720 370 3833 428 208

2236 500 2347 537 ram
2378 482 2501 547 Dec,
2519 494 2566 539 et
2588 485 2780 554 repleta
2809 493 2914 537 erat
2938 494 3072 538 terra
3089 482 3353 554 injustitia.
3378 480 3502 537 Mihi
3523 482 3833 540 videtur-di-

2174 564 2181 569 ’
2236 575 2354 629 vina
2374 574 2771 645 dispensatione
2792 573 3012 639 factum,
3038 582 3095 628 ut
3118 574 3291 644 justus
3319 572 3410 629 ilie
3439 587 3580 630 nunc
3606 574 3829 630 tandem

2232 665 2299 720 ad
2330 681 2553 721 uxorem
2578 666 2879 731 accederet,
2911 665 3137 734 illosque
3164 665 3302 721 filios
3346 665 3664 737 susciperet.
3692 664 3831 733 Quia

2228 757 2374 812 enim
2405 757 2475 813 ob
2517 757 2731 813 malitia:
2778 744 3199 827 magnitudinem
3230 768 3284 812 et
3313 758 3581 828 ingentem
3629 756 3837 828 impro-

2231 846 2447 904 bitatem
2475 848 2711 919 generali
2756 848 2989 918 pernicie
3019 858 3159 902 tutus
3199 847 3345 903 orbis
3385 847 3646 903 delendas
3671 857 3831 911 erat,

2230 938 2536 995 misericors
2561 939 2703 995 Deus
2727 938 2877 1011 quasi
2908 939 3139 994 radicem
3164 938 3395 1009 aliquam
3426 947 3481 995 et
3506 940 3832 995 fermentum

2227 1028 2396 1083 voluit
2420 1028 2623 1098 justum
2653 1028 2804 1083 illum
2853 1043 3153 1099 superesse,
3185 1038 3242 1083 ut
3290 1028 3503 1083 abolitis
3551 1028 3653 1083 illis
3677 1028 3835 1097 origo

2224 1131 2279 1177 et
2307 1122 2556 1195 primitiae
2579 1121 2822 1193 qundam
2851 1132 2995 1177 esset
3036 1122 3353 1176 futurorum.
3387 1119 3556 1191 Hujus
3597 1120 3674 1176 rei
3701 1114 3837 1190 gra—

2228 1213 2321 1278 tia,
2350 1228 2471 1269 cum
2491 1212 2603 1284 jam
2633 1204 3045 1283 quingentorum
3086 1221 3231 1267 esset
3258 1227 3544 1280 annorum,
3576 1213 3833 1270 haberet.-

2224 1317 2332 1373 que
2376 1312 2487 1360 tres
2528 1304 2659 1359 istos
2688 1304 2856 1367 tilias,
2887 1302 2989 1357 illis
3018 1311 3303 1358 contentus
3348 1303 3465 1366 fuit,
3497 1319 3557 1360 re
3585 1304 3697 1375 ipsa
3726 1305 3834 1359 de-

2226 1396 2436 1451 clarans
2464 1396 2570 1451 hoc
2602 1411 2661 1450 se
2691 1395 2901 1461 fecisse,
2944 1405 3000 1449 ut
3039 1393 3235 1449 divina:
3260 1394 3312 1448 in
3339 1393 3630 1449 humanum
3657 1410 3835 1465 genus

2227 1484 2418 1541 lutum
2449 1486 2758 1558 benignitati
2781 1486 3025 1543 serviret.
3055 1485 3123 1541 Et
3146 1502 3252 1556 quo
3273 1484 3413 1541 scias
3444 1485 3545 1542 hoc
3575 1501 3680 1541 non
3706 1500 3836 1542 esse

2229 1586 2511 1642 temeraria
2561 1585 2867 1653 conjectura
2920 1584 3160 1650 dictum,
3208 1582 3489 1640 considam
3537 1582 3835 1652 Scriptura

2227 1675 2575 1746 diligentiam.
2602 1676 2735 1731 Nam
2781 1684 3057 1744 postquam
3086 1674 3252 1737 dixit,
3279 1674 3479 1745 justum
3522 1675 3671 1729 illum
3718 1685 3836 1729 tres

2224 1768 2475 1825 habuisse
2500 1768 2641 1824 ﬁlios
2659 1811 2674 1832 ,
2699 1770 2878 1824 statim
2919 1767 3155 1823 subdidit
3182 1784 3197 1820 :
3226 1764 3481 1836 Corrupto
3518 1777 3623 1820 erat
3657 1776 3834 1819 autem

2225 1871 2360 1917 terra
2388 1878 2562 1916 coram
2609 1859 2740 1925 Deo,
2767 1870 2815 1915 et
2863 1860 3071 1931 impleta
3100 1870 3207 1914 erat
3256 1867 3390 1913 terra
3427 1858 3693 1929 injustitia.
3732 1857 3833 1911 γε-

2225 1954 2348 2010 disli
2378 1953 2429 2007 in
2458 1951 2647 2009 eadem
2677 1961 2864 2007 natura
2893 1966 3139 2023 magnam
3161 1960 3215 2006 et
3244 1948 3566 2007 inelfabilezn
3593 1949 3833 2004 varieta-

2227 2044 2377 2100 tem?
2408 2044 2484 2099 De
2527 2043 2675 2113 justo
2713 2044 2856 2098 enim
2910 2042 3121 2098 dicebat
3166 2042 3443 2112 Scriptura
3468 2060 3485 2098 :
3513 2040 3633 2097 Noe
3674 2040 3831 2095 homo

2216 2140 2406 2209 justus,
2431 2138 2679 2206 perfectus
2699 2136 2940 2191 assistens
2965 2136 3019 2190 in
3040 2135 3361 2207 generatione
3378 2150 3475 2190 suo
3488 2133 3586 2190 :de
3603 2133 3832 2204 reliquis

2226 2238 2404 2283 autem
2434 2228 2684 2282 onmibus
2715 2227 2885 2297 inquit
2914 2243 2928 2279 :
2957 2224 3211 2296 Corrupto
3232 2233 3398 2281 autem
3424 2222 3534 2280 erat
3574 2235 3710 2279 terra
3732 2240 3832 2297 cg-

2223 2336 2332 2375 ratu
2359 2316 2491 2382 Deo,
2524 2329 2570 2373 et
2595 2320 2798 2389 impleta
2822 2328 2932 2373 erat
2958 2328 3092 2373 terra
3122 2284 3394 2388 iujustitia.
3424 2315 3652 2372 Nomine
3675 2284 3830 2372 euhu

2223 2421 2403 2478 terrm,
2434 2412 2706 2467 hominum
2739 2409 3135 2465 multitudinem
3160 2416 3335 2465 vomt.
3375 2407 3510 2477 Quia
3538 2408 3680 2462 enim
3707 2422 3831 2460 om-

2222 2505 2308 2559 nia
2336 2518 2522 2558 eorum
2551 2518 2713 2575 opera
2763 2501 3034 2558 terrestria
3079 2509 3266 2567 erant,
3288 2500 3495 2556 idcirco
3539 2508 3696 2554 term-
3726 2513 3831 2553 nn-

2222 2594 2367 2650 mine
2391 2605 2445 2650 et
2472 2608 2659 2650 eorum
2711 2593 2967 2650 vilitatem
2989 2634 3005 2662 ,
3036 2600 3092 2648 et
3134 2591 3350 2647 malitiae
3389 2588 3827 2661 exsuperantiam

2222 2684 2504 2757 significat.
2533 2683 2665 2739 Nam
2684 2685 2823 2740 sicut
2840 2684 2909 2740 de
2933 2683 3283 2755 protoplasto,
3311 2681 3402 2753 qui
3444 2681 3621 2753 legem
3646 2690 3828 2734 trans-

2220 2796 2436 2853 gressus
2461 2781 2684 2852 gloriam
2710 2794 2811 2851 qua
2842 2776 3270 2835 circumdabatur
3297 2777 3497 2845 amisit,
3525 2774 3828 2845 mortisque

2222 2888 2394 2945 pinnae
2430 2871 2695 2927 obnoxius
2740 2870 2913 2927 factus
2940 2870 3058 2935 fuit,
3087 2869 3301 2925 dicebat
3335 2885 3351 2923 :
3384 2866 3541 2923 Terra
3578 2881 3652 2930 es,
3681 2875 3731 2919 et
3764 2865 3825 2919 ira

2220 2975 2404 3020 terram
2431 2964 2590 3019 abibis
2616 2964 2769 3034 (Gen.
2797 2964 2849 3019 5.
2880 2962 2968 3036 l9)
3000 2981 3014 3018 :
3046 2964 3118 3017 ita
3142 2970 3202 3018 et
3239 2960 3349 3025 hic,
3376 2959 3500 3030 quia
3527 2959 3825 3033 plurimum

2219 3057 2553 3113 invaluerant
2578 3056 2727 3120 vitia,
2760 3054 2951 3126 inquit,
3000 3052 3252 3123 Corrupto
3293 3062 3465 3107 autem
3505 3058 3613 3105 erat
3658 3062 3822 3107 terra.

2217 3148 2399 3220 Neque
2426 3148 2741 3219 simpliciter
2768 3147 2897 3203 dicit
2928 3165 2942 3201 :
2972 3144 3227 3217 Corrupto
3265 3152 3434 3199 autem
3479 3151 3588 3197 erat
3631 3150 3767 3196 terra
3800 3157 3823 3194 :

2216 3241 2332 3307 sed,
2362 3240 2549 3297 Coram
2590 3239 2701 3295 Deo
2725 3254 2745 3295 :
2773 3247 2821 3295 et
2858 3238 3068 3309 impleto
3094 3246 3203 3293 erat
3229 3245 3364 3295 terra
3402 3232 3676 3305 iniustitia.
3726 3229 3823 3287 Di-

2214 3329 2388 3388 cenda
2414 3330 2577 3397 enim,
2610 3329 2863 3401 Corrupto
2907 3336 3031 3393 erat,
3061 3326 3401 3398 omnigenam
3442 3318 3656 3380 illorum
3701 3333 3849 3378 mar

2215 3412 2391 3478 titiam
2411 3420 2655 3491 emphasi
2685 3419 2913 3490 quadam
2943 3418 3097 3474 dixit.
3126 3417 3245 3473 Non
3289 3415 3433 3473 enim
3458 3413 3562 3469 dici
3595 3420 3770 3483 potest
3801 3452 3820 3477 ,

2212 3528 2307 3571 eos
2334 3513 2493 3569 unius
2517 3513 2603 3568 vel
2621 3512 2849 3569 duorum
2873 3518 3212 3583 peccatorum
3238 3516 3446 3584 tantum
3471 3519 3596 3562 reos
3622 3503 3820 3570 fuisse,

2210 3605 2306 3661 sed
2330 3618 2521 3660 omnes
2544 3604 2848 3674 iniquitates
2873 3601 3077 3672 absque
3118 3597 3280 3655 modo
3302 3596 3640 3654 commisisse
3658 3614 3673 3650 :
3691 3592 3825 3651 ideo

2211 3697 2431 3766 subdit,
2466 3696 2534 3752 Et
2573 3697 2782 3767 impleto
2807 3706 2919 3751 erat
2958 3704 3093 3749 terra
3134 3691 3403 3764 injustitia.
3433 3687 3551 3744 Non
3595 3687 3771 3743 obiter
3795 3726 3818 3750 ,

2209 3806 2385 3862 neque
2406 3790 2697 3862 vulgariter
2722 3788 2939 3844 malitia:
2962 3785 3270 3851 studebant,
3300 3782 3396 3840 sed
3424 3789 3638 3853 peccata
3664 3797 3822 3851 qum-

2210 3896 2316 3952 que
2344 3880 2569 3937 ferventi
2610 3878 2958 3935 contentione
2985 3877 3233 3947 agebant.
3278 3875 3345 3929 Et
3385 3873 3507 3929 vide
3536 3871 3818 3942 quomodo

2211 3975 2334 4029 illos
2384 3982 2565 4044 postea
2598 3988 2666 4027 ne
2694 3972 2837 4026 tenui
2858 3970 3072 4041 quidem
3103 3968 3365 4024 memoria
3413 3965 3682 4035 dignatur,
3712 3964 3816 4020 sed

2210 4066 2430 4121 nomine
2483 4074 2640 4119 terra:
2698 4072 2872 4130 vocat,
2901 4063 3061 4117 simul
3102 4061 3343 4116 indicans
3370 4069 3425 4114 et
3464 4067 3813 4127 peccatorum

2208 4157 2521 4230 gravitatem
2554 4162 2609 4210 et
2639 4154 2729 4208 Dei
2757 4152 3195 4224 indignationem.
3226 4150 3479 4219 Corrupto
3502 4159 3610 4201 erat
3639 4156 3812 4200 autem

2208 4260 2363 4316 terra,
2395 4248 2581 4318 inquit.
2606 4262 2775 4300 comm
2808 4245 2936 4309 Deo,
2962 4242 3064 4297 hoc
3102 4251 3201 4307 est,
3233 4255 3387 4297 secus
3415 4254 3577 4310 quam
3604 4254 3809 4309 prame-

2208 4351 2355 4411 ptum
2384 4346 2501 4394 erat
2528 4353 2557 4391 a
2589 4337 2697 4392 Deo
2726 4336 2903 4389 omnia
2953 4334 3234 4395 faciebant,
3270 4330 3516 4388 mandata
3544 4330 3639 4386 Dei
3677 4345 3813 4385 con-

2210 4434 2502 4493 culcantes.
2532 4441 2585 4486 et
2613 4431 2922 4500 magistrum
2952 4434 3154 4483 natura:
3183 4424 3430 4479 humana:
3458 4423 3676 4478 insitum
3729 4424 3812 4496 (η)

2214 4546 2308 4601 per
2332 4523 2593 4582 desidiam
2624 4524 2947 4577 amittentes.
2978 4517 3044 4573 Et
3071 4518 3277 4587 impleto
3301 4524 3409 4569 erat
3433 4524 3588 4577 terra,
3611 4515 3806 4585 inquit,

2203 4613 2905 4687 iniustitia.\‘idisti.dilecte,
2921 4617 3177 4681 quantum
3198 4606 3395 4663 malum
3411 4606 3479 4661 sit
3498 4614 3807 4676 peccatum.

2202 4709 2473 4783 quomodo
2516 4707 2565 4761 id
2611 4704 2825 4768 efficiat,
2860 4712 2917 4757 ut
2944 4701 3189 4756 homines
3233 4713 3332 4753 suo
3374 4697 3594 4752 nomine
3623 4699 3806 4753 vocari

2204 4818 2309 4858 non
2341 4802 2450 4856 sint
2472 4797 2616 4868 digni
2644 4796 2667 4849 ?
2696 4793 2831 4849 Audi
2873 4805 3057 4846 rursus
3084 4804 3205 4861 qua:
3247 4796 3544 4859 sequuntur
3570 4804 3584 4839 :
3616 4787 3705 4841 12.
3740 4788 3810 4841 Ιιί

2201 4895 2326 4949 vidit
2353 4890 2607 4946 Dominus
2630 4886 2767 4941 Deus
2794 4895 2999 4948 terram,
3024 4892 3071 4937 et
3104 4891 3213 4936 erat
3250 4890 3510 4950 corrupta.
3534 4877 3672 4934 Vide
3700 4880 3804 4933 ite-

2204 5000 2321 5040 rum
2368 4979 2638 5053 quomodo
2687 4993 2782 5033 eos
2829 4986 3026 5031 terram
3070 4983 3244 5029 vocet.
3294 4974 3360 5027 Et
3404 4981 3588 5042 postea
3614 5011 3631 5037 ,
3680 4986 3804 5027 cum

2205 5077 2371 5132 semel
2406 5082 2565 5143 atque
2595 5074 2785 5125 iterum
2814 5077 2866 5124 et
2896 5069 3051 5124 tertio
3077 5066 3373 5122 nominavit
3402 5076 3621 5133 terram,
3652 5074 3712 5120 ut
3740 5082 3809 5122 ne

2206 5170 2325 5238 quis
2348 5166 2421 5222 de
2449 5176 2584 5220 terra
2614 5162 2849 5218 sensibili
2878 5177 2999 5215 eum
3025 5160 3224 5215 dixisse
3249 5160 3565 5229 suspicetur,
3598 5160 3807 5229 inquit:

2212 5261 2346 5328 Quia
2371 5266 2661 5327 corruperat
2705 5255 2867 5309 omnis
2905 5269 3024 5306 caro
3062 5252 3192 5306 viam
3230 5269 3371 5306 suam
3400 5267 3554 5321 super
3595 5259 3804 5307 terram.

2210 5352 2389 5422 Neque
2428 5364 2568 5403 nunc
2610 5344 2841 5399 hominis
2870 5344 3223 5415 appellatione
3266 5358 3361 5397 eos
3408 5344 3673 5412 dignatur,
3707 5344 3803 5398 sed

2204 5457 2417 5495 carnem
2444 5448 2597 5493 vocat
2629 5455 2641 5488 :
2672 5451 2777 5504 quo
2801 5449 2897 5489 nos
2921 5434 3115 5489 docere
3140 5434 3325 5497 voluit,
3356 5449 3414 5489 se
3446 5449 3550 5487 non
3572 5434 3640 5488 de
3668 5446 3809 5492 terra

2209 5537 2319 5590 haec
2347 5531 2547 5595 dicere,
2572 5529 2666 5582 sed
2709 5528 2776 5581 de
2816 5525 3120 5581 hominibus
3145 5541 3305 5582 carne
3331 5526 3559 5587 amictis,
3594 5536 3647 5580 et
3692 5537 3801 5578 lcr-

2206 5624 2464 5682 restrtbus
2492 5620 2721 5692 negotiis
2740 5634 2858 5675 sese
2885 5628 3022 5675 totos
3048 5618 3495 5689 impendentibus.
3529 5622 3639 5672 litos
3660 5619 3798 5672 enim

2271 5815 2343 5872 (ιλ)
2377 5806 2726 5861 conscientiam
2750 5804 2817 5853 sic
2843 5803 3101 5867 eleganter
3124 5807 3349 5867 designat
3379 5801 3772 5861 (Ίιηιςωδιοιιιιις,
