4070 6418
342 342 450 399 209

1158 347 1215 405 S.
1253 347 1537 406 JOANNIS
1565 340 2059 406 CIIRYSOSTOIII
2096 339 2417 398 ARCHIEP.
2465 340 3013 399 CONSTAN'I'INUP.

344 458 441 529 τῆς
468 458 739 531 ὑμετέρας
757 461 1001 533 ἀγάπης,
1025 462 1151 528 τοὺς
1174 467 1434 535 σαρκικὸν
1459 466 1717 539 φρόνημα
1742 462 2009 528 ἐπιδειξα-

3678 344 3784 404 2H)

2114 459 2261 523 είκὸς
2294 456 2439 532 Ιχειν
2475 460 2655 531 ψυχὴν
2697 460 2792 513 τὸν
2827 460 3033 515 δίκαιον
3069 457 3257 514 τοῦτον
3296 458 3469 513 ταῦτα
3517 461 3785 517 ἀκούοντα

347 544 560 614 μένους,
585 550 679 602 καὶ
707 550 874 620 μηδὲν
902 551 1105 623 ὑψηλὸν
1131 553 1569 623 φανταζομένους
1590 554 1667 625 τῷ
1685 555 1785 625 τῆς
1809 552 2012 622 σαρκὸς
2112 548 2262 617 παρά
2289 547 2386 602 τοῦ
2411 549 2700 602 Δεσπότου.
2729 549 2793 602 Εἰ
2827 549 2936 620 709
2978 549 3074 603 καὶ
3126 547 3326 620 πολλὴν
3358 548 3559 621 ἀρετήν
3605 552 3787 623 ἐαυτῷ

342 631 567 703 όνόματι
595 638 1043 709 προσαγορεύειν,
1066 638 1317 711 καθάπερ
1337 641 1431 693 καὶ
1452 641 1483 695 ὅ
1502 642 1773 713 μακάριος
1800 638 2012 698 Παῦλός
2112 633 2347 706 συνῄδει,
2373 634 2487 690 ἀλλ’
2513 636 2663 707 ὅμως
2684 636 2786 689 οὐκ
2810 636 3129 707 ἀναλγήτως
3154 636 3366 708 ἐδέχετο
3393 637 3461 690 τά
3492 636 3779 710 λεγόμενα.

342 733 526 789 φησιν’
554 723 620 773 Ol
646 720 714 774 δὲ
733 722 805 776 ἐν
825 725 1006 791 σαρκί
1032 725 1199 793 ὄντες
1224 725 1346 792 Θεῷ
1369 726 1582 795 ἀρέσαι
1606 731 1678 783 οὐ
1699 727 1885 782 δύναν
1896 743 2005 780 ται.

343 804 386 856 Τ
392 806 408 858 ί
437 801 563 874 06v;
599 808 761 872 αὐτὸς
799 813 829 864 ό
858 813 1031 867 ταῦτα
1074 813 1246 882 λέγων
1275 814 1397 885 οὐχὶ
1438 816 1616 887 σάρκα
1662 815 2004 887 περιέκειτος

354 892 490 945 Ἀλλ’
515 895 577 948 οὐ
606 894 764 949 τοῦτό
792 915 976 968 φησιν,
1007 900 1088 953 ὅτι
1112 902 1160 953 οῖ
1193 899 1370 972 σάρκα
1401 903 1796 972 περικείμενοι.
1824 901 1886 953 οὐ
1915 899 2005 952 δύ-

339 996 523 1034 νανται
569 982 761 1049 ἀρέσαι
797 979 942 1038 οὗτοι
987 985 1066 1056 τῷ
1108 985 1249 1058 Θεῷ,
1297 987 1412 1041 ἀλλ’
1443 990 1526 1042 ὅτι
1572 990 1623 1042 οἱ
1670 988 1872 1059 μηδένα
1893 987 2003 1057 ητῆς

336 1067 435 1135 ἀρε
448 1066 536 1138 τῆς
563 1067 721 1138 λόγον
753 1070 1082 1143 ποιούμενοι,
1120 1072 1257 1126 ἀλλά
1284 1073 1463 1129 πάντα
1494 1074 1562 1129 τά
1607 1074 1842 1146 σαρκικά
1870 1090 2003 1145 φρο-

340 1152 573 1217 νοῦντες,
612 1156 707 1209 καὶ
754 1159 885 1228 περὶ
914 1158 1014 1222 τάς
1056 1157 1257 1230 ταύτης
1315 1160 1511 1231 ἡδονὰς
1561 1159 2000 1231 κατασπώμενοι,

338 1240 434 1292 καὶ
493 1241 762 1313 μηδεμίαν
809 1244 909 1315 τῆς
944 1245 1123 1316 ψυχῆς
1166 1246 1291 1316 τῆςΔ
1322 1247 1618 1318 ἀσωμάτου
1670 1247 1765 1300 καὶ
1812 1247 2003 1318 νοερᾶς

337 1326 592 1395 φροντίδα
624 1328 954 1400 ποιούμενοι.
998 1332 1154 1385 Ἐπεὶ
1187 1327 1280 1387 οὐν
1306 1331 1399 1388 διά
1428 1334 1537 1386 τῶν
1564 1334 1868 1405 είρημένων
1898 1332 2000 1385 ἐδί-

333 1411 490 1478 δαξεν
515 1415 661 1485 ἡμᾶς
690 1416 721 1486 ἡ
752 1415 873 1471 θεία
900 1417 1092 1489 Γραφὴ
1117 1418 1229 1472 τῶν
1256 1419 1667 1491 ἁμαρτημάτων
1690 1418 1752 1473 τὸ
1776 1418 1999 1489 πλῆθος,

332 1498 432 1569 τῆς
466 1500 665 1565 κακίας
687 1503 786 1574 τὴν
809 1503 1135 1576 ὑπερϐολὴν,
1164 1507 1265 1577 τῆς
1291 1506 1715 1577 ἀγανακτήσεως
1745 1504 1840 1559 τοῦ
1864 1504 1999 1559 Θεοῦ

334 1583 395 1636 τὸ
423 1583 668 1655 μέγεθος,
688 1590 782 1643 καὶ
806 1589 887 1643 ὅτι
908 1589 998 1645 διά
1018 1591 1119 1663 τήν
1139 1591 1246 1646 τῶν
1267 1591 1594 1663 παρανόμων
1610 1592 1787 1663 ἔργων
1810 1594 2001 1663 ἐπιτὴ-

332 1670 511 1726 δευσιν
543 1675 636 1727 καὶ
671 1674 817 1743 άτεαξ
860 1676 954 1730 καὶ
1007 1677 1257 1748 δεύτερον
1313 1680 1405 1732 καὶ
1447 1679 1628 1749 τρίτον
1659 1678 1765 1750 γῆν
1801 1680 2000 1743 αὐτοὺς

329 1756 612 1829 ὠνόμασε,
653 1763 746 1816 καὶ
776 1761 853 1833 τῷ
886 1764 984 1834 τῆς
1017 1766 1220 1836 σαρκὸς
1249 1766 1473 1837 ὀνόματι
1519 1766 1959 1838 προσηγόρευσεν
1979 1807 1994 1830 ,

330 1846 751 1918 ἀποστερήσασα
769 1849 863 1903 τοῦ
889 1850 988 1920 τῆς
1012 1852 1196 1921 κοινῆς
1223 1852 1438 1920 φύσεως
1465 1840 1748 1922 ὀνόματος,
1777 1853 1866 1907 διά
1888 1853 1996 1907 τῶν

332 1930 685 2003 ἐπαγομένων
730 1935 831 2005 τὴν
872 1937 1077 2007 ἄφατον
1119 1940 1250 2008 ἡμῖν
1289 1938 1384 1992 τοῦ
1418 1938 1553 1993 Θεοῦ
1588 1939 1998 2010 φιλανθρωπίαν

333 2017 689 2088 ἐνδείκνυται,
713 2022 807 2075 καὶ
834 2025 935 2094 τῆς
961 2025 1419 2093 συγκαταϐάσπ
1444 2027 1543 2097 τὴν
1573 2026 1899 2098 ὑπερϐολήν.
1932 2026 1997 2078 Τί

332 2106 442 2177 γάρ
472 2124 640 2177 φησι;
672 2110 779 2163 Καὶ
811 2105 981 2163 εἶπεν
1010 2113 1046 2164 ό
1075 2111 1219 2177 Θεὸς
1248 2112 1399 2181 πρὸς
1426 2112 1574 2167 Νῶε.

400 2200 469 2262 γ’.
499 2192 651 2267 [ΩΞΟ]
679 2196 820 2266 ὐρα
854 2195 1191 2270 ἀγαθότητος
1216 2198 1537 2270 ὑπερϐολήν.
1586 2199 1853 2271 Καθάπερ
1889 2200 1994 2269 γὰρ

331 2281 483 2349 φίλος
512 2280 679 2351 φίλῳ,
709 2282 853 2336 οὕτω
879 2283 1064 2339 λοιπὸν
1094 2284 1366 2340 κοινοῦται
1399 2285 1479 2357 τῷ
1507 2285 1701 2357 δικαίῳ
1736 2289 1863 2358 περὶ
1896 2288 1995 2357 τῆς

328 2384 378 2420 τι
387 2368 696 2441 μωρίας,ἡν
707 2371 933 2439 ἐπάγειν
954 2372 1135 2442 μέλλει
1154 2373 1233 2442 τῷ
1249 2372 1356 2426 τῶν
1378 2370 1678 2445 ἀνθρώπων
1700 2372 1847 2442 γένει
1866 2414 1878 2437 ,
1904 2374 1993 2427 καί

332 2472 465 2526 φησι
485 2473 499 2488 ο
522 2458 738 2525 Καφός
764 2459 990 2526 παντὸς
1020 2457 1332 2527 ἀνθρώπου
1367 2459 1495 2525 ἥκει
1520 2460 1799 2513 ἐναντίον
1824 2460 1992 2528 ἐμοῦ,

329 2544 420 2596 ("te
447 2543 726 2615 ἐπλήσθη
759 2547 797 2614 ἡ
824 2544 899 2615 τῆ
932 2546 1166 2613 ἀδικίας
1192 2546 1295 2600 ἀπ’
1327 2545 1543 2600 αὐτῶν.
1576 2546 1688 2600 Καὶ
1717 2546 1848 2600 ἰδοὺ
1879 2546 1995 2618 ἐγὼ

328 2636 700 2703 καταφθείρει
740 2636 965 2702 αὐτοὺς
1008 2635 1107 2690 καὶ
1147 2636 1262 2705 τὴν
1304 2636 1441 2705 γῆν.
1489 2636 1554 2690 Τί
1592 2640 1737 2701 ἐστι,
1780 2637 1994 2705 K0196;-

328 2717 555 2785 παντὸς
590 2717 905 2787 ἀνθρώπου
938 2718 1070 2788 ἥκει
1097 2720 1379 2775 ἐναντίον
1410 2718 1586 2789 ἐμοῦ;
1626 2719 1855 2791 Πολλὴν,
1894 2736 1995 2791 φη-

329 2804 433 2866 σὶν,
456 2804 815 2877 ἐπεδειξάμην
840 2805 939 2878 τὴν
967 2806 1368 2879 μακροθυμίαν,
1392 2806 1593 2878 πολλήν
1618 2806 1716 2879 τὴν
1742 2806 1989 2871 ἀνεξικα-

328 2892 472 2958 κίαν,
506 2892 567 2946 οὐ
599 2891 919 2964 βουλόμενος
958 2893 1162 2965 ταύτην
1190 2894 1418 2961 ἐπάγειν
1464 2892 1565 2964 τὴν
1596 2893 1886 2965 τιμωρίαν,
1927 2894 1994 2965 ἡν

326 2980 554 3049 ἐπάγειν
598 2981 808 3052 μέλλωο
854 2981 969 3035 ἀλλ’
1011 2981 1197 3053 ἐπειδὴ
1241 2979 1410 3050 πολλὴ
1444 2981 1552 3034 τῶν
1588 2980 1993 3051 ἡμαρτημένων

328 3067 512 3131 αὐτοῖς
536 3068 570 3139 ἡ
601 3067 875 3140 ὑπερϐολὴ
902 3070 983 3132 είς
1009 3068 1169 3121 αὐτὸν
1195 3067 1404 3137 ήγαγεν
1435 3068 1632 3131 αὐτοὺς
1662 3068 1753 3121 τὸν
1782 3067 1991 3138 καιρὸν,

328 3155 423 3209 καὶ
457 3155 607 3221 τέλος
651 3157 734 3210 δεῖ
769 3156 953 3211 λοιπὸν
991 3155 1328 3226 ἐπιτεθῆναι,
1365 3155 1458 3209 καὶ
1485 3155 1787 3225 ἐκκοπῆναι
1817 3156 1998 3210 αὐτῶν

326 3244 427 3316 τήν
453 3245 671 3309 κακίαν,
695 3244 836 3299 ὥστε
868 3246 943 3317 μὴ
972 3245 1283 3317 περαιτέρω
1308 3243 1597 3315 προϐῆναι·
1623 3243 1838 3312 Καιρύς
1863 3244 1992 3315 709.

328 3331 495 3403 φησὶ,
526 3332 755 3399 παντὸς
787 3331 1099 3402 ἀνθρώπου
1145 3332 1275 3399 ἣκει
1317 3331 1599 3386 ἐναντίον
1640 3331 1805 3400 ἐμοῦ.
1855 3333 1995 3403 Ὅρα

326 3420 419 3472 καὶ
452 3419 713 3477 ἐνταῦθα.
762 3419 880 3483 πῶς
911 3420 1163 3492 καθάπερ
1204 3419 1462 3491 ἀνωτέρω
1502 3418 1690 3487 ἔλεγε,
1732 3416 1860 3483 Πᾶς
1904 3436 1995 3484 τις

325 3506 646 3589 διανοεῖται
666 3548 680 3572 ,
708 3508 851 3562 οὕτω
876 3508 969 3561 καὶ
996 3507 1121 3572 νῦν,
1145 3506 1381 3573 Παντὸς
1406 3505 1740 3575 ἀνθρώπου.
1787 3506 1994 3571 Πάντες

328 3595 440 3664 γὰρ
478 3594 848 3665 συμφωνοῦσι,
888 3595 1025 3665 πρὸς
1061 3594 1163 3667 τὴν
1205 3594 1550 3665 παρανομίαν
1589 3595 1991 3666 ηὐτομόλησαν,

328 3681 484 3753 φησι,
515 3681 611 3735 καὶ
637 3682 735 3735 οὐκ
768 3682 913 3736 ἔστιν
941 3683 1120 3752 εὑρεῖν
1145 3682 1204 3735 ἐν
1228 3682 1469 3753 τοσούτῳ
1507 3683 1702 3753 πλήθει
1740 3685 1865 3740 τινὰ
1894 3683 1995 3755 τῆς

328 3768 531 3839 ἀρετῆς
568 3768 725 3838 λόγον
760 3768 1101 3839 ποιούμενον.
1143 3768 1359 3838 Καιρός
1397 3770 1527 3841 γὰρ,
1569 3771 1725 3841 φησὶ.
1766 3770 1995 3838 παντὸς

328 3856 643 3923 ἀνθρώπου
684 3855 816 3923 ἥκει
851 3856 1130 3910 ἐναντίον
1159 3856 1327 3925 ἐμοῦ.
1367 3856 1605 3925 Καιρὸς.
1653 3857 1796 3910 τοῦτ’
1826 3857 1995 3920 ἔστιν,

329 3943 564 4011 ἔφθασεν
594 3946 624 3997 6
656 3944 866 4008 καιρὸς,
903 3943 1025 4000 καθ’
1055 3944 1115 3998 δν
1149 3944 1229 3997 δεῖ
1253 3944 1354 4015 τὴν
1381 3939 1555 4015 τομήν
1584 3945 1872 4007 ἐπιθεῖναι,
1904 3946 1995 3997 καὶ⁵

329 4031 428 4101 τὴν
451 4030 621 4102 νομὴν
649 4031 743 4083 τοῦ
776 4030 967 4095 ἐλκους
989 4032 1251 4100 ἐπισχεῖν.
1283 4030 1499 4099 Καιρὸς
1527 4029 1755 4096 παντὸς
1774 4030 1995 4098 ἀνθρώ-

328 4132 448 4170 που
483 4116 617 4185 ἣκει
645 4117 925 4171 ἐναντίον
962 4116 1108 4187 ἐμοῦ
1127 4133 1141 4147 ο
1172 4116 1370 4171 ὡσανεὶ
1412 4117 1637 4189 μηδενὸς
1670 4116 1993 4189 ἐφορῶντος,

330 4205 425 4258 καὶ
456 4204 739 4275 μέλλοντος
764 4203 991 4267 εὐθύνας
1020 4206 1283 4259 ἀπαιτεῖν
1315 4204 1421 4258 τῶν
1449 4206 1631 4268 αὐτοῖς
1673 4205 1995 4276 πεπλημμεο

331 4292 607 4361 λημένων,
637 4289 780 4345 οῦτω
826 4290 963 4362 πρὸς
998 4291 1096 4356 τάς
1128 4291 1478 4362 παρανόμους
1507 4292 1733 4365 πράξεις
1770 4292 1996 4357 ἑαυτοὺς

331 4379 623 4446 ἐξέδωκαν,
654 4380 753 4435 οὐκ
781 4380 1086 4445 ἐννοοῦντες
1115 4372 1198 4436 ὅτι
1226 4382 1325 4452 ἐμὲ
1348 4381 1529 4436 λαθεῖν
1562 4383 1659 4453 οὐχ
1679 4378 1791 4436 οἷόν
1818 4400 1876 4436 τε
1904 4384 1996 4438 τὸν

331 4466 432 4537 τὴν
459 4466 716 4521 σύστασιν
739 4467 838 4539 τῆς
863 4467 1010 4538 ζωῆς
1039 4466 1423 4540 χαριζόμενον,
1455 4470 1550 4523 καὶ
1575 4470 1733 4540 σῶμα
1773 4472 1867 4523 καὶ
1895 4471 1997 4541 ψυ-

334 4554 436 4626 χὴν
479 4555 870 4625 χαρισάμενον,
910 4557 1007 4609 καὶ
1049 4555 1319 4609 τοσούτων
1357 4554 1576 4624 ἀγαθῶν
1608 4557 1706 4627 τὴν
1735 4559 1997 4628 χορηγίαν

333 4641 741 4713 παρεσχηκότα.
782 4640 999 4710 Καιρὸς
1028 4640 1205 4695 τοίνυν
1244 4641 1469 4707 παντὸς
1508 4643 1821 4711 ἀνθρώπου
1867 4643 1997 4709 ἥκει

331 4727 608 4782 ἐναντίον
634 4728 801 4797 ἐμοῦ.
829 4724 964 4782 Εἶτα
991 4726 1177 4800 ὥσπερ
1202 4727 1636 4798 ἀπολογούμενος
1672 4729 1749 4798 τῷ
1784 4729 1995 4800 δικαίῳ,

334 4815 427 4868 καὶ
465 4816 679 4879 δεικνὺς
719 4818 800 4870 ὅτι
843 4816 877 4887 ἡ
911 4814 1023 4869 τῶν
1059 4815 1464 4887 ἡμαρτημένων
1503 4817 1683 4879 αὐτοῖς
1724 4815 1996 4888 ὑπερϐολὴ

331 4903 412 4966 εἰς
438 4902 641 4972 ταύτην
679 4901 841 4956 αὐτὸν
879 4902 1186 4955 ἐκκαλεῖται
1219 4903 1318 4973 τὴν
1356 4903 1761 4972 ἀγανάκτησιν,
1811 4904 1995 4972 φησὶν,

332 4990 454 5043 Ὅτι
484 4989 765 5060 ἐπλήσθη
804 4989 843 5058 ἡ
869 4987 944 5057 γῆ
974 4987 1208 5055 ἀδικίας
1233 4990 1334 5044 ἀπ’
1359 4988 1577 5045 αὐτῶν.
1608 4992 1698 5060 Μὴ
1717 4992 1824 5061 γὰρ
1855 5008 1997 5062 παρ-

336 5076 522 5130 έλιπόν
549 5093 624 5143 τι,
659 5075 812 5147 φησὶ,
846 5075 953 5129 τῶν
987 5076 1069 5138 εις
1115 5075 1313 5129 κακίαν
1358 5077 1766 5141 συντεινόντωνς
1798 5077 1996 5131 Τοσοῦ-

329 5179 422 5217 τον
464 5161 809 5228 ἐπεδείξαντο
849 5161 909 5215 τὸ
944 5161 1199 5233 μέγεθος,
1244 5162 1319 5226 ὡς
1360 5164 1454 5216 καὶ
1490 5164 1847 5234 ὐπερϐλύζειν
1889 5164 1996 5218 λοι-

330 5252 431 5303 πὸν
469 5250 567 5319 τὴν
609 5249 844 5313 κακίαν,
877 5250 973 5302 καὶ
1012 5252 1194 5303 πᾶσαν
1230 5249 1328 5320 τὴν
1364 5250 1469 5318 γῆν
1508 5249 1605 5319 τῆς
1658 5250 1855 5315 κακίας
1896 5254 1996 5322 ἐμ.

334 5336 662 5406 πεπλῆσθαι.
698 5336 799 5390 Διά
834 5353 917 5391 τοι
943 5334 1102 5391 τοῦτο
1134 5336 1227 5390 καὶ
1261 5337 1457 5399 αὐτοὺς
1486 5336 1869 5407 καταφθείρω,
1903 5339 1994 5390 καὶ

332 5426 428 5493 τὴν
455 5423 579 5492 γῆν,
605 5422 718 5477 Καὶ
745 5422 897 5489 ἰδοὺ,
920 5424 1106 5493 φησὶν,
1126 5421 1240 5492 ἐγὼ
1261 5423 1626 5490 καταφθειζρω
1646 5422 1865 5487 αὐτοὺς
1894 5422 1993 5475 καί

334 5509 449 5575 τὴν
479 5505 613 5579 γῆν.
661 5507 878 5585 Ἐπειδὴ
919 5508 1073 5563 αὐτοὶ
1104 5508 1459 5579 προλαϐόντες
1497 5507 1587 5559 διά
1618 5506 1725 5559 τῶν
1756 5510 1991 5579 παρανό-

333 5611 449 5662 μων
503 5594 755 5663 πράξεων
806 5586 1030 5656 ἑαυτοὺς
1075 5594 1471 5664 κατέφθειραν,
1522 5593 1612 5646 6:0
1659 5592 1815 5645 τοῦτο
1862 5612 1992 5647 παν-

331 5681 457 5750 τελῆ
512 5682 887 5753 παυωλεθρίαν
944 5685 1169 5751 ἐπάγω,
1238 5682 1332 5735 καὶ
1396 5680 1700 5751 ἀφανισμὸν
1764 5681 1987 5751 ἐργάζο-

330 5763 450 5837 μαι,
497 5782 587 5822 και
631 5770 832 5834 αὐτῶν,
873 5771 966 5824 καὶ
995 5770 1094 5838 τῆς
1139 5772 1262 5840 γῆς,
1297 5771 1381 5822 ἵνα
1421 5768 1702 5838 καθαρμόν
1739 5785 1860 5821 τινα
1894 5770 1986 5821 δυ-

332 5858 468 5925 νηοῇ
514 5857 761 5922 δέξασθαι
831 5860 859 5927 ἡ
909 5858 998 5927 γῆ,
1039 5860 1133 5910 καὶ
1180 5858 1630 5929 άποκαθήρασθαι
1683 5858 1776 5910 το]
1818 5856 1988 5927 ῥύπου

332 5937 437 5989 τῶν
475 5939 733 5993 τοσούτων
763 5939 1192 6011 ἁμαρτημάτων.
1234 5940 1429 5995 Ἐννόεε
1471 5957 1555 6010 μοι
1603 5939 1787 5993 λοιπὸν
1838 5941 1988 5994 ποίαν

2108 721 2466 795 Φιλόστοργσν
2488 723 2597 794 γὰρ
2636 723 2747 777 τῶν
2791 724 3016 793 δικαίων
3048 724 3113 778 τὸ
3157 726 3349 795 γένος,
3386 727 3480 780 καὶ
3516 726 3654 800 ὑπὲρ
3684 730 3785 799 τῆς

2108 808 2220 864 τῶν
2248 809 2425 865 ἀλλων
2452 811 2729 882 σωτηρίας
2764 812 2943 866 πάντα
2980 811 3046 866 ἀν
3067 812 3274 867 ἕλοιντο
3294 813 3533 878 εὐκόλως
3558 816 3785 886 ὑπομεῖ-

2104 913 2213 951 ναι.
2244 897 2369 961 Πῶς
2389 899 2572 953 τοίνυν
2616 899 2763 963 είκὸς
2798 895 2868 972 ἦν
2899 901 2964 955 ἐκ
2994 899 3104 953 τῶν
3126 900 3390 971 ῥημάτων
3421 901 3628 956 τούτων
3655 918 3785 955 συν⁹

2104 983 2325 1054 έχεσθαι
2356 982 2448 1038 τὸν
2487 985 2793 1058 θαυμάσιον
2815 987 3004 1041 τοῦτον
3036 988 3424 1059 ὑπογράφοντα
3458 990 3559 1061 ήδη
3588 990 3666 1061 τῷ
3692 989 3783 1043 λο-

2104 1070 2289 1144 γισμῷ
2309 1072 2408 1144 τὴν
2431 1074 2687 1129 ἀπάντων
2708 1074 3007 1141 ἀπώλειαν,
3032 1075 3126 1130 καὶ
3147 1075 3246 1145 τὴν
3268 1075 3371 1146 τῆς
3396 1077 3622 1142 κτίσεως
3645 1078 3785 1132 01:0-

2106 1177 2206 1230 σης
2244 1160 2486 1233 φθορὰν,
2529 1163 2659 1226 ἴσως
2708 1164 2829 1217 οὐδὲ
2881 1164 3012 1234 περὶ
3065 1163 3231 1218 αὑτοῦ
3263 1181 3318 1218 τι
3361 1166 3597 1237 χρηστὸν
3643 1167 3783 1220 ὐπο-

2106 1249 2405 1313 πτεύοντας
2442 1248 2669 1303 Οὐδέπω
2700 1248 2809 1321 γάρ
2828 1245 2898 1321 ἡν
2923 1248 3071 1320 αὐτῷ
3092 1242 3252 1304 τοῦτο
3278 1251 3527 1322 φανερόν.
3557 1250 3656 1305 'lv‘
3684 1247 3782 1305 οὖν

2107 1334 2184 1406 μή
2214 1334 2641 1407 διαταράττηται
2668 1337 2761 1390 τὸν
2790 1336 3069 1408 λογισμὸν,
3103 1336 3240 1391 ἀλλά
3273 1339 3481 1409 μικράν
3519 1355 3642 1393 τινα
3669 1355 3782 1393 πα-

2107 1420 2379 1492 ραμυθίαν
2402 1424 2460 1477 ἐν
2482 1422 2562 1493 τῷ
2588 1423 2816 1494 τοιούτῳ
2851 1423 3071 1495 μεγέθει
3104 1424 3202 1495 τῆς
3235 1424 3474 1496 ἀθυμίας
3508 1428 3657 1495 σχεῖν
3685 1425 3779 1479 δυ-

2101 1509 2239 1581 νηθῇ
2257 1550 2274 1574 ,
2299 1510 2485 1583 ἐπειδὴ
2511 1510 2747 1579 ἐδίδαξεν
2773 1512 2935 1566 αὐτὸν
2962 1515 3060 1582 τῆς
3076 1510 3228 1585 [221]
3254 1512 3452 1576 κακίας
3476 1511 3657 1566 αὐτῶν
3678 1512 3781 1584 τὴν

2103 1597 2409 1669 ὑπερϐολήν
2428 1638 2446 1663 ,
2486 1599 2582 1653 καὶ
2613 1599 2695 1653 δτι
2726 1600 2918 1672 καιρὸς
2950 1600 3267 1669 κατεπείγει
3311 1600 3499 1654 λοιπὸν
3528 1600 3780 1654 ἀπαιτῶν

2103 1684 2325 1755 βαθεῖαν
2362 1686 2561 1752 αὐτοὺς
2599 1686 2856 1752 δέξασθαι
2885 1686 2985 1759 τήν
3010 1687 3187 1759 τομὴν
3205 1729 3221 1755 ,
3254 1688 3388 1759 φησὶ
3415 1688 3555 1758 πρὸς
3578 1688 3742 1743 αὐτόν
3760 1705 3774 1720 ⁸

2113 1771 2385 1837 Ἐκείνους
2416 1775 2517 1846 μὲν
2547 1774 2725 1838 κοινὸς
2745 1773 2964 1846 δλεθρος
2989 1774 3286 1839 ἐκδέξεται,
3305 1774 3390 1829 Σὺ
3411 1773 3481 1829 δὲ
3511 1775 3780 1843 ποίησον

2099 1861 2335 1929 σεαυτῷ
2362 1865 2632 1917 κιϐωτόν.
2665 1861 2730 1916 Τί
2767 1865 2905 1928 ἐστι,
2937 1862 3021 1918 Σὺ
3049 1860 3153 1928 θές
3180 1862 3400 1935 Ἐπειδὴ
3422 1864 3521 1917 οὐκ
3554 1862 3776 1919 ἐκοινώ-

2100 1966 2268 2020 νησας
2298 1952 2485 2015 αὐτοῖς
2529 1949 2632 2022 τῆς
2677 1951 2911 2018 κακίας,
2954 1950 3092 2005 ἀλλά
3119 1951 3214 2005 καὶ
3264 1950 3403 2022 μετά
3448 1951 3652 2023 ἀρετῆς
3678 1952 3778 2005 τὸν

2100 2037 2215 2105 βίον
2255 2038 2375 2092 δλον
2422 2038 2713 2109 διήνυσας,
2748 2037 2837 2092 διά
2884 2037 3044 2091 τοῦτό
3074 2054 3157 2091 σοι
3189 2039 3513 2110 προστάττω
3539 2040 3777 2094 κιϐωτὸν

2098 2127 2526 2180 κατασκευάσαι.
2564 2126 2666 2181 Ἐκ
2724 2126 2929 2189 ξύλων
2975 2126 3396 2196 τετραγώνων,
3456 2128 3771 2193 ἀσήπτων.

2095 2213 2367 2279 Νοσσιὰς
2403 2212 2676 2277 ποιήσεις
2702 2211 2818 2278 τὴν
2863 2211 3110 2266 κιϐωτόν
3135 2252 3151 2275 .
3197 2213 3295 2268 καί
3345 2214 3774 2282 ἁσφαλτώσεις

2095 2298 2319 2364 ἔξωθεν
2370 2299 2469 2352 καί
2515 2300 2744 2354 ἔσωθεν
2768 2298 2964 2368 αὐτὴν
2990 2298 3067 2367 τῇ
3112 2299 3423 2369 ἀσφάλτῳ.
3466 2303 3661 2355 Ἔστω
3701 2301 3776 2355 δὲ

2096 2386 2453 2455 τριακοσίων
2483 2385 2698 2455 πηχῶν
2751 2386 2815 2441 τὸ
2861 2384 3058 2457 μῆκος
3083 2426 3096 2446 .
3137 2387 3237 2440 καί
3274 2389 3653 2454 πεντήκοντα
3702 2390 3774 2443 τὸ

2096 2473 2326 2538 πλάτος
2347 2513 2362 2538 ,
2396 2473 2497 2527 καὶ
2521 2472 2842 2541 τριάκοντα
2864 2471 2933 2526 τὸ
2961 2472 3139 2541 ὕψος.
3160 2473 3577 2543 Ἐπισυνάγων
3598 2474 3773 2541 ποιή-

2094 2576 2226 2628 σεις
2250 2559 2368 2628 τὴν
2393 2559 2663 2623 κιϐωτὸν,
2689 2560 2788 2613 καί
2818 2562 2907 2626 εις
2926 2557 3138 2627 πῆχυν
3159 2561 3552 2628 συντελέσεις
3574 2560 3775 2630 αὐτὴν

2095 2653 2343 2715 ἄνωθεν,
2370 2650 2487 2719 τὴν
2513 2650 2583 2705 δὲ
2606 2652 2796 2719 θύραν
2822 2649 3100 2717 ποιήσεις
3125 2651 3193 2705 ἐκ
3234 2652 3511 2721 πλαγίων
3536 2691 3551 2716 ,
3592 2653 3776 2708 κατά-

2097 2756 2235 2809 γαια
2271 2738 2531 2809 διώροερα
2575 2739 2673 2793 καί
2698 2737 2995 2808 τριώροφα
3021 2738 3296 2807 ποιήσεις
3324 2738 3537 2803 αὐτὴν.
3569 2739 3773 2794 Σκόπει

2094 2825 2230 2879 Θεοῦ
2262 2826 2672 2895 συγκατάϐασιν
2699 2828 2793 2881 καὶ
2824 2825 3053 2897 δύναμιν
3076 2824 3305 2897 ἄφατον,
3337 2828 3431 2895 καὶ
3460 2825 3774 2898 φιλανθρω-

2095 2915 2226 2969 πίαν
2249 2914 2427 2969 πάντα
2457 2915 2616 2983 λόγον
2640 2927 2667 2956 ι
2696 2913 3149 2984 ὐπερϐαίνουσαν.
3191 2913 3359 2986 Ὀμοῦ
3389 2915 3483 2970 καὶ
3512 2916 3613 2984 τὴν
3642 2915 3775 2985 περὶ

2092 3003 2183 3055 τὸν
2210 3001 2418 3055 δίκαιον
2451 3002 2709 3072 πρόνοιαν
2728 3000 3089 3054 ἐπιδείκνυται
3123 2988 3475 3071 προστάττων
3499 3000 3649 3071 αὐτῷ
3669 3002 3776 3071 τὴν

2095 3089 2328 3143 κιϐωτὸν
2351 3089 2782 3153 κατασκευάσαι,
2806 3089 2899 3142 καὶ
2919 3087 3313 3158 διαταξάμενος
3338 3090 3434 3142 καὶ
3456 3090 3549 3142 τὸν
3569 3090 3777 3160 τρόπον

2093 3178 2194 3247 τῆς
2223 3180 2569 3248 κατασκευῆς
2590 3219 2605 3243 ,
2635 3177 2730 3230 καὶ
2773 3177 2834 3229 τὸ
2860 3177 3061 3240 πλάτος
3086 3216 3101 3241 ,
3132 3177 3227 3231 καὶ
3252 3177 3313 3230 τὸ
3346 3176 3480 3248 ’ὕψος
3498 3219 3513 3244 ,
3543 3179 3637 3233 καὶ
3664 3195 3779 3232 πα-

2100 3262 2372 3333 ραμυθίαν
2396 3262 2546 3333 αὐτῷ
2571 3262 2855 3335 χαρίζεται
2889 3262 3156 3335 μεγίστην
3178 3304 3193 3325 ,
3225 3263 3447 3327 ἐλπίδας
3473 3263 3622 3335 αὐτῷ
3660 3281 3775 3339 σω-

2095 3350 2290 3421 τηρίας
2319 3350 2652 3421 ὑπογράφων
2675 3350 2764 3403 διέτ
2784 3350 2887 3420 τῆς
2913 3351 3263 3421 κατασκευῆς
3282 3390 3297 3415 ,
3330 3352 3619 3416 κάκείνους
3643 3352 3778 3416 τοὺς

2096 3436 2335 3492 τοσαῦτα
2363 3438 2753 3509 ἡμαρτηκότας
2784 3437 3104 3508 βουλόμενος
3150 3437 3240 3491 διά
3283 3437 3384 3505 τῆς
3424 3426 3778 3507 κατασκευῆς

2095 3528 2197 3598 τῆς
2228 3526 2464 3580 κιϐωτοῦ
2495 3527 2576 3590 εἰς
2611 3524 2817 3577 ἔννοιαν
2842 3524 3095 3587 ἐλθόντας
3121 3524 3228 3576 τῶν
3251 3524 3438 3589 αὐτοῖς
3468 3525 3776 3596 εἰργασμέ-

2095 3630 2203 3667 νων
2227 3654 2243 3680 ,
2272 3613 2368 3667 καὶ
2399 3612 2688 3683 μετάνοιαν
2734 3608 3177 3682 ἐπιδειξαμένους
3217 3614 3321 3683 τῆς
3342 3612 3776 3683 ἀγανακτήσεως

2093 3700 2193 3770 τὴν
2219 3703 2418 3772 πεῖραν
2452 3699 2527 3770 μὴ
2575 3698 2779 3752 λαϐεῖν.
2816 3698 2957 3753 Οὐδὲ
2994 3698 3104 3771 γάρ
3133 3699 3311 3768 ὀλίγος
3360 3699 3553 3769 χρόνος
3608 3700 3777 3754 πάλιν

2096 3790 2278 3853 αὐτοῖς
2308 3788 2444 3860 πρὸς
2492 3787 2780 3859 μετάνοιαν
2826 3787 3143 3859 παρεσχέθη
3172 3787 3261 3842 διά
3293 3787 3395 3857 τῆς
3423 3789 3779 3859 κατασκευῆς

2097 3878 2196 3946 τῆς
2224 3875 2479 3938 κιϐωτοῦ,
2512 3875 2647 3929 ἀλλά
2676 3876 2769 3930 καὶ
2799 3875 3005 3946 σφόδρα
3032 3873 3214 3937 πολὺς,
3248 3875 3342 3927 καὶ
3373 3874 3584 3937 ἱκανὸς,
3606 3876 3658 3928 εἰ
3693 3876 3775 3945 μὴ

2100 3964 2307 4035 σφόδρα
2334 3959 2475 4036 ἦσαν
2517 3963 2832 4033 ἀγνώμονες
2859 4004 2873 4027 ,
2906 3962 3249 4033 καταπτῆξαι
3296 3962 3433 4033 πρὸς
3478 3963 3578 4033 τὴν
3621 3962 3775 4034 6:09-

2098 4051 2264 4105 θωσιν
2319 4051 2430 4105 τῶν
2467 4052 2865 4121 ἐπταισμένων.
2916 4051 3078 4113 Εἰκὸς
3115 4050 3223 4121 γὰρ
3276 4051 3508 4104 ἕκαστον
3564 4049 3773 4115 αὐτῶν,

2096 4139 2307 4210 ὁρῶντα
2344 4139 2437 4192 τὸν
2474 4140 2681 4193 δίκαιον
2707 4138 3121 4207 τεκταινόμενον
3149 4140 3246 4208 τὴν
3275 4137 3527 4201 κιϐωτὸν,
3552 4137 3653 4208 τὴν
3687 4141 3779 4191 0i-

2097 4228 2217 4279 τίαν
2253 4225 2615 4279 πυνθάνεσθαι
2666 4229 2765 4297 τῆς
2802 4227 3149 4295 κατασκευῆς
3174 4265 3187 4288 ,
3222 4221 3341 4277 εἶτα
3388 4224 3621 4295 μαθόντα
3675 4224 3777 4277 τοῦ

2100 4312 2238 4367 Θεοῦ
2268 4313 2368 4385 τὴν
2400 4314 2793 4384 ἀγανάκτησιν,
2825 4313 2906 4375 είς
2934 4312 3187 4382 αἴσθησιν
3215 4311 3389 4364 ἐλθεῖν
3417 4312 3524 4366 τῶν
3552 4312 3778 4365 οἰκείων

2100 4402 2515 4472 ἁμαρτημάτων
2536 4442 2552 4466 ,
2586 4400 2743 4471 εῖπερ
2774 4398 3075 4452 ἐϐούλοντο.
3118 4398 3256 4459 Ἀλλ’
3291 4400 3488 4453 ἐκεῖνοι
3520 4398 3641 4452 οὐδὲ
3680 4402 3775 4455 ἐν·

2098 4488 2287 4542 τεῦθεν
2344 4488 2638 4560 ἐκέρδανάν
2683 4504 2737 4541 τι
2789 4486 2975 4554 πλέον,
3010 4486 3112 4539 οὐκ
3147 4485 3332 4556 ἐπειδὴ
3360 4487 3460 4539 οὐκ
3489 4485 3775 4556 ἡδύναντο,

2099 4576 2213 4630 ἀλλ’
2241 4574 2428 4646 ἐπειδὴ
2460 4575 2560 4629 οὐκ
2589 4573 2990 4646 ἠϐουλήθησαν.

2168 4663 2227 4718 δ’.
2252 4662 2488 4735 ΔἘπειδὴ
2508 4663 2686 4717 τοίνυν
2700 4662 2769 4717 τά
2786 4660 3029 4735 περὶτῆς
3051 4660 3393 4729 κατασκευῆς
3420 4661 3514 4724 τῆς
3537 4660 3776 4716 κιϐωτοῦ

2099 4749 2177 4821 τῷ
2208 4732 2400 4821 δῖκαίῳ
2425 4732 2709 4817 διετάξατο
2728 4789 2743 4814 ,
2776 4732 3051 4803 κοινοῦται
3078 4748 3228 4819 αὐτῷ
3253 4750 3349 4801 καὶ
3369 4749 3468 4818 τῆς
3500 4750 3777 4820 τιμωρίας

2099 4838 2160 4892 τὸ
2179 4833 2337 4903 εἶδος,
2374 4832 2442 4909 ἧς
2467 4836 2703 4909 ήμελλεν
2730 4835 2979 4905 ἐπάγειν,
3012 4834 3105 4890 καί
3131 4851 3265 4905 φησι
3284 4850 3298 4865 ο
3330 4837 3402 4887 Σὺ
3445 4836 3543 4905 μὲν
3565 4836 3775 4907 ταύτην

2101 4927 2510 4981 κατασκεύασον
2557 4925 2699 4980 καθά
2727 4924 3059 4994 διεταξάμην
3083 4962 3097 4985 ,
3126 4922 3237 4990 ἐγὼ
3262 4923 3317 4974 δὲ
3338 4963 3351 4987 ,
3384 4922 3603 4977 ἐπειδὰν
3630 4924 3774 4994 πλη-

2101 5013 2279 5086 ρώοῃς
2333 5017 2430 5085 τὴν
2468 5010 2812 5081 κατασκευὴν
2842 5051 2856 5069 .
2900 5012 2994 5062 καὶ
3025 5008 3093 5062 τά
3124 5010 3265 5062 κατὰ
3311 5009 3370 5060 σὶ
3416 5010 3473 5062 ἐν
3503 5011 3775 5083 ἀσφαλείᾳ

2100 5104 2445 5174 καταστήσω.
2493 5100 2634 5171 Ἐγὼ
2661 5099 2730 5152 δὲ
2766 5098 2895 5152 ἰδοὺ
2938 5098 3136 5166 ἐπάγω
3171 5099 3277 5150 τὲν
3310 5098 3768 5168 κατακλυσμὸν,

2097 5186 2374 5257 ὕὸωρὲπὶ
2425 5190 2540 5255 τὴν
2572 5187 2691 5255 γῆν
2719 5227 2732 5250 ,
2765 5186 3147 5254 καταφθεῖραι
3179 5200 3387 5239 πασαν
3433 5185 3629 5251 σάρκα
3654 5227 3667 5249 ,
3699 5188 3772 5241 ἐν

2096 5272 2135 5347 ᾗ
2163 5279 2292 5329 ἐστι
2317 5276 2551 5345 πνεῦμα
2583 5274 2733 5341 ζωῆς
2764 5272 3043 5328 ὑποκάτω
3068 5273 3174 5326 τοῦ
3209 5273 3490 5340 οὐρανοῦ,
3519 5273 3617 5326 καί
3650 5273 3773 5329 ὅσα

2098 5362 2172 5415 ἂν
2262 5363 2359 5415 ἐπὶ
2386 5360 2498 5428 τῆς
2538 5360 2651 5429 τῆς
2689 5360 3055 5427 τελευτήσει.
3084 5360 3226 5429 Ὅρα
3265 5359 3383 5421 πῶς
3431 5358 3519 5411 καὶ
3552 5356 3641 5410 διά
3670 5359 3771 5426 τῆς

2096 5450 2325 5518 ἀπειλῆς
2353 5450 2591 5502 δείκνυσι
2640 5446 2743 5500 τῶν
2771 5448 3177 5519 ἡμαρτημένων
3207 5447 3390 5509 αὐτοῖς
3426 5447 3487 5499 τὸ
3514 5446 3768 5516 μέγεθος,

2098 5539 2189 5591 καί
2226 5554 2392 5607 φησι·
2430 5535 2535 5588 Καὶ
2558 5528 2659 5605 τὴν
2690 5535 2856 5605 αὐτὴν
2883 5536 3154 5605 τιμωρίαν
3186 5533 3371 5599 ἐπάξω
3400 5534 3495 5588 καὶ
3537 5537 3650 5597 τοῖς
3677 5534 3768 5587 λο-

2093 5628 2269 5695 γικοῖς
2294 5666 2305 5685 ,
2338 5625 2430 5677 καὶ
2464 5626 2575 5685 τοῖς
2604 5622 2835 5690 ἀλόγοις.
2884 5622 3101 5693 Ἐπειδὴ
3144 5621 3253 5692 709
3287 5623 3387 5692 τὴν
3422 5621 3603 5675 αὐτῶν
3633 5638 3769 5694 προ.

2093 5713 2275 5783 εδρίαν
2295 5709 2682 5781 πρτιδεδὼκασι,
2710 5712 2802 5765 καὶ
2824 5712 2959 5780 πρὸς
2983 5709 3072 5781 τήκ.
3108 5711 3214 5764 τῶν
3239 5710 3448 5777 ἀλόγων
3468 5710 3768 5779 μετέπεσον

2098 5799 2311 5859 κακίαν,
2342 5798 2596 5867 οὐδεμίαν
2621 5798 2882 5869 διαφορὰν
2906 5796 3017 5863 ἔξει
3047 5799 3079 5867 ἡ
3113 5797 3368 5867 τιμιιιρία.
3406 5797 3637 5865 Ἑπιὶγω
3659 5798 3766 5865 γὰρ

2160 5966 2175 5990 ⁸
2198 5969 2275 6016 Sit;
2302 5966 2446 6017 δίει-ιι.
2481 5971 2525 6013 οι
2563 5966 2755 6026 quidam
2777 5979 2872 6015 ωδε
2930 5964 3082 6017 Μοίρι
3140 5973 3189 6015 el
3218 5964 3469 6013 ςιίιὶτάλα
