  <div class='ocr_page' id='page_1' title='image "/cluster/home/n/w/nwhite01/storage/ocr_20150623/53/ien.35556001660802/212.png"; bbox 0 0 4070 6378; ppageno 0'>
   <div class='ocr_carea' id='block_1_1' title="bbox 209 375 323 429">
    <p class='ocr_par' dir='ltr' id='par_1_1' title="bbox 209 375 323 429">
     <span class='ocr_line' id='line_1_1' title="bbox 209 375 323 429; baseline -0.018 0"><span class='ocrx_word' id='word_1_1' title='bbox 209 375 323 429; x_wconf 68' lang='grc' dir='ltr'><strong>ιω</strong></span> 
     </span>
    </p>
   </div>
   <div class='ocr_carea' id='block_1_2' title="bbox 210 469 1818 555">
    <p class='ocr_par' dir='ltr' id='par_1_2' title="bbox 210 469 1818 555">
     <span class='ocr_line' id='line_1_2' title="bbox 210 469 1818 555; baseline -0.013 -13"><span class='ocrx_word' id='word_1_2' title='bbox 210 488 507 555; x_wconf 75' lang='lat' dir='ltr'><strong>Scriptura:</strong></span> <span class='ocrx_word' id='word_1_3' title='bbox 551 492 652 546; x_wconf 85' lang='lat' dir='ltr'><strong>est,</strong></span> <span class='ocrx_word' id='word_1_4' title='bbox 686 488 741 533; x_wconf 93' lang='lat' dir='ltr'><strong>ut</strong></span> <span class='ocrx_word' id='word_1_5' title='bbox 782 492 924 549; x_wconf 71' lang='lat' dir='ltr'><strong>smpe</strong></span> <span class='ocrx_word' id='word_1_6' title='bbox 953 475 1158 531; x_wconf 78' lang='lat' dir='ltr'><strong>caritati</strong></span> <span class='ocrx_word' id='word_1_7' title='bbox 1195 470 1386 528; x_wconf 73' lang='lat' dir='ltr'><strong>vestra:</strong></span> <span class='ocrx_word' id='word_1_8' title='bbox 1412 472 1543 534; x_wconf 77' lang='lat' dir='ltr'><strong>dixi,</strong></span> <span class='ocrx_word' id='word_1_9' title='bbox 1584 469 1818 524; x_wconf 76' lang='lat' dir='ltr'><strong>carnalia</strong></span> 
     </span>
    </p>
   </div>
   <div class='ocr_carea' id='block_1_3' title="bbox 212 560 1821 647">
    <p class='ocr_par' dir='ltr' id='par_1_3' title="bbox 212 560 1821 647">
     <span class='ocr_line' id='line_1_3' title="bbox 212 560 1821 647; baseline -0.012 -14"><span class='ocrx_word' id='word_1_10' title='bbox 212 579 511 647; x_wconf 82' lang='lat' dir='ltr'><strong>sapientes,</strong></span> <span class='ocrx_word' id='word_1_11' title='bbox 542 585 595 629; x_wconf 90' lang='lat' dir='ltr'><strong>et</strong></span> <span class='ocrx_word' id='word_1_12' title='bbox 627 572 755 627; x_wconf 92' lang='lat' dir='ltr'><strong>nihil</strong></span> <span class='ocrx_word' id='word_1_13' title='bbox 797 570 1023 625; x_wconf 88' lang='lat' dir='ltr'><strong>sublime</strong></span> <span class='ocrx_word' id='word_1_14' title='bbox 1050 569 1366 638; x_wconf 68' lang='lat' dir='ltr'><strong>cogitantes,</strong></span> <span class='ocrx_word' id='word_1_15' title='bbox 1397 565 1574 618; x_wconf 76' lang='lat' dir='ltr'><strong>carnis</strong></span> <span class='ocrx_word' id='word_1_16' title='bbox 1604 560 1821 615; x_wconf 85' lang='lat' dir='ltr'><strong>nomine</strong></span> 
     </span>
    </p>
   </div>
   <div class='ocr_carea' id='block_1_4' title="bbox 212 653 1818 739">
    <p class='ocr_par' dir='ltr' id='par_1_4' title="bbox 212 653 1818 739">
     <span class='ocr_line' id='line_1_4' title="bbox 212 653 1818 739; baseline -0.012 -16"><span class='ocrx_word' id='word_1_17' title='bbox 212 668 511 739; x_wconf 78' lang='lat' dir='ltr'><strong>appellare,</strong></span> <span class='ocrx_word' id='word_1_18' title='bbox 544 666 683 720; x_wconf 91' lang='lat' dir='ltr'><strong>sicut</strong></span> <span class='ocrx_word' id='word_1_19' title='bbox 726 672 781 717; x_wconf 92' lang='lat' dir='ltr'><strong>et</strong></span> <span class='ocrx_word' id='word_1_20' title='bbox 823 662 1009 715; x_wconf 85' lang='lat' dir='ltr'><strong>beatus</strong></span> <span class='ocrx_word' id='word_1_21' title='bbox 1034 658 1233 714; x_wconf 80' lang='lat' dir='ltr'><strong>Paulus</strong></span> <span class='ocrx_word' id='word_1_22' title='bbox 1275 655 1443 726; x_wconf 79' lang='lat' dir='ltr'><strong>inquit</strong></span> <span class='ocrx_word' id='word_1_23' title='bbox 1476 670 1491 708; x_wconf 87' lang='lat'><strong>:</strong></span> <span class='ocrx_word' id='word_1_24' title='bbox 1530 653 1628 721; x_wconf 84' lang='lat' dir='ltr'><strong>Qui</strong></span> <span class='ocrx_word' id='word_1_25' title='bbox 1651 662 1818 706; x_wconf 88' lang='lat' dir='ltr'><strong>autem</strong></span> 
     </span>
    </p>
   </div>
   <div class='ocr_carea' id='block_1_5' title="bbox 212 742 1817 823">
    <p class='ocr_par' dir='ltr' id='par_1_5' title="bbox 212 742 1817 823">
     <span class='ocr_line' id='line_1_5' title="bbox 212 742 1817 823; baseline -0.009 -10"><span class='ocrx_word' id='word_1_26' title='bbox 212 762 267 813; x_wconf 81' lang='lat' dir='ltr'><strong>in</strong></span> <span class='ocrx_word' id='word_1_27' title='bbox 311 776 465 815; x_wconf 85' lang='lat' dir='ltr'><strong>carne</strong></span> <span class='ocrx_word' id='word_1_28' title='bbox 491 766 627 817; x_wconf 87' lang='lat' dir='ltr'><strong>sunt,</strong></span> <span class='ocrx_word' id='word_1_29' title='bbox 663 754 769 808; x_wconf 81' lang='lat' dir='ltr'><strong>Deo</strong></span> <span class='ocrx_word' id='word_1_30' title='bbox 814 754 1011 823; x_wconf 80' lang='lat' dir='ltr'><strong>placere</strong></span> <span class='ocrx_word' id='word_1_31' title='bbox 1057 768 1157 804; x_wconf 88' lang='lat' dir='ltr'><strong>non</strong></span> <span class='ocrx_word' id='word_1_32' title='bbox 1203 757 1412 819; x_wconf 84' lang='lat' dir='ltr'><strong>possunt</strong></span> <span class='ocrx_word' id='word_1_33' title='bbox 1452 746 1625 815; x_wconf 83' lang='lat' dir='ltr'><strong>(Rom.</strong></span> <span class='ocrx_word' id='word_1_34' title='bbox 1654 744 1706 800; x_wconf 89' lang='lat'><strong>8.</strong></span> <span class='ocrx_word' id='word_1_35' title='bbox 1739 742 1817 815; x_wconf 88' lang='lat'><strong>8).</strong></span> 
     </span>
    </p>
   </div>
   <div class='ocr_carea' id='block_1_6' title="bbox 215 836 1820 919">
    <p class='ocr_par' dir='ltr' id='par_1_6' title="bbox 215 836 1820 919">
     <span class='ocr_line' id='line_1_6' title="bbox 215 836 1820 919; baseline -0.009 -15"><span class='ocrx_word' id='word_1_36' title='bbox 215 851 351 919; x_wconf 85' lang='lat' dir='ltr'><strong>Quid</strong></span> <span class='ocrx_word' id='word_1_37' title='bbox 382 848 581 919; x_wconf 79' lang='lat' dir='ltr'><strong>igitur?</strong></span> <span class='ocrx_word' id='word_1_38' title='bbox 620 863 723 900; x_wconf 90' lang='lat' dir='ltr'><strong>non</strong></span> <span class='ocrx_word' id='word_1_39' title='bbox 753 846 846 899; x_wconf 84' lang='lat' dir='ltr'><strong>luit</strong></span> <span class='ocrx_word' id='word_1_40' title='bbox 874 846 925 899; x_wconf 94' lang='lat' dir='ltr'><strong>in</strong></span> <span class='ocrx_word' id='word_1_41' title='bbox 956 858 1116 899; x_wconf 90' lang='lat' dir='ltr'><strong>carne</strong></span> <span class='ocrx_word' id='word_1_42' title='bbox 1138 852 1195 896; x_wconf 89' lang='lat' dir='ltr'><strong>et</strong></span> <span class='ocrx_word' id='word_1_43' title='bbox 1226 843 1269 894; x_wconf 88' lang='lat' dir='ltr'><strong>is</strong></span> <span class='ocrx_word' id='word_1_44' title='bbox 1294 839 1383 908; x_wconf 90' lang='lat' dir='ltr'><strong>qui</strong></span> <span class='ocrx_word' id='word_1_45' title='bbox 1427 840 1543 893; x_wconf 66' lang='lat' dir='ltr'><strong>haec</strong></span> <span class='ocrx_word' id='word_1_46' title='bbox 1568 836 1820 892; x_wconf 85' lang='lat' dir='ltr'><strong>dicebat?</strong></span> 
     </span>
    </p>
   </div>
   <div class='ocr_carea' id='block_1_7' title="bbox 215 928 1820 1007">
    <p class='ocr_par' dir='ltr' id='par_1_7' title="bbox 215 928 1820 1007">
     <span class='ocr_line' id='line_1_7' title="bbox 215 928 1820 1007; baseline -0.011 -9"><span class='ocrx_word' id='word_1_47' title='bbox 215 943 328 998; x_wconf 72' lang='lat' dir='ltr'><strong>Non</strong></span> <span class='ocrx_word' id='word_1_48' title='bbox 362 942 466 996; x_wconf 87' lang='lat' dir='ltr'><strong>hoc</strong></span> <span class='ocrx_word' id='word_1_49' title='bbox 512 939 666 1004; x_wconf 77' lang='lat' dir='ltr'><strong>dixit,</strong></span> <span class='ocrx_word' id='word_1_50' title='bbox 699 936 841 1007; x_wconf 91' lang='lat' dir='ltr'><strong>quod</strong></span> <span class='ocrx_word' id='word_1_51' title='bbox 886 936 974 1006; x_wconf 90' lang='lat' dir='ltr'><strong>qui</strong></span> <span class='ocrx_word' id='word_1_52' title='bbox 1020 947 1185 989; x_wconf 87' lang='lat' dir='ltr'><strong>carne</strong></span> <span class='ocrx_word' id='word_1_53' title='bbox 1227 930 1539 987; x_wconf 84' lang='lat' dir='ltr'><strong>circumdati</strong></span> <span class='ocrx_word' id='word_1_54' title='bbox 1578 929 1684 983; x_wconf 90' lang='lat' dir='ltr'><strong>sint</strong></span> <span class='ocrx_word' id='word_1_55' title='bbox 1712 928 1820 982; x_wconf 85' lang='lat' dir='ltr'><strong>Deo</strong></span> 
     </span>
    </p>
   </div>
   <div class='ocr_carea' id='block_1_8' title="bbox 215 1020 1820 1106">
    <p class='ocr_par' dir='ltr' id='par_1_8' title="bbox 215 1020 1820 1106">
     <span class='ocr_line' id='line_1_8' title="bbox 215 1020 1820 1106; baseline -0.01 -17"><span class='ocrx_word' id='word_1_56' title='bbox 215 1034 428 1106; x_wconf 78' lang='lat' dir='ltr'><strong>placere</strong></span> <span class='ocrx_word' id='word_1_57' title='bbox 472 1047 580 1086; x_wconf 90' lang='lat' dir='ltr'><strong>non</strong></span> <span class='ocrx_word' id='word_1_58' title='bbox 610 1032 837 1103; x_wconf 85' lang='lat' dir='ltr'><strong>possint,</strong></span> <span class='ocrx_word' id='word_1_59' title='bbox 883 1028 976 1083; x_wconf 89' lang='lat' dir='ltr'><strong>sed</strong></span> <span class='ocrx_word' id='word_1_60' title='bbox 1006 1026 1076 1081; x_wconf 88' lang='lat' dir='ltr'><strong>de</strong></span> <span class='ocrx_word' id='word_1_61' title='bbox 1120 1025 1185 1079; x_wconf 86' lang='lat' dir='ltr'><strong>iis</strong></span> <span class='ocrx_word' id='word_1_62' title='bbox 1217 1023 1451 1093; x_wconf 90' lang='lat' dir='ltr'><strong>loquitur</strong></span> <span class='ocrx_word' id='word_1_63' title='bbox 1498 1022 1590 1093; x_wconf 90' lang='lat' dir='ltr'><strong>qui</strong></span> <span class='ocrx_word' id='word_1_64' title='bbox 1620 1020 1820 1075; x_wconf 89' lang='lat' dir='ltr'><strong>nullam</strong></span> 
     </span>
    </p>
   </div>
   <div class='ocr_carea' id='block_1_9' title="bbox 212 1113 1823 1185">
    <p class='ocr_par' dir='ltr' id='par_1_9' title="bbox 212 1113 1823 1185">
     <span class='ocr_line' id='line_1_9' title="bbox 212 1113 1823 1185; baseline -0.009 -4"><span class='ocrx_word' id='word_1_65' title='bbox 212 1124 425 1181; x_wconf 77' lang='lat' dir='ltr'><strong>virtutis</strong></span> <span class='ocrx_word' id='word_1_66' title='bbox 454 1124 715 1178; x_wconf 87' lang='lat' dir='ltr'><strong>rationem</strong></span> <span class='ocrx_word' id='word_1_67' title='bbox 748 1121 970 1185; x_wconf 82' lang='lat' dir='ltr'><strong>habent,</strong></span> <span class='ocrx_word' id='word_1_68' title='bbox 1003 1127 1059 1174; x_wconf 90' lang='lat' dir='ltr'><strong>et</strong></span> <span class='ocrx_word' id='word_1_69' title='bbox 1090 1115 1221 1171; x_wconf 86' lang='lat' dir='ltr'><strong>nihil</strong></span> <span class='ocrx_word' id='word_1_70' title='bbox 1245 1115 1345 1171; x_wconf 89' lang='lat' dir='ltr'><strong>uisi</strong></span> <span class='ocrx_word' id='word_1_71' title='bbox 1371 1114 1585 1169; x_wconf 80' lang='lat' dir='ltr'><strong>carnale</strong></span> <span class='ocrx_word' id='word_1_72' title='bbox 1611 1113 1823 1183; x_wconf 88' lang='lat' dir='ltr'><strong>sapien-</strong></span> 
     </span>
    </p>
   </div>
   <div class='ocr_carea' id='block_1_10' title="bbox 214 1205 1822 1281">
    <p class='ocr_par' dir='ltr' id='par_1_10' title="bbox 214 1205 1822 1281">
     <span class='ocr_line' id='line_1_10' title="bbox 214 1205 1822 1281; baseline -0.009 -9"><span class='ocrx_word' id='word_1_73' title='bbox 214 1230 324 1279; x_wconf 80' lang='lat' dir='ltr'><strong>tes,</strong></span> <span class='ocrx_word' id='word_1_74' title='bbox 356 1214 537 1271; x_wconf 88' lang='lat' dir='ltr'><strong>carnis</strong></span> <span class='ocrx_word' id='word_1_75' title='bbox 595 1214 893 1281; x_wconf 88' lang='lat' dir='ltr'><strong>voluptates</strong></span> <span class='ocrx_word' id='word_1_76' title='bbox 940 1218 1233 1274; x_wconf 88' lang='lat' dir='ltr'><strong>sectantur,</strong></span> <span class='ocrx_word' id='word_1_77' title='bbox 1282 1206 1585 1275; x_wconf 89' lang='lat' dir='ltr'><strong>nullamque</strong></span> <span class='ocrx_word' id='word_1_78' title='bbox 1630 1205 1822 1259; x_wconf 73' lang='lat' dir='ltr'><strong>animze</strong></span> 
     </span>
    </p>
   </div>
   <div class='ocr_carea' id='block_1_11' title="bbox 215 1296 1819 1377">
    <p class='ocr_par' dir='ltr' id='par_1_11' title="bbox 215 1296 1819 1377">
     <span class='ocr_line' id='line_1_11' title="bbox 215 1296 1819 1377; baseline -0.008 -15"><span class='ocrx_word' id='word_1_79' title='bbox 215 1310 551 1377; x_wconf 68' lang='lat' dir='ltr'><strong>incorporea:</strong></span> <span class='ocrx_word' id='word_1_80' title='bbox 580 1315 636 1360; x_wconf 90' lang='lat' dir='ltr'><strong>et</strong></span> <span class='ocrx_word' id='word_1_81' title='bbox 680 1302 970 1373; x_wconf 89' lang='lat' dir='ltr'><strong>spiritualis</strong></span> <span class='ocrx_word' id='word_1_82' title='bbox 1009 1316 1193 1355; x_wconf 91' lang='lat' dir='ltr'><strong>curam</strong></span> <span class='ocrx_word' id='word_1_83' title='bbox 1234 1308 1445 1370; x_wconf 85' lang='lat' dir='ltr'><strong>gerunt.</strong></span> <span class='ocrx_word' id='word_1_84' title='bbox 1488 1297 1670 1367; x_wconf 87' lang='lat' dir='ltr'><strong>Itaque</strong></span> <span class='ocrx_word' id='word_1_85' title='bbox 1699 1296 1819 1365; x_wconf 84' lang='lat' dir='ltr'><strong>quia</strong></span> 
     </span>
    </p>
   </div>
   <div class='ocr_carea' id='block_1_12' title="bbox 215 1391 1820 1464">
    <p class='ocr_par' dir='ltr' id='par_1_12' title="bbox 215 1391 1820 1464">
     <span class='ocr_line' id='line_1_12' title="bbox 215 1391 1820 1464; baseline -0.008 -11"><span class='ocrx_word' id='word_1_86' title='bbox 215 1398 377 1453; x_wconf 90' lang='lat' dir='ltr'><strong>dictis</strong></span> <span class='ocrx_word' id='word_1_87' title='bbox 422 1398 538 1452; x_wconf 83' lang='lat' dir='ltr'><strong>istis</strong></span> <span class='ocrx_word' id='word_1_88' title='bbox 579 1396 753 1451; x_wconf 70' lang='lat' dir='ltr'><strong>divina</strong></span> <span class='ocrx_word' id='word_1_89' title='bbox 799 1394 1073 1464; x_wconf 87' lang='lat' dir='ltr'><strong>Scriptura</strong></span> <span class='ocrx_word' id='word_1_90' title='bbox 1115 1391 1295 1446; x_wconf 89' lang='lat' dir='ltr'><strong>docuit</strong></span> <span class='ocrx_word' id='word_1_91' title='bbox 1334 1404 1433 1444; x_wconf 92' lang='lat' dir='ltr'><strong>nos</strong></span> <span class='ocrx_word' id='word_1_92' title='bbox 1480 1397 1820 1457; x_wconf 79' lang='lat' dir='ltr'><strong>peccatorum</strong></span> 
     </span>
    </p>
   </div>
   <div class='ocr_carea' id='block_1_13' title="bbox 216 1477 1821 1553">
    <p class='ocr_par' dir='ltr' id='par_1_13' title="bbox 216 1477 1821 1553">
     <span class='ocr_line' id='line_1_13' title="bbox 216 1477 1821 1553; baseline -0.007 -9"><span class='ocrx_word' id='word_1_93' title='bbox 216 1490 637 1553; x_wconf 84' lang='lat' dir='ltr'><strong>multitudinem,</strong></span> <span class='ocrx_word' id='word_1_94' title='bbox 666 1486 884 1540; x_wconf 79' lang='lat' dir='ltr'><strong>malitia:</strong></span> <span class='ocrx_word' id='word_1_95' title='bbox 905 1498 1209 1547; x_wconf 79' lang='lat' dir='ltr'><strong>excessum,</strong></span> <span class='ocrx_word' id='word_1_96' title='bbox 1230 1479 1609 1551; x_wconf 76' lang='lat' dir='ltr'><strong>indignationis</strong></span> <span class='ocrx_word' id='word_1_97' title='bbox 1628 1477 1821 1532; x_wconf 82' lang='lat' dir='ltr'><strong>divina:</strong></span> 
     </span>
    </p>
   </div>
   <div class='ocr_carea' id='block_1_14' title="bbox 216 1572 1820 1653">
    <p class='ocr_par' dir='ltr' id='par_1_14' title="bbox 216 1572 1820 1653">
     <span class='ocr_line' id='line_1_14' title="bbox 216 1572 1820 1653; baseline -0.008 -17"><span class='ocrx_word' id='word_1_98' title='bbox 216 1581 666 1653; x_wconf 84' lang='lat' dir='ltr'><strong>magnitudinem,</strong></span> <span class='ocrx_word' id='word_1_99' title='bbox 696 1591 750 1633; x_wconf 89' lang='lat' dir='ltr'><strong>et</strong></span> <span class='ocrx_word' id='word_1_100' title='bbox 776 1577 917 1649; x_wconf 90' lang='lat' dir='ltr'><strong>quod</strong></span> <span class='ocrx_word' id='word_1_101' title='bbox 943 1577 1014 1631; x_wconf 91' lang='lat' dir='ltr'><strong>ob</strong></span> <span class='ocrx_word' id='word_1_102' title='bbox 1042 1574 1278 1630; x_wconf 90' lang='lat' dir='ltr'><strong>studium</strong></span> <span class='ocrx_word' id='word_1_103' title='bbox 1309 1572 1571 1628; x_wconf 88' lang='lat' dir='ltr'><strong>malorum</strong></span> <span class='ocrx_word' id='word_1_104' title='bbox 1597 1586 1820 1641; x_wconf 88' lang='lat' dir='ltr'><strong>operum</strong></span> 
     </span>
    </p>
   </div>
   <div class='ocr_carea' id='block_1_15' title="bbox 212 1664 1825 1743">
    <p class='ocr_par' dir='ltr' id='par_1_15' title="bbox 212 1664 1825 1743">
     <span class='ocr_line' id='line_1_15' title="bbox 212 1664 1825 1743; baseline -0.009 -13"><span class='ocrx_word' id='word_1_105' title='bbox 212 1675 386 1730; x_wconf 84' lang='lat' dir='ltr'><strong>semel</strong></span> <span class='ocrx_word' id='word_1_106' title='bbox 416 1683 577 1743; x_wconf 86' lang='lat' dir='ltr'><strong>atque</strong></span> <span class='ocrx_word' id='word_1_107' title='bbox 608 1672 799 1726; x_wconf 88' lang='lat' dir='ltr'><strong>iterum</strong></span> <span class='ocrx_word' id='word_1_108' title='bbox 845 1684 909 1725; x_wconf 89' lang='lat' dir='ltr'><strong>ac</strong></span> <span class='ocrx_word' id='word_1_109' title='bbox 957 1668 1118 1725; x_wconf 92' lang='lat' dir='ltr'><strong>tertio</strong></span> <span class='ocrx_word' id='word_1_110' title='bbox 1168 1677 1366 1722; x_wconf 82' lang='lat' dir='ltr'><strong>terram</strong></span> <span class='ocrx_word' id='word_1_111' title='bbox 1418 1680 1513 1720; x_wconf 87' lang='lat' dir='ltr'><strong>eos</strong></span> <span class='ocrx_word' id='word_1_112' title='bbox 1556 1664 1646 1735; x_wconf 91' lang='lat' dir='ltr'><strong>qui</strong></span> <span class='ocrx_word' id='word_1_113' title='bbox 1698 1673 1825 1717; x_wconf 91' lang='lat' dir='ltr'><strong>tunc</strong></span> 
     </span>
    </p>
   </div>
   <div class='ocr_carea' id='block_1_16' title="bbox 216 1754 1824 1827">
    <p class='ocr_par' dir='ltr' id='par_1_16' title="bbox 216 1754 1824 1827">
     <span class='ocr_line' id='line_1_16' title="bbox 216 1754 1824 1827; baseline -0.007 -9"><span class='ocrx_word' id='word_1_114' title='bbox 216 1766 473 1819; x_wconf 80' lang='lat' dir='ltr'><strong>vivebant</strong></span> <span class='ocrx_word' id='word_1_115' title='bbox 522 1762 908 1827; x_wconf 84' lang='lat' dir='ltr'><strong>nominaverit,</strong></span> <span class='ocrx_word' id='word_1_116' title='bbox 963 1758 1248 1827; x_wconf 87' lang='lat' dir='ltr'><strong>carnisque</strong></span> <span class='ocrx_word' id='word_1_117' title='bbox 1288 1756 1508 1811; x_wconf 89' lang='lat' dir='ltr'><strong>nomine</strong></span> <span class='ocrx_word' id='word_1_118' title='bbox 1557 1754 1824 1809; x_wconf 85' lang='lat' dir='ltr'><strong>vocaverit</strong></span> 
     </span>
    </p>
   </div>
   <div class='ocr_carea' id='block_1_17' title="bbox 211 1847 1823 1927">
    <p class='ocr_par' dir='ltr' id='par_1_17' title="bbox 211 1847 1823 1927">
     <span class='ocr_line' id='line_1_17' title="bbox 211 1847 1823 1927; baseline -0.009 -14"><span class='ocrx_word' id='word_1_119' title='bbox 211 1856 477 1927; x_wconf 85' lang='lat' dir='ltr'><strong>spoliatos</strong></span> <span class='ocrx_word' id='word_1_120' title='bbox 524 1852 824 1908; x_wconf 74' lang='lat' dir='ltr'><strong>communis</strong></span> <span class='ocrx_word' id='word_1_121' title='bbox 867 1862 1074 1905; x_wconf 70' lang='lat' dir='ltr'><strong>natum.</strong></span> <span class='ocrx_word' id='word_1_122' title='bbox 1117 1847 1416 1904; x_wconf 89' lang='lat' dir='ltr'><strong>vocabulo:</strong></span> <span class='ocrx_word' id='word_1_123' title='bbox 1452 1860 1718 1914; x_wconf 90' lang='lat' dir='ltr'><strong>nuncper</strong></span> <span class='ocrx_word' id='word_1_124' title='bbox 1760 1860 1823 1899; x_wconf 88' lang='lat' dir='ltr'><strong>ea</strong></span> 
     </span>
    </p>
   </div>
   <div class='ocr_carea' id='block_1_18' title="bbox 213 1938 1827 2020">
    <p class='ocr_par' dir='ltr' id='par_1_18' title="bbox 213 1938 1827 2020">
     <span class='ocr_line' id='line_1_18' title="bbox 213 1938 1827 2020; baseline -0.008 -16"><span class='ocrx_word' id='word_1_125' title='bbox 213 1963 340 2020; x_wconf 62' lang='lat' dir='ltr'><strong>quae</strong></span> <span class='ocrx_word' id='word_1_126' title='bbox 364 1946 569 2013; x_wconf 86' lang='lat' dir='ltr'><strong>subdit,</strong></span> <span class='ocrx_word' id='word_1_127' title='bbox 603 1944 924 2000; x_wconf 67' lang='lat' dir='ltr'><strong>ineffabilem</strong></span> <span class='ocrx_word' id='word_1_128' title='bbox 976 1943 1067 1997; x_wconf 89' lang='lat' dir='ltr'><strong>Dei</strong></span> <span class='ocrx_word' id='word_1_129' title='bbox 1097 1939 1540 2004; x_wconf 88' lang='lat' dir='ltr'><strong>misericordiam,</strong></span> <span class='ocrx_word' id='word_1_130' title='bbox 1568 1949 1624 1994; x_wconf 90' lang='lat' dir='ltr'><strong>et</strong></span> <span class='ocrx_word' id='word_1_131' title='bbox 1652 1938 1827 1992; x_wconf 78' lang='lat' dir='ltr'><strong>indul-</strong></span> 
     </span>
    </p>
   </div>
   <div class='ocr_carea' id='block_1_19' title="bbox 213 2028 1823 2110">
    <p class='ocr_par' dir='ltr' id='par_1_19' title="bbox 213 2028 1823 2110">
     <span class='ocr_line' id='line_1_19' title="bbox 213 2028 1823 2110; baseline -0.007 -17"><span class='ocrx_word' id='word_1_132' title='bbox 213 2038 415 2110; x_wconf 79' lang='lat' dir='ltr'><strong>gentia:</strong></span> <span class='ocrx_word' id='word_1_133' title='bbox 442 2038 557 2106; x_wconf 82' lang='lat' dir='ltr'><strong>ejus</strong></span> <span class='ocrx_word' id='word_1_134' title='bbox 587 2034 1006 2105; x_wconf 85' lang='lat' dir='ltr'><strong>magnitudinem</strong></span> <span class='ocrx_word' id='word_1_135' title='bbox 1037 2031 1272 2087; x_wconf 89' lang='lat' dir='ltr'><strong>ostendit</strong></span> <span class='ocrx_word' id='word_1_136' title='bbox 1297 2029 1471 2085; x_wconf 86' lang='lat' dir='ltr'><strong>nobis.</strong></span> <span class='ocrx_word' id='word_1_137' title='bbox 1500 2028 1637 2096; x_wconf 83' lang='lat' dir='ltr'><strong>Quid</strong></span> <span class='ocrx_word' id='word_1_138' title='bbox 1681 2029 1823 2084; x_wconf 91' lang='lat' dir='ltr'><strong>enim</strong></span> 
     </span>
    </p>
   </div>
   <div class='ocr_carea' id='block_1_20' title="bbox 213 2124 1141 2185">
    <p class='ocr_par' dir='ltr' id='par_1_20' title="bbox 213 2124 1141 2185">
     <span class='ocr_line' id='line_1_20' title="bbox 213 2124 1141 2185; baseline -0.01 0"><span class='ocrx_word' id='word_1_139' title='bbox 213 2130 340 2185; x_wconf 75' lang='lat' dir='ltr'><strong>ait?</strong></span> <span class='ocrx_word' id='word_1_140' title='bbox 368 2128 440 2183; x_wconf 82' lang='lat' dir='ltr'><strong>Et</strong></span> <span class='ocrx_word' id='word_1_141' title='bbox 464 2129 595 2182; x_wconf 73' lang='lat' dir='ltr'><strong>dixit</strong></span> <span class='ocrx_word' id='word_1_142' title='bbox 625 2127 868 2181; x_wconf 77' lang='lat' dir='ltr'><strong>Dominus</strong></span> <span class='ocrx_word' id='word_1_143' title='bbox 895 2127 963 2178; x_wconf 88' lang='lat' dir='ltr'><strong>ad</strong></span> <span class='ocrx_word' id='word_1_144' title='bbox 1011 2124 1141 2178; x_wconf 83' lang='lat' dir='ltr'><strong>Noe.</strong></span> 
     </span>
    </p>
   </div>
   <div class='ocr_carea' id='block_1_21' title="bbox 294 2211 1824 2285">
    <p class='ocr_par' dir='ltr' id='par_1_21' title="bbox 294 2211 1824 2285">
     <span class='ocr_line' id='line_1_21' title="bbox 294 2211 1824 2285; baseline -0.005 -10"><span class='ocrx_word' id='word_1_145' title='bbox 294 2222 347 2276; x_wconf 77' lang='lat'><strong>3.</strong></span> <span class='ocrx_word' id='word_1_146' title='bbox 381 2219 517 2274; x_wconf 87' lang='lat' dir='ltr'><strong>Vide</strong></span> <span class='ocrx_word' id='word_1_147' title='bbox 541 2233 802 2273; x_wconf 83' lang='lat' dir='ltr'><strong>summam</strong></span> <span class='ocrx_word' id='word_1_148' title='bbox 833 2217 1148 2271; x_wconf 85' lang='lat' dir='ltr'><strong>bonitatem.</strong></span> <span class='ocrx_word' id='word_1_149' title='bbox 1191 2212 1465 2285; x_wconf 90' lang='lat' dir='ltr'><strong>Siquidem</strong></span> <span class='ocrx_word' id='word_1_150' title='bbox 1489 2214 1635 2282; x_wconf 85' lang='lat' dir='ltr'><strong>justo</strong></span> <span class='ocrx_word' id='word_1_151' title='bbox 1662 2211 1786 2268; x_wconf 86' lang='lat' dir='ltr'><strong>huic</strong></span> <span class='ocrx_word' id='word_1_152' title='bbox 1810 2254 1824 2279; x_wconf 95' lang='lat'><strong>,</strong></span> 
     </span>
    </p>
   </div>
   <div class='ocr_carea' id='block_1_22' title="bbox 216 2307 1825 2374">
    <p class='ocr_par' dir='ltr' id='par_1_22' title="bbox 216 2307 1825 2374">
     <span class='ocr_line' id='line_1_22' title="bbox 216 2307 1825 2374; baseline -0.008 -5"><span class='ocrx_word' id='word_1_153' title='bbox 216 2314 363 2369; x_wconf 79' lang='lat' dir='ltr'><strong>sicut</strong></span> <span class='ocrx_word' id='word_1_154' title='bbox 391 2310 599 2365; x_wconf 88' lang='lat' dir='ltr'><strong>amicus</strong></span> <span class='ocrx_word' id='word_1_155' title='bbox 626 2308 820 2371; x_wconf 89' lang='lat' dir='ltr'><strong>amico,</strong></span> <span class='ocrx_word' id='word_1_156' title='bbox 862 2307 1222 2361; x_wconf 88' lang='lat' dir='ltr'><strong>communicat</strong></span> <span class='ocrx_word' id='word_1_157' title='bbox 1248 2320 1366 2360; x_wconf 91' lang='lat' dir='ltr'><strong>eam</strong></span> <span class='ocrx_word' id='word_1_158' title='bbox 1410 2318 1624 2374; x_wconf 77' lang='lat' dir='ltr'><strong>pmnam</strong></span> <span class='ocrx_word' id='word_1_159' title='bbox 1666 2318 1825 2373; x_wconf 88' lang='lat' dir='ltr'><strong>quam</strong></span> 
     </span>
    </p>
   </div>
   <div class='ocr_carea' id='block_1_23' title="bbox 219 2393 1829 2470">
    <p class='ocr_par' dir='ltr' id='par_1_23' title="bbox 219 2393 1829 2470">
     <span class='ocr_line' id='line_1_23' title="bbox 219 2393 1829 2470; baseline -0.006 -12"><span class='ocrx_word' id='word_1_160' title='bbox 219 2404 461 2458; x_wconf 83' lang='lat' dir='ltr'><strong>humano</strong></span> <span class='ocrx_word' id='word_1_161' title='bbox 485 2398 669 2470; x_wconf 85' lang='lat' dir='ltr'><strong>generi</strong></span> <span class='ocrx_word' id='word_1_162' title='bbox 696 2409 777 2452; x_wconf 89' lang='lat' dir='ltr'><strong>est</strong></span> <span class='ocrx_word' id='word_1_163' title='bbox 801 2399 1178 2463; x_wconf 89' lang='lat' dir='ltr'><strong>intentaturus,</strong></span> <span class='ocrx_word' id='word_1_164' title='bbox 1208 2404 1265 2450; x_wconf 89' lang='lat' dir='ltr'><strong>et</strong></span> <span class='ocrx_word' id='word_1_165' title='bbox 1290 2396 1455 2450; x_wconf 88' lang='lat' dir='ltr'><strong>dicit:</strong></span> <span class='ocrx_word' id='word_1_166' title='bbox 1490 2396 1575 2450; x_wconf 74' lang='lat' dir='ltr'><strong>t5.</strong></span> <span class='ocrx_word' id='word_1_167' title='bbox 1607 2393 1829 2464; x_wconf 87' lang='lat' dir='ltr'><strong>Tempus</strong></span> 
     </span>
    </p>
   </div>
   <div class='ocr_carea' id='block_1_24' title="bbox 217 2488 1831 2557">
    <p class='ocr_par' dir='ltr' id='par_1_24' title="bbox 217 2488 1831 2557">
     <span class='ocr_line' id='line_1_24' title="bbox 217 2488 1831 2557; baseline -0.006 -9"><span class='ocrx_word' id='word_1_168' title='bbox 217 2492 391 2548; x_wconf 82' lang='lat' dir='ltr'><strong>onmis</strong></span> <span class='ocrx_word' id='word_1_169' title='bbox 420 2491 638 2544; x_wconf 88' lang='lat' dir='ltr'><strong>hominis</strong></span> <span class='ocrx_word' id='word_1_170' title='bbox 668 2489 799 2543; x_wconf 81' lang='lat' dir='ltr'><strong>venit</strong></span> <span class='ocrx_word' id='word_1_171' title='bbox 834 2505 1007 2543; x_wconf 87' lang='lat' dir='ltr'><strong>coram</strong></span> <span class='ocrx_word' id='word_1_172' title='bbox 1044 2505 1142 2542; x_wconf 89' lang='lat' dir='ltr'><strong>me.</strong></span> <span class='ocrx_word' id='word_1_173' title='bbox 1175 2488 1310 2555; x_wconf 83' lang='lat' dir='ltr'><strong>Quia</strong></span> <span class='ocrx_word' id='word_1_174' title='bbox 1334 2488 1544 2557; x_wconf 86' lang='lat' dir='ltr'><strong>impleta</strong></span> <span class='ocrx_word' id='word_1_175' title='bbox 1584 2495 1655 2541; x_wconf 90' lang='lat' dir='ltr'><strong>est</strong></span> <span class='ocrx_word' id='word_1_176' title='bbox 1696 2494 1831 2540; x_wconf 84' lang='lat' dir='ltr'><strong>terra</strong></span> 
     </span>
    </p>
   </div>
   <div class='ocr_carea' id='block_1_25' title="bbox 216 2580 1825 2656">
    <p class='ocr_par' dir='ltr' id='par_1_25' title="bbox 216 2580 1825 2656">
     <span class='ocr_line' id='line_1_25' title="bbox 216 2580 1825 2656; baseline -0.004 -18"><span class='ocrx_word' id='word_1_177' title='bbox 216 2585 477 2656; x_wconf 82' lang='lat' dir='ltr'><strong>injustitia</strong></span> <span class='ocrx_word' id='word_1_178' title='bbox 516 2600 580 2637; x_wconf 76' lang='lat' dir='ltr'><strong>ea:</strong></span> <span class='ocrx_word' id='word_1_179' title='bbox 602 2583 725 2636; x_wconf 88' lang='lat' dir='ltr'><strong>illis.</strong></span> <span class='ocrx_word' id='word_1_180' title='bbox 761 2581 827 2636; x_wconf 77' lang='lat' dir='ltr'><strong>Et</strong></span> <span class='ocrx_word' id='word_1_181' title='bbox 871 2598 984 2636; x_wconf 86' lang='lat' dir='ltr'><strong>ecce</strong></span> <span class='ocrx_word' id='word_1_182' title='bbox 1009 2598 1100 2652; x_wconf 86' lang='lat' dir='ltr'><strong>ego</strong></span> <span class='ocrx_word' id='word_1_183' title='bbox 1125 2580 1364 2649; x_wconf 82' lang='lat' dir='ltr'><strong>disperde</strong></span> <span class='ocrx_word' id='word_1_184' title='bbox 1392 2580 1509 2635; x_wconf 91' lang='lat' dir='ltr'><strong>illos</strong></span> <span class='ocrx_word' id='word_1_185' title='bbox 1549 2589 1595 2634; x_wconf 92' lang='lat' dir='ltr'><strong>et</strong></span> <span class='ocrx_word' id='word_1_186' title='bbox 1619 2589 1825 2633; x_wconf 85' lang='lat' dir='ltr'><strong>terram.</strong></span> 
     </span>
    </p>
   </div>
   <div class='ocr_carea' id='block_1_26' title="bbox 217 2670 1831 2744">
    <p class='ocr_par' dir='ltr' id='par_1_26' title="bbox 217 2670 1831 2744">
     <span class='ocr_line' id='line_1_26' title="bbox 217 2670 1831 2744; baseline -0.002 -15"><span class='ocrx_word' id='word_1_187' title='bbox 217 2676 364 2744; x_wconf 86' lang='lat' dir='ltr'><strong>Quid</strong></span> <span class='ocrx_word' id='word_1_188' title='bbox 391 2684 474 2729; x_wconf 86' lang='lat' dir='ltr'><strong>est</strong></span> <span class='ocrx_word' id='word_1_189' title='bbox 498 2716 513 2737; x_wconf 94' lang='lat'><strong>,</strong></span> <span class='ocrx_word' id='word_1_190' title='bbox 541 2672 763 2743; x_wconf 83' lang='lat' dir='ltr'><strong>Tempus</strong></span> <span class='ocrx_word' id='word_1_191' title='bbox 789 2674 953 2727; x_wconf 87' lang='lat' dir='ltr'><strong>omnis</strong></span> <span class='ocrx_word' id='word_1_192' title='bbox 975 2673 1194 2726; x_wconf 76' lang='lat' dir='ltr'><strong>hominis</strong></span> <span class='ocrx_word' id='word_1_193' title='bbox 1220 2672 1349 2726; x_wconf 90' lang='lat' dir='ltr'><strong>venit</strong></span> <span class='ocrx_word' id='word_1_194' title='bbox 1377 2688 1549 2725; x_wconf 90' lang='lat' dir='ltr'><strong>coram</strong></span> <span class='ocrx_word' id='word_1_195' title='bbox 1574 2687 1654 2725; x_wconf 89' lang='lat' dir='ltr'><strong>me</strong></span> <span class='ocrx_word' id='word_1_196' title='bbox 1671 2672 1697 2725; x_wconf 71' lang='grc' dir='ltr'><strong><em>Ρ</em></strong></span> <span class='ocrx_word' id='word_1_197' title='bbox 1724 2670 1831 2725; x_wconf 57' lang='lat' dir='ltr'><strong>Ma.</strong></span> 
     </span>
    </p>
   </div>
   <div class='ocr_carea' id='block_1_27' title="bbox 198 2749 1831 2840">
    <p class='ocr_par' dir='ltr' id='par_1_27' title="bbox 198 2749 1831 2840">
     <span class='ocr_line' id='line_1_27' title="bbox 198 2749 1831 2840; baseline -0.004 -16"><span class='ocrx_word' id='word_1_198' title='bbox 198 2749 409 2840; x_wconf 77' lang='lat' dir='ltr'><strong>gnam,</strong></span> <span class='ocrx_word' id='word_1_199' title='bbox 445 2767 639 2837; x_wconf 87' lang='lat' dir='ltr'><strong>inquit,</strong></span> <span class='ocrx_word' id='word_1_200' title='bbox 679 2766 887 2821; x_wconf 86' lang='lat' dir='ltr'><strong>ostendi</strong></span> <span class='ocrx_word' id='word_1_201' title='bbox 940 2766 1267 2834; x_wconf 85' lang='lat' dir='ltr'><strong>patientiam,</strong></span> <span class='ocrx_word' id='word_1_202' title='bbox 1303 2779 1549 2835; x_wconf 88' lang='lat' dir='ltr'><strong>magnam</strong></span> <span class='ocrx_word' id='word_1_203' title='bbox 1597 2764 1831 2819; x_wconf 86' lang='lat' dir='ltr'><strong>toleran-</strong></span> 
     </span>
    </p>
   </div>
   <div class='ocr_carea' id='block_1_28' title="bbox 220 2856 1833 2928">
    <p class='ocr_par' dir='ltr' id='par_1_28' title="bbox 220 2856 1833 2928">
     <span class='ocr_line' id='line_1_28' title="bbox 220 2856 1833 2928; baseline -0.004 -11"><span class='ocrx_word' id='word_1_204' title='bbox 220 2864 375 2926; x_wconf 77' lang='lat' dir='ltr'><strong>tiam,</strong></span> <span class='ocrx_word' id='word_1_205' title='bbox 430 2859 621 2914; x_wconf 89' lang='lat' dir='ltr'><strong>nolens</strong></span> <span class='ocrx_word' id='word_1_206' title='bbox 670 2858 809 2913; x_wconf 85' lang='lat' dir='ltr'><strong>hanc</strong></span> <span class='ocrx_word' id='word_1_207' title='bbox 857 2856 1057 2913; x_wconf 88' lang='lat' dir='ltr'><strong>inferre</strong></span> <span class='ocrx_word' id='word_1_208' title='bbox 1104 2872 1337 2927; x_wconf 77' lang='lat' dir='ltr'><strong>ptenam,</strong></span> <span class='ocrx_word' id='word_1_209' title='bbox 1384 2871 1542 2928; x_wconf 88' lang='lat' dir='ltr'><strong>quam</strong></span> <span class='ocrx_word' id='word_1_210' title='bbox 1587 2856 1833 2911; x_wconf 87' lang='lat' dir='ltr'><strong>illaturus</strong></span> 
     </span>
    </p>
   </div>
   <div class='ocr_carea' id='block_1_29' title="bbox 219 2948 1834 3019">
    <p class='ocr_par' dir='ltr' id='par_1_29' title="bbox 219 2948 1834 3019">
     <span class='ocr_line' id='line_1_29' title="bbox 219 2948 1834 3019; baseline -0.002 -11"><span class='ocrx_word' id='word_1_211' title='bbox 219 2968 347 3010; x_wconf 87' lang='lat' dir='ltr'><strong>sum</strong></span> <span class='ocrx_word' id='word_1_212' title='bbox 380 2969 392 3005; x_wconf 90' lang='lat'><strong>:</strong></span> <span class='ocrx_word' id='word_1_213' title='bbox 426 2950 522 3005; x_wconf 83' lang='lat' dir='ltr'><strong>sed</strong></span> <span class='ocrx_word' id='word_1_214' title='bbox 551 2949 674 3019; x_wconf 87' lang='lat' dir='ltr'><strong>quia</strong></span> <span class='ocrx_word' id='word_1_215' title='bbox 710 2948 993 3005; x_wconf 89' lang='lat' dir='ltr'><strong>immodica</strong></span> <span class='ocrx_word' id='word_1_216' title='bbox 1027 2958 1366 3018; x_wconf 79' lang='lat' dir='ltr'><strong>poet-almum</strong></span> <span class='ocrx_word' id='word_1_217' title='bbox 1412 2950 1621 3003; x_wconf 90' lang='lat' dir='ltr'><strong>illorum</strong></span> <span class='ocrx_word' id='word_1_218' title='bbox 1654 2950 1834 3004; x_wconf 91' lang='lat' dir='ltr'><strong>multi-</strong></span> 
     </span>
    </p>
   </div>
   <div class='ocr_carea' id='block_1_30' title="bbox 220 3040 1834 3110">
    <p class='ocr_par' dir='ltr' id='par_1_30' title="bbox 220 3040 1834 3110">
     <span class='ocr_line' id='line_1_30' title="bbox 220 3040 1834 3110; baseline -0.001 -12"><span class='ocrx_word' id='word_1_219' title='bbox 220 3042 358 3098; x_wconf 89' lang='lat' dir='ltr'><strong>tudo</strong></span> <span class='ocrx_word' id='word_1_220' title='bbox 384 3042 436 3095; x_wconf 91' lang='lat' dir='ltr'><strong>in</strong></span> <span class='ocrx_word' id='word_1_221' title='bbox 468 3041 571 3094; x_wconf 87' lang='lat' dir='ltr'><strong>hoc</strong></span> <span class='ocrx_word' id='word_1_222' title='bbox 618 3049 828 3110; x_wconf 88' lang='lat' dir='ltr'><strong>tempus</strong></span> <span class='ocrx_word' id='word_1_223' title='bbox 856 3054 950 3095; x_wconf 88' lang='lat' dir='ltr'><strong>eos</strong></span> <span class='ocrx_word' id='word_1_224' title='bbox 978 3040 1220 3104; x_wconf 82' lang='lat' dir='ltr'><strong>adduxit,</strong></span> <span class='ocrx_word' id='word_1_225' title='bbox 1271 3041 1431 3093; x_wconf 85' lang='lat' dir='ltr'><strong>finem</strong></span> <span class='ocrx_word' id='word_1_226' title='bbox 1462 3040 1526 3094; x_wconf 89' lang='lat' dir='ltr'><strong>iis</strong></span> <span class='ocrx_word' id='word_1_227' title='bbox 1556 3040 1834 3109; x_wconf 84' lang='lat' dir='ltr'><strong>imponere</strong></span> 
     </span>
    </p>
   </div>
   <div class='ocr_carea' id='block_1_31' title="bbox 220 3129 1835 3204">
    <p class='ocr_par' dir='ltr' id='par_1_31' title="bbox 220 3129 1835 3204">
     <span class='ocr_line' id='line_1_31' title="bbox 220 3129 1835 3204; baseline -0.002 -14"><span class='ocrx_word' id='word_1_228' title='bbox 220 3142 476 3204; x_wconf 86' lang='lat' dir='ltr'><strong>oportet,</strong></span> <span class='ocrx_word' id='word_1_229' title='bbox 527 3130 872 3200; x_wconf 83' lang='lat' dir='ltr'><strong>exscindique</strong></span> <span class='ocrx_word' id='word_1_230' title='bbox 909 3129 1125 3184; x_wconf 92' lang='lat' dir='ltr'><strong>illorum</strong></span> <span class='ocrx_word' id='word_1_231' title='bbox 1177 3130 1458 3197; x_wconf 89' lang='lat' dir='ltr'><strong>malitiam,</strong></span> <span class='ocrx_word' id='word_1_232' title='bbox 1497 3145 1566 3185; x_wconf 88' lang='lat' dir='ltr'><strong>ne</strong></span> <span class='ocrx_word' id='word_1_233' title='bbox 1609 3130 1835 3186; x_wconf 88' lang='lat' dir='ltr'><strong>ulterius</strong></span> 
     </span>
    </p>
   </div>
   <div class='ocr_carea' id='block_1_32' title="bbox 222 3219 1836 3298">
    <p class='ocr_par' dir='ltr' id='par_1_32' title="bbox 222 3219 1836 3298">
     <span class='ocr_line' id='line_1_32' title="bbox 222 3219 1836 3298; baseline -0.003 -19"><span class='ocrx_word' id='word_1_234' title='bbox 222 3219 893 3298; x_wconf 83' lang='lat' dir='ltr'><strong>progrediatur:Tempus</strong></span> <span class='ocrx_word' id='word_1_235' title='bbox 945 3220 1130 3284; x_wconf 86' lang='lat' dir='ltr'><strong>enim.</strong></span> <span class='ocrx_word' id='word_1_236' title='bbox 1180 3220 1371 3289; x_wconf 87' lang='lat' dir='ltr'><strong>inquit,</strong></span> <span class='ocrx_word' id='word_1_237' title='bbox 1416 3221 1579 3274; x_wconf 89' lang='lat' dir='ltr'><strong>omnis</strong></span> <span class='ocrx_word' id='word_1_238' title='bbox 1620 3221 1836 3275; x_wconf 88' lang='lat' dir='ltr'><strong>hominis</strong></span> 
     </span>
    </p>
   </div>
   <div class='ocr_carea' id='block_1_33' title="bbox 225 3310 1837 3385">
    <p class='ocr_par' dir='ltr' id='par_1_33' title="bbox 225 3310 1837 3385">
     <span class='ocr_line' id='line_1_33' title="bbox 225 3310 1837 3385; baseline -0.004 -11"><span class='ocrx_word' id='word_1_239' title='bbox 225 3320 362 3374; x_wconf 70' lang='lat' dir='ltr'><strong>venit</strong></span> <span class='ocrx_word' id='word_1_240' title='bbox 384 3332 559 3371; x_wconf 90' lang='lat' dir='ltr'><strong>coram</strong></span> <span class='ocrx_word' id='word_1_241' title='bbox 601 3330 679 3368; x_wconf 86' lang='lat' dir='ltr'><strong>me</strong></span> <span class='ocrx_word' id='word_1_242' title='bbox 720 3310 870 3385; x_wconf 81' lang='lat' dir='ltr'><strong>(Gen.</strong></span> <span class='ocrx_word' id='word_1_243' title='bbox 899 3311 953 3367; x_wconf 87' lang='lat'><strong>6.</strong></span> <span class='ocrx_word' id='word_1_244' title='bbox 1000 3310 1077 3383; x_wconf 84' lang='lat'><strong>5).</strong></span> <span class='ocrx_word' id='word_1_245' title='bbox 1108 3311 1242 3367; x_wconf 93' lang='lat' dir='ltr'><strong>Vide</strong></span> <span class='ocrx_word' id='word_1_246' title='bbox 1271 3320 1325 3365; x_wconf 91' lang='lat' dir='ltr'><strong>et</strong></span> <span class='ocrx_word' id='word_1_247' title='bbox 1350 3310 1457 3379; x_wconf 86' lang='lat' dir='ltr'><strong>hic,</strong></span> <span class='ocrx_word' id='word_1_248' title='bbox 1485 3311 1755 3383; x_wconf 89' lang='lat' dir='ltr'><strong>quomodo</strong></span> <span class='ocrx_word' id='word_1_249' title='bbox 1782 3321 1837 3367; x_wconf 93' lang='lat' dir='ltr'><strong>ut</strong></span> 
     </span>
    </p>
   </div>
   <div class='ocr_carea' id='block_1_34' title="bbox 225 3401 1834 3478">
    <p class='ocr_par' dir='ltr' id='par_1_34' title="bbox 225 3401 1834 3478">
     <span class='ocr_line' id='line_1_34' title="bbox 225 3401 1834 3478; baseline -0.004 -13"><span class='ocrx_word' id='word_1_250' title='bbox 225 3408 481 3478; x_wconf 82' lang='lat' dir='ltr'><strong>superius</strong></span> <span class='ocrx_word' id='word_1_251' title='bbox 524 3405 757 3471; x_wconf 86' lang='lat' dir='ltr'><strong>dicebat,</strong></span> <span class='ocrx_word' id='word_1_252' title='bbox 790 3401 1144 3473; x_wconf 69' lang='lat' dir='ltr'><strong>Unusquisque</strong></span> <span class='ocrx_word' id='word_1_253' title='bbox 1192 3404 1402 3474; x_wconf 89' lang='lat' dir='ltr'><strong>cogitat,</strong></span> <span class='ocrx_word' id='word_1_254' title='bbox 1453 3404 1523 3457; x_wconf 90' lang='lat' dir='ltr'><strong>ita</strong></span> <span class='ocrx_word' id='word_1_255' title='bbox 1553 3413 1607 3458; x_wconf 91' lang='lat' dir='ltr'><strong>et</strong></span> <span class='ocrx_word' id='word_1_256' title='bbox 1654 3419 1794 3459; x_wconf 88' lang='lat' dir='ltr'><strong>nunc</strong></span> <span class='ocrx_word' id='word_1_257' title='bbox 1819 3446 1834 3472; x_wconf 94' lang='lat'><strong>,</strong></span> 
     </span>
    </p>
   </div>
   <div class='ocr_carea' id='block_1_35' title="bbox 230 3495 1837 3566">
    <p class='ocr_par' dir='ltr' id='par_1_35' title="bbox 230 3495 1837 3566">
     <span class='ocr_line' id='line_1_35' title="bbox 230 3495 1837 3566; baseline -0.004 -11"><span class='ocrx_word' id='word_1_258' title='bbox 230 3499 415 3555; x_wconf 87' lang='lat' dir='ltr'><strong>Omnis</strong></span> <span class='ocrx_word' id='word_1_259' title='bbox 436 3498 676 3553; x_wconf 84' lang='lat' dir='ltr'><strong>honnnis.</strong></span> <span class='ocrx_word' id='word_1_260' title='bbox 703 3496 903 3551; x_wconf 87' lang='lat' dir='ltr'><strong>Omnes</strong></span> <span class='ocrx_word' id='word_1_261' title='bbox 929 3495 1072 3550; x_wconf 88' lang='lat' dir='ltr'><strong>enim</strong></span> <span class='ocrx_word' id='word_1_262' title='bbox 1104 3497 1466 3558; x_wconf 79' lang='lat' dir='ltr'><strong>causentiunt.</strong></span> <span class='ocrx_word' id='word_1_263' title='bbox 1493 3496 1559 3550; x_wconf 87' lang='lat' dir='ltr'><strong>ad</strong></span> <span class='ocrx_word' id='word_1_264' title='bbox 1584 3496 1837 3566; x_wconf 86' lang='lat' dir='ltr'><strong>iniquita-</strong></span> 
     </span>
    </p>
   </div>
   <div class='ocr_carea' id='block_1_36' title="bbox 228 3586 1837 3659">
    <p class='ocr_par' dir='ltr' id='par_1_36' title="bbox 228 3586 1837 3659">
     <span class='ocr_line' id='line_1_36' title="bbox 228 3586 1837 3659; baseline -0.005 -12"><span class='ocrx_word' id='word_1_265' title='bbox 228 3602 339 3647; x_wconf 82' lang='lat' dir='ltr'><strong>tem</strong></span> <span class='ocrx_word' id='word_1_266' title='bbox 366 3588 794 3659; x_wconf 84' lang='lat' dir='ltr'><strong>transfugerunt,</strong></span> <span class='ocrx_word' id='word_1_267' title='bbox 823 3587 1012 3657; x_wconf 88' lang='lat' dir='ltr'><strong>inquit,</strong></span> <span class='ocrx_word' id='word_1_268' title='bbox 1040 3595 1095 3642; x_wconf 91' lang='lat' dir='ltr'><strong>et</strong></span> <span class='ocrx_word' id='word_1_269' title='bbox 1120 3588 1173 3641; x_wconf 91' lang='lat' dir='ltr'><strong>in</strong></span> <span class='ocrx_word' id='word_1_270' title='bbox 1200 3595 1340 3643; x_wconf 87' lang='lat' dir='ltr'><strong>tanta</strong></span> <span class='ocrx_word' id='word_1_271' title='bbox 1364 3586 1703 3642; x_wconf 89' lang='lat' dir='ltr'><strong>multitudine</strong></span> <span class='ocrx_word' id='word_1_272' title='bbox 1734 3602 1837 3641; x_wconf 90' lang='lat' dir='ltr'><strong>non</strong></span> 
     </span>
    </p>
   </div>
   <div class='ocr_carea' id='block_1_37' title="bbox 231 3679 1840 3753">
    <p class='ocr_par' dir='ltr' id='par_1_37' title="bbox 231 3679 1840 3753">
     <span class='ocr_line' id='line_1_37' title="bbox 231 3679 1840 3753; baseline -0.002 -13"><span class='ocrx_word' id='word_1_273' title='bbox 231 3684 460 3740; x_wconf 81' lang='lat' dir='ltr'><strong>inveniri</strong></span> <span class='ocrx_word' id='word_1_274' title='bbox 508 3691 683 3753; x_wconf 87' lang='lat' dir='ltr'><strong>potest</strong></span> <span class='ocrx_word' id='word_1_275' title='bbox 723 3681 948 3751; x_wconf 86' lang='lat' dir='ltr'><strong>aliquis,</strong></span> <span class='ocrx_word' id='word_1_276' title='bbox 980 3681 1065 3736; x_wconf 89' lang='lat' dir='ltr'><strong>cui</strong></span> <span class='ocrx_word' id='word_1_277' title='bbox 1097 3682 1307 3735; x_wconf 89' lang='lat' dir='ltr'><strong>virtutis</strong></span> <span class='ocrx_word' id='word_1_278' title='bbox 1337 3680 1405 3736; x_wconf 89' lang='lat' dir='ltr'><strong>sit</strong></span> <span class='ocrx_word' id='word_1_279' title='bbox 1435 3696 1582 3737; x_wconf 88' lang='lat' dir='ltr'><strong>cura.</strong></span> <span class='ocrx_word' id='word_1_280' title='bbox 1622 3679 1840 3750; x_wconf 83' lang='lat' dir='ltr'><strong>Tempus</strong></span> 
     </span>
    </p>
   </div>
   <div class='ocr_carea' id='block_1_38' title="bbox 233 3773 1837 3846">
    <p class='ocr_par' dir='ltr' id='par_1_38' title="bbox 233 3773 1837 3846">
     <span class='ocr_line' id='line_1_38' title="bbox 233 3773 1837 3846; baseline -0.003 -13"><span class='ocrx_word' id='word_1_281' title='bbox 233 3780 399 3841; x_wconf 85' lang='lat' dir='ltr'><strong>enim,</strong></span> <span class='ocrx_word' id='word_1_282' title='bbox 429 3776 623 3846; x_wconf 88' lang='lat' dir='ltr'><strong>inquit,</strong></span> <span class='ocrx_word' id='word_1_283' title='bbox 654 3774 819 3830; x_wconf 88' lang='lat' dir='ltr'><strong>omnis</strong></span> <span class='ocrx_word' id='word_1_284' title='bbox 855 3775 1075 3829; x_wconf 83' lang='lat' dir='ltr'><strong>hominis</strong></span> <span class='ocrx_word' id='word_1_285' title='bbox 1101 3775 1231 3827; x_wconf 76' lang='lat' dir='ltr'><strong>venit</strong></span> <span class='ocrx_word' id='word_1_286' title='bbox 1270 3790 1442 3828; x_wconf 89' lang='lat' dir='ltr'><strong>coram</strong></span> <span class='ocrx_word' id='word_1_287' title='bbox 1471 3789 1567 3827; x_wconf 87' lang='lat' dir='ltr'><strong>me.</strong></span> <span class='ocrx_word' id='word_1_288' title='bbox 1599 3773 1837 3845; x_wconf 86' lang='lat' dir='ltr'><strong>Tempus,</strong></span> 
     </span>
    </p>
   </div>
   <div class='ocr_carea' id='block_1_39' title="bbox 236 3864 1844 3936">
    <p class='ocr_par' dir='ltr' id='par_1_39' title="bbox 236 3864 1844 3936">
     <span class='ocr_line' id='line_1_39' title="bbox 236 3864 1844 3936; baseline -0.001 -13"><span class='ocrx_word' id='word_1_289' title='bbox 236 3870 340 3924; x_wconf 91' lang='lat' dir='ltr'><strong>hoc</strong></span> <span class='ocrx_word' id='word_1_290' title='bbox 359 3877 462 3935; x_wconf 87' lang='lat' dir='ltr'><strong>est,</strong></span> <span class='ocrx_word' id='word_1_291' title='bbox 491 3865 711 3922; x_wconf 75' lang='lat' dir='ltr'><strong>advenit</strong></span> <span class='ocrx_word' id='word_1_292' title='bbox 736 3876 945 3936; x_wconf 85' lang='lat' dir='ltr'><strong>tempus</strong></span> <span class='ocrx_word' id='word_1_293' title='bbox 968 3880 1074 3935; x_wconf 92' lang='lat' dir='ltr'><strong>quo</strong></span> <span class='ocrx_word' id='word_1_294' title='bbox 1101 3864 1389 3921; x_wconf 87' lang='lat' dir='ltr'><strong>secandum</strong></span> <span class='ocrx_word' id='word_1_295' title='bbox 1419 3867 1541 3931; x_wconf 90' lang='lat' dir='ltr'><strong>erit,</strong></span> <span class='ocrx_word' id='word_1_296' title='bbox 1570 3874 1625 3921; x_wconf 91' lang='lat' dir='ltr'><strong>et</strong></span> <span class='ocrx_word' id='word_1_297' title='bbox 1650 3866 1844 3922; x_wconf 85' lang='lat' dir='ltr'><strong>ulceris</strong></span> 
     </span>
    </p>
   </div>
   <div class='ocr_carea' id='block_1_40' title="bbox 236 3956 1846 4034">
    <p class='ocr_par' dir='ltr' id='par_1_40' title="bbox 236 3956 1846 4034">
     <span class='ocr_line' id='line_1_40' title="bbox 236 3956 1846 4034; baseline -0.003 -17"><span class='ocrx_word' id='word_1_298' title='bbox 236 3960 477 4034; x_wconf 85' lang='lat' dir='ltr'><strong>repentis</strong></span> <span class='ocrx_word' id='word_1_299' title='bbox 499 3961 582 4016; x_wconf 86' lang='lat' dir='ltr'><strong>vis</strong></span> <span class='ocrx_word' id='word_1_300' title='bbox 606 3957 1016 4030; x_wconf 84' lang='lat' dir='ltr'><strong>compescenda.</strong></span> <span class='ocrx_word' id='word_1_301' title='bbox 1037 3956 1257 4028; x_wconf 83' lang='lat' dir='ltr'><strong>Tempus</strong></span> <span class='ocrx_word' id='word_1_302' title='bbox 1279 3958 1442 4011; x_wconf 88' lang='lat' dir='ltr'><strong>omnis</strong></span> <span class='ocrx_word' id='word_1_303' title='bbox 1470 3958 1687 4013; x_wconf 81' lang='lat' dir='ltr'><strong>hominis</strong></span> <span class='ocrx_word' id='word_1_304' title='bbox 1713 3959 1846 4012; x_wconf 81' lang='lat' dir='ltr'><strong>venit</strong></span> 
     </span>
    </p>
   </div>
   <div class='ocr_carea' id='block_1_41' title="bbox 237 4048 1844 4122">
    <p class='ocr_par' dir='ltr' id='par_1_41' title="bbox 237 4048 1844 4122">
     <span class='ocr_line' id='line_1_41' title="bbox 237 4048 1844 4122; baseline -0.002 -15"><span class='ocrx_word' id='word_1_305' title='bbox 237 4069 413 4109; x_wconf 82' lang='lat' dir='ltr'><strong>coram</strong></span> <span class='ocrx_word' id='word_1_306' title='bbox 441 4069 521 4106; x_wconf 88' lang='lat' dir='ltr'><strong>me</strong></span> <span class='ocrx_word' id='word_1_307' title='bbox 549 4067 568 4106; x_wconf 92' lang='lat'><strong><em>:</em></strong></span> <span class='ocrx_word' id='word_1_308' title='bbox 597 4051 749 4122; x_wconf 90' lang='lat' dir='ltr'><strong>quasi</strong></span> <span class='ocrx_word' id='word_1_309' title='bbox 779 4064 939 4105; x_wconf 89' lang='lat' dir='ltr'><strong>nemo</strong></span> <span class='ocrx_word' id='word_1_310' title='bbox 967 4048 1192 4117; x_wconf 85' lang='lat' dir='ltr'><strong>videret,</strong></span> <span class='ocrx_word' id='word_1_311' title='bbox 1221 4050 1593 4118; x_wconf 88' lang='lat' dir='ltr'><strong>rationemque</strong></span> <span class='ocrx_word' id='word_1_312' title='bbox 1618 4048 1844 4104; x_wconf 86' lang='lat' dir='ltr'><strong>delicto—</strong></span> 
     </span>
    </p>
   </div>
   <div class='ocr_carea' id='block_1_42' title="bbox 240 4138 1846 4211">
    <p class='ocr_par' dir='ltr' id='par_1_42' title="bbox 240 4138 1846 4211">
     <span class='ocr_line' id='line_1_42' title="bbox 240 4138 1846 4211; baseline -0.002 -11"><span class='ocrx_word' id='word_1_313' title='bbox 240 4159 361 4200; x_wconf 86' lang='lat' dir='ltr'><strong>rum</strong></span> <span class='ocrx_word' id='word_1_314' title='bbox 391 4144 458 4198; x_wconf 87' lang='lat' dir='ltr'><strong>ab</strong></span> <span class='ocrx_word' id='word_1_315' title='bbox 484 4142 617 4211; x_wconf 85' lang='lat' dir='ltr'><strong>ipsis</strong></span> <span class='ocrx_word' id='word_1_316' title='bbox 642 4149 933 4196; x_wconf 77' lang='lat' dir='ltr'><strong>exacturus</strong></span> <span class='ocrx_word' id='word_1_317' title='bbox 959 4148 1125 4206; x_wconf 88' lang='lat' dir='ltr'><strong>esset,</strong></span> <span class='ocrx_word' id='word_1_318' title='bbox 1154 4141 1232 4194; x_wconf 87' lang='lat' dir='ltr'><strong>sic</strong></span> <span class='ocrx_word' id='word_1_319' title='bbox 1258 4154 1377 4195; x_wconf 82' lang='lat' dir='ltr'><strong>sese</strong></span> <span class='ocrx_word' id='word_1_320' title='bbox 1405 4138 1561 4194; x_wconf 89' lang='lat' dir='ltr'><strong>malis</strong></span> <span class='ocrx_word' id='word_1_321' title='bbox 1595 4140 1846 4208; x_wconf 86' lang='lat' dir='ltr'><strong>operibus</strong></span> 
     </span>
    </p>
   </div>
   <div class='ocr_carea' id='block_1_43' title="bbox 239 4233 1848 4307">
    <p class='ocr_par' dir='ltr' id='par_1_43' title="bbox 239 4233 1848 4307">
     <span class='ocr_line' id='line_1_43' title="bbox 239 4233 1848 4307; baseline -0.002 -14"><span class='ocrx_word' id='word_1_322' title='bbox 239 4237 655 4307; x_wconf 75' lang='lat' dir='ltr'><strong>manciparent,</strong></span> <span class='ocrx_word' id='word_1_323' title='bbox 702 4250 809 4290; x_wconf 91' lang='lat' dir='ltr'><strong>non</strong></span> <span class='ocrx_word' id='word_1_324' title='bbox 856 4234 1151 4305; x_wconf 84' lang='lat' dir='ltr'><strong>cogitantes</strong></span> <span class='ocrx_word' id='word_1_325' title='bbox 1192 4233 1334 4304; x_wconf 92' lang='lat' dir='ltr'><strong>quod</strong></span> <span class='ocrx_word' id='word_1_326' title='bbox 1374 4248 1459 4287; x_wconf 90' lang='lat' dir='ltr'><strong>me</strong></span> <span class='ocrx_word' id='word_1_327' title='bbox 1502 4233 1634 4289; x_wconf 84' lang='lat' dir='ltr'><strong>nihil</strong></span> <span class='ocrx_word' id='word_1_328' title='bbox 1680 4234 1848 4290; x_wconf 88' lang='lat' dir='ltr'><strong>latere</strong></span> 
     </span>
    </p>
   </div>
   <div class='ocr_carea' id='block_1_44' title="bbox 242 4324 1851 4401">
    <p class='ocr_par' dir='ltr' id='par_1_44' title="bbox 242 4324 1851 4401">
     <span class='ocr_line' id='line_1_44' title="bbox 242 4324 1851 4401; baseline -0.002 -16"><span class='ocrx_word' id='word_1_329' title='bbox 242 4337 427 4401; x_wconf 84' lang='lat' dir='ltr'><strong>queat,</strong></span> <span class='ocrx_word' id='word_1_330' title='bbox 472 4328 563 4398; x_wconf 90' lang='lat' dir='ltr'><strong>qui</strong></span> <span class='ocrx_word' id='word_1_331' title='bbox 589 4327 753 4381; x_wconf 86' lang='lat' dir='ltr'><strong>vitam</strong></span> <span class='ocrx_word' id='word_1_332' title='bbox 798 4326 1136 4397; x_wconf 87' lang='lat' dir='ltr'><strong>animamque</strong></span> <span class='ocrx_word' id='word_1_333' title='bbox 1180 4333 1234 4380; x_wconf 92' lang='lat' dir='ltr'><strong>et</strong></span> <span class='ocrx_word' id='word_1_334' title='bbox 1259 4340 1454 4394; x_wconf 88' lang='lat' dir='ltr'><strong>corpus</strong></span> <span class='ocrx_word' id='word_1_335' title='bbox 1481 4324 1624 4388; x_wconf 89' lang='lat' dir='ltr'><strong>dedi.</strong></span> <span class='ocrx_word' id='word_1_336' title='bbox 1669 4334 1851 4395; x_wconf 89' lang='lat' dir='ltr'><strong>totque</strong></span> 
     </span>
    </p>
   </div>
   <div class='ocr_carea' id='block_1_45' title="bbox 243 4417 1851 4490">
    <p class='ocr_par' dir='ltr' id='par_1_45' title="bbox 243 4417 1851 4490">
     <span class='ocr_line' id='line_1_45' title="bbox 243 4417 1851 4490; baseline -0.004 -12"><span class='ocrx_word' id='word_1_337' title='bbox 243 4422 385 4479; x_wconf 80' lang='lat' dir='ltr'><strong>bona</strong></span> <span class='ocrx_word' id='word_1_338' title='bbox 415 4419 768 4490; x_wconf 82' lang='lat' dir='ltr'><strong>suppeditavi.</strong></span> <span class='ocrx_word' id='word_1_339' title='bbox 801 4417 1023 4489; x_wconf 85' lang='lat' dir='ltr'><strong>Tempus</strong></span> <span class='ocrx_word' id='word_1_340' title='bbox 1069 4418 1227 4488; x_wconf 90' lang='lat' dir='ltr'><strong>igitur</strong></span> <span class='ocrx_word' id='word_1_341' title='bbox 1262 4418 1423 4472; x_wconf 89' lang='lat' dir='ltr'><strong>omnis</strong></span> <span class='ocrx_word' id='word_1_342' title='bbox 1465 4418 1683 4472; x_wconf 84' lang='lat' dir='ltr'><strong>hominis</strong></span> <span class='ocrx_word' id='word_1_343' title='bbox 1720 4420 1851 4473; x_wconf 80' lang='lat' dir='ltr'><strong>venit</strong></span> 
     </span>
    </p>
   </div>
   <div class='ocr_carea' id='block_1_46' title="bbox 244 4506 1855 4580">
    <p class='ocr_par' dir='ltr' id='par_1_46' title="bbox 244 4506 1855 4580">
     <span class='ocr_line' id='line_1_46' title="bbox 244 4506 1855 4580; baseline -0.001 -13"><span class='ocrx_word' id='word_1_344' title='bbox 244 4528 417 4567; x_wconf 86' lang='lat' dir='ltr'><strong>coram</strong></span> <span class='ocrx_word' id='word_1_345' title='bbox 446 4506 541 4565; x_wconf 83' lang='lat' dir='ltr'><strong>me.</strong></span> <span class='ocrx_word' id='word_1_346' title='bbox 581 4511 714 4565; x_wconf 88' lang='lat' dir='ltr'><strong>Dein</strong></span> <span class='ocrx_word' id='word_1_347' title='bbox 740 4509 889 4580; x_wconf 90' lang='lat' dir='ltr'><strong>quasi</strong></span> <span class='ocrx_word' id='word_1_348' title='bbox 920 4507 1307 4576; x_wconf 75' lang='lat' dir='ltr'><strong>satisfacturos,</strong></span> <span class='ocrx_word' id='word_1_349' title='bbox 1338 4510 1706 4579; x_wconf 82' lang='lat' dir='ltr'><strong>ratiOnemque</strong></span> <span class='ocrx_word' id='word_1_350' title='bbox 1733 4511 1855 4565; x_wconf 89' lang='lat' dir='ltr'><strong>red-</strong></span> 
     </span>
    </p>
   </div>
   <div class='ocr_carea' id='block_1_47' title="bbox 246 4601 1855 4674">
    <p class='ocr_par' dir='ltr' id='par_1_47' title="bbox 246 4601 1855 4674">
     <span class='ocr_line' id='line_1_47' title="bbox 246 4601 1855 4674; baseline -0.002 -15"><span class='ocrx_word' id='word_1_351' title='bbox 246 4605 459 4660; x_wconf 82' lang='lat' dir='ltr'><strong>diturus</strong></span> <span class='ocrx_word' id='word_1_352' title='bbox 494 4604 663 4674; x_wconf 83' lang='lat' dir='ltr'><strong>justo,</strong></span> <span class='ocrx_word' id='word_1_353' title='bbox 705 4601 976 4672; x_wconf 89' lang='lat' dir='ltr'><strong>quomodo</strong></span> <span class='ocrx_word' id='word_1_354' title='bbox 1014 4602 1181 4657; x_wconf 91' lang='lat' dir='ltr'><strong>nimia</strong></span> <span class='ocrx_word' id='word_1_355' title='bbox 1231 4609 1569 4670; x_wconf 86' lang='lat' dir='ltr'><strong>peccatorum</strong></span> <span class='ocrx_word' id='word_1_356' title='bbox 1598 4603 1855 4673; x_wconf 83' lang='lat' dir='ltr'><strong>gravitate</strong></span> 
     </span>
    </p>
   </div>
   <div class='ocr_carea' id='block_1_48' title="bbox 246 4694 1854 4764">
    <p class='ocr_par' dir='ltr' id='par_1_48' title="bbox 246 4694 1854 4764">
     <span class='ocr_line' id='line_1_48' title="bbox 246 4694 1854 4764; baseline -0.004 -11"><span class='ocrx_word' id='word_1_357' title='bbox 246 4713 317 4754; x_wconf 77' lang='lat' dir='ltr'><strong>sc</strong></span> <span class='ocrx_word' id='word_1_358' title='bbox 344 4696 689 4753; x_wconf 88' lang='lat' dir='ltr'><strong>multitudine</strong></span> <span class='ocrx_word' id='word_1_359' title='bbox 732 4710 791 4750; x_wconf 89' lang='lat' dir='ltr'><strong>se</strong></span> <span class='ocrx_word' id='word_1_360' title='bbox 821 4694 886 4749; x_wconf 90' lang='lat' dir='ltr'><strong>ad</strong></span> <span class='ocrx_word' id='word_1_361' title='bbox 917 4702 1116 4748; x_wconf 88' lang='lat' dir='ltr'><strong>tantam</strong></span> <span class='ocrx_word' id='word_1_362' title='bbox 1146 4694 1561 4761; x_wconf 64' lang='lat' dir='ltr'><strong>indignationem</strong></span> <span class='ocrx_word' id='word_1_363' title='bbox 1594 4709 1854 4764; x_wconf 84' lang='lat' dir='ltr'><strong>provoca-</strong></span> 
     </span>
    </p>
   </div>
   <div class='ocr_carea' id='block_1_49' title="bbox 249 4787 1856 4858">
    <p class='ocr_par' dir='ltr' id='par_1_49' title="bbox 249 4787 1856 4858">
     <span class='ocr_line' id='line_1_49' title="bbox 249 4787 1856 4858; baseline -0.002 -11"><span class='ocrx_word' id='word_1_364' title='bbox 249 4792 379 4857; x_wconf 84' lang='lat' dir='ltr'><strong>rittt,</strong></span> <span class='ocrx_word' id='word_1_365' title='bbox 408 4792 482 4845; x_wconf 84' lang='lat' dir='ltr'><strong>ait</strong></span> <span class='ocrx_word' id='word_1_366' title='bbox 514 4807 526 4843; x_wconf 91' lang='lat'><strong>:</strong></span> <span class='ocrx_word' id='word_1_367' title='bbox 562 4789 695 4857; x_wconf 71' lang='lat' dir='ltr'><strong>Quir.</strong></span> <span class='ocrx_word' id='word_1_368' title='bbox 720 4787 932 4858; x_wconf 85' lang='lat' dir='ltr'><strong>impleta</strong></span> <span class='ocrx_word' id='word_1_369' title='bbox 956 4798 1027 4842; x_wconf 84' lang='lat' dir='ltr'><strong>est</strong></span> <span class='ocrx_word' id='word_1_370' title='bbox 1054 4798 1186 4842; x_wconf 87' lang='lat' dir='ltr'><strong>terra</strong></span> <span class='ocrx_word' id='word_1_371' title='bbox 1209 4789 1456 4858; x_wconf 86' lang='lat' dir='ltr'><strong>injustilia</strong></span> <span class='ocrx_word' id='word_1_372' title='bbox 1486 4804 1549 4841; x_wconf 68' lang='lat' dir='ltr'><strong>ex</strong></span> <span class='ocrx_word' id='word_1_373' title='bbox 1568 4788 1689 4842; x_wconf 84' lang='lat' dir='ltr'><strong>illis.</strong></span> <span class='ocrx_word' id='word_1_374' title='bbox 1722 4788 1856 4843; x_wconf 81' lang='lat' dir='ltr'><strong>Num</strong></span> 
     </span>
    </p>
   </div>
   <div class='ocr_carea' id='block_1_50' title="bbox 251 4878 1853 4954">
    <p class='ocr_par' dir='ltr' id='par_1_50' title="bbox 251 4878 1853 4954">
     <span class='ocr_line' id='line_1_50' title="bbox 251 4878 1853 4954; baseline -0.007 -15"><span class='ocrx_word' id='word_1_375' title='bbox 251 4882 671 4954; x_wconf 70' lang='lat' dir='ltr'><strong>prmtcrmissum</strong></span> <span class='ocrx_word' id='word_1_376' title='bbox 701 4888 783 4935; x_wconf 88' lang='lat' dir='ltr'><strong>est</strong></span> <span class='ocrx_word' id='word_1_377' title='bbox 802 4879 1023 4948; x_wconf 91' lang='lat' dir='ltr'><strong>aliquid,</strong></span> <span class='ocrx_word' id='word_1_378' title='bbox 1050 4879 1239 4948; x_wconf 86' lang='lat' dir='ltr'><strong>inquit,</strong></span> <span class='ocrx_word' id='word_1_379' title='bbox 1264 4879 1330 4930; x_wconf 87' lang='lat' dir='ltr'><strong>ab</strong></span> <span class='ocrx_word' id='word_1_380' title='bbox 1354 4882 1449 4940; x_wconf 82' lang='lat' dir='ltr'><strong>eis,</strong></span> <span class='ocrx_word' id='word_1_381' title='bbox 1477 4878 1618 4947; x_wconf 88' lang='lat' dir='ltr'><strong>quod</strong></span> <span class='ocrx_word' id='word_1_382' title='bbox 1644 4878 1709 4933; x_wconf 89' lang='lat' dir='ltr'><strong>ad</strong></span> <span class='ocrx_word' id='word_1_383' title='bbox 1734 4894 1853 4949; x_wconf 83' lang='lat' dir='ltr'><strong>pcc-</strong></span> 
     </span>
    </p>
   </div>
   <div class='ocr_carea' id='block_1_51' title="bbox 250 4970 1861 5040">
    <p class='ocr_par' dir='ltr' id='par_1_51' title="bbox 250 4970 1861 5040">
     <span class='ocr_line' id='line_1_51' title="bbox 250 4970 1861 5040; baseline -0.003 -9"><span class='ocrx_word' id='word_1_384' title='bbox 250 4985 429 5031; x_wconf 87' lang='lat' dir='ltr'><strong>catum</strong></span> <span class='ocrx_word' id='word_1_385' title='bbox 458 4971 740 5027; x_wconf 87' lang='lat' dir='ltr'><strong>tenderet?</strong></span> <span class='ocrx_word' id='word_1_386' title='bbox 762 4970 985 5025; x_wconf 83' lang='lat' dir='ltr'><strong>Tantam</strong></span> <span class='ocrx_word' id='word_1_387' title='bbox 1006 4970 1221 5024; x_wconf 81' lang='lat' dir='ltr'><strong>malitiae</strong></span> <span class='ocrx_word' id='word_1_388' title='bbox 1244 4970 1659 5040; x_wconf 86' lang='lat' dir='ltr'><strong>magnitudinem</strong></span> <span class='ocrx_word' id='word_1_389' title='bbox 1680 4971 1861 5027; x_wconf 87' lang='lat' dir='ltr'><strong>videre</strong></span> 
     </span>
    </p>
   </div>
   <div class='ocr_carea' id='block_1_52' title="bbox 257 5062 1860 5133">
    <p class='ocr_par' dir='ltr' id='par_1_52' title="bbox 257 5062 1860 5133">
     <span class='ocr_line' id='line_1_52' title="bbox 257 5062 1860 5133; baseline 0.001 -14"><span class='ocrx_word' id='word_1_390' title='bbox 257 5066 403 5132; x_wconf 81' lang='lat' dir='ltr'><strong>licet,</strong></span> <span class='ocrx_word' id='word_1_391' title='bbox 432 5075 490 5120; x_wconf 93' lang='lat' dir='ltr'><strong>ut</strong></span> <span class='ocrx_word' id='word_1_392' title='bbox 516 5073 568 5119; x_wconf 89' lang='lat' dir='ltr'><strong>et</strong></span> <span class='ocrx_word' id='word_1_393' title='bbox 594 5064 939 5133; x_wconf 83' lang='lat' dir='ltr'><strong>superellluat</strong></span> <span class='ocrx_word' id='word_1_394' title='bbox 978 5072 1032 5118; x_wconf 89' lang='lat' dir='ltr'><strong>et</strong></span> <span class='ocrx_word' id='word_1_395' title='bbox 1060 5062 1314 5127; x_wconf 80' lang='lat' dir='ltr'><strong>exundet,</strong></span> <span class='ocrx_word' id='word_1_396' title='bbox 1347 5074 1618 5133; x_wconf 87' lang='lat' dir='ltr'><strong>totamque</strong></span> <span class='ocrx_word' id='word_1_397' title='bbox 1666 5074 1860 5121; x_wconf 84' lang='lat' dir='ltr'><strong>terram</strong></span> 
     </span>
    </p>
   </div>
   <div class='ocr_carea' id='block_1_53' title="bbox 258 5151 1835 5228">
    <p class='ocr_par' dir='ltr' id='par_1_53' title="bbox 258 5151 1835 5228">
     <span class='ocr_line' id='line_1_53' title="bbox 258 5151 1835 5228; baseline -0.003 -15"><span class='ocrx_word' id='word_1_398' title='bbox 258 5157 479 5228; x_wconf 85' lang='lat' dir='ltr'><strong>impleat</strong></span> <span class='ocrx_word' id='word_1_399' title='bbox 504 5173 517 5209; x_wconf 90' lang='lat'>:</span> <span class='ocrx_word' id='word_1_400' title='bbox 542 5163 823 5225; x_wconf 88' lang='lat' dir='ltr'><strong>pr0pterca</strong></span> <span class='ocrx_word' id='word_1_401' title='bbox 845 5164 899 5209; x_wconf 90' lang='lat' dir='ltr'><strong>et</strong></span> <span class='ocrx_word' id='word_1_402' title='bbox 921 5153 1040 5208; x_wconf 90' lang='lat' dir='ltr'><strong>illos</strong></span> <span class='ocrx_word' id='word_1_403' title='bbox 1063 5151 1336 5222; x_wconf 78' lang='lat' dir='ltr'><strong>diSperdo,</strong></span> <span class='ocrx_word' id='word_1_404' title='bbox 1364 5164 1418 5207; x_wconf 87' lang='lat' dir='ltr'><strong>et</strong></span> <span class='ocrx_word' id='word_1_405' title='bbox 1446 5164 1639 5207; x_wconf 86' lang='lat' dir='ltr'><strong>terram</strong></span> <span class='ocrx_word' id='word_1_406' title='bbox 1670 5154 1835 5222; x_wconf 88' lang='lat' dir='ltr'><strong>ipsam</strong></span> 
     </span>
    </p>
   </div>
   <div class='ocr_carea' id='block_1_54' title="bbox 259 5245 1864 5320">
    <p class='ocr_par' dir='ltr' id='par_1_54' title="bbox 259 5245 1864 5320">
     <span class='ocr_line' id='line_1_54' title="bbox 259 5245 1864 5320; baseline -0.006 -11"><span class='ocrx_word' id='word_1_407' title='bbox 259 5251 414 5316; x_wconf 81' lang='lat' dir='ltr'><strong>Ecce,</strong></span> <span class='ocrx_word' id='word_1_408' title='bbox 444 5251 637 5320; x_wconf 90' lang='lat' dir='ltr'><strong>inquit,</strong></span> <span class='ocrx_word' id='word_1_409' title='bbox 669 5263 760 5319; x_wconf 83' lang='lat' dir='ltr'><strong>ego</strong></span> <span class='ocrx_word' id='word_1_410' title='bbox 784 5246 1023 5317; x_wconf 80' lang='lat' dir='ltr'><strong>disperde</strong></span> <span class='ocrx_word' id='word_1_411' title='bbox 1053 5246 1170 5301; x_wconf 87' lang='lat' dir='ltr'><strong>illos</strong></span> <span class='ocrx_word' id='word_1_412' title='bbox 1194 5256 1239 5300; x_wconf 90' lang='lat' dir='ltr'><strong>et</strong></span> <span class='ocrx_word' id='word_1_413' title='bbox 1269 5256 1473 5299; x_wconf 80' lang='lat' dir='ltr'><strong>terram.</strong></span> <span class='ocrx_word' id='word_1_414' title='bbox 1505 5245 1617 5313; x_wconf 88' lang='lat' dir='ltr'><strong>Qua</strong></span> <span class='ocrx_word' id='word_1_415' title='bbox 1660 5247 1864 5316; x_wconf 63' lang='lat' dir='ltr'><strong>priores</strong></span> 
     </span>
    </p>
   </div>
   <div class='ocr_carea' id='block_1_55' title="bbox 262 5337 1867 5413">
    <p class='ocr_par' dir='ltr' id='par_1_55' title="bbox 262 5337 1867 5413">
     <span class='ocr_line' id='line_1_55' title="bbox 262 5337 1867 5413; baseline -0.003 -16"><span class='ocrx_word' id='word_1_416' title='bbox 262 5343 362 5413; x_wconf 86' lang='lat' dir='ltr'><strong>ipsi</strong></span> <span class='ocrx_word' id='word_1_417' title='bbox 393 5341 551 5396; x_wconf 88' lang='lat' dir='ltr'><strong>malis</strong></span> <span class='ocrx_word' id='word_1_418' title='bbox 579 5338 690 5393; x_wconf 89' lang='lat' dir='ltr'><strong>suis</strong></span> <span class='ocrx_word' id='word_1_419' title='bbox 716 5338 968 5407; x_wconf 85' lang='lat' dir='ltr'><strong>operibus</strong></span> <span class='ocrx_word' id='word_1_420' title='bbox 993 5338 1200 5407; x_wconf 88' lang='lat' dir='ltr'><strong>seipsos</strong></span> <span class='ocrx_word' id='word_1_421' title='bbox 1229 5346 1590 5406; x_wconf 87' lang='lat' dir='ltr'><strong>corruperunt</strong></span> <span class='ocrx_word' id='word_1_422' title='bbox 1619 5356 1630 5391; x_wconf 89' lang='lat'><strong>:</strong></span> <span class='ocrx_word' id='word_1_423' title='bbox 1666 5337 1867 5393; x_wconf 85' lang='lat' dir='ltr'><strong>idcirco</strong></span> 
     </span>
    </p>
   </div>
   <div class='ocr_carea' id='block_1_56' title="bbox 263 5427 1865 5503">
    <p class='ocr_par' dir='ltr' id='par_1_56' title="bbox 263 5427 1865 5503">
     <span class='ocr_line' id='line_1_56' title="bbox 263 5427 1865 5503; baseline -0.004 -16"><span class='ocrx_word' id='word_1_424' title='bbox 263 5432 567 5503; x_wconf 81' lang='lat' dir='ltr'><strong>generalem</strong></span> <span class='ocrx_word' id='word_1_425' title='bbox 616 5429 889 5483; x_wconf 80' lang='lat' dir='ltr'><strong>interitum</strong></span> <span class='ocrx_word' id='word_1_426' title='bbox 942 5428 1209 5490; x_wconf 87' lang='lat' dir='ltr'><strong>inducam,</strong></span> <span class='ocrx_word' id='word_1_427' title='bbox 1254 5427 1550 5496; x_wconf 84' lang='lat' dir='ltr'><strong>deleboque</strong></span> <span class='ocrx_word' id='word_1_428' title='bbox 1586 5428 1729 5496; x_wconf 90' lang='lat' dir='ltr'><strong>ipsos</strong></span> <span class='ocrx_word' id='word_1_429' title='bbox 1773 5443 1865 5497; x_wconf 88' lang='lat' dir='ltr'><strong>pa-</strong></span> 
     </span>
    </p>
   </div>
   <div class='ocr_carea' id='block_1_57' title="bbox 264 5518 1866 5590">
    <p class='ocr_par' dir='ltr' id='par_1_57' title="bbox 264 5518 1866 5590">
     <span class='ocr_line' id='line_1_57' title="bbox 264 5518 1866 5590; baseline -0.004 -12"><span class='ocrx_word' id='word_1_430' title='bbox 264 5523 395 5578; x_wconf 85' lang='lat' dir='ltr'><strong>riter</strong></span> <span class='ocrx_word' id='word_1_431' title='bbox 424 5532 584 5590; x_wconf 88' lang='lat' dir='ltr'><strong>atque</strong></span> <span class='ocrx_word' id='word_1_432' title='bbox 611 5531 827 5585; x_wconf 90' lang='lat' dir='ltr'><strong>terram,</strong></span> <span class='ocrx_word' id='word_1_433' title='bbox 853 5529 909 5572; x_wconf 93' lang='lat' dir='ltr'><strong>ut</strong></span> <span class='ocrx_word' id='word_1_434' title='bbox 933 5519 1299 5589; x_wconf 88' lang='lat' dir='ltr'><strong>purgationem</strong></span> <span class='ocrx_word' id='word_1_435' title='bbox 1331 5518 1554 5587; x_wconf 89' lang='lat' dir='ltr'><strong>accipiat</strong></span> <span class='ocrx_word' id='word_1_436' title='bbox 1578 5526 1739 5585; x_wconf 89' lang='lat' dir='ltr'><strong>terra,</strong></span> <span class='ocrx_word' id='word_1_437' title='bbox 1765 5529 1817 5573; x_wconf 90' lang='lat' dir='ltr'><strong>et</strong></span> <span class='ocrx_word' id='word_1_438' title='bbox 1838 5534 1866 5571; x_wconf 91' lang='lat' dir='ltr'><strong>a</strong></span> 
     </span>
    </p>
   </div>
   <div class='ocr_carea' id='block_1_58' title="bbox 266 5606 1865 5683">
    <p class='ocr_par' dir='ltr' id='par_1_58' title="bbox 266 5606 1865 5683">
     <span class='ocr_line' id='line_1_58' title="bbox 266 5606 1865 5683; baseline -0.003 -14"><span class='ocrx_word' id='word_1_439' title='bbox 266 5624 340 5669; x_wconf 91' lang='lat' dir='ltr'><strong>tot</strong></span> <span class='ocrx_word' id='word_1_440' title='bbox 372 5624 711 5683; x_wconf 85' lang='lat' dir='ltr'><strong>peccatorum</strong></span> <span class='ocrx_word' id='word_1_441' title='bbox 762 5613 982 5667; x_wconf 86' lang='lat' dir='ltr'><strong>maculis</strong></span> <span class='ocrx_word' id='word_1_442' title='bbox 1019 5610 1360 5666; x_wconf 89' lang='lat' dir='ltr'><strong>cmundctur.</strong></span> <span class='ocrx_word' id='word_1_443' title='bbox 1408 5606 1612 5679; x_wconf 85' lang='lat' dir='ltr'><strong>Cogita,</strong></span> <span class='ocrx_word' id='word_1_444' title='bbox 1642 5625 1825 5679; x_wconf 69' lang='lat' dir='ltr'><strong>qumso</strong></span> <span class='ocrx_word' id='word_1_445' title='bbox 1852 5653 1865 5675; x_wconf 91' lang='lat'><strong>,</strong></span> 
     </span>
    </p>
   </div>
   <div class='ocr_carea' id='block_1_59' title="bbox 268 5699 1866 5773">
    <p class='ocr_par' dir='ltr' id='par_1_59' title="bbox 268 5699 1866 5773">
     <span class='ocr_line' id='line_1_59' title="bbox 268 5699 1866 5773; baseline -0.003 -16"><span class='ocrx_word' id='word_1_446' title='bbox 268 5706 410 5773; x_wconf 87' lang='lat' dir='ltr'><strong>quali</strong></span> <span class='ocrx_word' id='word_1_447' title='bbox 447 5712 576 5758; x_wconf 88' lang='lat' dir='ltr'><strong>tunc</strong></span> <span class='ocrx_word' id='word_1_448' title='bbox 605 5702 770 5758; x_wconf 62' lang='lat' dir='ltr'><strong>fuisse</strong></span> <span class='ocrx_word' id='word_1_449' title='bbox 814 5703 992 5756; x_wconf 89' lang='lat' dir='ltr'><strong>animo</strong></span> <span class='ocrx_word' id='word_1_450' title='bbox 1017 5701 1217 5771; x_wconf 87' lang='lat' dir='ltr'><strong>justum</strong></span> <span class='ocrx_word' id='word_1_451' title='bbox 1249 5701 1407 5755; x_wconf 90' lang='lat' dir='ltr'><strong>istum</strong></span> <span class='ocrx_word' id='word_1_452' title='bbox 1452 5699 1738 5755; x_wconf 80' lang='lat' dir='ltr'><strong>verisimile</strong></span> <span class='ocrx_word' id='word_1_453' title='bbox 1766 5709 1866 5762; x_wconf 90' lang='lat' dir='ltr'><strong>est,</strong></span> 
     </span>
    </p>
   </div>
   <div class='ocr_carea' id='block_1_60' title="bbox 266 5790 1868 5850">
    <p class='ocr_par' dir='ltr' id='par_1_60' title="bbox 266 5790 1868 5850">
     <span class='ocr_line' id='line_1_60' title="bbox 266 5790 1868 5850; baseline -0.002 -2"><span class='ocrx_word' id='word_1_454' title='bbox 266 5806 392 5848; x_wconf 85' lang='lat' dir='ltr'><strong>cum</strong></span> <span class='ocrx_word' id='word_1_455' title='bbox 420 5795 535 5850; x_wconf 67' lang='lat' dir='ltr'><strong>tunc</strong></span> <span class='ocrx_word' id='word_1_456' title='bbox 559 5810 587 5849; x_wconf 82' lang='lat' dir='ltr'><strong>a</strong></span> <span class='ocrx_word' id='word_1_457' title='bbox 621 5794 845 5850; x_wconf 90' lang='lat' dir='ltr'><strong>Domino</strong></span> <span class='ocrx_word' id='word_1_458' title='bbox 883 5792 1121 5849; x_wconf 87' lang='lat' dir='ltr'><strong>audiret?</strong></span> <span class='ocrx_word' id='word_1_459' title='bbox 1150 5791 1283 5847; x_wconf 85' lang='lat' dir='ltr'><strong>Nam</strong></span> <span class='ocrx_word' id='word_1_460' title='bbox 1327 5792 1449 5848; x_wconf 84' lang='lat' dir='ltr'><strong>licet</strong></span> <span class='ocrx_word' id='word_1_461' title='bbox 1478 5790 1657 5847; x_wconf 77' lang='lat' dir='ltr'><strong>multa:</strong></span> <span class='ocrx_word' id='word_1_462' title='bbox 1699 5790 1868 5847; x_wconf 81' lang='lat' dir='ltr'><strong>virtu-</strong></span> 
     </span>
    </p>
   </div>
   <div class='ocr_carea' id='block_1_61' title="bbox 1326 352 2524 416">
    <p class='ocr_par' dir='ltr' id='par_1_61' title="bbox 1326 352 2524 416">
     <span class='ocr_line' id='line_1_61' title="bbox 1326 352 2524 416; baseline -0.008 0"><span class='ocrx_word' id='word_1_463' title='bbox 1326 359 1395 416; x_wconf 81' lang='grc' dir='ltr'><strong>ΙΝ</strong></span> <span class='ocrx_word' id='word_1_464' title='bbox 1433 358 1585 415; x_wconf 80' lang='lat' dir='ltr'><strong>CAP.</strong></span> <span class='ocrx_word' id='word_1_465' title='bbox 1631 353 1718 410; x_wconf 79' lang='lat' dir='ltr'><strong>Vl.</strong></span> <span class='ocrx_word' id='word_1_466' title='bbox 1762 353 2009 411; x_wconf 78' lang='lat' dir='ltr'><strong>GENES.</strong></span> <span class='ocrx_word' id='word_1_467' title='bbox 2054 352 2286 409; x_wconf 76' lang='lat' dir='ltr'><strong>HOMIL.</strong></span> <span class='ocrx_word' id='word_1_468' title='bbox 2330 353 2524 409; x_wconf 75' lang='lat' dir='ltr'><strong>XXIV.</strong></span> 
     </span>
    </p>
   </div>
   <div class='ocr_carea' id='block_1_62' title="bbox 3436 360 3540 413">
    <p class='ocr_par' dir='ltr' id='par_1_62' title="bbox 3436 360 3540 413">
     <span class='ocr_line' id='line_1_62' title="bbox 3436 360 3540 413; baseline 0 -1"><span class='ocrx_word' id='word_1_469' title='bbox 3436 360 3540 413; x_wconf 70' lang='grc' dir='ltr'><strong>ειη</strong></span> 
     </span>
    </p>
   </div>
   <div class='ocr_carea' id='block_1_63' title="bbox 1937 467 3542 548">
    <p class='ocr_par' dir='ltr' id='par_1_63' title="bbox 1937 467 3542 548">
     <span class='ocr_line' id='line_1_63' title="bbox 1937 467 3542 548; baseline 0.007 -29"><span class='ocrx_word' id='word_1_470' title='bbox 1937 468 2003 521; x_wconf 92' lang='lat' dir='ltr'><strong>tis</strong></span> <span class='ocrx_word' id='word_1_471' title='bbox 2034 467 2132 522; x_wconf 84' lang='lat' dir='ltr'><strong>sibi</strong></span> <span class='ocrx_word' id='word_1_472' title='bbox 2164 467 2409 523; x_wconf 77' lang='lat' dir='ltr'><strong>conscius</strong></span> <span class='ocrx_word' id='word_1_473' title='bbox 2433 476 2610 533; x_wconf 81' lang='lat' dir='ltr'><strong>esset,</strong></span> <span class='ocrx_word' id='word_1_474' title='bbox 2646 482 2750 522; x_wconf 90' lang='lat' dir='ltr'><strong>non</strong></span> <span class='ocrx_word' id='word_1_475' title='bbox 2772 480 2952 525; x_wconf 88' lang='lat' dir='ltr'><strong>tamen</strong></span> <span class='ocrx_word' id='word_1_476' title='bbox 2986 468 3193 539; x_wconf 85' lang='lat' dir='ltr'><strong>absque</strong></span> <span class='ocrx_word' id='word_1_477' title='bbox 3214 472 3403 528; x_wconf 82' lang='lat' dir='ltr'><strong>dolore</strong></span> <span class='ocrx_word' id='word_1_478' title='bbox 3426 494 3542 548; x_wconf 78' lang='lat' dir='ltr'><strong>qua:</strong></span> 
     </span>
    </p>
   </div>
   <div class='ocr_carea' id='block_1_64' title="bbox 1923 558 3542 636">
    <p class='ocr_par' dir='ltr' id='par_1_64' title="bbox 1923 558 3542 636">
     <span class='ocr_line' id='line_1_64' title="bbox 1923 558 3542 636; baseline 0.007 -24"><span class='ocrx_word' id='word_1_479' title='bbox 1923 559 2234 614; x_wconf 88' lang='lat' dir='ltr'><strong>dicebautur</strong></span> <span class='ocrx_word' id='word_1_480' title='bbox 2271 561 2497 629; x_wconf 83' lang='lat' dir='ltr'><strong>accepit.</strong></span> <span class='ocrx_word' id='word_1_481' title='bbox 2548 558 2628 614; x_wconf 84' lang='lat' dir='ltr'><strong>Ad</strong></span> <span class='ocrx_word' id='word_1_482' title='bbox 2655 560 2994 616; x_wconf 89' lang='lat' dir='ltr'><strong>dilectionem</strong></span> <span class='ocrx_word' id='word_1_483' title='bbox 3042 567 3185 617; x_wconf 87' lang='lat' dir='ltr'><strong>enim</strong></span> <span class='ocrx_word' id='word_1_484' title='bbox 3216 582 3542 636; x_wconf 86' lang='lat' dir='ltr'><strong>propensum</strong></span> 
     </span>
    </p>
   </div>
   <div class='ocr_carea' id='block_1_65' title="bbox 1922 650 3540 729">
    <p class='ocr_par' dir='ltr' id='par_1_65' title="bbox 1922 650 3540 729">
     <span class='ocr_line' id='line_1_65' title="bbox 1922 650 3540 729; baseline 0.007 -26"><span class='ocrx_word' id='word_1_485' title='bbox 1922 660 2004 703; x_wconf 87' lang='lat' dir='ltr'><strong>est</strong></span> <span class='ocrx_word' id='word_1_486' title='bbox 2051 654 2315 718; x_wconf 87' lang='lat' dir='ltr'><strong>justorum</strong></span> <span class='ocrx_word' id='word_1_487' title='bbox 2345 666 2512 720; x_wconf 85' lang='lat' dir='ltr'><strong>genus</strong></span> <span class='ocrx_word' id='word_1_488' title='bbox 2534 692 2549 716; x_wconf 96' lang='lat'><strong>,</strong></span> <span class='ocrx_word' id='word_1_489' title='bbox 2577 663 2633 705; x_wconf 92' lang='lat' dir='ltr'><strong>et</strong></span> <span class='ocrx_word' id='word_1_490' title='bbox 2660 667 2756 721; x_wconf 90' lang='lat' dir='ltr'><strong>pro</strong></span> <span class='ocrx_word' id='word_1_491' title='bbox 2780 650 3007 705; x_wconf 88' lang='lat' dir='ltr'><strong>aliorum</strong></span> <span class='ocrx_word' id='word_1_492' title='bbox 3047 656 3360 726; x_wconf 85' lang='lat' dir='ltr'><strong>salutejnsti</strong></span> <span class='ocrx_word' id='word_1_493' title='bbox 3390 677 3540 729; x_wconf 73' lang='lat' dir='ltr'><strong>qua:-</strong></span> 
     </span>
    </p>
   </div>
   <div class='ocr_carea' id='block_1_66' title="bbox 1924 740 3543 818">
    <p class='ocr_par' dir='ltr' id='par_1_66' title="bbox 1924 740 3543 818">
     <span class='ocr_line' id='line_1_66' title="bbox 1924 740 3543 818; baseline 0.009 -27"><span class='ocrx_word' id='word_1_494' title='bbox 1924 754 2027 807; x_wconf 91' lang='lat' dir='ltr'><strong>que</strong></span> <span class='ocrx_word' id='word_1_495' title='bbox 2052 740 2279 794; x_wconf 87' lang='lat' dir='ltr'><strong>libenter</strong></span> <span class='ocrx_word' id='word_1_496' title='bbox 2326 742 2542 795; x_wconf 86' lang='lat' dir='ltr'><strong>ferenda</strong></span> <span class='ocrx_word' id='word_1_497' title='bbox 2571 743 2929 812; x_wconf 83' lang='lat' dir='ltr'><strong>susciperent.</strong></span> <span class='ocrx_word' id='word_1_498' title='bbox 2982 745 3100 812; x_wconf 85' lang='lat' dir='ltr'><strong>Quo</strong></span> <span class='ocrx_word' id='word_1_499' title='bbox 3166 749 3323 818; x_wconf 87' lang='lat' dir='ltr'><strong>igitur</strong></span> <span class='ocrx_word' id='word_1_500' title='bbox 3348 751 3543 806; x_wconf 83' lang='lat' dir='ltr'><strong>all‘ectu</strong></span> 
     </span>
    </p>
   </div>
   <div class='ocr_carea' id='block_1_67' title="bbox 1925 822 3543 906">
    <p class='ocr_par' dir='ltr' id='par_1_67' title="bbox 1925 822 3543 906">
     <span class='ocr_line' id='line_1_67' title="bbox 1925 822 3543 906; baseline 0.008 -21"><span class='ocrx_word' id='word_1_501' title='bbox 1925 830 2087 887; x_wconf 81' lang='lat' dir='ltr'><strong>fuisse</strong></span> <span class='ocrx_word' id='word_1_502' title='bbox 2132 832 2423 887; x_wconf 88' lang='lat' dir='ltr'><strong>verisimile</strong></span> <span class='ocrx_word' id='word_1_503' title='bbox 2471 845 2551 888; x_wconf 90' lang='lat' dir='ltr'><strong>est</strong></span> <span class='ocrx_word' id='word_1_504' title='bbox 2584 822 2846 890; x_wconf 76' lang='lat' dir='ltr'><strong>eximium</strong></span> <span class='ocrx_word' id='word_1_505' title='bbox 2894 837 3039 891; x_wconf 87' lang='lat' dir='ltr'><strong>illum</strong></span> <span class='ocrx_word' id='word_1_506' title='bbox 3084 841 3295 906; x_wconf 86' lang='lat' dir='ltr'><strong>virum,</strong></span> <span class='ocrx_word' id='word_1_507' title='bbox 3346 845 3543 898; x_wconf 88' lang='lat' dir='ltr'><strong>cumin</strong></span> 
     </span>
    </p>
   </div>
   <div class='ocr_carea' id='block_1_68' title="bbox 1942 928 3538 1004">
    <p class='ocr_par' dir='ltr' id='par_1_68' title="bbox 1942 928 3538 1004">
     <span class='ocr_line' id='line_1_68' title="bbox 1942 928 3538 1004; baseline 0.008 -26"><span class='ocrx_word' id='word_1_508' title='bbox 1942 939 2123 979; x_wconf 86' lang='lat' dir='ltr'><strong>men&#39;e</strong></span> <span class='ocrx_word' id='word_1_509' title='bbox 2152 940 2245 980; x_wconf 89' lang='lat' dir='ltr'><strong>sua</strong></span> <span class='ocrx_word' id='word_1_510' title='bbox 2273 928 2510 980; x_wconf 86' lang='lat' dir='ltr'><strong>omnium</strong></span> <span class='ocrx_word' id='word_1_511' title='bbox 2540 928 2811 982; x_wconf 88' lang='lat' dir='ltr'><strong>interitum</strong></span> <span class='ocrx_word' id='word_1_512' title='bbox 2857 939 2911 984; x_wconf 93' lang='lat' dir='ltr'><strong>et</strong></span> <span class='ocrx_word' id='word_1_513' title='bbox 2946 931 3109 985; x_wconf 88' lang='lat' dir='ltr'><strong>totius</strong></span> <span class='ocrx_word' id='word_1_514' title='bbox 3136 942 3341 988; x_wconf 75' lang='lat' dir='ltr'><strong>natura:</strong></span> <span class='ocrx_word' id='word_1_515' title='bbox 3362 939 3538 1004; x_wconf 83' lang='lat' dir='ltr'><strong>perni-</strong></span> 
     </span>
    </p>
   </div>
   <div class='ocr_carea' id='block_1_69' title="bbox 1925 1016 3543 1093">
    <p class='ocr_par' dir='ltr' id='par_1_69' title="bbox 1925 1016 3543 1093">
     <span class='ocr_line' id='line_1_69' title="bbox 1925 1016 3543 1093; baseline 0.007 -24"><span class='ocrx_word' id='word_1_516' title='bbox 1925 1016 2061 1070; x_wconf 90' lang='lat' dir='ltr'><strong>ciem</strong></span> <span class='ocrx_word' id='word_1_517' title='bbox 2109 1027 2378 1083; x_wconf 89' lang='lat' dir='ltr'><strong>versaret,</strong></span> <span class='ocrx_word' id='word_1_518' title='bbox 2424 1028 2479 1073; x_wconf 89' lang='lat' dir='ltr'><strong>et</strong></span> <span class='ocrx_word' id='word_1_519' title='bbox 2519 1019 2759 1073; x_wconf 82' lang='lat' dir='ltr'><strong>fortassis</strong></span> <span class='ocrx_word' id='word_1_520' title='bbox 2800 1034 2897 1075; x_wconf 90' lang='lat' dir='ltr'><strong>nec</strong></span> <span class='ocrx_word' id='word_1_521' title='bbox 2947 1021 3047 1075; x_wconf 88' lang='lat' dir='ltr'><strong>sibi</strong></span> <span class='ocrx_word' id='word_1_522' title='bbox 3103 1023 3202 1091; x_wconf 86' lang='lat' dir='ltr'><strong>ipsi</strong></span> <span class='ocrx_word' id='word_1_523' title='bbox 3248 1024 3543 1093; x_wconf 89' lang='lat' dir='ltr'><strong>jucundum</strong></span> 
     </span>
    </p>
   </div>
   <div class='ocr_carea' id='block_1_70' title="bbox 1924 1107 3547 1183">
    <p class='ocr_par' dir='ltr' id='par_1_70' title="bbox 1924 1107 3547 1183">
     <span class='ocr_line' id='line_1_70' title="bbox 1924 1107 3547 1183; baseline 0.007 -23"><span class='ocrx_word' id='word_1_524' title='bbox 1924 1107 2196 1177; x_wconf 86' lang='lat' dir='ltr'><strong>quidpiam</strong></span> <span class='ocrx_word' id='word_1_525' title='bbox 2224 1108 2604 1178; x_wconf 81' lang='lat' dir='ltr'><strong>pollicorctur?</strong></span> <span class='ocrx_word' id='word_1_526' title='bbox 2626 1110 2871 1165; x_wconf 81' lang='lat' dir='ltr'><strong>Nondum</strong></span> <span class='ocrx_word' id='word_1_527' title='bbox 2902 1113 3044 1167; x_wconf 88' lang='lat' dir='ltr'><strong>enim</strong></span> <span class='ocrx_word' id='word_1_528' title='bbox 3071 1112 3325 1183; x_wconf 79' lang='lat' dir='ltr'><strong>quiddam</strong></span> <span class='ocrx_word' id='word_1_529' title='bbox 3355 1115 3419 1170; x_wconf 86' lang='lat' dir='ltr'><strong>de</strong></span> <span class='ocrx_word' id='word_1_530' title='bbox 3443 1116 3547 1172; x_wconf 81' lang='lat' dir='ltr'><strong>hac</strong></span> 
     </span>
    </p>
   </div>
   <div class='ocr_carea' id='block_1_71' title="bbox 1926 1201 3544 1273">
    <p class='ocr_par' dir='ltr' id='par_1_71' title="bbox 1926 1201 3544 1273">
     <span class='ocr_line' id='line_1_71' title="bbox 1926 1201 3544 1273; baseline 0.004 -18"><span class='ocrx_word' id='word_1_531' title='bbox 1926 1216 1984 1255; x_wconf 91' lang='lat' dir='ltr'><strong>re</strong></span> <span class='ocrx_word' id='word_1_532' title='bbox 2004 1209 2335 1271; x_wconf 87' lang='lat' dir='ltr'><strong>compertum</strong></span> <span class='ocrx_word' id='word_1_533' title='bbox 2359 1201 2613 1257; x_wconf 88' lang='lat' dir='ltr'><strong>habebat.</strong></span> <span class='ocrx_word' id='word_1_534' title='bbox 2629 1202 2691 1257; x_wconf 88' lang='lat' dir='ltr'><strong>Ut</strong></span> <span class='ocrx_word' id='word_1_535' title='bbox 2709 1204 2867 1273; x_wconf 87' lang='lat' dir='ltr'><strong>igitur</strong></span> <span class='ocrx_word' id='word_1_536' title='bbox 2889 1214 3068 1259; x_wconf 88' lang='lat' dir='ltr'><strong>mente</strong></span> <span class='ocrx_word' id='word_1_537' title='bbox 3085 1221 3188 1259; x_wconf 91' lang='lat' dir='ltr'><strong>non</strong></span> <span class='ocrx_word' id='word_1_538' title='bbox 3219 1207 3544 1271; x_wconf 83' lang='lat' dir='ltr'><strong>turbaretur,</strong></span> 
     </span>
    </p>
   </div>
   <div class='ocr_carea' id='block_1_72' title="bbox 1925 1293 3546 1364">
    <p class='ocr_par' dir='ltr' id='par_1_72' title="bbox 1925 1293 3546 1364">
     <span class='ocr_line' id='line_1_72' title="bbox 1925 1293 3546 1364; baseline 0.003 -16"><span class='ocrx_word' id='word_1_539' title='bbox 1925 1293 2018 1348; x_wconf 86' lang='lat' dir='ltr'><strong>sed</strong></span> <span class='ocrx_word' id='word_1_540' title='bbox 2045 1308 2259 1363; x_wconf 84' lang='lat' dir='ltr'><strong>parvam</strong></span> <span class='ocrx_word' id='word_1_541' title='bbox 2283 1293 2569 1364; x_wconf 87' lang='lat' dir='ltr'><strong>quamdam</strong></span> <span class='ocrx_word' id='word_1_542' title='bbox 2595 1297 3014 1351; x_wconf 87' lang='lat' dir='ltr'><strong>consolationem</strong></span> <span class='ocrx_word' id='word_1_543' title='bbox 3039 1297 3089 1352; x_wconf 92' lang='lat' dir='ltr'><strong>in</strong></span> <span class='ocrx_word' id='word_1_544' title='bbox 3120 1306 3262 1353; x_wconf 90' lang='lat' dir='ltr'><strong>tanta</strong></span> <span class='ocrx_word' id='word_1_545' title='bbox 3298 1301 3546 1355; x_wconf 74' lang='lat' dir='ltr'><strong>mteroris</strong></span> 
     </span>
    </p>
   </div>
   <div class='ocr_carea' id='block_1_73' title="bbox 1925 1383 3546 1459">
    <p class='ocr_par' dir='ltr' id='par_1_73' title="bbox 1925 1383 3546 1459">
     <span class='ocr_line' id='line_1_73' title="bbox 1925 1383 3546 1459; baseline 0.003 -21"><span class='ocrx_word' id='word_1_546' title='bbox 1925 1383 2291 1453; x_wconf 88' lang='lat' dir='ltr'><strong>magnitudine</strong></span> <span class='ocrx_word' id='word_1_547' title='bbox 2332 1386 2579 1455; x_wconf 86' lang='lat' dir='ltr'><strong>accipere</strong></span> <span class='ocrx_word' id='word_1_548' title='bbox 2626 1396 2844 1455; x_wconf 90' lang='lat' dir='ltr'><strong>posset,</strong></span> <span class='ocrx_word' id='word_1_549' title='bbox 2887 1398 3166 1459; x_wconf 86' lang='lat' dir='ltr'><strong>postquam</strong></span> <span class='ocrx_word' id='word_1_550' title='bbox 3216 1389 3396 1445; x_wconf 89' lang='lat' dir='ltr'><strong>docuit</strong></span> <span class='ocrx_word' id='word_1_551' title='bbox 3424 1405 3546 1446; x_wconf 90' lang='lat' dir='ltr'><strong>eum</strong></span> 
     </span>
    </p>
   </div>
   <div class='ocr_carea' id='block_1_74' title="bbox 1926 1475 3539 1552">
    <p class='ocr_par' dir='ltr' id='par_1_74' title="bbox 1926 1475 3539 1552">
     <span class='ocr_line' id='line_1_74' title="bbox 1926 1475 3539 1552; baseline 0.003 -24"><span class='ocrx_word' id='word_1_552' title='bbox 1926 1475 2142 1531; x_wconf 76' lang='lat' dir='ltr'><strong>malitia:</strong></span> <span class='ocrx_word' id='word_1_553' title='bbox 2173 1476 2382 1531; x_wconf 93' lang='lat' dir='ltr'><strong>illorum</strong></span> <span class='ocrx_word' id='word_1_554' title='bbox 2410 1479 2744 1547; x_wconf 86' lang='lat' dir='ltr'><strong>gravitatem,</strong></span> <span class='ocrx_word' id='word_1_555' title='bbox 2767 1494 2829 1533; x_wconf 91' lang='lat' dir='ltr'><strong>ac</strong></span> <span class='ocrx_word' id='word_1_556' title='bbox 2860 1488 3070 1550; x_wconf 89' lang='lat' dir='ltr'><strong>tempus</strong></span> <span class='ocrx_word' id='word_1_557' title='bbox 3107 1496 3322 1550; x_wconf 82' lang='lat' dir='ltr'><strong>urgere,</strong></span> <span class='ocrx_word' id='word_1_558' title='bbox 3349 1492 3405 1536; x_wconf 93' lang='lat' dir='ltr'><strong>ut</strong></span> <span class='ocrx_word' id='word_1_559' title='bbox 3424 1499 3539 1552; x_wconf 71' lang='lat' dir='ltr'><strong>pro.</strong></span> 
     </span>
    </p>
   </div>
   <div class='ocr_carea' id='block_1_75' title="bbox 1928 1566 3546 1645">
    <p class='ocr_par' dir='ltr' id='par_1_75' title="bbox 1928 1566 3546 1645">
     <span class='ocr_line' id='line_1_75' title="bbox 1928 1566 3546 1645; baseline 0.006 -24"><span class='ocrx_word' id='word_1_560' title='bbox 1928 1566 2090 1622; x_wconf 77' lang='lat' dir='ltr'><strong>futida</strong></span> <span class='ocrx_word' id='word_1_561' title='bbox 2122 1568 2195 1623; x_wconf 89' lang='lat' dir='ltr'><strong>illi</strong></span> <span class='ocrx_word' id='word_1_562' title='bbox 2237 1569 2480 1625; x_wconf 88' lang='lat' dir='ltr'><strong>sectione</strong></span> <span class='ocrx_word' id='word_1_563' title='bbox 2504 1570 2839 1638; x_wconf 89' lang='lat' dir='ltr'><strong>incidantur,</strong></span> <span class='ocrx_word' id='word_1_564' title='bbox 2867 1572 2991 1627; x_wconf 91' lang='lat' dir='ltr'><strong>dicit</strong></span> <span class='ocrx_word' id='word_1_565' title='bbox 3033 1573 3083 1628; x_wconf 85' lang='lat' dir='ltr'><strong>ei</strong></span> <span class='ocrx_word' id='word_1_566' title='bbox 3119 1592 3131 1627; x_wconf 95' lang='lat'><strong>:</strong></span> <span class='ocrx_word' id='word_1_567' title='bbox 3162 1573 3286 1630; x_wconf 85' lang='lat' dir='ltr'><strong>illos</strong></span> <span class='ocrx_word' id='word_1_568' title='bbox 3330 1575 3546 1645; x_wconf 86' lang='lat' dir='ltr'><strong>quidem</strong></span> 
     </span>
    </p>
   </div>
   <div class='ocr_carea' id='block_1_76' title="bbox 1926 1658 3552 1737">
    <p class='ocr_par' dir='ltr' id='par_1_76' title="bbox 1926 1658 3552 1737">
     <span class='ocr_line' id='line_1_76' title="bbox 1926 1658 3552 1737; baseline 0.004 -24"><span class='ocrx_word' id='word_1_569' title='bbox 1926 1658 2227 1714; x_wconf 83' lang='lat' dir='ltr'><strong>conm‘lunis</strong></span> <span class='ocrx_word' id='word_1_570' title='bbox 2257 1660 2521 1730; x_wconf 89' lang='lat' dir='ltr'><strong>pernicies</strong></span> <span class='ocrx_word' id='word_1_571' title='bbox 2542 1661 2771 1731; x_wconf 77' lang='lat' dir='ltr'><strong>excipiet</strong></span> <span class='ocrx_word' id='word_1_572' title='bbox 2802 1682 2814 1717; x_wconf 87' lang='lat'><strong>:</strong></span> <span class='ocrx_word' id='word_1_573' title='bbox 2847 1665 2932 1718; x_wconf 74' lang='lat' dir='ltr'><strong>M.</strong></span> <span class='ocrx_word' id='word_1_574' title='bbox 2962 1664 3036 1718; x_wconf 89' lang='lat' dir='ltr'><strong>Tu</strong></span> <span class='ocrx_word' id='word_1_575' title='bbox 3077 1682 3191 1720; x_wconf 88' lang='lat' dir='ltr'><strong>vero</strong></span> <span class='ocrx_word' id='word_1_576' title='bbox 3216 1667 3302 1735; x_wconf 82' lang='lat' dir='ltr'><strong>fac</strong></span> <span class='ocrx_word' id='word_1_577' title='bbox 3323 1669 3409 1722; x_wconf 86' lang='lat' dir='ltr'><strong>tibi</strong></span> <span class='ocrx_word' id='word_1_578' title='bbox 3448 1667 3552 1737; x_wconf 80' lang='lat' dir='ltr'><strong>ipsi</strong></span> 
     </span>
    </p>
   </div>
   <div class='ocr_carea' id='block_1_77' title="bbox 1927 1750 3546 1822">
    <p class='ocr_par' dir='ltr' id='par_1_77' title="bbox 1927 1750 3546 1822">
     <span class='ocr_line' id='line_1_77' title="bbox 1927 1750 3546 1822; baseline 0.004 -18"><span class='ocrx_word' id='word_1_579' title='bbox 1927 1768 2122 1805; x_wconf 84' lang='lat' dir='ltr'><strong>arcam.</strong></span> <span class='ocrx_word' id='word_1_580' title='bbox 2146 1750 2284 1820; x_wconf 82' lang='lat' dir='ltr'><strong>Quid</strong></span> <span class='ocrx_word' id='word_1_581' title='bbox 2322 1761 2426 1818; x_wconf 85' lang='lat' dir='ltr'><strong>est,</strong></span> <span class='ocrx_word' id='word_1_582' title='bbox 2454 1751 2529 1805; x_wconf 86' lang='lat' dir='ltr'><strong>Tu</strong></span> <span class='ocrx_word' id='word_1_583' title='bbox 2551 1770 2667 1807; x_wconf 85' lang='lat' dir='ltr'><strong>vero</strong></span> <span class='ocrx_word' id='word_1_584' title='bbox 2683 1755 2709 1809; x_wconf 78' lang='lat'><strong><em>?</em></strong></span> <span class='ocrx_word' id='word_1_585' title='bbox 2727 1754 2859 1822; x_wconf 86' lang='lat' dir='ltr'><strong>Quia</strong></span> <span class='ocrx_word' id='word_1_586' title='bbox 2885 1773 2988 1809; x_wconf 91' lang='lat' dir='ltr'><strong>non</strong></span> <span class='ocrx_word' id='word_1_587' title='bbox 3015 1759 3421 1813; x_wconf 83' lang='lat' dir='ltr'><strong>communicain</strong></span> <span class='ocrx_word' id='word_1_588' title='bbox 3449 1776 3546 1813; x_wconf 87' lang='lat' dir='ltr'><strong>co-</strong></span> 
     </span>
    </p>
   </div>
   <div class='ocr_carea' id='block_1_78' title="bbox 1928 1842 3548 1920">
    <p class='ocr_par' dir='ltr' id='par_1_78' title="bbox 1928 1842 3548 1920">
     <span class='ocr_line' id='line_1_78' title="bbox 1928 1842 3548 1920; baseline 0.003 -24"><span class='ocrx_word' id='word_1_589' title='bbox 1928 1856 2047 1896; x_wconf 88' lang='lat' dir='ltr'><strong>rum</strong></span> <span class='ocrx_word' id='word_1_590' title='bbox 2064 1842 2335 1913; x_wconf 58' lang='lat' dir='ltr'><strong>nequitia,</strong></span> <span class='ocrx_word' id='word_1_591' title='bbox 2358 1842 2451 1899; x_wconf 72' lang='lat' dir='ltr'><strong>soil</strong></span> <span class='ocrx_word' id='word_1_592' title='bbox 2468 1858 2684 1899; x_wconf 91' lang='lat' dir='ltr'><strong>omnem</strong></span> <span class='ocrx_word' id='word_1_593' title='bbox 2708 1845 2762 1898; x_wconf 90' lang='lat' dir='ltr'><strong>in</strong></span> <span class='ocrx_word' id='word_1_594' title='bbox 2777 1846 3058 1900; x_wconf 83' lang='lat' dir='ltr'><strong>virtutibus</strong></span> <span class='ocrx_word' id='word_1_595' title='bbox 3078 1848 3240 1901; x_wconf 82' lang='lat' dir='ltr'><strong>vitam</strong></span> <span class='ocrx_word' id='word_1_596' title='bbox 3262 1850 3509 1920; x_wconf 62' lang='lat' dir='ltr'><strong>peregisti</strong></span> <span class='ocrx_word' id='word_1_597' title='bbox 3534 1866 3548 1901; x_wconf 91' lang='lat'>:</span> 
     </span>
    </p>
   </div>
   <div class='ocr_carea' id='block_1_79' title="bbox 1930 1933 3545 2011">
    <p class='ocr_par' dir='ltr' id='par_1_79' title="bbox 1930 1933 3545 2011">
     <span class='ocr_line' id='line_1_79' title="bbox 1930 1933 3545 2011; baseline 0.002 -22"><span class='ocrx_word' id='word_1_598' title='bbox 1930 1933 2051 1989; x_wconf 84' lang='lat' dir='ltr'><strong>ideo</strong></span> <span class='ocrx_word' id='word_1_599' title='bbox 2096 1934 2191 1989; x_wconf 89' lang='lat' dir='ltr'><strong>tibi</strong></span> <span class='ocrx_word' id='word_1_600' title='bbox 2230 1933 2471 2004; x_wconf 88' lang='lat' dir='ltr'><strong>impero,</strong></span> <span class='ocrx_word' id='word_1_601' title='bbox 2494 1944 2554 1989; x_wconf 92' lang='lat' dir='ltr'><strong>ut</strong></span> <span class='ocrx_word' id='word_1_602' title='bbox 2595 1944 2841 1991; x_wconf 79' lang='lat' dir='ltr'><strong>exstruas</strong></span> <span class='ocrx_word' id='word_1_603' title='bbox 2882 1952 3060 1992; x_wconf 80' lang='lat' dir='ltr'><strong>arcam</strong></span> <span class='ocrx_word' id='word_1_604' title='bbox 3111 1936 3191 1992; x_wconf 78' lang='lat' dir='ltr'><strong>Ea:</strong></span> <span class='ocrx_word' id='word_1_605' title='bbox 3229 1940 3380 2011; x_wconf 86' lang='lat' dir='ltr'><strong>lignis</strong></span> <span class='ocrx_word' id='word_1_606' title='bbox 3417 1958 3545 2010; x_wconf 84' lang='lat' dir='ltr'><strong>qua-</strong></span> 
     </span>
    </p>
   </div>
   <div class='ocr_carea' id='block_1_80' title="bbox 1930 2026 3547 2101">
    <p class='ocr_par' dir='ltr' id='par_1_80' title="bbox 1930 2026 3547 2101">
     <span class='ocr_line' id='line_1_80' title="bbox 1930 2026 3547 2101; baseline 0.004 -22"><span class='ocrx_word' id='word_1_607' title='bbox 1930 2027 2089 2080; x_wconf 90' lang='lat' dir='ltr'><strong>dratis</strong></span> <span class='ocrx_word' id='word_1_608' title='bbox 2134 2027 2461 2098; x_wconf 82' lang='lat' dir='ltr'><strong>incorruptis.</strong></span> <span class='ocrx_word' id='word_1_609' title='bbox 2510 2026 2902 2083; x_wconf 77' lang='lat' dir='ltr'><strong>Mansiuuculas</strong></span> <span class='ocrx_word' id='word_1_610' title='bbox 2936 2045 3025 2100; x_wconf 87' lang='lat' dir='ltr'><strong>per</strong></span> <span class='ocrx_word' id='word_1_611' title='bbox 3078 2047 3251 2083; x_wconf 88' lang='lat' dir='ltr'><strong>arcam</strong></span> <span class='ocrx_word' id='word_1_612' title='bbox 3295 2030 3476 2101; x_wconf 75' lang='lat' dir='ltr'><strong>facies,</strong></span> <span class='ocrx_word' id='word_1_613' title='bbox 3505 2041 3547 2085; x_wconf 83' lang='lat' dir='ltr'><strong>et</strong></span> 
     </span>
    </p>
   </div>
   <div class='ocr_carea' id='block_1_81' title="bbox 1930 2117 3547 2189">
    <p class='ocr_par' dir='ltr' id='par_1_81' title="bbox 1930 2117 3547 2189">
     <span class='ocr_line' id='line_1_81' title="bbox 1930 2117 3547 2189; baseline 0.004 -18"><span class='ocrx_word' id='word_1_614' title='bbox 1930 2117 2207 2189; x_wconf 85' lang='lat' dir='ltr'><strong>glutinabis</strong></span> <span class='ocrx_word' id='word_1_615' title='bbox 2248 2118 2551 2173; x_wconf 82' lang='lat' dir='ltr'><strong>intrinsecus</strong></span> <span class='ocrx_word' id='word_1_616' title='bbox 2602 2128 2650 2173; x_wconf 88' lang='lat' dir='ltr'><strong>et</strong></span> <span class='ocrx_word' id='word_1_617' title='bbox 2688 2119 2997 2176; x_wconf 75' lang='lat' dir='ltr'><strong>extrinsecus</strong></span> <span class='ocrx_word' id='word_1_618' title='bbox 3042 2138 3153 2176; x_wconf 89' lang='lat' dir='ltr'><strong>eam</strong></span> <span class='ocrx_word' id='word_1_619' title='bbox 3190 2123 3547 2179; x_wconf 71' lang='lat' dir='ltr'><strong>bitumineJEi.</strong></span> 
     </span>
    </p>
   </div>
   <div class='ocr_carea' id='block_1_82' title="bbox 1934 2211 3550 2285">
    <p class='ocr_par' dir='ltr' id='par_1_82' title="bbox 1934 2211 3550 2285">
     <span class='ocr_line' id='line_1_82' title="bbox 1934 2211 3550 2285; baseline 0.001 -17"><span class='ocrx_word' id='word_1_620' title='bbox 1934 2211 2016 2268; x_wconf 86' lang='lat' dir='ltr'><strong>Sit</strong></span> <span class='ocrx_word' id='word_1_621' title='bbox 2036 2222 2204 2267; x_wconf 85' lang='lat' dir='ltr'><strong>autent</strong></span> <span class='ocrx_word' id='word_1_622' title='bbox 2229 2222 2565 2267; x_wconf 84' lang='lat' dir='ltr'><strong>trecenton</strong></span> <span class='ocrx_word' id='word_1_623' title='bbox 2588 2213 2871 2268; x_wconf 79' lang='lat' dir='ltr'><strong>cubitorum</strong></span> <span class='ocrx_word' id='word_1_624' title='bbox 2895 2215 3160 2284; x_wconf 84' lang='lat' dir='ltr'><strong>longitudo</strong></span> <span class='ocrx_word' id='word_1_625' title='bbox 3180 2255 3194 2280; x_wconf 93' lang='lat'><strong>,</strong></span> <span class='ocrx_word' id='word_1_626' title='bbox 3232 2225 3279 2269; x_wconf 89' lang='lat' dir='ltr'><strong>et</strong></span> <span class='ocrx_word' id='word_1_627' title='bbox 3300 2216 3550 2285; x_wconf 59' lang='lat' dir='ltr'><strong>quinque-</strong></span> 
     </span>
    </p>
   </div>
   <div class='ocr_carea' id='block_1_83' title="bbox 1930 2304 3548 2375">
    <p class='ocr_par' dir='ltr' id='par_1_83' title="bbox 1930 2304 3548 2375">
     <span class='ocr_line' id='line_1_83' title="bbox 1930 2304 3548 2375; baseline 0.004 -22"><span class='ocrx_word' id='word_1_628' title='bbox 1930 2304 2073 2375; x_wconf 81' lang='lat' dir='ltr'><strong>ginta</strong></span> <span class='ocrx_word' id='word_1_629' title='bbox 2113 2304 2329 2369; x_wconf 84' lang='lat' dir='ltr'><strong>latitudo</strong></span> <span class='ocrx_word' id='word_1_630' title='bbox 2347 2344 2362 2370; x_wconf 95' lang='lat'><strong>,</strong></span> <span class='ocrx_word' id='word_1_631' title='bbox 2392 2315 2438 2358; x_wconf 86' lang='lat' dir='ltr'><strong>et</strong></span> <span class='ocrx_word' id='word_1_632' title='bbox 2467 2305 2676 2375; x_wconf 87' lang='lat' dir='ltr'><strong>triginta</strong></span> <span class='ocrx_word' id='word_1_633' title='bbox 2698 2305 2981 2359; x_wconf 68' lang='lat' dir='ltr'><strong>cubitorum</strong></span> <span class='ocrx_word' id='word_1_634' title='bbox 3010 2307 3247 2360; x_wconf 88' lang='lat' dir='ltr'><strong>altitudo.</strong></span> <span class='ocrx_word' id='word_1_635' title='bbox 3282 2309 3368 2363; x_wconf 76' lang='grc'><strong>16.</strong></span> <span class='ocrx_word' id='word_1_636' title='bbox 3390 2307 3548 2362; x_wconf 84' lang='lat' dir='ltr'><strong>Colli-</strong></span> 
     </span>
    </p>
   </div>
   <div class='ocr_carea' id='block_1_84' title="bbox 1933 2397 3545 2471">
    <p class='ocr_par' dir='ltr' id='par_1_84' title="bbox 1933 2397 3545 2471">
     <span class='ocr_line' id='line_1_84' title="bbox 1933 2397 3545 2471; baseline 0.003 -21"><span class='ocrx_word' id='word_1_637' title='bbox 1933 2413 2055 2467; x_wconf 87' lang='lat' dir='ltr'><strong>gens</strong></span> <span class='ocrx_word' id='word_1_638' title='bbox 2091 2397 2245 2466; x_wconf 81' lang='lat' dir='ltr'><strong>[acies</strong></span> <span class='ocrx_word' id='word_1_639' title='bbox 2268 2413 2463 2462; x_wconf 89' lang='lat' dir='ltr'><strong>arcam,</strong></span> <span class='ocrx_word' id='word_1_640' title='bbox 2479 2407 2524 2451; x_wconf 91' lang='lat' dir='ltr'><strong>et</strong></span> <span class='ocrx_word' id='word_1_641' title='bbox 2544 2398 2597 2451; x_wconf 88' lang='lat' dir='ltr'><strong>in</strong></span> <span class='ocrx_word' id='word_1_642' title='bbox 2630 2400 2853 2452; x_wconf 87' lang='lat' dir='ltr'><strong>cubitum</strong></span> <span class='ocrx_word' id='word_1_643' title='bbox 2880 2400 3251 2454; x_wconf 83' lang='lat' dir='ltr'><strong>cousummabis</strong></span> <span class='ocrx_word' id='word_1_644' title='bbox 3274 2402 3384 2471; x_wconf 84' lang='lat' dir='ltr'><strong>ejus</strong></span> <span class='ocrx_word' id='word_1_645' title='bbox 3403 2418 3545 2455; x_wconf 84' lang='lat' dir='ltr'><strong>sum-</strong></span> 
     </span>
    </p>
   </div>
   <div class='ocr_carea' id='block_1_85' title="bbox 1936 2488 3553 2561">
    <p class='ocr_par' dir='ltr' id='par_1_85' title="bbox 1936 2488 3553 2561">
     <span class='ocr_line' id='line_1_85' title="bbox 1936 2488 3553 2561; baseline 0.004 -20"><span class='ocrx_word' id='word_1_646' title='bbox 1936 2488 2159 2542; x_wconf 85' lang='lat' dir='ltr'><strong>tnitatcm</strong></span> <span class='ocrx_word' id='word_1_647' title='bbox 2182 2505 2201 2555; x_wconf 89' lang='lat'><strong><em>;</em></strong></span> <span class='ocrx_word' id='word_1_648' title='bbox 2228 2490 2446 2561; x_wconf 84' lang='lat' dir='ltr'><strong>januam</strong></span> <span class='ocrx_word' id='word_1_649' title='bbox 2466 2500 2635 2544; x_wconf 85' lang='lat' dir='ltr'><strong>autem</strong></span> <span class='ocrx_word' id='word_1_650' title='bbox 2656 2490 2813 2560; x_wconf 72' lang='lat' dir='ltr'><strong>{acies</strong></span> <span class='ocrx_word' id='word_1_651' title='bbox 2851 2508 2882 2545; x_wconf 88' lang='lat' dir='ltr'><strong>a</strong></span> <span class='ocrx_word' id='word_1_652' title='bbox 2908 2493 3061 2546; x_wconf 76' lang='lat' dir='ltr'><strong>laure</strong></span> <span class='ocrx_word' id='word_1_653' title='bbox 3084 2535 3098 2558; x_wconf 92' lang='lat'><strong>,</strong></span> <span class='ocrx_word' id='word_1_654' title='bbox 3130 2492 3377 2547; x_wconf 82' lang='lat' dir='ltr'><strong>cubiculis</strong></span> <span class='ocrx_word' id='word_1_655' title='bbox 3414 2493 3553 2547; x_wconf 80' lang='lat' dir='ltr'><strong>bico-</strong></span> 
     </span>
    </p>
   </div>
   <div class='ocr_carea' id='block_1_86' title="bbox 1935 2582 3553 2653">
    <p class='ocr_par' dir='ltr' id='par_1_86' title="bbox 1935 2582 3553 2653">
     <span class='ocr_line' id='line_1_86' title="bbox 1935 2582 3553 2653; baseline 0.004 -20"><span class='ocrx_word' id='word_1_656' title='bbox 1935 2582 2159 2645; x_wconf 86' lang='lat' dir='ltr'><strong>meratis,</strong></span> <span class='ocrx_word' id='word_1_657' title='bbox 2194 2591 2240 2635; x_wconf 87' lang='lat' dir='ltr'><strong>et</strong></span> <span class='ocrx_word' id='word_1_658' title='bbox 2277 2583 2609 2637; x_wconf 87' lang='lat' dir='ltr'><strong>tricameratis</strong></span> <span class='ocrx_word' id='word_1_659' title='bbox 2652 2584 2809 2653; x_wconf 78' lang='lat' dir='ltr'><strong>facies</strong></span> <span class='ocrx_word' id='word_1_660' title='bbox 2857 2601 2987 2637; x_wconf 89' lang='lat' dir='ltr'><strong>eam.</strong></span> <span class='ocrx_word' id='word_1_661' title='bbox 3036 2584 3326 2640; x_wconf 69' lang='lat' dir='ltr'><strong>Considi-ra</strong></span> <span class='ocrx_word' id='word_1_662' title='bbox 3378 2585 3553 2640; x_wconf 82' lang='lat' dir='ltr'><strong>indul-</strong></span> 
     </span>
    </p>
   </div>
   <div class='ocr_carea' id='block_1_87' title="bbox 1934 2673 3558 2744">
    <p class='ocr_par' dir='ltr' id='par_1_87' title="bbox 1934 2673 3558 2744">
     <span class='ocr_line' id='line_1_87' title="bbox 1934 2673 3558 2744; baseline 0.001 -15"><span class='ocrx_word' id='word_1_663' title='bbox 1934 2674 2171 2744; x_wconf 84' lang='lat' dir='ltr'><strong>geutiam</strong></span> <span class='ocrx_word' id='word_1_664' title='bbox 2202 2673 2330 2741; x_wconf 89' lang='lat' dir='ltr'><strong>Dei,</strong></span> <span class='ocrx_word' id='word_1_665' title='bbox 2360 2683 2415 2729; x_wconf 89' lang='lat' dir='ltr'><strong>et</strong></span> <span class='ocrx_word' id='word_1_666' title='bbox 2460 2673 2787 2730; x_wconf 79' lang='lat' dir='ltr'><strong>inefl‘abiletn</strong></span> <span class='ocrx_word' id='word_1_667' title='bbox 2829 2676 3078 2731; x_wconf 84' lang='lat' dir='ltr'><strong>virtutem</strong></span> <span class='ocrx_word' id='word_1_668' title='bbox 3107 2676 3558 2731; x_wconf 71' lang='lat' dir='ltr'><strong>misenimrdiam-</strong></span> 
     </span>
    </p>
   </div>
   <div class='ocr_carea' id='block_1_88' title="bbox 1935 2764 3555 2836">
    <p class='ocr_par' dir='ltr' id='par_1_88' title="bbox 1935 2764 3555 2836">
     <span class='ocr_line' id='line_1_88' title="bbox 1935 2764 3555 2836; baseline 0 -16"><span class='ocrx_word' id='word_1_669' title='bbox 1935 2780 2042 2836; x_wconf 92' lang='lat' dir='ltr'><strong>que</strong></span> <span class='ocrx_word' id='word_1_670' title='bbox 2069 2779 2284 2821; x_wconf 89' lang='lat' dir='ltr'><strong>omnem</strong></span> <span class='ocrx_word' id='word_1_671' title='bbox 2312 2764 2571 2819; x_wconf 87' lang='lat' dir='ltr'><strong>rationem</strong></span> <span class='ocrx_word' id='word_1_672' title='bbox 2600 2773 2791 2820; x_wconf 54' lang='lat' dir='ltr'><strong>transc.</strong></span> <span class='ocrx_word' id='word_1_673' title='bbox 2814 2765 2900 2820; x_wconf 83' lang='lat' dir='ltr'><strong>nd‘</strong></span> <span class='ocrx_word' id='word_1_674' title='bbox 2923 2774 3090 2821; x_wconf 90' lang='lat' dir='ltr'><strong>ntem.</strong></span> <span class='ocrx_word' id='word_1_675' title='bbox 3119 2765 3289 2821; x_wconf 85' lang='lat' dir='ltr'><strong>Simul</strong></span> <span class='ocrx_word' id='word_1_676' title='bbox 3318 2766 3555 2822; x_wconf 74' lang='lat' dir='ltr'><strong>declarat</strong></span> 
     </span>
    </p>
   </div>
   <div class='ocr_carea' id='block_1_89' title="bbox 1936 2856 3556 2927">
    <p class='ocr_par' dir='ltr' id='par_1_89' title="bbox 1936 2856 3556 2927">
     <span class='ocr_line' id='line_1_89' title="bbox 1936 2856 3556 2927; baseline 0.001 -15"><span class='ocrx_word' id='word_1_677' title='bbox 1936 2866 1992 2913; x_wconf 90' lang='lat' dir='ltr'><strong>et</strong></span> <span class='ocrx_word' id='word_1_678' title='bbox 2021 2873 2171 2911; x_wconf 88' lang='lat' dir='ltr'><strong>suam</strong></span> <span class='ocrx_word' id='word_1_679' title='bbox 2211 2872 2336 2927; x_wconf 86' lang='lat' dir='ltr'><strong>erga</strong></span> <span class='ocrx_word' id='word_1_680' title='bbox 2361 2856 2563 2927; x_wconf 88' lang='lat' dir='ltr'><strong>justum</strong></span> <span class='ocrx_word' id='word_1_681' title='bbox 2586 2859 2735 2927; x_wconf 79' lang='lat' dir='ltr'><strong>prmi</strong></span> <span class='ocrx_word' id='word_1_682' title='bbox 2757 2858 3004 2921; x_wconf 88' lang='lat' dir='ltr'><strong>lentiam,</strong></span> <span class='ocrx_word' id='word_1_683' title='bbox 3036 2868 3093 2913; x_wconf 92' lang='lat' dir='ltr'><strong>ut</strong></span> <span class='ocrx_word' id='word_1_684' title='bbox 3122 2859 3342 2914; x_wconf 69' lang='lat' dir='ltr'><strong>fabricet</strong></span> <span class='ocrx_word' id='word_1_685' title='bbox 3375 2875 3556 2914; x_wconf 87' lang='lat' dir='ltr'><strong>arcam</strong></span> 
     </span>
    </p>
   </div>
   <div class='ocr_carea' id='block_1_90' title="bbox 1938 2948 3557 3021">
    <p class='ocr_par' dir='ltr' id='par_1_90' title="bbox 1938 2948 3557 3021">
     <span class='ocr_line' id='line_1_90' title="bbox 1938 2948 3557 3021; baseline 0.002 -19"><span class='ocrx_word' id='word_1_686' title='bbox 1938 2949 2011 3002; x_wconf 92' lang='lat' dir='ltr'><strong>illi</strong></span> <span class='ocrx_word' id='word_1_687' title='bbox 2040 2949 2307 3020; x_wconf 90' lang='lat' dir='ltr'><strong>imperans</strong></span> <span class='ocrx_word' id='word_1_688' title='bbox 2340 2964 2355 3002; x_wconf 88' lang='lat'>:</span> <span class='ocrx_word' id='word_1_689' title='bbox 2389 2948 2755 3017; x_wconf 59' lang='lat' dir='ltr'><strong>ordinans-lue</strong></span> <span class='ocrx_word' id='word_1_690' title='bbox 2800 2949 3012 3004; x_wconf 81' lang='lat' dir='ltr'><strong>interim</strong></span> <span class='ocrx_word' id='word_1_691' title='bbox 3055 2950 3272 3005; x_wconf 91' lang='lat' dir='ltr'><strong>modum</strong></span> <span class='ocrx_word' id='word_1_692' title='bbox 3297 2953 3348 3005; x_wconf 91' lang='lat' dir='ltr'><strong>in</strong></span> <span class='ocrx_word' id='word_1_693' title='bbox 3394 2967 3557 3021; x_wconf 89' lang='lat' dir='ltr'><strong>quom</strong></span> 
     </span>
    </p>
   </div>
   <div class='ocr_carea' id='block_1_91' title="bbox 1936 3041 3559 3113">
    <p class='ocr_par' dir='ltr' id='par_1_91' title="bbox 1936 3041 3559 3113">
     <span class='ocr_line' id='line_1_91' title="bbox 1936 3041 3559 3113; baseline 0.002 -16"><span class='ocrx_word' id='word_1_694' title='bbox 1936 3041 2295 3097; x_wconf 87' lang='lat' dir='ltr'><strong>construenda</strong></span> <span class='ocrx_word' id='word_1_695' title='bbox 2316 3082 2330 3103; x_wconf 92' lang='lat'><strong>,</strong></span> <span class='ocrx_word' id='word_1_696' title='bbox 2351 3057 2546 3109; x_wconf 90' lang='lat' dir='ltr'><strong>nempe</strong></span> <span class='ocrx_word' id='word_1_697' title='bbox 2577 3042 2627 3095; x_wconf 91' lang='lat' dir='ltr'><strong>in</strong></span> <span class='ocrx_word' id='word_1_698' title='bbox 2658 3058 2817 3110; x_wconf 89' lang='lat' dir='ltr'><strong>quam</strong></span> <span class='ocrx_word' id='word_1_699' title='bbox 2864 3042 3249 3113; x_wconf 64' lang='lat' dir='ltr'><strong>loogitndinem</strong></span> <span class='ocrx_word' id='word_1_700' title='bbox 3273 3086 3286 3107; x_wconf 86' lang='lat'><strong>,</strong></span> <span class='ocrx_word' id='word_1_701' title='bbox 3318 3044 3559 3101; x_wconf 82' lang='lat' dir='ltr'><strong>latitudi-</strong></span> 
     </span>
    </p>
   </div>
   <div class='ocr_carea' id='block_1_92' title="bbox 1940 3129 3560 3198">
    <p class='ocr_par' dir='ltr' id='par_1_92' title="bbox 1940 3129 3560 3198">
     <span class='ocr_line' id='line_1_92' title="bbox 1940 3129 3560 3198; baseline 0.004 -13"><span class='ocrx_word' id='word_1_702' title='bbox 1940 3145 2062 3185; x_wconf 87' lang='lat' dir='ltr'><strong>nem</strong></span> <span class='ocrx_word' id='word_1_703' title='bbox 2103 3139 2155 3183; x_wconf 88' lang='lat' dir='ltr'><strong>(&#39;l</strong></span> <span class='ocrx_word' id='word_1_704' title='bbox 2184 3129 2600 3198; x_wconf 84' lang='lat' dir='ltr'><strong>sublimitatem,</strong></span> <span class='ocrx_word' id='word_1_705' title='bbox 2630 3143 2683 3187; x_wconf 91' lang='lat' dir='ltr'><strong>et</strong></span> <span class='ocrx_word' id='word_1_706' title='bbox 2710 3132 2995 3186; x_wconf 80' lang='lat' dir='ltr'><strong>maximam</strong></span> <span class='ocrx_word' id='word_1_707' title='bbox 3037 3133 3084 3187; x_wconf 87' lang='lat' dir='ltr'><strong>ei</strong></span> <span class='ocrx_word' id='word_1_708' title='bbox 3133 3134 3560 3191; x_wconf 89' lang='lat' dir='ltr'><strong>consolationem</strong></span> 
     </span>
    </p>
   </div>
   <div class='ocr_carea' id='block_1_93' title="bbox 1939 3220 3558 3291">
    <p class='ocr_par' dir='ltr' id='par_1_93' title="bbox 1939 3220 3558 3291">
     <span class='ocr_line' id='line_1_93' title="bbox 1939 3220 3558 3291; baseline 0.003 -15"><span class='ocrx_word' id='word_1_709' title='bbox 1939 3220 2122 3286; x_wconf 76' lang='lat' dir='ltr'><strong>affert,</strong></span> <span class='ocrx_word' id='word_1_710' title='bbox 2143 3236 2291 3291; x_wconf 89' lang='lat' dir='ltr'><strong>spem</strong></span> <span class='ocrx_word' id='word_1_711' title='bbox 2303 3221 2493 3278; x_wconf 86' lang='lat' dir='ltr'><strong>salutis</strong></span> <span class='ocrx_word' id='word_1_712' title='bbox 2513 3237 2607 3291; x_wconf 84' lang='lat' dir='ltr'><strong>per</strong></span> <span class='ocrx_word' id='word_1_713' title='bbox 2622 3238 2759 3276; x_wconf 65' lang='lat' dir='ltr'><strong>arca‘</strong></span> <span class='ocrx_word' id='word_1_714' title='bbox 2776 3223 3226 3278; x_wconf 79' lang='lat' dir='ltr'><strong>con~tructionem</strong></span> <span class='ocrx_word' id='word_1_715' title='bbox 3246 3225 3558 3289; x_wconf 86' lang='lat' dir='ltr'><strong>ostendens.</strong></span> 
     </span>
    </p>
   </div>
   <div class='ocr_carea' id='block_1_94' title="bbox 1942 3312 3563 3383">
    <p class='ocr_par' dir='ltr' id='par_1_94' title="bbox 1942 3312 3563 3383">
     <span class='ocr_line' id='line_1_94' title="bbox 1942 3312 3563 3383; baseline 0.003 -17"><span class='ocrx_word' id='word_1_716' title='bbox 1942 3312 2061 3366; x_wconf 90' lang='lat' dir='ltr'><strong>illos</strong></span> <span class='ocrx_word' id='word_1_717' title='bbox 2089 3327 2300 3382; x_wconf 90' lang='lat' dir='ltr'><strong>quoque</strong></span> <span class='ocrx_word' id='word_1_718' title='bbox 2323 3313 2413 3383; x_wconf 92' lang='lat' dir='ltr'><strong>qui</strong></span> <span class='ocrx_word' id='word_1_719' title='bbox 2442 3321 2549 3366; x_wconf 90' lang='lat' dir='ltr'><strong>tam</strong></span> <span class='ocrx_word' id='word_1_720' title='bbox 2566 3314 2800 3383; x_wconf 65' lang='lat' dir='ltr'><strong>graviter</strong></span> <span class='ocrx_word' id='word_1_721' title='bbox 2837 3315 3175 3383; x_wconf 80' lang='lat' dir='ltr'><strong>peccaverint</strong></span> <span class='ocrx_word' id='word_1_722' title='bbox 3214 3314 3563 3371; x_wconf 81' lang='lat' dir='ltr'><strong>fabricatione</strong></span> 
     </span>
    </p>
   </div>
   <div class='ocr_carea' id='block_1_95' title="bbox 1941 3403 3565 3477">
    <p class='ocr_par' dir='ltr' id='par_1_95' title="bbox 1941 3403 3565 3477">
     <span class='ocr_line' id='line_1_95' title="bbox 1941 3403 3565 3477; baseline 0.004 -19"><span class='ocrx_word' id='word_1_723' title='bbox 1941 3418 2080 3459; x_wconf 65' lang='lat' dir='ltr'><strong>arca:</strong></span> <span class='ocrx_word' id='word_1_724' title='bbox 2117 3403 2393 3460; x_wconf 85' lang='lat' dir='ltr'><strong>admoueri</strong></span> <span class='ocrx_word' id='word_1_725' title='bbox 2446 3405 2667 3471; x_wconf 84' lang='lat' dir='ltr'><strong>volens,</strong></span> <span class='ocrx_word' id='word_1_726' title='bbox 2701 3416 2757 3459; x_wconf 81' lang='grc' dir='ltr'><strong>ιιι</strong></span> <span class='ocrx_word' id='word_1_727' title='bbox 2796 3422 2978 3460; x_wconf 86' lang='lat' dir='ltr'><strong>secum</strong></span> <span class='ocrx_word' id='word_1_728' title='bbox 3022 3411 3317 3477; x_wconf 71' lang='lat' dir='ltr'><strong>cogitarent</strong></span> <span class='ocrx_word' id='word_1_729' title='bbox 3344 3424 3462 3477; x_wconf 76' lang='lat' dir='ltr'><strong>qua:</strong></span> <span class='ocrx_word' id='word_1_730' title='bbox 3489 3408 3565 3464; x_wconf 78' lang='lat' dir='ltr'><strong>fe-</strong></span> 
     </span>
    </p>
   </div>
   <div class='ocr_carea' id='block_1_96' title="bbox 1942 3496 3564 3571">
    <p class='ocr_par' dir='ltr' id='par_1_96' title="bbox 1942 3496 3564 3571">
     <span class='ocr_line' id='line_1_96' title="bbox 1942 3496 3564 3571; baseline 0.004 -22"><span class='ocrx_word' id='word_1_731' title='bbox 1942 3496 2178 3560; x_wconf 85' lang='lat' dir='ltr'><strong>cissent,</strong></span> <span class='ocrx_word' id='word_1_732' title='bbox 2219 3496 2693 3567; x_wconf 87' lang='lat' dir='ltr'><strong>resipiscendoquc</strong></span> <span class='ocrx_word' id='word_1_733' title='bbox 2736 3499 3157 3568; x_wconf 86' lang='lat' dir='ltr'><strong>indignationem</strong></span> <span class='ocrx_word' id='word_1_734' title='bbox 3198 3515 3304 3555; x_wconf 90' lang='lat' dir='ltr'><strong>non</strong></span> <span class='ocrx_word' id='word_1_735' title='bbox 3342 3504 3564 3571; x_wconf 86' lang='lat' dir='ltr'><strong>experi-</strong></span> 
     </span>
    </p>
   </div>
   <div class='ocr_carea' id='block_1_97' title="bbox 1944 3587 3562 3661">
    <p class='ocr_par' dir='ltr' id='par_1_97' title="bbox 1944 3587 3562 3661">
     <span class='ocr_line' id='line_1_97' title="bbox 1944 3587 3562 3661; baseline 0.003 -18"><span class='ocrx_word' id='word_1_736' title='bbox 1944 3596 2149 3643; x_wconf 88' lang='lat' dir='ltr'><strong>rentur.</strong></span> <span class='ocrx_word' id='word_1_737' title='bbox 2178 3587 2359 3657; x_wconf 82' lang='lat' dir='ltr'><strong>Neque</strong></span> <span class='ocrx_word' id='word_1_738' title='bbox 2389 3590 2531 3643; x_wconf 81' lang='lat' dir='ltr'><strong>enim</strong></span> <span class='ocrx_word' id='word_1_739' title='bbox 2558 3604 2776 3659; x_wconf 82' lang='lat' dir='ltr'><strong>parvum</strong></span> <span class='ocrx_word' id='word_1_740' title='bbox 2810 3590 2915 3645; x_wconf 73' lang='lat' dir='ltr'><strong>illis</strong></span> <span class='ocrx_word' id='word_1_741' title='bbox 2954 3601 3163 3661; x_wconf 81' lang='lat' dir='ltr'><strong>tempus</strong></span> <span class='ocrx_word' id='word_1_742' title='bbox 3188 3592 3364 3647; x_wconf 87' lang='lat' dir='ltr'><strong>denuo</strong></span> <span class='ocrx_word' id='word_1_743' title='bbox 3380 3593 3446 3646; x_wconf 85' lang='lat' dir='ltr'><strong>ad</strong></span> <span class='ocrx_word' id='word_1_744' title='bbox 3473 3608 3562 3648; x_wconf 49' lang='lat' dir='ltr'><strong>re.</strong></span> 
     </span>
    </p>
   </div>
   <div class='ocr_carea' id='block_1_98' title="bbox 1943 3678 3561 3750">
    <p class='ocr_par' dir='ltr' id='par_1_98' title="bbox 1943 3678 3561 3750">
     <span class='ocr_line' id='line_1_98' title="bbox 1943 3678 3561 3750; baseline 0.002 -15"><span class='ocrx_word' id='word_1_745' title='bbox 1943 3678 2305 3749; x_wconf 88' lang='lat' dir='ltr'><strong>sipiscentiam</strong></span> <span class='ocrx_word' id='word_1_746' title='bbox 2332 3693 2647 3735; x_wconf 78' lang='lat' dir='ltr'><strong>Concessum</strong></span> <span class='ocrx_word' id='word_1_747' title='bbox 2673 3690 2756 3735; x_wconf 82' lang='lat' dir='ltr'><strong>est</strong></span> <span class='ocrx_word' id='word_1_748' title='bbox 2786 3696 2879 3750; x_wconf 88' lang='lat' dir='ltr'><strong>per</strong></span> <span class='ocrx_word' id='word_1_749' title='bbox 2902 3697 3041 3736; x_wconf 82' lang='lat' dir='ltr'><strong>arca:</strong></span> <span class='ocrx_word' id='word_1_750' title='bbox 3065 3685 3520 3739; x_wconf 90' lang='lat' dir='ltr'><strong>constructionem</strong></span> <span class='ocrx_word' id='word_1_751' title='bbox 3550 3704 3561 3738; x_wconf 89' lang='lat'>:</span> 
     </span>
    </p>
   </div>
   <div class='ocr_carea' id='block_1_99' title="bbox 1945 3770 3564 3842">
    <p class='ocr_par' dir='ltr' id='par_1_99' title="bbox 1945 3770 3564 3842">
     <span class='ocr_line' id='line_1_99' title="bbox 1945 3770 3564 3842; baseline 0.003 -17"><span class='ocrx_word' id='word_1_752' title='bbox 1945 3770 2039 3825; x_wconf 79' lang='lat' dir='ltr'><strong>sed</strong></span> <span class='ocrx_word' id='word_1_753' title='bbox 2080 3771 2237 3841; x_wconf 90' lang='lat' dir='ltr'><strong>plane</strong></span> <span class='ocrx_word' id='word_1_754' title='bbox 2271 3772 2496 3827; x_wconf 92' lang='lat' dir='ltr'><strong>multum</strong></span> <span class='ocrx_word' id='word_1_755' title='bbox 2533 3784 2587 3829; x_wconf 90' lang='lat' dir='ltr'><strong>et</strong></span> <span class='ocrx_word' id='word_1_756' title='bbox 2631 3774 2904 3830; x_wconf 86' lang='lat' dir='ltr'><strong>sufficiens</strong></span> <span class='ocrx_word' id='word_1_757' title='bbox 2944 3773 3158 3842; x_wconf 83' lang='lat' dir='ltr'><strong>fuisset,</strong></span> <span class='ocrx_word' id='word_1_758' title='bbox 3188 3776 3288 3830; x_wconf 81' lang='lat' dir='ltr'><strong>nisi</strong></span> <span class='ocrx_word' id='word_1_759' title='bbox 3316 3778 3451 3831; x_wconf 85' lang='lat' dir='ltr'><strong>adeo</strong></span> <span class='ocrx_word' id='word_1_760' title='bbox 3483 3779 3564 3830; x_wconf 91' lang='lat' dir='ltr'><strong>in-</strong></span> 
     </span>
    </p>
   </div>
   <div class='ocr_carea' id='block_1_100' title="bbox 1945 3862 3562 3935">
    <p class='ocr_par' dir='ltr' id='par_1_100' title="bbox 1945 3862 3562 3935">
     <span class='ocr_line' id='line_1_100' title="bbox 1945 3862 3562 3935; baseline 0.002 -18"><span class='ocrx_word' id='word_1_761' title='bbox 1945 3865 2080 3935; x_wconf 83' lang='lat' dir='ltr'><strong>grati</strong></span> <span class='ocrx_word' id='word_1_762' title='bbox 2113 3862 2335 3919; x_wconf 80' lang='lat' dir='ltr'><strong>fuissent</strong></span> <span class='ocrx_word' id='word_1_763' title='bbox 2361 3874 2414 3919; x_wconf 92' lang='lat' dir='ltr'><strong>et</strong></span> <span class='ocrx_word' id='word_1_764' title='bbox 2457 3864 2653 3935; x_wconf 90' lang='lat' dir='ltr'><strong>stupidi</strong></span> <span class='ocrx_word' id='word_1_765' title='bbox 2678 3867 2744 3919; x_wconf 92' lang='lat' dir='ltr'><strong>ad</strong></span> <span class='ocrx_word' id='word_1_766' title='bbox 2774 3876 3075 3922; x_wconf 89' lang='lat' dir='ltr'><strong>erratorum</strong></span> <span class='ocrx_word' id='word_1_767' title='bbox 3111 3869 3562 3924; x_wconf 85' lang='lat' dir='ltr'><strong>emendationem.</strong></span> 
     </span>
    </p>
   </div>
   <div class='ocr_carea' id='block_1_101' title="bbox 1948 3954 3559 4041">
    <p class='ocr_par' dir='ltr' id='par_1_101' title="bbox 1948 3954 3559 4041">
     <span class='ocr_line' id='line_1_101' title="bbox 1948 3954 3559 4041; baseline 0.001 -31"><span class='ocrx_word' id='word_1_768' title='bbox 1948 3954 2051 4010; x_wconf 87' lang='lat' dir='ltr'><strong>Par</strong></span> <span class='ocrx_word' id='word_1_769' title='bbox 2067 3955 2208 4010; x_wconf 88' lang='lat' dir='ltr'><strong>enim</strong></span> <span class='ocrx_word' id='word_1_770' title='bbox 2237 3965 2380 4019; x_wconf 88' lang='lat' dir='ltr'><strong>erat,</strong></span> <span class='ocrx_word' id='word_1_771' title='bbox 2402 3957 2639 4025; x_wconf 85' lang='lat' dir='ltr'><strong>singulos</strong></span> <span class='ocrx_word' id='word_1_772' title='bbox 2670 3972 2855 4011; x_wconf 88' lang='lat' dir='ltr'><strong>eorum</strong></span> <span class='ocrx_word' id='word_1_773' title='bbox 2900 3972 3022 4012; x_wconf 89' lang='lat' dir='ltr'><strong>cum</strong></span> <span class='ocrx_word' id='word_1_774' title='bbox 3055 3958 3559 4041; x_wconf 57' lang='lat' dir='ltr'><strong>viderent\jn.~tnm,</strong></span> 
     </span>
    </p>
   </div>
   <div class='ocr_carea' id='block_1_102' title="bbox 1948 4046 3567 4116">
    <p class='ocr_par' dir='ltr' id='par_1_102' title="bbox 1948 4046 3567 4116">
     <span class='ocr_line' id='line_1_102' title="bbox 1948 4046 3567 4116; baseline 0.002 -17"><span class='ocrx_word' id='word_1_775' title='bbox 1948 4047 2037 4116; x_wconf 90' lang='lat' dir='ltr'><strong>qui</strong></span> <span class='ocrx_word' id='word_1_776' title='bbox 2079 4046 2436 4101; x_wconf 67' lang='lat' dir='ltr'><strong>fabricabatur</strong></span> <span class='ocrx_word' id='word_1_777' title='bbox 2453 4061 2629 4101; x_wconf 86' lang='lat' dir='ltr'><strong>arcam</strong></span> <span class='ocrx_word' id='word_1_778' title='bbox 2658 4088 2671 4111; x_wconf 90' lang='lat'><strong>,</strong></span> <span class='ocrx_word' id='word_1_779' title='bbox 2703 4058 3209 4103; x_wconf 84' lang='lat' dir='ltr'><strong>causamconstrut-t</strong></span> <span class='ocrx_word' id='word_1_780' title='bbox 3235 4051 3351 4103; x_wconf 48' lang='lat' dir='ltr'><strong>ouis</strong></span> <span class='ocrx_word' id='word_1_781' title='bbox 3380 4050 3567 4104; x_wconf 82' lang='lat' dir='ltr'><strong>scisci-</strong></span> 
     </span>
    </p>
   </div>
   <div class='ocr_carea' id='block_1_103' title="bbox 1952 4140 3568 4211">
    <p class='ocr_par' dir='ltr' id='par_1_103' title="bbox 1952 4140 3568 4211">
     <span class='ocr_line' id='line_1_103' title="bbox 1952 4140 3568 4211; baseline 0.002 -17"><span class='ocrx_word' id='word_1_782' title='bbox 1952 4148 2090 4194; x_wconf 82' lang='lat' dir='ltr'><strong>talos</strong></span> <span class='ocrx_word' id='word_1_783' title='bbox 2134 4154 2289 4205; x_wconf 87' lang='lat' dir='ltr'><strong>esse,</strong></span> <span class='ocrx_word' id='word_1_784' title='bbox 2320 4149 2375 4195; x_wconf 89' lang='lat' dir='ltr'><strong>et</strong></span> <span class='ocrx_word' id='word_1_785' title='bbox 2408 4141 2618 4210; x_wconf 84' lang='lat' dir='ltr'><strong>cognita</strong></span> <span class='ocrx_word' id='word_1_786' title='bbox 2672 4140 2851 4195; x_wconf 83' lang='lat' dir='ltr'><strong>divina</strong></span> <span class='ocrx_word' id='word_1_787' title='bbox 2898 4142 3296 4211; x_wconf 82' lang='lat' dir='ltr'><strong>indignatione,</strong></span> <span class='ocrx_word' id='word_1_788' title='bbox 3329 4143 3453 4197; x_wconf 85' lang='lat' dir='ltr'><strong>inde</strong></span> <span class='ocrx_word' id='word_1_789' title='bbox 3502 4143 3568 4197; x_wconf 81' lang='lat' dir='ltr'><strong>ad</strong></span> 
     </span>
    </p>
   </div>
   <div class='ocr_carea' id='block_1_104' title="bbox 1951 4232 3572 4302">
    <p class='ocr_par' dir='ltr' id='par_1_104' title="bbox 1951 4232 3572 4302">
     <span class='ocr_line' id='line_1_104' title="bbox 1951 4232 3572 4302; baseline 0.001 -17"><span class='ocrx_word' id='word_1_790' title='bbox 1951 4245 2168 4287; x_wconf 87' lang='lat' dir='ltr'><strong>sensum</strong></span> <span class='ocrx_word' id='word_1_791' title='bbox 2207 4240 2544 4301; x_wconf 86' lang='lat' dir='ltr'><strong>peccatorum</strong></span> <span class='ocrx_word' id='word_1_792' title='bbox 2584 4247 2803 4285; x_wconf 89' lang='lat' dir='ltr'><strong>suorum</strong></span> <span class='ocrx_word' id='word_1_793' title='bbox 2830 4234 3043 4297; x_wconf 88' lang='lat' dir='ltr'><strong>venire,</strong></span> <span class='ocrx_word' id='word_1_794' title='bbox 3074 4232 3119 4285; x_wconf 92' lang='lat' dir='ltr'><strong>si</strong></span> <span class='ocrx_word' id='word_1_795' title='bbox 3140 4233 3572 4302; x_wconf 85' lang='lat' dir='ltr'><strong>quidemvoluis-</strong></span> 
     </span>
    </p>
   </div>
   <div class='ocr_carea' id='block_1_105' title="bbox 1953 4323 3568 4389">
    <p class='ocr_par' dir='ltr' id='par_1_105' title="bbox 1953 4323 3568 4389">
     <span class='ocr_line' id='line_1_105' title="bbox 1953 4323 3568 4389; baseline -0.001 -10"><span class='ocrx_word' id='word_1_796' title='bbox 1953 4336 2092 4381; x_wconf 89' lang='lat' dir='ltr'><strong>sent.</strong></span> <span class='ocrx_word' id='word_1_797' title='bbox 2133 4323 2333 4379; x_wconf 90' lang='lat' dir='ltr'><strong>Verum</strong></span> <span class='ocrx_word' id='word_1_798' title='bbox 2379 4324 2495 4378; x_wconf 64' lang='lat' dir='ltr'><strong>haec</strong></span> <span class='ocrx_word' id='word_1_799' title='bbox 2536 4323 2643 4378; x_wconf 89' lang='lat' dir='ltr'><strong>illis</strong></span> <span class='ocrx_word' id='word_1_800' title='bbox 2683 4324 2883 4377; x_wconf 88' lang='lat' dir='ltr'><strong>nullam</strong></span> <span class='ocrx_word' id='word_1_801' title='bbox 2915 4323 3200 4377; x_wconf 88' lang='lat' dir='ltr'><strong>utilitatem</strong></span> <span class='ocrx_word' id='word_1_802' title='bbox 3250 4325 3568 4389; x_wconf 85' lang='lat' dir='ltr'><strong>attulerunt,</strong></span> 
     </span>
    </p>
   </div>
   <div class='ocr_carea' id='block_1_106' title="bbox 1956 4414 3293 4487">
    <p class='ocr_par' dir='ltr' id='par_1_106' title="bbox 1956 4414 3293 4487">
     <span class='ocr_line' id='line_1_106' title="bbox 1956 4414 3293 4487; baseline -0.004 -16"><span class='ocrx_word' id='word_1_803' title='bbox 1956 4433 2063 4471; x_wconf 91' lang='lat' dir='ltr'><strong>non</strong></span> <span class='ocrx_word' id='word_1_804' title='bbox 2088 4418 2210 4487; x_wconf 90' lang='lat' dir='ltr'><strong>quia</strong></span> <span class='ocrx_word' id='word_1_805' title='bbox 2243 4432 2346 4470; x_wconf 91' lang='lat' dir='ltr'><strong>non</strong></span> <span class='ocrx_word' id='word_1_806' title='bbox 2379 4424 2688 4486; x_wconf 90' lang='lat' dir='ltr'><strong>potuerunt,</strong></span> <span class='ocrx_word' id='word_1_807' title='bbox 2717 4414 2811 4468; x_wconf 86' lang='lat' dir='ltr'><strong>sed</strong></span> <span class='ocrx_word' id='word_1_808' title='bbox 2834 4415 2956 4482; x_wconf 86' lang='lat' dir='ltr'><strong>quia</strong></span> <span class='ocrx_word' id='word_1_809' title='bbox 2985 4416 3293 4469; x_wconf 83' lang='lat' dir='ltr'><strong>noluerunt.</strong></span> 
     </span>
    </p>
   </div>
   <div class='ocr_carea' id='block_1_107' title="bbox 2029 4498 3570 4557">
    <p class='ocr_par' dir='ltr' id='par_1_107' title="bbox 2029 4498 3570 4557">
     <span class='ocr_line' id='line_1_107' title="bbox 2029 4498 3570 4557; baseline -0.003 0"><span class='ocrx_word' id='word_1_810' title='bbox 2029 4502 2082 4557; x_wconf 67' lang='grc'><strong>4.</strong></span> <span class='ocrx_word' id='word_1_811' title='bbox 2114 4500 2250 4555; x_wconf 88' lang='lat' dir='ltr'><strong>Deus</strong></span> <span class='ocrx_word' id='word_1_812' title='bbox 2268 4501 2536 4555; x_wconf 83' lang='lat' dir='ltr'><strong>consilium</strong></span> <span class='ocrx_word' id='word_1_813' title='bbox 2558 4516 2702 4553; x_wconf 85' lang='lat' dir='ltr'><strong>suum</strong></span> <span class='ocrx_word' id='word_1_814' title='bbox 2741 4499 2852 4551; x_wconf 84' lang='lat' dir='ltr'><strong>Noe</strong></span> <span class='ocrx_word' id='word_1_815' title='bbox 2872 4502 3233 4551; x_wconf 86' lang='lat' dir='ltr'><strong>communicat.</strong></span> <span class='ocrx_word' id='word_1_816' title='bbox 3270 4499 3372 4553; x_wconf 80' lang='lat' dir='ltr'><strong>Cur</strong></span> <span class='ocrx_word' id='word_1_817' title='bbox 3391 4498 3570 4553; x_wconf 79' lang='lat' dir='ltr'><strong>Enoch</strong></span> 
     </span>
    </p>
   </div>
   <div class='ocr_carea' id='block_1_108' title="bbox 1960 4590 3568 4665">
    <p class='ocr_par' dir='ltr' id='par_1_108' title="bbox 1960 4590 3568 4665">
     <span class='ocr_line' id='line_1_108' title="bbox 1960 4590 3568 4665; baseline -0.003 -17"><span class='ocrx_word' id='word_1_818' title='bbox 1960 4594 2235 4649; x_wconf 81' lang='lat' dir='ltr'><strong>trtmslatus</strong></span> <span class='ocrx_word' id='word_1_819' title='bbox 2260 4594 2430 4665; x_wconf 80' lang='lat' dir='ltr'><strong>fuerit.</strong></span> <span class='ocrx_word' id='word_1_820' title='bbox 2456 4592 2600 4647; x_wconf 86' lang='lat' dir='ltr'><strong>Solet</strong></span> <span class='ocrx_word' id='word_1_821' title='bbox 2626 4590 2760 4643; x_wconf 79' lang='lat' dir='ltr'><strong>Deus</strong></span> <span class='ocrx_word' id='word_1_822' title='bbox 2792 4599 2995 4659; x_wconf 80' lang='lat' dir='ltr'><strong>prapter</strong></span> <span class='ocrx_word' id='word_1_823' title='bbox 3007 4592 3177 4661; x_wconf 81' lang='lat' dir='ltr'><strong>justas</strong></span> <span class='ocrx_word' id='word_1_824' title='bbox 3200 4608 3400 4645; x_wconf 85' lang='lat' dir='ltr'><strong>scrvare</strong></span> <span class='ocrx_word' id='word_1_825' title='bbox 3420 4590 3568 4645; x_wconf 85' lang='lat' dir='ltr'><strong>alios.</strong></span> 
     </span>
    </p>
   </div>
   <div class='ocr_carea' id='block_1_109' title="bbox 1956 4683 3574 4757">
    <p class='ocr_par' dir='ltr' id='par_1_109' title="bbox 1956 4683 3574 4757">
     <span class='ocr_line' id='line_1_109' title="bbox 1956 4683 3574 4757; baseline 0 -18"><span class='ocrx_word' id='word_1_826' title='bbox 1956 4717 2029 4728; x_wconf 90' lang='lat'><strong>—</strong></span> <span class='ocrx_word' id='word_1_827' title='bbox 2059 4686 2221 4757; x_wconf 84' lang='lat' dir='ltr'><strong>Igitur</strong></span> <span class='ocrx_word' id='word_1_828' title='bbox 2247 4693 2524 4755; x_wconf 87' lang='lat' dir='ltr'><strong>postquam</strong></span> <span class='ocrx_word' id='word_1_829' title='bbox 2551 4684 2619 4739; x_wconf 92' lang='lat' dir='ltr'><strong>de</strong></span> <span class='ocrx_word' id='word_1_830' title='bbox 2651 4683 3008 4737; x_wconf 79' lang='lat' dir='ltr'><strong>construenda</strong></span> <span class='ocrx_word' id='word_1_831' title='bbox 3035 4699 3155 4737; x_wconf 90' lang='lat' dir='ltr'><strong>arca</strong></span> <span class='ocrx_word' id='word_1_832' title='bbox 3193 4684 3339 4753; x_wconf 72' lang='lat' dir='ltr'><strong>ju~to</strong></span> <span class='ocrx_word' id='word_1_833' title='bbox 3369 4700 3574 4754; x_wconf 67' lang='lat' dir='ltr'><strong>prarce-</strong></span> 
     </span>
    </p>
   </div>
   <div class='ocr_carea' id='block_1_110' title="bbox 1961 4775 3541 4850">
    <p class='ocr_par' dir='ltr' id='par_1_110' title="bbox 1961 4775 3541 4850">
     <span class='ocr_line' id='line_1_110' title="bbox 1961 4775 3541 4850; baseline -0.004 -17"><span class='ocrx_word' id='word_1_834' title='bbox 1961 4781 2074 4850; x_wconf 90' lang='lat' dir='ltr'><strong>pit,</strong></span> <span class='ocrx_word' id='word_1_835' title='bbox 2116 4776 2470 4832; x_wconf 87' lang='lat' dir='ltr'><strong>eomtnunicat</strong></span> <span class='ocrx_word' id='word_1_836' title='bbox 2500 4786 2550 4829; x_wconf 88' lang='lat' dir='ltr'><strong>et</strong></span> <span class='ocrx_word' id='word_1_837' title='bbox 2579 4784 2760 4829; x_wconf 84' lang='lat' dir='ltr'><strong>narrat</strong></span> <span class='ocrx_word' id='word_1_838' title='bbox 2790 4775 2837 4828; x_wconf 90' lang='lat' dir='ltr'><strong>ci</strong></span> <span class='ocrx_word' id='word_1_839' title='bbox 2880 4776 3040 4827; x_wconf 86' lang='lat' dir='ltr'><strong>etiam</strong></span> <span class='ocrx_word' id='word_1_840' title='bbox 3096 4790 3267 4843; x_wconf 72' lang='lat' dir='ltr'><strong>poena:</strong></span> <span class='ocrx_word' id='word_1_841' title='bbox 3307 4776 3541 4844; x_wconf 86' lang='lat' dir='ltr'><strong>speciem</strong></span> 
     </span>
    </p>
   </div>
   <div class='ocr_carea' id='block_1_111' title="bbox 1962 4864 3576 4939">
    <p class='ocr_par' dir='ltr' id='par_1_111' title="bbox 1962 4864 3576 4939">
     <span class='ocr_line' id='line_1_111' title="bbox 1962 4864 3576 4939; baseline -0.001 -17"><span class='ocrx_word' id='word_1_842' title='bbox 1962 4884 2119 4939; x_wconf 89' lang='lat' dir='ltr'><strong>quam</strong></span> <span class='ocrx_word' id='word_1_843' title='bbox 2152 4868 2395 4921; x_wconf 88' lang='lat' dir='ltr'><strong>illaturus</strong></span> <span class='ocrx_word' id='word_1_844' title='bbox 2416 4874 2531 4921; x_wconf 86' lang='lat' dir='ltr'><strong>erat</strong></span> <span class='ocrx_word' id='word_1_845' title='bbox 2555 4907 2571 4931; x_wconf 92' lang='lat'><strong>,</strong></span> <span class='ocrx_word' id='word_1_846' title='bbox 2598 4876 2651 4919; x_wconf 88' lang='lat' dir='ltr'><strong>et</strong></span> <span class='ocrx_word' id='word_1_847' title='bbox 2696 4866 2824 4919; x_wconf 88' lang='lat' dir='ltr'><strong>dicit</strong></span> <span class='ocrx_word' id='word_1_848' title='bbox 2857 4885 2869 4920; x_wconf 96' lang='lat'><strong>:</strong></span> <span class='ocrx_word' id='word_1_849' title='bbox 2899 4864 2978 4919; x_wconf 81' lang='lat' dir='ltr'><strong>Tu</strong></span> <span class='ocrx_word' id='word_1_850' title='bbox 3009 4865 3222 4934; x_wconf 87' lang='lat' dir='ltr'><strong>quidem</strong></span> <span class='ocrx_word' id='word_1_851' title='bbox 3252 4865 3387 4920; x_wconf 86' lang='lat' dir='ltr'><strong>hanc</strong></span> <span class='ocrx_word' id='word_1_852' title='bbox 3412 4882 3537 4936; x_wconf 85' lang='lat' dir='ltr'><strong>para</strong></span> <span class='ocrx_word' id='word_1_853' title='bbox 3561 4907 3576 4929; x_wconf 89' lang='lat'><strong>,</strong></span> 
     </span>
    </p>
   </div>
   <div class='ocr_carea' id='block_1_112' title="bbox 1964 4957 3577 5029">
    <p class='ocr_par' dir='ltr' id='par_1_112' title="bbox 1964 4957 3577 5029">
     <span class='ocr_line' id='line_1_112' title="bbox 1964 4957 3577 5029; baseline -0.001 -14"><span class='ocrx_word' id='word_1_854' title='bbox 1964 4961 2100 5015; x_wconf 90' lang='lat' dir='ltr'><strong>sicut</strong></span> <span class='ocrx_word' id='word_1_855' title='bbox 2132 4960 2357 5028; x_wconf 81' lang='lat' dir='ltr'><strong>pra~ccpi</strong></span> <span class='ocrx_word' id='word_1_856' title='bbox 2384 4975 2396 5010; x_wconf 87' lang='lat'>:</span> <span class='ocrx_word' id='word_1_857' title='bbox 2428 4973 2528 5026; x_wconf 87' lang='lat' dir='ltr'><strong>ego</strong></span> <span class='ocrx_word' id='word_1_858' title='bbox 2558 4966 2737 5011; x_wconf 89' lang='lat' dir='ltr'><strong>autem</strong></span> <span class='ocrx_word' id='word_1_859' title='bbox 2760 4998 2773 5021; x_wconf 94' lang='lat'><strong>,</strong></span> <span class='ocrx_word' id='word_1_860' title='bbox 2821 4958 2908 5011; x_wconf 92' lang='lat' dir='ltr'><strong>ubi</strong></span> <span class='ocrx_word' id='word_1_861' title='bbox 2941 4969 2994 5011; x_wconf 88' lang='lat' dir='ltr'><strong>tu</strong></span> <span class='ocrx_word' id='word_1_862' title='bbox 3023 4957 3306 5013; x_wconf 65' lang='lat' dir='ltr'><strong>atdiﬁcnnn</strong></span> <span class='ocrx_word' id='word_1_863' title='bbox 3341 4961 3577 5029; x_wconf 86' lang='lat' dir='ltr'><strong>comple—</strong></span> 
     </span>
    </p>
   </div>
   <div class='ocr_carea' id='block_1_113' title="bbox 1966 5049 3573 5117">
    <p class='ocr_par' dir='ltr' id='par_1_113' title="bbox 1966 5049 3573 5117">
     <span class='ocr_line' id='line_1_113' title="bbox 1966 5049 3573 5117; baseline 0 -12"><span class='ocrx_word' id='word_1_864' title='bbox 1966 5052 2106 5105; x_wconf 70' lang='lat' dir='ltr'><strong>veris</strong></span> <span class='ocrx_word' id='word_1_865' title='bbox 2131 5092 2145 5116; x_wconf 95' lang='lat'><strong>,</strong></span> <span class='ocrx_word' id='word_1_866' title='bbox 2178 5052 2336 5105; x_wconf 84' lang='lat' dir='ltr'><strong>etiam</strong></span> <span class='ocrx_word' id='word_1_867' title='bbox 2368 5066 2428 5102; x_wconf 85' lang='lat' dir='ltr'><strong>ca</strong></span> <span class='ocrx_word' id='word_1_868' title='bbox 2462 5064 2578 5117; x_wconf 72' lang='lat' dir='ltr'><strong>qum</strong></span> <span class='ocrx_word' id='word_1_869' title='bbox 2606 5050 2670 5102; x_wconf 89' lang='lat' dir='ltr'><strong>ad</strong></span> <span class='ocrx_word' id='word_1_870' title='bbox 2705 5059 2756 5103; x_wconf 88' lang='lat' dir='ltr'><strong>te</strong></span> <span class='ocrx_word' id='word_1_871' title='bbox 2785 5049 3014 5103; x_wconf 91' lang='lat' dir='ltr'><strong>attinent</strong></span> <span class='ocrx_word' id='word_1_872' title='bbox 3041 5052 3093 5104; x_wconf 89' lang='lat' dir='ltr'><strong>in</strong></span> <span class='ocrx_word' id='word_1_873' title='bbox 3136 5060 3250 5105; x_wconf 89' lang='lat' dir='ltr'><strong>tuto</strong></span> <span class='ocrx_word' id='word_1_874' title='bbox 3275 5052 3573 5106; x_wconf 88' lang='lat' dir='ltr'><strong>collocabo.</strong></span> 
     </span>
    </p>
   </div>
   <div class='ocr_carea' id='block_1_114' title="bbox 1970 5142 3574 5214">
    <p class='ocr_par' dir='ltr' id='par_1_114' title="bbox 1970 5142 3574 5214">
     <span class='ocr_line' id='line_1_114' title="bbox 1970 5142 3574 5214; baseline -0.001 -16"><span class='ocrx_word' id='word_1_875' title='bbox 1970 5146 2056 5198; x_wconf 80' lang='lat' dir='ltr'><strong>l7.</strong></span> <span class='ocrx_word' id='word_1_876' title='bbox 2083 5142 2193 5214; x_wconf 82' lang='lat' dir='ltr'><strong>Ego</strong></span> <span class='ocrx_word' id='word_1_877' title='bbox 2219 5153 2386 5195; x_wconf 88' lang='lat' dir='ltr'><strong>autent</strong></span> <span class='ocrx_word' id='word_1_878' title='bbox 2410 5183 2423 5205; x_wconf 93' lang='lat'><strong>,</strong></span> <span class='ocrx_word' id='word_1_879' title='bbox 2454 5142 2650 5211; x_wconf 89' lang='lat' dir='ltr'><strong>inquit,</strong></span> <span class='ocrx_word' id='word_1_880' title='bbox 2678 5142 2917 5194; x_wconf 84' lang='lat' dir='ltr'><strong>inducam</strong></span> <span class='ocrx_word' id='word_1_881' title='bbox 2949 5142 3199 5196; x_wconf 83' lang='lat' dir='ltr'><strong>diluvium</strong></span> <span class='ocrx_word' id='word_1_882' title='bbox 3224 5185 3238 5208; x_wconf 94' lang='lat'><strong>,</strong></span> <span class='ocrx_word' id='word_1_883' title='bbox 3265 5161 3448 5213; x_wconf 88' lang='lat' dir='ltr'><strong>aquam</strong></span> <span class='ocrx_word' id='word_1_884' title='bbox 3488 5162 3574 5197; x_wconf 80' lang='lat' dir='ltr'><strong>su~</strong></span> 
     </span>
    </p>
   </div>
   <div class='ocr_carea' id='block_1_115' title="bbox 1968 5236 3579 5307">
    <p class='ocr_par' dir='ltr' id='par_1_115' title="bbox 1968 5236 3579 5307">
     <span class='ocr_line' id='line_1_115' title="bbox 1968 5236 3579 5307; baseline -0.001 -17"><span class='ocrx_word' id='word_1_885' title='bbox 1968 5254 2056 5307; x_wconf 83' lang='lat' dir='ltr'><strong>per</strong></span> <span class='ocrx_word' id='word_1_886' title='bbox 2073 5248 2278 5299; x_wconf 87' lang='lat' dir='ltr'><strong>terram,</strong></span> <span class='ocrx_word' id='word_1_887' title='bbox 2298 5244 2349 5287; x_wconf 88' lang='lat' dir='ltr'><strong>ut</strong></span> <span class='ocrx_word' id='word_1_888' title='bbox 2367 5245 2657 5301; x_wconf 87' lang='lat' dir='ltr'><strong>corrumpat</strong></span> <span class='ocrx_word' id='word_1_889' title='bbox 2674 5249 2872 5286; x_wconf 89' lang='lat' dir='ltr'><strong>omnem</strong></span> <span class='ocrx_word' id='word_1_890' title='bbox 2894 5250 3117 5296; x_wconf 87' lang='lat' dir='ltr'><strong>carnem,</strong></span> <span class='ocrx_word' id='word_1_891' title='bbox 3137 5236 3189 5287; x_wconf 87' lang='lat' dir='ltr'><strong>in</strong></span> <span class='ocrx_word' id='word_1_892' title='bbox 3212 5251 3311 5305; x_wconf 82' lang='lat' dir='ltr'><strong>qua</strong></span> <span class='ocrx_word' id='word_1_893' title='bbox 3333 5246 3406 5288; x_wconf 85' lang='lat' dir='ltr'><strong>est</strong></span> <span class='ocrx_word' id='word_1_894' title='bbox 3423 5237 3549 5304; x_wconf 83' lang='lat' dir='ltr'><strong>spiri</strong></span> <span class='ocrx_word' id='word_1_895' title='bbox 3562 5264 3579 5274; x_wconf 94' lang='lat'><strong>-</strong></span> 
     </span>
    </p>
   </div>
   <div class='ocr_carea' id='block_1_116' title="bbox 1972 5326 3583 5396">
    <p class='ocr_par' dir='ltr' id='par_1_116' title="bbox 1972 5326 3583 5396">
     <span class='ocr_line' id='line_1_116' title="bbox 1972 5326 3583 5396; baseline 0 -17"><span class='ocrx_word' id='word_1_896' title='bbox 1972 5340 2049 5382; x_wconf 87' lang='lat' dir='ltr'><strong>tus</strong></span> <span class='ocrx_word' id='word_1_897' title='bbox 2066 5329 2181 5381; x_wconf 74' lang='lat' dir='ltr'><strong>vita:</strong></span> <span class='ocrx_word' id='word_1_898' title='bbox 2199 5327 2368 5381; x_wconf 83' lang='lat' dir='ltr'><strong>subter</strong></span> <span class='ocrx_word' id='word_1_899' title='bbox 2388 5326 2588 5390; x_wconf 58' lang='lat' dir='ltr'><strong>caelum,</strong></span> <span class='ocrx_word' id='word_1_900' title='bbox 2609 5334 2655 5377; x_wconf 84' lang='lat' dir='ltr'><strong>et</strong></span> <span class='ocrx_word' id='word_1_901' title='bbox 2676 5340 3002 5394; x_wconf 62' lang='lat' dir='ltr'><strong>quarumque</strong></span> <span class='ocrx_word' id='word_1_902' title='bbox 3023 5326 3211 5395; x_wconf 81' lang='lat' dir='ltr'><strong>fuerint</strong></span> <span class='ocrx_word' id='word_1_903' title='bbox 3228 5343 3380 5396; x_wconf 84' lang='lat' dir='ltr'><strong>super</strong></span> <span class='ocrx_word' id='word_1_904' title='bbox 3398 5338 3583 5380; x_wconf 88' lang='lat' dir='ltr'><strong>terram</strong></span> 
     </span>
    </p>
   </div>
   <div class='ocr_carea' id='block_1_117' title="bbox 1970 5415 3585 5485">
    <p class='ocr_par' dir='ltr' id='par_1_117' title="bbox 1970 5415 3585 5485">
     <span class='ocr_line' id='line_1_117' title="bbox 1970 5415 3585 5485; baseline -0.003 -12"><span class='ocrx_word' id='word_1_905' title='bbox 1970 5421 2267 5473; x_wconf 83' lang='lat' dir='ltr'><strong>morientur.</strong></span> <span class='ocrx_word' id='word_1_906' title='bbox 2301 5415 2435 5471; x_wconf 90' lang='lat' dir='ltr'><strong>Vide</strong></span> <span class='ocrx_word' id='word_1_907' title='bbox 2450 5415 2721 5485; x_wconf 87' lang='lat' dir='ltr'><strong>quomodo</strong></span> <span class='ocrx_word' id='word_1_908' title='bbox 2751 5424 2804 5469; x_wconf 90' lang='lat' dir='ltr'><strong>et</strong></span> <span class='ocrx_word' id='word_1_909' title='bbox 2834 5430 2925 5483; x_wconf 87' lang='lat' dir='ltr'><strong>per</strong></span> <span class='ocrx_word' id='word_1_910' title='bbox 2968 5416 3138 5469; x_wconf 89' lang='lat' dir='ltr'><strong>minas</strong></span> <span class='ocrx_word' id='word_1_911' title='bbox 3169 5416 3399 5471; x_wconf 89' lang='lat' dir='ltr'><strong>ostendit</strong></span> <span class='ocrx_word' id='word_1_912' title='bbox 3426 5433 3585 5485; x_wconf 90' lang='lat' dir='ltr'><strong>quam</strong></span> 
     </span>
    </p>
   </div>
   <div class='ocr_carea' id='block_1_118' title="bbox 1970 5507 3587 5583">
    <p class='ocr_par' dir='ltr' id='par_1_118' title="bbox 1970 5507 3587 5583">
     <span class='ocr_line' id='line_1_118' title="bbox 1970 5507 3587 5583; baseline -0.002 -19"><span class='ocrx_word' id='word_1_913' title='bbox 1970 5511 2152 5583; x_wconf 75' lang='lat' dir='ltr'><strong>gravia</strong></span> <span class='ocrx_word' id='word_1_914' title='bbox 2176 5508 2248 5562; x_wconf 90' lang='lat' dir='ltr'><strong>illi</strong></span> <span class='ocrx_word' id='word_1_915' title='bbox 2276 5509 2632 5578; x_wconf 86' lang='lat' dir='ltr'><strong>peccaverint,</strong></span> <span class='ocrx_word' id='word_1_916' title='bbox 2655 5517 2709 5561; x_wconf 91' lang='lat' dir='ltr'><strong>et</strong></span> <span class='ocrx_word' id='word_1_917' title='bbox 2731 5508 2900 5575; x_wconf 92' lang='lat' dir='ltr'><strong>inquit</strong></span> <span class='ocrx_word' id='word_1_918' title='bbox 2931 5525 2942 5561; x_wconf 94' lang='lat'>:</span> <span class='ocrx_word' id='word_1_919' title='bbox 2970 5507 3178 5562; x_wconf 84' lang='lat' dir='ltr'><strong>Etenim</strong></span> <span class='ocrx_word' id='word_1_920' title='bbox 3202 5507 3445 5561; x_wconf 88' lang='lat' dir='ltr'><strong>eamdem</strong></span> <span class='ocrx_word' id='word_1_921' title='bbox 3478 5525 3587 5577; x_wconf 64' lang='lat' dir='ltr'><strong>put—</strong></span> 
     </span>
    </p>
   </div>
   <div class='ocr_carea' id='block_1_119' title="bbox 1976 5600 3584 5668">
    <p class='ocr_par' dir='ltr' id='par_1_119' title="bbox 1976 5600 3584 5668">
     <span class='ocr_line' id='line_1_119' title="bbox 1976 5600 3584 5668; baseline -0.002 -11"><span class='ocrx_word' id='word_1_922' title='bbox 1976 5620 2096 5658; x_wconf 90' lang='lat' dir='ltr'><strong>nam</strong></span> <span class='ocrx_word' id='word_1_923' title='bbox 2142 5602 2388 5655; x_wconf 90' lang='lat' dir='ltr'><strong>inducam</strong></span> <span class='ocrx_word' id='word_1_924' title='bbox 2424 5609 2528 5654; x_wconf 89' lang='lat' dir='ltr'><strong>tam</strong></span> <span class='ocrx_word' id='word_1_925' title='bbox 2575 5600 2963 5663; x_wconf 85' lang='lat' dir='ltr'><strong>rationalibus,</strong></span> <span class='ocrx_word' id='word_1_926' title='bbox 3012 5616 3170 5668; x_wconf 88' lang='lat' dir='ltr'><strong>quam</strong></span> <span class='ocrx_word' id='word_1_927' title='bbox 3218 5601 3440 5653; x_wconf 87' lang='lat' dir='ltr'><strong>rationis</strong></span> <span class='ocrx_word' id='word_1_928' title='bbox 3496 5616 3584 5653; x_wconf 74' lang='lat' dir='ltr'><strong>cx-</strong></span> 
     </span>
    </p>
   </div>
   <div class='ocr_carea' id='block_1_120' title="bbox 1978 5692 3587 5765">
    <p class='ocr_par' dir='ltr' id='par_1_120' title="bbox 1978 5692 3587 5765">
     <span class='ocr_line' id='line_1_120' title="bbox 1978 5692 3587 5765; baseline -0.001 -20"><span class='ocrx_word' id='word_1_929' title='bbox 1978 5694 2234 5765; x_wconf 86' lang='lat' dir='ltr'><strong>pcrtibus.</strong></span> <span class='ocrx_word' id='word_1_930' title='bbox 2264 5692 2397 5761; x_wconf 84' lang='lat' dir='ltr'><strong>Quia</strong></span> <span class='ocrx_word' id='word_1_931' title='bbox 2425 5694 2570 5746; x_wconf 89' lang='lat' dir='ltr'><strong>enim</strong></span> <span class='ocrx_word' id='word_1_932' title='bbox 2617 5692 2970 5761; x_wconf 86' lang='lat' dir='ltr'><strong>principatum</strong></span> <span class='ocrx_word' id='word_1_933' title='bbox 3002 5706 3160 5747; x_wconf 92' lang='lat' dir='ltr'><strong>suum</strong></span> <span class='ocrx_word' id='word_1_934' title='bbox 3208 5694 3549 5761; x_wconf 84' lang='lat' dir='ltr'><strong>prodiderunt</strong></span> <span class='ocrx_word' id='word_1_935' title='bbox 3576 5735 3587 5755; x_wconf 88' lang='lat'><strong>,</strong></span> 
     </span>
    </p>
   </div>
   <div class='ocr_carea' id='block_1_121' title="bbox 1979 5784 3593 5857">
    <p class='ocr_par' dir='ltr' id='par_1_121' title="bbox 1979 5784 3593 5857">
     <span class='ocr_line' id='line_1_121' title="bbox 1979 5784 3593 5857; baseline -0.001 -13"><span class='ocrx_word' id='word_1_936' title='bbox 1979 5789 2109 5845; x_wconf 81' lang='lat' dir='ltr'><strong>etin</strong></span> <span class='ocrx_word' id='word_1_937' title='bbox 2144 5786 2423 5842; x_wconf 83' lang='lat' dir='ltr'><strong>brutnrum</strong></span> <span class='ocrx_word' id='word_1_938' title='bbox 2468 5785 2716 5841; x_wconf 79' lang='lat' dir='ltr'><strong>ferociam</strong></span> <span class='ocrx_word' id='word_1_939' title='bbox 2757 5784 3127 5851; x_wconf 82' lang='lat' dir='ltr'><strong>declinarunt,</strong></span> <span class='ocrx_word' id='word_1_940' title='bbox 3158 5787 3298 5843; x_wconf 83' lang='lat' dir='ltr'><strong>nulla</strong></span> <span class='ocrx_word' id='word_1_941' title='bbox 3347 5790 3446 5843; x_wconf 88' lang='lat' dir='ltr'><strong>erit</strong></span> <span class='ocrx_word' id='word_1_942' title='bbox 3480 5805 3593 5857; x_wconf 63' lang='lat' dir='ltr'><strong>pa;-</strong></span> 
     </span>
    </p>
   </div>
  </div>
