4070 6382
291 490 728 562 κίιτακλυσμὸν
750 489 968 554 ὕδατος
999 485 1382 558 καταφθεῖραι
1417 481 1626 538 πᾶσαν
1653 479 1872 550 σάρκα.
1904 481 1973 534 ἐν

291 574 330 651 ᾖ
356 579 493 632 ἐστι
531 577 769 646 πνεῦμα
810 574 957 643 ζωῆς
987 571 1268 641 ὑποκάτω
1308 570 1416 624 τοῦ
1445 567 1729 637 οὐραγοῦ.
1767 567 1876 620 Καὶ
1907 565 1977 617 τά

293 668 490 738 κτήνη,
524 666 680 736 φησί,
709 665 802 719 καὶ
836 664 907 717 τά
937 660 1181 724 πετεινὰ,
1212 659 1306 715 καὶ
1333 658 1403 712 τὰ
1438 658 1633 730 θηρία,
1666 657 1735 709 τὰ
1773 656 1867 709 καὶ
1896 671 1976 707 τε·

296 754 560 825 τράποδα,
588 755 682 807 καί
714 755 814 807 ὅσα
847 749 994 804 ἐστὶν
1012 747 1272 804 ὑποκάτω
1289 746 1385 801 τοῦ
1411 743 1666 818 οὐρανοῦ,
1697 741 1978 812 καταφθα-

296 843 548 912 ρησεται.
580 839 690 893 Καὶ
726 839 814 892 ῑνα
837 837 1041 909 μάθῃς,
1072 833 1227 907 [εεει
1255 835 1337 888 ὅτι
1358 832 1512 887 οὐδὲν
1539 828 1977 901 καταλειφθήσε-

293 945 382 981 ται
417 940 468 993 ι,
507 924 663 997 φησί,
687 925 800 980 Kal
823 925 941 979 ὅσα
964 922 1139 979 ἐστίν
1165 921 1266 976 ἐπί
1305 920 1418 988 τῆς
1461 918 1571 990 τῆς
1603 918 1972 984 τελευτήσει.

298 1015 407 1068 Καὶ
463 1013 576 1084 γὰρ
623 1011 926 1084 καθαρσίου
981 1010 1168 1064 λοιπον
1192 1009 1363 1063 δεῖται
1395 1009 1427 1077 η
1455 1007 1751 1078 οἰκουμένη
1782 1047 1797 1072 ,
1843 1004 1978 1060 ἀλλά

294 1095 454 1155 τοῦτο
490 1103 566 1172 μή
612 1118 671 1153 σε
710 1095 1210 1170 ταραττέτωιμηδὲ
1247 1095 1517 1166 συγχείτω
1547 1111 1640 1148 σου
1685 1095 1778 1148 τὸν
1831 1093 1980 1162 λογι-

299 1191 457 1259 σμόν.
501 1188 676 1261 Ὁρῶν
720 1188 829 1258 γὰρ
857 1183 1040 1242 αὐτῶν
1065 1183 1159 1237 τοῦ
1191 1183 1386 1246 ἐλκους
1409 1182 1473 1235 τὸ
1499 1183 1748 1246 ἀνίατον,
1781 1183 1978 1250 στῆσαι

297 1277 563 1347 βούλομαι
583 1275 654 1328 τά
683 1273 782 1342 τῆς
813 1273 1011 1335 κακίας
1035 1270 1308 1343 ῥεύματα,
1335 1269 1422 1322 ἵνα
1453 1270 1529 1340 μὴ
1563 1269 1774 1339 μείζοσι
1808 1285 1980 1347 τιμω-

295 1345 443 1434 ρίαις
467 1345 701 1422 ήέαυτούς
721 1359 1055 1422 ὑπευθύνους
1085 1357 1487 1426 καταστήσωσι.
1515 1356 1608 1408 Διὸ
1630 1355 1726 1408 καί
1755 1353 1849 1406 νΞν
1881 1345 1980 1423 τῆν

295 1449 496 1505 ἐαυτοῦ
524 1447 936 1519 φιλανθρωπίαν
966 1444 1325 1516 μιμούμενος,
1352 1445 1446 1496 καὶ
1464 1441 1762 1512 ἀγαθότητι
1783 1458 1979 1512 κεραν-

295 1541 392 1603 νύς
420 1537 523 1608 τὴν
543 1536 942 1606 ἀγανάκτησιν,
973 1535 1228 1603 τοιαύτην
1252 1532 1443 1599 ἐπάγω
1468 1532 1565 1603 τὴν
1590 1529 1880 1601 τιμωρίαν,
1903 1530 1978 1592 ὼς

295 1625 570 1681 ἀνώδυνον
607 1623 792 1685 αὐτοῖς
827 1620 1080 1688 γενέσθαι
1119 1622 1214 1674 καὶ
1247 1618 1664 1688 ἀνεπαίσθητον.
1710 1617 1839 1671 Οὐδὲ
1870 1618 1978 1687 γὰρ

300 1712 437 1782 πρὸς
464 1710 528 1764 τὸ
560 1711 669 1763 τῶν
702 1708 1110 1780 ἡμαρτημένων
1137 1708 1320 1771 αὐτοῖς
1345 1705 1574 1778 μέγεθος
1595 1704 1836 1776 ἀφορῶν,
1859 1704 1978 1758 οὐδὲ

299 1800 460 1853 τίνων
501 1797 642 1862 ἄξιοι
666 1794 1048 1866 τυγχάνουσιν,
1076 1793 1212 1848 ἀλλά
1240 1793 1307 1846 τὰ
1338 1792 1476 1863 μετά
1496 1791 1669 1845 ταῦτα
1704 1791 1975 1864 προορῶν,

300 1887 393 1939 καί¹
420 1885 631 1948 τούτοις
655 1883 913 1954 βούλομαι
942 1881 1040 1952 τὴν
1065 1881 1444 1952 ἁρμόττουσαν
1469 1879 1741 1949 τιμωρίαν
1770 1879 1980 1946 ἐπαγα-

297 1977 448 2042 γεῖν,
486 1971 584 2025 καὶ
612 1971 737 2034 τούς
765 1969 892 2040 ἐξῆς
928 1967 1228 2039 μέλλοντας
1262 1964 1482 2019 ἔσεσθαι
1511 1965 1607 2037 τῆς
1661 1965 1726 2018 ἐκ
1773 1965 1978 2018 τούτων

297 2057 606 2124 ἀπαλλάξαι
638 2057 836 2127 λύμης.
868 2054 961 2126 Μὴ
1001 2052 1175 2107 τοίνυν
1202 2052 1453 2124 κατηφὴς
1497 2050 1622 2116 Eoo,
1660 2052 1792 2122 μηδὲ
1819 2051 1979 2124 θορυ-

299 2147 395 2202 ϐοῦ
415 2145 591 2202 ταῦτα
618 2142 853 2199 ἀκούων.
881 2143 945 2196 El
975 2141 1086 2212 γάρ
1115 2141 1208 2193 καὶ
1247 2138 1490 2203 ἐκείνους
1517 2137 1642 2203 ἀξία
1667 2138 1774 2191 τῶν
1797 2139 1978 2210 ἡμαρ-

299 2233 552 2306 τςμᾶνων
581 2232 703 2302 δίκη
731 2229 1120 2300 καταλήψεται,
1150 2226 1286 2281 ἀλλά
1309 2224 1521 2293 Στήσω
1547 2226 1661 2296 τὴν
1683 2226 1982 2298 διαθήκην

296 2338 417 2390 μου
434 2319 588 2390 μετὰ
610 2317 746 2372 σοῦ.
781 2315 1000 2386 Ἐπειδὴ
1031 2314 1231 2376 πάντες
1261 2313 1310 2364 οἱ
1339 2310 1704 2380 προλαϐόντες
1727 2310 1979 2378 ἀναξίους

301 2407 528 2478 ἐαυτούς
561 2403 925 2474 κατέστησαν,
950 2403 1042 2455 καὶ
1067 2401 1128 2453 οὐ
1155 2399 1439 2468 γεγόνασιν
1469 2397 1812 2470 εὐγνώμονες
1849 2402 1981 2471 περὶ

300 2493 399 2560 τὰς
432 2493 576 2564 ἐμὰς
609 2489 829 2556 ἐντολὰς
854 2529 869 2553 ,
905 2487 1043 2561 μετὰ
1075 2486 1169 2541 σοῦ
1206 2487 1394 2541 λοιπὸν
1437 2489 1621 2559 στήσω
1653 2487 1752 2557 τὴν
1788 2485 1978 2560 διαθή-

300 2598 405 2653 κην
430 2598 554 2652 μου.
584 2580 694 2632 Καὶ
719 2579 826 2648 γὰρ
850 2579 880 2632 6
905 2575 1349 2649 πρωτόπλαστος,
1372 2575 1510 2647 μετά
1531 2575 1798 2639 τοσαύτας
1822 2575 1980 2647 εὐερο

301 2669 491 2738 γεσίας
523 2667 740 2736 ἀπάτην
782 2664 1082 2735 ὑπομείνας
1105 2704 1120 2728 ,
1157 2663 1375 2734 παρέϐη
1426 2681 1528 2734 μου
1577 2663 1675 2726 τὰς
1726 2663 1978 2731 ἐντολὰς,

302 2759 394 2810 καὶ
421 2757 452 2810 6
483 2755 543 2822 ἐξ
569 2755 780 2808 ἐκείνου
808 2751 969 2807 πάλιν
996 2752 1209 2822 τεχθεὶς
1239 2753 1320 2814 είς
1348 2751 1512 2804 αὐτόν
1539 2751 1638 2821 τῆς
1665 2753 1860 2815 κακίας
1889 2752 1980 2806 τὸν

303 2842 556 2912 πυθμένα
589 2839 784 2894 ὤλισθε
804 2856 820 2870 ·
846 2839 930 2893 διὸ
959 2837 1054 2892 καὶ
1087 2838 1308 2909 διηνεκῆ
1342 2838 1440 2908 τὴν
1462 2838 1734 2910 τιμωρίαν
1763 2837 1983 2904 ἐδέξατο

305 2930 444 3002 μετά
472 2931 572 3000 τῆς
599 2927 867 2999 κατάρας.
913 2926 1051 2981 Ἀλλ’
1075 2927 1198 2979 οὐδὲ
1228 2930 1348 2988 ταῖς
1379 2925 1568 2979 τούτου
1606 2927 1896 2996 τιμωρίαις
1931 2928 1981 2979 οί

306 3019 423 3088 μετ’
453 3017 616 3070 αὐτὸν
639 3013 1140 3086 ἐσωφρονίσθησαν,
1172 3014 1310 3068 ἀλλά
1345 3015 1435 3067 καὶ
1469 3014 1979 3083 έπεδαψιλεύσαντο,

301 3107 378 3172 ὡς
405 3106 501 3158 καὶ
529 3104 628 3174 τῆς
663 3102 1012 3172 γενεαλογίας
1047 3101 1244 3164 αὐτοὺς
1275 3100 1803 3171 ἀποδοκιμασθῆναι.
1829 3101 1983 3156 Μετά

302 3193 366 3265 δὴ
391 3190 569 3244 ταῦτα
601 3187 776 3257 εὑρὼν
809 3188 899 3241 τὸν
937 3185 1106 3256 Ἑνὼχ
1137 3189 1234 3257 τῆς
1273 3187 1476 3257 ἀρετῆς
1513 3187 1610 3256 τὴν
1653 3189 1839 3240 εἰκόνα
1868 3188 1985 3242 δια..

304 3277 570 3343 σώζοντα,
597 3276 684 3328 διὰ
715 3277 815 3346 τὴν
842 3274 1042 3344 πολλὴν
1065 3274 1423 3345 εὐαρέστησιν
1451 3273 1631 3337 ζῶντα
1657 3275 1819 3328 αὐτὸν
1853 3293 1985 3345 μετ-

306 3365 500 3435 ἔθηκα,
531 3363 744 3426 δεικνὺς
779 3363 874 3416 καὶ
919 3364 1032 3422 τοῖς
1069 3359 1168 3432 τὴν
1223 3360 1426 3430 ἀρετὴν
1483 3359 1792 3430 μετιοῦσιν,
1844 3363 1985 3416 ὅσων

305 3451 686 3518 καταξιοῦνται
738 3451 844 3502 τῶν
873 3449 1115 3520 άμοιὸῶν
1141 3488 1155 3512 ,
1191 3448 1287 3500 καὶ
1317 3448 1640 3518 βουλόμενος
1685 3452 1812 3514 τοὺς
1858 3451 1986 3521 ἑξῆς

306 3539 553 3610 ζηλωτάς
585 3537 790 3591 ἐκείνου
825 3536 1162 3605 καταστῆσαι
1194 3536 1243 3599 δ,
1275 3537 1369 3588 καὶ
1422 3536 1520 3606 τὴν
1572 3538 1744 3608 αὐτὴν
1793 3540 1986 3610 ἐκείνῳ

308 3625 521 3695 βαδίσαι
552 3623 688 3677 ὀδόν.
725 3622 878 3676 Ἐπεὶ
911 3623 1119 3684 τοίνυν,
1161 3622 1378 3676 πάντων
1411 3622 1596 3674 λοιπὸν
1639 3626 1730 3676 ἐπὶ
1757 3625 1855 3694 τὴν
1889 3643 1987 3678 κα-

243 3766 246 3768 .
308 3713 430 3768 κίαν
459 3710 948 3781 αὐτομολησάντων
967 3751 983 3774 ,
1020 3709 1081 3762 σὲ
1116 3710 1274 3781 μόνον
1303 3702 1463 3780 εὗρον
1497 3712 1552 3762 ἐν
1582 3713 1822 3782 τοσούτῳ
1852 3712 1988 3784 πλή-

308 3799 389 3854 θει
421 3799 722 3870 δυνάμενον
750 3795 1192 3852 ἀνακαλέσασθαι
1221 3795 1315 3849 τοῦ
1354 3798 1702 3868 προπάτορος
1734 3802 1831 3869 τὴν
1883 3819 1985 3854 πα-

311 3888 576 3960 ράϐασιν,
616 3884 753 3956 μετά
786 3883 881 3937 σοῦ
936 3884 1117 3954 στήσω
1163 3884 1262 3954 τῆν
1301 3884 1566 3955 διαθήκην
1615 3903 1738 3954 μου.
1781 3887 1843 3940 'H
1877 3890 1986 3960 γὰρ

307 3976 414 4031 τῶν
449 3973 794 4046 βεϐιωμένων
825 3989 906 4024 σοι
934 3971 1130 4042 πρᾶξις
1163 3969 1474 4036 ἀξιόπιστόν
1502 3989 1558 4024 σε
1583 3973 1820 4027 δείκνυσι
1851 3977 1988 4046 πρδς

307 4063 367 4119 τὸ
392 4061 649 4128 δέξασθαι
703 4060 802 4122 τάς
851 4059 983 4130 παρ’
1017 4057 1153 4130 ἐμοῦ
1189 4059 1427 4122 ἐντολάς.
1467 4055 1601 4112 Εἶτα
1650 4060 1738 4115 ἵνα
1770 4062 1845 4133 μὴ
1895 4065 1988 4118 καὶ

307 4150 482 4206 ταῦτα
526 4146 740 4201 ἀκούων
784 4147 815 4198 6
863 4145 1069 4208 δίκαιος
1111 4147 1317 4210 ἐκεῖνος
1349 4147 1426 4199 ἐτι
1463 4147 1676 4218 ἀθυμῇ,
1713 4149 1791 4212 ὡς
1826 4151 1988 4220 μόνος

311 4237 521 4309 μέλ-λων
545 4231 1105 4303 καταλειφθήσεσθαι,
1149 4233 1643 4304 παραμυθούμενος
1678 4237 1839 4289 αὐτὸν
1861 4278 1875 4300 ,
1911 4240 1988 4302 ὡς

311 4327 484 4380 εἰπεῖν
506 4363 520 4386 ,
551 4323 714 4376 πάλιν
760 4319 949 4391 φησίνο
980 4322 1318 4390 Εἰσελεύσῃ
1368 4323 1433 4375 δὲ
1463 4326 1551 4387 είς
1580 4324 1693 4391 τὴν
1741 4327 2009 4380 κιϐωτὸν·

310 4413 413 4480 σὺ,
439 4412 540 4466 καί
576 4413 629 4464 οι
661 4411 780 4463 υίοί
810 4424 950 4472 σου,
983 4410 1082 4462 καί
1117 4411 1155 4476 ἠ
1194 4411 1351 4478 γυνή
1379 4425 1496 4464 σου
1517 4450 1530 4473 ,
1565 4412 1660 4464 καὶ
1687 4416 1746 4465 al
1783 4416 1988 4482 γυναῖ.

312 4518 416 4566 κες
447 4498 567 4552 τῶν
597 4496 746 4551 υἱῶν
771 4511 888 4551 σου
915 4498 1065 4566 μετὰ
1090 4497 1227 4551 σοῦ.
1255 4496 1317 4550 Εἰ
1347 4498 1455 4568 γάρ
1479 4501 1571 4551 καὶ
1603 4501 1736 4554 πολύ
1767 4505 1864 4573 τῆς
1894 4506 1988 4557 τοῦ

311 4588 522 4642 δικαίου
549 4585 753 4656 ἀρετῆς
800 4583 1112 4649 ἐλείποντο,
1145 4585 1261 4637 ἀλλ’
1300 4586 1450 4655 ὅμως
1485 4590 1582 4657 τῆς
1620 4588 1991 4658 ὑπερϐαλλού-

313 4692 412 4746 σης
445 4673 673 4728 ἐκείνων
705 4672 903 4734 κακίας
930 4671 1084 4736 ἐκτὸς
1116 4669 1277 4743 ἦσαν.
1308 4672 1518 4736 Ἀλλως
1551 4674 1606 4726 δὲ
1652 4677 1746 4729 καί
1773 4677 1859 4732 διὰ
1899 4678 1992 4733 δύο

309 4760 516 4821 ταύτας
539 4757 642 4820 τὰς
663 4757 840 4819 αἰτίας
863 4757 960 4828 τῆς
992 4758 1267 4830 σωτηρίας
1302 4759 1668 4827 ἀπολαύουσι,
1701 4762 1831 4833 μίαν
1869 4765 1988 4835 μὲν,

311 4849 391 4912 εἰς
417 4845 588 4916 τιμὴν
617 4841 712 4898 τοῦ
760 4845 969 4897 δικαίου
993 4858 1005 4873 ·
1040 4844 1164 4906 ἔθος
1193 4854 1302 4915 γάρ
1347 4846 1424 4916 τῷ
1477 4849 1844 4922 φιλανθρώπῳ
1872 4854 1992 4925 Θεῷ

311 4936 476 5006 τιμᾷν
506 4933 634 4995 τοὺς
668 4930 832 4985 αὐτοῦ
871 4931 1086 4995 δούλους
1112 4972 1126 4995 ,
1161 4933 1254 4985 καὶ
1295 4933 1617 5003 χαρίζεσθαι
1649 4939 1836 5002 αὐτοῖς
1863 4943 1991 4994 πολ-

310 5023 469 5085 λάκις
512 5020 610 5090 τὴν
649 5019 854 5089 ἐτέρων
905 5019 1177 5091 σωτηρίαν
1200 5061 1212 5079 ,
1253 5019 1282 5072 δ
1317 5023 1409 5075 καὶ
1461 5025 1558 5076 ἐπὶ
1591 5025 1684 5078 τοῦ
1718 5030 1991 5102 μακαρίου

314 5108 529 5164 Παύλου
570 5106 859 5176 πεποίηκε,
902 5107 993 5159 τοῦ
1018 5107 1340 5162 διδασκάλου
1373 5110 1472 5179 τῆς
1503 5112 1825 5184 οἰκουμένης
1851 5154 1865 5176 ,
1899 5115 1992 5169 τοῦ

314 5192 592 5264 πανταχοῦ
617 5193 716 5254 τὰς
747 5195 969 5257 ἀκτῖνας
997 5195 1095 5265 τῆς
1120 5195 1327 5258 οἰκείας
1352 5196 1693 5262 διδασκαλίας
1719 5202 1989 5267 ἀφιέντος.

325 5281 519 5336 Ἢνίκα
547 5280 656 5352 γάρ
697 5273 851 5341 οὗτος
879 5280 972 5331 ἐπὶ
1007 5281 1106 5349 τὴν
1148 5281 1370 5351 Ῥώμην
1409 5286 1641 5354 ἀνήγετο
1669 5326 1681 5347 ,
1729 5290 1994 5356 χειμῶνος

315 5369 455 5424 κατά
480 5369 583 5438 τὴν
612 5367 881 5421 θάλατταν
913 5367 1108 5420 πολλοῦ
1143 5370 1438 5439 γενομένου
1459 5413 1474 5436 ,
1501 5372 1594 5425 καὶ
1632 5375 1847 5428 πάντων
1887 5378 1996 5430 τῶν

315 5457 372 5510 ἐν
400 5455 481 5527 τῷ
513 5452 683 5524 πλοίῳ
715 5455 844 5524 περὶ
875 5455 1043 5525 αὐτῆς
1079 5459 1179 5526 τῆς
1211 5459 1482 5528 σωτηρίας
1511 5459 1831 5514 δεδοικότων
1852 5502 1865 5525 ,
1905 5466 1996 5516 καί

315 5543 574 5614 οὐδεμίαν
607 5540 798 5595 ἐλπίδα
833 5541 986 5614 [2231
1014 5543 1255 5616 χρηστὴν
1285 5546 1518 5613 ἐχόντων
1547 5546 1634 5601 διά
1663 5549 1724 5601 τὸ
1755 5550 1850 5602 τοῦ
1881 5551 1999 5604 κλυ-

318 5630 506 5684 δωνίου
543 5628 774 5699 μέγεθος
794 5670 809 5695 ,
841 5631 1078 5693 καλέσας
1107 5631 1354 5695 ἅπαντάς
1399 5652 1570 5704 φησιν
1594 5653 1607 5667 ·
1649 5639 1996 5705 Εὑθυμεῑτε,

319 5717 554 5785 ἄνδρες.
573 5716 860 5782 Ἁποϐολὴ
884 5718 993 5786 γὰρ
1019 5718 1229 5788 ψυχῆς
1255 5721 1502 5791 οὐδεμία
1532 5724 1700 5778 ἔσται
1731 5726 1800 5790 ἐξ
1830 5726 1998 5796 ’ἡμῶν

322 5803 487 5872 πλὴν
513 5803 621 5858 τοῦ
657 5804 896 5858 πλοίου.
928 5805 1206 5875 Παρέστη
1241 5810 1352 5877 γάρ
1375 5829 1473 5879 μοι
1501 5813 1687 5881 ταύτῃ
1727 5813 1798 5882 τῇ
1823 5816 1994 5869 ι·ι.ττὶ

380 5946 395 6005 ζ’
433 5941 586 6005 ξανὶι.
610 5947 666 5990 el
692 5941 774 5991 alii
807 5943 1217 6005 ὐπολιιφθῆσεται.

381 6002 408 6044 δ
433 6003 609 6055 Iorel.
637 6005 848 6064 ζηλωτὰς
881 6002 1028 6054 αὐτοῦ
1069 6013 1376 6066 καταστῆναι.

1457 367 1523 424 ΙΝ
1560 368 1712 423 CAP.
1749 366 1817 421 Vl
1852 364 2100 422 GENES.
2143 362 2373 420 HOMIL.
2417 361 2608 417 XXIV.

3661 349 3770 406 illi

2082 475 2188 531 τοῦ
2217 477 2390 541 Θεοῦ,
2417 472 2489 534 οὗ
2520 479 2635 545 ειμι
2667 475 2762 529 καί
2795 473 3086 543 λατρεύω,
3131 471 3389 543 ἅγγελος
3432 467 3644 537 λέγων,
3670 469 3770 536 Μὴ

2077 564 2290 633 φοϐοῦ,
2329 564 2530 618 Παῦλε
2557 603 2572 625 ,
2604 561 2956 631 κεχάρισται
2995 559 3108 630 γάρ
3133 576 3233 614 σοι
3267 561 3300 614 ὸ
3351 557 3495 624 Θεὸς
3539 554 3772 620 πάντας

2079 651 2220 718 τοὺς
2245 651 2542 716 πλέοντας
2573 652 2728 718 μετὰ
2760 649 2900 704 σοῦ.
2942 644 3094 711 Εἶδες
3130 647 3249 710 πῶς
3282 648 3314 718 ἡ
3345 643 3518 714 ἀρετὴ
3550 640 3647 696 τοῦ
3679 643 3771 696 ἀν-

2076 737 2203 806 δρὸς
2235 737 2333 810 τὴν
2365 735 2639 808 σωτηρίαν
2672 736 2903 798 ἐκείνοις
2934 734 3305 806 προεξένησες
3357 730 3557 802 μᾶλλον
3589 729 3647 784 δέ
3671 731 3773 800 οὐχ

2077 825 2108 890 ἡ
2145 822 2317 894 ἀρετὴ
2349 820 2531 891 μόνον,
2573 818 2708 873 ἀλλά
2739 819 2835 872 καὶ
2870 821 2903 888 ἡ
2933 816 3316 889 φιλανθρωπία
3347 813 3440 868 τοῦ
3471 813 3768 866 Δεσπότου.

2079 904 2183 956 Τὸν
2211 903 2378 957 αὐτὸν
2405 903 2469 974 δὴ
2500 903 2700 975 τρόπον
2729 904 2822 954 καὶ
2869 899 2966 954 νῦν
2994 899 3083 954 διὰ
3121 901 3251 971 μίαν
3299 900 3398 970 μὲν
3425 897 3606 952 αἰτίαν
3636 895 3772 950 ταύ-

2077 1008 2178 1059 την
2197 1009 2212 1022 ·
2247 991 2316 1045 δι’
2346 990 2544 1063 ἑτέραν
2572 990 2654 1053 δέ,
2685 988 2873 1060 ἐπειδὴ
2914 988 3168 1043 ἐϐούλετο
3199 987 3379 1058 ζύμην
3409 984 3533 1038 τινά
3557 984 3654 1037 καὶ
3687 982 3770 1053 pt-

2079 1077 2180 1143 ζαν
2228 1076 2322 1131 τοῦ
2361 1077 2653 1148 μέλλοντος
2683 1079 2764 1140 εἰς
2809 1078 2871 1130 τὸ
2899 1076 3027 1147 ἑξῆς
3056 1073 3412 1128 συνίστασθαι
3445 1073 3638 1141 γένους
3673 1086 3773 1123 κα-

2077 1165 2434 1236 ταλειφθῆναι
2467 1180 2484 1196 ⁸
2531 1165 2631 1218 οὐκ
2685 1163 2876 1236 ἐπειδὴ
2931 1163 3195 1216 ἀδύνατον
3251 1157 3322 1234 ἦν
3372 1160 3452 1232 τῷ
3500 1158 3621 1230 Θεῷ
3680 1159 3773 1213 καὶ

2081 1252 2288 1308 ἀνωθεν
2328 1252 2494 1306 πάλιν
2534 1252 2869 1320 διαπλάσαι,
2899 1253 2993 1305 καὶ
3044 1251 3104 1318 ἐξ
3158 1251 3276 1314 ἐνὸς
3332 1251 3494 1320 μόνου
3525 1249 3587 1303 τὺ
3617 1249 3775 1320 γένος

2081 1340 2313 1410 αὐξῆσαι
2334 1356 2348 1369 ο
2382 1339 2703 1410 ἀλλ’ἐπειδὴ
2739 1339 2915 1403 οὕτως
2949 1340 3264 1410 ἐδοκίμασε,
3293 1339 3392 1410 τὴν
3424 1337 3602 1391 οἰκίαν
3634 1339 3773 1407 ἀγα·-

2082 1426 2279 1498 θότητα
2304 1430 2662 1497 μιμούμενος.

2149 1513 2215 1569 ε’.
2249 1512 2448 1566 Σκόπει
2463 1513 2520 1566 δὲ
2543 1513 2638 1566 καὶ
2660 1512 2746 1565 διὰ
2771 1511 2878 1564 τῶν
2896 1512 3024 1583 ἑξῆς
3047 1509 3145 1566 τοῦ
3160 1510 3295 1566 Θεοῦ
3321 1511 3418 1584 τὴν
3435 1511 3771 1581 άγαθότητα.

2083 1601 2294 1672 ’Ὠσπερ
2328 1601 2437 1672 γάρ
2465 1601 2522 1653 ἐν
2549 1603 2616 1672 τῇ
2647 1600 2842 1672 ἀπειλῇ
2873 1604 2973 1670 τῆς
3011 1600 3322 1672 τιμωρίας,
3365 1599 3503 1670 μετά
3529 1599 3626 1653 τοῦ
3666 1601 3776 1654 τῶν

2082 1687 2386 1760 ἀνθρώπων
2415 1690 2607 1757 γένους
2635 1689 2728 1742 καὶ
2772 1688 2840 1741 τὰ
2866 1689 3041 1759 κτήνη
3074 1687 3167 1741 καὶ
3196 1686 3264 1740 τά
3305 1685 3514 1756 ἑρπετά
3534 1727 3549 1752 ,
3583 1688 3677 1742 καὶ
3706 1688 3778 1741 τά

2081 1775 2327 1839 πετεινὰ,
2362 1775 2556 1829 καὶτὰ
2583 1774 2750 1846 θηρία
2773 1774 3070 1827 ἀπολέσθαι
3124 1768 3306 1828 εἵπενο
3357 1772 3504 1827 οὕτω
3549 1772 3645 1828 καί
3691 1775 3777 1826 lv-

2080 1861 2255 1916 ταῦθα
2275 1862 2363 1916 διά
2386 1862 2478 1915 τὸν
2515 1861 2722 1916 δίκαιον
2753 1862 2847 1914 καὶ
2880 1861 2944 1914 ἐκ
2977 1860 3184 1916 τούτων
3215 1860 3538 1930 εἰσαχθῆναι
3568 1861 3648 1924 εἰς
3676 1859 3774 1927 τὴν

2081 1949 2315 2004 κιϐωτὸν
2347 1948 2440 2018 ἀφ’
2470 1950 2701 2004 ἑκάστου
2728 1948 2922 2017 γάνους
2957 1948 3287 2018 προστάττει
3325 1949 3454 2017 μίαν
3485 1947 3774 2016 συζυγίαν,

2080 2037 2222 2090 ὥστε
2259 2037 2480 2107 σπέρμα
2515 2038 2607 2090 καὶ
2658 2035 2914 2107 ἀπαρχὴν
2962 2035 3220 2103 γενέσθαι
3259 2035 3356 2088 τοῦ
3413 2034 3553 2105 μετά
3600 2035 3776 2088 ταῦτα

2083 2124 2368 2195 μέλλοντος
2412 2123 2631 2177 ἔσεσθαι
2677 2123 2937 2194 πλήθους.
2979 2113 3248 2177 Καλάπὸ
3285 2123 3567 2188 πάντων,
3619 2125 3772 2194 φησί,
3845 2126 3847 2128 ’

2080 2211 2200 2267 τῶν
2223 2210 2482 2278 κτηνῶν,
2515 2201 2614 2264 καί
2645 2210 2764 2264 ἀπὸ
2803 2208 3051 2263 πάντων
3083 2207 3201 2263 τῶν
3233 2211 3454 2278 θηρίων
3476 2251 3491 2271 ,
3526 2211 3626 2264 καί
3655 2211 3776 2265 ἀπὸ

2080 2298 2288 2366 πάσης
2321 2296 2586 2366 σαρκὸς,
2639 2296 2749 2350 δύο
2789 2295 2899 2349 δύο
2936 2294 3055 2350 ἀπὸ
3106 2294 3351 2349 πάντων
3389 2296 3655 2364 εἰσάξεις
3689 2299 3778 2364 εἰς

2080 2380 2196 2449 τὴν
2225 2379 2500 2445 κιϐωτὸν,
2534 2380 2636 2432 ἵνα
2665 2377 2894 2449 τρέφῃς
2919 2379 3072 2447 μετὰ
3101 2378 3368 2433 σεαυτοῦ
3395 2395 3407 2409 ·
3439 2379 3635 2447 ἄρσεν
3674 2379 3775 2436 καί

2079 2461 2241 2528 θῆλυ
2269 2461 2542 2515 ἔσονται.
2583 2460 2720 2516 Ἀπὸ
2747 2460 2992 2515 πάντων
3020 2459 3139 2514 τῶν
3172 2461 3400 2530 ὀρνέων
3436 2462 3557 2516 τῶν
3585 2479 3777 2517 πετει-

2080 2540 2205 2596 νῶν
2238 2539 2388 2593 κατὰ
2434 2537 2610 2609 γένος
2637 2579 2650 2602 ,
2699 2540 2798 2592 καὶ
2829 2539 2951 2594 ἀπὸ
2979 2539 3101 2592 τῶν
3127 2538 3367 2606 κτηνῶν
3394 2541 3547 2596 κατὰ
3577 2542 3772 2610 γένος,

2080 2619 2180 2673 καὶ
2219 2620 2336 2673 ἀπὸ
2389 2617 2508 2672 τῶν
2559 2616 2829 2686 ἑρπετῶν
2859 2618 2978 2671 τῶν
3017 2618 3325 2686 ἑρπόντων
3363 2619 3463 2673 ἐπὶ
3505 2619 3615 2689 τῆς
3666 2618 3778 2690 γῆς

2082 2697 2234 2752 κατὰ
2287 2696 2499 2767 γένος,
2545 2696 2656 2751 δύο
2698 2696 2810 2752 δύο
2861 2696 2984 2750 ἀπὸ
3037 2695 3282 2750 πάντων
3318 2699 3777 2752 εἰσελεύσονται

2081 2779 2231 2845 πρὸς
2263 2775 2360 2836 σὲ.
2392 2774 2716 2844 τρέφεσθαι
2744 2777 2896 2844 μετὰ
2928 2773 3218 2836 σεαυτοῦ,
3251 2774 3445 2844 ἄρσεν
3468 2778 3566 2830 καί
3593 2776 3774 2847 θῆλυ.

2083 2855 2254 2909 Τοῦτο
2291 2855 2364 2927 μὴ
2389 2854 2579 2917 ἅπλῶς
2614 2854 2984 2926 παραδράμῃς
3005 2894 3019 2915 ,
3053 2854 3306 2923 ἀγαπητέ
3336 2871 3348 2883 ·
3383 2854 3636 2925 ἐννόησον
3668 2855 3778 2926 γὰρ

2082 2936 2205 2987 ὅσον
2235 2935 2412 2988 ἔτικτε
2439 2933 2516 3003 τῷ
2539 2932 2736 3005 δικαίῳ
2760 2933 2852 2985 τὸν
2882 2931 3416 3003 θόρυϐον,ἐννοοῦντι
3446 2933 3544 3005 τὴν
3575 2934 3778 2987 τούτων

2082 3013 2220 3066 ὅλων
2254 3011 2592 3081 ἐπιμέλειαν.
2629 3012 2704 3064 Οὐ
2735 3011 2845 3081 γὰρ
2874 3010 3033 3080 ἤρκει
3065 3009 3218 3080 αὐτῷ
3244 3011 3276 3080 ἡ
3313 3011 3538 3082 φροντὶς
3563 3015 3662 3084 τῆς
3683 3030 3780 3079 γυ-

2082 3095 2299 3159 ναικὸς,
2337 3095 2431 3148 καὶ
2479 3093 2590 3146 τῶν
2629 3093 2836 3148 παίδων
2861 3133 2876 3158 ,
2939 3092 3176 3146 καὶτῶν
3223 3091 3430 3146 τούτων
3479 3097 3776 3162 γυναικῶν,

2062 3173 2222 3228 ’ἀλλά
2255 3174 2348 3227 καὶ
2389 3177 2422 3243 ἡ
2457 3173 2699 3243 μέριμνα
2748 3171 2858 3225 τῶν
2907 3171 3182 3225 τοσούτων
3226 3171 3438 3239 ἀλόγων
3469 3174 3623 3242 καὶὴ
3666 3175 3781 3229 δια-

2084 3254 2259 3323 τροφὴ
2289 3253 2663 3324 προσετίθετο.
2722 3250 2862 3303 Ἀλλ’
2897 3252 3193 3321 ἀνάμεινον
3243 3252 3476 3322 μικρὸν,
3520 3255 3615 3306 καί
3658 3255 3779 3324 ὕψει

2084 3330 2178 3384 τοῦ
2213 3329 2348 3382 Θεοῦ
2382 3329 2480 3400 τὴν
2510 3329 2844 3400 άγαθότητα.
2877 3330 2972 3383 καὶ
2992 3330 3141 3392 ὅπως
3169 3330 3512 3398 ἐπικουφίζει
3543 3331 3639 3402 τὴν
3661 3335 3781 3385 ἐπι-

2086 3408 2350 3480 κειμένην
2385 3407 2643 3478 φροντίδα
2691 3407 2770 3476 τῷ
2819 3409 3034 3478 δικαίῳ.
3078 3408 3162 3461 Σὺ
3202 3407 3269 3461 δὲ
3298 3409 3476 3478 λήψῃ
3520 3410 3779 3476 σεαυτῷ,

2088 3491 2276 3558 φησὶν,
2319 3487 2436 3539 ἀπὸ
2470 3485 2716 3538 πάντων
2763 3485 2885 3539 τῶν
2903 3486 3238 3557 ,ϐρωμάτων
3269 3481 3358 3541 ὧν
3391 3490 3636 3552 ἓδεσθε,
3680 3491 3780 3544 καὶ

2087 3563 2377 3628 συνάξεις
2403 3568 2555 3632 πρὸς
2579 3568 2875 3628 σεαυτὸν,
2925 3566 3021 3619 καὶ
3052 3568 3225 3620 ἕσται
3254 3584 3353 3621 σοι
3387 3569 3486 3621 καὶ
3525 3570 3782 3636 law/rore

2087 3643 2320 3713 φαγεῖν.
2354 3643 2445 3712 Μὴ
2483 3643 2714 3715 νομίσῃς
2737 3682 2750 3704 ,
2792 3647 2987 3714 φησὶν,
3036 3646 3372 3716 ἀπρονόητόν
3408 3665 3466 3699 σε
3508 3649 3781 3717 καταλιμ-

2089 3721 2378 3777 πάνεσθαι.
2429 3722 2560 3774 ’ἰδοῦ
2601 3727 2711 3790 γάρ
2750 3724 3076 3792 προστάττω
3107 3725 3202 3778 καὶ
3240 3725 3310 3778 τά
3349 3727 3484 3796 πρὸς
3512 3727 3609 3798 τὴν
3641 3728 3781 3797 ὑμε-

2089 3803 2253 3871 τέραν
2280 3800 2486 3870 τροφὴν
2537 3801 2814 3871 ἀρκοῦντα
2844 3843 2860 3869 ,
2894 3803 2993 3856 καὶ
3041 3804 3111 3856 τά
3163 3805 3300 3875 πρὸς
3345 3805 3639 3876 διατροφὴν
3671 3809 3781 3861 τῶν

2089 3881 2299 3958 ἀλόγων
2329 3880 2546 3958 ἅπαντα
2577 3879 2898 3951 εἰσαχθῆναι
2934 3884 3015 3946 είς
3048 3883 3144 3954 τὴν
3183 3884 3436 3950 κιϐωτὸν,
3467 3885 3604 3939 ὥστε
3643 3890 3780 3958 μήτε

2092 3959 2236 4027 ὑμᾶς
2282 3957 2441 4036 λιμοῦ
2481 3957 2576 4010 καὶ
2624 3961 2988 4030 στενοχωρίας
3037 3964 3234 4034 πεῖραν
3266 3963 3486 4029 λαϐεῖν,
3542 3957 3679 4036 μήτε
3708 3957 3783 4021 τὰ

2091 4038 2260 4118 ἄλογα
2290 4035 2659 4118 διαφθαρῆναι
2694 4039 2796 4118 οὐκ
2837 4039 3031 4118 ἔχοντα
3061 4044 3159 4111 τὴν
3195 4043 3531 4114 κατάλληλον
3553 4035 3777 4118 τροφήν.

2089 4117 2197 4170 Kal
2225 4115 2502 4183 ἐποίησε,
2528 4117 2682 4186 φησι,
2710 4117 2840 4171 Νῶε
2869 4117 3069 4172 πάντα
3101 4119 3218 4173 ὅσα
3250 4115 3599 4177 ἐνετείλατο
3619 4115 3784 4191 αὐτῷ

2092 4197 2304 4262 Κύριος
2342 4198 2375 4248 ό
2403 4195 2547 4261 Θεὸς
2573 4235 2587 4261 ,
2624 4196 2813 4263 οὕτως
2843 4197 3155 4264 ἐποίησεν.
3193 4198 3338 4269 Ὅρα
3373 4217 3464 4270 μοι
3500 4202 3664 4255 πάλιν
3691 4205 3783 4256 καὶ

2091 4273 2325 4327 ἐνταῦθα
2349 4273 2628 4344 ἐγκωμίου
2658 4275 2906 4344 μέγεθος.
2927 4276 3234 4343 Ἐποίησε,
3262 4280 3415 4346 φησί,
3437 4278 3564 4332 Νῶε
3585 4280 3783 4335 πάντα

2091 4354 2208 4407 ὅσα
2235 4355 2576 4408 ἐνετείλατο
2609 4352 2773 4420 αὐτῷ
2799 4357 3015 4422 Κύριος
3064 4359 3097 4408 ὁ
3131 4358 3294 4422 Θεός.
3334 4359 3409 4412 Οὐ
3441 4358 3499 4410 τὺ
3545 4360 3645 4429 μὲν
3674 4362 3783 4413 τῶν

2092 4433 2495 4504 ἐπιταχθέντων
2525 4435 2604 4496 εἰς
2652 4434 2810 4503 ἔργον
2838 4435 3043 4502 ῆγαγε,
3075 4434 3170 4486 τοῦ
3203 4434 3262 4487 δὲ
3299 4437 3573 4506 ἠμέλησεν
3597 4480 3610 4503 ,
3647 4440 3780 4492 ἀλλά

2095 4515 2274 4567 πάντα
2304 4515 2372 4566 τά
2424 4513 2749 4567 ἐνταλθέντα
2791 4514 3039 4583 ἐποίησε,
3089 4516 3181 4568 καὶ
3230 4516 3431 4583 Οὕτως
3467 4519 3778 4585 ἐποίησεν,

2093 4591 2281 4662 ὥσπερ
2317 4591 2621 4644 ἐνετείλατο
2657 4593 2805 4662 αὐτῴ
2827 4609 2838 4622 ·
2876 4593 3030 4645 οὐδὲν
3061 4594 3392 4663 παρέλιπεν,
3425 4597 3562 4650 ἀλλά
3608 4602 3784 4652 πάντα

2096 4669 2378 4740 ἐπλήρωσε
2403 4709 2417 4732 ,
2449 4670 2543 4721 καὶ
2571 4669 2741 4734 ἔδειξε
2780 4671 2872 4723 καὶ
2895 4671 2964 4722 δι’
2993 4671 3177 4724 αὐτῶν
3203 4673 3312 4726 τῶν
3343 4674 3520 4744 ἔργων
3543 4715 3557 4738 ,
3581 4678 3662 4730 δτι
3700 4679 3779 4730 δι-

2094 4748 2261 4811 καίως
2308 4746 2516 4818 ἠξιώθη
2545 4747 2759 4812 εὐνοίας
2792 4749 2942 4820 παρά
2981 4750 3074 4802 τοῦ
3108 4752 3399 4806 Δεσπότου.
3432 4753 3620 4808 Πόσων
3659 4773 3782 4808 στε-

2096 4827 2281 4896 φάνων
2311 4827 2414 4880 οὐκ
2449 4827 2578 4890 ἀξία
2610 4827 2675 4880 ἂν
2708 4827 2918 4895 γένοιτο
2946 4830 2979 4900 η
3021 4831 3297 4900 μαρτυρία
3321 4831 3459 4901 αὐτη
3482 4873 3496 4896 ,
3533 4833 3684 4906 [22$]
3716 4830 3784 4906 ἦς

2094 4907 2380 4977 ἀπήλαυσε
2421 4907 2574 4977 παρά
2619 4907 2720 4977 τῆς
2769 4907 2922 4971 θείας
2955 4909 3179 4981 Γραφῆς
3210 4911 3239 4962 6
3287 4912 3494 4976 δίκαιος
3527 4932 3539 4976 ;
3579 4914 3674 4976 Τίς
3717 4916 3784 4968 ἂν

2096 4984 2306 5052 γένοιτο
2341 4985 2811 5056 μακαριστότερος
2843 4987 2939 5040 τοῦ
2969 4987 3147 5041 πάντα
3176 4991 3254 5052 εἰς
3289 4991 3450 5060 ἔργον
3485 4993 3784 5060 ἀγαγόντος

2095 5063 2163 5116 τὰ
2195 5063 2354 5143 παρά
2388 5063 2482 5116 τοῦ
2517 5063 2652 5143 Θεοῦ
2695 5065 3018 5119 ἐνταλθέντα
3046 5106 3060 5128 ,
3091 5068 3184 5120 καὶ
3233 5071 3504 5142 τοσαύτην
3537 5072 3787 5143 ὑπακοὴν

2099 5142 2228 5222 περὶ
2255 5143 2320 5195 τά
2345 5142 2708 5222 ἐπιταχθέντα
2733 5144 3178 5215 ἐπιδειξαμένου;
3202 5149 3312 5200 Καὶ
3342 5151 3429 5202 ἵνα
3453 5150 3631 5222 μάθῃς
3653 5142 3786 5220 ὅσης

2098 5218 2343 5283 ἀξιοῦται
2375 5221 2460 5272 διὰ
2489 5221 2645 5273 τοῦτο
2671 5223 2770 5291 τῆς
2801 5226 3158 5294 προρρήσεως
3186 5225 3336 5297 παρὰ
3361 5228 3454 5280 τοῦ
3480 5218 3597 5281 τῶν⁷
3615 5218 3787 5285 ἁπάνο

2097 5317 2206 5353 των
2232 5301 2588 5370 δημιουργοῦ,
2625 5302 2789 5354 ἄκουε
2817 5303 2926 5356 τῶν
2952 5304 3076 5373 ἑξῆς
3094 5321 3106 5332 ·
3133 5307 3241 5359 Καὶ
3273 5303 3426 5370 εἶπε,
3462 5311 3595 5379 φησί
3614 5350 3628 5374 ,
3665 5313 3753 5366 Κὺ
3771 5344 3784 5352 -

2093 5397 2224 5446 ριος
2251 5382 2283 5432 ό
2318 5379 2462 5459 Θεὸς
2490 5379 2641 5447 πρὸς
2664 5381 2791 5433 Νῶε
2816 5397 2828 5410 ’
2868 5383 3126 5437 Εἵσελθε
3156 5383 3238 5437 σὺ
3280 5387 3380 5439 καὶ
3414 5387 3533 5454 πᾶς
3557 5392 3589 5442 ὸ
3620 5386 3786 5459 οἶκός

2099 5474 2217 5539 σου
2239 5459 2328 5521 εις
2348 5457 2472 5539 τὴν
2509 5461 2778 5539 κιϐωτόν.
2813 5459 2946 5539 Εἶτα
2976 5462 3062 5513 ἵνα
3098 5463 3380 5533 μάθωμεν,
3419 5465 3494 5527 ὡς
3517 5469 3577 5518 οὐ
3603 5457 3786 5539 χάριτι

2105 5536 2262 5605 μόνον
2294 5536 2455 5598 σώζει
2489 5536 2578 5589 τὸν
2601 5538 2827 5603 δίκαιον,
2859 5538 2998 5593 ἀλλὰ
3029 5543 3124 5593 καὶ
3154 5541 3260 5593 τῶν
3290 5543 3468 5595 πόνων
3500 5545 3597 5606 τὰς
3627 5536 3787 5617 ἀμοι·

2101 5615 2203 5697 ϐάς
2237 5615 2384 5697 αὐ-τιῖξ
2408 5613 2610 5676 δίδωσι,
2649 5618 2739 5669 καὶ
2768 5618 2865 5687 τῆς
2894 5620 3095 5688 ἀρετῆς
3128 5619 3228 5681 τὰς
3252 5619 3577 5687 ἀντιδόσεις,
3616 5613 3783 5697 φησί’

2102 5693 2199 5745 Διά
2225 5693 2383 5745 τοῦτό
2419 5710 2477 5745 σε
2518 5697 2840 5763 προστάττω
2870 5698 2946 5757 εἰς
2977 5697 3074 5766 τὴν
3105 5698 3334 5750 κιϐωτὸν
3363 5693 3637 5756 εἰσελθεῖν
3649 5693 3708 5776 με
3728 5709 3788 5759 τὰ

2102 5773 2195 5824 τοῦ
2225 5773 2374 5855 οίκου
2422 5789 2538 5837 σου,
2574 5776 2701 5827 ’Ὁτι
2737 5792 2810 5828 σε
2851 5771 3015 5831 εἶδον
3047 5778 3284 5833 δίκαιον
3326 5781 3610 5838 ἐναντίον
3640 5771 3787 5855 ἐμοῦ

2204 5850 2491 5938 τςξηγειεᾷ.
2510 5855 2714 5921 ταύτῃ.
2739 5857 2965 5928 Μεγάλη
3020 5858 3110 5910 καὶ
3154 5857 3466 5922 ἀξιόπιστος
3509 5865 3542 5933 η
3577 5850 3786 5938 μαρτυ-

2107 5929 2217 5998 ρία.
2243 5930 2440 6016 Τίγάρ
2467 5931 2534 5983 ἂν
2567 5933 2777 5998 γένοιτο
2807 5935 3006 6006 ταύτης
3040 5936 3242 6005 μεῖζον,
3270 5939 3398 5989 ὅταν
3430 5929 3592 6005 αὐτδς
3625 5929 3789 6016 δ’Δη-

2109 6007 2399 6078 μιουργδς,
2433 6012 2460 6062 ό
2483 6011 2573 6064 καὶ
2608 6016 2686 6078 εἰς
2712 6015 2768 6068 τὸ
2801 6011 2937 6069 εἶναι
2973 6015 3309 6087 παραγαγὼν
3331 6057 3344 6083 ,
3380 6018 3599 6073 τοιαῦτα
3618 6007 3787 6097 ψηφί-
