4070 6404
286 392 393 447 215

289 497 448 567 ζηται
475 494 602 566 περί
628 494 723 547 106
757 494 1000 562 δικαίου;
1033 496 1150 549 Ὅτι
1176 511 1271 560 σε,
1304 496 1471 566 φησιν
1491 539 1505 563 ,
1535 493 1702 553 εῖδον
1722 494 1958 549 δίκαιον

286 584 563 638 ἐναντίον
587 583 756 653 ἐμοῦ.
798 584 865 637 Ἠ
902 583 1107 655 ἀληθὴς
1144 584 1314 655 ἀρετὴ
1349 583 1489 656 αὕτη
1509 626 1525 649 ,
1558 587 1686 639 ὅταν
1720 585 1959 637 ἐναντίον

291 668 542 741 τοῦθεοῦ
574 687 657 734 τις
678 670 883 741 ταύτην
904 669 1289 736 ἐπιδείκνυται,
1317 672 1445 726 ὅταν
1472 674 1502 726 ό
1522 672 1798 743 ὀφθαλμὸς
1823 672 1961 724 ἐκεί-

293 746 383 820 νος
418 758 448 811 6
486 757 924 828 ἀπαραλόγιστος
964 756 1066 827 τὴν
1092 757 1271 828 ψῆφον
1299 757 1462 831 φέρῃ.
1520 754 1655 815 Εἶτα
1693 757 1960 812 διδάσκων

291 846 439 914 ἡμᾶς
464 844 494 897 6
516 843 894 914 φιλάνθρωπος
921 842 1056 908 Θεὸς
1083 845 1147 897 τὸ
1181 846 1378 915 μέτρον
1420 846 1522 917 τῆς
1552 846 1751 917 ἀρετῆς
1772 887 1788 911 ,
1821 846 1961 918 ὅπερ

289 930 491 1001 ἀπῄτει
524 929 644 983 τότε
677 929 826 1000 παρά
853 929 948 983 106
979 930 1190 984 δικαίου
1232 933 1331 1000 (οὐ
1360 932 1468 1004 γὰρ
1513 935 1574 986 16
1599 933 1731 987 αύτδ
1765 932 1961 1003 μέτρον

292 1017 423 1088 παρ’
448 1016 679 1071 ἑκάστου
703 1016 950 1088 βούλεται
983 1019 1082 1090 τῆς
1108 1020 1312 1091 ἀρετῆς
1335 1021 1703 1092 εἰσφέρεσθαι,
1736 1019 1871 1074 ἀλλὰ
1892 1022 1957 1090 τῇ

288 1104 523 1176 διαφορᾷ
550 1103 658 1158 τῶν
691 1105 898 1176 χρόνων
929 1107 1024 1159 καὶ
1048 1106 1146 1177 τὴν
1183 1105 1448 1178 διαφοράν
1476 1107 1573 1175 τῆς
1610 1107 1811 1179 ἀρετῆς
1839 1109 1960 1161 ἐπι-

291 1191 499 1263 ζητεῖ),
532 1192 738 1263 φησὶν,
765 1193 897 1247 Ὅτι
939 1208 1014 1246 σε
1039 1189 1205 1247 εἶδον
1233 1193 1469 1248 δίκαιον
1490 1194 1770 1249 ἐναντιον
1813 1194 1960 1264 ἐμοῦ

290 1276 363 1331 ἐν
382 1276 456 1346 τῇ
476 1277 655 1347 γενεᾷ
680 1279 889 1346 ταύτῃ,
917 1278 997 1342 εἰς
1022 1279 1218 1332 κακίαν
1236 1278 1571 1351 ἀποκλινάσῃ
1596 1278 1884 1351 τοσαύτην,
1903 1282 1962 1333 ἐν

288 1367 355 1438 τῇ
390 1366 552 1436 γενεᾷ
580 1364 753 1437 ταύτῃ
785 1366 851 1437 τῇ
908 1368 1153 1438 πονηρᾷ,
1193 1367 1289 1436 τὴν
1339 1368 1607 1438 τοσαύτην
1638 1368 1957 1438 ἀγνωμοσύ-

288 1469 387 1522 νην
433 1451 837 1526 ὲπιδειξαμένῃ.
872 1453 950 1507 Σὲ
991 1449 1158 1508 δίδον
1199 1453 1464 1518 δίκαιον,
1501 1455 1559 1508 σὲ
1603 1457 1762 1527 μόνον
1803 1450 1961 1526 εὖρον

289 1537 629 1610 εὐγνώμονα,
648 1539 707 1593 σὲ
733 1535 873 1593 εἶδον
895 1539 991 1611 τῆς
1017 1540 1218 1611 ἀρετῆς
1237 1540 1405 1595 πολὺν
1426 1540 1745 1612 ποιούμενον
1770 1542 1928 1611 λόγον
1942 1561 1957 1575 ·

293 1628 358 1679 σὺ
396 1626 552 1696 μόνος
583 1626 821 1680 ἐναντίον
856 1620 957 1696 μου
985 1625 1190 1689 δίκαιος
1217 1625 1435 1699 ῶφθης,
1468 1627 1676 1682 τούτων
1704 1628 1962 1685 ἁπάντων

290 1712 680 1784 ἀπολλυμένων
702 1729 716 1745 ·
752 1712 811 1765 σὲ
852 1712 1173 1784 προστάττω
1208 1712 1470 1767 εἰσελθεῖν
1516 1716 1653 1787 μετὰ
1682 1714 1779 1769 106
1810 1717 1962 1771 οἴκου

291 1815 385 1851 σου
417 1799 620 1862 παντὸς
648 1799 729 1862 εἰς
754 1798 856 1869 τὴν
887 1797 1122 1852 κιϐωτόν
1140 1815 1155 1830 ο
1203 1800 1314 1853 άπὸ
1340 1801 1396 1854 δὲ
1443 1802 1551 1855 τῶν
1593 1803 1806 1874 κτηνῶν
1854 1804 1963 1859 τῶν

290 1884 548 1957 καθαρῶν
568 1882 776 1938 κελεύω
809 1901 870 1939 σε
899 1886 1215 1954 εἰσαγαγεῖν
1237 1885 1379 1940 ἑπτα
1410 1888 1568 1942 έπτά.
1586 1890 1802 1961 Ἐπειδὴ
1826 1908 1961 1962 προ-

289 1969 468 2024 λαϐὼν
498 1969 828 2041 προσέταξεν
860 1970 1180 2042 ἀδιορίστως
1225 1972 1335 2026 άπὸ
1364 1975 1580 2029 πάντ-ιον
1620 1976 1751 2046 μίαν,
1802 1976 1964 2043 συζυ-

289 2058 416 2127 γίαν
450 2049 803 2129 εἰσαχθῆναι·
836 2056 925 2111 διὰ
956 2048 1117 2111 τοῦτο
1162 2058 1258 2113 νῦν
1311 2077 1477 2131 φησιν
1499 2103 1515 2129 ,
1553 2062 1687 2118 Ἀπὸ
1729 2063 1801 2118 δὲ
1845 2064 1965 2120 τῶν

289 2147 564 2218 καθαρῶν
589 2148 741 2203 ἑπτὰ
770 2148 921 2203 ἑπτὰ
938 2187 956 2212 ,
1008 2147 1127 2203 ἀπὸ
1154 2147 1224 2202 δὲ
1262 2150 1384 2204 τῶν
1413 2150 1502 2220 μὴ
1534 2152 1809 2222 καθαρῶν
1852 2155 1964 2210 δύο

288 2236 420 2299 δύο,
448 2234 639 2305 ἄρσεν
662 2236 763 2289 καί
811 2234 991 2303 θῆλυ.
1014 2230 1148 2289 Εἶτα
1191 2236 1292 2306 τὴν
1326 2235 1503 2291 αἰτίαν
1545 2238 1813 2294 διδάσκων
1861 2243 1961 2295 ἐπ-

290 2327 487 2392 ήγαγε,
509 2323 826 2393 Διαθρέψαι
844 2321 1082 2392 σπέρμα
1104 2322 1205 2376 ἐπὶ
1228 2321 1438 2377 ,πᾶσαν
1464 2324 1580 2392 τὴν
1604 2326 1742 2397 γῆν.
1777 2328 1963 2394 Ἄξιον

284 2408 344 2463 δὲ
371 2408 607 2463 ἐνταῦθα
643 2408 987 2480 διερευνῆσαι
1016 2409 1111 2463 καὶ
1156 2408 1284 2464 ἰδεῖν
1304 2450 1319 2473 ,
1352 2410 1514 2464 πόθεν
1552 2412 1670 2484 ⁴ᾔδει
1700 2417 1729 2467 6
1756 2414 1962 2479 δίκαιος

286 2497 409 2549 τίνα
443 2495 541 2566 μὲν
567 2490 638 2567 ἦν
675 2495 914 2566 καθαρὰ,
940 2496 1064 2549 τίνα
1090 2495 1149 2550 δὲ
1173 2496 1481 2569 ἀκάθαρτα.
1513 2498 1740 2555 Οὐδέπω
1761 2502 1870 2573 γάρ
1895 2498 1963 2574 ἦν

288 2585 322 2651 ή
354 2583 619 2654 διαίρεσις
638 2580 776 2649 αὕτη
807 2582 1171 2655 γεγενημένη,
1203 2583 1272 2653 ἢν
1314 2583 1452 2655 μετὰ
1478 2583 1650 2640 ταῦτα
1676 2589 1704 2641 6
1728 2587 1962 2661 Μωῡσῆς

288 2669 650 2740 ἐνομοθέτησε
687 2671 800 2733 τοῖς
844 2668 1139 2734 Ἰουδαίοις.
1188 2669 1358 2724 Πόθεν
1400 2667 1493 2726 οὖν
1539 2673 1684 2745 ᾔδεα
1713 2676 1959 2744 Οίκοθεν,

290 2755 607 2825 κινούμενος
626 2753 734 2809 ἀπὸ
756 2756 854 2824 τῆς
883 2756 945 2807 ἐν
969 2757 1034 2825 τῇ
1064 2754 1223 2824 φύσει
1252 2757 1685 2829 ἐναποκειμένης
1709 2760 1963 2817 διδασκα-

235 2866 238 2872 α
288 2840 439 2907 λίας,
469 2840 607 2911 μετὰ
644 2840 702 2894 δὲ
733 2840 937 2911 ταύτης
968 2842 1062 2894 καί
1086 2843 1115 2894 6
1138 2842 1398 2912 λογισμὸς
1434 2846 1829 2917 ὑπηγόρευσεν.
1866 2852 1963 2904 οὐ.

287 2926 377 2979 δὲν
419 2925 528 2998 γάρ
582 2924 889 2995 ἀκάθαρτον
921 2924 1031 2977 τῶν
1077 2925 1227 2997 παρὰ
1259 2927 1354 2980 τοῦ
1392 2928 1527 2982 Θεοῦ
1559 2932 1959 3003 γεγενημένων.

289 3011 415 3076 Πῶς
442 3012 551 3085 γάρ
579 3012 890 3084 ἀκάθαρτον
935 3011 1266 3083 καλέσαιμέν
1302 3030 1356 3066 τι
1386 3014 1497 3068 τῶν
1535 3015 1963 3092 δημιουργηθένο

287 3116 418 3165 των,
443 3099 591 3165 ἅπαξ
606 3099 705 3170 τῆς
730 3099 936 3154 ἄνωθεν
959 3099 1145 3170 ψήφου
1177 3102 1305 3171 περί
1331 3102 1511 3156 αὐτῶν
1534 3115 1560 3143 ι
1589 3110 1963 3182 γεγενημένης

289 3187 386 3239 καὶ
426 3185 683 3258 εἰπούσης
726 3186 821 3256 τῆς
875 3185 1026 3249 θείας
1077 3186 1337 3257 Γραφῆς,
1381 3188 1463 3241 ὅτι
1510 3186 1691 3244 Εἷδεν
1742 3196 1776 3246 ό
1819 3196 1964 3263 Θεὸς

289 3273 487 3328 πάντα
516 3274 634 3328 ὅσα
670 3274 940 3342 ἐποίησε,
968 3273 1067 3327 καί
1105 3272 1236 3327 ἰδοὺ
1263 3275 1423 3353 καλᾲ
1451 3277 1595 3331 λίαν
1611 3294 1632 3342 ;
1669 3278 1830 3335 Ἀλλά
1856 3283 1964 3338 λοι-

289 3360 392 3416 πὸν
430 3363 462 3431 ἡ
498 3361 658 3430 φύσις
694 3360 788 3429 ἀφ’
823 3360 1023 3431 ἑαυτῆς
1068 3362 1361 3435 κινουμένη
1394 3365 1494 3434 τὴν
1527 3364 1799 3440 διάκρισιν
1836 3373 1937 3427 ταύ

288 3464 389 3519 την
432 3447 764 3511 ἐπεδείξατο.
796 3447 907 3501 Καὶ
947 3450 1030 3501 ὅτι
1067 3447 1225 3503 τοῦτό
1266 3450 1415 3503 ἐστιν
1448 3451 1675 3523 ἀληθὲς,
1712 3456 1965 3530 ἐννόησόν

292 3552 383 3603 μοι
404 3534 482 3587 ἔτι
509 3535 603 3588 καὶ
634 3534 752 3598 νῦν,
783 3535 933 3610 ὅπως
960 3533 1016 3587 έν
1043 3551 1152 3589 τισι
1187 3536 1285 3606 μὲν
1308 3536 1497 3601 τόποις
1537 3541 1701 3596 τινῶν
1732 3545 1964 3617 ἀπέχον-

288 3636 380 3675 ται
411 3621 540 3674 ἔνιοι
577 3622 652 3685 ὡς
681 3620 1007 3691 ἀκαθάρτων
1037 3622 1133 3677 καὶ
1176 3624 1250 3695 μὴ
1280 3626 1702 3697 νενομισμένων,
1738 3630 1868 3686 ἔνιοι
1904 3634 1963 3690 δὲ

289 3710 492 3763 τούτων
522 3708 681 3762 πάλιν
717 3709 816 3778 τὴν
852 3707 1152 3779 μετάληψιν
1194 3708 1496 3773 ποιοῦνται,
1543 3713 1646 3785 τῆς
1676 3719 1962 3788 συνηθείας

290 3795 487 3857 αὐτοὺς
518 3794 612 3847 ἐπὶ
652 3794 809 3847 τοῦτο
836 3794 1095 3881 ἀγούσης.
1123 3794 1309 3859 Οὕτως
1334 3793 1427 3851 οὖν
1468 3800 1563 3853 καὶ
1594 3801 1713 3855 τότε
1743 3804 1881 3878 αὐτὴ
1927 3812 1960 3881 ἡ

290 3879 688 3965 έναποκειμένη
720 3880 921 3948 γνῶσις
954 3880 1033 3950 τῷ
1068 3880 1264 3951 δικαίῳ
1292 3881 1536 3938 ἐδίδασκε
1561 3924 1577 3945 ,
1609 3886 1730 3941 τίνα
1764 3890 1864 3958 μὲν
1893 3879 1963 3965 ἦν

292 3965 445 4038 μὶδ]
478 3966 615 4037 πρὸς
647 3964 848 4037 βρῶσιν
881 3967 1157 4039 ἐπιτήδεια
1177 4009 1191 4033 ,
1220 3968 1340 4022 τίνα
1389 3968 1446 4023 δὲ
1495 3973 1781 4043 ἀκάθαρτα
1809 4018 1824 4041 ,
1864 3982 1964 4033 οὐκ

290 4058 421 4110 ὅντα
446 4097 461 4120 ,
507 4055 643 4111 ἀλλὰ
678 4056 1025 4128 νομιζόμενα.
1057 4057 1214 4121 Τίνος
1257 4058 1443 4113 ἕνεκεν
1466 4100 1481 4125 ,
1532 4062 1652 4116 εἰπέ
1684 4080 1808 4133 μοι,
1844 4067 1963 4121 δνον

286 4145 598 4217 ἀκάθαρτον
628 4144 910 4217 ἡγούμεθα
934 4183 949 4209 ,
980 4145 1152 4199 καίτοι
1188 4145 1340 4199 οὐδὲν
1370 4146 1556 4221 ἕτερον
1584 4152 1897 4222 σιτούμενον
1928 4156 1961 4227 ἢ

290 4234 583 4304 σπέρματα
603 4274 619 4300 ,
645 4233 807 4304 ἕτερα
845 4233 900 4287 δὲ
933 4231 1041 4287 τῶν
1069 4233 1415 4305 τετραπόδων
1445 4236 1579 4308 πρὸς
1605 4238 1810 4310 βρῶσιν
1840 4244 1961 4297 ἐπι-

287 4321 475 4391 τήδεια
496 4320 812 4391 νομίζομεν,
837 4319 1014 4374 καίτοι
1034 4320 1346 4392 ἀκαθάρτου
1379 4327 1587 4395 τροφῆς
1615 4328 1962 4400 μεταλαμόά-

287 4424 487 4472 νοντα;
528 4407 713 4470 Οὕτως
753 4410 787 4478 ή
822 4408 972 4480 παρὰ
1004 4408 1098 4462 τοῦ
1131 4408 1266 4461 Θεοῦ
1298 4412 1664 4481 χορηγηθεῖσα
1700 4418 1765 4486 τῇ
1800 4416 1959 4485 φύσει

288 4494 490 4564 γνῶσις
518 4494 724 4547 τούτων
755 4495 1074 4560 διδάσκαλος
1096 4496 1325 4563 ἐγίνετο.
1374 4499 1607 4572 Ἑτέρως
1628 4501 1685 4555 δὲ
1714 4502 1860 4558 ἐστιν
1881 4509 1960 4561 εἰη

286 4585 431 4646 πεῖν,
461 4584 544 4636 ὅτι
576 4583 668 4637 καὶ
691 4584 719 4638 ό
742 4582 1049 4653 προστάξας
1071 4582 1200 4647 Θεὸς
1222 4586 1324 4656 τὴν
1355 4585 1554 4654 γνῶσιν
1582 4588 1731 4660 αὐτῷ
1753 4592 1958 4648 τούτων

284 4670 452 4741 δήλην
480 4670 755 4741 ἐποίησέν.
800 4669 959 4723 Ἀλλά
988 4670 1114 4741 περὶ
1152 4671 1251 4741 μὲν
1280 4673 1389 4726 τῶν
1418 4675 1672 4747 καθαρῶν
1703 4680 1796 4732 καὶ
1821 4683 1958 4736 ἀκα-

288 4757 503 4829 θάρτων
533 4758 846 4828 ἀρκούντως
869 4758 1195 4828 εἰρήκαμεν.

361 4844 434 4910 ς’.
459 4845 625 4899 ιιάλιν
644 4844 701 4899 δὲ
716 4845 902 4916 ἕτερον
920 4846 1050 4916 ἡμῖν
1075 4844 1373 4901 ἀνακόπτει
1396 4846 1615 4921 ζήτημα
1636 4867 1648 4879 ’
1677 4854 1740 4905 Τί
1761 4855 1954 4927 δήποτε

285 4930 395 4984 ἀπὸ
430 4930 530 5001 μὲν
556 4931 665 4985 τῶν
696 4931 1021 5004 ἀκαθάρτων
1052 4932 1146 4986 δύο
1177 4932 1270 4987 δύο
1289 4973 1304 4997 ,
1334 4935 1443 4989 άπὸ
1472 4936 1529 4989 δὲ
1570 4939 1678 4991 τῶν
1705 4942 1958 5014 καθαρῶν

285 5018 427 5073 ἑπτὰ
453 5016 627 5083 έπτάς
657 5018 753 5070 καὶ
782 5018 943 5073 πάλιν
963 5035 977 5051 ο
1006 5020 1159 5083 Τίνος
1185 5020 1371 5074 ἕνεκεν
1396 5023 1493 5095 οὐχ
1524 5024 1584 5089 ἒξ
1603 5066 1618 5089 ,
1647 5027 1765 5081 οὐδὲ
1791 5030 1955 5097 όκτὼ,

282 5105 396 5159 ἀλλ’
418 5104 593 5167 emi;
614 5104 766 5176 Τάχα
789 5108 868 5170 εἰς
892 5106 1026 5159 πολὺ
1052 5109 1224 5177 μῆκος
1247 5109 1274 5159 ὁ
1297 5108 1452 5177 λόγος
1478 5113 1610 5181 ἡμῖν
1636 5114 1953 5172 ἐκτείνεται·

295 5196 400 5249 ιλλ’
430 5197 478 5248 εἰ
510 5194 585 5266 μὴ
609 5194 947 5266 ἀπεκάμετε,
982 5197 1075 5249 καὶ
1102 5195 1377 5266 βούλεσθε,
1403 5200 1681 5271 συντόμως
1710 5204 1802 5258 καί¹
1831 5208 1957 5279 περί

282 5282 491 5338 τούτων
535 5283 816 5352 διδάξομεν
853 5285 950 5353 τὴν
1004 5284 1275 5356 ὑμετέραν
1325 5289 1585 5359 ἀγάπην,
1620 5291 1764 5362 ἆπερ
1808 5292 1876 5347 ἂν
1923 5299 1955 5367 ἡ

282 5371 377 5425 τοῦ
406 5368 543 5423 Θεοῦ
583 5371 741 5442 χάρις
771 5372 1075 5443 χορηγήσῃ.
1108 5372 1302 5427 Πολλοί
1338 5377 1444 5447 γὰρ
1479 5377 1651 5431 πολλὰ
1680 5382 1805 5451 περὶ
1834 5382 1957 5436 τού-ὲ

284 5475 391 5511 των
433 5456 790 5527 μυθολογοῦσι
816 5496 831 5520 ,
868 5458 963 5511 καὶ
1004 5458 1252 5513 ἐντεῦθεν
1305 5462 1559 5535 ἀφορμὴν
1588 5466 1955 5535 λαμϐάνοντες

283 5547 693 5617 παρατηρήσεις
732 5544 981 5616 ἀριθμῶν
1016 5545 1428 5603 ἐπιδείκνυνται.
1466 5551 1589 5605 Ὅτι
1620 5552 1675 5605 δὲ
1710 5554 1808 5607 οὐκ
1839 5555 1955 5608 ἐστι

286 5633 693 5705 παρατήρησις,
728 5632 900 5703 ἀλλ’ἢ
934 5633 1165 5704 ἄκαιρος
1207 5636 1688 5710 φιλοπραγμοσύνη
1719 5642 1825 5694 τῶν
1864 5643 1952 5696 ἀν-

341 5807 359 5828 ’
393 5806 483 5856 Αιιὶ
510 5806 611 5866 περὶ
633 5804 806 5865 αὐτῶν,
832 5804 915 5853 alii
939 5802 1055 5867 ὑπὲρ
1077 5804 1253 5855 αὐτῶν.

1080 381 1137 439 S.
1172 379 1455 437 JOANNIS
1487 376 1979 436 CHRYSOSTOMI
2022 374 2345 432 ARCHIEP.
2385 376 2938 434 CONSTANTINOP.

3627 376 3736 430 2M

2062 491 2298 563 θρώπων
2351 491 2523 545 ταῦτα
2574 491 2938 546 ἀναπλάττειν
2992 491 3304 563 ἐπιχειρεῖ,
3366 490 3489 545 ὅθεν
3535 493 3628 544 καὶ
3679 491 3737 545 αἰ

2064 576 2279 643 πλείους
2301 579 2411 633 τῶν
2432 578 2697 649 αἰρέσεων
2733 579 3029 649 ἐτέχθησαν
3047 618 3063 643 ,
3093 579 3292 633 αὐτίκα
3326 579 3469 650 μάλα
3500 577 3737 633 εἴσεσθε.

2062 667 2171 720 Καὶ
2202 668 2312 738 γὰρ
2335 665 2409 730 ὡς
2428 666 2523 719 ἐπὶ
2551 666 2613 719 16
2644 667 2895 720 πλεῖστον
2920 668 3031 737 (ἵνα
3054 666 3299 738 δόξωμεν
3329 667 3406 730 ὡς
3429 668 3494 720 ἐκ
3517 682 3739 739 περιου-

2063 754 2184 817 σίας
2226 754 2599 824 ἐπιστομίζειν
2639 756 2765 817 τοὺς
2805 756 2872 808 τὰ
2913 754 3022 808 ἀπὸ
3063 754 3171 811 τῶν
3207 755 3421 810 οἰκείων
3458 753 3738 825 λογισμῶν

2061 841 2507 915 ἐπεισφέροντας)
2538 841 2865 913 εὑρίσκομεν
2897 845 2957 895 ἐν
2991 845 3114 906 ταῖς
3143 843 3388 913 Γραφαίς
3424 841 3622 914 μᾶλλον
3643 842 3740 897 τὸν

2060 929 2161 999 τῆς
2208 930 2470 1000 συζυγίας
2500 928 2731 1001 ἀριθμὸν
2760 928 3085 999 σωζόμενον.
3118 930 3230 983 Καὶ
3272 930 3381 1003 γάρ
3411 931 3575 1001 ἡνίκα
3627 931 3739 984 άπ-

2062 1015 2278 1070 έστελλε
2304 1017 2433 1081 τοὺς
2461 1016 2709 1089 μαθητάς
2728 1058 2744 1082 ,
2780 1016 2874 1071 δύο
2919 1016 3014 1070 δύο
3042 1017 3239 1081 αὐτοὺς
3279 1016 3598 1081 ἀπέστελλε,
3642 1017 3742 1071 καὶ

2063 1102 2217 1157 αὐτοὶ
2248 1103 2305 1157 δὲ
2338 1102 2539 1167 πάντες
2562 1103 2773 1158 δώδεκα
2802 1099 2942 1175 ἦσαν
2967 1143 3002 1166 ,-
3028 1104 3123 1158 καὶ
3162 1102 3232 1157 τὰ
3263 1104 3568 1173 Εὐαγγέλια
3612 1105 3742 1157 11’0-

2064 1206 2229 1262 σαρα·
2252 1190 2344 1243 τὸν
2390 1190 2622 1263 ἀριθμόν
2653 1192 2820 1246 ἐστιν.
2871 1190 3033 1246 ’Λλλά
3057 1190 3232 1246 ταῦτα
3278 1191 3532 1263 περιττὸν
3565 1192 3739 1245 κινεῖν

2061 1279 2154 1332 ἐπὶ
2203 1280 2304 1350 τῆς
2359 1278 2634 1349 ὑμετέρας
2681 1279 2903 1351 ἀγάπης
2927 1322 2942 1345 ,
2989 1279 3376 1352 δεδιδαγμένης
3429 1280 3579 1345 ἅπαξ
3623 1282 3741 1345 τοίς

2060 1365 2322 1429 τοιούτοις
2345 1350 2713 1436 ἀποφράττειν
2738 1365 2839 1430 τάς
2860 1350 3072 1431 ἀκοάς.
3126 1350 3449 1437 Ἀναγκαῖον
3471 1367 3529 1421 δὲ
3552 1368 3741 1422 λοιπὸν

2063 1455 2260 1516 εἰπεῖν,
2287 1452 2434 1516 τίνος
2463 1452 2651 1505 ’ἐνεκεν
2678 1451 2821 1508 ἐπτά
2850 1452 2990 1507 ἑπτὰ
3034 1452 3144 1507 ἀπὸ
3185 1453 3295 1508 τῶν
3328 1454 3587 1528 καθαρῶν
3623 1455 3741 1508 εἰσ-

2062 1539 2295 1610 αχθῆναι
2311 1540 2391 1604 εἰς
2408 1540 2505 1609 τὴν
2518 1539 2752 1594 κιϐωτὸν
2773 1540 3093 1613 προσέταξε.
3115 1542 3189 1595 T6
3207 1540 3307 1612 μὲν
3330 1540 3551 1596 πλείονα
3570 1558 3743 1614 προσ-

2062 1624 2220 1691 τάξαι
2242 1624 2352 1679 τῶν
2372 1624 2630 1697 καθαρῶν
2673 1626 3014 1697 εἰσαχθῆναι,
3040 1627 3132 1682 διὰ
3149 1628 3208 1682 16
3235 1629 3591 1700 παραμυθίαν
3618 1631 3742 1684 τινὰ

2063 1712 2206 1782 ἔχειν
2236 1712 2330 1766 καὶ
2354 1712 2448 1765 16v
2473 1712 2701 1779 δίκαιον,
2726 1714 2819 1767 καί
2848 1714 2977 1777 τοὺς
3007 1715 3105 1767 σὺν
3129 1714 3280 1786 αὐτῷ
3300 1718 3400 1786 τῆς
3429 1714 3487 1782 έξ
3513 1716 3741 1770 ἐκείνων

2061 1800 2416 1865 ἀπολαύσεως
2452 1801 2779 1872 μετέχοντας
2852 1800 2914 1855 τὸ
2959 1802 3016 1855 δὲ
3051 1801 3190 1856 ἑπτά
3235 1792 3376 1856 ἑπτά
3402 1842 3417 1866 ,
3458 1804 3555 1857 καί
3580 1803 3741 1859 10610

2062 1888 2246 1954 πάλιν,
2286 1889 2335 1941 εἰ
2357 1889 2457 1961 τὴν
2489 1889 2669 1942 αἰτίαν
2707 1887 2950 1960 μάθοιτε,
2983 1888 3259 1955 ἀπόδειξις
3282 1890 3349 1945 ἀν
3376 1890 3461 1961 εἰη
3504 1890 3739 1961 μεγίστη

2060 1977 2161 2047 τῆς
2205 1974 2453 2045 φιλοθέΟυ
2496 1976 2724 2047 γνώμης
2766 1974 2860 2029 106
2892 1974 3125 2032 δικαίου.
3168 1974 3388 2051 Ἐπειδὴ
3418 1977 3527 2050 γάρ
3561 1978 3679 2051 ᾔδει
3710 1980 3741 2033 6

2064 2062 2446 2134 φιλάνθρωπος
2478 2062 2613 2127 Θεὸς
2644 2062 2738 2116 τοῦ
2767 2063 2958 2136 ἀνδρὸς
2991 2065 3094 2135 τὴν
3135 2064 3336 2137 ἀρετὴν
3360 2106 3375 2131 ,
3406 2066 3499 2120 καί
3526 2068 3610 2121 δτι
3654 2066 3739 2120 δίο

2063 2168 2216 2215 καιος
2241 2151 2336 2215 ὢν,
2372 2151 2468 2204 καί
2503 2150 2772 2223 τοσαύτης
2796 2150 3113 2217 ἀπολαύσας
3144 2154 3297 2223 παρὰ
3326 2152 3419 2207 τοῦ
3461 2154 3738 2208 Δεσπότου

2062 2237 2505 2309 φιλανθρωπίας,
2537 2238 2632 2293 καὶ
2661 2237 2756 2292 τοῦ
2800 2239 3082 2305 τοσούτου.
3111 2239 3404 2294 κλυδωνίου
3458 2241 3741 2310 διαφυγὼν

2061 2328 2159 2396 τὴν
2185 2329 2415 2398 πεῖραν,
2449 2328 2649 2399 ἤμελλε
2702 2328 2841 2400 μετά
2883 2329 2983 2400 τὴν
3019 2329 3340 2403 ἀπαλλαγὴν
3376 2330 3486 2386 τῶν
3524 2330 3738 2394 δεινῶν,

2064 2414 2156 2467 καὶ
2182 2414 2245 2466 16
2274 2413 2703 2485 ἐλευθερωθῆναι
2729 2416 2828 2486 τῆς
2854 2417 2913 2470 ἐν
2939 2418 3006 2487 τῇ
3035 2417 3255 2488 κιϐωτῷ
3295 2417 3572 2490 διαγωγῆς
3593 2460 3606 2480 ,
3640 2420 3742 2491 τὴν

2061 2500 2271 2553 οἰκείαν
2305 2500 2723 2572 εὐγνωμοσύνην
2754 2501 3180 2577 ἐπιδείκνυσθαι,
3206 2505 3301 2558 καὶ
3331 2503 3617 2575 βούλεσθαι
3645 2507 3741 2561 θυι

2063 2588 2185 2647 σίας
2212 2588 2501 2657 ἀνενέγκαι
2539 2588 2681 2659 ὑπὲρ
2708 2589 3059 2661 εὐχαριστίας
3089 2590 3202 2645 τῶν
3232 2593 3615 2665 γεγενημένων
3645 2598 3742 2650 καί

2063 2675 2430 2746 ὑπηργμένων
2449 2676 2552 2730 αὐτ
2564 2677 2619 2745 ἶ»,
2638 2677 2725 2730 ἵνα
2750 2678 2824 2748 μή
2849 2676 3007 2731 τοῦτο
3034 2678 3204 2732 ποιῶν
3224 2680 3616 2755 ἀκρωτηριάσῃ
3640 2685 3743 2745 τάς

2064 2761 2322 2832 συζυγίας
2349 2803 2363 2827 ,
2394 2764 2484 2818 διὰ
2510 2764 2671 2818 τοῦτο
2693 2765 2961 2837 προειδὼς
2988 2766 3155 2820 αὐτοῦ
3187 2768 3285 2839 τῆς
3308 2770 3533 2842 γνώμης
3561 2771 3624 2824 16
3650 2772 3743 2826 εὐ-

2064 2849 2321 2920 χάριστον
2367 2849 2581 2904 κελεύει
2633 2852 2772 2905 ἑπτά
2823 2852 2964 2905 ἑπτὰ
3013 2853 3329 2922 εἰσάγεσθαι
3366 2856 3459 2924 ἀφ’
3504 2857 3742 2912 ἑκάστου

2062 2936 2252 3004 γένους
2301 2937 2410 2991 τῶν
2458 2939 2693 3010 ὀρνέων,
2735 2939 2824 2993 ἵνα
2870 2943 2970 3010 τῆς
3023 2940 3398 3015 πανωλεθρίας
3453 2946 3741 3016 παυσαμέ-

2061 3040 2161 3093 νης
2202 3024 2298 3078 καὶ
2349 3024 2440 3079 τὸν
2489 3026 2687 3079 οἰκεῖον
2743 3026 2945 3080 σκοπὸν
2995 3028 3362 3099 ἐπιδείξηται,
3396 3034 3492 3085 καὶ
3518 3034 3586 3103 τῇ
3641 3049 3741 3086 συ-

2064 3108 2227 3182 ζυγία
2273 3111 2383 3163 τῶν
2428 3113 2689 3166 πετεινῶν
2735 3112 2830 3165 καί⁵
2878 3113 2989 3169 τῶν
3032 3115 3237 3170 λοιπῶν
3281 3117 3484 3189 ὀρνέων
3531 3119 3609 3191 μή
3648 3120 3743 3176 λυ-

2068 3199 2303 3269 μήνηται
2329 3237 2344 3262 ,
2395 3198 2425 3250 6
2477 3197 2541 3270 δὴ
2599 3201 2693 3252 καὶ
2743 3200 3042 3272 προϊούσης
3089 3200 3206 3271 τῆς¹
3242 3201 3782 3278 διδασκαλίαςημαί

2065 3282 2297 3354 θήσεσθε
2333 3324 2351 3346 ,
2403 3284 2622 3339 ἐπειδὰν
2677 3288 2758 3349 εἰς
2810 3287 2972 3342 αὐτὸν
3029 3289 3122 3342 τὸν
3191 3290 3355 3344 τόπον
3411 3295 3741 3365 παραγενὼ-

2067 3370 2228 3441 μεθα.
2283 3368 2437 3445 [226]
2488 3372 2723 3437 ὐψεσθε
2774 3374 2884 3447 γάρ
2936 3375 3029 3429 τὸν
3078 3374 3285 3431 δίκαιον
3341 3378 3532 3435 τοῦτον
3580 3374 3743 3439 τοῦτο

2064 3461 2425 3533 πεποιηκότα.
2465 3462 2727 3533 Ἐμάθετε
2778 3464 2880 3534 την
2927 3465 3143 3531 αἰτίαν,
3177 3466 3248 3519 δι’
3302 3468 3369 3539 ἢν
3397 3470 3541 3525 ἑπτὰ
3594 3473 3742 3528 ἑπτά

2062 3550 2377 3618 εἰσαγαγεῖν
2404 3549 2767 3621 προσετάχθη.
2787 3549 2994 3622 Μηκέτι
3016 3551 3197 3606 λοιπὸν
3220 3553 3478 3626 ἀνέχεσθε
3505 3557 3614 3613 τῶν
3639 3577 3743 3630 μυο

2063 3634 2303 3705 θολογείν
2349 3630 2794 3708 ἐπιχειρούντων,
2846 3640 2942 3715 καί
2987 3643 3590 3713 καταστοιχειουμένων
3637 3649 3743 3719 τῆς

2063 3722 2212 3786 θείας
2241 3722 2482 3795 Γραφῆς,
2514 3724 2609 3777 καὶ
2635 3725 2702 3778 τά
2738 3725 2846 3779 ἀπὸ
2875 3726 2970 3779 τοῦ
3000 3727 3202 3782 οἰκείου
3235 3730 3355 3794 νοὸς
3383 3734 3741 3806 ἐπεισφερόν-

2066 3826 2171 3862 των
2222 3812 2335 3873 τοίς
2366 3809 2529 3874 θείοις
2575 3810 2923 3882 διδάγμασιν.
2968 3815 3187 3888 Ἐπειδὴ
3231 3817 3411 3871 τοίνυν
3458 3819 3743 3886 διετάξατο

2063 3896 2238 3951 πάντα
2265 3899 2472 3968 σαφῶς,
2498 3901 2594 3953 καί⁵
2630 3901 2887 3972 περὶτῶν
2910 3904 3133 3973 ὀρνέων,
3163 3906 3258 3959 καὶ
3278 3906 3407 3978 περί
3429 3907 3540 3961 τῶν
3566 3910 3741 3964 καθα-

2068 3983 2195 4053 ρῶν,
2238 3986 2329 4039 καὶ
2361 3986 2489 4057 περὶ
2513 3986 2622 4040 τῶν
2650 3988 3007 4058 ἀκαθάρτωνξ
3031 3992 3126 4046 καί
3169 3995 3270 4065 τῆς
3292 3994 3498 4057 τούτων
3522 3995 3741 4069 61.0190—

2065 4071 2190 4139 φῆς,
2244 4073 2376 4141 φησί
2416 4073 2550 4144 πρὸς
2578 4073 2669 4128 τὸν
2715 4075 2958 4130 δίκαιον·
3002 4079 3126 4132 Ἔτι
3151 4079 3263 4149 γὰρ
3292 4080 3530 4151 ἡμερῶν
3562 4086 3739 4153 ἑπτὰ,

2066 4157 2164 4210 καί
2213 4157 2340 4213 ἰδοὺ
2369 4158 2484 4228 ἐγὼ
2518 4162 2717 4230 ἐπάνω
2752 4165 2933 4220 ὑετόν
2976 4166 3076 4220 ἐπὶ
3127 4167 3243 4237 τὴν
3294 4168 3413 4239 γῆν
3443 4175 3744 4243 τεσσαράο

2070 4260 2257 4297 κοντα
2301 4245 2528 4315 ἡμέρας
2565 4251 2661 4301 καί
2699 4252 3159 4319 τεσσαράκοντα
3202 4257 3449 4325 νύκτας,
3494 4260 3595 4314 καί
3645 4263 3734 4327 ἐε-

2064 4331 2299 4399 αλείψω
2326 4330 2535 4386 πᾶσαν
2561 4335 2675 4402 τὴν
2713 4336 3149 4405 ἐξανάστασιν,
3192 4340 3274 4410 ἢν
3300 4344 3581 4411 ἐποίησα,
3619 4349 3743 4405 ἀπὸ

2063 4418 2388 4485 προσώπου
2447 4418 2556 4489 τῆς
2600 4419 2733 4490 γῆς,
2784 4424 2905 4478 ἀπὸ
2936 4425 3254 4496 ἀνθρώπου
3288 4430 3400 4498 ἕως
3450 4434 3738 4503 κτήνους.

2064 4505 2263 4560 Σκόπει
2320 4525 2411 4578 μοι
2460 4510 2551 4561 καὶ
2599 4511 2664 4563 ἐκ
2701 4510 2811 4564 τῶν
2854 4511 2951 4567 νῦν
3015 4514 3323 4587 εἰρημένων
3387 4518 3488 4589 τῆς
3538 4521 3742 4591 ἀγαθό-

2059 4609 2223 4663 τητος
2267 4594 2433 4648 αὐτοῦ
2491 4597 2591 4669 τὴν
2660 4598 2985 4671 ὐπερόολὴν,
3021 4601 3141 4665 πῶς
3207 4604 3345 4673 μετά
3428 4608 3743 4678 τὴντοσαύ-

2060 4699 2168 4771 την
2201 4684 2585 4755 μακροθυμίαν
2603 4686 2696 4741 καὶ
2737 4688 2833 4741 νῦν
2868 4691 2974 4761 πρὸ
3019 4692 3159 4747 έπτά
3193 4695 3414 4768 ἡμερῶν
3454 4699 3739 4771 προλέγει,

2061 4769 2383 4861 βουλόμενος
2433 4772 2515 4844 τῷ
2570 4775 2722 4847 φόϐῳ
2772 4780 3247 4852 σωφρονεστέρους
3313 4785 3513 4850 αὐτοὺς
3576 4769 3740 4861 ποιῆσ-

2062 4872 2182 4921 σαι,
2240 4859 2335 4911 καὶ
2389 4861 2471 4922 εἰς
2528 4863 2818 4932 μετάνοιαν
2881 4867 3130 4936 ἀγαγεῖν.
3181 4871 3292 4923 Καὶ
3340 4872 3423 4926 ὅτι
3468 4875 3555 4928 διά
3580 4859 3742 4932 τοῦτο

2060 4945 2336 5015 προλέγει,
2356 4949 2442 5001 ἵνα
2465 4949 2538 5020 μὴ
2555 4952 2809 5023 ἐπαγάγῃ
2830 4953 2899 5007 τά
2917 4957 3049 5025 παρ’
3066 4956 3234 5011 αὐτοῦ
3258 4961 3546 5031 εἰρημένα,
3566 4964 3739 5020 ἐννόει

2063 5051 2151 5104 μοι
2180 5036 2306 5098 τοὺς
2342 5037 2651 5101 Νινευῖτας,
2698 5039 2791 5092 καὶ
2825 5040 2988 5109 βλέπε
3017 5043 3159 5115 πόση
3198 5047 3232 5117 ἡ
3268 5047 3501 5121 διαφορά
3531 5050 3739 5107 τούτων

2060 5121 2347 5177 κάκείνων.
2386 5124 2543 5178 Μετά
2574 5126 2685 5196 γὰρ
2718 5128 2954 5183 τοσαῦτα
3001 5129 3097 5204 ἔτη
3143 5126 3481 5203 ἀκούσαντες
3528 5140 3609 5194 ὅτι
3643 5142 3740 5196 ἐπὶ

2059 5212 2251 5282 θύραις
2302 5213 2419 5265 ἐστί
2450 5214 2519 5267 τά
2551 5214 2721 5280 δεινὰ,
2756 5218 2877 5271 οὐδὲ
2927 5219 3070 5275 οὕτω
3098 5222 3198 5294 τῆς
3236 5226 3433 5291 κακίας
3475 5227 3734 5302 ἔστησαν.

2056 5300 2168 5389 μίαν.
2203 5299 2309 5371 μήν
2337 5301 2609 5389 εἰώθαμέν
2654 5321 2791 5370 πως,
2843 5307 3142 5381 μελλούσης
3190 5312 3291 5380 μὲν
3317 5314 3415 5386 τῆς
3442 5299 3735 5389 τιμωρίας,

2059 5387 2446 5478 ῥαθυμεῖνὴκαί
2476 5389 2923 5478 διαναόάλλεσθαι
2941 5412 2954 5426 ⁸
2982 5397 3205 5450 ἐπειδὰν
3244 5398 3301 5452 δὲ
3332 5401 3562 5473 πλησίον
3583 5387 3737 5478 ὦμεν

2056 5473 2163 5526 τῶν
2186 5473 2373 5525 λυπεῖν
2403 5474 2737 5546 δυναμένων,
2783 5480 2904 5534 τότε
2941 5483 3327 5541 συστέλλεσθαι
3379 5490 3475 5542 καὶ
3530 5473 3735 5565 πολλὴν

2055 5560 2460 5615 ἐπιδείκνυσθαι
2476 5563 2573 5633 τὴν
2593 5567 2895 5641 μεταϐολήν
2910 5587 2924 5601 ·
2950 5570 2979 5623 ὃ
2993 5570 3056 5641 δὴ
3088 5574 3179 5626 καί
3204 5575 3420 5629 ἐπὶτῶν
3437 5560 3737 5637 Νινευῖτιῖιν

2055 5647 2297 5736 γέγονεν.
2342 5647 2561 5736 Ἐπειδὴ
2612 5653 2720 5725 γάρ
2744 5656 3007 5726 ἤκουσαν,
3041 5659 3124 5713 ὅτι
3161 5663 3284 5714 Ἔτι
3314 5664 3467 5731 τρεῖς
3500 5667 3731 5736 ἡμέραν,

2056 5734 2152 5787 καί
2179 5735 2989 5811 [Vn-svi“xattwtpagmiaeraz,
3017 5748 3078 5800 ού
3114 5748 3272 5819 μόνον
3297 5751 3397 5803 οὐκ
3431 5734 3738 5828 ἀπηγόρευ-

2058 5838 2179 5888 σαν,
2216 5820 2351 5877 ἀλλὰ
2386 5826 2477 5878 καὶ
2499 5824 2853 5904 διανέστησαν
2883 5835 3014 5907 πρὸς
3058 5835 3117 5892 16
3142 5839 3327 5911 ῥηθὲν,
3352 5840 3444 5895 καί
3468 5820 3734 5918 τοσαύτην
