4070 6380
278 364 389 421 213

277 476 624 544 pronuntiat?
656 476 789 544 Quia
825 486 873 531 te
908 474 1009 528 vidi
1044 474 1262 543 justum,
1315 473 1505 543 inquit,
1548 487 1720 525 coram
1766 486 1863 523 me.

281 572 417 623 Vera
468 568 586 623 haec
630 568 797 622 virtus
832 576 935 631 est,
968 564 1185 635 quando
1222 579 1405 619 coram
1439 564 1550 619 Deo
1579 565 1697 633 quis
1727 563 1868 616 illam

274 657 519 716 exhibet.
548 658 762 725 quando
804 655 991 710 oculus
1028 655 1118 709 ille
1147 656 1236 724 qui
1269 654 1442 723 decipi
1475 654 1677 723 nequit,
1714 667 1868 706 suum

275 746 377 802 fert
407 747 695 802 calculum.
728 746 861 800 Exin
890 746 1089 800 docens
1124 759 1221 799 nos
1254 743 1514 813 benignus
1546 745 1684 798 Deus
1712 758 1864 795 men-

270 853 452 892 suram
493 838 726 900 virtutis,
754 848 947 907 quanta
976 846 1103 891 tunc
1127 837 1194 891 ab
1218 836 1363 906 justo
1391 835 1700 904 exigebatur
1722 835 1869 899 (non

272 930 414 984 enim
455 916 704 984 eamdem
741 929 953 983 virtutis
990 943 1295 983 mensuram
1324 926 1393 981 ab
1418 926 1667 982 omnibus
1691 925 1869 980 aﬂ‘erri

274 1021 404 1085 vult,
432 1021 530 1075 sed
559 1036 658 1090 pro
702 1020 959 1074 varietate
1009 1030 1310 1087 temporum
1353 1018 1566 1073 virtutis
1610 1016 1870 1071 differen-

272 1112 398 1165 tiam
422 1110 693 1181 requirit),
722 1110 852 1164 dicit
876 1128 889 1163 :
924 1108 1058 1175 Qui-2
1087 1119 1133 1162 te
1152 1108 1255 1161 vidi
1274 1115 1475 1177 justum
1510 1124 1684 1161 coram
1715 1123 1792 1160 me
1816 1108 1868 1160 in

270 1200 599 1270 generatione
626 1201 745 1263 ista,
777 1215 897 1270 qua:
926 1208 1031 1253 tam
1063 1199 1221 1261 mala,
1255 1214 1374 1269 qua:
1404 1199 1456 1252 in
1490 1208 1689 1252 tantam
1719 1198 1871 1251 mali-

270 1295 398 1344 tiam
448 1290 759 1355 declinavit,
794 1306 915 1359 qua:
956 1298 1061 1343 tam
1105 1290 1371 1357 ingratum
1399 1289 1637 1342 animum
1665 1303 1777 1357 pra:
1812 1302 1870 1341 se

270 1378 391 1435 ῶῆ.
420 1380 496 1435 Te
524 1382 627 1434 vidi
645 1383 869 1453 justum,
902 1388 953 1435 te
979 1381 1151 1435 solum
1193 1380 1371 1434 inveni
1411 1389 1645 1449 gratum,
1684 1387 1735 1433 te
1762 1378 1867 1433 vidi

270 1473 483 1527 virtutis
528 1472 788 1526 rationem
821 1470 1055 1525 habere:
1088 1478 1142 1524 tu
1175 1470 1324 1524 Solus
1361 1484 1544 1524 coram
1586 1484 1670 1522 me
1689 1468 1869 1539 justus

266 1564 584 1634 apparuisti,
630 1562 880 1617 omnibus
922 1563 1041 1616 aliis
1086 1563 1466 1631 pereuntibus,
1497 1560 1740 1629 tejubeo
1782 1560 1868 1614 in-

267 1656 419 1725 gredi
449 1670 573 1711 cum
599 1656 744 1709 omni
782 1654 943 1708 domo
982 1663 1067 1707 tua
1110 1655 1160 1707 in
1190 1668 1371 1707 aream
1399 1670 1413 1714 ;
1447 1668 1512 1707 ex
1548 1652 1868 1708 animalibus

268 1746 415 1814 puris
436 1745 605 1815 jubeo
635 1757 687 1800 te
716 1743 1057 1799 introducere
1098 1754 1339 1812 septena.
1372 1744 1504 1812 Quia
1537 1744 1682 1812 prius
1711 1742 1865 1798 inde-

269 1836 417 1892 ﬁnite
453 1842 780 1906 prmceperat
812 1850 881 1889 ex
935 1834 1186 1888 omnibus
1218 1849 1315 1904 par
1356 1849 1518 1888 unum
1560 1832 1865 1889 introduci:

270 1938 493 1999 propter
525 1928 627 1983 hoc
656 1943 797 1982 nunc
816 1926 976 1982 dicit:
1007 1926 1062 1980 2.
1092 1925 1175 1981 Ea:
1197 1931 1337 1995 puris
1360 1936 1529 1980 autent
1550 1936 1777 1997 septena,
1805 1944 1868 1982 ex

266 2020 482 2090 impuris
511 2035 627 2073 vero
665 2018 805 2084 bina,
858 2017 1141 2071 masculum
1180 2026 1227 2070 et
1261 2018 1524 2088 feminam.
1558 2017 1747 2073 Postea
1770 2034 1867 2073 au-

269 2124 376 2167 tent
418 2125 636 2165 causam
680 2109 902 2173 docens,
934 2107 1143 2163 subdit:
1177 2108 1229 2162 5.
1265 2106 1332 2163 Ut
1361 2111 1555 2163 nutrias
1581 2125 1747 2163 semen
1777 2127 1867 2163 su-

267 2222 356 2273 per
384 2220 585 2257 onmem
613 2214 819 2255 terram.
871 2200 1061 2270 Operae
1113 2200 1341 2269 pretium
1386 2209 1565 2255 autem
1607 2199 1711 2255 hoc
1744 2200 1866 2255 loco

267 2297 429 2352 fuerit
474 2296 745 2366 inquirere
787 2304 842 2350 et
886 2294 1067 2349 videre
1101 2292 1243 2347 unde
1270 2292 1479 2349 sciebat
1500 2292 1695 2363 justus,
1719 2310 1867 2363 qum-

268 2406 391 2444 nam
425 2404 580 2458 pura,
614 2403 860 2459 quamam
888 2387 1118 2456 impura.
1150 2385 1396 2440 Nondum
1439 2386 1583 2439 enim
1625 2396 1745 2440 erat
1774 2386 1861 2441 di-

266 2481 485 2536 stinctio
516 2481 631 2535 haec
660 2480 818 2543 faeta,
850 2494 1009 2549 quam
1041 2485 1225 2547 postea
1257 2477 1433 2532 Moses
1464 2476 1669 2535 Judtnis
1700 2477 1754 2531 in
1781 2478 1861 2532 le-

264 2573 422 2641 gibus
454 2571 568 2626 suis
595 2571 799 2625 statuit.
826 2569 977 2625 Unde
1002 2572 1132 2637 eth
1163 2568 1399 2622 sciebat?
1421 2568 1463 2621 A
1486 2568 1689 2638 seipse,
1722 2577 1775 2622 et
1797 2567 1865 2623 ab

267 2663 426 2717 insita
465 2673 671 2716 natura:
718 2677 830 2715 suae
874 2660 1139 2724 doctrina,
1170 2673 1330 2728 quam
1362 2666 1416 2712 ct
1454 2659 1591 2714 ratio
1620 2658 1859 2713 dictavit.

266 2754 405 2810 Nihil
434 2754 580 2808 enim
608 2751 937 2808 immundum
957 2767 1023 2807 ex
1055 2751 1119 2805 iis
1149 2766 1268 2818 quae
1294 2750 1434 2805 Deus
1460 2748 1604 2805 fecit.
1630 2751 1746 2817 Quo
1767 2767 1862 2821 pa-

263 2858 354 2903 cto
387 2846 534 2901 enim
587 2842 913 2898 immundam
969 2855 1286 2895 vocaremus
1329 2842 1491 2894 ullam
1538 2855 1861 2907 creaturam,

263 2954 387 3009 quae
412 2936 583 2993 semel
614 2950 846 3004 superne
873 2950 902 2987 a
929 2932 1219 2989 Conditore
1247 2933 1539 3002 approbata
1563 2931 1694 2986 fuit?
1724 2933 1865 2986 Dixit

264 3029 411 3085 cnim
440 3028 621 3081 diiina
649 3027 957 3097 Scriptura:
1001 3024 1134 3076 Vidit
1169 3022 1302 3075 Deus
1337 3022 1509 3076 omnia
1538 3039 1865 3092 quwcumquc

267 3122 421 3192 fecit,
457 3128 503 3171 et
552 3134 663 3171 ecce
704 3117 835 3170 bona
879 3117 1027 3169 valde
1062 3115 1215 3182 (Gen.
1264 3116 1312 3167 l.
1365 3114 1479 3181 51).
1524 3112 1629 3167 Sed
1679 3120 1862 3182 postea

267 3224 456 3267 natura
488 3226 517 3264 a
546 3211 721 3279 seipsa
759 3209 897 3263 hanc
933 3208 1288 3263 differentiam
1317 3205 1575 3261 exhibuit.
1611 3204 1676 3259 Et
1706 3212 1763 3257 ut
1784 3204 1862 3257 vi-

266 3305 397 3359 deas
438 3303 542 3356 hoc
595 3317 715 3356 esse
757 3316 966 3362 verum,
1001 3300 1279 3355 considera
1316 3298 1585 3368 quomodo
1631 3296 1683 3350 in
1725 3312 1862 3350 nou-

269 3399 431 3451 nullis
459 3396 593 3450 locis
613 3394 679 3447 ab
701 3392 967 3462 aliquibus
998 3392 1269 3446 abstinent
1298 3389 1459 3459 aliqui
1488 3398 1545 3443 ut
1572 3387 1863 3442 immundis

267 3499 324 3546 et
353 3505 461 3544 non
500 3487 759 3557 probatis,
792 3484 952 3553 aliqui
996 3484 1098 3537 illis
1142 3481 1270 3552 ipsis
1300 3490 1605 3545 vescuntur,
1634 3494 1864 3535 consue-

272 3580 456 3636 tudine
488 3580 630 3648 ipSns
662 3578 726 3630 ad
761 3576 861 3631 hoc
894 3574 1199 3630 inducente.
1245 3573 1335 3628 Sic
1381 3581 1437 3627 et
1485 3582 1610 3626 tunc
1652 3586 1865 3641 quoque

271 3672 384 3744 ipsa
413 3671 635 3726 scientia
665 3669 806 3739 justo
832 3669 1009 3731 insita,
1037 3664 1261 3719 docebat
1287 3679 1531 3734 quonam
1568 3661 1637 3717 ad
1678 3661 1861 3717 cibum

268 3761 635 3824 accommoda,
667 3770 720 3814 et
753 3756 1195 3829 qum'immundi,
1228 3771 1333 3809 net
1365 3756 1507 3825 quod
1549 3755 1623 3808 ita
1652 3760 1860 3818 essent,

274 3856 368 3910 sed
388 3851 535 3922 quod
553 3867 649 3919 pro
670 3850 1331 3906 immundishaberentur.
1359 3848 1478 3915 Qua
1495 3844 1640 3900 enim
1653 3844 1718 3898 de
1740 3859 1867 3898 cau-

270 3959 353 4007 sa,
385 3945 492 4008 die,
526 3957 645 4007 oro,
678 3944 885 3995 asinum
928 3939 1258 3994 immundum
1286 3952 1587 4001 censemus,
1620 3936 1865 4006 quamvis

269 4036 567 4091 seminibus
597 4042 799 4086 tantum
840 4040 1107 4101 pascatur,
1138 4030 1236 4083 alia
1281 4038 1458 4083 autem
1499 4026 1860 4099 quadrupedia

271 4128 391 4182 cibo
437 4123 810 4181 convenientia
864 4131 1131 4190 putamus,
1182 4119 1395 4175 etiamsi
1441 4118 1717 4173 immundo
1762 4118 1863 4171 ali-

273 4225 454 4273 mento
480 4213 801 4285 pascantur?
824 4211 897 4267 ita
926 4212 1151 4265 scientia
1180 4226 1208 4263 a
1249 4212 1357 4290 Deo
1385 4218 1589 4265 natura:
1609 4208 1863 4278 suppedi-

272 4316 380 4364 tata
405 4305 522 4361 lucc
547 4306 793 4360 docebat.
834 4304 1020 4358 Posset
1060 4312 1235 4356 autem
1278 4311 1332 4356 et
1370 4301 1529 4355 aliter
1558 4301 1661 4355 dici
1689 4319 1701 4355 :
1730 4299 1864 4368 Quia

274 4399 413 4453 Deus
439 4396 527 4466 qui
556 4393 1058 4463 pracepcratjdem
1081 4392 1240 4445 etiam
1266 4392 1476 4445 illorum
1504 4391 1863 4459 cognitionem

268 4490 317 4543 oi
344 4488 555 4543 indidit.
586 4487 851 4542 Cazterum
882 4485 949 4540 de
975 4485 1191 4539 mundis
1218 4499 1281 4539 ac
1308 4483 1600 4538 immundis
1630 4486 1760 4538 satis
1786 4482 1858 4537 div

270 4590 416 4635 ctum
446 4587 550 4633 est.

340 4673 393 4727 ϐ.
441 4670 616 4736 Quare
634 4684 695 4722 ea:
714 4666 989 4720 immundis
1009 4664 1145 4731 bina,
1164 4682 1227 4719 ex
1240 4665 1441 4719 mundis
1457 4674 1620 4719 autem
1638 4673 1863 4734 septena.

271 4767 561 4822 -—-\'erum
591 4764 802 4816 interim
834 4762 935 4815 alia
970 4777 1089 4815 sese
1129 4756 1287 4814 oﬂ‘ert
1323 4761 1549 4829 qumstio
1576 4777 1589 4813 :
1612 4775 1778 4829 quare
1800 4774 1865 4813 ex

272 4855 565 4914 immundis
595 4854 739 4919 bina,
789 4868 854 4908 ex
887 4852 1097 4905 mundis
1115 4860 1292 4905 autem
1316 4860 1565 4919 septena;
1592 4850 1705 4904 h;cc
1734 4866 1866 4919 quo-

270 4966 373 5019 que
402 4966 415 5004 ε
453 4960 621 5016 quare
651 4958 756 4998 non
786 4942 871 4997 vel
900 4957 1023 5005 sex,
1059 4941 1141 4995 vel
1173 4949 1312 5005 octo,
1331 4940 1423 4995 sed
1456 4952 1660 5008 septem
1690 4942 1867 5008 paria?

273 5041 535 5097 Fortassis
564 5036 770 5107 longius
792 5034 1219 5091 excurritoratio
1244 5052 1255 5087 :
1280 5032 1371 5087 sed
1402 5034 1445 5086 si
1484 5050 1587 5086 non
1619 5035 1779 5103 piget,
1813 5043 1867 5088 et

271 5138 311 5187 si
340 5132 524 5193 vultis,
561 5127 740 5197 paucis
784 5127 899 5179 tunc
946 5126 1221 5180 caritatem
1254 5132 1483 5178 vestram
1514 5123 1825 5179 docebimus
1853 5165 1865 5189 ,

276 5241 334 5279 ea
365 5223 577 5277 scilicet
607 5236 725 5288 qua:
756 5218 909 5272 nobis
936 5216 1116 5270 divina
1148 5216 1315 5285 gratia
1344 5216 1689 5271 concesserit.
1719 5217 1866 5271 Multi

275 5316 416 5369 enim
448 5311 622 5365 varias
644 5310 710 5364 dc
734 5309 796 5362 iis
826 5307 1031 5362 fabulas
1056 5318 1295 5369 narrant,
1322 5316 1376 5359 et
1410 5306 1531 5360 hinc
1585 5308 1868 5363 occasione

276 5416 507 5473 sumpta,
537 5400 936 5455 observationes
960 5412 1299 5451 numerorum
1332 5405 1622 5451 ostentant.
1656 5400 1721 5449 At
1764 5413 1866 5452 non

276 5493 606 5557 observatio,
643 5490 735 5545 sed
764 5490 1141 5558 intempestiva
1172 5488 1446 5541 hominum
1475 5487 1759 5541 curiositas
1787 5497 1837 5540 ta

279 5592 343 5643 lia
373 5588 576 5658 tingere
623 5583 858 5649 molitur,
891 5582 1030 5635 unde
1072 5590 1126 5635 ct
1174 5582 1354 5634 muitue
1402 5580 1634 5635 haereses
1682 5594 1816 5636 orta:
1848 5624 1864 5648 ,

278 5682 418 5751 quod
447 5678 625 5734 statim
655 5676 852 5731 scietis.
890 5669 1105 5727 Etenim
1133 5674 1441 5743 frequenter
1471 5673 1565 5739 (ut
1594 5673 1870 5729 videamur

278 5770 435 5843 quasi
455 5787 525 5829 ex
540 5767 865 5827 abundantia
888 5780 1002 5833 eos,
1031 5766 1116 5835 qui
1142 5782 1207 5823 ex
1230 5767 1340 5824 suis
1363 5767 1714 5838 Opiniouibus
1730 5784 1864 5825 nova

1316 358 1381 413 ΙΝ
1419 357 1573 414 CAP.
1607 356 1694 411 VI.
1725 352 1969 411 GENES.
2009 354 2240 412 IIOJIIL.
2278 358 2465 414 XXIV.

3479 380 3582 435 ΞΗ

1988 473 2238 543 aﬂ‘erunt,
2258 481 2645 554 compescere)
2667 486 2963 543 invenimus
2986 488 3039 541 iu
3063 489 3356 561 Seripturis
3377 500 3583 568 copulat

1982 582 2263 621 numerum
2292 582 2583 627 servatum.
2610 576 2817 645 Quippe
2839 580 3055 647 quando
3080 584 3223 649 misit
3250 585 3543 656 discipulos
3564 631 3577 652 ,

1983 658 2137 714 hin0s
2156 675 2249 715 eos
2272 665 2439 730 misit,
2467 666 2565 735 ipsi
2592 680 2768 723 autem
2795 686 2986 727 omnes
3006 674 3288 730 duodecim
3318 688 3497 744 erant,
3523 691 3576 733 et

1980 748 2271 824 Evangelia
2301 766 2530 825 quatuor
2558 774 2800 815 numero.
2838 765 2906 816 At
2936 778 3392 832 supervncaneum
3421 769 3578 823 fuerit

1982 842 2094 896 hinc
2116 844 2254 913 apud
2277 850 2553 903 caritatem
2581 858 2809 906 vestram
2836 868 3278 923 commemorare,
3301 875 3420 927 qua:
3442 862 3575 916 satis

1978 932 2162 989 didicit
2191 936 2493 1006 hujus-modi
2521 940 2679 996 dictis
2706 946 2958 1001 obturare
2978 962 3136 1003 aures
3182 951 3284 1023 (a).
3314 950 3578 1007 Necessa-

1979 1027 2117 1080 rium
2139 1036 2316 1083 autem
2351 1041 2406 1085 ut
2429 1033 2651 1101 posthac
2676 1034 2983 1102 doceamus,
3030 1056 3195 1110 quare
3249 1052 3469 1112 septena
3506 1060 3570 1099 ex

1979 1118 2129 1186 puris
2158 1119 2425 1177 introduci
2456 1124 2507 1176 in
2539 1140 2717 1179 aream
2749 1131 3084 1199 praeceperit.
3140 1132 3296 1186 Plura
3350 1134 3568 1203 quidem

1978 1211 2233 1278 praecepit
2254 1226 2319 1265 ex
2349 1213 2953 1283 mundisintroduci,ut
2997 1221 3172 1291 justus
3218 1222 3329 1288 ille,
3383 1235 3439 1279 et
3480 1226 3571 1293 qui

1974 1314 2098 1354 cum
2130 1301 2221 1355 illo
2239 1311 2413 1368 erant,
2438 1318 2503 1360 ex
2528 1306 2741 1362 illorum
2770 1326 2867 1364 usu
2888 1311 3119 1381 aliquam
3146 1315 3570 1371 consolationem

1973 1392 2279 1461 acciperent
2312 1410 2326 1449 :
2354 1396 2495 1465 quod
2541 1407 2718 1455 autem
2750 1413 2967 1470 septena
3008 1415 3061 1458 et
3090 1416 3330 1475 septena,
3372 1418 3427 1463 et
3468 1390 3571 1465 hoc

1974 1501 2187 1556 quoque
2216 1488 2262 1542 si
2304 1503 2518 1545 causam
2554 1492 2864 1558 diseerctis,
2894 1510 3161 1551 summum
3196 1498 3446 1553 iudicium
3488 1511 3572 1555 est

1976 1581 2075 1646 pitu
2114 1582 2308 1635 mentis
2338 1581 2468 1651 justi
2510 1585 2631 1639 viri.
2680 1586 2811 1641 Nam
2853 1588 2976 1657 quia
3020 1591 3264 1661 cognovit
3308 1591 3571 1663 benignus

1975 1670 2116 1725 Deus
2146 1672 2242 1726 viri
2270 1672 2540 1740 virtutem,
2564 1684 2617 1731 et
2642 1678 2781 1746 quod
2801 1687 2859 1733 ut
2881 1680 3080 1749 justus,
3102 1690 3155 1735 et
3182 1691 3324 1736 tanta
3356 1683 3567 1740 Domini

1974 1763 2141 1823 fretus
2180 1766 2579 1834 misericordia,
2620 1771 2707 1825 ubi
2741 1781 2900 1826 tanta:
2938 1776 3270 1842 tempestatis
3298 1776 3570 1846 cilugisset

1975 1858 2289 1925 periculum,
2318 1860 2680 1931 liberatusque
2710 1862 2897 1920 fuisset
2924 1880 2953 1919 a
2977 1868 3234 1935 periculo,
3258 1878 3312 1923 et
3337 1869 3404 1924 ab
3420 1885 3560 1926 arca}

1972 1948 2327 2005 incommodis
2353 1952 2577 2020 solutus,
2604 1965 2811 2024 gratum
2836 1956 3071 2011 animum
3102 1957 3492 2024 declaraturus,
3512 1971 3568 2016 et

1974 2054 2069 2109 pro
2097 2041 2389 2109 gratiarum
2411 2044 2620 2099 actione
2643 2047 2842 2101 hostias
2887 2057 2941 2101 et
2985 2049 3247 2104 sacrificia
3291 2050 3567 2108 oblaturus

1971 2140 2136 2198 esset,
2172 2145 2222 2187 ut
2254 2150 2321 2188 ne
2351 2136 2451 2189 hoc
2484 2135 2730 2193 faciendo
2758 2140 3029 2194 mutilarct
3060 2142 3204 2209 paria
3231 2158 3243 2193 :
3278 2140 3398 2196 ideo
3454 2142 3563 2197 Do-

1972 2224 2147 2277 minus
2189 2229 2445 2295 przrscius
2490 2228 2646 2295 tmjus
2692 2238 2857 2299 grata:
2900 2228 3112 2297 mentis,
3150 2232 3305 2302 jubet
3345 2241 3565 2299 septena

1971 2326 2027 2369 ct
2068 2326 2290 2387 septena
2332 2320 2596 2374 introduci
2645 2336 2708 2375 ex
2758 2322 2981 2392 singulis
3023 2325 3197 2377 avium
3235 2326 3521 2394 generibus
3546 2366 3563 2392 ,

1973 2419 2067 2471 ut,
2125 2425 2246 2465 cum
2300 2419 2541 2468 cessaret
2595 2413 2911 2469 universalis
2963 2415 3249 2482 interitus,
3307 2425 3363 2469 et
3410 2430 3562 2469 suam

1968 2511 2205 2556 mentem
2238 2503 2563 2569 declararet,
2597 2506 2741 2573 paria
2781 2506 3107 2569 volatilium,
3140 2518 3567 2578 czrterorumqtte

1968 2595 2279 2648 animalium
2325 2612 2429 2649 nun
2484 2596 2807 2652 laederentur
2848 2615 2861 2652 :
2909 2600 2959 2653 id
3006 2598 3146 2668 quod
3200 2600 3253 2653 in
3300 2600 3566 2655 sermonis

1970 2700 2256 2755 progressu
2306 2686 2557 2754 discetis,
2612 2690 2700 2744 ubi
2750 2690 2803 2744 in
2848 2706 2969 2745 eum
3021 2692 3196 2745 locum
3255 2691 3564 2759 pervencri-

1969 2793 2107 2831 mus.
2138 2778 2395 2835 Videbitis
2419 2781 2562 2836 enim
2581 2780 2781 2851 justum
2809 2782 2959 2836 illum
2986 2782 3102 2837 haec
3130 2782 3336 2838 fecisse.
3364 2776 3563 2837 Didici-

1968 2872 2064 2926 stis
2111 2888 2326 2928 causam
2374 2874 2443 2928 ob
2483 2890 2642 2942 quam
2687 2885 2907 2944 septena
2953 2885 3170 2945 septena
3224 2875 3565 2930 introducere

1969 2976 2294 3035 pra'ceptum
2327 2965 2443 3021 fuit.
2476 2968 2554 3023 Ne
2580 2967 2803 3037 posthac
2828 2969 3065 3023 toleretis
3080 2985 3176 3024 eos
3190 2970 3280 3040 qui
3311 2970 3554 3030 fabulari.

1966 3058 2332 3129 adversusque
2357 3058 2592 3114 divinam
2618 3059 2949 3129 Scripturam
2998 3061 3292 3133 insurgere,
3339 3071 3394 3116 et
3445 3078 3565 3132 qua:

1968 3166 2030 3205 ex
2052 3166 2151 3205 suo
2166 3151 2338 3219 capite
2360 3150 2647 3216 ﬁnxerunt,
2676 3160 2733 3205 ut
2755 3165 2906 3205 sacra
2930 3151 3199 3221 dogmata,
3225 3151 3563 3207 introducere

1969 3242 2226 3296 nituntur.
2257 3242 2417 3313 Igitur
2445 3252 2723 3314 postquam
2755 3243 2935 3299 omnia
2963 3244 3106 3299 clare
3154 3243 3403 3298 mandata
3453 3243 3566 3299 fue-

1968 3346 2114 3400 runt,
2143 3346 2198 3390 et
2222 3337 2289 3391 de
2317 3337 2525 3399 avibus,
2558 3346 2612 3392 et
2631 3336 2699 3392 de
2728 3336 2963 3401 mundis,
2986 3346 3041 3391 et
3069 3335 3138 3390 de
3163 3335 3475 3401 immundis,
3506 3346 3562 3390 et

1968 3432 2036 3485 de
2056 3431 2347 3496 alimentis,
2376 3431 2500 3485 dicit
2522 3432 2668 3501 justo
2702 3449 2716 3484 :
2746 3432 2800 3485 4.
2835 3431 3013 3485 Adhuc
3048 3431 3182 3483 enim
3224 3440 3416 3498 septem
3459 3431 3566 3482 dies

1968 3535 2105 3589 sunt,
2134 3534 2181 3578 et
2204 3542 2296 3595 ego
2323 3524 2508 3578 induco
2538 3525 2762 3594 pluviam
2802 3540 2956 3591 super
2994 3533 3180 3577 terram
3225 3523 3566 3593 quadraginta

1969 3618 2141 3670 diebus
2171 3628 2214 3669 et
2241 3617 2582 3687 quadraginta
2621 3616 2850 3669 noctibus
2870 3656 2884 3679 ,
2915 3623 2960 3668 et
2988 3615 3160 3668 delebo
3191 3630 3389 3667 onmem
3442 3614 3562 3666 sub-

1968 3709 2207 3761 stantiam
2240 3707 2534 3778 quamfeci,
2564 3723 2594 3758 a
2615 3707 2747 3778 facie
2773 3715 2943 3772 terra,
2970 3704 3030 3757 ab
3069 3706 3272 3757 homine
3315 3720 3472 3772 usque
3498 3705 3566 3755 ad

1961 3801 2271 3868 jumentum.
2329 3798 2581 3863 Attende,
2609 3798 2857 3859 obsecro,
2889 3797 3051 3851 etiam
3082 3810 3145 3851 ex
3182 3797 3245 3850 iis
3271 3810 3390 3865 quae
3422 3810 3564 3848 nunc

1968 3893 2109 3949 dicta
2144 3903 2267 3948 sunt
2312 3893 2566 3948 bonitatis
2613 3893 2808 3948 divina)
2853 3892 3248 3957 excellentiam,
3295 3891 3565 3961 quomodo

1972 3994 2091 4055 post
2122 3994 2322 4040 tantam
2354 3984 2691 4040 tolerantiam
2715 3984 2875 4038 etiam
2906 3998 3047 4037 nunc
3071 3991 3196 4036 ante
3220 3990 3425 4050 septem
3452 3979 3567 4034 dies

1973 4076 2214 4145 praedicit
2244 4093 2257 4128 :
2291 4076 2477 4130 volens
2507 4083 2650 4130 metu
2673 4057 3070 4128 emendatiores
3102 4074 3219 4128 illos
3258 4070 3485 4126 reddere
3513 4079 3568 4124 ct

1971 4168 2036 4223 ad
2068 4167 2435 4238 pteuitentiam
2464 4166 2737 4221 reducere.
2771 4164 2901 4219 Nam
2932 4163 3072 4233 quod
3106 4164 3225 4217 ideo
3269 4162 3525 4231 pra-dicat
3548 4202 3563 4224 ,

1971 4277 2037 4314 ne
2058 4275 2117 4315 ea
2145 4275 2264 4329 quae
2286 4259 2434 4321 dicit,
2457 4272 2622 4325 super
2647 4271 2741 4310 eos
2784 4257 3020 4321 inducat,
3050 4254 3329 4309 considera
3356 4252 3563 4307 Ninivi-

1973 4363 2073 4415 tas,
2104 4361 2156 4405 et
2182 4350 2400 4406 attende
2428 4360 2622 4420 quanta
2654 4347 2845 4403 hormn
2890 4360 2944 4401 et
2972 4348 3179 4401 illormn
3211 4346 3280 4401 sit
3310 4343 3564 4399 dill‘eren-

1973 4446 2062 4498 tia.
2094 4444 2226 4510 Quia
2255 4458 2373 4496 cum
2401 4451 2477 4495 tot
2503 4441 2658 4494 annis
2681 4440 2977 4503 audissent,
3009 4446 3132 4493 ante
3161 4436 3303 4491 fores
3327 4450 3450 4489 esse
3477 4448 3559 4488 ca-

1973 4535 2257 4598 lamitates,
2288 4549 2459 4604 neque
2479 4532 2556 4585 sic
2576 4548 2603 4583 a
2631 4532 2831 4584 malitia
2860 4546 2954 4583 sua
2994 4537 3294 4583 cessarunt.
3354 4524 3568 4581 Etenim

1969 4627 2348 4681 consuevimus
2369 4624 2782 4695 negligentiores
2809 4637 2952 4685 esse,
2980 4620 3195 4690 quando
3244 4617 3487 4672 dilTertnr
3516 4627 3569 4670 et

1974 4719 2301 4789 protrahitur
2314 4718 2516 4787 punitio
2540 4735 2553 4782 ',
2576 4732 2638 4771 ac
2660 4732 2778 4769 cum
2804 4715 3044 4784 proxime
3066 4714 3264 4769 instant
3286 4726 3541 4766 mrumnze
3556 4749 3573 4775 ,

1974 4820 2100 4865 tunc
2128 4809 2490 4873 humiliatnur,
2522 4818 2575 4861 et
2607 4807 2893 4876 plurimam
2948 4816 3281 4860 Ostentamus
3334 4820 3565 4861 convcr-

1973 4905 2177 4957 sionem
2211 4922 2223 4957 :
2255 4903 2305 4956 id
2333 4902 2474 4973 quod
2505 4910 2558 4955 et
2588 4899 2904 4954 inNiuivitis
2932 4899 3174 4968 contigit.
3221 4899 3571 4967 Quandoqui-

1973 4995 2093 5049 dem
2125 4995 2211 5048 ubi
2229 4995 2529 5056 audierunt,
2553 4993 2731 5046 Adhuc
2756 5003 2854 5046 tres
2879 4994 3004 5055 dies,
3034 5002 3078 5044 et
3112 4990 3298 5045 Νειιὶιέ
3319 4986 3571 5046 subverte-

1974 5100 2056 5140 tur
2087 5088 2257 5157 (Jonas
2281 5088 2332 5141 5.
2349 5088 2403 5157 4)
2424 5088 2521 5157 (b),
2548 5102 2655 5141 non
2678 5087 2851 5143 solum
2878 5100 2982 5139 non
3005 5084 3445 5153 desperaverunt,
3472 5081 3567 5137 sed

1974 5189 2028 5234 ct
2048 5180 2112 5233 ad
2136 5180 2335 5234 dictum
2378 5179 2477 5233 hoc
2520 5192 2899 5241 exsurrexere,
2957 5184 3264 5245 tantamque
3321 5171 3568 5227 vitiorum

2038 5440 2109 5501 (.t)
2144 5448 2239 5487 Non
2265 5438 2353 5501 abs
2374 5451 2431 5501 re
2450 5437 2528 5485 hic
2542 5435 2909 5501 Chrysostomus
2928 5436 2974 5483 in
3000 5433 3109 5483 illos
3132 5432 3500 5501 involtitur,_qni
3526 5431 3572 5480 in

1976 5497 2262 5559 explicanda
2285 5500 2446 5548 di\ina
2468 5499 2709 5559 Scriptura
2742 5510 2965 5559 magnam
2998 5510 3308 5559 numerorum
3332 5497 3567 5559 rationem

1977 5557 2239 5615 habebant.
2266 5562 2438 5624 quales
2456 5554 2599 5624 erant
2620 5572 2715 5624 non
2734 5554 2877 5624 modo
2898 5558 3029 5606 I‘ltllo
3047 5564 3097 5605 et
3111 5558 3337 5624 ult-meus
3360 5554 3568 5624 Aleuae-

1976 5626 2160 5678 drinus.
2181 5625 2268 5673 sed
2287 5616 2438 5671 etiam
2462 5622 2699 5669 Eusebius
2721 5619 2903 5682 aliquot
2928 5633 2973 5666 tn
3000 5627 3142 5673 tonis;
3170 5620 3265 5665 imo
3304 5628 3356 5666 et
3388 5616 3465 5663 alii
3491 5624 3565 5663 l‘a-

1978 5698 2097 5738 tres.
2128 5696 2226 5745 Qua
2247 5688 2309 5734 de
2334 5698 2391 5734 re
2417 5696 2644 5744 magnum
2669 5682 2847 5730 librum
2872 5682 3021 5731 edidit
3045 5688 3216 5729 Petrus
3239 5686 3443 5742 Bongus.

2040 5772 2114 5832 (ὑ)
2149 5773 2295 5821 Vetus
2329 5767 2478 5817 lectio
2503 5768 2625 5819 LXX
2646 5767 2982 5831 lntcrprclunt
3010 5773 3110 5819 tres
3131 5776 3322 5821 tantum
3370 5770 3477 5817 dies
3505 5772 3564 5820 ad
