4070 6418
478 380 582 438 815

477 496 720 551 fecerunt
742 487 1152 552 abstinentiam,
1193 493 1248 540 et
1277 492 1384 546 tam
1426 479 1734 551 diligentem
1763 475 2057 533 confessio-

478 600 601 639 netu
641 580 1024 641 exbilmerunt,
1059 585 1114 635 ut
1142 584 1197 631 et
1221 574 1286 628 ad
1319 573 1471 627 bmta
1507 586 1677 642 usque
1711 580 2061 625 extenderent

478 689 686 744 eaquai
714 667 1087 725 attinebantad
1108 665 1532 738 confessionem;
1561 676 1666 716 non
1715 660 1854 732 quod
1908 660 2059 712 bruta

481 765 772 818 animantia
825 760 1214 815 confessionem
1257 755 1559 811 ediderim:
1606 752 1872 823 quomodo
1916 750 2060 806 enim

481 863 718 926 possunt.
751 867 870 906 cum
899 862 1147 904 sermone
1167 843 1421 902 Careant?
1448 843 1542 899 seti
1573 853 1630 898 ut
1658 859 1753 913 per
1777 842 1878 898 hoc
1902 839 2064 895 mise-

484 943 764 1000 ricordiam
794 941 918 996 boni
949 937 1159 995 Domini
1204 936 1306 991 sibi
1349 935 1717 991 conciliarent.
1769 931 2063 989 Pranlicato

480 1037 622 1092 enim
647 1033 873 1105 jejunio,
905 1032 1096 1103 inquit,
1145 1045 1236 1084 rex
1287 1032 1400 1099 ipse
1445 1027 1734 1090 mandavit,
1788 1033 1843 1078 ut
1891 1037 2064 1090 neque

486 1142 634 1191 oves,
659 1140 832 1195 neque
876 1124 1058 1190 boves,
1110 1137 1282 1192 neque
1331 1120 1435 1175 alia
1484 1119 1635 1174 bruta
1687 1117 1935 1188 pabulum
1980 1114 2063 1169 vel

481 1233 673 1289 aquam
710 1218 1013 1287 accipeth
1065 1213 1311 1287 (lome3.
1345 1213 1439 1282 7);
1469 1210 1562 1266 sed
1591 1223 1750 1265 omne
1789 1207 2063 1263 hominum

482 1324 652 1378 genus
668 1317 791 1364 tunc
812 1308 983 1364 succis
1006 1304 1282 1370 amictum,
1305 1312 1360 1358 et
1379 1305 1493 1372 ipse
1511 1316 1723 1372 quoque
1742 1315 1832 1356 rex
1852 1298 2064 1354 sublimi

478 1400 614 1455 solio
636 1401 854 1464 sedens,
885 1413 1131 1469 magnam
1153 1407 1206 1452 et
1237 1411 1417 1466 parem
1467 1410 1590 1450 cum
1616 1393 1737 1448 aliis
1762 1408 1923 1463 egere
1951 1406 2066 1462 pm-

481 1490 759 1545 nitcntiatn
789 1508 802 1543 :
834 1488 1185 1558 feceruntque
1213 1487 1349 1549 ha-e,
1379 1487 1502 1540 licet
1527 1486 1832 1555 ignorarent
1852 1499 1921 1537 an
1948 1497 2063 1553 pte-

484 1598 605 1636 nam
627 1582 836 1638 evasuri
865 1589 1067 1636 essent.
1094 1578 1350 1635 Dicebant
1366 1578 1545 1633 enim:
1572 1575 1699 1643 Quis
1724 1577 1838 1641 scit,
1869 1575 1912 1630 si
1935 1577 2066 1646 forte

482 1676 719 1742 pozniteat
747 1672 884 1728 Deus
907 1688 1062 1739 super
1089 1670 1304 1734 malitia,
1329 1685 1480 1738 quam
1508 1679 1562 1723 nt
1589 1669 1732 1724 nobis
1759 1668 1938 1738 faciat,
1987 1669 2064 1722 lo-

481 1773 666 1833 quutus
687 1774 761 1818 est
781 1761 943 1831 (Ibid.
971 1777 1022 1815 tt.
1041 1761 1101 1825 9)
1117 1763 1143 1816 .’

555 1853 608 1907 7.
650 1851 895 1906 Prwdicit
927 1849 1081 1917 Deus,
1114 1850 1589 1915 neinducat-mala.
1612 1880 1683 1890 -—
1703 1849 1895 1905 Vidisti
1940 1850 2065 1904 bar-

485 1944 732 2000 barorum
772 1953 979 2015 gratum
1027 1944 1303 1998 animum?
1352 1943 1529 1998 vidisti
1581 1942 1849 2014 quomodo
1897 1958 2068 2014 neque

483 2030 960 2102 diernm'angustia
990 2033 1263 2103 segniores
1288 2032 1444 2096 fecit.
1476 2048 1652 2104 neque
1699 2031 1768 2088 ad
1811 2032 2066 2103 despera-

487 2127 684 2179 tionem
714 2124 952 2179 induxit?
974 2123 1100 2178 Vide
1126 2133 1182 2178 et
1201 2124 1324 2179 illos
1345 2132 1464 2192 post
1482 2133 1764 2178 numerum
1795 2130 1874 2178 tot
1899 2137 2068 2177 anno-

486 2231 624 2279 rum,
655 2215 741 2270 ubi
757 2215 1071 2269 audiverunt
1098 2231 1112 2268 :
1137 2213 1326 2268 Adhuc
1342 2221 1546 2284 septem
1568 2212 1702 2278 dies,
1733 2223 1788 2269 et
1812 2212 2067 2268 diluvium

485 2304 780 2367 inducetur.
812 2319 984 2376 neque
1008 2305 1086 2358 sic
1109 2318 1418 2368 conversos,
1448 2303 1541 2359 sed
1562 2303 1804 2374 stupidas
1849 2312 1906 2359 et
1947 2305 2067 2360 sine

483 2396 671 2451 dnlnre
695 2398 985 2453 mansisse:
1011 2396 1154 2452 unde
1181 2396 1233 2450 in
1249 2396 1498 2452 confesso
1525 2396 1706 2465 fuerit,
1737 2397 2068 2453 voluntatem

482 2494 720 2540 nostram
745 2486 1009 2540 malorum
1037 2487 1276 2541 omnium
1305 2501 1522 2542 causam
1551 2502 1693 2542 esse.
1745 2488 1885 2545 Ecce
1926 2489 2068 2544 enim

487 2586 536 2631 et
562 2577 639 2643 hi,
662 2587 715 2632 et
745 2578 828 2632 isti
849 2577 1062 2633 fuerunt
1087 2578 1351 2646 homines,
1394 2588 1448 2634 et
1497 2579 1735 2650 ejusdem
1778 2581 1930 2652 cujus
1978 2582 2067 2637 alii

487 2678 714 2734 natura,
760 2668 854 2724 sed
893 2684 1004 2724 non
1025 2670 1266 2739 ejusdem
1296 2671 1607 2728 voluntatis.
1638 2671 1924 2743 Propterea
1973 2689 2071 2729 nec

486 2758 675 2813 eadem
702 2771 888 2814 eorum
919 2775 1035 2814 sors
1061 2759 1179 2826 fuit,
1234 2760 1329 2817 sed
1374 2761 1622 2816 Ninivita:
1665 2764 2069 2818 subversiom-m

484 2848 940 2920 subterfugerunt,
965 2866 1086 2906 cum
1117 2851 1289 2906 bonus
1319 2852 1457 2905 Dens
1486 2861 1703 2922 propter
1755 2869 1906 2908 suam
1957 2856 2081 2908 cie--

487 2940 739 2994 mcntiam
760 2956 946 2996 eorum
969 2951 1250 2997 contentus
1271 2954 1412 2998 esset
1459 2944 1767 3013 pmnitentia
1799 2963 1812 2998 :
1840 2944 1938 3001 sed
1984 2947 2068 3000 isti

483 3029 768 3094 submersi,
786 3032 839 3085 in
862 3033 1130 3086 communi
1157 3033 1374 3088 interitu
1399 3034 1692 3101 perierunt.
1712 3036 1892 3089 Adhuc
1912 3038 2068 3101 enim,

486 3118 676 3188 inquit,
694 3130 882 3191 septem
905 3122 1032 3184 dies,
1063 3133 1110 3175 et
1133 3138 1222 3192 ego
1248 3123 1430 3176 induco
1449 3125 1668 3193 pluviam
1689 3142 1841 3194 super
1862 3137 2068 3180 terram.

491 3210 690 3265 Deinde
721 3222 775 3265 ut
823 3212 992 3281 magis
1035 3222 1225 3283 attgeat
1266 3221 1546 3278 terrorem,
1603 3215 1806 3283 inquit:
1841 3215 2076 3282 Quadra-

486 3307 627 3375 ginta
645 3305 819 3360 diebus
847 3315 894 3359 el
924 3305 1266 3376 quadraginta
1295 3309 1544 3361 noctibus.
1574 3307 1711 3374 Quid
1753 3309 1935 3364 enim?
1973 3326 2072 3364 an-

487 3410 590 3450 non
617 3406 839 3466 poterat,
874 3397 917 3450 si
947 3397 1220 3462 voluisset,
1255 3414 1360 3452 uno
1390 3399 1659 3453 dictatam
1706 3401 1934 3468 pluviam
1989 3402 2072 3455 in-

488 3486 725 3542 ducere?
748 3487 884 3555 Quid
911 3487 1033 3544 dico
1062 3504 1168 3543 uno
1194 3489 1324 3543 die?
1373 3489 1490 3543 Uno
1535 3499 1806 3544 momento
1853 3501 2068 3560 posset:

485 3578 578 3632 sed
612 3578 712 3630 hoc
735 3578 913 3634 dedita
941 3594 1102 3650 Opera
1126 3579 1271 3645 facit,
1300 3580 1485 3635 volens
1527 3581 1686 3636 simul
1730 3591 1783 3636 et
1823 3581 2069 3637 timorem

490 3671 745 3732 incutere,
775 3670 1188 3725 etoccasioncm
1215 3680 1488 3740 praastare,
1538 3687 1643 3740 qua
1692 3682 1908 3742 possent
1961 3689 2074 3742 po:-

489 3776 635 3826 nam,
657 3777 776 3831 qua:
803 3763 911 3830 jam
941 3761 995 3816 in
1027 3762 1230 3818 foribus
1264 3773 1429 3830 esset,
1461 3763 1716 3833 etTugere.
1753 3763 1818 3818 Et
1856 3764 2031 3820 delebo
2055 3807 2071 3832 ,

490 3852 681 3920 inquit,
711 3867 906 3905 onmem
933 3853 1286 3918 substantiam,
1315 3870 1467 3920 quam
1497 3857 1614 3922 feci,
1643 3871 1674 3908 a
1705 3855 1836 3924 facie
1875 3865 2023 3909 terra
2055 3898 2069 3920 ,

489 3945 552 3995 ab
577 3943 776 3995 homine
802 3958 957 4010 usque
976 3943 1044 3994 ad
1072 3959 1240 4010 pecus.
1275 3942 1407 3997 Vide
1435 3939 1703 4013 quomodo
1732 3959 1785 3999 et
1813 3947 1978 3999 semel
2024 3955 2077 3999 et

493 4034 685 4086 iterum
716 4033 983 4101 praedicit,
1007 4043 1061 4086 et
1088 4048 1260 4101 neque
1281 4033 1357 4087 sic
1379 4033 1501 4088 illos
1529 4036 1710 4103 tangit.
1742 4036 1932 4089 Omnia
1978 4018 2076 4089 au-

492 4133 597 4179 tem
632 4123 744 4178 inec
775 4124 1022 4191 iaciebat,
1055 4136 1110 4178 ut
1132 4139 1228 4179 nos
1248 4124 1485 4189 doceret,
1520 4141 1578 4180 se
1597 4128 1744 4193 jnste
1770 4127 1848 4182 eis
1875 4136 2075 4182 tantam

452 4217 456 4221 ’
492 4216 1016 4286 miraminﬂixisse;
1048 4225 1183 4272 etut
1225 4218 1397 4272 nullus
1445 4219 1801 4288 insipientiam
1852 4234 2080 4290 arguere

490 4318 545 4363 et
568 4308 748 4364 dicere
793 4317 1011 4378 posset:
1045 4309 1100 4363 Si
1160 4311 1675 4379 procrastinavisset,
1720 4309 1857 4366 forte
1908 4311 2082 4380 paeni-

494 4400 713 4454 tentiam
743 4402 995 4466 cgissent,
1023 4402 1159 4454 forte
1184 4416 1214 4454 a
1241 4400 1380 4455 vitiis
1409 4401 1757 4467 abstitissent,
1797 4410 1852 4457 et
1872 4401 1939 4458 ad
1966 4403 2079 4457 vir-

496 4501 662 4544 tutem
695 4490 1002 4546 rediissem.
1039 4491 1216 4558 anue
1261 4490 1330 4545 de
1381 4506 1541 4546 causa
1571 4507 1833 4548 annorum
1863 4507 2078 4563 quoque

492 4595 774 4637 numerum
805 4579 1098 4635 declaravit
1120 4581 1293 4644 nobis,
1324 4590 1374 4635 et
1403 4595 1580 4636 aream
1611 4581 1857 4638 fabricari
1896 4583 2075 4652 jussit.

493 4671 563 4727 Et
592 4681 712 4741 post
740 4671 853 4726 haec
875 4673 1055 4727 omnia
1086 4673 1245 4728 etiam
1275 4681 1400 4727 ante
1429 4672 1544 4727 dies
1574 4685 1780 4742 septem
1813 4674 2074 4743 prmdicit,

495 4775 550 4818 nt
597 4766 834 4818 omnium
888 4773 1088 4818 temere
1126 4763 1454 4833 loquentium
1493 4763 1828 4834 impudentes
1873 4764 2080 4835 linguas

491 4866 817 4924 compescat.
849 4856 900 4909 5.
938 4855 1000 4908 Et
1025 4855 1165 4925 fecit,
1193 4855 1385 4922 inquit,
1417 4852 1532 4908 Noe
1553 4855 1723 4908 omnia
1755 4872 2081 4926 quotcumque

498 4947 752 5001 mandavit
773 4947 815 4998 ei
836 4944 1084 4998 Dominus
1112 4943 1267 4998 Deus.
1303 4943 1436 5000 Vide
1464 4945 1732 5015 quomodo
1758 4956 1811 5000 et
1839 4961 1977 5000 nunc
1992 4947 2079 5015 ju-

495 5038 560 5091 sti
581 5045 791 5108 gratum
821 5036 1057 5090 animum
1089 5045 1142 5090 et
1178 5035 1535 5090 obedientiam
1583 5035 1760 5090 divina
1807 5036 2082 5107 Scriptura

495 5129 774 5199 praedicat.
804 5127 1004 5182 docens
1032 5142 1130 5180 nos
1155 5143 1276 5181 eum
1309 5127 1436 5180 nihil
1463 5127 1602 5197 quod
1623 5129 1939 5199 imperaturo
1967 5138 2082 5185 erat

498 5218 940 5289 przctcrmisisse;
973 5217 1066 5273 sed
1097 5218 1344 5272 omnibus
1374 5219 1625 5292 impletis,
1645 5221 1803 5274 etiam
1835 5236 1928 5290 per
1954 5220 2076 5286 hoc,

498 5455 883 5516 resipiscendnm
922 5448 1137 5504 Ninivitis
1155 5455 1294 5505 datos
1332 5463 1674 5505 commemorat
1708 5470 1719 5504 :
1757 5457 1804 5505 in
1847 5456 2082 5508 Hebraico

500 5527 650 5577 textu,
664 5527 811 5578 atque
851 5519 901 5566 in
924 5516 1125 5578 Vulgata
1169 5519 1482 5578 quadraginta
1503 5517 1612 5567 dies
1649 5519 1895 5578 leguntur.
1922 5522 2083 5569 Libra-

500 5582 682 5642 riornm
727 5580 887 5642 lapsus
925 5593 974 5627 in
1016 5585 1123 5627 txx
1166 5580 1516 5642 Intertiretibns
1549 5580 1598 5628 in
1618 5582 1663 5627 le
1704 5587 1838 5629 ortus
1870 5589 2082 5642 mutor,

501 5641 628 5699 quod
652 5648 757 5696 tres
775 5641 880 5689 dies
921 5647 1062 5703 Jonas
1085 5642 1131 5688 lu
1155 5646 1332 5688 ventre
1366 5641 1461 5703 ceti
1497 5644 1676 5702 egerit,
1712 5641 1914 5703 quorum
1938 5643 2082 5694 trium

503 5704 694 5755 dierum
713 5703 968 5754 occasione
991 5702 1067 5752 hic
1087 5711 1186 5752 tres
1215 5705 1356 5751 etiam
1375 5701 1482 5751 dies
1503 5701 1640 5764 pOsiti
1669 5701 1866 5757 ruerint.

1179 365 1232 423 S.
1270 361 1548 421 JOANNIS
1582 357 2053 420 οιιιιγεοδτοδιι
2093 356 2415 416 Αιιεῑιιερ.
2454 359 2990 418 CONSTANTINOP.

3647 361 3757 416 9M

2172 497 2383 553 virtutis
2403 512 2514 554 suae
2535 500 2811 570 specimen
2833 499 3144 570 praebuisse.

2242 590 2298 645 8.
2339 589 2556 644 Herulis
2574 591 2876 646 exhortatio.
2904 622 2976 632 —
3005 590 3156 656 Illum
3184 591 3345 663 igitur
3365 601 3416 647 et
3443 605 3544 649 nos
3577 593 3758 649 imite-

2173 697 2294 738 mur
2317 683 2541 754 justum,
2593 693 2649 740 et
2673 683 2925 740 mandata
2950 701 2980 739 a
3010 685 3121 740 Deo
3152 684 3344 741 tradita
3374 685 3598 756 implere
3642 697 3760 740 stuc

2171 773 2414 840 deamns,
2443 790 2507 831 ae
2542 776 2686 846 leges
2718 789 2748 831 a
2781 773 2996 831 Christo
3021 775 3175 832 nobis
3201 776 3335 832 latas
3363 791 3469 831 non
3497 775 3759 845 deipiciav

2171 879 2325 934 mus;
2347 867 2444 923 sed
2464 882 2647 922 earum
2678 876 2995 938 praesentem
3017 875 3294 922 servantes
3323 867 3658 929 memoriam.
3679 866 3760 922 fe-

2170 960 2431 1016 stinemus
2477 961 2544 1015 ad
2581 960 2716 1015 bona
2747 974 2930 1030 opera,
2985 973 3085 1014 nec
3137 973 3328 1030 segnes
3374 958 3544 1014 simus
3598 958 3650 1012 in
3699 957 3765 1012 iis

2177 1051 2467 1112 tractandis
2491 1067 2610 1121 qua:
2635 1053 2700 1106 ad
2719 1051 2943 1108 salutem
2965 1061 3201 1106 nostram
3219 1051 3510 1120 pertinent,
3528 1065 3763 1121 prteser-

2175 1142 2269 1196 tim
2298 1157 2418 1196 eum
2449 1158 2590 1196 nunc
2618 1143 2774 1212 longe
2819 1143 2992 1213 major
3021 1142 3228 1198 virtutis
3244 1155 3491 1197 mensura
3535 1157 3566 1196 ι
3607 1141 3763 1198 nobis

2173 1233 2436 1302 exigatur,
2468 1243 2670 1302 quanto
2694 1241 2748 1286 et
2775 1233 2993 1287 meliora
3028 1232 3165 1288 bona
3193 1233 3366 1288 sortiti
3392 1246 3599 1288 sumus.
3635 1228 3764 1288 Ideo

2172 1334 2226 1381 et
2247 1324 2493 1381 Christus
2535 1323 2740 1380 dicebat
2773 1342 2786 1378 :
2821 1325 2940 1381 Nisi
2985 1325 3317 1380 abundaverit
3347 1325 3552 1398 justitia
3596 1338 3764 1380 vestra

2174 1417 2290 1487 plus
2317 1414 2763 1488 quam’scriburum
2787 1428 2834 1470 et
2866 1415 3266 1482 Pharisa'ornm,
3292 1433 3392 1470 non
3410 1417 3661 1470 intrabitis
3712 1419 3766 1470 in

2173 1523 2382 1578 regnum
2409 1508 2645 1562 calorum
2677 1505 2886 1578 (Matth.
2913 1507 2968 1563 5.
2995 1507 3116 1578 20).
3150 1506 3566 1562 Consideremus
3608 1507 3766 1576 igitur

2173 1601 2275 1652 huc
2313 1597 2513 1652 dictum
2539 1638 2554 1661 ,
2597 1605 2651 1652 et
2696 1614 2803 1652 non
2854 1597 3214 1668 perfunctorie
3257 1607 3613 1660 transeamus,
3671 1596 3769 1650 sed

2173 1690 2468 1760 Cogitemus
2510 1698 2706 1760 quanta
2729 1704 2884 1760 pcena
2937 1691 3112 1744 futura
3165 1690 3230 1744 sit
3279 1704 3464 1745 eorum
3516 1690 3604 1760 qui
3657 1705 3768 1744 non

2172 1781 2345 1836 solum
2397 1796 2504 1836 non
2545 1796 2763 1850 cperam
2794 1780 2922 1836 dant
2947 1791 3004 1835 ut
3024 1780 3144 1837 illos
3175 1791 3451 1852 superent,
3480 1779 3575 1836 sed
3601 1782 3771 1837 etiam

2174 1873 2348 1927 minus
2364 1887 2521 1943 quam
2548 1872 2621 1927 illi
2651 1883 2905 1944 priestant
2931 1891 2945 1939 ;
2973 1889 3144 1943 neque
3163 1883 3355 1927 cavent
3400 1882 3458 1927 ut
3503 1873 3634 1926 iram
3685 1890 3763 1929 re-

2175 1966 2387 2020 mittant
2435 1967 2699 2036 pruximo,
2748 1966 2827 2021 vel
2853 1965 3085 2036 linguam
3115 1980 3144 2018 a
3187 1965 3506 2036 jurameutis
3553 1975 3774 2022 st-rveut

2177 2072 2383 2127 puram.
2416 2058 2495 2111 rel
2516 2057 2729 2112 otulnm
2753 2057 2992 2112 muniant
3012 2074 3043 2113 a
3072 2058 3372 2128 pernicioso
3421 2058 3774 2127 spectaculo;

2175 2159 2375 2204 etcum
2405 2146 2662 2202 Dominus
2686 2149 2984 2219 praecipiat,
3013 2165 3120 2205 non
3165 2150 3345 2206 solum
3368 2147 3582 2205 fortiter
3627 2147 3775 2205 fern

2101 2291 2103 2293 ,
2173 2240 2217 2295 si
2262 2253 2366 2310 qua
2414 2238 2607 2308 injuria
2649 2239 2910 2296 fuerimus
2948 2241 3145 2306 aﬂ‘ecti,
3182 2240 3628 2298 sedetbeneticia
3670 2241 3775 2296 ini-

2175 2323 2328 2387 micis
2352 2331 2572 2402 largiter
2592 2332 2864 2401 pra-bere;
2894 2332 2968 2388 ait
2987 2334 3150 2398 enim,
3184 2328 3255 2388 Et
3281 2335 3368 2404 qui
3421 2343 3587 2389 tecum
3631 2332 3775 2401 indi.

2175 2426 2255 2478 cio
2284 2424 2586 2478 contendere
2606 2434 2666 2502 et
2681 2427 2904 2479 tunicam
2924 2427 3099 2480 tollere
3113 2427 3240 2493 vult,
3258 2427 3454 2481 dimitte
3467 2436 3514 2481 et
3557 2426 3775 2498 pallium

2174 2517 2466 2588 (Matth..5.
2483 2517 2596 2588 40).
2621 2517 2732 2583 Nos
2756 2529 2936 2573 autem
2963 2532 3107 2588 stripe
3131 2519 3378 2589 proximo
3405 2518 3652 2590 injuriam
3683 2519 3771 2573 iu-

2180 2611 2320 2668 ferre
2365 2611 2604 2676 nitimur,
2637 2619 2728 2664 aut
2755 2609 3037 2666 la‘dcntem
3083 2609 3289 2677 uicis-ci,
3334 2609 3578 2680 quamvis
3616 2609 3778 2666 nobis

2181 2702 2504 2772 imperatum
2543 2703 2614 2756 sit
2645 2717 2752 2755 non
2784 2701 2956 2755 solum
2985 2699 3272 2771 diligentes
3323 2699 3547 2771 diligere
3585 2700 3608 2773 ι
3634 2699 3775 2755 Nam

2178 2795 2292 2860 hoc,
2324 2794 2515 2862 inquit,
2545 2801 2592 2844 et
2622 2792 2880 2862 publicani
2905 2791 3098 2862 faciunt
3124 2792 3338 2864 (Matth.
3359 2793 3411 2849 5.
3432 2790 3572 2866 46)],
3600 2791 3695 2848 sed
3717 2804 3776 2849 et

2176 2889 2315 2941 bene
2335 2886 2399 2939 'et
2423 2885 2595 2940 amice
2617 2883 2838 2939 affectos
2866 2898 2986 2939 esse
3015 2882 3069 2937 in
3097 2897 3194 2938 eos
3221 2885 3310 2953 qui
3360 2899 3458 2939 nos
3506 2884 3778 2941 hostiliter

2179 2980 2430 3032 infestant
2460 2995 2473 3031 :
2510 2992 2606 3030 nos
2637 2987 2816 3032 tamen
2843 2991 2912 3030 ne
2935 2977 3124 3030 amicis
3153 2976 3369 3046 quidem
3399 2992 3580 3047 parem
3627 2980 3776 3032 cari-

2178 3080 2340 3126 tatem
2369 3070 2706 3125 exhibemus.
2735 3069 3032 3139 Eapropter
3051 3067 3210 3123 doleo
3230 3077 3286 3125 et
3315 3070 3490 3140 lugeo,
3520 3071 3646 3138 quia
3678 3071 3763 3125 vi-

2177 3166 2280 3218 deo
2311 3165 2363 3219 in
2386 3160 2541 3219 nobis
2558 3170 2760 3218 tantam
2778 3162 2991 3217 virtutis
3024 3167 3337 3228 raritatem;
3367 3163 3624 3216 malitiam
3673 3179 3772 3217 au-

2179 3266 2288 3313 tem
2333 3257 2574 3328 quotidie
2619 3255 2947 3311 invalescere
2979 3273 2994 3309 :
3025 3269 3201 3324 neque
3243 3265 3483 3310 moratur
3508 3255 3777 3325 gehenna:

2181 3350 2343 3404 timor
2369 3358 2611 3402 nostrum
2642 3347 2693 3402 in
2719 3347 2860 3402 mala
2879 3361 3116 3411 cursum,
3145 3362 3318 3416 neque
3363 3348 3508 3416 regni
3558 3346 3777 3402 deside-

2181 3445 2315 3496 rium
2336 3441 2540 3506 incitat,
2563 3448 2615 3493 ut
2643 3439 2695 3494 in
2710 3439 2792 3492 via
2814 3437 3024 3493 virtutis
3040 3437 3378 3492 ambulemus
3403 3455 3416 3492 :
3447 3436 3540 3492 sed
3561 3453 3774 3502 omnes,

2181 3541 2238 3586 ut
2264 3533 2335 3586 ita
2367 3532 2566 3596 dicam,
2587 3545 2718 3600 quas
2766 3529 2998 3599 pecudes
3024 3528 3341 3583 abducimur
3367 3546 3380 3581 :
3413 3538 3466 3584 et
3491 3545 3663 3598 neque
3685 3546 3778 3584 co-

2180 3624 2411 3693 gitamus
2433 3621 2726 3677 terribilem
2753 3620 2896 3675 illam
2927 3619 3134 3686 horam,
3166 3620 3251 3676 vel
3310 3620 3454 3691 leges
3484 3637 3512 3675 a
3546 3621 3776 3676 Domino

2183 3716 2339 3770 nobis
2368 3714 2522 3769 datas
2555 3732 2568 3767 :
2601 3713 2695 3768 sed
2722 3728 2911 3768 omnes
2939 3713 3003 3765 ad
3036 3712 3312 3766 hominum
3340 3713 3625 3781 Opiniones
3646 3729 3774 3783 spe-

2182 3817 2410 3871 ctamus,
2439 3815 2494 3859 et
2522 3804 2799 3876 gloriolam
2822 3803 2893 3858 ab
2923 3802 3024 3856 illis
3051 3817 3328 3868 venamur,
3359 3819 3535 3872 neque
3585 3803 3776 3860 audire

2182 3897 2425 3954 volumus
2455 3893 2810 3966 Evangelium
2843 3893 3028 3949 dicens
3069 3912 3082 3947 :
3129 3894 3395 3958 Quomodo
3441 3910 3527 3949 vos
3571 3897 3778 3965 potestis

2186 3991 2388 4046 credere
2414 3991 2625 4061 gloriam
2649 3987 2711 4042 ab
2743 3986 3028 4042 hominibus
3043 3987 3362 4055 accipientes,
3417 3997 3462 4039 et
3515 3988 3731 4056 gloriam
3757 4029 3774 4054 ,

2181 4101 2294 4155 qua:
2314 4102 2345 4138 a
2366 4083 2475 4138 solo
2509 4081 2613 4136 Deo
2628 4091 2722 4143 est,
2744 4097 2844 4134 non
2863 4089 3137 4150 quwrentes
3151 4077 3332 4146 (Joan.
3351 4080 3403 4134 5.
3423 4079 3517 4148 44)
3537 4080 3560 4132 'i
3578 4079 3778 4145 Quent-

2186 4174 2470 4230 admodum
2501 4174 2644 4228 enim
2674 4174 2761 4242 qui
2793 4172 2937 4226 illam
2981 4171 3268 4224 humanam
3312 4169 3641 4234 desiderant,
3694 4171 3778 4224 di-

2190 4269 2322 4332 vina
2345 4278 2566 4335 prorsus
2586 4263 2836 4316 excidunt
2868 4278 2880 4312 :
2914 4260 2983 4314 ita
3013 4261 3102 4330 qui
3126 4260 3360 4315 divinam
3383 4262 3639 4316 continuo
3684 4277 3775 4316 se-

2190 4366 2425 4421 ctantur,
2448 4369 2622 4423 neque
2647 4355 2744 4407 hac
2761 4353 3058 4423 privamur.
3083 4350 3138 4405 Id
3163 4350 3305 4421 quod
3330 4352 3444 4421 ipse
3473 4352 3619 4421 prius
3650 4368 3775 4423 pro-

2186 4450 2330 4504 misit
2355 4465 2368 4501 :
2398 4447 2618 4516 Qttwrite
2638 4445 2888 4515 prinmm‘
2917 4460 3127 4514 regnum
3151 4441 3264 4508 Dei,
3295 4454 3340 4496 et
3373 4444 3479 4498 lucc
3505 4445 3676 4498 omnia
3691 4462 3776 4500 ro-

2184 4543 2259 4595 bis
2277 4541 2580 4613 adﬁcientur
2607 4537 2625 4606 (
2646 4536 2831 4590 Matth.
2859 4537 2912 4590 6.
2945 4534 3038 4606 55)
3065 4549 3083 4587 :
3111 4535 3308 4589 etenim
3335 4552 3456 4589 cum
3490 4537 3582 4605 qui
3620 4536 3779 4608 hujus

2185 4633 2455 4690 desiderio
2486 4640 2716 4705 tenetur,
2748 4638 3045 4698 sequuntur
3087 4629 3201 4682 [nec
3253 4630 3454 4681 omnia.
3512 4630 3644 4683 Nam
3687 4630 3775 4700 qui

2187 4727 2313 4783 illuc
2331 4720 2522 4781 mentis
2542 4738 2655 4792 sine
2680 4722 2783 4776 alis
2798 4722 3090 4775 instructus
3113 4722 3276 4784 volat,
3295 4738 3512 4775 onmem
3538 4738 3776 4790 prmon-

2189 4829 2295 4873 tetn
2323 4815 2731 4889 prosperitatem
2754 4813 2904 4884 quasi
2929 4827 3034 4865 non
3064 4822 3230 4875 esset,
3259 4814 3574 4868 contemnit.
3621 4813 3772 4869 Oculi

2186 4909 2326 4964 enim
2359 4906 2504 4972 fidei,
2536 4903 2752 4974 quando
2782 4903 2959 4957 vident
3016 4903 3298 4958 inel'fabilia
3334 4905 3420 4957 illa
3479 4905 3616 4959 bona
3642 4947 3657 4970 ,
3711 4921 3782 4960 ne

2186 5010 2420 5055 sentiunt
2439 4996 2654 5068 quidem
2685 4995 2801 5050 haec
2829 4993 3054 5048 visibilis
3083 5010 3096 5046 :
3129 5003 3334 5047 tantum
3380 4995 3521 5050 inter
3567 4996 3683 5053 hac
3724 5007 3782 5053 et

2188 5090 2277 5146 illa
2297 5091 2540 5145 interest.
2567 5086 2670 5143 Sed
2694 5086 2962 5140 neminem
2989 5085 3144 5140 video
3171 5085 3260 5155 qui
3284 5085 3569 5140 invisibilia
3597 5085 3772 5143 visibi-

2188 5181 2327 5236 libus-
2351 5179 2619 5250 praeferat.
2647 5177 2847 5232 Idcirco
2873 5177 3002 5231 mibi
3034 5192 3235 5232 mmrnr
3257 5187 3360 5242 est,
3381 5188 3434 5232 et
3461 5179 3774 5236 indesinens

2189 5273 2340 5328 dolor
2369 5272 2518 5328 cordi
2546 5270 2860 5340 meoz'quia
2907 5285 3011 5323 non
3042 5284 3222 5323 rerum
3263 5271 3594 5338 experientia
3635 5273 3777 5327 docti

2187 5381 2392 5430 sumus,
2446 5377 2620 5433 neque
2667 5361 2760 5417 Dei
2814 5360 3218 5431 promissiones,
3270 5375 3444 5430 neque
3491 5377 3778 5418 munerum

2189 5456 2518 5530 magnitudo,
2546 5455 2697 5527 regni
2729 5452 3052 5509 desiderium
3074 5459 3130 5508 et
3151 5466 3394 5506 amorem
3425 5453 3577 5509 nobis
3625 5446 3777 5516 insc-

2261 5627 2274 5655 t
2307 5624 2433 5684 Vox,
2457 5618 2663 5684 primunt
2693 5615 2942 5680 (πρῶτον),
2971 5615 3107 5664 deest
3144 5613 3194 5662 in
3229 5609 3380 5658 Savii.
3414 5614 3468 5658 et
3496 5609 3544 5656 in
3579 5611 3778 5669 septem
