  <div class='ocr_page' id='page_1' title='image "/cluster/home/n/w/nwhite01/storage/ocr_20150623/53/ien.35556001660802/219.png"; bbox 0 0 4070 6408; ppageno 0'>
   <div class='ocr_carea' id='block_1_1' title="bbox 319 359 420 416">
    <p class='ocr_par' dir='ltr' id='par_1_1' title="bbox 319 359 420 416">
     <span class='ocr_line' id='line_1_1' title="bbox 319 359 420 416; baseline -0.04 0"><span class='ocrx_word' id='word_1_1' title='bbox 319 359 420 416; x_wconf 67' lang='lat'>237</span> 
     </span>
    </p>
   </div>
   <div class='ocr_carea' id='block_1_2' title="bbox 321 460 1981 544">
    <p class='ocr_par' dir='ltr' id='par_1_2' title="bbox 321 460 1981 544">
     <span class='ocr_line' id='line_1_2' title="bbox 321 460 1981 544; baseline -0.011 -14"><span class='ocrx_word' id='word_1_2' title='bbox 321 474 418 530; x_wconf 86' lang='grc' dir='ltr'>τοῦ</span> <span class='ocrx_word' id='word_1_3' title='bbox 441 471 716 544; x_wconf 36' lang='grc' dir='ltr'>’παρόντος</span> <span class='ocrx_word' id='word_1_4' title='bbox 751 469 868 540; x_wconf 84' lang='grc' dir='ltr'>βίου</span> <span class='ocrx_word' id='word_1_5' title='bbox 897 467 1022 522; x_wconf 76' lang='grc' dir='ltr'>ιτῶν</span> <span class='ocrx_word' id='word_1_6' title='bbox 1068 466 1442 536; x_wconf 72' lang='grc' dir='ltr'>ἀτελευτήτων</span> <span class='ocrx_word' id='word_1_7' title='bbox 1468 461 1682 518; x_wconf 88' lang='grc' dir='ltr'>αίώνων</span> <span class='ocrx_word' id='word_1_8' title='bbox 1731 460 1981 529; x_wconf 66' lang='grc' dir='ltr'>ἐκείνων.</span> 
     </span>
    </p>
   </div>
   <div class='ocr_carea' id='block_1_3' title="bbox 324 545 1991 630">
    <p class='ocr_par' dir='ltr' id='par_1_3' title="bbox 324 545 1991 630">
     <span class='ocr_line' id='line_1_3' title="bbox 324 545 1991 630; baseline -0.01 -14"><span class='ocrx_word' id='word_1_9' title='bbox 324 559 455 615; x_wconf 80' lang='grc' dir='ltr'>Οἶδα</span> <span class='ocrx_word' id='word_1_10' title='bbox 488 561 570 614; x_wconf 85' lang='grc' dir='ltr'>ὅτι</span> <span class='ocrx_word' id='word_1_11' title='bbox 600 559 789 614; x_wconf 87' lang='grc' dir='ltr'>δάκνει</span> <span class='ocrx_word' id='word_1_12' title='bbox 816 559 917 630; x_wconf 83' lang='grc' dir='ltr'>τὴν</span> <span class='ocrx_word' id='word_1_13' title='bbox 949 555 1116 626; x_wconf 82' lang='grc' dir='ltr'>ἀκοὴν</span> <span class='ocrx_word' id='word_1_14' title='bbox 1143 569 1396 608; x_wconf 80' lang='grc' dir='ltr'>ταυτιτα</span> <span class='ocrx_word' id='word_1_15' title='bbox 1422 553 1668 623; x_wconf 75' lang='grc' dir='ltr'>ῥήματα,</span> <span class='ocrx_word' id='word_1_16' title='bbox 1690 547 1828 603; x_wconf 83' lang='grc' dir='ltr'>ἀλλά</span> <span class='ocrx_word' id='word_1_17' title='bbox 1856 545 1991 616; x_wconf 74' lang='grc' dir='ltr'>σύγοο</span> 
     </span>
    </p>
   </div>
   <div class='ocr_carea' id='block_1_4' title="bbox 326 634 1991 718">
    <p class='ocr_par' dir='ltr' id='par_1_4' title="bbox 326 634 1991 718">
     <span class='ocr_line' id='line_1_4' title="bbox 326 634 1991 718; baseline -0.01 -15"><span class='ocrx_word' id='word_1_18' title='bbox 326 664 522 715; x_wconf 88' lang='grc' dir='ltr'>γνωτε.</span> <span class='ocrx_word' id='word_1_19' title='bbox 551 645 864 718; x_wconf 76' lang='grc' dir='ltr'>Ἐπιθυμιῖιν</span> <span class='ocrx_word' id='word_1_20' title='bbox 884 644 982 715; x_wconf 81' lang='grc' dir='ltr'>τὴν</span> <span class='ocrx_word' id='word_1_21' title='bbox 1003 643 1156 713; x_wconf 84' lang='grc' dir='ltr'>ὑμῶν</span> <span class='ocrx_word' id='word_1_22' title='bbox 1178 643 1454 712; x_wconf 72' lang='grc' dir='ltr'>σωτηρίαν</span> <span class='ocrx_word' id='word_1_23' title='bbox 1470 639 1642 694; x_wconf 87' lang='grc' dir='ltr'>ταῦτα</span> <span class='ocrx_word' id='word_1_24' title='bbox 1658 634 1991 707; x_wconf 79' lang='grc' dir='ltr'>φθέγγομαι,</span> 
     </span>
    </p>
   </div>
   <div class='ocr_carea' id='block_1_5' title="bbox 327 718 1992 804">
    <p class='ocr_par' dir='ltr' id='par_1_5' title="bbox 327 718 1992 804">
     <span class='ocr_line' id='line_1_5' title="bbox 327 718 1992 804; baseline -0.009 -16"><span class='ocrx_word' id='word_1_25' title='bbox 327 735 424 788; x_wconf 77' lang='grc' dir='ltr'>καὶ</span> <span class='ocrx_word' id='word_1_26' title='bbox 478 732 800 804; x_wconf 87' lang='grc' dir='ltr'>βουλόμενος</span> <span class='ocrx_word' id='word_1_27' title='bbox 847 728 1082 784; x_wconf 82' lang='grc' dir='ltr'>ἐνταῦθα</span> <span class='ocrx_word' id='word_1_28' title='bbox 1130 729 1328 800; x_wconf 70' lang='grc' dir='ltr'>μικρὸν</span> <span class='ocrx_word' id='word_1_29' title='bbox 1375 728 1522 798; x_wconf 81' lang='grc' dir='ltr'>ὑμᾶς</span> <span class='ocrx_word' id='word_1_30' title='bbox 1551 724 1853 796; x_wconf 82' lang='grc' dir='ltr'>δηχθέντας</span> <span class='ocrx_word' id='word_1_31' title='bbox 1892 718 1992 793; x_wconf 84' lang='grc' dir='ltr'>τὴν</span> 
     </span>
    </p>
   </div>
   <div class='ocr_carea' id='block_1_6' title="bbox 324 807 1995 888">
    <p class='ocr_par' dir='ltr' id='par_1_6' title="bbox 324 807 1995 888">
     <span class='ocr_line' id='line_1_6' title="bbox 324 807 1995 888; baseline -0.01 -10"><span class='ocrx_word' id='word_1_32' title='bbox 324 821 544 878; x_wconf 74' lang='grc' dir='ltr'>αἰώνιον</span> <span class='ocrx_word' id='word_1_33' title='bbox 573 819 794 874; x_wconf 77' lang='grc' dir='ltr'>κόλασιν</span> <span class='ocrx_word' id='word_1_34' title='bbox 822 817 1176 888; x_wconf 80' lang='grc' dir='ltr'>διαφυγεῖν,ή</span> <span class='ocrx_word' id='word_1_35' title='bbox 1208 816 1346 888; x_wconf 82' lang='grc' dir='ltr'>πρὸς</span> <span class='ocrx_word' id='word_1_36' title='bbox 1365 814 1545 883; x_wconf 83' lang='grc' dir='ltr'>ὀλίγον</span> <span class='ocrx_word' id='word_1_37' title='bbox 1562 807 1995 882; x_wconf 63' lang='grc' dir='ltr'>ψυχαγωγηθέν-</span> 
     </span>
    </p>
   </div>
   <div class='ocr_carea' id='block_1_7' title="bbox 331 893 1990 980">
    <p class='ocr_par' dir='ltr' id='par_1_7' title="bbox 331 893 1990 980">
     <span class='ocr_line' id='line_1_7' title="bbox 331 893 1990 980; baseline -0.007 -20"><span class='ocrx_word' id='word_1_38' title='bbox 331 925 432 971; x_wconf 83' lang='grc' dir='ltr'>τας</span> <span class='ocrx_word' id='word_1_39' title='bbox 481 905 704 980; x_wconf 79' lang='grc' dir='ltr'>διηνεκῆ</span> <span class='ocrx_word' id='word_1_40' title='bbox 736 905 838 974; x_wconf 85' lang='grc' dir='ltr'>τὴν</span> <span class='ocrx_word' id='word_1_41' title='bbox 867 904 1139 976; x_wconf 76' lang='grc' dir='ltr'>τιμωρίαν</span> <span class='ocrx_word' id='word_1_42' title='bbox 1167 903 1410 974; x_wconf 84' lang='grc' dir='ltr'>ὑπέχειν.</span> <span class='ocrx_word' id='word_1_43' title='bbox 1447 901 1509 954; x_wconf 73' lang='lat' dir='ltr'>EI</span> <span class='ocrx_word' id='word_1_44' title='bbox 1542 898 1652 970; x_wconf 87' lang='grc' dir='ltr'>γάρ</span> <span class='ocrx_word' id='word_1_45' title='bbox 1678 893 1990 967; x_wconf 82' lang='grc' dir='ltr'>ἀνάσχησθε</span> 
     </span>
    </p>
   </div>
   <div class='ocr_carea' id='block_1_8' title="bbox 325 982 1994 1064">
    <p class='ocr_par' dir='ltr' id='par_1_8' title="bbox 325 982 1994 1064">
     <span class='ocr_line' id='line_1_8' title="bbox 325 982 1994 1064; baseline -0.007 -16"><span class='ocrx_word' id='word_1_46' title='bbox 325 994 434 1048; x_wconf 90' lang='grc' dir='ltr'>τῶν</span> <span class='ocrx_word' id='word_1_47' title='bbox 459 993 608 1064; x_wconf 82' lang='grc' dir='ltr'>ἐμῶν</span> <span class='ocrx_word' id='word_1_48' title='bbox 639 992 834 1062; x_wconf 86' lang='grc' dir='ltr'>λόγων,</span> <span class='ocrx_word' id='word_1_49' title='bbox 885 992 980 1046; x_wconf 72' lang='grc' dir='ltr'>καὶ</span> <span class='ocrx_word' id='word_1_50' title='bbox 1007 991 1109 1062; x_wconf 86' lang='grc' dir='ltr'>τὴν</span> <span class='ocrx_word' id='word_1_51' title='bbox 1159 987 1537 1062; x_wconf 72' lang='grc' dir='ltr'>προλαϐοῦσαν</span> <span class='ocrx_word' id='word_1_52' title='bbox 1584 982 1825 1057; x_wconf 89' lang='grc' dir='ltr'>ἀθυμίαν</span> <span class='ocrx_word' id='word_1_53' title='bbox 1853 984 1994 1038; x_wconf 88' lang='grc' dir='ltr'>ἀπο-</span> 
     </span>
    </p>
   </div>
   <div class='ocr_carea' id='block_1_9' title="bbox 327 1064 1994 1150">
    <p class='ocr_par' dir='ltr' id='par_1_9' title="bbox 327 1064 1994 1150">
     <span class='ocr_line' id='line_1_9' title="bbox 327 1064 1994 1150; baseline -0.007 -14"><span class='ocrx_word' id='word_1_54' title='bbox 327 1082 570 1136; x_wconf 84' lang='grc' dir='ltr'>σείσεσθε</span> <span class='ocrx_word' id='word_1_55' title='bbox 615 1093 674 1148; x_wconf 76' lang='grc' dir='ltr'>ι,</span> <span class='ocrx_word' id='word_1_56' title='bbox 715 1080 812 1135; x_wconf 81' lang='grc' dir='ltr'>καὶ</span> <span class='ocrx_word' id='word_1_57' title='bbox 866 1079 1101 1150; x_wconf 89' lang='grc' dir='ltr'>μάλιστα</span> <span class='ocrx_word' id='word_1_58' title='bbox 1136 1077 1232 1131; x_wconf 92' lang='grc' dir='ltr'>νῦν</span> <span class='ocrx_word' id='word_1_59' title='bbox 1267 1076 1344 1141; x_wconf 83' lang='grc' dir='ltr'>ὡς</span> <span class='ocrx_word' id='word_1_60' title='bbox 1382 1075 1463 1131; x_wconf 79' lang='grc' dir='ltr'>ἐτι</span> <span class='ocrx_word' id='word_1_61' title='bbox 1499 1077 1530 1130; x_wconf 96' lang='lat'>6</span> <span class='ocrx_word' id='word_1_62' title='bbox 1577 1074 1782 1148; x_wconf 80' lang='grc' dir='ltr'>βραχὺς</span> <span class='ocrx_word' id='word_1_63' title='bbox 1835 1064 1994 1134; x_wconf 75' lang='grc' dir='ltr'>οὗτος</span> 
     </span>
    </p>
   </div>
   <div class='ocr_carea' id='block_1_10' title="bbox 326 1160 1989 1242">
    <p class='ocr_par' dir='ltr' id='par_1_10' title="bbox 326 1160 1989 1242">
     <span class='ocr_line' id='line_1_10' title="bbox 326 1160 1989 1242; baseline -0.004 -16"><span class='ocrx_word' id='word_1_64' title='bbox 326 1172 518 1242; x_wconf 83' lang='grc' dir='ltr'>καιρὸς</span> <span class='ocrx_word' id='word_1_65' title='bbox 567 1169 668 1241; x_wconf 83' lang='grc' dir='ltr'>τῆς</span> <span class='ocrx_word' id='word_1_66' title='bbox 717 1169 880 1236; x_wconf 92' lang='grc' dir='ltr'>ἁγίας</span> <span class='ocrx_word' id='word_1_67' title='bbox 927 1167 1053 1238; x_wconf 82' lang='grc' dir='ltr'>ὑμῖν</span> <span class='ocrx_word' id='word_1_68' title='bbox 1085 1163 1471 1218; x_wconf 81' lang='grc' dir='ltr'>ὑπολέλειπται</span> <span class='ocrx_word' id='word_1_69' title='bbox 1502 1160 1989 1234; x_wconf 70' lang='grc' dir='ltr'>τεσσαρακοστῆς,</span> 
     </span>
    </p>
   </div>
   <div class='ocr_carea' id='block_1_11' title="bbox 324 1245 1993 1328">
    <p class='ocr_par' dir='ltr' id='par_1_11' title="bbox 324 1245 1993 1328">
     <span class='ocr_line' id='line_1_11' title="bbox 324 1245 1993 1328; baseline -0.007 -17"><span class='ocrx_word' id='word_1_70' title='bbox 324 1255 620 1328; x_wconf 85' lang='grc' dir='ltr'>δυνήσεσθε</span> <span class='ocrx_word' id='word_1_71' title='bbox 654 1255 749 1309; x_wconf 81' lang='grc' dir='ltr'>καὶ</span> <span class='ocrx_word' id='word_1_72' title='bbox 776 1254 846 1310; x_wconf 89' lang='grc' dir='ltr'>τά</span> <span class='ocrx_word' id='word_1_73' title='bbox 869 1252 1239 1325; x_wconf 80' lang='grc' dir='ltr'>ἡμαρτημένα</span> <span class='ocrx_word' id='word_1_74' title='bbox 1264 1249 1652 1320; x_wconf 77' lang='grc' dir='ltr'>ἀπονίψασθαι,</span> <span class='ocrx_word' id='word_1_75' title='bbox 1680 1250 1774 1303; x_wconf 78' lang='grc' dir='ltr'>καὶ</span> <span class='ocrx_word' id='word_1_76' title='bbox 1794 1245 1993 1317; x_wconf 89' lang='grc' dir='ltr'>πολλὴν</span> 
     </span>
    </p>
   </div>
   <div class='ocr_carea' id='block_1_12' title="bbox 325 1333 1993 1418">
    <p class='ocr_par' dir='ltr' id='par_1_12' title="bbox 325 1333 1993 1418">
     <span class='ocr_line' id='line_1_12' title="bbox 325 1333 1993 1418; baseline -0.007 -20"><span class='ocrx_word' id='word_1_77' title='bbox 325 1344 477 1418; x_wconf 85' lang='grc' dir='ltr'>παρά</span> <span class='ocrx_word' id='word_1_78' title='bbox 501 1340 596 1397; x_wconf 90' lang='grc' dir='ltr'>τοῦ</span> <span class='ocrx_word' id='word_1_79' title='bbox 642 1339 777 1396; x_wconf 87' lang='grc' dir='ltr'>Θεοῦ</span> <span class='ocrx_word' id='word_1_80' title='bbox 815 1340 913 1412; x_wconf 90' lang='grc' dir='ltr'>τὴν</span> <span class='ocrx_word' id='word_1_81' title='bbox 948 1339 1361 1410; x_wconf 72' lang='grc' dir='ltr'>φιλανθρωπίαν</span> <span class='ocrx_word' id='word_1_82' title='bbox 1406 1335 1842 1399; x_wconf 83' lang='grc' dir='ltr'>ἐπισπάσασθαι,</span> <span class='ocrx_word' id='word_1_83' title='bbox 1871 1333 1993 1388; x_wconf 64' lang='grc' dir='ltr'>οὐδὲ</span> 
     </span>
    </p>
   </div>
   <div class='ocr_carea' id='block_1_13' title="bbox 325 1421 1990 1504">
    <p class='ocr_par' dir='ltr' id='par_1_13' title="bbox 325 1421 1990 1504">
     <span class='ocr_line' id='line_1_13' title="bbox 325 1421 1990 1504; baseline -0.005 -20"><span class='ocrx_word' id='word_1_84' title='bbox 325 1432 434 1504; x_wconf 70' lang='grc' dir='ltr'>γὰρ</span> <span class='ocrx_word' id='word_1_85' title='bbox 475 1428 688 1484; x_wconf 82' lang='grc' dir='ltr'>πολλῶν</span> <span class='ocrx_word' id='word_1_86' title='bbox 735 1427 964 1500; x_wconf 82' lang='grc' dir='ltr'>ἡμερῶν</span> <span class='ocrx_word' id='word_1_87' title='bbox 991 1427 1162 1480; x_wconf 65' lang='grc' dir='ltr'>δεῖται</span> <span class='ocrx_word' id='word_1_88' title='bbox 1191 1427 1220 1479; x_wconf 97' lang='lat'>6</span> <span class='ocrx_word' id='word_1_89' title='bbox 1271 1426 1568 1495; x_wconf 77' lang='grc' dir='ltr'>Δεσπότης,</span> <span class='ocrx_word' id='word_1_90' title='bbox 1611 1423 1734 1478; x_wconf 82' lang='grc' dir='ltr'>οὐδέ</span> <span class='ocrx_word' id='word_1_91' title='bbox 1775 1421 1990 1494; x_wconf 90' lang='grc' dir='ltr'>χρόνου,</span> 
     </span>
    </p>
   </div>
   <div class='ocr_carea' id='block_1_14' title="bbox 326 1508 1992 1587">
    <p class='ocr_par' dir='ltr' id='par_1_14' title="bbox 326 1508 1992 1587">
     <span class='ocr_line' id='line_1_14' title="bbox 326 1508 1992 1587; baseline -0.007 -15"><span class='ocrx_word' id='word_1_92' title='bbox 326 1519 441 1573; x_wconf 88' lang='grc' dir='ltr'>ἀλλ’</span> <span class='ocrx_word' id='word_1_93' title='bbox 473 1518 570 1570; x_wconf 82' lang='grc' dir='ltr'>ἐὰν</span> <span class='ocrx_word' id='word_1_94' title='bbox 595 1515 926 1587; x_wconf 80' lang='grc' dir='ltr'>θελήσωμεν</span> <span class='ocrx_word' id='word_1_95' title='bbox 956 1515 1052 1567; x_wconf 80' lang='grc' dir='ltr'>καὶ</span> <span class='ocrx_word' id='word_1_96' title='bbox 1082 1516 1140 1567; x_wconf 90' lang='grc' dir='ltr'>ἐν</span> <span class='ocrx_word' id='word_1_97' title='bbox 1161 1514 1284 1575; x_wconf 86' lang='grc' dir='ltr'>ταῖς</span> <span class='ocrx_word' id='word_1_98' title='bbox 1307 1512 1426 1565; x_wconf 79' lang='grc' dir='ltr'>δυσὶ</span> <span class='ocrx_word' id='word_1_99' title='bbox 1454 1511 1684 1574; x_wconf 81' lang='grc' dir='ltr'>ταύταις</span> <span class='ocrx_word' id='word_1_100' title='bbox 1730 1508 1992 1580; x_wconf 73' lang='grc' dir='ltr'>ἑϐδομάσι</span> 
     </span>
    </p>
   </div>
   <div class='ocr_carea' id='block_1_15' title="bbox 328 1599 1993 1680">
    <p class='ocr_par' dir='ltr' id='par_1_15' title="bbox 328 1599 1993 1680">
     <span class='ocr_line' id='line_1_15' title="bbox 328 1599 1993 1680; baseline -0.007 -18"><span class='ocrx_word' id='word_1_101' title='bbox 328 1608 530 1680; x_wconf 86' lang='grc' dir='ltr'>πολλὴν</span> <span class='ocrx_word' id='word_1_102' title='bbox 571 1607 668 1680; x_wconf 86' lang='grc' dir='ltr'>τὴν</span> <span class='ocrx_word' id='word_1_103' title='bbox 726 1602 876 1678; x_wconf 73' lang='grc'><strong>[229]</strong></span> <span class='ocrx_word' id='word_1_104' title='bbox 915 1602 1204 1674; x_wconf 82' lang='grc' dir='ltr'>διόρθωσιν</span> <span class='ocrx_word' id='word_1_105' title='bbox 1259 1600 1368 1654; x_wconf 90' lang='grc' dir='ltr'>τῶν</span> <span class='ocrx_word' id='word_1_106' title='bbox 1422 1599 1804 1672; x_wconf 89' lang='grc' dir='ltr'>ἐπταισμένων</span> <span class='ocrx_word' id='word_1_107' title='bbox 1860 1600 1993 1669; x_wconf 90' lang='grc' dir='ltr'>ήμῖν</span> 
     </span>
    </p>
   </div>
   <div class='ocr_carea' id='block_1_16' title="bbox 328 1686 1992 1767">
    <p class='ocr_par' dir='ltr' id='par_1_16' title="bbox 328 1686 1992 1767">
     <span class='ocr_line' id='line_1_16' title="bbox 328 1686 1992 1767; baseline -0.007 -17"><span class='ocrx_word' id='word_1_108' title='bbox 328 1695 689 1767; x_wconf 74' lang='grc' dir='ltr'>ποιησόμεθα.</span> <span class='ocrx_word' id='word_1_109' title='bbox 724 1693 786 1746; x_wconf 82' lang='grc' dir='ltr'><strong>Εἰ</strong></span> <span class='ocrx_word' id='word_1_110' title='bbox 819 1692 929 1763; x_wconf 88' lang='grc' dir='ltr'>γάρ</span> <span class='ocrx_word' id='word_1_111' title='bbox 957 1693 1084 1755; x_wconf 80' lang='grc' dir='ltr'>τοὺς</span> <span class='ocrx_word' id='word_1_112' title='bbox 1103 1691 1412 1753; x_wconf 78' lang='grc' dir='ltr'>Νινευῖτας,</span> <span class='ocrx_word' id='word_1_113' title='bbox 1439 1689 1626 1760; x_wconf 84' lang='grc' dir='ltr'>ἐπειδὴ</span> <span class='ocrx_word' id='word_1_114' title='bbox 1662 1686 1832 1759; x_wconf 85' lang='grc' dir='ltr'>τριῶν</span> <span class='ocrx_word' id='word_1_115' title='bbox 1852 1687 1992 1757; x_wconf 86' lang='grc' dir='ltr'>ήμε-</span> 
     </span>
    </p>
   </div>
   <div class='ocr_carea' id='block_1_17' title="bbox 329 1773 1992 1855">
    <p class='ocr_par' dir='ltr' id='par_1_17' title="bbox 329 1773 1992 1855">
     <span class='ocr_line' id='line_1_17' title="bbox 329 1773 1992 1855; baseline -0.006 -19"><span class='ocrx_word' id='word_1_116' title='bbox 329 1783 439 1855; x_wconf 86' lang='grc' dir='ltr'>ρῶν</span> <span class='ocrx_word' id='word_1_117' title='bbox 467 1781 566 1853; x_wconf 87' lang='grc' dir='ltr'>τὴν</span> <span class='ocrx_word' id='word_1_118' title='bbox 599 1780 890 1852; x_wconf 81' lang='grc' dir='ltr'>μετάνοιαν</span> <span class='ocrx_word' id='word_1_119' title='bbox 937 1777 1283 1842; x_wconf 67' lang='grc' dir='ltr'>ἐπεδείξαντο</span> <span class='ocrx_word' id='word_1_120' title='bbox 1307 1815 1322 1839; x_wconf 90' lang='grc'>,</span> <span class='ocrx_word' id='word_1_121' title='bbox 1363 1775 1632 1848; x_wconf 79' lang='grc' dir='ltr'>τοσαύτης</span> <span class='ocrx_word' id='word_1_122' title='bbox 1670 1773 1873 1845; x_wconf 85' lang='grc' dir='ltr'>ήξίωσε</span> <span class='ocrx_word' id='word_1_123' title='bbox 1903 1790 1992 1844; x_wconf 83' lang='grc' dir='ltr'>φι-</span> 
     </span>
    </p>
   </div>
   <div class='ocr_carea' id='block_1_18' title="bbox 327 1863 1992 1941">
    <p class='ocr_par' dir='ltr' id='par_1_18' title="bbox 327 1863 1992 1941">
     <span class='ocr_line' id='line_1_18' title="bbox 327 1863 1992 1941; baseline -0.007 -15"><span class='ocrx_word' id='word_1_124' title='bbox 327 1868 700 1941; x_wconf 87' lang='grc' dir='ltr'>λανθρωπίας,</span> <span class='ocrx_word' id='word_1_125' title='bbox 738 1866 920 1938; x_wconf 87' lang='grc' dir='ltr'>πολλῷ</span> <span class='ocrx_word' id='word_1_126' title='bbox 969 1866 1036 1938; x_wconf 90' lang='grc' dir='ltr'>δὴ</span> <span class='ocrx_word' id='word_1_127' title='bbox 1092 1866 1294 1938; x_wconf 80' lang='grc' dir='ltr'>μᾶλλον</span> <span class='ocrx_word' id='word_1_128' title='bbox 1325 1867 1473 1938; x_wconf 64' lang='grc' dir='ltr'>ἡμᾶς</span> <span class='ocrx_word' id='word_1_129' title='bbox 1518 1865 1582 1919; x_wconf 84' lang='grc' dir='ltr'>ού</span> <span class='ocrx_word' id='word_1_130' title='bbox 1627 1863 1951 1936; x_wconf 80' lang='grc' dir='ltr'>περιόψεται</span> <span class='ocrx_word' id='word_1_131' title='bbox 1975 1879 1992 1895; x_wconf 78' lang='grc' dir='ltr'><strong>ο</strong></span> 
     </span>
    </p>
   </div>
   <div class='ocr_carea' id='block_1_19' title="bbox 331 1949 1996 2030">
    <p class='ocr_par' dir='ltr' id='par_1_19' title="bbox 331 1949 1996 2030">
     <span class='ocr_line' id='line_1_19' title="bbox 331 1949 1996 2030; baseline -0.004 -20"><span class='ocrx_word' id='word_1_132' title='bbox 331 1959 492 2030; x_wconf 84' lang='grc' dir='ltr'>μόνον</span> <span class='ocrx_word' id='word_1_133' title='bbox 525 1955 622 2010; x_wconf 81' lang='grc' dir='ltr'>ἐὰν</span> <span class='ocrx_word' id='word_1_134' title='bbox 658 1955 757 2027; x_wconf 90' lang='grc' dir='ltr'>τὴν</span> <span class='ocrx_word' id='word_1_135' title='bbox 786 1953 964 2026; x_wconf 81' lang='grc' dir='ltr'>ἀληθῆ</span> <span class='ocrx_word' id='word_1_136' title='bbox 994 1953 1283 2024; x_wconf 89' lang='grc' dir='ltr'>μετάνοιαν</span> <span class='ocrx_word' id='word_1_137' title='bbox 1329 1951 1748 2024; x_wconf 79' lang='grc' dir='ltr'>ἐπιδειξώμεθα,</span> <span class='ocrx_word' id='word_1_138' title='bbox 1772 1950 1867 2004; x_wconf 76' lang='grc' dir='ltr'>καὶ</span> <span class='ocrx_word' id='word_1_139' title='bbox 1895 1949 1996 2022; x_wconf 85' lang='grc' dir='ltr'>τῆς</span> 
     </span>
    </p>
   </div>
   <div class='ocr_carea' id='block_1_20' title="bbox 329 2037 1994 2112">
    <p class='ocr_par' dir='ltr' id='par_1_20' title="bbox 329 2037 1994 2112">
     <span class='ocr_line' id='line_1_20' title="bbox 329 2037 1994 2112; baseline -0.005 -14"><span class='ocrx_word' id='word_1_140' title='bbox 329 2043 529 2108; x_wconf 78' lang='grc' dir='ltr'>κακίας</span> <span class='ocrx_word' id='word_1_141' title='bbox 557 2041 892 2104; x_wconf 81' lang='grc' dir='ltr'>ἀποστάντες</span> <span class='ocrx_word' id='word_1_142' title='bbox 921 2039 1191 2112; x_wconf 78' lang='grc' dir='ltr'>ἁψώμεθα</span> <span class='ocrx_word' id='word_1_143' title='bbox 1222 2041 1320 2112; x_wconf 82' lang='grc' dir='ltr'>τῆς</span> <span class='ocrx_word' id='word_1_144' title='bbox 1335 2041 1430 2093; x_wconf 78' lang='grc' dir='ltr'>ἐπὶ</span> <span class='ocrx_word' id='word_1_145' title='bbox 1450 2039 1548 2111; x_wconf 88' lang='grc' dir='ltr'>τὴν</span> <span class='ocrx_word' id='word_1_146' title='bbox 1569 2038 1768 2110; x_wconf 84' lang='grc' dir='ltr'>ἀρετὴν</span> <span class='ocrx_word' id='word_1_147' title='bbox 1796 2037 1994 2109; x_wconf 85' lang='grc' dir='ltr'>φερού-</span> 
     </span>
    </p>
   </div>
   <div class='ocr_carea' id='block_1_21' title="bbox 330 2124 1989 2202">
    <p class='ocr_par' dir='ltr' id='par_1_21' title="bbox 330 2124 1989 2202">
     <span class='ocr_line' id='line_1_21' title="bbox 330 2124 1989 2202; baseline -0.004 -17"><span class='ocrx_word' id='word_1_148' title='bbox 330 2149 431 2202; x_wconf 84' lang='grc' dir='ltr'>σης</span> <span class='ocrx_word' id='word_1_149' title='bbox 457 2131 600 2185; x_wconf 86' lang='grc' dir='ltr'>ὁδοῦ.</span> <span class='ocrx_word' id='word_1_150' title='bbox 641 2129 754 2184; x_wconf 76' lang='grc' dir='ltr'>Καὶ</span> <span class='ocrx_word' id='word_1_151' title='bbox 782 2129 890 2199; x_wconf 78' lang='grc' dir='ltr'>γὰρ</span> <span class='ocrx_word' id='word_1_152' title='bbox 915 2127 1042 2199; x_wconf 74' lang='grc' dir='ltr'>περὶ</span> <span class='ocrx_word' id='word_1_153' title='bbox 1076 2127 1325 2191; x_wconf 88' lang='grc' dir='ltr'>ἐκείνων,</span> <span class='ocrx_word' id='word_1_154' title='bbox 1356 2125 1466 2181; x_wconf 90' lang='grc' dir='ltr'>τῶν</span> <span class='ocrx_word' id='word_1_155' title='bbox 1495 2125 1793 2183; x_wconf 85' lang='grc' dir='ltr'>Νινευῖτῶν</span> <span class='ocrx_word' id='word_1_156' title='bbox 1825 2124 1989 2193; x_wconf 80' lang='grc' dir='ltr'>λέγω,</span> 
     </span>
    </p>
   </div>
   <div class='ocr_carea' id='block_1_22' title="bbox 330 2209 1994 2288">
    <p class='ocr_par' dir='ltr' id='par_1_22' title="bbox 330 2209 1994 2288">
     <span class='ocr_line' id='line_1_22' title="bbox 330 2209 1994 2288; baseline -0.003 -20"><span class='ocrx_word' id='word_1_157' title='bbox 330 2215 684 2288; x_wconf 88' lang='grc' dir='ltr'>μαρτυροῦσα</span> <span class='ocrx_word' id='word_1_158' title='bbox 710 2217 743 2286; x_wconf 91' lang='grc' dir='ltr'>ή</span> <span class='ocrx_word' id='word_1_159' title='bbox 767 2214 889 2268; x_wconf 89' lang='grc' dir='ltr'>θεία</span> <span class='ocrx_word' id='word_1_160' title='bbox 904 2213 1116 2285; x_wconf 73' lang='grc' dir='ltr'>Γραφὴ,</span> <span class='ocrx_word' id='word_1_161' title='bbox 1130 2212 1288 2267; x_wconf 90' lang='grc' dir='ltr'>τοῦτό</span> <span class='ocrx_word' id='word_1_162' title='bbox 1309 2231 1494 2285; x_wconf 81' lang='grc' dir='ltr'>φησιν,</span> <span class='ocrx_word' id='word_1_163' title='bbox 1510 2214 1594 2267; x_wconf 81' lang='grc' dir='ltr'>δτι</span> <span class='ocrx_word' id='word_1_164' title='bbox 1609 2209 1832 2267; x_wconf 82' lang='grc' dir='ltr'>Εἷδενό</span> <span class='ocrx_word' id='word_1_165' title='bbox 1847 2211 1994 2278; x_wconf 83' lang='grc' dir='ltr'>Θεὸς</span> 
     </span>
    </p>
   </div>
   <div class='ocr_carea' id='block_1_23' title="bbox 326 2297 1994 2372">
    <p class='ocr_par' dir='ltr' id='par_1_23' title="bbox 326 2297 1994 2372">
     <span class='ocr_line' id='line_1_23' title="bbox 326 2297 1994 2372; baseline -0.004 -14"><span class='ocrx_word' id='word_1_166' title='bbox 326 2305 417 2359; x_wconf 83' lang='grc' dir='ltr'>ὅτι</span> <span class='ocrx_word' id='word_1_167' title='bbox 449 2303 686 2372; x_wconf 80' lang='grc' dir='ltr'>ἀπέστη</span> <span class='ocrx_word' id='word_1_168' title='bbox 724 2302 986 2368; x_wconf 76' lang='grc' dir='ltr'>ἕκαστος</span> <span class='ocrx_word' id='word_1_169' title='bbox 1006 2301 1126 2356; x_wconf 79' lang='grc' dir='ltr'>ἀπὸ</span> <span class='ocrx_word' id='word_1_170' title='bbox 1154 2300 1266 2370; x_wconf 79' lang='grc' dir='ltr'>τῆς</span> <span class='ocrx_word' id='word_1_171' title='bbox 1289 2299 1430 2368; x_wconf 80' lang='grc' dir='ltr'>ὀδοῦ</span> <span class='ocrx_word' id='word_1_172' title='bbox 1454 2299 1642 2355; x_wconf 78' lang='grc' dir='ltr'>αὑτοῦ</span> <span class='ocrx_word' id='word_1_173' title='bbox 1673 2297 1782 2366; x_wconf 84' lang='grc' dir='ltr'>τῆς</span> <span class='ocrx_word' id='word_1_174' title='bbox 1810 2311 1994 2364; x_wconf 66' lang='grc' dir='ltr'>πονηε⁵</span> 
     </span>
    </p>
   </div>
   <div class='ocr_carea' id='block_1_24' title="bbox 319 2386 1995 2462">
    <p class='ocr_par' dir='ltr' id='par_1_24' title="bbox 319 2386 1995 2462">
     <span class='ocr_line' id='line_1_24' title="bbox 319 2386 1995 2462; baseline -0.006 -14"><span class='ocrx_word' id='word_1_175' title='bbox 319 2392 456 2462; x_wconf 81' lang='grc' dir='ltr'>ρᾶς.</span> <span class='ocrx_word' id='word_1_176' title='bbox 497 2391 623 2444; x_wconf 80' lang='grc' dir='ltr'>Ἑάν</span> <span class='ocrx_word' id='word_1_177' title='bbox 660 2391 841 2444; x_wconf 87' lang='grc' dir='ltr'>τοίνυν</span> <span class='ocrx_word' id='word_1_178' title='bbox 872 2390 970 2449; x_wconf 63' lang='grc' dir='ltr'>καὶ</span> <span class='ocrx_word' id='word_1_179' title='bbox 1010 2388 1160 2460; x_wconf 76' lang='grc' dir='ltr'>ἡμᾶς</span> <span class='ocrx_word' id='word_1_180' title='bbox 1212 2388 1299 2461; x_wconf 79' lang='grc' dir='ltr'>ἴδῃ</span> <span class='ocrx_word' id='word_1_181' title='bbox 1347 2387 1823 2459; x_wconf 82' lang='grc' dir='ltr'>μεταταξαμένους</span> <span class='ocrx_word' id='word_1_182' title='bbox 1857 2386 1995 2456; x_wconf 77' lang='grc' dir='ltr'>πρὸς</span> 
     </span>
    </p>
   </div>
   <div class='ocr_carea' id='block_1_25' title="bbox 327 2473 1994 2551">
    <p class='ocr_par' dir='ltr' id='par_1_25' title="bbox 327 2473 1994 2551">
     <span class='ocr_line' id='line_1_25' title="bbox 327 2473 1994 2551; baseline -0.004 -19"><span class='ocrx_word' id='word_1_183' title='bbox 327 2481 428 2547; x_wconf 87' lang='grc' dir='ltr'>τὴν</span> <span class='ocrx_word' id='word_1_184' title='bbox 468 2479 694 2551; x_wconf 80' lang='grc' dir='ltr'>ἀρετὴν,</span> <span class='ocrx_word' id='word_1_185' title='bbox 725 2479 820 2532; x_wconf 75' lang='grc' dir='ltr'>καὶ</span> <span class='ocrx_word' id='word_1_186' title='bbox 859 2476 1212 2540; x_wconf 85' lang='grc' dir='ltr'>ἐκκλίναντας</span> <span class='ocrx_word' id='word_1_187' title='bbox 1243 2477 1346 2547; x_wconf 81' lang='grc' dir='ltr'>μὲν</span> <span class='ocrx_word' id='word_1_188' title='bbox 1377 2477 1485 2530; x_wconf 76' lang='grc' dir='ltr'>ἀπὸ</span> <span class='ocrx_word' id='word_1_189' title='bbox 1520 2477 1618 2546; x_wconf 85' lang='grc' dir='ltr'>τῆς</span> <span class='ocrx_word' id='word_1_190' title='bbox 1648 2475 1868 2538; x_wconf 88' lang='grc' dir='ltr'>κακίας,</span> <span class='ocrx_word' id='word_1_191' title='bbox 1900 2473 1994 2526; x_wconf 79' lang='grc' dir='ltr'>ἐπὶ</span> 
     </span>
    </p>
   </div>
   <div class='ocr_carea' id='block_1_26' title="bbox 327 2561 1994 2639">
    <p class='ocr_par' dir='ltr' id='par_1_26' title="bbox 327 2561 1994 2639">
     <span class='ocr_line' id='line_1_26' title="bbox 327 2561 1994 2639; baseline -0.005 -18"><span class='ocrx_word' id='word_1_192' title='bbox 327 2568 386 2621; x_wconf 82' lang='grc' dir='ltr'>δέ</span> <span class='ocrx_word' id='word_1_193' title='bbox 424 2567 525 2639; x_wconf 90' lang='grc' dir='ltr'>τὴν</span> <span class='ocrx_word' id='word_1_194' title='bbox 559 2566 670 2623; x_wconf 88' lang='grc' dir='ltr'>τῶν</span> <span class='ocrx_word' id='word_1_195' title='bbox 703 2566 925 2633; x_wconf 81' lang='grc' dir='ltr'>ἀγαθῶν</span> <span class='ocrx_word' id='word_1_196' title='bbox 957 2564 1222 2637; x_wconf 86' lang='grc' dir='ltr'>ἐργασίαν</span> <span class='ocrx_word' id='word_1_197' title='bbox 1256 2561 1602 2628; x_wconf 84' lang='grc' dir='ltr'>σπεύδοντας.</span> <span class='ocrx_word' id='word_1_198' title='bbox 1637 2562 1848 2628; x_wconf 83' lang='grc' dir='ltr'>δέξεται</span> <span class='ocrx_word' id='word_1_199' title='bbox 1897 2561 1994 2613; x_wconf 74' lang='grc' dir='ltr'>καὶ</span> 
     </span>
    </p>
   </div>
   <div class='ocr_carea' id='block_1_27' title="bbox 323 2647 1994 2725">
    <p class='ocr_par' dir='ltr' id='par_1_27' title="bbox 323 2647 1994 2725">
     <span class='ocr_line' id='line_1_27' title="bbox 323 2647 1994 2725; baseline -0.004 -18"><span class='ocrx_word' id='word_1_200' title='bbox 323 2653 487 2725; x_wconf 77' lang='grc' dir='ltr'>ήμῶν</span> <span class='ocrx_word' id='word_1_201' title='bbox 531 2655 632 2724; x_wconf 88' lang='grc' dir='ltr'>τὴν</span> <span class='ocrx_word' id='word_1_202' title='bbox 667 2653 1026 2723; x_wconf 82' lang='grc' dir='ltr'>ἐπιστροφὴν,</span> <span class='ocrx_word' id='word_1_203' title='bbox 1074 2651 1167 2706; x_wconf 74' lang='grc' dir='ltr'>καὶ</span> <span class='ocrx_word' id='word_1_204' title='bbox 1201 2651 1312 2705; x_wconf 90' lang='grc' dir='ltr'>τῶν</span> <span class='ocrx_word' id='word_1_205' title='bbox 1353 2651 1588 2720; x_wconf 79' lang='grc' dir='ltr'>φορτίων</span> <span class='ocrx_word' id='word_1_206' title='bbox 1621 2647 1994 2719; x_wconf 88' lang='grc' dir='ltr'>ἐλευθερώσας</span> 
     </span>
    </p>
   </div>
   <div class='ocr_carea' id='block_1_28' title="bbox 329 2735 1992 2812">
    <p class='ocr_par' dir='ltr' id='par_1_28' title="bbox 329 2735 1992 2812">
     <span class='ocr_line' id='line_1_28' title="bbox 329 2735 1992 2812; baseline -0.003 -17"><span class='ocrx_word' id='word_1_207' title='bbox 329 2741 439 2795; x_wconf 89' lang='grc' dir='ltr'>τῶν</span> <span class='ocrx_word' id='word_1_208' title='bbox 475 2740 890 2812; x_wconf 81' lang='grc' dir='ltr'>ἁμαρτημάτων</span> <span class='ocrx_word' id='word_1_209' title='bbox 931 2736 1160 2810; x_wconf 77' lang='grc' dir='ltr'>παρέξει</span> <span class='ocrx_word' id='word_1_210' title='bbox 1194 2738 1296 2801; x_wconf 85' lang='grc' dir='ltr'>τὰς</span> <span class='ocrx_word' id='word_1_211' title='bbox 1336 2738 1468 2809; x_wconf 84' lang='grc' dir='ltr'>παρ’</span> <span class='ocrx_word' id='word_1_212' title='bbox 1515 2735 1712 2790; x_wconf 84' lang='grc' dir='ltr'>ἐαυτοῦ</span> <span class='ocrx_word' id='word_1_213' title='bbox 1760 2735 1992 2806; x_wconf 88' lang='grc' dir='ltr'>δωρεάς.</span> 
     </span>
    </p>
   </div>
   <div class='ocr_carea' id='block_1_29' title="bbox 326 2821 1995 2900">
    <p class='ocr_par' dir='ltr' id='par_1_29' title="bbox 326 2821 1995 2900">
     <span class='ocr_line' id='line_1_29' title="bbox 326 2821 1995 2900; baseline 0.001 -23"><span class='ocrx_word' id='word_1_214' title='bbox 326 2829 465 2883; x_wconf 71' lang='grc' dir='ltr'>υὺδὲ</span> <span class='ocrx_word' id='word_1_215' title='bbox 491 2828 600 2900; x_wconf 69' lang='grc' dir='ltr'>γὰρ</span> <span class='ocrx_word' id='word_1_216' title='bbox 626 2829 787 2898; x_wconf 79' lang='grc' dir='ltr'>ἡμεῖς</span> <span class='ocrx_word' id='word_1_217' title='bbox 813 2825 956 2880; x_wconf 77' lang='grc' dir='ltr'>οὕτω</span> <span class='ocrx_word' id='word_1_218' title='bbox 975 2826 1075 2897; x_wconf 80' lang='grc' dir='ltr'>τῆς</span> <span class='ocrx_word' id='word_1_219' title='bbox 1094 2824 1204 2879; x_wconf 88' lang='grc' dir='ltr'>τῶν</span> <span class='ocrx_word' id='word_1_220' title='bbox 1223 2823 1642 2896; x_wconf 79' lang='grc' dir='ltr'>ἁμαρτημάτων</span> <span class='ocrx_word' id='word_1_221' title='bbox 1670 2821 1995 2892; x_wconf 81' lang='grc' dir='ltr'>ἀπαλλαγῆς</span> 
     </span>
    </p>
   </div>
   <div class='ocr_carea' id='block_1_30' title="bbox 327 2908 1994 2986">
    <p class='ocr_par' dir='ltr' id='par_1_30' title="bbox 327 2908 1994 2986">
     <span class='ocr_line' id='line_1_30' title="bbox 327 2908 1994 2986; baseline -0.005 -17"><span class='ocrx_word' id='word_1_222' title='bbox 327 2914 726 2986; x_wconf 75' lang='grc' dir='ltr'>ἐπιθυμοῦμεν,</span> <span class='ocrx_word' id='word_1_223' title='bbox 757 2914 852 2967; x_wconf 62' lang='grc' dir='ltr'>καὶ¹</span> <span class='ocrx_word' id='word_1_224' title='bbox 883 2913 1160 2983; x_wconf 89' lang='grc' dir='ltr'>σωτηρίας</span> <span class='ocrx_word' id='word_1_225' title='bbox 1187 2910 1570 2982; x_wconf 80' lang='grc' dir='ltr'>ἐφιέμεθα,ῶς</span> <span class='ocrx_word' id='word_1_226' title='bbox 1587 2910 1749 2972; x_wconf 77' lang='grc' dir='ltr'>αὐτὸς</span> <span class='ocrx_word' id='word_1_227' title='bbox 1770 2908 1994 2962; x_wconf 81' lang='grc' dir='ltr'>σπεύδει</span> 
     </span>
    </p>
   </div>
   <div class='ocr_carea' id='block_1_31' title="bbox 329 2996 1992 3070">
    <p class='ocr_par' dir='ltr' id='par_1_31' title="bbox 329 2996 1992 3070">
     <span class='ocr_line' id='line_1_31' title="bbox 329 2996 1992 3070; baseline -0.005 -13"><span class='ocrx_word' id='word_1_228' title='bbox 329 3005 424 3058; x_wconf 77' lang='grc' dir='ltr'>καὶ</span> <span class='ocrx_word' id='word_1_229' title='bbox 452 3001 734 3070; x_wconf 75' lang='grc' dir='ltr'>ἐπείγεται</span> <span class='ocrx_word' id='word_1_230' title='bbox 763 2999 1037 3054; x_wconf 89' lang='grc' dir='ltr'>κάκείνων</span> <span class='ocrx_word' id='word_1_231' title='bbox 1074 3001 1207 3070; x_wconf 81' lang='grc' dir='ltr'>ἡμῖν</span> <span class='ocrx_word' id='word_1_232' title='bbox 1239 2997 1339 3070; x_wconf 90' lang='grc' dir='ltr'>τὴν</span> <span class='ocrx_word' id='word_1_233' title='bbox 1393 2997 1716 3067; x_wconf 82' lang='grc' dir='ltr'>ἀπαλλαγὴν</span> <span class='ocrx_word' id='word_1_234' title='bbox 1742 2996 1992 3068; x_wconf 86' lang='grc' dir='ltr'>δωρήσα⁶</span> 
     </span>
    </p>
   </div>
   <div class='ocr_carea' id='block_1_32' title="bbox 330 3080 1996 3158">
    <p class='ocr_par' dir='ltr' id='par_1_32' title="bbox 330 3080 1996 3158">
     <span class='ocr_line' id='line_1_32' title="bbox 330 3080 1996 3158; baseline -0.005 -15"><span class='ocrx_word' id='word_1_235' title='bbox 330 3090 476 3152; x_wconf 90' lang='grc' dir='ltr'>σθαι,</span> <span class='ocrx_word' id='word_1_236' title='bbox 502 3089 595 3142; x_wconf 80' lang='grc' dir='ltr'>καὶ</span> <span class='ocrx_word' id='word_1_237' title='bbox 631 3089 730 3158; x_wconf 81' lang='grc' dir='ltr'>τῆς</span> <span class='ocrx_word' id='word_1_238' title='bbox 760 3087 1037 3158; x_wconf 85' lang='grc' dir='ltr'>σωτηρίας</span> <span class='ocrx_word' id='word_1_239' title='bbox 1065 3085 1162 3158; x_wconf 87' lang='grc' dir='ltr'>τὴν</span> <span class='ocrx_word' id='word_1_240' title='bbox 1209 3084 1513 3138; x_wconf 82' lang='grc' dir='ltr'>ἀπόλαυσιν</span> <span class='ocrx_word' id='word_1_241' title='bbox 1539 3083 1862 3156; x_wconf 83' lang='grc' dir='ltr'>παρασχεῖν.</span> <span class='ocrx_word' id='word_1_242' title='bbox 1895 3080 1996 3135; x_wconf 87' lang='grc' dir='ltr'>Διά</span> 
     </span>
    </p>
   </div>
   <div class='ocr_carea' id='block_1_33' title="bbox 326 3167 1996 3248">
    <p class='ocr_par' dir='ltr' id='par_1_33' title="bbox 326 3167 1996 3248">
     <span class='ocr_line' id='line_1_33' title="bbox 326 3167 1996 3248; baseline -0.005 -18"><span class='ocrx_word' id='word_1_243' title='bbox 326 3177 509 3244; x_wconf 86' lang='grc' dir='ltr'>τοῦτο,</span> <span class='ocrx_word' id='word_1_244' title='bbox 531 3174 853 3248; x_wconf 80' lang='grc' dir='ltr'>παρακαλῶ,</span> <span class='ocrx_word' id='word_1_245' title='bbox 875 3174 1229 3246; x_wconf 86' lang='grc' dir='ltr'>διεγείρωμεν</span> <span class='ocrx_word' id='word_1_246' title='bbox 1258 3172 1469 3227; x_wconf 68' lang='grc' dir='ltr'>ἑαυτῶν</span> <span class='ocrx_word' id='word_1_247' title='bbox 1493 3171 1582 3224; x_wconf 80' lang='grc' dir='ltr'>τὸν</span> <span class='ocrx_word' id='word_1_248' title='bbox 1603 3169 1885 3240; x_wconf 84' lang='grc' dir='ltr'>λογισμὸν,</span> <span class='ocrx_word' id='word_1_249' title='bbox 1900 3167 1996 3222; x_wconf 85' lang='grc' dir='ltr'>καὶ</span> 
     </span>
    </p>
   </div>
   <div class='ocr_carea' id='block_1_34' title="bbox 327 3252 1995 3332">
    <p class='ocr_par' dir='ltr' id='par_1_34' title="bbox 327 3252 1995 3332">
     <span class='ocr_line' id='line_1_34' title="bbox 327 3252 1995 3332; baseline -0.007 -15"><span class='ocrx_word' id='word_1_250' title='bbox 327 3264 556 3326; x_wconf 69' lang='grc' dir='ltr'>ἕκαστος</span> <span class='ocrx_word' id='word_1_251' title='bbox 604 3260 894 3332; x_wconf 75' lang='grc' dir='ltr'>ἐξεταστὴς</span> <span class='ocrx_word' id='word_1_252' title='bbox 943 3261 1120 3330; x_wconf 83' lang='grc' dir='ltr'>ἐαυτῷ</span> <span class='ocrx_word' id='word_1_253' title='bbox 1167 3258 1424 3329; x_wconf 85' lang='grc' dir='ltr'>γινέσθω,</span> <span class='ocrx_word' id='word_1_254' title='bbox 1479 3257 1534 3310; x_wconf 88' lang='grc' dir='ltr'>εί</span> <span class='ocrx_word' id='word_1_255' title='bbox 1559 3273 1612 3310; x_wconf 92' lang='grc' dir='ltr'>τι</span> <span class='ocrx_word' id='word_1_256' title='bbox 1654 3255 1819 3309; x_wconf 83' lang='grc' dir='ltr'>πλέον</span> <span class='ocrx_word' id='word_1_257' title='bbox 1844 3252 1995 3325; x_wconf 84' lang='grc' dir='ltr'>αὐτῷ</span> 
     </span>
    </p>
   </div>
   <div class='ocr_carea' id='block_1_35' title="bbox 328 3341 1994 3424">
    <p class='ocr_par' dir='ltr' id='par_1_35' title="bbox 328 3341 1994 3424">
     <span class='ocr_line' id='line_1_35' title="bbox 328 3341 1994 3424; baseline -0.005 -19"><span class='ocrx_word' id='word_1_258' title='bbox 328 3349 687 3424; x_wconf 82' lang='grc' dir='ltr'>κατώρθωται</span> <span class='ocrx_word' id='word_1_259' title='bbox 740 3351 797 3403; x_wconf 88' lang='grc' dir='ltr'>ἐν</span> <span class='ocrx_word' id='word_1_260' title='bbox 824 3348 904 3420; x_wconf 81' lang='grc' dir='ltr'>τῷ</span> <span class='ocrx_word' id='word_1_261' title='bbox 942 3347 1265 3418; x_wconf 80' lang='grc' dir='ltr'>παρελθόντι</span> <span class='ocrx_word' id='word_1_262' title='bbox 1317 3346 1518 3417; x_wconf 85' lang='grc' dir='ltr'>χρόνῳ,</span> <span class='ocrx_word' id='word_1_263' title='bbox 1570 3345 1625 3398; x_wconf 84' lang='grc' dir='ltr'>εί</span> <span class='ocrx_word' id='word_1_264' title='bbox 1655 3361 1778 3397; x_wconf 89' lang='grc' dir='ltr'>τινα</span> <span class='ocrx_word' id='word_1_265' title='bbox 1808 3341 1994 3413; x_wconf 73' lang='grc' dir='ltr'>ὄνησιν</span> 
     </span>
    </p>
   </div>
   <div class='ocr_carea' id='block_1_36' title="bbox 325 3430 1994 3510">
    <p class='ocr_par' dir='ltr' id='par_1_36' title="bbox 325 3430 1994 3510">
     <span class='ocr_line' id='line_1_36' title="bbox 325 3430 1994 3510; baseline -0.007 -17"><span class='ocrx_word' id='word_1_266' title='bbox 325 3440 484 3510; x_wconf 73' lang='grc' dir='ltr'>ἐσχεν</span> <span class='ocrx_word' id='word_1_267' title='bbox 511 3441 576 3492; x_wconf 89' lang='grc' dir='ltr'>ἐκ</span> <span class='ocrx_word' id='word_1_268' title='bbox 606 3439 704 3509; x_wconf 78' lang='grc' dir='ltr'>τῆς</span> <span class='ocrx_word' id='word_1_269' title='bbox 740 3435 1001 3507; x_wconf 75' lang='grc' dir='ltr'>συνεχοῦς</span> <span class='ocrx_word' id='word_1_270' title='bbox 1035 3435 1239 3506; x_wconf 81' lang='grc' dir='ltr'>ταύτης</span> <span class='ocrx_word' id='word_1_271' title='bbox 1263 3432 1635 3498; x_wconf 78' lang='grc' dir='ltr'>διδασκαλίας,</span> <span class='ocrx_word' id='word_1_272' title='bbox 1661 3430 1715 3484; x_wconf 79' lang='grc' dir='ltr'>εί</span> <span class='ocrx_word' id='word_1_273' title='bbox 1738 3449 1791 3484; x_wconf 91' lang='grc' dir='ltr'>τι</span> <span class='ocrx_word' id='word_1_274' title='bbox 1821 3431 1994 3500; x_wconf 81' lang='grc' dir='ltr'>ἐκαρ-</span> 
     </span>
    </p>
   </div>
   <div class='ocr_carea' id='block_1_37' title="bbox 327 3521 1992 3599">
    <p class='ocr_par' dir='ltr' id='par_1_37' title="bbox 327 3521 1992 3599">
     <span class='ocr_line' id='line_1_37' title="bbox 327 3521 1992 3599; baseline -0.004 -17"><span class='ocrx_word' id='word_1_275' title='bbox 327 3528 548 3583; x_wconf 88' lang='grc' dir='ltr'>πώσατο</span> <span class='ocrx_word' id='word_1_276' title='bbox 576 3529 657 3591; x_wconf 85' lang='grc' dir='ltr'>εἰς</span> <span class='ocrx_word' id='word_1_277' title='bbox 688 3527 787 3599; x_wconf 94' lang='grc' dir='ltr'>τὴν</span> <span class='ocrx_word' id='word_1_278' title='bbox 813 3526 908 3580; x_wconf 90' lang='grc' dir='ltr'>τοῦ</span> <span class='ocrx_word' id='word_1_279' title='bbox 958 3526 1186 3598; x_wconf 88' lang='grc' dir='ltr'>πλησίον</span> <span class='ocrx_word' id='word_1_280' title='bbox 1227 3525 1584 3586; x_wconf 84' lang='grc' dir='ltr'>κατάστασιν,</span> <span class='ocrx_word' id='word_1_281' title='bbox 1637 3522 1690 3575; x_wconf 82' lang='grc' dir='ltr'>εί</span> <span class='ocrx_word' id='word_1_282' title='bbox 1733 3539 1857 3575; x_wconf 91' lang='grc' dir='ltr'>τινα</span> <span class='ocrx_word' id='word_1_283' title='bbox 1883 3521 1992 3575; x_wconf 90' lang='grc' dir='ltr'>τῶν</span> 
     </span>
    </p>
   </div>
   <div class='ocr_carea' id='block_1_38' title="bbox 325 3608 1993 3685">
    <p class='ocr_par' dir='ltr' id='par_1_38' title="bbox 325 3608 1993 3685">
     <span class='ocr_line' id='line_1_38' title="bbox 325 3608 1993 3685; baseline -0.004 -17"><span class='ocrx_word' id='word_1_284' title='bbox 325 3615 722 3685; x_wconf 74' lang='grc' dir='ltr'>ἐλαττωμάτων</span> <span class='ocrx_word' id='word_1_285' title='bbox 759 3612 1036 3684; x_wconf 86' lang='grc' dir='ltr'>διώρθωσε</span> <span class='ocrx_word' id='word_1_286' title='bbox 1062 3612 1170 3665; x_wconf 88' lang='grc' dir='ltr'>τῶν</span> <span class='ocrx_word' id='word_1_287' title='bbox 1195 3610 1414 3673; x_wconf 77' lang='grc' dir='ltr'>ἑαυτοῦ,</span> <span class='ocrx_word' id='word_1_288' title='bbox 1446 3611 1499 3663; x_wconf 82' lang='grc' dir='ltr'>εῐ</span> <span class='ocrx_word' id='word_1_289' title='bbox 1521 3626 1644 3664; x_wconf 88' lang='grc' dir='ltr'>τινα</span> <span class='ocrx_word' id='word_1_290' title='bbox 1679 3609 1818 3680; x_wconf 80' lang='grc' dir='ltr'>πρὸς</span> <span class='ocrx_word' id='word_1_291' title='bbox 1844 3608 1993 3677; x_wconf 77' lang='grc' dir='ltr'>φιλο-</span> 
     </span>
    </p>
   </div>
   <div class='ocr_carea' id='block_1_39' title="bbox 329 3694 1990 3772">
    <p class='ocr_par' dir='ltr' id='par_1_39' title="bbox 329 3694 1990 3772">
     <span class='ocr_line' id='line_1_39' title="bbox 329 3694 1990 3772; baseline -0.004 -17"><span class='ocrx_word' id='word_1_292' title='bbox 329 3701 522 3772; x_wconf 78' lang='grc' dir='ltr'>σοφίαν</span> <span class='ocrx_word' id='word_1_293' title='bbox 561 3699 876 3772; x_wconf 77' lang='grc' dir='ltr'>προτροπὴν</span> <span class='ocrx_word' id='word_1_294' title='bbox 908 3698 1125 3762; x_wconf 79' lang='grc' dir='ltr'>ἐδέξατο</span> <span class='ocrx_word' id='word_1_295' title='bbox 1174 3700 1240 3751; x_wconf 87' lang='grc' dir='ltr'>ἐκ</span> <span class='ocrx_word' id='word_1_296' title='bbox 1268 3699 1367 3767; x_wconf 79' lang='grc' dir='ltr'>τῆς</span> <span class='ocrx_word' id='word_1_297' title='bbox 1407 3696 1784 3768; x_wconf 80' lang='grc' dir='ltr'>καθημερινῆς</span> <span class='ocrx_word' id='word_1_298' title='bbox 1833 3694 1990 3765; x_wconf 85' lang='grc' dir='ltr'>ήμῶν</span> 
     </span>
    </p>
   </div>
   <div class='ocr_carea' id='block_1_40' title="bbox 329 3783 1994 3861">
    <p class='ocr_par' dir='ltr' id='par_1_40' title="bbox 329 3783 1994 3861">
     <span class='ocr_line' id='line_1_40' title="bbox 329 3783 1994 3861; baseline -0.005 -18"><span class='ocrx_word' id='word_1_299' title='bbox 329 3787 734 3861; x_wconf 77' lang='grc' dir='ltr'>παραινέσεωςο</span> <span class='ocrx_word' id='word_1_300' title='bbox 765 3788 860 3840; x_wconf 73' lang='grc' dir='ltr'>καὶ</span> <span class='ocrx_word' id='word_1_301' title='bbox 908 3787 1020 3847; x_wconf 81' lang='grc' dir='ltr'>τοῖς</span> <span class='ocrx_word' id='word_1_302' title='bbox 1052 3786 1150 3856; x_wconf 81' lang='grc' dir='ltr'>μὲν</span> <span class='ocrx_word' id='word_1_303' title='bbox 1202 3785 1306 3854; x_wconf 71' lang='grc' dir='ltr'>ἤδη</span> <span class='ocrx_word' id='word_1_304' title='bbox 1332 3783 1785 3854; x_wconf 79' lang='grc' dir='ltr'>κατωρθωμένοις</span> <span class='ocrx_word' id='word_1_305' title='bbox 1821 3799 1994 3852; x_wconf 85' lang='grc' dir='ltr'>προσ-</span> 
     </span>
    </p>
   </div>
   <div class='ocr_carea' id='block_1_41' title="bbox 327 3869 1995 3947">
    <p class='ocr_par' dir='ltr' id='par_1_41' title="bbox 327 3869 1995 3947">
     <span class='ocr_line' id='line_1_41' title="bbox 327 3869 1995 3947; baseline -0.005 -18"><span class='ocrx_word' id='word_1_306' title='bbox 327 3875 501 3947; x_wconf 84' lang='grc' dir='ltr'>θήκην</span> <span class='ocrx_word' id='word_1_307' title='bbox 551 3874 858 3938; x_wconf 79' lang='grc' dir='ltr'>ἐπινοείτω,</span> <span class='ocrx_word' id='word_1_308' title='bbox 907 3874 1002 3925; x_wconf 83' lang='grc' dir='ltr'>καὶ</span> <span class='ocrx_word' id='word_1_309' title='bbox 1049 3870 1321 3942; x_wconf 81' lang='grc' dir='ltr'>μηδέποτε</span> <span class='ocrx_word' id='word_1_310' title='bbox 1371 3870 1626 3923; x_wconf 77' lang='grc' dir='ltr'>παυέσθω</span> <span class='ocrx_word' id='word_1_311' title='bbox 1677 3869 1777 3939; x_wconf 82' lang='grc' dir='ltr'>τῆς</span> <span class='ocrx_word' id='word_1_312' title='bbox 1822 3869 1995 3936; x_wconf 85' lang='grc' dir='ltr'>καλῆς</span> 
     </span>
    </p>
   </div>
   <div class='ocr_carea' id='block_1_42' title="bbox 326 3955 1996 4031">
    <p class='ocr_par' dir='ltr' id='par_1_42' title="bbox 326 3955 1996 4031">
     <span class='ocr_line' id='line_1_42' title="bbox 326 3955 1996 4031; baseline -0.004 -16"><span class='ocrx_word' id='word_1_313' title='bbox 326 3960 532 4030; x_wconf 83' lang='grc' dir='ltr'>ταύτης</span> <span class='ocrx_word' id='word_1_314' title='bbox 557 3960 840 4031; x_wconf 85' lang='grc' dir='ltr'>ἐργασίας.</span> <span class='ocrx_word' id='word_1_315' title='bbox 869 3959 932 4011; x_wconf 78' lang='lat' dir='ltr'>El</span> <span class='ocrx_word' id='word_1_316' title='bbox 964 3958 1018 4010; x_wconf 86' lang='grc' dir='ltr'>δέ</span> <span class='ocrx_word' id='word_1_317' title='bbox 1041 3975 1124 4021; x_wconf 91' lang='grc' dir='ltr'>τις</span> <span class='ocrx_word' id='word_1_318' title='bbox 1152 3957 1258 4011; x_wconf 80' lang='grc' dir='ltr'>ὑπὸ</span> <span class='ocrx_word' id='word_1_319' title='bbox 1277 3957 1376 4026; x_wconf 84' lang='grc' dir='ltr'>τῆς</span> <span class='ocrx_word' id='word_1_320' title='bbox 1405 3955 1695 4026; x_wconf 84' lang='grc' dir='ltr'>συνηθείας</span> <span class='ocrx_word' id='word_1_321' title='bbox 1722 3956 1820 4025; x_wconf 77' lang='grc' dir='ltr'>τῆς</span> <span class='ocrx_word' id='word_1_322' title='bbox 1867 3957 1996 4027; x_wconf 76' lang='grc' dir='ltr'>σιτερῖ⁹</span> 
     </span>
    </p>
   </div>
   <div class='ocr_carea' id='block_1_43' title="bbox 328 4042 1991 4118">
    <p class='ocr_par' dir='ltr' id='par_1_43' title="bbox 328 4042 1991 4118">
     <span class='ocr_line' id='line_1_43' title="bbox 328 4042 1991 4118; baseline -0.004 -16"><span class='ocrx_word' id='word_1_323' title='bbox 328 4047 487 4102; x_wconf 74' lang='grc' dir='ltr'>αὐτὸν</span> <span class='ocrx_word' id='word_1_324' title='bbox 517 4046 924 4118; x_wconf 83' lang='grc' dir='ltr'>κεκρατημένος</span> <span class='ocrx_word' id='word_1_325' title='bbox 945 4046 1048 4116; x_wconf 79' lang='grc' dir='ltr'>ὁρᾷ</span> <span class='ocrx_word' id='word_1_326' title='bbox 1077 4044 1271 4097; x_wconf 77' lang='grc' dir='ltr'>ἑαυτὸν</span> <span class='ocrx_word' id='word_1_327' title='bbox 1296 4045 1408 4108; x_wconf 89' lang='grc' dir='ltr'>τοῖς</span> <span class='ocrx_word' id='word_1_328' title='bbox 1433 4043 1618 4107; x_wconf 79' lang='grc' dir='ltr'>αὐτοῖς</span> <span class='ocrx_word' id='word_1_329' title='bbox 1645 4042 1991 4114; x_wconf 75' lang='grc' dir='ltr'>ἐπιμένοντα,</span> 
     </span>
    </p>
   </div>
   <div class='ocr_carea' id='block_1_44' title="bbox 329 4129 1994 4205">
    <p class='ocr_par' dir='ltr' id='par_1_44' title="bbox 329 4129 1994 4205">
     <span class='ocr_line' id='line_1_44' title="bbox 329 4129 1994 4205; baseline -0.003 -18"><span class='ocrx_word' id='word_1_330' title='bbox 329 4133 605 4205; x_wconf 84' lang='grc' dir='ltr'>βιασάσθω</span> <span class='ocrx_word' id='word_1_331' title='bbox 667 4133 862 4186; x_wconf 85' lang='grc' dir='ltr'>ἐαυτοῦ</span> <span class='ocrx_word' id='word_1_332' title='bbox 911 4133 1000 4185; x_wconf 68' lang='grc' dir='ltr'>τὸν</span> <span class='ocrx_word' id='word_1_333' title='bbox 1044 4132 1325 4202; x_wconf 73' lang='grc' dir='ltr'>λογισμὸν,</span> <span class='ocrx_word' id='word_1_334' title='bbox 1367 4130 1526 4200; x_wconf 88' lang='grc' dir='ltr'>δίκην</span> <span class='ocrx_word' id='word_1_335' title='bbox 1549 4130 1862 4199; x_wconf 82' lang='grc' dir='ltr'>ἀπαιτήσας</span> <span class='ocrx_word' id='word_1_336' title='bbox 1895 4129 1994 4200; x_wconf 84' lang='grc' dir='ltr'>τῆς</span> 
     </span>
    </p>
   </div>
   <div class='ocr_carea' id='block_1_45' title="bbox 325 4216 1996 4292">
    <p class='ocr_par' dir='ltr' id='par_1_45' title="bbox 325 4216 1996 4292">
     <span class='ocr_line' id='line_1_45' title="bbox 325 4216 1996 4292; baseline -0.004 -18"><span class='ocrx_word' id='word_1_337' title='bbox 325 4221 595 4292; x_wconf 87' lang='grc' dir='ltr'>τοσαύτης</span> <span class='ocrx_word' id='word_1_338' title='bbox 651 4220 960 4292; x_wconf 71' lang='grc' dir='ltr'>ῥᾳθυμίας,</span> <span class='ocrx_word' id='word_1_339' title='bbox 1016 4219 1112 4272; x_wconf 76' lang='grc' dir='ltr'>καὶ</span> <span class='ocrx_word' id='word_1_340' title='bbox 1159 4219 1234 4288; x_wconf 81' lang='grc' dir='ltr'>μὴ</span> <span class='ocrx_word' id='word_1_341' title='bbox 1290 4217 1579 4288; x_wconf 79' lang='grc' dir='ltr'>ἀνάσχοιτο</span> <span class='ocrx_word' id='word_1_342' title='bbox 1623 4217 1651 4257; x_wconf 67' lang='grc' dir='ltr'>δ</span> <span class='ocrx_word' id='word_1_343' title='bbox 1689 4216 1996 4288; x_wconf 81' lang='grc' dir='ltr'>περαιτέρω</span> 
     </span>
    </p>
   </div>
   <div class='ocr_carea' id='block_1_46' title="bbox 329 4304 1995 4381">
    <p class='ocr_par' dir='ltr' id='par_1_46' title="bbox 329 4304 1995 4381">
     <span class='ocr_line' id='line_1_46' title="bbox 329 4304 1995 4381; baseline -0.005 -17"><span class='ocrx_word' id='word_1_344' title='bbox 329 4311 636 4381; x_wconf 80' lang='grc' dir='ltr'>προελθεῖν,</span> <span class='ocrx_word' id='word_1_345' title='bbox 689 4307 825 4362; x_wconf 89' lang='grc' dir='ltr'>ἀλλά</span> <span class='ocrx_word' id='word_1_346' title='bbox 879 4309 1040 4379; x_wconf 85' lang='grc' dir='ltr'>μέχρι</span> <span class='ocrx_word' id='word_1_347' title='bbox 1071 4307 1262 4361; x_wconf 90' lang='grc' dir='ltr'>τούτου</span> <span class='ocrx_word' id='word_1_348' title='bbox 1290 4306 1496 4377; x_wconf 83' lang='grc' dir='ltr'>στήσας</span> <span class='ocrx_word' id='word_1_349' title='bbox 1522 4305 1591 4360; x_wconf 77' lang='grc' dir='ltr'>τὰ</span> <span class='ocrx_word' id='word_1_350' title='bbox 1620 4308 1718 4376; x_wconf 80' lang='grc' dir='ltr'>τῆς</span> <span class='ocrx_word' id='word_1_351' title='bbox 1748 4304 1995 4376; x_wconf 79' lang='grc' dir='ltr'>πονηρᾶς</span> 
     </span>
    </p>
   </div>
   <div class='ocr_carea' id='block_1_47' title="bbox 330 4391 1994 4466">
    <p class='ocr_par' dir='ltr' id='par_1_47' title="bbox 330 4391 1994 4466">
     <span class='ocr_line' id='line_1_47' title="bbox 330 4391 1994 4466; baseline -0.002 -18"><span class='ocrx_word' id='word_1_352' title='bbox 330 4397 619 4466; x_wconf 85' lang='grc' dir='ltr'>συνηθείας</span> <span class='ocrx_word' id='word_1_353' title='bbox 647 4433 662 4459; x_wconf 94' lang='grc'>,</span> <span class='ocrx_word' id='word_1_354' title='bbox 713 4395 1027 4447; x_wconf 84' lang='grc' dir='ltr'>ἐκκοπτέτω</span> <span class='ocrx_word' id='word_1_355' title='bbox 1057 4393 1155 4465; x_wconf 77' lang='grc' dir='ltr'>τὴν</span> <span class='ocrx_word' id='word_1_356' title='bbox 1191 4393 1389 4464; x_wconf 84' lang='grc' dir='ltr'>ὁρμὴν,</span> <span class='ocrx_word' id='word_1_357' title='bbox 1446 4391 1846 4462; x_wconf 74' lang='grc' dir='ltr'>ἀναχαιτιζέτω</span> <span class='ocrx_word' id='word_1_358' title='bbox 1902 4391 1994 4445; x_wconf 81' lang='grc' dir='ltr'>τὸν</span> 
     </span>
    </p>
   </div>
   <div class='ocr_carea' id='block_1_48' title="bbox 327 4478 1996 4552">
    <p class='ocr_par' dir='ltr' id='par_1_48' title="bbox 327 4478 1996 4552">
     <span class='ocr_line' id='line_1_48' title="bbox 327 4478 1996 4552; baseline -0.002 -19"><span class='ocrx_word' id='word_1_359' title='bbox 327 4482 604 4552; x_wconf 83' lang='grc' dir='ltr'>λογισμὸν,</span> <span class='ocrx_word' id='word_1_360' title='bbox 631 4482 711 4544; x_wconf 83' lang='grc' dir='ltr'>είς</span> <span class='ocrx_word' id='word_1_361' title='bbox 729 4480 935 4533; x_wconf 76' lang='grc' dir='ltr'>ἔννοιαν</span> <span class='ocrx_word' id='word_1_362' title='bbox 961 4481 1152 4534; x_wconf 82' lang='grc' dir='ltr'>ἐαυτὸν</span> <span class='ocrx_word' id='word_1_363' title='bbox 1175 4480 1355 4546; x_wconf 88' lang='grc' dir='ltr'>ἀγέτω</span> <span class='ocrx_word' id='word_1_364' title='bbox 1376 4479 1476 4548; x_wconf 80' lang='grc' dir='ltr'>τῆς</span> <span class='ocrx_word' id='word_1_365' title='bbox 1509 4478 1746 4550; x_wconf 75' lang='grc' dir='ltr'>φοὸερᾶς</span> <span class='ocrx_word' id='word_1_366' title='bbox 1779 4478 1996 4549; x_wconf 83' lang='grc' dir='ltr'>ἐκείνης</span> 
     </span>
    </p>
   </div>
   <div class='ocr_carea' id='block_1_49' title="bbox 329 4563 1996 4638">
    <p class='ocr_par' dir='ltr' id='par_1_49' title="bbox 329 4563 1996 4638">
     <span class='ocr_line' id='line_1_49' title="bbox 329 4563 1996 4638; baseline -0.002 -20"><span class='ocrx_word' id='word_1_367' title='bbox 329 4567 560 4638; x_wconf 80' lang='grc' dir='ltr'>ἡμέρας,</span> <span class='ocrx_word' id='word_1_368' title='bbox 594 4564 996 4631; x_wconf 78' lang='grc' dir='ltr'>ἀναλογιζέσθω</span> <span class='ocrx_word' id='word_1_369' title='bbox 1043 4565 1146 4634; x_wconf 84' lang='grc' dir='ltr'>τῆς</span> <span class='ocrx_word' id='word_1_370' title='bbox 1195 4566 1429 4634; x_wconf 82' lang='grc' dir='ltr'>φρικτῆς</span> <span class='ocrx_word' id='word_1_371' title='bbox 1481 4564 1686 4634; x_wconf 86' lang='grc' dir='ltr'>ταύτης</span> <span class='ocrx_word' id='word_1_372' title='bbox 1717 4563 1996 4634; x_wconf 75' lang='grc' dir='ltr'>τραπέζης</span> 
     </span>
    </p>
   </div>
   <div class='ocr_carea' id='block_1_50' title="bbox 328 4649 1996 4723">
    <p class='ocr_par' dir='ltr' id='par_1_50' title="bbox 328 4649 1996 4723">
     <span class='ocr_line' id='line_1_50' title="bbox 328 4649 1996 4723; baseline -0.002 -17"><span class='ocrx_word' id='word_1_373' title='bbox 328 4655 426 4723; x_wconf 82' lang='grc' dir='ltr'>τὴν</span> <span class='ocrx_word' id='word_1_374' title='bbox 451 4654 766 4717; x_wconf 86' lang='grc' dir='ltr'>ἀπόλαυσιν,</span> <span class='ocrx_word' id='word_1_375' title='bbox 801 4655 892 4706; x_wconf 77' lang='grc' dir='ltr'>καὶ</span> <span class='ocrx_word' id='word_1_376' title='bbox 919 4651 1010 4706; x_wconf 84' lang='grc' dir='ltr'>τοῦ</span> <span class='ocrx_word' id='word_1_377' title='bbox 1031 4651 1282 4706; x_wconf 82' lang='grc' dir='ltr'>ἐντεῦθεν</span> <span class='ocrx_word' id='word_1_378' title='bbox 1317 4651 1664 4720; x_wconf 90' lang='grc' dir='ltr'>ἐκπηδῶντος</span> <span class='ocrx_word' id='word_1_379' title='bbox 1701 4649 1872 4721; x_wconf 76' lang='grc' dir='ltr'>πυρὸς</span> <span class='ocrx_word' id='word_1_380' title='bbox 1895 4650 1996 4720; x_wconf 87' lang='grc' dir='ltr'>τὴν</span> 
     </span>
    </p>
   </div>
   <div class='ocr_carea' id='block_1_51' title="bbox 330 4737 1997 4812">
    <p class='ocr_par' dir='ltr' id='par_1_51' title="bbox 330 4737 1997 4812">
     <span class='ocr_line' id='line_1_51' title="bbox 330 4737 1997 4812; baseline -0.002 -18"><span class='ocrx_word' id='word_1_381' title='bbox 330 4740 685 4812; x_wconf 78' lang='grc' dir='ltr'>φαιδρότητα,</span> <span class='ocrx_word' id='word_1_382' title='bbox 715 4741 811 4793; x_wconf 79' lang='grc' dir='ltr'>καὶ</span> <span class='ocrx_word' id='word_1_383' title='bbox 832 4740 928 4810; x_wconf 88' lang='grc' dir='ltr'>τὴν</span> <span class='ocrx_word' id='word_1_384' title='bbox 961 4740 1259 4808; x_wconf 83' lang='grc' dir='ltr'>καυστικὴν</span> <span class='ocrx_word' id='word_1_385' title='bbox 1289 4737 1538 4808; x_wconf 88' lang='grc' dir='ltr'>δύναμιν,</span> <span class='ocrx_word' id='word_1_386' title='bbox 1563 4737 1655 4789; x_wconf 79' lang='grc' dir='ltr'>καὶ</span> <span class='ocrx_word' id='word_1_387' title='bbox 1685 4737 1805 4789; x_wconf 79' lang='grc' dir='ltr'>οἵαν</span> <span class='ocrx_word' id='word_1_388' title='bbox 1829 4737 1997 4790; x_wconf 86' lang='grc' dir='ltr'>ἀπαι-</span> 
     </span>
    </p>
   </div>
   <div class='ocr_carea' id='block_1_52' title="bbox 329 4820 1992 4896">
    <p class='ocr_par' dir='ltr' id='par_1_52' title="bbox 329 4820 1992 4896">
     <span class='ocr_line' id='line_1_52' title="bbox 329 4820 1992 4896; baseline -0.002 -16"><span class='ocrx_word' id='word_1_389' title='bbox 329 4829 411 4880; x_wconf 83' lang='grc' dir='ltr'>τεῖ</span> <span class='ocrx_word' id='word_1_390' title='bbox 453 4826 549 4880; x_wconf 86' lang='grc' dir='ltr'>τοῦ</span> <span class='ocrx_word' id='word_1_391' title='bbox 596 4826 908 4896; x_wconf 80' lang='grc' dir='ltr'>προσιόντος</span> <span class='ocrx_word' id='word_1_392' title='bbox 938 4820 1074 4879; x_wconf 72' lang='grc' dir='ltr'>εἶναι</span> <span class='ocrx_word' id='word_1_393' title='bbox 1126 4825 1223 4895; x_wconf 75' lang='grc' dir='ltr'>τὴν</span> <span class='ocrx_word' id='word_1_394' title='bbox 1251 4825 1511 4885; x_wconf 83' lang='grc' dir='ltr'>διάνοιαν,</span> <span class='ocrx_word' id='word_1_395' title='bbox 1567 4824 1764 4886; x_wconf 74' lang='grc' dir='ltr'>παντὸς</span> <span class='ocrx_word' id='word_1_396' title='bbox 1798 4823 1992 4892; x_wconf 76' lang='grc' dir='ltr'>ῥύπου,</span> 
     </span>
    </p>
   </div>
   <div class='ocr_carea' id='block_1_53' title="bbox 330 4909 1996 4984">
    <p class='ocr_par' dir='ltr' id='par_1_53' title="bbox 330 4909 1996 4984">
     <span class='ocr_line' id='line_1_53' title="bbox 330 4909 1996 4984; baseline -0.002 -17"><span class='ocrx_word' id='word_1_397' title='bbox 330 4914 511 4984; x_wconf 77' lang='grc' dir='ltr'>πάσης</span> <span class='ocrx_word' id='word_1_398' title='bbox 537 4912 747 4983; x_wconf 82' lang='grc' dir='ltr'>κηλῖδος</span> <span class='ocrx_word' id='word_1_399' title='bbox 779 4911 1210 4982; x_wconf 81' lang='grc' dir='ltr'>καθαρεύουσαν,</span> <span class='ocrx_word' id='word_1_400' title='bbox 1228 4913 1320 4964; x_wconf 79' lang='grc' dir='ltr'>καὶ</span> <span class='ocrx_word' id='word_1_401' title='bbox 1343 4909 1450 4963; x_wconf 89' lang='grc' dir='ltr'>τῶν</span> <span class='ocrx_word' id='word_1_402' title='bbox 1475 4910 1691 4963; x_wconf 83' lang='grc' dir='ltr'>ἀτόπων</span> <span class='ocrx_word' id='word_1_403' title='bbox 1720 4909 1996 4981; x_wconf 85' lang='grc' dir='ltr'>λογισμῶν</span> 
     </span>
    </p>
   </div>
   <div class='ocr_carea' id='block_1_54' title="bbox 328 4998 1998 5071">
    <p class='ocr_par' dir='ltr' id='par_1_54' title="bbox 328 4998 1998 5071">
     <span class='ocr_line' id='line_1_54' title="bbox 328 4998 1998 5071; baseline -0.002 -18"><span class='ocrx_word' id='word_1_404' title='bbox 328 5001 428 5071; x_wconf 88' lang='grc' dir='ltr'>τὴν</span> <span class='ocrx_word' id='word_1_405' title='bbox 461 4999 746 5053; x_wconf 88' lang='grc' dir='ltr'>συνουσίαν</span> <span class='ocrx_word' id='word_1_406' title='bbox 775 4998 1206 5068; x_wconf 86' lang='grc' dir='ltr'>ἐκτρεπομένην,</span> <span class='ocrx_word' id='word_1_407' title='bbox 1238 4999 1302 5050; x_wconf 84' lang='grc' dir='ltr'>ἵν’</span> <span class='ocrx_word' id='word_1_408' title='bbox 1329 4998 1502 5061; x_wconf 78' lang='grc' dir='ltr'>οὕτως</span> <span class='ocrx_word' id='word_1_409' title='bbox 1551 4999 1777 5061; x_wconf 76' lang='grc' dir='ltr'>ἑαυτοὺς</span> <span class='ocrx_word' id='word_1_410' title='bbox 1809 4999 1998 5068; x_wconf 84' lang='grc' dir='ltr'>εὐτρε-</span> 
     </span>
    </p>
   </div>
   <div class='ocr_carea' id='block_1_55' title="bbox 330 5085 1998 5158">
    <p class='ocr_par' dir='ltr' id='par_1_55' title="bbox 330 5085 1998 5158">
     <span class='ocr_line' id='line_1_55' title="bbox 330 5085 1998 5158; baseline -0.002 -18"><span class='ocrx_word' id='word_1_411' title='bbox 330 5088 588 5151; x_wconf 88' lang='grc' dir='ltr'>πίσαντες</span> <span class='ocrx_word' id='word_1_412' title='bbox 617 5088 737 5149; x_wconf 86' lang='grc' dir='ltr'>ταῖς</span> <span class='ocrx_word' id='word_1_413' title='bbox 769 5086 970 5151; x_wconf 77' lang='grc' dir='ltr'>μεταξὺ</span> <span class='ocrx_word' id='word_1_414' title='bbox 1001 5085 1225 5147; x_wconf 82' lang='grc' dir='ltr'>ταύταις</span> <span class='ocrx_word' id='word_1_415' title='bbox 1247 5085 1479 5156; x_wconf 79' lang='grc' dir='ltr'>ἡμέραις</span> <span class='ocrx_word' id='word_1_416' title='bbox 1495 5085 1838 5158; x_wconf 86' lang='grc' dir='ltr'>δυνηθῶμεν,</span> <span class='ocrx_word' id='word_1_417' title='bbox 1873 5087 1998 5138; x_wconf 80' lang='grc' dir='ltr'>καθ’</span> 
     </span>
    </p>
   </div>
   <div class='ocr_carea' id='block_1_56' title="bbox 329 5171 1994 5243">
    <p class='ocr_par' dir='ltr' id='par_1_56' title="bbox 329 5171 1994 5243">
     <span class='ocr_line' id='line_1_56' title="bbox 329 5171 1994 5243; baseline -0.001 -18"><span class='ocrx_word' id='word_1_418' title='bbox 329 5175 450 5226; x_wconf 67' lang='grc' dir='ltr'>ξιον</span> <span class='ocrx_word' id='word_1_419' title='bbox 478 5171 588 5227; x_wconf 77' lang='grc' dir='ltr'>οἷόν</span> <span class='ocrx_word' id='word_1_420' title='bbox 621 5191 681 5226; x_wconf 86' lang='grc' dir='ltr'>τε</span> <span class='ocrx_word' id='word_1_421' title='bbox 715 5173 1119 5243; x_wconf 78' lang='grc' dir='ltr'>ἐκκαθάραντες</span> <span class='ocrx_word' id='word_1_422' title='bbox 1163 5173 1407 5236; x_wconf 78' lang='grc' dir='ltr'>ἐαυτοὺς,</span> <span class='ocrx_word' id='word_1_423' title='bbox 1460 5175 1552 5225; x_wconf 73' lang='grc' dir='ltr'>καὶ</span> <span class='ocrx_word' id='word_1_424' title='bbox 1595 5173 1694 5241; x_wconf 80' lang='grc' dir='ltr'>τῆς</span> <span class='ocrx_word' id='word_1_425' title='bbox 1746 5173 1994 5226; x_wconf 84' lang='grc' dir='ltr'>ἐντεῦθεν</span> 
     </span>
    </p>
   </div>
   <div class='ocr_carea' id='block_1_57' title="bbox 330 5259 1995 5330">
    <p class='ocr_par' dir='ltr' id='par_1_57' title="bbox 330 5259 1995 5330">
     <span class='ocr_line' id='line_1_57' title="bbox 330 5259 1995 5330; baseline 0 -18"><span class='ocrx_word' id='word_1_426' title='bbox 330 5259 681 5321; x_wconf 72' lang='grc' dir='ltr'>ἀπολαύσεως</span> <span class='ocrx_word' id='word_1_427' title='bbox 735 5260 1045 5328; x_wconf 83' lang='grc' dir='ltr'>μετασχεῖν,</span> <span class='ocrx_word' id='word_1_428' title='bbox 1097 5259 1192 5311; x_wconf 74' lang='grc' dir='ltr'>καὶ</span> <span class='ocrx_word' id='word_1_429' title='bbox 1235 5259 1344 5311; x_wconf 90' lang='grc' dir='ltr'>τῶν</span> <span class='ocrx_word' id='word_1_430' title='bbox 1394 5259 1722 5330; x_wconf 71' lang='grc' dir='ltr'>ἀπορρήτων</span> <span class='ocrx_word' id='word_1_431' title='bbox 1767 5260 1995 5312; x_wconf 77' lang='grc' dir='ltr'>ἐκείνων</span> 
     </span>
    </p>
   </div>
   <div class='ocr_carea' id='block_1_58' title="bbox 331 5338 1995 5414">
    <p class='ocr_par' dir='ltr' id='par_1_58' title="bbox 331 5338 1995 5414">
     <span class='ocr_line' id='line_1_58' title="bbox 331 5338 1995 5414; baseline 0.001 -16"><span class='ocrx_word' id='word_1_432' title='bbox 331 5345 550 5413; x_wconf 85' lang='grc' dir='ltr'>ἀγαθῶν</span> <span class='ocrx_word' id='word_1_433' title='bbox 575 5344 895 5414; x_wconf 80' lang='grc' dir='ltr'>ἀξιωθῆναι,</span> <span class='ocrx_word' id='word_1_434' title='bbox 927 5338 1000 5396; x_wconf 84' lang='grc' dir='ltr'>ὧν</span> <span class='ocrx_word' id='word_1_435' title='bbox 1031 5346 1394 5414; x_wconf 81' lang='grc' dir='ltr'>ἐπηγγείλατο</span> <span class='ocrx_word' id='word_1_436' title='bbox 1417 5349 1532 5408; x_wconf 89' lang='grc' dir='ltr'>τοῖς</span> <span class='ocrx_word' id='word_1_437' title='bbox 1579 5347 1868 5412; x_wconf 84' lang='grc' dir='ltr'>ἀγαπῶσιν</span> <span class='ocrx_word' id='word_1_438' title='bbox 1897 5366 1995 5401; x_wconf 91' lang='grc' dir='ltr'>αυ-</span> 
     </span>
    </p>
   </div>
   <div class='ocr_carea' id='block_1_59' title="bbox 330 5430 1987 5504">
    <p class='ocr_par' dir='ltr' id='par_1_59' title="bbox 330 5430 1987 5504">
     <span class='ocr_line' id='line_1_59' title="bbox 330 5430 1987 5504; baseline 0.001 -20"><span class='ocrx_word' id='word_1_439' title='bbox 330 5433 442 5496; x_wconf 80' lang='grc' dir='ltr'>τὸν,</span> <span class='ocrx_word' id='word_1_440' title='bbox 480 5433 661 5504; x_wconf 87' lang='grc' dir='ltr'>χάριτι</span> <span class='ocrx_word' id='word_1_441' title='bbox 691 5432 786 5485; x_wconf 76' lang='grc' dir='ltr'>καὶ</span> <span class='ocrx_word' id='word_1_442' title='bbox 815 5430 1197 5502; x_wconf 69' lang='grc' dir='ltr'>φιλανθρωπία</span> <span class='ocrx_word' id='word_1_443' title='bbox 1227 5432 1318 5484; x_wconf 86' lang='grc' dir='ltr'>τοῦ</span> <span class='ocrx_word' id='word_1_444' title='bbox 1361 5431 1566 5503; x_wconf 81' lang='grc' dir='ltr'>Κύριου</span> <span class='ocrx_word' id='word_1_445' title='bbox 1619 5433 1775 5500; x_wconf 86' lang='grc' dir='ltr'>ήμῶν</span> <span class='ocrx_word' id='word_1_446' title='bbox 1818 5433 1987 5502; x_wconf 72' lang='grc' dir='ltr'>Ἰησοῐ</span> 
     </span>
    </p>
   </div>
   <div class='ocr_carea' id='block_1_60' title="bbox 331 5513 1994 5590">
    <p class='ocr_par' dir='ltr' id='par_1_60' title="bbox 331 5513 1994 5590">
     <span class='ocr_line' id='line_1_60' title="bbox 331 5513 1994 5590; baseline 0 -18"><span class='ocrx_word' id='word_1_447' title='bbox 331 5518 606 5590; x_wconf 81' lang='grc' dir='ltr'>Χριστοῦ,</span> <span class='ocrx_word' id='word_1_448' title='bbox 643 5519 760 5589; x_wconf 86' lang='grc' dir='ltr'>μεθ’</span> <span class='ocrx_word' id='word_1_449' title='bbox 808 5513 874 5574; x_wconf 84' lang='grc' dir='ltr'>οὗ</span> <span class='ocrx_word' id='word_1_450' title='bbox 913 5517 991 5588; x_wconf 83' lang='grc' dir='ltr'>τῷ</span> <span class='ocrx_word' id='word_1_451' title='bbox 1036 5518 1209 5589; x_wconf 73' lang='grc' dir='ltr'>Πατρὶ</span> <span class='ocrx_word' id='word_1_452' title='bbox 1252 5520 1368 5588; x_wconf 75' lang='grc' dir='ltr'>ἃμα</span> <span class='ocrx_word' id='word_1_453' title='bbox 1413 5519 1489 5590; x_wconf 78' lang='grc' dir='ltr'>τῷ</span> <span class='ocrx_word' id='word_1_454' title='bbox 1533 5519 1672 5590; x_wconf 87' lang='grc' dir='ltr'>ἀγίῳ</span> <span class='ocrx_word' id='word_1_455' title='bbox 1717 5518 1994 5590; x_wconf 76' lang='grc' dir='ltr'>Πνεύματι</span> 
     </span>
    </p>
   </div>
   <div class='ocr_carea' id='block_1_61' title="bbox 390 5639 1990 5705">
    <p class='ocr_par' dir='ltr' id='par_1_61' title="bbox 390 5639 1990 5705">
     <span class='ocr_line' id='line_1_61' title="bbox 390 5639 1990 5705; baseline 0.003 -15"><span class='ocrx_word' id='word_1_456' title='bbox 390 5640 408 5662; x_wconf 84' lang='grc'><strong>⁸</strong></span> <span class='ocrx_word' id='word_1_457' title='bbox 445 5641 574 5705; x_wconf 63' lang='grc' dir='ltr'>8αιιί1</span> <span class='ocrx_word' id='word_1_458' title='bbox 600 5702 608 5705; x_wconf 90' lang='lat'><em>_</em></span> <span class='ocrx_word' id='word_1_459' title='bbox 636 5641 761 5702; x_wconf 86' lang='lat' dir='ltr'>conj.</span> <span class='ocrx_word' id='word_1_460' title='bbox 799 5641 1040 5704; x_wconf 69' lang='grc' dir='ltr'>ῥᾳθυμίαν.</span> <span class='ocrx_word' id='word_1_461' title='bbox 1066 5641 1199 5690; x_wconf 81' lang='lat' dir='ltr'>Idem</span> <span class='ocrx_word' id='word_1_462' title='bbox 1225 5639 1275 5690; x_wconf 88' lang='lat' dir='ltr'><strong>in</strong></span> <span class='ocrx_word' id='word_1_463' title='bbox 1299 5648 1437 5692; x_wconf 75' lang='lat' dir='ltr'>textu</span> <span class='ocrx_word' id='word_1_464' title='bbox 1459 5644 1738 5702; x_wconf 82' lang='grc' dir='ltr'>ἀπώσησοε,</span> <span class='ocrx_word' id='word_1_465' title='bbox 1760 5642 1808 5691; x_wconf 88' lang='lat' dir='ltr'>in</span> <span class='ocrx_word' id='word_1_466' title='bbox 1842 5656 1990 5705; x_wconf 75' lang='lat' dir='ltr'>marg.</span> 
     </span>
    </p>
   </div>
   <div class='ocr_carea' id='block_1_62' title="bbox 328 5702 659 5752">
    <p class='ocr_par' dir='ltr' id='par_1_62' title="bbox 328 5702 659 5752">
     <span class='ocr_line' id='line_1_62' title="bbox 328 5702 659 5752; baseline -0.012 0"><span class='ocrx_word' id='word_1_467' title='bbox 328 5702 659 5752; x_wconf 77' lang='grc' dir='ltr'>ὀποσείσεσθε.</span> 
     </span>
    </p>
   </div>
   <div class='ocr_carea' id='block_1_63' title="bbox 394 5762 1992 5835">
    <p class='ocr_par' dir='ltr' id='par_1_63' title="bbox 394 5762 1992 5835">
     <span class='ocr_line' id='line_1_63' title="bbox 394 5762 1992 5835; baseline 0.006 -33"><span class='ocrx_word' id='word_1_468' title='bbox 394 5769 419 5802; x_wconf 80' lang='lat' dir='ltr'><strong><em>b</em></strong></span> <span class='ocrx_word' id='word_1_469' title='bbox 445 5765 592 5835; x_wconf 52' lang='grc' dir='ltr'>δεινῇ.</span> <span class='ocrx_word' id='word_1_470' title='bbox 623 5762 850 5835; x_wconf 58' lang='grc' dir='ltr'>λογισμὸχ</span> <span class='ocrx_word' id='word_1_471' title='bbox 888 5763 1019 5818; x_wconf 78' lang='grc' dir='ltr'>δίκην</span> <span class='ocrx_word' id='word_1_472' title='bbox 1062 5764 1302 5835; x_wconf 64' lang='grc' dir='ltr'>ἀπαιτήσῃ</span> <span class='ocrx_word' id='word_1_473' title='bbox 1345 5771 1438 5835; x_wconf 51' lang='lat' dir='ltr'>ti;</span> <span class='ocrx_word' id='word_1_474' title='bbox 1466 5765 1701 5835; x_wconf 71' lang='grc' dir='ltr'>τρσαύτῃς</span> <span class='ocrx_word' id='word_1_475' title='bbox 1754 5764 1992 5835; x_wconf 52' lang='grc' dir='ltr'>ῥαθυμίας,</span> 
     </span>
    </p>
   </div>
   <div class='ocr_carea' id='block_1_64' title="bbox 329 5823 1995 5887">
    <p class='ocr_par' dir='ltr' id='par_1_64' title="bbox 329 5823 1995 5887">
     <span class='ocr_line' id='line_1_64' title="bbox 329 5823 1995 5887; baseline 0 -15"><span class='ocrx_word' id='word_1_476' title='bbox 329 5823 769 5887; x_wconf 43' lang='grc' dir='ltr'>μήτε-ἀνάσκηται.</span> <span class='ocrx_word' id='word_1_477' title='bbox 812 5823 921 5887; x_wconf 64' lang='lat' dir='ltr'>Duo</span> <span class='ocrx_word' id='word_1_478' title='bbox 953 5836 1065 5887; x_wconf 47' lang='lat' dir='ltr'>mss.</span> <span class='ocrx_word' id='word_1_479' title='bbox 1099 5823 1341 5887; x_wconf 83' lang='grc' dir='ltr'>λογισμὸν.</span> <span class='ocrx_word' id='word_1_480' title='bbox 1369 5829 1447 5884; x_wconf 83' lang='grc' dir='ltr'>Μὴ</span> <span class='ocrx_word' id='word_1_481' title='bbox 1487 5827 1620 5884; x_wconf 76' lang='grc' dir='ltr'>δίκην</span> <span class='ocrx_word' id='word_1_482' title='bbox 1645 5823 1885 5887; x_wconf 66' lang='grc' dir='ltr'>ἁπαίτῆση</span> <span class='ocrx_word' id='word_1_483' title='bbox 1911 5833 1995 5881; x_wconf 73' lang='grc' dir='ltr'>τῆς</span> 
     </span>
    </p>
   </div>
   <div class='ocr_carea' id='block_1_65' title="bbox 326 5873 1314 5949">
    <p class='ocr_par' dir='ltr' id='par_1_65' title="bbox 326 5873 1314 5949">
     <span class='ocr_line' id='line_1_65' title="bbox 326 5873 1314 5949; baseline 0 -16"><span class='ocrx_word' id='word_1_484' title='bbox 326 5873 561 5941; x_wconf 63' lang='grc' dir='ltr'>τοσαύτης</span> <span class='ocrx_word' id='word_1_485' title='bbox 584 5873 822 5949; x_wconf 65' lang='grc' dir='ltr'>ῥᾷθυμίας,</span> <span class='ocrx_word' id='word_1_486' title='bbox 845 5885 927 5932; x_wconf 79' lang='grc' dir='ltr'>καὶ</span> <span class='ocrx_word' id='word_1_487' title='bbox 950 5885 1012 5945; x_wconf 80' lang='grc' dir='ltr'>μή</span> <span class='ocrx_word' id='word_1_488' title='bbox 1034 5873 1314 5949; x_wconf 64' lang='grc' dir='ltr'>ἀνάσχηται.</span> 
     </span>
    </p>
   </div>
   <div class='ocr_carea' id='block_1_66' title="bbox 1118 335 2962 410">
    <p class='ocr_par' dir='ltr' id='par_1_66' title="bbox 1118 335 2962 410">
     <span class='ocr_line' id='line_1_66' title="bbox 1118 335 2962 410; baseline -0.009 -1"><span class='ocrx_word' id='word_1_489' title='bbox 1118 350 1176 410; x_wconf 83' lang='lat' dir='ltr'>S.</span> <span class='ocrx_word' id='word_1_490' title='bbox 1213 345 1500 407; x_wconf 73' lang='lat' dir='ltr'>JOANNIS</span> <span class='ocrx_word' id='word_1_491' title='bbox 1533 339 2016 403; x_wconf 68' lang='lat' dir='ltr'>CHRYSOSTOMI</span> <span class='ocrx_word' id='word_1_492' title='bbox 2056 338 2376 396; x_wconf 69' lang='lat' dir='ltr'>ARCHIEP.</span> <span class='ocrx_word' id='word_1_493' title='bbox 2416 335 2962 396; x_wconf 78' lang='lat' dir='ltr'>CONSTANTINOP.</span> 
     </span>
    </p>
   </div>
   <div class='ocr_carea' id='block_1_67' title="bbox 3665 329 3772 390">
    <p class='ocr_par' dir='ltr' id='par_1_67' title="bbox 3665 329 3772 390">
     <span class='ocr_line' id='line_1_67' title="bbox 3665 329 3772 390; baseline -0.037 1"><span class='ocrx_word' id='word_1_494' title='bbox 3665 329 3772 390; x_wconf 68' lang='lat'>218</span> 
     </span>
    </p>
   </div>
   <div class='ocr_carea' id='block_1_68' title="bbox 2094 451 3778 528">
    <p class='ocr_par' dir='ltr' id='par_1_68' title="bbox 2094 451 3778 528">
     <span class='ocr_line' id='line_1_68' title="bbox 2094 451 3778 528; baseline -0.002 -18"><span class='ocrx_word' id='word_1_495' title='bbox 2094 456 2243 523; x_wconf 85' lang='grc' dir='ltr'>δόξα,</span> <span class='ocrx_word' id='word_1_496' title='bbox 2266 456 2662 528; x_wconf 80' lang='grc' dir='ltr'>κράτος,τιμὴ,</span> <span class='ocrx_word' id='word_1_497' title='bbox 2678 454 2776 509; x_wconf 88' lang='grc' dir='ltr'>νῦν</span> <span class='ocrx_word' id='word_1_498' title='bbox 2801 453 2898 509; x_wconf 71' lang='grc' dir='ltr'>καὶ</span> <span class='ocrx_word' id='word_1_499' title='bbox 2922 453 3032 518; x_wconf 79' lang='grc' dir='ltr'>ἀεὶ,</span> <span class='ocrx_word' id='word_1_500' title='bbox 3066 451 3158 506; x_wconf 76' lang='grc' dir='ltr'>καὶ</span> <span class='ocrx_word' id='word_1_501' title='bbox 3179 452 3260 516; x_wconf 84' lang='grc' dir='ltr'>είς</span> <span class='ocrx_word' id='word_1_502' title='bbox 3286 452 3412 515; x_wconf 79' lang='grc' dir='ltr'>τοὺς</span> <span class='ocrx_word' id='word_1_503' title='bbox 3439 451 3641 517; x_wconf 84' lang='grc' dir='ltr'>αἰῶνας</span> <span class='ocrx_word' id='word_1_504' title='bbox 3663 452 3778 506; x_wconf 81' lang='grc' dir='ltr'>τῶν</span> 
     </span>
    </p>
   </div>
   <div class='ocr_carea' id='block_1_69' title="bbox 2095 544 2656 615">
    <p class='ocr_par' dir='ltr' id='par_1_69' title="bbox 2095 544 2656 615">
     <span class='ocr_line' id='line_1_69' title="bbox 2095 544 2656 615; baseline -0.002 -17"><span class='ocrx_word' id='word_1_505' title='bbox 2095 545 2329 600; x_wconf 86' lang='grc' dir='ltr'>αιώνων.</span> <span class='ocrx_word' id='word_1_506' title='bbox 2362 544 2557 615; x_wconf 77' lang='grc' dir='ltr'>’Δμήν.</span> <span class='ocrx_word' id='word_1_507' title='bbox 2641 568 2656 596; x_wconf 77' lang='grc' dir='ltr'><strong><em>ο</em></strong></span> 
     </span>
    </p>
   </div>
   <div class='ocr_carea' id='block_1_70' title="bbox 2653 610 3245 684">
    <p class='ocr_par' dir='ltr' id='par_1_70' title="bbox 2653 610 3245 684">
     <span class='ocr_line' id='line_1_70' title="bbox 2653 610 3245 684; baseline -0.008 -16"><span class='ocrx_word' id='word_1_508' title='bbox 2653 611 2805 684; x_wconf 72' lang='grc'>[250]</span> <span class='ocrx_word' id='word_1_509' title='bbox 2841 610 3086 665; x_wconf 79' lang='lat' dir='ltr'>OMIAIA</span> <span class='ocrx_word' id='word_1_510' title='bbox 3117 610 3245 664; x_wconf 71' lang='grc' dir='ltr'>κε’.</span> 
     </span>
    </p>
   </div>
   <div class='ocr_carea' id='block_1_71' title="bbox 2095 696 3772 774">
    <p class='ocr_par' dir='ltr' id='par_1_71' title="bbox 2095 696 3772 774">
     <span class='ocr_line' id='line_1_71' title="bbox 2095 696 3772 774; baseline -0.001 -19"><span class='ocrx_word' id='word_1_511' title='bbox 2095 699 2224 755; x_wconf 87' lang='grc' dir='ltr'>Νῶε</span> <span class='ocrx_word' id='word_1_512' title='bbox 2253 701 2323 757; x_wconf 77' lang='grc' dir='ltr'>δὲ</span> <span class='ocrx_word' id='word_1_513' title='bbox 2350 696 2432 774; x_wconf 80' lang='grc' dir='ltr'>ἦν</span> <span class='ocrx_word' id='word_1_514' title='bbox 2452 699 2605 774; x_wconf 73' lang='grc' dir='ltr'>ἐτῶν</span> <span class='ocrx_word' id='word_1_515' title='bbox 2633 699 2999 774; x_wconf 37' lang='grc' dir='ltr'>ἑξακοσίων,-</span> <span class='ocrx_word' id='word_1_516' title='bbox 3023 697 3123 774; x_wconf 71' lang='grc' dir='ltr'>καί</span> <span class='ocrx_word' id='word_1_517' title='bbox 3144 701 3178 774; x_wconf 65' lang='grc' dir='ltr'>(ξ</span> <span class='ocrx_word' id='word_1_518' title='bbox 3198 697 3628 774; x_wconf 62' lang='grc' dir='ltr'>κατακλυσμὸς</span> <span class='ocrx_word' id='word_1_519' title='bbox 3659 696 3772 753; x_wconf 84' lang='grc' dir='ltr'>τοῦ</span> 
     </span>
    </p>
   </div>
   <div class='ocr_carea' id='block_1_72' title="bbox 2141 765 3388 839">
    <p class='ocr_par' dir='ltr' id='par_1_72' title="bbox 2141 765 3388 839">
     <span class='ocr_line' id='line_1_72' title="bbox 2141 765 3388 839; baseline -0.003 -13"><span class='ocrx_word' id='word_1_520' title='bbox 2141 825 2156 832; x_wconf 81' lang='grc'>,</span> <span class='ocrx_word' id='word_1_521' title='bbox 2373 765 2385 774; x_wconf 80' lang='grc'>’</span> <span class='ocrx_word' id='word_1_522' title='bbox 2467 765 2690 838; x_wconf 66' lang='grc' dir='ltr'>ὕδατος</span> <span class='ocrx_word' id='word_1_523' title='bbox 2715 765 3074 839; x_wconf 47' lang='lat' dir='ltr'>hirci/0&#39;61!</span> <span class='ocrx_word' id='word_1_524' title='bbox 3103 766 3217 836; x_wconf 82' lang='grc' dir='ltr'>τῆς</span> <span class='ocrx_word' id='word_1_525' title='bbox 3254 766 3388 838; x_wconf 77' lang='grc' dir='ltr'>γῆς.</span> 
     </span>
    </p>
   </div>
   <div class='ocr_carea' id='block_1_73' title="bbox 2164 849 3776 930">
    <p class='ocr_par' dir='ltr' id='par_1_73' title="bbox 2164 849 3776 930">
     <span class='ocr_line' id='line_1_73' title="bbox 2164 849 3776 930; baseline -0.001 -19"><span class='ocrx_word' id='word_1_526' title='bbox 2164 862 2235 911; x_wconf 87' lang='grc' dir='ltr'>α’.</span> <span class='ocrx_word' id='word_1_527' title='bbox 2264 858 2376 930; x_wconf 81' lang='grc' dir='ltr'>Τῆς</span> <span class='ocrx_word' id='word_1_528' title='bbox 2407 858 2722 930; x_wconf 76' lang='grc' dir='ltr'>ὑποθέσεως</span> <span class='ocrx_word' id='word_1_529' title='bbox 2746 855 3007 928; x_wconf 86' lang='grc' dir='ltr'>βούλομαι</span> <span class='ocrx_word' id='word_1_530' title='bbox 3063 855 3227 910; x_wconf 88' lang='grc' dir='ltr'>πάλιν</span> <span class='ocrx_word' id='word_1_531' title='bbox 3251 854 3514 926; x_wconf 75' lang='grc' dir='ltr'>ἀψασθαι,</span> <span class='ocrx_word' id='word_1_532' title='bbox 3547 856 3679 928; x_wconf 82' lang='grc' dir='ltr'>περὶ</span> <span class='ocrx_word' id='word_1_533' title='bbox 3702 849 3776 929; x_wconf 79' lang='grc' dir='ltr'>ἦς</span> 
     </span>
    </p>
   </div>
   <div class='ocr_carea' id='block_1_74' title="bbox 2094 940 3778 1016">
    <p class='ocr_par' dir='ltr' id='par_1_74' title="bbox 2094 940 3778 1016">
     <span class='ocr_line' id='line_1_74' title="bbox 2094 940 3778 1016; baseline -0.001 -20"><span class='ocrx_word' id='word_1_534' title='bbox 2094 942 2290 1016; x_wconf 89' lang='grc' dir='ltr'>πρώην</span> <span class='ocrx_word' id='word_1_535' title='bbox 2339 943 2623 1016; x_wconf 81' lang='grc' dir='ltr'>διελέχθην</span> <span class='ocrx_word' id='word_1_536' title='bbox 2655 943 2812 1016; x_wconf 82' lang='grc' dir='ltr'>ὑμῶν</span> <span class='ocrx_word' id='word_1_537' title='bbox 2841 946 2909 1014; x_wconf 79' lang='grc' dir='ltr'>τῇ</span> <span class='ocrx_word' id='word_1_538' title='bbox 2939 942 3129 1013; x_wconf 78' lang='grc' dir='ltr'>ἀγάπῃ</span> <span class='ocrx_word' id='word_1_539' title='bbox 3152 979 3170 1006; x_wconf 92' lang='grc'>,</span> <span class='ocrx_word' id='word_1_540' title='bbox 3217 943 3314 996; x_wconf 76' lang='grc' dir='ltr'>καὶ</span> <span class='ocrx_word' id='word_1_541' title='bbox 3361 941 3460 1014; x_wconf 85' lang='grc' dir='ltr'>τὴν</span> <span class='ocrx_word' id='word_1_542' title='bbox 3493 940 3636 996; x_wconf 90' lang='grc' dir='ltr'>κατά</span> <span class='ocrx_word' id='word_1_543' title='bbox 3681 941 3778 996; x_wconf 72' lang='grc' dir='ltr'>τὸν</span> 
     </span>
    </p>
   </div>
   <div class='ocr_carea' id='block_1_75' title="bbox 2092 1023 3777 1100">
    <p class='ocr_par' dir='ltr' id='par_1_75' title="bbox 2092 1023 3777 1100">
     <span class='ocr_line' id='line_1_75' title="bbox 2092 1023 3777 1100; baseline -0.002 -15"><span class='ocrx_word' id='word_1_544' title='bbox 2092 1031 2301 1087; x_wconf 76' lang='grc' dir='ltr'>δίκαιον</span> <span class='ocrx_word' id='word_1_545' title='bbox 2339 1031 2466 1084; x_wconf 83' lang='grc' dir='ltr'>Νῶε</span> <span class='ocrx_word' id='word_1_546' title='bbox 2503 1031 2666 1088; x_wconf 83' lang='grc' dir='ltr'>πάλιν</span> <span class='ocrx_word' id='word_1_547' title='bbox 2700 1023 2950 1100; x_wconf 69' lang='grc' dir='ltr'>ἱστορίαν</span> <span class='ocrx_word' id='word_1_548' title='bbox 2985 1032 3066 1093; x_wconf 87' lang='grc' dir='ltr'>είς</span> <span class='ocrx_word' id='word_1_549' title='bbox 3107 1030 3272 1100; x_wconf 84' lang='grc' dir='ltr'>μέσον</span> <span class='ocrx_word' id='word_1_550' title='bbox 3310 1029 3560 1100; x_wconf 86' lang='grc' dir='ltr'>ἀγαγεῖν.</span> <span class='ocrx_word' id='word_1_551' title='bbox 3595 1027 3777 1093; x_wconf 80' lang='grc' dir='ltr'>Πολὺς</span> 
     </span>
    </p>
   </div>
   <div class='ocr_carea' id='block_1_76' title="bbox 2093 1116 3780 1190">
    <p class='ocr_par' dir='ltr' id='par_1_76' title="bbox 2093 1116 3780 1190">
     <span class='ocr_line' id='line_1_76' title="bbox 2093 1116 3780 1190; baseline -0.003 -17"><span class='ocrx_word' id='word_1_552' title='bbox 2093 1119 2202 1188; x_wconf 90' lang='grc' dir='ltr'>γάρ</span> <span class='ocrx_word' id='word_1_553' title='bbox 2230 1122 2259 1172; x_wconf 90' lang='lat'>6</span> <span class='ocrx_word' id='word_1_554' title='bbox 2289 1118 2390 1190; x_wconf 85' lang='grc' dir='ltr'>τῆς</span> <span class='ocrx_word' id='word_1_555' title='bbox 2430 1118 2633 1190; x_wconf 81' lang='grc' dir='ltr'>ἀρετῆς</span> <span class='ocrx_word' id='word_1_556' title='bbox 2669 1117 2764 1172; x_wconf 90' lang='grc' dir='ltr'>τοῦ</span> <span class='ocrx_word' id='word_1_557' title='bbox 2811 1117 3022 1172; x_wconf 88' lang='grc' dir='ltr'>δικαίου</span> <span class='ocrx_word' id='word_1_558' title='bbox 3058 1117 3287 1180; x_wconf 87' lang='grc' dir='ltr'>πλοῦτος</span> <span class='ocrx_word' id='word_1_559' title='bbox 3311 1157 3324 1179; x_wconf 91' lang='grc'>,</span> <span class='ocrx_word' id='word_1_560' title='bbox 3377 1116 3474 1172; x_wconf 74' lang='grc' dir='ltr'>καὶ</span> <span class='ocrx_word' id='word_1_561' title='bbox 3503 1117 3780 1188; x_wconf 85' lang='grc' dir='ltr'>προσήκει</span> 
     </span>
    </p>
   </div>
   <div class='ocr_carea' id='block_1_77' title="bbox 2095 1203 3782 1279">
    <p class='ocr_par' dir='ltr' id='par_1_77' title="bbox 2095 1203 3782 1279">
     <span class='ocr_line' id='line_1_77' title="bbox 2095 1203 3782 1279; baseline -0.002 -19"><span class='ocrx_word' id='word_1_562' title='bbox 2095 1207 2243 1279; x_wconf 74' lang='grc' dir='ltr'>ἡμᾶς</span> <span class='ocrx_word' id='word_1_563' title='bbox 2263 1206 2406 1262; x_wconf 85' lang='grc' dir='ltr'>κατὰ</span> <span class='ocrx_word' id='word_1_564' title='bbox 2427 1205 2656 1277; x_wconf 88' lang='grc' dir='ltr'>δύναμιν</span> <span class='ocrx_word' id='word_1_565' title='bbox 2675 1205 2950 1278; x_wconf 88' lang='grc' dir='ltr'>ήμετέραν</span> <span class='ocrx_word' id='word_1_566' title='bbox 2971 1203 3150 1258; x_wconf 84' lang='grc' dir='ltr'>πάντα</span> <span class='ocrx_word' id='word_1_567' title='bbox 3175 1205 3317 1258; x_wconf 82' lang='grc' dir='ltr'>κατά</span> <span class='ocrx_word' id='word_1_568' title='bbox 3347 1204 3544 1276; x_wconf 85' lang='grc' dir='ltr'>μικρὸν</span> <span class='ocrx_word' id='word_1_569' title='bbox 3563 1204 3782 1277; x_wconf 87' lang='grc' dir='ltr'>διερευ-</span> 
     </span>
    </p>
   </div>
   <div class='ocr_carea' id='block_1_78' title="bbox 2097 1290 3780 1366">
    <p class='ocr_par' dir='ltr' id='par_1_78' title="bbox 2097 1290 3780 1366">
     <span class='ocr_line' id='line_1_78' title="bbox 2097 1290 3780 1366; baseline 0 -20"><span class='ocrx_word' id='word_1_570' title='bbox 2097 1293 2437 1366; x_wconf 78' lang='grc' dir='ltr'>νησαμένους</span> <span class='ocrx_word' id='word_1_571' title='bbox 2468 1293 2672 1366; x_wconf 89' lang='grc' dir='ltr'>πολλὴν</span> <span class='ocrx_word' id='word_1_572' title='bbox 2695 1293 2825 1364; x_wconf 79' lang='grc' dir='ltr'>ὑμῖν</span> <span class='ocrx_word' id='word_1_573' title='bbox 2853 1293 2955 1364; x_wconf 82' lang='grc' dir='ltr'>τὴν</span> <span class='ocrx_word' id='word_1_574' title='bbox 2982 1290 3242 1363; x_wconf 79' lang='grc' dir='ltr'>εὐπορίαν</span> <span class='ocrx_word' id='word_1_575' title='bbox 3287 1290 3540 1345; x_wconf 83' lang='grc' dir='ltr'>ἐντεῦθεν</span> <span class='ocrx_word' id='word_1_576' title='bbox 3589 1307 3780 1362; x_wconf 80' lang='grc' dir='ltr'>παρα-</span> 
     </span>
    </p>
   </div>
   <div class='ocr_carea' id='block_1_79' title="bbox 2097 1377 3774 1450">
    <p class='ocr_par' dir='ltr' id='par_1_79' title="bbox 2097 1377 3774 1450">
     <span class='ocr_line' id='line_1_79' title="bbox 2097 1377 3774 1450; baseline -0.002 -17"><span class='ocrx_word' id='word_1_577' title='bbox 2097 1381 2264 1450; x_wconf 80' lang='grc' dir='ltr'>σχεῖν.</span> <span class='ocrx_word' id='word_1_578' title='bbox 2312 1379 2474 1434; x_wconf 82' lang='grc' dir='ltr'>’Δλλά</span> <span class='ocrx_word' id='word_1_579' title='bbox 2502 1379 2818 1434; x_wconf 88' lang='grc' dir='ltr'>συντείνατε</span> <span class='ocrx_word' id='word_1_580' title='bbox 2844 1396 2956 1450; x_wconf 91' lang='grc' dir='ltr'>μοι,</span> <span class='ocrx_word' id='word_1_581' title='bbox 3007 1377 3333 1448; x_wconf 78' lang='grc' dir='ltr'>παρακαλῶ,</span> <span class='ocrx_word' id='word_1_582' title='bbox 3376 1377 3477 1449; x_wconf 79' lang='grc' dir='ltr'>τὴν</span> <span class='ocrx_word' id='word_1_583' title='bbox 3502 1377 3774 1442; x_wconf 87' lang='grc' dir='ltr'>διάνοιαν,</span> 
     </span>
    </p>
   </div>
   <div class='ocr_carea' id='block_1_80' title="bbox 2096 1464 3774 1539">
    <p class='ocr_par' dir='ltr' id='par_1_80' title="bbox 2096 1464 3774 1539">
     <span class='ocr_line' id='line_1_80' title="bbox 2096 1464 3774 1539; baseline 0.001 -21"><span class='ocrx_word' id='word_1_584' title='bbox 2096 1465 2184 1519; x_wconf 73' lang='grc' dir='ltr'>ἵνα</span> <span class='ocrx_word' id='word_1_585' title='bbox 2242 1467 2411 1539; x_wconf 71' lang='grc' dir='ltr'>μηδὲν</span> <span class='ocrx_word' id='word_1_586' title='bbox 2439 1467 2585 1539; x_wconf 73' lang='grc' dir='ltr'>ὑμᾶς</span> <span class='ocrx_word' id='word_1_587' title='bbox 2618 1465 2858 1537; x_wconf 77' lang='grc' dir='ltr'>διαφύγῃ</span> <span class='ocrx_word' id='word_1_588' title='bbox 2884 1474 2906 1504; x_wconf 76' lang='grc' dir='ltr'><strong>ο</strong></span> <span class='ocrx_word' id='word_1_589' title='bbox 2946 1464 3055 1520; x_wconf 89' lang='grc' dir='ltr'>τῶν</span> <span class='ocrx_word' id='word_1_590' title='bbox 3087 1464 3428 1536; x_wconf 83' lang='grc' dir='ltr'>ἐγκειμένων</span> <span class='ocrx_word' id='word_1_591' title='bbox 3459 1465 3774 1536; x_wconf 84' lang='grc' dir='ltr'>νοημάτων.</span> 
     </span>
    </p>
   </div>
   <div class='ocr_carea' id='block_1_81' title="bbox 2109 1551 3777 1625">
    <p class='ocr_par' dir='ltr' id='par_1_81' title="bbox 2109 1551 3777 1625">
     <span class='ocr_line' id='line_1_81' title="bbox 2109 1551 3777 1625; baseline -0.001 -18"><span class='ocrx_word' id='word_1_592' title='bbox 2109 1553 2434 1622; x_wconf 68' lang='grc' dir='ltr'>Ἀναγκαῖον</span> <span class='ocrx_word' id='word_1_593' title='bbox 2460 1555 2520 1608; x_wconf 78' lang='grc' dir='ltr'>δέ</span> <span class='ocrx_word' id='word_1_594' title='bbox 2551 1555 2818 1624; x_wconf 87' lang='grc' dir='ltr'>πρότερον</span> <span class='ocrx_word' id='word_1_595' title='bbox 2847 1553 3157 1623; x_wconf 83' lang='grc' dir='ltr'>ὑπομνῆσαι</span> <span class='ocrx_word' id='word_1_596' title='bbox 3189 1551 3344 1623; x_wconf 83' lang='grc' dir='ltr'>ὑμῶν</span> <span class='ocrx_word' id='word_1_597' title='bbox 3384 1552 3483 1624; x_wconf 91' lang='grc' dir='ltr'>τὴν</span> <span class='ocrx_word' id='word_1_598' title='bbox 3510 1553 3738 1625; x_wconf 81' lang='grc' dir='ltr'>ἀγάπην</span> <span class='ocrx_word' id='word_1_599' title='bbox 3758 1593 3777 1617; x_wconf 92' lang='grc'>,</span> 
     </span>
    </p>
   </div>
   <div class='ocr_carea' id='block_1_82' title="bbox 2101 1637 3781 1712">
    <p class='ocr_par' dir='ltr' id='par_1_82' title="bbox 2101 1637 3781 1712">
     <span class='ocr_line' id='line_1_82' title="bbox 2101 1637 3781 1712; baseline -0.001 -18"><span class='ocrx_word' id='word_1_600' title='bbox 2101 1637 2266 1712; x_wconf 84' lang='grc' dir='ltr'>μέχρι</span> <span class='ocrx_word' id='word_1_601' title='bbox 2297 1640 2442 1706; x_wconf 89' lang='grc' dir='ltr'>τίνος</span> <span class='ocrx_word' id='word_1_602' title='bbox 2473 1643 2606 1712; x_wconf 90' lang='grc' dir='ltr'>ήμῖν</span> <span class='ocrx_word' id='word_1_603' title='bbox 2641 1638 2838 1712; x_wconf 77' lang='grc' dir='ltr'>πρώην</span> <span class='ocrx_word' id='word_1_604' title='bbox 2873 1637 3032 1709; x_wconf 70' lang='grc' dir='ltr'>ἔληξε</span> <span class='ocrx_word' id='word_1_605' title='bbox 3062 1638 3132 1692; x_wconf 89' lang='grc' dir='ltr'>τά</span> <span class='ocrx_word' id='word_1_606' title='bbox 3161 1639 3262 1709; x_wconf 81' lang='grc' dir='ltr'>τῆς</span> <span class='ocrx_word' id='word_1_607' title='bbox 3292 1638 3666 1705; x_wconf 75' lang='grc' dir='ltr'>διδασκαλίας,</span> <span class='ocrx_word' id='word_1_608' title='bbox 3685 1639 3781 1693; x_wconf 88' lang='grc' dir='ltr'>ῖνα</span> 
     </span>
    </p>
   </div>
   <div class='ocr_carea' id='block_1_83' title="bbox 2099 1724 3780 1798">
    <p class='ocr_par' dir='ltr' id='par_1_83' title="bbox 2099 1724 3780 1798">
     <span class='ocr_line' id='line_1_83' title="bbox 2099 1724 3780 1798; baseline 0 -18"><span class='ocrx_word' id='word_1_609' title='bbox 2099 1727 2309 1781; x_wconf 88' lang='grc' dir='ltr'>ἐκεῖθεν</span> <span class='ocrx_word' id='word_1_610' title='bbox 2342 1727 2524 1782; x_wconf 61' lang='grc' dir='ltr'>πάλινδ</span> <span class='ocrx_word' id='word_1_611' title='bbox 2538 1726 2902 1790; x_wconf 76' lang='grc' dir='ltr'>ἀναλαδόντες</span> <span class='ocrx_word' id='word_1_612' title='bbox 2931 1727 3174 1798; x_wconf 87' lang='grc' dir='ltr'>σήμερον</span> <span class='ocrx_word' id='word_1_613' title='bbox 3203 1725 3297 1779; x_wconf 84' lang='grc' dir='ltr'>τὸν</span> <span class='ocrx_word' id='word_1_614' title='bbox 3347 1725 3510 1794; x_wconf 90' lang='grc' dir='ltr'>λόγον</span> <span class='ocrx_word' id='word_1_615' title='bbox 3533 1765 3548 1790; x_wconf 96' lang='grc'>,</span> <span class='ocrx_word' id='word_1_616' title='bbox 3599 1724 3780 1790; x_wconf 76' lang='grc' dir='ltr'>οὕτως</span> 
     </span>
    </p>
   </div>
   <div class='ocr_carea' id='block_1_84' title="bbox 2099 1811 3779 1886">
    <p class='ocr_par' dir='ltr' id='par_1_84' title="bbox 2099 1811 3779 1886">
     <span class='ocr_line' id='line_1_84' title="bbox 2099 1811 3779 1886; baseline -0.001 -19"><span class='ocrx_word' id='word_1_617' title='bbox 2099 1815 2390 1886; x_wconf 81' lang='grc' dir='ltr'>ὐφὰνωμεν</span> <span class='ocrx_word' id='word_1_618' title='bbox 2419 1816 2533 1878; x_wconf 90' lang='grc' dir='ltr'>τοῖς</span> <span class='ocrx_word' id='word_1_619' title='bbox 2561 1813 2877 1886; x_wconf 86' lang='grc' dir='ltr'>είρημένοις</span> <span class='ocrx_word' id='word_1_620' title='bbox 2899 1814 2993 1867; x_wconf 76' lang='grc' dir='ltr'>καὶ</span> <span class='ocrx_word' id='word_1_621' title='bbox 3016 1813 3086 1868; x_wconf 80' lang='grc' dir='ltr'>τά</span> <span class='ocrx_word' id='word_1_622' title='bbox 3113 1812 3209 1867; x_wconf 92' lang='grc' dir='ltr'>νῦν</span> <span class='ocrx_word' id='word_1_623' title='bbox 3236 1812 3500 1884; x_wconf 86' lang='grc' dir='ltr'>μέλλοντα</span> <span class='ocrx_word' id='word_1_624' title='bbox 3534 1811 3779 1886; x_wconf 79' lang='grc' dir='ltr'>ῥηθήσε-</span> 
     </span>
    </p>
   </div>
   <div class='ocr_carea' id='block_1_85' title="bbox 2101 1897 3780 1972">
    <p class='ocr_par' dir='ltr' id='par_1_85' title="bbox 2101 1897 3780 1972">
     <span class='ocr_line' id='line_1_85' title="bbox 2101 1897 3780 1972; baseline -0.002 -17"><span class='ocrx_word' id='word_1_625' title='bbox 2101 1902 2244 1956; x_wconf 91' lang='grc' dir='ltr'>σθαι.</span> <span class='ocrx_word' id='word_1_626' title='bbox 2307 1901 2464 1956; x_wconf 84' lang='grc' dir='ltr'>υῦτω</span> <span class='ocrx_word' id='word_1_627' title='bbox 2511 1901 2623 1972; x_wconf 82' lang='grc' dir='ltr'>γάρ</span> <span class='ocrx_word' id='word_1_628' title='bbox 2675 1901 2806 1972; x_wconf 79' lang='grc' dir='ltr'>ὑμῖν</span> <span class='ocrx_word' id='word_1_629' title='bbox 2854 1899 3162 1954; x_wconf 79' lang='grc' dir='ltr'>εὐσύνοπτα</span> <span class='ocrx_word' id='word_1_630' title='bbox 3216 1898 3370 1953; x_wconf 80' lang='grc' dir='ltr'>ἐσται</span> <span class='ocrx_word' id='word_1_631' title='bbox 3419 1899 3514 1953; x_wconf 70' lang='grc' dir='ltr'>καὶ</span> <span class='ocrx_word' id='word_1_632' title='bbox 3560 1900 3630 1954; x_wconf 70' lang='grc' dir='ltr'>τά</span> <span class='ocrx_word' id='word_1_633' title='bbox 3677 1897 3780 1952; x_wconf 89' lang='grc' dir='ltr'>νῦν</span> 
     </span>
    </p>
   </div>
   <div class='ocr_carea' id='block_1_86' title="bbox 2099 1984 3779 2060">
    <p class='ocr_par' dir='ltr' id='par_1_86' title="bbox 2099 1984 3779 2060">
     <span class='ocr_line' id='line_1_86' title="bbox 2099 1984 3779 2060; baseline -0.002 -17"><span class='ocrx_word' id='word_1_634' title='bbox 2099 1989 2388 2060; x_wconf 86' lang='grc' dir='ltr'>λεγόμενα.</span> <span class='ocrx_word' id='word_1_635' title='bbox 2427 1987 2538 2043; x_wconf 87' lang='grc' dir='ltr'>Ποῦ</span> <span class='ocrx_word' id='word_1_636' title='bbox 2565 1984 2659 2043; x_wconf 83' lang='grc' dir='ltr'>οὖν</span> <span class='ocrx_word' id='word_1_637' title='bbox 2685 1989 2748 2042; x_wconf 82' lang='grc' dir='ltr'>τὸ</span> <span class='ocrx_word' id='word_1_638' title='bbox 2770 1987 2924 2052; x_wconf 88' lang='grc' dir='ltr'>τέλος</span> <span class='ocrx_word' id='word_1_639' title='bbox 2943 1987 3102 2058; x_wconf 67' lang='grc' dir='ltr'>ἔσχεν</span> <span class='ocrx_word' id='word_1_640' title='bbox 3130 1988 3263 2058; x_wconf 78' lang='grc' dir='ltr'>ἡμῖν</span> <span class='ocrx_word' id='word_1_641' title='bbox 3283 1986 3352 2041; x_wconf 87' lang='grc' dir='ltr'>τά</span> <span class='ocrx_word' id='word_1_642' title='bbox 3383 1989 3485 2059; x_wconf 82' lang='grc' dir='ltr'>τῆς</span> <span class='ocrx_word' id='word_1_643' title='bbox 3511 1986 3779 2042; x_wconf 82' lang='grc' dir='ltr'>διδασκα-</span> 
     </span>
    </p>
   </div>
   <div class='ocr_carea' id='block_1_87' title="bbox 2099 2067 3780 2141">
    <p class='ocr_par' dir='ltr' id='par_1_87' title="bbox 2099 2067 3780 2141">
     <span class='ocr_line' id='line_1_87' title="bbox 2099 2067 3780 2141; baseline -0.001 -18"><span class='ocrx_word' id='word_1_644' title='bbox 2099 2069 2258 2137; x_wconf 64' lang='grc' dir='ltr'>λίαςς</span> <span class='ocrx_word' id='word_1_645' title='bbox 2284 2067 2453 2135; x_wconf 77' lang='grc' dir='ltr'>Εἶπε,</span> <span class='ocrx_word' id='word_1_646' title='bbox 2493 2071 2648 2141; x_wconf 68' lang='grc' dir='ltr'>φησι,</span> <span class='ocrx_word' id='word_1_647' title='bbox 2681 2072 2902 2139; x_wconf 83' lang='grc' dir='ltr'>Κύριος</span> <span class='ocrx_word' id='word_1_648' title='bbox 2932 2073 2965 2124; x_wconf 84' lang='grc' dir='ltr'><em>ὀ</em></span> <span class='ocrx_word' id='word_1_649' title='bbox 2996 2069 3140 2137; x_wconf 83' lang='grc' dir='ltr'>Θεὸς</span> <span class='ocrx_word' id='word_1_650' title='bbox 3174 2067 3255 2135; x_wconf 80' lang='grc' dir='ltr'>τῷ</span> <span class='ocrx_word' id='word_1_651' title='bbox 3295 2067 3422 2124; x_wconf 85' lang='grc' dir='ltr'>Νῶε</span> <span class='ocrx_word' id='word_1_652' title='bbox 3451 2085 3466 2100; x_wconf 78' lang='grc' dir='ltr'><strong><em>ο</em></strong></span> <span class='ocrx_word' id='word_1_653' title='bbox 3516 2069 3780 2124; x_wconf 72' lang='grc' dir='ltr'>Εισελθε</span> 
     </span>
    </p>
   </div>
   <div class='ocr_carea' id='block_1_88' title="bbox 2098 2150 3780 2225">
    <p class='ocr_par' dir='ltr' id='par_1_88' title="bbox 2098 2150 3780 2225">
     <span class='ocr_line' id='line_1_88' title="bbox 2098 2150 3780 2225; baseline -0.002 -15"><span class='ocrx_word' id='word_1_654' title='bbox 2098 2157 2180 2211; x_wconf 82' lang='grc' dir='ltr'>σὺ</span> <span class='ocrx_word' id='word_1_655' title='bbox 2208 2156 2308 2212; x_wconf 76' lang='grc' dir='ltr'>καὶ</span> <span class='ocrx_word' id='word_1_656' title='bbox 2321 2155 2442 2224; x_wconf 81' lang='grc' dir='ltr'>πᾶς</span> <span class='ocrx_word' id='word_1_657' title='bbox 2465 2160 2500 2211; x_wconf 84' lang='grc' dir='ltr'>ό</span> <span class='ocrx_word' id='word_1_658' title='bbox 2522 2153 2687 2222; x_wconf 77' lang='grc' dir='ltr'>οἶκός</span> <span class='ocrx_word' id='word_1_659' title='bbox 2703 2171 2822 2210; x_wconf 87' lang='grc' dir='ltr'>σου</span> <span class='ocrx_word' id='word_1_660' title='bbox 2838 2159 2927 2225; x_wconf 81' lang='grc' dir='ltr'>είς</span> <span class='ocrx_word' id='word_1_661' title='bbox 2959 2157 3074 2225; x_wconf 77' lang='grc' dir='ltr'>τὴν</span> <span class='ocrx_word' id='word_1_662' title='bbox 3095 2155 3367 2219; x_wconf 76' lang='grc' dir='ltr'>κιϐωτὸν,</span> <span class='ocrx_word' id='word_1_663' title='bbox 3399 2155 3490 2209; x_wconf 83' lang='grc' dir='ltr'>ὅτι</span> <span class='ocrx_word' id='word_1_664' title='bbox 3515 2171 3589 2209; x_wconf 90' lang='grc' dir='ltr'>σε</span> <span class='ocrx_word' id='word_1_665' title='bbox 3608 2150 3780 2210; x_wconf 70' lang='grc' dir='ltr'>εἶδον</span> 
     </span>
    </p>
   </div>
   <div class='ocr_carea' id='block_1_89' title="bbox 2096 2240 3780 2314">
    <p class='ocr_par' dir='ltr' id='par_1_89' title="bbox 2096 2240 3780 2314">
     <span class='ocr_line' id='line_1_89' title="bbox 2096 2240 3780 2314; baseline -0.003 -15"><span class='ocrx_word' id='word_1_666' title='bbox 2096 2245 2332 2300; x_wconf 83' lang='grc' dir='ltr'>δίκαιον</span> <span class='ocrx_word' id='word_1_667' title='bbox 2356 2245 2636 2298; x_wconf 77' lang='grc' dir='ltr'>ἐναντίον</span> <span class='ocrx_word' id='word_1_668' title='bbox 2669 2242 2817 2314; x_wconf 80' lang='grc' dir='ltr'>ἐμοῦ</span> <span class='ocrx_word' id='word_1_669' title='bbox 2855 2243 2927 2296; x_wconf 78' lang='grc' dir='ltr'>ἐν</span> <span class='ocrx_word' id='word_1_670' title='bbox 2947 2242 3021 2311; x_wconf 77' lang='grc' dir='ltr'>τῇ</span> <span class='ocrx_word' id='word_1_671' title='bbox 3055 2240 3231 2312; x_wconf 59' lang='grc' dir='ltr'>⁸γενεᾷ</span> <span class='ocrx_word' id='word_1_672' title='bbox 3278 2242 3467 2311; x_wconf 76' lang='grc' dir='ltr'>ταύτῃ</span> <span class='ocrx_word' id='word_1_673' title='bbox 3489 2258 3503 2272; x_wconf 77' lang='grc' dir='ltr'><strong>ο</strong></span> <span class='ocrx_word' id='word_1_674' title='bbox 3551 2241 3671 2296; x_wconf 76' lang='grc' dir='ltr'>ἀπὸ</span> <span class='ocrx_word' id='word_1_675' title='bbox 3703 2240 3780 2294; x_wconf 75' lang='grc' dir='ltr'>δὲ</span> 
     </span>
    </p>
   </div>
   <div class='ocr_carea' id='block_1_90' title="bbox 2096 2326 3777 2400">
    <p class='ocr_par' dir='ltr' id='par_1_90' title="bbox 2096 2326 3777 2400">
     <span class='ocr_line' id='line_1_90' title="bbox 2096 2326 3777 2400; baseline -0.002 -14"><span class='ocrx_word' id='word_1_676' title='bbox 2096 2331 2214 2386; x_wconf 82' lang='grc' dir='ltr'>τῶν</span> <span class='ocrx_word' id='word_1_677' title='bbox 2266 2328 2504 2400; x_wconf 81' lang='grc' dir='ltr'>κτηνῶν</span> <span class='ocrx_word' id='word_1_678' title='bbox 2548 2327 2670 2384; x_wconf 82' lang='grc' dir='ltr'>τῶν</span> <span class='ocrx_word' id='word_1_679' title='bbox 2692 2327 2969 2398; x_wconf 74' lang='grc' dir='ltr'>καθαρῶν</span> <span class='ocrx_word' id='word_1_680' title='bbox 3007 2329 3292 2397; x_wconf 59' lang='grc' dir='ltr'>εισάππατε</span> <span class='ocrx_word' id='word_1_681' title='bbox 3331 2327 3484 2397; x_wconf 78' lang='grc' dir='ltr'>πρὸς</span> <span class='ocrx_word' id='word_1_682' title='bbox 3509 2326 3584 2382; x_wconf 80' lang='grc' dir='ltr'>σὲ</span> <span class='ocrx_word' id='word_1_683' title='bbox 3618 2327 3777 2382; x_wconf 73' lang='grc' dir='ltr'>ἑπτὰ</span> 
     </span>
    </p>
   </div>
   <div class='ocr_carea' id='block_1_91' title="bbox 2097 2414 3774 2486">
    <p class='ocr_par' dir='ltr' id='par_1_91' title="bbox 2097 2414 3774 2486">
     <span class='ocr_line' id='line_1_91' title="bbox 2097 2414 3774 2486; baseline -0.002 -14"><span class='ocrx_word' id='word_1_684' title='bbox 2097 2419 2264 2485; x_wconf 72' lang='grc' dir='ltr'>ἑπτὰ,</span> <span class='ocrx_word' id='word_1_685' title='bbox 2286 2418 2383 2473; x_wconf 81' lang='grc' dir='ltr'>καὶ</span> <span class='ocrx_word' id='word_1_686' title='bbox 2405 2417 2525 2474; x_wconf 77' lang='grc' dir='ltr'>ἀπὸ</span> <span class='ocrx_word' id='word_1_687' title='bbox 2559 2417 2680 2472; x_wconf 88' lang='grc' dir='ltr'>τῶν</span> <span class='ocrx_word' id='word_1_688' title='bbox 2701 2416 2941 2485; x_wconf 76' lang='grc' dir='ltr'>κτηνῶν</span> <span class='ocrx_word' id='word_1_689' title='bbox 2964 2414 3083 2470; x_wconf 84' lang='grc' dir='ltr'>τῶν</span> <span class='ocrx_word' id='word_1_690' title='bbox 3101 2416 3187 2486; x_wconf 77' lang='grc' dir='ltr'>μὴ</span> <span class='ocrx_word' id='word_1_691' title='bbox 3213 2415 3489 2485; x_wconf 80' lang='grc' dir='ltr'>καθαρῶν</span> <span class='ocrx_word' id='word_1_692' title='bbox 3506 2414 3616 2470; x_wconf 82' lang='grc' dir='ltr'>δύο</span> <span class='ocrx_word' id='word_1_693' title='bbox 3635 2414 3774 2469; x_wconf 79' lang='grc' dir='ltr'>δύο.</span> 
     </span>
    </p>
   </div>
   <div class='ocr_carea' id='block_1_92' title="bbox 2101 2500 3777 2575">
    <p class='ocr_par' dir='ltr' id='par_1_92' title="bbox 2101 2500 3777 2575">
     <span class='ocr_line' id='line_1_92' title="bbox 2101 2500 3777 2575; baseline -0.005 -14"><span class='ocrx_word' id='word_1_694' title='bbox 2101 2507 2230 2560; x_wconf 81' lang='grc' dir='ltr'>Ἔτι</span> <span class='ocrx_word' id='word_1_695' title='bbox 2265 2507 2376 2575; x_wconf 72' lang='grc' dir='ltr'>γὰρ</span> <span class='ocrx_word' id='word_1_696' title='bbox 2415 2503 2566 2560; x_wconf 81' lang='grc' dir='ltr'>ἐπτά</span> <span class='ocrx_word' id='word_1_697' title='bbox 2593 2503 2846 2574; x_wconf 72' lang='grc' dir='ltr'>ἡμερῶν,</span> <span class='ocrx_word' id='word_1_698' title='bbox 2881 2503 3082 2574; x_wconf 73' lang='grc' dir='ltr'>ἐπάγω</span> <span class='ocrx_word' id='word_1_699' title='bbox 3132 2502 3312 2557; x_wconf 82' lang='grc' dir='ltr'>ὑετὸν</span> <span class='ocrx_word' id='word_1_700' title='bbox 3351 2501 3452 2556; x_wconf 77' lang='grc' dir='ltr'>ἐπί</span> <span class='ocrx_word' id='word_1_701' title='bbox 3507 2500 3622 2570; x_wconf 74' lang='grc' dir='ltr'>τὴν</span> <span class='ocrx_word' id='word_1_702' title='bbox 3653 2500 3777 2572; x_wconf 73' lang='grc' dir='ltr'>γῆν</span> 
     </span>
    </p>
   </div>
   <div class='ocr_carea' id='block_1_93' title="bbox 2096 2590 3773 2662">
    <p class='ocr_par' dir='ltr' id='par_1_93' title="bbox 2096 2590 3773 2662">
     <span class='ocr_line' id='line_1_93' title="bbox 2096 2590 3773 2662; baseline -0.004 -14"><span class='ocrx_word' id='word_1_703' title='bbox 2096 2593 2549 2662; x_wconf 78' lang='grc' dir='ltr'>τεσσαράκοντα</span> <span class='ocrx_word' id='word_1_704' title='bbox 2595 2593 2820 2662; x_wconf 74' lang='grc' dir='ltr'>ἡμέρας</span> <span class='ocrx_word' id='word_1_705' title='bbox 2866 2591 2967 2645; x_wconf 77' lang='grc' dir='ltr'>καί</span> <span class='ocrx_word' id='word_1_706' title='bbox 3028 2590 3488 2659; x_wconf 71' lang='grc' dir='ltr'>τεσσαράκοντα</span> <span class='ocrx_word' id='word_1_707' title='bbox 3522 2590 3773 2653; x_wconf 80' lang='grc' dir='ltr'>νύκτας,</span> 
     </span>
    </p>
   </div>
   <div class='ocr_carea' id='block_1_94' title="bbox 2099 2675 3772 2748">
    <p class='ocr_par' dir='ltr' id='par_1_94' title="bbox 2099 2675 3772 2748">
     <span class='ocr_line' id='line_1_94' title="bbox 2099 2675 3772 2748; baseline -0.002 -14"><span class='ocrx_word' id='word_1_708' title='bbox 2099 2681 2195 2734; x_wconf 78' lang='grc' dir='ltr'>καί</span> <span class='ocrx_word' id='word_1_709' title='bbox 2218 2679 2520 2748; x_wconf 65' lang='grc' dir='ltr'>ἐξαλείψω</span> <span class='ocrx_word' id='word_1_710' title='bbox 2540 2677 2741 2732; x_wconf 70' lang='grc' dir='ltr'>πᾶσαν</span> <span class='ocrx_word' id='word_1_711' title='bbox 2782 2678 2898 2745; x_wconf 68' lang='grc' dir='ltr'>τὴν</span> <span class='ocrx_word' id='word_1_712' title='bbox 2915 2677 3350 2742; x_wconf 75' lang='grc' dir='ltr'>ἐξανάστασιν,</span> <span class='ocrx_word' id='word_1_713' title='bbox 3383 2675 3466 2744; x_wconf 80' lang='grc' dir='ltr'>ἣν</span> <span class='ocrx_word' id='word_1_714' title='bbox 3488 2676 3772 2744; x_wconf 70' lang='grc' dir='ltr'>ἐποίησα,</span> 
     </span>
    </p>
   </div>
   <div class='ocr_carea' id='block_1_95' title="bbox 2096 2762 3773 2835">
    <p class='ocr_par' dir='ltr' id='par_1_95' title="bbox 2096 2762 3773 2835">
     <span class='ocr_line' id='line_1_95' title="bbox 2096 2762 3773 2835; baseline -0.004 -13"><span class='ocrx_word' id='word_1_715' title='bbox 2096 2766 2216 2822; x_wconf 77' lang='grc' dir='ltr'>ἀπὸ</span> <span class='ocrx_word' id='word_1_716' title='bbox 2255 2763 2581 2834; x_wconf 74' lang='grc' dir='ltr'>προσώπου</span> <span class='ocrx_word' id='word_1_717' title='bbox 2615 2762 2727 2832; x_wconf 81' lang='grc' dir='ltr'>τῆς</span> <span class='ocrx_word' id='word_1_718' title='bbox 2766 2762 2894 2835; x_wconf 81' lang='grc' dir='ltr'>γῆς,</span> <span class='ocrx_word' id='word_1_719' title='bbox 2949 2763 3069 2818; x_wconf 80' lang='grc' dir='ltr'>ἀπὸ</span> <span class='ocrx_word' id='word_1_720' title='bbox 3117 2762 3434 2831; x_wconf 76' lang='grc' dir='ltr'>ἀνθρώπου</span> <span class='ocrx_word' id='word_1_721' title='bbox 3471 2763 3581 2829; x_wconf 82' lang='grc' dir='ltr'>ἕως</span> <span class='ocrx_word' id='word_1_722' title='bbox 3629 2764 3773 2830; x_wconf 79' lang='grc' dir='ltr'>κτή-</span> 
     </span>
    </p>
   </div>
   <div class='ocr_carea' id='block_1_96' title="bbox 2097 2848 3773 2921">
    <p class='ocr_par' dir='ltr' id='par_1_96' title="bbox 2097 2848 3773 2921">
     <span class='ocr_line' id='line_1_96' title="bbox 2097 2848 3773 2921; baseline -0.004 -12"><span class='ocrx_word' id='word_1_723' title='bbox 2097 2872 2264 2921; x_wconf 85' lang='grc' dir='ltr'>νους.</span> <span class='ocrx_word' id='word_1_724' title='bbox 2287 2854 2397 2911; x_wconf 76' lang='grc' dir='ltr'>Καὶ</span> <span class='ocrx_word' id='word_1_725' title='bbox 2428 2853 2679 2919; x_wconf 70' lang='grc' dir='ltr'>ἐποίησε</span> <span class='ocrx_word' id='word_1_726' title='bbox 2707 2849 2836 2905; x_wconf 87' lang='grc' dir='ltr'>Νῶε</span> <span class='ocrx_word' id='word_1_727' title='bbox 2865 2852 3063 2904; x_wconf 77' lang='grc' dir='ltr'>πάντα</span> <span class='ocrx_word' id='word_1_728' title='bbox 3095 2850 3213 2904; x_wconf 83' lang='grc' dir='ltr'>ὅσα</span> <span class='ocrx_word' id='word_1_729' title='bbox 3241 2851 3581 2905; x_wconf 69' lang='grc' dir='ltr'>ἐνετείλατο</span> <span class='ocrx_word' id='word_1_730' title='bbox 3608 2848 3773 2916; x_wconf 77' lang='grc' dir='ltr'>αὐτῷ</span> 
     </span>
    </p>
   </div>
   <div class='ocr_carea' id='block_1_97' title="bbox 2097 2936 3774 3010">
    <p class='ocr_par' dir='ltr' id='par_1_97' title="bbox 2097 2936 3774 3010">
     <span class='ocr_line' id='line_1_97' title="bbox 2097 2936 3774 3010; baseline -0.005 -13"><span class='ocrx_word' id='word_1_731' title='bbox 2097 2943 2318 3009; x_wconf 81' lang='grc' dir='ltr'>Κύριος</span> <span class='ocrx_word' id='word_1_732' title='bbox 2354 2942 2388 2994; x_wconf 85' lang='lat' dir='ltr'>d</span> <span class='ocrx_word' id='word_1_733' title='bbox 2418 2939 2581 3004; x_wconf 77' lang='grc' dir='ltr'>Θεός.</span> <span class='ocrx_word' id='word_1_734' title='bbox 2610 2937 2790 3010; x_wconf 83' lang='grc' dir='ltr'>Μέχρι</span> <span class='ocrx_word' id='word_1_735' title='bbox 2827 2937 3017 2991; x_wconf 73' lang='grc' dir='ltr'>τούτου</span> <span class='ocrx_word' id='word_1_736' title='bbox 3050 2938 3347 3008; x_wconf 84' lang='grc' dir='ltr'>στήσαντες</span> <span class='ocrx_word' id='word_1_737' title='bbox 3379 2937 3470 2990; x_wconf 73' lang='grc' dir='ltr'>τὸν</span> <span class='ocrx_word' id='word_1_738' title='bbox 3508 2936 3664 3006; x_wconf 87' lang='grc' dir='ltr'>λόγον</span> <span class='ocrx_word' id='word_1_739' title='bbox 3685 2937 3774 2990; x_wconf 78' lang='grc' dir='ltr'>ἐν·</span> 
     </span>
    </p>
   </div>
   <div class='ocr_carea' id='block_1_98' title="bbox 2097 3023 3772 3098">
    <p class='ocr_par' dir='ltr' id='par_1_98' title="bbox 2097 3023 3772 3098">
     <span class='ocr_line' id='line_1_98' title="bbox 2097 3023 3772 3098; baseline -0.003 -16"><span class='ocrx_word' id='word_1_740' title='bbox 2097 3028 2274 3084; x_wconf 89' lang='grc' dir='ltr'>ταῦθα</span> <span class='ocrx_word' id='word_1_741' title='bbox 2307 3026 2738 3098; x_wconf 86' lang='grc' dir='ltr'>κατεπαύσαμεν</span> <span class='ocrx_word' id='word_1_742' title='bbox 2781 3025 2882 3097; x_wconf 84' lang='grc' dir='ltr'>τὴν</span> <span class='ocrx_word' id='word_1_743' title='bbox 2925 3024 3297 3079; x_wconf 87' lang='grc' dir='ltr'>διδασκαλίαν.</span> <span class='ocrx_word' id='word_1_744' title='bbox 3326 3024 3624 3096; x_wconf 84' lang='grc' dir='ltr'>Μέμνησθε</span> <span class='ocrx_word' id='word_1_745' title='bbox 3657 3023 3772 3096; x_wconf 87' lang='grc' dir='ltr'>γάρ</span> 
     </span>
    </p>
   </div>
   <div class='ocr_carea' id='block_1_99' title="bbox 2100 3108 3769 3182">
    <p class='ocr_par' dir='ltr' id='par_1_99' title="bbox 2100 3108 3769 3182">
     <span class='ocr_line' id='line_1_99' title="bbox 2100 3108 3769 3182; baseline -0.002 -16"><span class='ocrx_word' id='word_1_746' title='bbox 2100 3115 2230 3177; x_wconf 85' lang='grc' dir='ltr'>ίσως</span> <span class='ocrx_word' id='word_1_747' title='bbox 2277 3113 2372 3167; x_wconf 70' lang='grc' dir='ltr'>καὶ</span> <span class='ocrx_word' id='word_1_748' title='bbox 2406 3113 2580 3174; x_wconf 80' lang='grc' dir='ltr'>αὐτοὶ,</span> <span class='ocrx_word' id='word_1_749' title='bbox 2615 3113 2703 3165; x_wconf 88' lang='grc' dir='ltr'>ὅτε</span> <span class='ocrx_word' id='word_1_750' title='bbox 2751 3111 2849 3182; x_wconf 90' lang='grc' dir='ltr'>τὴν</span> <span class='ocrx_word' id='word_1_751' title='bbox 2896 3112 3075 3165; x_wconf 86' lang='grc' dir='ltr'>αίτίαν</span> <span class='ocrx_word' id='word_1_752' title='bbox 3133 3111 3438 3182; x_wconf 77' lang='grc' dir='ltr'>εἰρήκαμεν</span> <span class='ocrx_word' id='word_1_753' title='bbox 3491 3108 3648 3180; x_wconf 81' lang='grc' dir='ltr'>ὑμῶν</span> <span class='ocrx_word' id='word_1_754' title='bbox 3699 3113 3769 3182; x_wconf 74' lang='grc' dir='ltr'>τῇ</span> 
     </span>
    </p>
   </div>
   <div class='ocr_carea' id='block_1_100' title="bbox 2097 3196 3768 3272">
    <p class='ocr_par' dir='ltr' id='par_1_100' title="bbox 2097 3196 3768 3272">
     <span class='ocr_line' id='line_1_100' title="bbox 2097 3196 3768 3272; baseline -0.004 -16"><span class='ocrx_word' id='word_1_755' title='bbox 2097 3201 2307 3272; x_wconf 76' lang='grc' dir='ltr'>ἀγάπῃ,</span> <span class='ocrx_word' id='word_1_756' title='bbox 2346 3201 2490 3263; x_wconf 88' lang='grc' dir='ltr'>τίνος</span> <span class='ocrx_word' id='word_1_757' title='bbox 2521 3200 2708 3253; x_wconf 77' lang='grc' dir='ltr'>ἐνεκεν</span> <span class='ocrx_word' id='word_1_758' title='bbox 2733 3199 2842 3252; x_wconf 81' lang='grc' dir='ltr'>ἀπὸ</span> <span class='ocrx_word' id='word_1_759' title='bbox 2878 3197 2977 3268; x_wconf 83' lang='grc' dir='ltr'>μὲν</span> <span class='ocrx_word' id='word_1_760' title='bbox 3005 3197 3115 3251; x_wconf 89' lang='grc' dir='ltr'>τῶν</span> <span class='ocrx_word' id='word_1_761' title='bbox 3142 3196 3398 3269; x_wconf 84' lang='grc' dir='ltr'>καθαρῶν</span> <span class='ocrx_word' id='word_1_762' title='bbox 3426 3197 3566 3251; x_wconf 81' lang='grc' dir='ltr'>ἐπτά</span> <span class='ocrx_word' id='word_1_763' title='bbox 3596 3213 3768 3269; x_wconf 73' lang='grc' dir='ltr'>προσο</span> 
     </span>
    </p>
   </div>
   <div class='ocr_carea' id='block_1_101' title="bbox 2098 3282 3770 3357">
    <p class='ocr_par' dir='ltr' id='par_1_101' title="bbox 2098 3282 3770 3357">
     <span class='ocr_line' id='line_1_101' title="bbox 2098 3282 3770 3357; baseline -0.002 -15"><span class='ocrx_word' id='word_1_764' title='bbox 2098 3289 2284 3355; x_wconf 86' lang='grc' dir='ltr'>έταξεν</span> <span class='ocrx_word' id='word_1_765' title='bbox 2313 3284 2652 3357; x_wconf 74' lang='grc' dir='ltr'>εἰσαχθῆναι,</span> <span class='ocrx_word' id='word_1_766' title='bbox 2681 3282 2789 3338; x_wconf 86' lang='grc' dir='ltr'>ἀπὸ</span> <span class='ocrx_word' id='word_1_767' title='bbox 2819 3284 2876 3338; x_wconf 80' lang='grc' dir='ltr'>δέ</span> <span class='ocrx_word' id='word_1_768' title='bbox 2900 3284 3006 3338; x_wconf 90' lang='grc' dir='ltr'>τῶν</span> <span class='ocrx_word' id='word_1_769' title='bbox 3031 3283 3360 3357; x_wconf 86' lang='grc' dir='ltr'>ἀκαθάρτων</span> <span class='ocrx_word' id='word_1_770' title='bbox 3383 3282 3480 3338; x_wconf 89' lang='grc' dir='ltr'>δύο</span> <span class='ocrx_word' id='word_1_771' title='bbox 3503 3283 3770 3354; x_wconf 55' lang='grc' dir='ltr'>δύοΛέρε</span> 
     </span>
    </p>
   </div>
   <div class='ocr_carea' id='block_1_102' title="bbox 2096 3369 3762 3445">
    <p class='ocr_par' dir='ltr' id='par_1_102' title="bbox 2096 3369 3762 3445">
     <span class='ocr_line' id='line_1_102' title="bbox 2096 3369 3762 3445; baseline -0.004 -15"><span class='ocrx_word' id='word_1_772' title='bbox 2096 3371 2190 3430; x_wconf 81' lang='grc' dir='ltr'>οὖν</span> <span class='ocrx_word' id='word_1_773' title='bbox 2220 3374 2405 3430; x_wconf 75' lang='grc' dir='ltr'>λοιπὸν</span> <span class='ocrx_word' id='word_1_774' title='bbox 2433 3374 2673 3445; x_wconf 86' lang='grc' dir='ltr'>σήμερον</span> <span class='ocrx_word' id='word_1_775' title='bbox 2693 3374 2807 3435; x_wconf 89' lang='grc' dir='ltr'>τοῖς</span> <span class='ocrx_word' id='word_1_776' title='bbox 2834 3370 2964 3441; x_wconf 82' lang='grc' dir='ltr'>ἐξῆς</span> <span class='ocrx_word' id='word_1_777' title='bbox 3004 3371 3432 3440; x_wconf 90' lang='grc' dir='ltr'>ἀναγνωσθεῖσιν</span> <span class='ocrx_word' id='word_1_778' title='bbox 3463 3369 3762 3436; x_wconf 83' lang='grc' dir='ltr'>ἐπεξέλθω-</span> 
     </span>
    </p>
   </div>
   <div class='ocr_carea' id='block_1_103' title="bbox 2101 3457 3772 3534">
    <p class='ocr_par' dir='ltr' id='par_1_103' title="bbox 2101 3457 3772 3534">
     <span class='ocr_line' id='line_1_103' title="bbox 2101 3457 3772 3534; baseline -0.004 -18"><span class='ocrx_word' id='word_1_779' title='bbox 2101 3479 2220 3534; x_wconf 84' lang='grc' dir='ltr'>μεν,</span> <span class='ocrx_word' id='word_1_780' title='bbox 2247 3461 2342 3516; x_wconf 79' lang='grc' dir='ltr'>καὶ</span> <span class='ocrx_word' id='word_1_781' title='bbox 2392 3461 2591 3531; x_wconf 81' lang='grc' dir='ltr'>ίδωμεν</span> <span class='ocrx_word' id='word_1_782' title='bbox 2618 3459 2669 3511; x_wconf 88' lang='grc' dir='ltr'>τί</span> <span class='ocrx_word' id='word_1_783' title='bbox 2701 3459 2971 3530; x_wconf 83' lang='grc' dir='ltr'>διηγεῖται</span> <span class='ocrx_word' id='word_1_784' title='bbox 3002 3459 3135 3529; x_wconf 86' lang='grc' dir='ltr'>ήμῖν</span> <span class='ocrx_word' id='word_1_785' title='bbox 3159 3461 3193 3530; x_wconf 94' lang='grc' dir='ltr'>ή</span> <span class='ocrx_word' id='word_1_786' title='bbox 3225 3457 3347 3511; x_wconf 92' lang='grc' dir='ltr'>θεία</span> <span class='ocrx_word' id='word_1_787' title='bbox 3392 3457 3586 3528; x_wconf 81' lang='grc' dir='ltr'>Γραφὴ</span> <span class='ocrx_word' id='word_1_788' title='bbox 3628 3458 3772 3527; x_wconf 79' lang='grc' dir='ltr'>μετά</span> 
     </span>
    </p>
   </div>
   <div class='ocr_carea' id='block_1_104' title="bbox 2095 3543 3773 3622">
    <p class='ocr_par' dir='ltr' id='par_1_104' title="bbox 2095 3543 3773 3622">
     <span class='ocr_line' id='line_1_104' title="bbox 2095 3543 3773 3622; baseline -0.004 -20"><span class='ocrx_word' id='word_1_789' title='bbox 2095 3550 2196 3622; x_wconf 79' lang='grc' dir='ltr'>τὴν</span> <span class='ocrx_word' id='word_1_790' title='bbox 2229 3547 2434 3602; x_wconf 76' lang='grc' dir='ltr'>εἴσοδον</span> <span class='ocrx_word' id='word_1_791' title='bbox 2460 3545 2556 3600; x_wconf 89' lang='grc' dir='ltr'>τοῦ</span> <span class='ocrx_word' id='word_1_792' title='bbox 2593 3545 2717 3599; x_wconf 89' lang='grc' dir='ltr'>Νῶε</span> <span class='ocrx_word' id='word_1_793' title='bbox 2755 3547 2837 3608; x_wconf 85' lang='grc' dir='ltr'>εἰς</span> <span class='ocrx_word' id='word_1_794' title='bbox 2867 3544 2964 3617; x_wconf 87' lang='grc' dir='ltr'>τὴν</span> <span class='ocrx_word' id='word_1_795' title='bbox 2992 3544 3248 3600; x_wconf 76' lang='grc' dir='ltr'>κιϐωτόν.</span> <span class='ocrx_word' id='word_1_796' title='bbox 3284 3543 3400 3599; x_wconf 83' lang='grc' dir='ltr'>Νῦν</span> <span class='ocrx_word' id='word_1_797' title='bbox 3434 3543 3566 3618; x_wconf 80' lang='grc' dir='ltr'>γάρ.</span> <span class='ocrx_word' id='word_1_798' title='bbox 3601 3545 3648 3596; x_wconf 86' lang='grc' dir='ltr'>εί</span> <span class='ocrx_word' id='word_1_799' title='bbox 3674 3544 3773 3597; x_wconf 87' lang='grc' dir='ltr'>καί</span> 
     </span>
    </p>
   </div>
   <div class='ocr_carea' id='block_1_105' title="bbox 2101 3628 3771 3704">
    <p class='ocr_par' dir='ltr' id='par_1_105' title="bbox 2101 3628 3771 3704">
     <span class='ocr_line' id='line_1_105' title="bbox 2101 3628 3771 3704; baseline -0.005 -14"><span class='ocrx_word' id='word_1_800' title='bbox 2101 3653 2233 3690; x_wconf 89' lang='grc' dir='ltr'>ποτε</span> <span class='ocrx_word' id='word_1_801' title='bbox 2257 3634 2470 3697; x_wconf 82' lang='grc' dir='ltr'>ἄλλοτε,</span> <span class='ocrx_word' id='word_1_802' title='bbox 2501 3634 2735 3704; x_wconf 89' lang='grc' dir='ltr'>μάλιστα</span> <span class='ocrx_word' id='word_1_803' title='bbox 2763 3632 2963 3702; x_wconf 88' lang='grc' dir='ltr'>πολλὴν</span> <span class='ocrx_word' id='word_1_804' title='bbox 3013 3628 3421 3687; x_wconf 81' lang='grc' dir='ltr'>ἐπιδείκνυσθαι</span> <span class='ocrx_word' id='word_1_805' title='bbox 3442 3630 3591 3701; x_wconf 78' lang='grc' dir='ltr'>ήμᾶς</span> <span class='ocrx_word' id='word_1_806' title='bbox 3607 3645 3771 3701; x_wconf 84' lang='grc' dir='ltr'>προσ-</span> 
     </span>
    </p>
   </div>
   <div class='ocr_carea' id='block_1_106' title="bbox 2097 3717 3772 3795">
    <p class='ocr_par' dir='ltr' id='par_1_106' title="bbox 2097 3717 3772 3795">
     <span class='ocr_line' id='line_1_106' title="bbox 2097 3717 3772 3795; baseline -0.005 -18"><span class='ocrx_word' id='word_1_807' title='bbox 2097 3726 2222 3795; x_wconf 88' lang='grc' dir='ltr'>ήκει</span> <span class='ocrx_word' id='word_1_808' title='bbox 2256 3723 2354 3793; x_wconf 88' lang='grc' dir='ltr'>τὴν</span> <span class='ocrx_word' id='word_1_809' title='bbox 2388 3721 2646 3790; x_wconf 77' lang='grc' dir='ltr'>σπουδὴν,</span> <span class='ocrx_word' id='word_1_810' title='bbox 2679 3721 2769 3774; x_wconf 81' lang='grc' dir='ltr'>ὅτε</span> <span class='ocrx_word' id='word_1_811' title='bbox 2799 3719 2887 3774; x_wconf 84' lang='grc' dir='ltr'>διὰ</span> <span class='ocrx_word' id='word_1_812' title='bbox 2907 3720 3000 3773; x_wconf 84' lang='grc' dir='ltr'>τὸν</span> <span class='ocrx_word' id='word_1_813' title='bbox 3043 3719 3144 3790; x_wconf 81' lang='grc' dir='ltr'>τῆς</span> <span class='ocrx_word' id='word_1_814' title='bbox 3171 3717 3428 3790; x_wconf 87' lang='grc' dir='ltr'>νηστείας</span> <span class='ocrx_word' id='word_1_815' title='bbox 3453 3718 3644 3789; x_wconf 81' lang='grc' dir='ltr'>καιρὸν</span> <span class='ocrx_word' id='word_1_816' title='bbox 3676 3719 3772 3772; x_wconf 79' lang='grc' dir='ltr'>καὶ</span> 
     </span>
    </p>
   </div>
   <div class='ocr_carea' id='block_1_107' title="bbox 2098 3802 3771 3881">
    <p class='ocr_par' dir='ltr' id='par_1_107' title="bbox 2098 3802 3771 3881">
     <span class='ocr_line' id='line_1_107' title="bbox 2098 3802 3771 3881; baseline -0.002 -20"><span class='ocrx_word' id='word_1_817' title='bbox 2098 3810 2197 3879; x_wconf 79' lang='grc' dir='ltr'>τῆς</span> <span class='ocrx_word' id='word_1_818' title='bbox 2233 3810 2456 3881; x_wconf 80' lang='grc' dir='ltr'>ἡδίστης</span> <span class='ocrx_word' id='word_1_819' title='bbox 2478 3808 2632 3878; x_wconf 76' lang='grc' dir='ltr'>ὑμῶν</span> <span class='ocrx_word' id='word_1_820' title='bbox 2665 3805 2957 3877; x_wconf 78' lang='grc' dir='ltr'>συντυχίας</span> <span class='ocrx_word' id='word_1_821' title='bbox 2985 3805 3224 3876; x_wconf 88' lang='grc' dir='ltr'>συνεχῶς</span> <span class='ocrx_word' id='word_1_822' title='bbox 3255 3802 3624 3874; x_wconf 79' lang='grc' dir='ltr'>ἀπολαύομεν,</span> <span class='ocrx_word' id='word_1_823' title='bbox 3674 3806 3771 3858; x_wconf 70' lang='grc' dir='ltr'>καὶ</span> 
     </span>
    </p>
   </div>
   <div class='ocr_carea' id='block_1_108' title="bbox 2097 3891 3771 3967">
    <p class='ocr_par' dir='ltr' id='par_1_108' title="bbox 2097 3891 3771 3967">
     <span class='ocr_line' id='line_1_108' title="bbox 2097 3891 3771 3967; baseline -0.002 -18"><span class='ocrx_word' id='word_1_824' title='bbox 2097 3896 2198 3967; x_wconf 82' lang='grc' dir='ltr'>τῆς</span> <span class='ocrx_word' id='word_1_825' title='bbox 2247 3897 2374 3967; x_wconf 73' lang='grc' dir='ltr'>περὶ</span> <span class='ocrx_word' id='word_1_826' title='bbox 2426 3896 2524 3965; x_wconf 80' lang='grc' dir='ltr'>τὴν</span> <span class='ocrx_word' id='word_1_827' title='bbox 2569 3894 2783 3967; x_wconf 82' lang='grc' dir='ltr'>τρυφὴν</span> <span class='ocrx_word' id='word_1_828' title='bbox 2832 3893 3142 3965; x_wconf 81' lang='grc' dir='ltr'>ἀδηφαγίας</span> <span class='ocrx_word' id='word_1_829' title='bbox 3201 3891 3624 3963; x_wconf 85' lang='grc' dir='ltr'>ἀπηλλάγμεθα,</span> <span class='ocrx_word' id='word_1_830' title='bbox 3674 3895 3771 3948; x_wconf 69' lang='grc' dir='ltr'>καὶ</span> 
     </span>
    </p>
   </div>
   <div class='ocr_carea' id='block_1_109' title="bbox 2099 3978 3770 4054">
    <p class='ocr_par' dir='ltr' id='par_1_109' title="bbox 2099 3978 3770 4054">
     <span class='ocr_line' id='line_1_109' title="bbox 2099 3978 3770 4054; baseline -0.001 -20"><span class='ocrx_word' id='word_1_831' title='bbox 2099 3982 2537 4054; x_wconf 79' lang='grc' dir='ltr'>διεγηγερμένων</span> <span class='ocrx_word' id='word_1_832' title='bbox 2569 3982 2785 4053; x_wconf 79' lang='grc' dir='ltr'>ἔχοντες</span> <span class='ocrx_word' id='word_1_833' title='bbox 2839 3981 2932 4035; x_wconf 82' lang='grc' dir='ltr'>τὸν</span> <span class='ocrx_word' id='word_1_834' title='bbox 2980 3979 3242 4051; x_wconf 80' lang='grc' dir='ltr'>λογισμὸν</span> <span class='ocrx_word' id='word_1_835' title='bbox 3294 3978 3576 4050; x_wconf 82' lang='grc' dir='ltr'>δυνάμεθα</span> <span class='ocrx_word' id='word_1_836' title='bbox 3631 3979 3770 4049; x_wconf 82' lang='grc' dir='ltr'>μετά</span> 
     </span>
    </p>
   </div>
   <div class='ocr_carea' id='block_1_110' title="bbox 2100 4062 3770 4140">
    <p class='ocr_par' dir='ltr' id='par_1_110' title="bbox 2100 4062 3770 4140">
     <span class='ocr_line' id='line_1_110' title="bbox 2100 4062 3770 4140; baseline -0.002 -16"><span class='ocrx_word' id='word_1_837' title='bbox 2100 4069 2388 4140; x_wconf 78' lang='grc' dir='ltr'>ἀκριϐείας</span> <span class='ocrx_word' id='word_1_838' title='bbox 2413 4071 2702 4140; x_wconf 84' lang='grc' dir='ltr'>προσέχειν</span> <span class='ocrx_word' id='word_1_839' title='bbox 2729 4072 2845 4133; x_wconf 81' lang='grc' dir='ltr'>τοῖς</span> <span class='ocrx_word' id='word_1_840' title='bbox 2883 4068 3221 4139; x_wconf 89' lang='grc' dir='ltr'>λεγομένοις.</span> <span class='ocrx_word' id='word_1_841' title='bbox 3249 4066 3422 4120; x_wconf 87' lang='grc' dir='ltr'>Πόθεν</span> <span class='ocrx_word' id='word_1_842' title='bbox 3451 4062 3545 4121; x_wconf 78' lang='grc' dir='ltr'>οὖν</span> <span class='ocrx_word' id='word_1_843' title='bbox 3573 4067 3705 4137; x_wconf 85' lang='grc' dir='ltr'>ήμῖν</span> <span class='ocrx_word' id='word_1_844' title='bbox 3738 4067 3770 4137; x_wconf 87' lang='grc' dir='ltr'>ή</span> 
     </span>
    </p>
   </div>
   <div class='ocr_carea' id='block_1_111' title="bbox 2101 4154 3772 4230">
    <p class='ocr_par' dir='ltr' id='par_1_111' title="bbox 2101 4154 3772 4230">
     <span class='ocr_line' id='line_1_111' title="bbox 2101 4154 3772 4230; baseline -0.002 -19"><span class='ocrx_word' id='word_1_845' title='bbox 2101 4158 2244 4230; x_wconf 87' lang='grc' dir='ltr'>ἀρχὴ</span> <span class='ocrx_word' id='word_1_846' title='bbox 2289 4157 2482 4226; x_wconf 84' lang='grc' dir='ltr'>γέγονε</span> <span class='ocrx_word' id='word_1_847' title='bbox 2515 4157 2624 4209; x_wconf 85' lang='grc' dir='ltr'>τῶν</span> <span class='ocrx_word' id='word_1_848' title='bbox 2673 4158 2914 4228; x_wconf 86' lang='grc' dir='ltr'>σήμερον</span> <span class='ocrx_word' id='word_1_849' title='bbox 2952 4154 3434 4224; x_wconf 81' lang='grc' dir='ltr'>ἀναγνωσθέντων,</span> <span class='ocrx_word' id='word_1_850' title='bbox 3470 4155 3772 4223; x_wconf 90' lang='grc' dir='ltr'>ἀναγκαῖον</span> 
     </span>
    </p>
   </div>
   <div class='ocr_carea' id='block_1_112' title="bbox 2101 4241 3770 4313">
    <p class='ocr_par' dir='ltr' id='par_1_112' title="bbox 2101 4241 3770 4313">
     <span class='ocr_line' id='line_1_112' title="bbox 2101 4241 3770 4313; baseline -0.004 -15"><span class='ocrx_word' id='word_1_851' title='bbox 2101 4247 2297 4299; x_wconf 83' lang='grc' dir='ltr'>εἰπεῖν.</span> <span class='ocrx_word' id='word_1_852' title='bbox 2321 4244 2448 4300; x_wconf 84' lang='grc' dir='ltr'>Νῶε</span> <span class='ocrx_word' id='word_1_853' title='bbox 2477 4243 2544 4297; x_wconf 78' lang='grc' dir='ltr'>δὲ</span> <span class='ocrx_word' id='word_1_854' title='bbox 2569 4241 2648 4313; x_wconf 82' lang='grc' dir='ltr'>ἦν</span> <span class='ocrx_word' id='word_1_855' title='bbox 2675 4243 2828 4299; x_wconf 79' lang='grc' dir='ltr'>ἐτῶν</span> <span class='ocrx_word' id='word_1_856' title='bbox 2857 4243 3212 4306; x_wconf 76' lang='grc' dir='ltr'>ἑξακοσίων,</span> <span class='ocrx_word' id='word_1_857' title='bbox 3229 4242 3383 4310; x_wconf 71' lang='grc' dir='ltr'>φησι,</span> <span class='ocrx_word' id='word_1_858' title='bbox 3408 4241 3507 4294; x_wconf 80' lang='grc' dir='ltr'>καί</span> <span class='ocrx_word' id='word_1_859' title='bbox 3530 4245 3562 4295; x_wconf 84' lang='grc' dir='ltr'>ό</span> <span class='ocrx_word' id='word_1_860' title='bbox 3594 4257 3770 4296; x_wconf 78' lang='grc' dir='ltr'>κατα-</span> 
     </span>
    </p>
   </div>
   <div class='ocr_carea' id='block_1_113' title="bbox 2101 4325 3770 4398">
    <p class='ocr_par' dir='ltr' id='par_1_113' title="bbox 2101 4325 3770 4398">
     <span class='ocr_line' id='line_1_113' title="bbox 2101 4325 3770 4398; baseline -0.002 -14"><span class='ocrx_word' id='word_1_861' title='bbox 2101 4329 2378 4398; x_wconf 72' lang='grc' dir='ltr'>κλυσμὸς</span> <span class='ocrx_word' id='word_1_862' title='bbox 2397 4329 2506 4383; x_wconf 86' lang='grc' dir='ltr'>τοῦ</span> <span class='ocrx_word' id='word_1_863' title='bbox 2535 4329 2754 4396; x_wconf 79' lang='grc' dir='ltr'>ὓδατος</span> <span class='ocrx_word' id='word_1_864' title='bbox 2780 4328 3018 4398; x_wconf 80' lang='grc' dir='ltr'>ἐγένετο</span> <span class='ocrx_word' id='word_1_865' title='bbox 3041 4327 3140 4380; x_wconf 78' lang='grc' dir='ltr'>ἐπί</span> <span class='ocrx_word' id='word_1_866' title='bbox 3167 4325 3278 4394; x_wconf 81' lang='grc' dir='ltr'>τῆς</span> <span class='ocrx_word' id='word_1_867' title='bbox 3292 4325 3424 4395; x_wconf 81' lang='grc' dir='ltr'>γῆς.</span> <span class='ocrx_word' id='word_1_868' title='bbox 3445 4326 3770 4397; x_wconf 84' lang='grc' dir='ltr'>Προσέχετε,</span> 
     </span>
    </p>
   </div>
   <div class='ocr_carea' id='block_1_114' title="bbox 2099 4415 3768 4491">
    <p class='ocr_par' dir='ltr' id='par_1_114' title="bbox 2099 4415 3768 4491">
     <span class='ocr_line' id='line_1_114' title="bbox 2099 4415 3768 4491; baseline -0.002 -19"><span class='ocrx_word' id='word_1_869' title='bbox 2099 4417 2423 4491; x_wconf 86' lang='grc' dir='ltr'>παρακαλῶ,</span> <span class='ocrx_word' id='word_1_870' title='bbox 2453 4417 2548 4471; x_wconf 73' lang='grc' dir='ltr'>καὶ</span> <span class='ocrx_word' id='word_1_871' title='bbox 2572 4419 2646 4489; x_wconf 84' lang='grc' dir='ltr'>μή</span> <span class='ocrx_word' id='word_1_872' title='bbox 2678 4416 2864 4481; x_wconf 89' lang='grc' dir='ltr'>ἁπλῶς</span> <span class='ocrx_word' id='word_1_873' title='bbox 2881 4416 3328 4488; x_wconf 86' lang='grc' dir='ltr'>παραδράμωμεν</span> <span class='ocrx_word' id='word_1_874' title='bbox 3354 4415 3415 4467; x_wconf 76' lang='grc' dir='ltr'>τὸ</span> <span class='ocrx_word' id='word_1_875' title='bbox 3442 4416 3733 4486; x_wconf 75' lang='grc' dir='ltr'>εἰρημένον</span> <span class='ocrx_word' id='word_1_876' title='bbox 3753 4432 3768 4444; x_wconf 90' lang='grc'><strong>·</strong></span> 
     </span>
    </p>
   </div>
   <div class='ocr_carea' id='block_1_115' title="bbox 2099 4497 3770 4572">
    <p class='ocr_par' dir='ltr' id='par_1_115' title="bbox 2099 4497 3770 4572">
     <span class='ocr_line' id='line_1_115' title="bbox 2099 4497 3770 4572; baseline -0.001 -18"><span class='ocrx_word' id='word_1_877' title='bbox 2099 4501 2212 4572; x_wconf 80' lang='grc' dir='ltr'>ἔχει</span> <span class='ocrx_word' id='word_1_878' title='bbox 2240 4503 2351 4570; x_wconf 88' lang='grc' dir='ltr'>γάρ</span> <span class='ocrx_word' id='word_1_879' title='bbox 2371 4517 2492 4553; x_wconf 88' lang='grc' dir='ltr'>τινα</span> <span class='ocrx_word' id='word_1_880' title='bbox 2518 4499 2747 4554; x_wconf 84' lang='grc' dir='ltr'>πλοῦτον</span> <span class='ocrx_word' id='word_1_881' title='bbox 2777 4499 3226 4570; x_wconf 82' lang='grc' dir='ltr'>ἐγκεκρυμμένον</span> <span class='ocrx_word' id='word_1_882' title='bbox 3247 4501 3408 4551; x_wconf 55' lang='grc' dir='ltr'>ταυτὶ⁵</span> <span class='ocrx_word' id='word_1_883' title='bbox 3427 4497 3497 4551; x_wconf 87' lang='grc' dir='ltr'>τά</span> <span class='ocrx_word' id='word_1_884' title='bbox 3521 4498 3728 4569; x_wconf 81' lang='grc' dir='ltr'>βραχέα</span> <span class='ocrx_word' id='word_1_885' title='bbox 3743 4499 3770 4538; x_wconf 74' lang='grc' dir='ltr'>δ</span> 
     </span>
    </p>
   </div>
   <div class='ocr_carea' id='block_1_116' title="bbox 2101 4585 3770 4658">
    <p class='ocr_par' dir='ltr' id='par_1_116' title="bbox 2101 4585 3770 4658">
     <span class='ocr_line' id='line_1_116' title="bbox 2101 4585 3770 4658; baseline 0.002 -19"><span class='ocrx_word' id='word_1_886' title='bbox 2101 4589 2343 4658; x_wconf 73' lang='grc' dir='ltr'>ῥήματα,</span> <span class='ocrx_word' id='word_1_887' title='bbox 2377 4586 2474 4640; x_wconf 71' lang='grc' dir='ltr'>καὶ</span> <span class='ocrx_word' id='word_1_888' title='bbox 2499 4587 2597 4640; x_wconf 84' lang='grc' dir='ltr'>ἐὰν</span> <span class='ocrx_word' id='word_1_889' title='bbox 2636 4591 3002 4656; x_wconf 86' lang='grc' dir='ltr'>συντείνωμεν</span> <span class='ocrx_word' id='word_1_890' title='bbox 3057 4585 3214 4656; x_wconf 86' lang='grc' dir='ltr'>ήμῶν</span> <span class='ocrx_word' id='word_1_891' title='bbox 3238 4586 3340 4656; x_wconf 85' lang='grc' dir='ltr'>τὴν</span> <span class='ocrx_word' id='word_1_892' title='bbox 3383 4586 3644 4651; x_wconf 89' lang='grc' dir='ltr'>διάνοιαν,</span> <span class='ocrx_word' id='word_1_893' title='bbox 3675 4593 3770 4642; x_wconf 80' lang='grc' dir='ltr'>καὶ</span> 
     </span>
    </p>
   </div>
   <div class='ocr_carea' id='block_1_117' title="bbox 2100 4671 3766 4743">
    <p class='ocr_par' dir='ltr' id='par_1_117' title="bbox 2100 4671 3766 4743">
     <span class='ocr_line' id='line_1_117' title="bbox 2100 4671 3766 4743; baseline 0.002 -19"><span class='ocrx_word' id='word_1_894' title='bbox 2100 4673 2159 4740; x_wconf 87' lang='grc' dir='ltr'>ἐξ</span> <span class='ocrx_word' id='word_1_895' title='bbox 2178 4672 2342 4727; x_wconf 79' lang='grc' dir='ltr'>αὑτοῦ</span> <span class='ocrx_word' id='word_1_896' title='bbox 2374 4672 2565 4726; x_wconf 87' lang='grc' dir='ltr'>τούτου</span> <span class='ocrx_word' id='word_1_897' title='bbox 2593 4671 2940 4742; x_wconf 87' lang='grc' dir='ltr'>δυνησόμεθα</span> <span class='ocrx_word' id='word_1_898' title='bbox 2978 4671 3320 4742; x_wconf 86' lang='grc' dir='ltr'>καταμαθεῖν</span> <span class='ocrx_word' id='word_1_899' title='bbox 3347 4673 3536 4743; x_wconf 74' lang='grc' dir='ltr'>τῆςσιτε</span> <span class='ocrx_word' id='word_1_900' title='bbox 3585 4675 3766 4743; x_wconf 57' lang='grc' dir='ltr'>φιλανε</span> 
     </span>
    </p>
   </div>
   <div class='ocr_carea' id='block_1_118' title="bbox 2101 4758 3771 4831">
    <p class='ocr_par' dir='ltr' id='par_1_118' title="bbox 2101 4758 3771 4831">
     <span class='ocr_line' id='line_1_118' title="bbox 2101 4758 3771 4831; baseline 0.001 -19"><span class='ocrx_word' id='word_1_901' title='bbox 2101 4760 2346 4831; x_wconf 87' lang='grc' dir='ltr'>θρωπίας</span> <span class='ocrx_word' id='word_1_902' title='bbox 2378 4760 2471 4814; x_wconf 91' lang='grc' dir='ltr'>τοῦ</span> <span class='ocrx_word' id='word_1_903' title='bbox 2494 4760 2766 4814; x_wconf 87' lang='grc' dir='ltr'>Δεσπότου</span> <span class='ocrx_word' id='word_1_904' title='bbox 2798 4761 2898 4829; x_wconf 90' lang='grc' dir='ltr'>τὴν</span> <span class='ocrx_word' id='word_1_905' title='bbox 2929 4760 3030 4812; x_wconf 84' lang='grc' dir='ltr'>ὑπε</span> <span class='ocrx_word' id='word_1_906' title='bbox 3041 4758 3257 4830; x_wconf 79' lang='grc' dir='ltr'>ρὸολὴν,</span> <span class='ocrx_word' id='word_1_907' title='bbox 3276 4760 3371 4812; x_wconf 71' lang='grc' dir='ltr'>καὶ</span> <span class='ocrx_word' id='word_1_908' title='bbox 3399 4759 3499 4830; x_wconf 81' lang='grc' dir='ltr'>τῆς</span> <span class='ocrx_word' id='word_1_909' title='bbox 3519 4760 3628 4812; x_wconf 87' lang='grc' dir='ltr'>τῶν</span> <span class='ocrx_word' id='word_1_910' title='bbox 3649 4762 3771 4814; x_wconf 80' lang='grc' dir='ltr'>τότε</span> 
     </span>
    </p>
   </div>
   <div class='ocr_carea' id='block_1_119' title="bbox 2099 4842 3772 4920">
    <p class='ocr_par' dir='ltr' id='par_1_119' title="bbox 2099 4842 3772 4920">
     <span class='ocr_line' id='line_1_119' title="bbox 2099 4842 3772 4920; baseline -0.002 -18"><span class='ocrx_word' id='word_1_911' title='bbox 2099 4847 2402 4920; x_wconf 84' lang='grc' dir='ltr'>ἀνθρώπων</span> <span class='ocrx_word' id='word_1_912' title='bbox 2447 4847 2646 4910; x_wconf 89' lang='grc' dir='ltr'>κακίας</span> <span class='ocrx_word' id='word_1_913' title='bbox 2693 4847 2794 4917; x_wconf 90' lang='grc' dir='ltr'>τὴν</span> <span class='ocrx_word' id='word_1_914' title='bbox 2849 4845 3049 4915; x_wconf 85' lang='grc' dir='ltr'>πολλὴν</span> <span class='ocrx_word' id='word_1_915' title='bbox 3088 4845 3360 4898; x_wconf 84' lang='grc' dir='ltr'>ἐπίτασιν.</span> <span class='ocrx_word' id='word_1_916' title='bbox 3414 4844 3540 4899; x_wconf 86' lang='grc' dir='ltr'>Νῶε</span> <span class='ocrx_word' id='word_1_917' title='bbox 3581 4846 3649 4899; x_wconf 80' lang='grc' dir='ltr'>δὲ</span> <span class='ocrx_word' id='word_1_918' title='bbox 3691 4842 3772 4918; x_wconf 76' lang='grc' dir='ltr'>ἦν</span> 
     </span>
    </p>
   </div>
   <div class='ocr_carea' id='block_1_120' title="bbox 2099 4931 3772 5004">
    <p class='ocr_par' dir='ltr' id='par_1_120' title="bbox 2099 4931 3772 5004">
     <span class='ocr_line' id='line_1_120' title="bbox 2099 4931 3772 5004; baseline 0.001 -18"><span class='ocrx_word' id='word_1_919' title='bbox 2099 4933 2267 4999; x_wconf 77' lang='grc' dir='ltr'>ἑτῶν,</span> <span class='ocrx_word' id='word_1_920' title='bbox 2293 4935 2479 5004; x_wconf 65' lang='grc' dir='ltr'>φησὶν,</span> <span class='ocrx_word' id='word_1_921' title='bbox 2499 4933 2852 4998; x_wconf 72' lang='grc' dir='ltr'>ἑξακοσίων.</span> <span class='ocrx_word' id='word_1_922' title='bbox 2894 4933 3006 5003; x_wconf 80' lang='grc' dir='ltr'>Οὐχ</span> <span class='ocrx_word' id='word_1_923' title='bbox 3033 4931 3218 4995; x_wconf 86' lang='grc' dir='ltr'>ἁπλῶς</span> <span class='ocrx_word' id='word_1_924' title='bbox 3253 4933 3401 5002; x_wconf 79' lang='grc' dir='ltr'>ἡμᾶς</span> <span class='ocrx_word' id='word_1_925' title='bbox 3420 4932 3510 4985; x_wconf 81' lang='grc' dir='ltr'>τὸν</span> <span class='ocrx_word' id='word_1_926' title='bbox 3540 4933 3772 5004; x_wconf 83' lang='grc' dir='ltr'>ἀριθμὸν</span> 
     </span>
    </p>
   </div>
   <div class='ocr_carea' id='block_1_121' title="bbox 2098 5019 3770 5090">
    <p class='ocr_par' dir='ltr' id='par_1_121' title="bbox 2098 5019 3770 5090">
     <span class='ocr_line' id='line_1_121' title="bbox 2098 5019 3770 5090; baseline 0 -17"><span class='ocrx_word' id='word_1_927' title='bbox 2098 5021 2206 5074; x_wconf 89' lang='grc' dir='ltr'>τῶν</span> <span class='ocrx_word' id='word_1_928' title='bbox 2241 5022 2378 5074; x_wconf 89' lang='grc' dir='ltr'>ἐτῶν</span> <span class='ocrx_word' id='word_1_929' title='bbox 2412 5019 2616 5084; x_wconf 80' lang='grc' dir='ltr'>ἐδίδαξε</span> <span class='ocrx_word' id='word_1_930' title='bbox 2657 5019 2751 5072; x_wconf 92' lang='grc' dir='ltr'>τοῦ</span> <span class='ocrx_word' id='word_1_931' title='bbox 2775 5020 3008 5085; x_wconf 72' lang='grc' dir='ltr'>δικαίου,</span> <span class='ocrx_word' id='word_1_932' title='bbox 3049 5019 3170 5072; x_wconf 87' lang='grc' dir='ltr'>οὑδέ</span> <span class='ocrx_word' id='word_1_933' title='bbox 3197 5019 3284 5073; x_wconf 84' lang='grc' dir='ltr'>ἴνα</span> <span class='ocrx_word' id='word_1_934' title='bbox 3317 5019 3448 5072; x_wconf 82' lang='grc' dir='ltr'>αὐτὸ</span> <span class='ocrx_word' id='word_1_935' title='bbox 3469 5019 3627 5084; x_wconf 82' lang='grc' dir='ltr'>τοῦτο</span> <span class='ocrx_word' id='word_1_936' title='bbox 3662 5021 3770 5090; x_wconf 84' lang='grc' dir='ltr'>μά-</span> 
     </span>
    </p>
   </div>
   <div class='ocr_carea' id='block_1_122' title="bbox 2100 5102 3770 5178">
    <p class='ocr_par' dir='ltr' id='par_1_122' title="bbox 2100 5102 3770 5178">
     <span class='ocr_line' id='line_1_122' title="bbox 2100 5102 3770 5178; baseline -0.001 -19"><span class='ocrx_word' id='word_1_937' title='bbox 2100 5108 2304 5178; x_wconf 89' lang='grc' dir='ltr'>θωμεν,</span> <span class='ocrx_word' id='word_1_938' title='bbox 2361 5107 2543 5160; x_wconf 89' lang='grc' dir='ltr'>πόσων</span> <span class='ocrx_word' id='word_1_939' title='bbox 2592 5102 2659 5176; x_wconf 83' lang='grc' dir='ltr'>ἦν</span> <span class='ocrx_word' id='word_1_940' title='bbox 2691 5107 2824 5160; x_wconf 79' lang='grc' dir='ltr'>ἐτῶν</span> <span class='ocrx_word' id='word_1_941' title='bbox 2878 5108 2906 5159; x_wconf 91' lang='lat'>6</span> <span class='ocrx_word' id='word_1_942' title='bbox 2953 5105 3195 5170; x_wconf 88' lang='grc' dir='ltr'>δίκαιος,</span> <span class='ocrx_word' id='word_1_943' title='bbox 3250 5104 3363 5158; x_wconf 78' lang='grc' dir='ltr'>ἀλλ’</span> <span class='ocrx_word' id='word_1_944' title='bbox 3394 5104 3546 5177; x_wconf 66' lang='lat'>[151]</span> <span class='ocrx_word' id='word_1_945' title='bbox 3581 5106 3770 5176; x_wconf 78' lang='grc' dir='ltr'>ἐπειδὴ</span> 
     </span>
    </p>
   </div>
   <div class='ocr_carea' id='block_1_123' title="bbox 2101 5189 3766 5266">
    <p class='ocr_par' dir='ltr' id='par_1_123' title="bbox 2101 5189 3766 5266">
     <span class='ocr_line' id='line_1_123' title="bbox 2101 5189 3766 5266; baseline -0.001 -19"><span class='ocrx_word' id='word_1_946' title='bbox 2101 5192 2448 5266; x_wconf 80' lang='grc' dir='ltr'>προλαϐοῦσα</span> <span class='ocrx_word' id='word_1_947' title='bbox 2479 5189 2714 5256; x_wconf 84' lang='grc' dir='ltr'>ἐδίδαξεν</span> <span class='ocrx_word' id='word_1_948' title='bbox 2747 5195 2893 5264; x_wconf 77' lang='grc' dir='ltr'>ήμᾶς</span> <span class='ocrx_word' id='word_1_949' title='bbox 2923 5193 2957 5262; x_wconf 88' lang='grc' dir='ltr'>ή</span> <span class='ocrx_word' id='word_1_950' title='bbox 2990 5192 3109 5245; x_wconf 91' lang='grc' dir='ltr'>θεία</span> <span class='ocrx_word' id='word_1_951' title='bbox 3145 5191 3338 5263; x_wconf 81' lang='grc' dir='ltr'>Γραφὴ</span> <span class='ocrx_word' id='word_1_952' title='bbox 3382 5193 3484 5263; x_wconf 81' lang='grc' dir='ltr'>ήδη</span> <span class='ocrx_word' id='word_1_953' title='bbox 3514 5191 3766 5256; x_wconf 85' lang='grc' dir='ltr'>εἰποῦσα,</span> 
     </span>
    </p>
   </div>
   <div class='ocr_carea' id='block_1_124' title="bbox 2097 5280 3768 5351">
    <p class='ocr_par' dir='ltr' id='par_1_124' title="bbox 2097 5280 3768 5351">
     <span class='ocr_line' id='line_1_124' title="bbox 2097 5280 3768 5351; baseline -0.004 -12"><span class='ocrx_word' id='word_1_954' title='bbox 2097 5288 2180 5340; x_wconf 78' lang='grc' dir='ltr'>ὅτι</span> <span class='ocrx_word' id='word_1_955' title='bbox 2207 5283 2332 5342; x_wconf 80' lang='grc' dir='ltr'>Νῶε</span> <span class='ocrx_word' id='word_1_956' title='bbox 2352 5285 2420 5336; x_wconf 82' lang='grc' dir='ltr'>δὲ</span> <span class='ocrx_word' id='word_1_957' title='bbox 2445 5283 2524 5351; x_wconf 79' lang='grc' dir='ltr'>ἦν</span> <span class='ocrx_word' id='word_1_958' title='bbox 2547 5281 2697 5336; x_wconf 82' lang='grc' dir='ltr'>ἐτῶν</span> <span class='ocrx_word' id='word_1_959' title='bbox 2715 5281 3152 5347; x_wconf 73' lang='grc' dir='ltr'>πεντακοσίων,</span> <span class='ocrx_word' id='word_1_960' title='bbox 3195 5282 3291 5334; x_wconf 74' lang='grc' dir='ltr'>καὶ</span> <span class='ocrx_word' id='word_1_961' title='bbox 3323 5281 3460 5351; x_wconf 83' lang='grc' dir='ltr'>μετά</span> <span class='ocrx_word' id='word_1_962' title='bbox 3483 5281 3545 5334; x_wconf 79' lang='grc' dir='ltr'>τὸ</span> <span class='ocrx_word' id='word_1_963' title='bbox 3573 5280 3768 5350; x_wconf 81' lang='grc' dir='ltr'>γνώρι-</span> 
     </span>
    </p>
   </div>
   <div class='ocr_carea' id='block_1_125' title="bbox 2101 5369 3770 5443">
    <p class='ocr_par' dir='ltr' id='par_1_125' title="bbox 2101 5369 3770 5443">
     <span class='ocr_line' id='line_1_125' title="bbox 2101 5369 3770 5443; baseline -0.002 -18"><span class='ocrx_word' id='word_1_964' title='bbox 2101 5391 2200 5443; x_wconf 92' lang='grc' dir='ltr'>μον</span> <span class='ocrx_word' id='word_1_965' title='bbox 2225 5371 2359 5442; x_wconf 79' lang='grc' dir='ltr'>ήμϊν</span> <span class='ocrx_word' id='word_1_966' title='bbox 2375 5372 2597 5440; x_wconf 77' lang='grc' dir='ltr'>ποιῆσαι</span> <span class='ocrx_word' id='word_1_967' title='bbox 2618 5369 2728 5423; x_wconf 83' lang='grc' dir='ltr'>τῶν</span> <span class='ocrx_word' id='word_1_968' title='bbox 2753 5370 2890 5421; x_wconf 84' lang='grc' dir='ltr'>ἐτῶν</span> <span class='ocrx_word' id='word_1_969' title='bbox 2917 5369 3008 5423; x_wconf 78' lang='grc' dir='ltr'>τὸν</span> <span class='ocrx_word' id='word_1_970' title='bbox 3036 5369 3294 5440; x_wconf 76' lang='grc' dir='ltr'>ἀριθμὸν,</span> <span class='ocrx_word' id='word_1_971' title='bbox 3321 5369 3444 5422; x_wconf 85' lang='grc' dir='ltr'>τότε</span> <span class='ocrx_word' id='word_1_972' title='bbox 3471 5369 3770 5437; x_wconf 87' lang='grc' dir='ltr'>διηγήσατο</span> 
     </span>
    </p>
   </div>
   <div class='ocr_carea' id='block_1_126' title="bbox 2097 5457 3770 5530">
    <p class='ocr_par' dir='ltr' id='par_1_126' title="bbox 2097 5457 3770 5530">
     <span class='ocr_line' id='line_1_126' title="bbox 2097 5457 3770 5530; baseline -0.002 -17"><span class='ocrx_word' id='word_1_973' title='bbox 2097 5461 2205 5514; x_wconf 85' lang='grc' dir='ltr'>τῶν</span> <span class='ocrx_word' id='word_1_974' title='bbox 2235 5458 2533 5530; x_wconf 86' lang='grc' dir='ltr'>ἀνθρώπων</span> <span class='ocrx_word' id='word_1_975' title='bbox 2563 5458 2662 5528; x_wconf 83' lang='grc' dir='ltr'>τὴν</span> <span class='ocrx_word' id='word_1_976' title='bbox 2690 5458 2892 5529; x_wconf 84' lang='grc' dir='ltr'>πολλὴν</span> <span class='ocrx_word' id='word_1_977' title='bbox 2927 5459 3056 5529; x_wconf 78' lang='grc' dir='ltr'>περὶ</span> <span class='ocrx_word' id='word_1_978' title='bbox 3081 5459 3183 5529; x_wconf 76' lang='grc' dir='ltr'>τὴν</span> <span class='ocrx_word' id='word_1_979' title='bbox 3221 5458 3422 5512; x_wconf 90' lang='grc' dir='ltr'>κακίαν</span> <span class='ocrx_word' id='word_1_980' title='bbox 3453 5457 3650 5528; x_wconf 74' lang='grc' dir='ltr'>ῥοπὴν,</span> <span class='ocrx_word' id='word_1_981' title='bbox 3674 5457 3770 5512; x_wconf 75' lang='grc' dir='ltr'>καὶ</span> 
     </span>
    </p>
   </div>
   <div class='ocr_carea' id='block_1_127' title="bbox 2095 5543 3768 5616">
    <p class='ocr_par' dir='ltr' id='par_1_127' title="bbox 2095 5543 3768 5616">
     <span class='ocr_line' id='line_1_127' title="bbox 2095 5543 3768 5616; baseline -0.002 -17"><span class='ocrx_word' id='word_1_982' title='bbox 2095 5547 2185 5601; x_wconf 81' lang='grc' dir='ltr'>ὅτι</span> <span class='ocrx_word' id='word_1_983' title='bbox 2215 5545 2460 5613; x_wconf 71' lang='grc' dir='ltr'>ἔγκειται</span> <span class='ocrx_word' id='word_1_984' title='bbox 2489 5546 2522 5613; x_wconf 90' lang='grc' dir='ltr'>ή</span> <span class='ocrx_word' id='word_1_985' title='bbox 2559 5543 2766 5597; x_wconf 87' lang='grc' dir='ltr'>διάνοια</span> <span class='ocrx_word' id='word_1_986' title='bbox 2799 5543 2893 5598; x_wconf 89' lang='grc' dir='ltr'>τοῦ</span> <span class='ocrx_word' id='word_1_987' title='bbox 2928 5543 3216 5616; x_wconf 85' lang='grc' dir='ltr'>ἀνθρώπου</span> <span class='ocrx_word' id='word_1_988' title='bbox 3246 5543 3521 5614; x_wconf 87' lang='grc' dir='ltr'>ἐπιμελῶς</span> <span class='ocrx_word' id='word_1_989' title='bbox 3555 5543 3649 5596; x_wconf 74' lang='grc' dir='ltr'>ἐπὶ</span> <span class='ocrx_word' id='word_1_990' title='bbox 3699 5546 3768 5598; x_wconf 58' lang='grc' dir='ltr'>τε</span> 
     </span>
    </p>
   </div>
   <div class='ocr_carea' id='block_1_128' title="bbox 2100 5630 3737 5704">
    <p class='ocr_par' dir='ltr' id='par_1_128' title="bbox 2100 5630 3737 5704">
     <span class='ocr_line' id='line_1_128' title="bbox 2100 5630 3737 5704; baseline -0.001 -19"><span class='ocrx_word' id='word_1_991' title='bbox 2100 5631 2311 5703; x_wconf 77' lang='grc' dir='ltr'>πονηρὰ</span> <span class='ocrx_word' id='word_1_992' title='bbox 2339 5631 2406 5683; x_wconf 87' lang='grc' dir='ltr'>ἐκ</span> <span class='ocrx_word' id='word_1_993' title='bbox 2432 5630 2684 5701; x_wconf 88' lang='grc' dir='ltr'>νεότητος</span> <span class='ocrx_word' id='word_1_994' title='bbox 2706 5648 2720 5664; x_wconf 75' lang='grc' dir='ltr'><strong><em>ο</em></strong></span> <span class='ocrx_word' id='word_1_995' title='bbox 2754 5632 2834 5686; x_wconf 91' lang='grc' dir='ltr'>διό</span> <span class='ocrx_word' id='word_1_996' title='bbox 2873 5649 3040 5704; x_wconf 84' lang='grc' dir='ltr'>φησιν</span> <span class='ocrx_word' id='word_1_997' title='bbox 3083 5634 3112 5685; x_wconf 91' lang='lat'>6</span> <span class='ocrx_word' id='word_1_998' title='bbox 3157 5632 3320 5696; x_wconf 69' lang='grc' dir='ltr'>Θεὸς,</span> <span class='ocrx_word' id='word_1_999' title='bbox 3355 5633 3437 5685; x_wconf 83' lang='grc' dir='ltr'>Οὐ</span> <span class='ocrx_word' id='word_1_1000' title='bbox 3467 5631 3553 5702; x_wconf 82' lang='grc' dir='ltr'>μὴ</span> <span class='ocrx_word' id='word_1_1001' title='bbox 3583 5647 3737 5685; x_wconf 84' lang='grc' dir='ltr'>κατα</span> 
     </span>
    </p>
   </div>
   <div class='ocr_carea' id='block_1_129' title="bbox 2093 5717 3769 5790">
    <p class='ocr_par' dir='ltr' id='par_1_129' title="bbox 2093 5717 3769 5790">
     <span class='ocr_line' id='line_1_129' title="bbox 2093 5717 3769 5790; baseline -0.001 -16"><span class='ocrx_word' id='word_1_1002' title='bbox 2093 5721 2272 5790; x_wconf 77' lang='grc' dir='ltr'>μείνῃ</span> <span class='ocrx_word' id='word_1_1003' title='bbox 2302 5717 2371 5770; x_wconf 84' lang='grc' dir='ltr'>τὸ</span> <span class='ocrx_word' id='word_1_1004' title='bbox 2408 5717 2651 5788; x_wconf 72' lang='grc' dir='ltr'>Πνεῦμα</span> <span class='ocrx_word' id='word_1_1005' title='bbox 2677 5738 2797 5788; x_wconf 83' lang='grc' dir='ltr'>μου</span> <span class='ocrx_word' id='word_1_1006' title='bbox 2846 5719 2916 5773; x_wconf 80' lang='grc' dir='ltr'>ἐν</span> <span class='ocrx_word' id='word_1_1007' title='bbox 2964 5718 3090 5784; x_wconf 81' lang='grc' dir='ltr'>τοῖς</span> <span class='ocrx_word' id='word_1_1008' title='bbox 3139 5719 3474 5787; x_wconf 77' lang='grc' dir='ltr'>ἀνθρώποις</span> <span class='ocrx_word' id='word_1_1009' title='bbox 3508 5719 3769 5786; x_wconf 78' lang='grc' dir='ltr'>τούτοις,</span> 
     </span>
    </p>
   </div>
   <div class='ocr_carea' id='block_1_130' title="bbox 2163 5820 3426 5889">
    <p class='ocr_par' dir='ltr' id='par_1_130' title="bbox 2163 5820 3426 5889">
     <span class='ocr_line' id='line_1_130' title="bbox 2163 5820 3426 5889; baseline -0.001 -19"><span class='ocrx_word' id='word_1_1010' title='bbox 2163 5824 2185 5889; x_wconf 57' lang='lat' dir='ltr'><strong>ﬁ</strong></span> <span class='ocrx_word' id='word_1_1011' title='bbox 2218 5821 2303 5889; x_wconf 59' lang='grc' dir='ltr'>δίς</span> <span class='ocrx_word' id='word_1_1012' title='bbox 2330 5820 2487 5889; x_wconf 24' lang='grc' dir='ltr'>ξανοὶρι.</span> <span class='ocrx_word' id='word_1_1013' title='bbox 2513 5827 2564 5869; x_wconf 75' lang='lat' dir='ltr'>et.</span> <span class='ocrx_word' id='word_1_1014' title='bbox 2587 5830 2778 5884; x_wconf 68' lang='lat' dir='ltr'>septem</span> <span class='ocrx_word' id='word_1_1015' title='bbox 2803 5836 2917 5889; x_wconf 62' lang='lat' dir='ltr'>mgs.</span> <span class='ocrx_word' id='word_1_1016' title='bbox 2942 5821 3006 5889; x_wconf 76' lang='lat' dir='ltr'>_A_l</span> <span class='ocrx_word' id='word_1_1017' title='bbox 3033 5821 3203 5889; x_wconf 72' lang='lat' dir='ltr'>M9re_l.</span> <span class='ocrx_word' id='word_1_1018' title='bbox 3231 5822 3426 5889; x_wconf 74' lang='grc' dir='ltr'>ἐκφύγῃ.</span> 
     </span>
    </p>
   </div>
   <div class='ocr_carea' id='block_1_131' title="bbox 2161 5881 3505 5947">
    <p class='ocr_par' dir='ltr' id='par_1_131' title="bbox 2161 5881 3505 5947">
     <span class='ocr_line' id='line_1_131' title="bbox 2161 5881 3505 5947; baseline 0 -17"><span class='ocrx_word' id='word_1_1019' title='bbox 2161 5883 2189 5923; x_wconf 83' lang='grc' dir='ltr'>ιι</span> <span class='ocrx_word' id='word_1_1020' title='bbox 2215 5885 2292 5932; x_wconf 67' lang='lat' dir='ltr'>Sic</span> <span class='ocrx_word' id='word_1_1021' title='bbox 2327 5881 2475 5932; x_wconf 69' lang='lat' dir='ltr'>Savil.</span> <span class='ocrx_word' id='word_1_1022' title='bbox 2512 5891 2566 5932; x_wconf 74' lang='lat' dir='ltr'><strong>et</strong></span> <span class='ocrx_word' id='word_1_1023' title='bbox 2586 5881 2670 5931; x_wconf 59' lang='lat' dir='ltr'>svi</span> <span class='ocrx_word' id='word_1_1024' title='bbox 2708 5898 2822 5931; x_wconf 77' lang='lat' dir='ltr'>mss.</span> <span class='ocrx_word' id='word_1_1025' title='bbox 2863 5883 2914 5932; x_wconf 86' lang='lat' dir='ltr'>In</span> <span class='ocrx_word' id='word_1_1026' title='bbox 2946 5881 3116 5934; x_wconf 74' lang='lat' dir='ltr'>Morel.</span> <span class='ocrx_word' id='word_1_1027' title='bbox 3143 5881 3322 5947; x_wconf 77' lang='grc' dir='ltr'>βραχέα</span> <span class='ocrx_word' id='word_1_1028' title='bbox 3343 5881 3505 5931; x_wconf 67' lang='grc' dir='ltr'>όρρςι.</span> 
     </span>
    </p>
   </div>
  </div>
