  <div class='ocr_page' id='page_1' title='image "/cluster/home/n/w/nwhite01/storage/ocr_20150623/53/ien.35556001660802/220.png"; bbox 0 0 4070 6390; ppageno 0'>
   <div class='ocr_carea' id='block_1_1' title="bbox 303 350 413 405">
    <p class='ocr_par' dir='ltr' id='par_1_1' title="bbox 303 350 413 405">
     <span class='ocr_line' id='line_1_1' title="bbox 303 350 413 405; baseline 0.009 -1"><span class='ocrx_word' id='word_1_1' title='bbox 303 350 413 405; x_wconf 63' lang='lat' dir='ltr'><strong>Si?</strong></span> 
     </span>
    </p>
   </div>
   <div class='ocr_carea' id='block_1_2' title="bbox 299 447 1902 525">
    <p class='ocr_par' dir='ltr' id='par_1_2' title="bbox 299 447 1902 525">
     <span class='ocr_line' id='line_1_2' title="bbox 299 447 1902 525; baseline -0.016 -4"><span class='ocrx_word' id='word_1_2' title='bbox 299 474 499 522; x_wconf 86' lang='lat' dir='ltr'><strong>nerant</strong></span> <span class='ocrx_word' id='word_1_3' title='bbox 527 485 539 520; x_wconf 91' lang='lat'>:</span> <span class='ocrx_word' id='word_1_4' title='bbox 571 478 754 521; x_wconf 76' lang='lat' dir='ltr'><strong>verum</strong></span> <span class='ocrx_word' id='word_1_5' title='bbox 779 460 952 518; x_wconf 82' lang='lat' dir='ltr'><strong>adhuc</strong></span> <span class='ocrx_word' id='word_1_6' title='bbox 973 457 1119 513; x_wconf 89' lang='lat' dir='ltr'><strong>humi</strong></span> <span class='ocrx_word' id='word_1_7' title='bbox 1144 461 1416 525; x_wconf 86' lang='lat' dir='ltr'><strong>reptantes</strong></span> <span class='ocrx_word' id='word_1_8' title='bbox 1441 447 1776 518; x_wconf 65' lang='lat' dir='ltr'><strong>praeferimus</strong></span> <span class='ocrx_word' id='word_1_9' title='bbox 1791 453 1902 497; x_wconf 90' lang='lat' dir='ltr'><strong>ter-</strong></span> 
     </span>
    </p>
   </div>
   <div class='ocr_carea' id='block_1_3' title="bbox 299 534 1905 622">
    <p class='ocr_par' dir='ltr' id='par_1_3' title="bbox 299 534 1905 622">
     <span class='ocr_line' id='line_1_3' title="bbox 299 534 1905 622; baseline -0.016 -10"><span class='ocrx_word' id='word_1_10' title='bbox 299 573 431 612; x_wconf 77' lang='lat' dir='ltr'><strong>retia</strong></span> <span class='ocrx_word' id='word_1_11' title='bbox 453 557 784 620; x_wconf 67' lang='lat' dir='ltr'><strong>eazleslibus,</strong></span> <span class='ocrx_word' id='word_1_12' title='bbox 807 548 1091 622; x_wconf 68' lang='lat' dir='ltr'><strong>prmsentia</strong></span> <span class='ocrx_word' id='word_1_13' title='bbox 1125 546 1356 601; x_wconf 90' lang='lat' dir='ltr'><strong>futuris:</strong></span> <span class='ocrx_word' id='word_1_14' title='bbox 1393 552 1446 597; x_wconf 87' lang='lat' dir='ltr'><strong>et</strong></span> <span class='ocrx_word' id='word_1_15' title='bbox 1483 555 1545 595; x_wconf 88' lang='lat' dir='ltr'><strong>ea</strong></span> <span class='ocrx_word' id='word_1_16' title='bbox 1600 553 1721 608; x_wconf 85' lang='lat' dir='ltr'><strong>quae</strong></span> <span class='ocrx_word' id='word_1_17' title='bbox 1757 534 1905 605; x_wconf 88' lang='lat' dir='ltr'><strong>prius</strong></span> 
     </span>
    </p>
   </div>
   <div class='ocr_carea' id='block_1_4' title="bbox 296 628 1904 718">
    <p class='ocr_par' dir='ltr' id='par_1_4' title="bbox 296 628 1904 718">
     <span class='ocr_line' id='line_1_4' title="bbox 296 628 1904 718; baseline -0.016 -15"><span class='ocrx_word' id='word_1_18' title='bbox 296 651 544 716; x_wconf 90' lang='lat' dir='ltr'><strong>avolant,</strong></span> <span class='ocrx_word' id='word_1_19' title='bbox 579 662 739 718; x_wconf 90' lang='lat' dir='ltr'><strong>quam</strong></span> <span class='ocrx_word' id='word_1_20' title='bbox 769 650 1100 715; x_wconf 90' lang='lat' dir='ltr'><strong>spectentur,</strong></span> <span class='ocrx_word' id='word_1_21' title='bbox 1133 639 1199 694; x_wconf 91' lang='lat' dir='ltr'><strong>iis</strong></span> <span class='ocrx_word' id='word_1_22' title='bbox 1250 653 1371 708; x_wconf 73' lang='lat' dir='ltr'><strong>qua:</strong></span> <span class='ocrx_word' id='word_1_23' title='bbox 1411 631 1663 689; x_wconf 89' lang='lat' dir='ltr'><strong>omnibus</strong></span> <span class='ocrx_word' id='word_1_24' title='bbox 1709 628 1904 682; x_wconf 92' lang='lat' dir='ltr'><strong>durant</strong></span> 
     </span>
    </p>
   </div>
   <div class='ocr_carea' id='block_1_5' title="bbox 294 731 1902 808">
    <p class='ocr_par' dir='ltr' id='par_1_5' title="bbox 294 731 1902 808">
     <span class='ocr_line' id='line_1_5' title="bbox 294 731 1902 808; baseline -0.014 -15"><span class='ocrx_word' id='word_1_25' title='bbox 294 742 514 794; x_wconf 34' lang='lat' dir='ltr'><strong>sareulis</strong></span> <span class='ocrx_word' id='word_1_26' title='bbox 541 757 554 792; x_wconf 89' lang='lat'><strong>:</strong></span> <span class='ocrx_word' id='word_1_27' title='bbox 586 747 641 796; x_wconf 92' lang='lat' dir='ltr'><strong>et</strong></span> <span class='ocrx_word' id='word_1_28' title='bbox 670 747 1070 808; x_wconf 89' lang='lat' dir='ltr'><strong>temporaneam</strong></span> <span class='ocrx_word' id='word_1_29' title='bbox 1104 733 1426 799; x_wconf 85' lang='lat' dir='ltr'><strong>voluptatem</strong></span> <span class='ocrx_word' id='word_1_30' title='bbox 1476 731 1750 796; x_wconf 68' lang='lat' dir='ltr'><strong>perpetum</strong></span> <span class='ocrx_word' id='word_1_31' title='bbox 1806 732 1902 772; x_wconf 86' lang='lat' dir='ltr'><strong>vo-</strong></span> 
     </span>
    </p>
   </div>
   <div class='ocr_carea' id='block_1_6' title="bbox 294 812 1900 900">
    <p class='ocr_par' dir='ltr' id='par_1_6' title="bbox 294 812 1900 900">
     <span class='ocr_line' id='line_1_6' title="bbox 294 812 1900 900; baseline -0.018 -10"><span class='ocrx_word' id='word_1_32' title='bbox 294 831 489 900; x_wconf 79' lang='lat' dir='ltr'><strong>luptati</strong></span> <span class='ocrx_word' id='word_1_33' title='bbox 539 848 551 878; x_wconf 81' lang='grc' dir='ltr'><strong><em>τ</em></strong></span> <span class='ocrx_word' id='word_1_34' title='bbox 616 831 836 884; x_wconf 84' lang='lat' dir='ltr'><strong>brevem</strong></span> <span class='ocrx_word' id='word_1_35' title='bbox 895 827 1033 880; x_wconf 89' lang='lat' dir='ltr'><strong>hanc</strong></span> <span class='ocrx_word' id='word_1_36' title='bbox 1084 821 1364 893; x_wconf 70' lang='lat' dir='ltr'><strong>praesentis</strong></span> <span class='ocrx_word' id='word_1_37' title='bbox 1415 819 1539 872; x_wconf 80' lang='lat' dir='ltr'><strong>vitae</strong></span> <span class='ocrx_word' id='word_1_38' title='bbox 1586 812 1900 870; x_wconf 90' lang='lat' dir='ltr'><strong>felicitatem</strong></span> 
     </span>
    </p>
   </div>
   <div class='ocr_carea' id='block_1_7' title="bbox 292 908 1904 989">
    <p class='ocr_par' dir='ltr' id='par_1_7' title="bbox 292 908 1904 989">
     <span class='ocr_line' id='line_1_7' title="bbox 292 908 1904 989; baseline -0.012 -13"><span class='ocrx_word' id='word_1_39' title='bbox 292 923 521 977; x_wconf 66' lang='lat' dir='ltr'><strong>mtcrnis</strong></span> <span class='ocrx_word' id='word_1_40' title='bbox 547 922 670 989; x_wconf 91' lang='lat' dir='ltr'><strong>illis,</strong></span> <span class='ocrx_word' id='word_1_41' title='bbox 704 931 758 977; x_wconf 91' lang='lat' dir='ltr'><strong>et</strong></span> <span class='ocrx_word' id='word_1_42' title='bbox 785 919 891 976; x_wconf 85' lang='lat' dir='ltr'><strong>flne</strong></span> <span class='ocrx_word' id='word_1_43' title='bbox 928 915 1235 974; x_wconf 89' lang='lat' dir='ltr'><strong>carentibus</strong></span> <span class='ocrx_word' id='word_1_44' title='bbox 1289 911 1523 967; x_wconf 70' lang='lat' dir='ltr'><strong>smeulis.</strong></span> <span class='ocrx_word' id='word_1_45' title='bbox 1569 908 1696 963; x_wconf 91' lang='lat' dir='ltr'><strong>Scio</strong></span> <span class='ocrx_word' id='word_1_46' title='bbox 1741 917 1904 958; x_wconf 80' lang='lat' dir='ltr'><strong>aures</strong></span> 
     </span>
    </p>
   </div>
   <div class='ocr_carea' id='block_1_8' title="bbox 293 996 1902 1075">
    <p class='ocr_par' dir='ltr' id='par_1_8' title="bbox 293 996 1902 1075">
     <span class='ocr_line' id='line_1_8' title="bbox 293 996 1902 1075; baseline -0.012 -8"><span class='ocrx_word' id='word_1_47' title='bbox 293 1024 508 1069; x_wconf 86' lang='lat' dir='ltr'><strong>vestras</strong></span> <span class='ocrx_word' id='word_1_48' title='bbox 542 1015 624 1068; x_wconf 87' lang='lat' dir='ltr'><strong>his</strong></span> <span class='ocrx_word' id='word_1_49' title='bbox 675 1014 855 1075; x_wconf 79' lang='lat' dir='ltr'><strong>verbis</strong></span> <span class='ocrx_word' id='word_1_50' title='bbox 906 1009 1169 1073; x_wconf 82' lang='lat' dir='ltr'><strong>vellicari,</strong></span> <span class='ocrx_word' id='word_1_51' title='bbox 1226 1006 1320 1062; x_wconf 85' lang='lat' dir='ltr'><strong>sed</strong></span> <span class='ocrx_word' id='word_1_52' title='bbox 1366 1002 1645 1074; x_wconf 83' lang='lat' dir='ltr'><strong>ignoscite.</strong></span> <span class='ocrx_word' id='word_1_53' title='bbox 1693 996 1902 1053; x_wconf 81' lang='lat' dir='ltr'><strong>Avidus</strong></span> 
     </span>
    </p>
   </div>
   <div class='ocr_carea' id='block_1_9' title="bbox 296 1089 1902 1178">
    <p class='ocr_par' dir='ltr' id='par_1_9' title="bbox 296 1089 1902 1178">
     <span class='ocr_line' id='line_1_9' title="bbox 296 1089 1902 1178; baseline -0.011 -18"><span class='ocrx_word' id='word_1_54' title='bbox 296 1117 493 1162; x_wconf 73' lang='lat' dir='ltr'><strong>vestra:</strong></span> <span class='ocrx_word' id='word_1_55' title='bbox 513 1108 702 1163; x_wconf 87' lang='lat' dir='ltr'><strong>salutis</strong></span> <span class='ocrx_word' id='word_1_56' title='bbox 727 1107 842 1178; x_wconf 66' lang='lat' dir='ltr'><strong>haec</strong></span> <span class='ocrx_word' id='word_1_57' title='bbox 868 1103 1083 1173; x_wconf 85' lang='lat' dir='ltr'><strong>loquor,</strong></span> <span class='ocrx_word' id='word_1_58' title='bbox 1125 1099 1331 1155; x_wconf 86' lang='lat' dir='ltr'><strong>malens</strong></span> <span class='ocrx_word' id='word_1_59' title='bbox 1357 1113 1452 1151; x_wconf 88' lang='lat' dir='ltr'><strong>vos</strong></span> <span class='ocrx_word' id='word_1_60' title='bbox 1478 1096 1563 1149; x_wconf 88' lang='lat' dir='ltr'><strong>hic</strong></span> <span class='ocrx_word' id='word_1_61' title='bbox 1588 1089 1902 1161; x_wconf 87' lang='lat' dir='ltr'><strong>aliquantis-</strong></span> 
     </span>
    </p>
   </div>
   <div class='ocr_carea' id='block_1_10' title="bbox 294 1192 1896 1272">
    <p class='ocr_par' dir='ltr' id='par_1_10' title="bbox 294 1192 1896 1272">
     <span class='ocr_line' id='line_1_10' title="bbox 294 1192 1896 1272; baseline -0.014 -15"><span class='ocrx_word' id='word_1_62' title='bbox 294 1217 392 1272; x_wconf 90' lang='lat' dir='ltr'><strong>per</strong></span> <span class='ocrx_word' id='word_1_63' title='bbox 422 1202 721 1256; x_wconf 89' lang='lat' dir='ltr'><strong>lanciuatos</strong></span> <span class='ocrx_word' id='word_1_64' title='bbox 751 1207 1010 1254; x_wconf 72' lang='lat' dir='ltr'><strong>mteruam</strong></span> <span class='ocrx_word' id='word_1_65' title='bbox 1037 1208 1249 1266; x_wconf 64' lang='lat' dir='ltr'><strong>poenam</strong></span> <span class='ocrx_word' id='word_1_66' title='bbox 1281 1192 1538 1260; x_wconf 79' lang='lat' dir='ltr'><strong>effugere,</strong></span> <span class='ocrx_word' id='word_1_67' title='bbox 1565 1199 1724 1256; x_wconf 86' lang='lat' dir='ltr'><strong>quam</strong></span> <span class='ocrx_word' id='word_1_68' title='bbox 1773 1196 1896 1237; x_wconf 91' lang='lat' dir='ltr'><strong>cum</strong></span> 
     </span>
    </p>
   </div>
   <div class='ocr_carea' id='block_1_11' title="bbox 293 1272 1898 1363">
    <p class='ocr_par' dir='ltr' id='par_1_11' title="bbox 293 1272 1898 1363">
     <span class='ocr_line' id='line_1_11' title="bbox 293 1272 1898 1363; baseline -0.014 -14"><span class='ocrx_word' id='word_1_69' title='bbox 293 1308 461 1363; x_wconf 74' lang='lat' dir='ltr'><strong>parva</strong></span> <span class='ocrx_word' id='word_1_70' title='bbox 489 1291 874 1348; x_wconf 89' lang='lat' dir='ltr'><strong>refocillatione</strong></span> <span class='ocrx_word' id='word_1_71' title='bbox 903 1297 1217 1358; x_wconf 86' lang='lat' dir='ltr'><strong>perpetuam</strong></span> <span class='ocrx_word' id='word_1_72' title='bbox 1239 1283 1379 1338; x_wconf 87' lang='lat' dir='ltr'><strong>ferre</strong></span> <span class='ocrx_word' id='word_1_73' title='bbox 1404 1294 1639 1351; x_wconf 69' lang='lat' dir='ltr'><strong>pinnam.</strong></span> <span class='ocrx_word' id='word_1_74' title='bbox 1667 1275 1800 1331; x_wconf 83' lang='lat' dir='ltr'><strong>Nam</strong></span> <span class='ocrx_word' id='word_1_75' title='bbox 1852 1272 1898 1326; x_wconf 93' lang='lat' dir='ltr'><strong>si</strong></span> 
     </span>
    </p>
   </div>
   <div class='ocr_carea' id='block_1_12' title="bbox 290 1379 1898 1450">
    <p class='ocr_par' dir='ltr' id='par_1_12' title="bbox 290 1379 1898 1450">
     <span class='ocr_line' id='line_1_12' title="bbox 290 1379 1898 1450; baseline -0.014 -10"><span class='ocrx_word' id='word_1_76' title='bbox 290 1399 483 1440; x_wconf 81' lang='lat' dir='ltr'><strong>sermo</strong></span> <span class='ocrx_word' id='word_1_77' title='bbox 511 1398 663 1439; x_wconf 88' lang='lat' dir='ltr'><strong>meus</strong></span> <span class='ocrx_word' id='word_1_78' title='bbox 684 1383 735 1437; x_wconf 91' lang='lat' dir='ltr'><strong>in</strong></span> <span class='ocrx_word' id='word_1_79' title='bbox 762 1381 915 1437; x_wconf 85' lang='lat' dir='ltr'><strong>vobis</strong></span> <span class='ocrx_word' id='word_1_80' title='bbox 942 1379 1154 1450; x_wconf 83' lang='lat' dir='ltr'><strong>prolicit</strong></span> <span class='ocrx_word' id='word_1_81' title='bbox 1175 1419 1189 1445; x_wconf 92' lang='lat'><strong>,</strong></span> <span class='ocrx_word' id='word_1_82' title='bbox 1237 1380 1668 1446; x_wconf 75' lang='lat' dir='ltr'><strong>prteconceptum</strong></span> <span class='ocrx_word' id='word_1_83' title='bbox 1698 1379 1898 1421; x_wconf 81' lang='lat' dir='ltr'><strong>Iner-</strong></span> 
     </span>
    </p>
   </div>
   <div class='ocr_carea' id='block_1_13' title="bbox 289 1461 1898 1546">
    <p class='ocr_par' dir='ltr' id='par_1_13' title="bbox 289 1461 1898 1546">
     <span class='ocr_line' id='line_1_13' title="bbox 289 1461 1898 1546; baseline -0.013 -14"><span class='ocrx_word' id='word_1_84' title='bbox 289 1492 408 1532; x_wconf 82' lang='lat' dir='ltr'><strong>rem</strong></span> <span class='ocrx_word' id='word_1_85' title='bbox 429 1475 717 1546; x_wconf 86' lang='lat' dir='ltr'><strong>repelletis,</strong></span> <span class='ocrx_word' id='word_1_86' title='bbox 733 1484 788 1528; x_wconf 76' lang='lat' dir='ltr'><strong>et</strong></span> <span class='ocrx_word' id='word_1_87' title='bbox 806 1488 943 1527; x_wconf 90' lang='lat' dir='ltr'><strong>nunc</strong></span> <span class='ocrx_word' id='word_1_88' title='bbox 958 1471 1187 1527; x_wconf 83' lang='lat' dir='ltr'><strong>maxime</strong></span> <span class='ocrx_word' id='word_1_89' title='bbox 1203 1469 1330 1524; x_wconf 89' lang='lat' dir='ltr'><strong>dum</strong></span> <span class='ocrx_word' id='word_1_90' title='bbox 1345 1465 1519 1521; x_wconf 87' lang='lat' dir='ltr'><strong>adhuc.</strong></span> <span class='ocrx_word' id='word_1_91' title='bbox 1536 1470 1738 1518; x_wconf 71' lang='lat' dir='ltr'><strong>sanctm</strong></span> <span class='ocrx_word' id='word_1_92' title='bbox 1755 1461 1898 1526; x_wconf 88' lang='lat' dir='ltr'><strong>Qua-</strong></span> 
     </span>
    </p>
   </div>
   <div class='ocr_carea' id='block_1_14' title="bbox 289 1552 1893 1639">
    <p class='ocr_par' dir='ltr' id='par_1_14' title="bbox 289 1552 1893 1639">
     <span class='ocr_line' id='line_1_14' title="bbox 289 1552 1893 1639; baseline -0.012 -17"><span class='ocrx_word' id='word_1_93' title='bbox 289 1568 611 1639; x_wconf 72' lang='lat' dir='ltr'><strong>dragesimzn</strong></span> <span class='ocrx_word' id='word_1_94' title='bbox 645 1578 858 1639; x_wconf 86' lang='lat' dir='ltr'><strong>tempus</strong></span> <span class='ocrx_word' id='word_1_95' title='bbox 883 1565 1038 1619; x_wconf 83' lang='lat' dir='ltr'><strong>vobis</strong></span> <span class='ocrx_word' id='word_1_96' title='bbox 1063 1563 1328 1631; x_wconf 90' lang='lat' dir='ltr'><strong>reliquum</strong></span> <span class='ocrx_word' id='word_1_97' title='bbox 1377 1567 1462 1614; x_wconf 87' lang='lat' dir='ltr'><strong>est</strong></span> <span class='ocrx_word' id='word_1_98' title='bbox 1498 1556 1749 1628; x_wconf 89' lang='lat' dir='ltr'><strong>pusillum</strong></span> <span class='ocrx_word' id='word_1_99' title='bbox 1779 1552 1857 1624; x_wconf 88' lang='lat' dir='ltr'><strong>(a)</strong></span> <span class='ocrx_word' id='word_1_100' title='bbox 1878 1592 1893 1617; x_wconf 94' lang='lat'><strong>,</strong></span> 
     </span>
    </p>
   </div>
   <div class='ocr_carea' id='block_1_15' title="bbox 287 1646 1893 1729">
    <p class='ocr_par' dir='ltr' id='par_1_15' title="bbox 287 1646 1893 1729">
     <span class='ocr_line' id='line_1_15' title="bbox 287 1646 1893 1729; baseline -0.011 -14"><span class='ocrx_word' id='word_1_101' title='bbox 287 1660 538 1729; x_wconf 88' lang='lat' dir='ltr'><strong>poteritis</strong></span> <span class='ocrx_word' id='word_1_102' title='bbox 569 1669 782 1728; x_wconf 88' lang='lat' dir='ltr'><strong>peccata</strong></span> <span class='ocrx_word' id='word_1_103' title='bbox 807 1657 1145 1727; x_wconf 83' lang='lat' dir='ltr'><strong>abstergere,</strong></span> <span class='ocrx_word' id='word_1_104' title='bbox 1187 1667 1540 1724; x_wconf 89' lang='lat' dir='ltr'><strong>magnamque</strong></span> <span class='ocrx_word' id='word_1_105' title='bbox 1565 1665 1592 1703; x_wconf 89' lang='lat' dir='ltr'><strong>a</strong></span> <span class='ocrx_word' id='word_1_106' title='bbox 1621 1649 1733 1703; x_wconf 89' lang='lat' dir='ltr'><strong>Deo</strong></span> <span class='ocrx_word' id='word_1_107' title='bbox 1787 1646 1893 1700; x_wconf 85' lang='lat' dir='ltr'><strong>elc—</strong></span> 
     </span>
    </p>
   </div>
   <div class='ocr_carea' id='block_1_16' title="bbox 287 1738 1895 1805">
    <p class='ocr_par' dir='ltr' id='par_1_16' title="bbox 287 1738 1895 1805">
     <span class='ocr_line' id='line_1_16' title="bbox 287 1738 1895 1805; baseline -0.008 0"><span class='ocrx_word' id='word_1_108' title='bbox 287 1753 544 1805; x_wconf 85' lang='lat' dir='ltr'><strong>mentiam</strong></span> <span class='ocrx_word' id='word_1_109' title='bbox 585 1750 738 1805; x_wconf 84' lang='lat' dir='ltr'><strong>vobis</strong></span> <span class='ocrx_word' id='word_1_110' title='bbox 781 1748 1087 1804; x_wconf 89' lang='lat' dir='ltr'><strong>conciliare.</strong></span> <span class='ocrx_word' id='word_1_111' title='bbox 1127 1747 1241 1800; x_wconf 84' lang='lat' dir='ltr'><strong>Non</strong></span> <span class='ocrx_word' id='word_1_112' title='bbox 1279 1745 1421 1800; x_wconf 82' lang='lat' dir='ltr'><strong>enim</strong></span> <span class='ocrx_word' id='word_1_113' title='bbox 1471 1742 1654 1797; x_wconf 89' lang='lat' dir='ltr'><strong>multis</strong></span> <span class='ocrx_word' id='word_1_114' title='bbox 1702 1738 1895 1793; x_wconf 88' lang='lat' dir='ltr'><strong>diebus</strong></span> 
     </span>
    </p>
   </div>
   <div class='ocr_carea' id='block_1_17' title="bbox 285 1828 1894 1912">
    <p class='ocr_par' dir='ltr' id='par_1_17' title="bbox 285 1828 1894 1912">
     <span class='ocr_line' id='line_1_17' title="bbox 285 1828 1894 1912; baseline -0.009 -18"><span class='ocrx_word' id='word_1_115' title='bbox 285 1857 424 1912; x_wconf 88' lang='lat' dir='ltr'><strong>opus</strong></span> <span class='ocrx_word' id='word_1_116' title='bbox 450 1841 609 1895; x_wconf 87' lang='lat' dir='ltr'><strong>habet</strong></span> <span class='ocrx_word' id='word_1_117' title='bbox 639 1839 918 1906; x_wconf 86' lang='lat' dir='ltr'><strong>Dominus,</strong></span> <span class='ocrx_word' id='word_1_118' title='bbox 947 1853 1120 1907; x_wconf 89' lang='lat' dir='ltr'><strong>neque</strong></span> <span class='ocrx_word' id='word_1_119' title='bbox 1154 1846 1399 1904; x_wconf 90' lang='lat' dir='ltr'><strong>tempore</strong></span> <span class='ocrx_word' id='word_1_120' title='bbox 1426 1853 1438 1886; x_wconf 94' lang='lat'><strong>:</strong></span> <span class='ocrx_word' id='word_1_121' title='bbox 1467 1832 1561 1887; x_wconf 90' lang='lat' dir='ltr'><strong>sed</strong></span> <span class='ocrx_word' id='word_1_122' title='bbox 1585 1832 1628 1884; x_wconf 86' lang='lat' dir='ltr'><strong>si</strong></span> <span class='ocrx_word' id='word_1_123' title='bbox 1653 1828 1894 1883; x_wconf 84' lang='lat' dir='ltr'><strong>volueri-</strong></span> 
     </span>
    </p>
   </div>
   <div class='ocr_carea' id='block_1_18' title="bbox 285 1925 1892 1998">
    <p class='ocr_par' dir='ltr' id='par_1_18' title="bbox 285 1925 1892 1998">
     <span class='ocr_line' id='line_1_18' title="bbox 285 1925 1892 1998; baseline -0.01 -10"><span class='ocrx_word' id='word_1_124' title='bbox 285 1949 428 1998; x_wconf 87' lang='lat' dir='ltr'><strong>mus,</strong></span> <span class='ocrx_word' id='word_1_125' title='bbox 454 1933 578 1987; x_wconf 90' lang='lat' dir='ltr'><strong>etin</strong></span> <span class='ocrx_word' id='word_1_126' title='bbox 603 1931 806 1986; x_wconf 89' lang='lat' dir='ltr'><strong>duabus</strong></span> <span class='ocrx_word' id='word_1_127' title='bbox 835 1931 982 1986; x_wconf 88' lang='lat' dir='ltr'><strong>hisce</strong></span> <span class='ocrx_word' id='word_1_128' title='bbox 1001 1927 1352 1984; x_wconf 87' lang='lat' dir='ltr'><strong>hebdomadis</strong></span> <span class='ocrx_word' id='word_1_129' title='bbox 1380 1925 1651 1994; x_wconf 77' lang='lat' dir='ltr'><strong>corrigere</strong></span> <span class='ocrx_word' id='word_1_130' title='bbox 1675 1931 1892 1992; x_wconf 86' lang='lat' dir='ltr'><strong>peccata</strong></span> 
     </span>
    </p>
   </div>
   <div class='ocr_carea' id='block_1_19' title="bbox 286 2017 1894 2094">
    <p class='ocr_par' dir='ltr' id='par_1_19' title="bbox 286 2017 1894 2094">
     <span class='ocr_line' id='line_1_19' title="bbox 286 2017 1894 2094; baseline -0.008 -14"><span class='ocrx_word' id='word_1_131' title='bbox 286 2038 470 2080; x_wconf 88' lang='lat' dir='ltr'><strong>nostra</strong></span> <span class='ocrx_word' id='word_1_132' title='bbox 493 2025 806 2094; x_wconf 89' lang='lat' dir='ltr'><strong>paterimus.</strong></span> <span class='ocrx_word' id='word_1_133' title='bbox 835 2023 966 2078; x_wconf 81' lang='lat' dir='ltr'><strong>Nam</strong></span> <span class='ocrx_word' id='word_1_134' title='bbox 990 2023 1032 2078; x_wconf 90' lang='lat' dir='ltr'><strong>si</strong></span> <span class='ocrx_word' id='word_1_135' title='bbox 1061 2019 1321 2076; x_wconf 86' lang='lat' dir='ltr'><strong>Ninivitas</strong></span> <span class='ocrx_word' id='word_1_136' title='bbox 1345 2019 1504 2074; x_wconf 91' lang='lat' dir='ltr'><strong>trium</strong></span> <span class='ocrx_word' id='word_1_137' title='bbox 1542 2017 1752 2071; x_wconf 88' lang='lat' dir='ltr'><strong>dierum</strong></span> <span class='ocrx_word' id='word_1_138' title='bbox 1781 2028 1894 2083; x_wconf 70' lang='lat' dir='ltr'><strong>pa:-</strong></span> 
     </span>
    </p>
   </div>
   <div class='ocr_carea' id='block_1_20' title="bbox 286 2105 1889 2187">
    <p class='ocr_par' dir='ltr' id='par_1_20' title="bbox 286 2105 1889 2187">
     <span class='ocr_line' id='line_1_20' title="bbox 286 2105 1889 2187; baseline -0.008 -17"><span class='ocrx_word' id='word_1_139' title='bbox 286 2117 572 2171; x_wconf 85' lang='lat' dir='ltr'><strong>nitentiam</strong></span> <span class='ocrx_word' id='word_1_140' title='bbox 601 2127 822 2187; x_wconf 75' lang='lat' dir='ltr'><strong>agentes</strong></span> <span class='ocrx_word' id='word_1_141' title='bbox 849 2122 990 2170; x_wconf 88' lang='lat' dir='ltr'><strong>tanta</strong></span> <span class='ocrx_word' id='word_1_142' title='bbox 1040 2112 1291 2182; x_wconf 89' lang='lat' dir='ltr'><strong>dignatus</strong></span> <span class='ocrx_word' id='word_1_143' title='bbox 1337 2119 1420 2164; x_wconf 88' lang='lat' dir='ltr'><strong>est</strong></span> <span class='ocrx_word' id='word_1_144' title='bbox 1470 2105 1838 2163; x_wconf 87' lang='lat' dir='ltr'><strong>misericordia</strong></span> <span class='ocrx_word' id='word_1_145' title='bbox 1873 2143 1889 2170; x_wconf 97' lang='lat'><strong>,</strong></span> 
     </span>
    </p>
   </div>
   <div class='ocr_carea' id='block_1_21' title="bbox 285 2198 1888 2279">
    <p class='ocr_par' dir='ltr' id='par_1_21' title="bbox 285 2198 1888 2279">
     <span class='ocr_line' id='line_1_21' title="bbox 285 2198 1888 2279; baseline -0.008 -16"><span class='ocrx_word' id='word_1_146' title='bbox 285 2209 456 2263; x_wconf 88' lang='lat' dir='ltr'><strong>multo</strong></span> <span class='ocrx_word' id='word_1_147' title='bbox 479 2209 650 2279; x_wconf 88' lang='lat' dir='ltr'><strong>magis</strong></span> <span class='ocrx_word' id='word_1_148' title='bbox 679 2222 776 2262; x_wconf 92' lang='lat' dir='ltr'><strong>nos</strong></span> <span class='ocrx_word' id='word_1_149' title='bbox 800 2222 904 2262; x_wconf 91' lang='lat' dir='ltr'><strong>non</strong></span> <span class='ocrx_word' id='word_1_150' title='bbox 937 2205 1230 2276; x_wconf 60' lang='lat' dir='ltr'><strong>destiieiet:</strong></span> <span class='ocrx_word' id='word_1_151' title='bbox 1257 2211 1460 2258; x_wconf 88' lang='lat' dir='ltr'><strong>tantum</strong></span> <span class='ocrx_word' id='word_1_152' title='bbox 1494 2201 1536 2255; x_wconf 89' lang='lat' dir='ltr'><strong>si</strong></span> <span class='ocrx_word' id='word_1_153' title='bbox 1565 2215 1693 2255; x_wconf 87' lang='lat' dir='ltr'><strong>vere</strong></span> <span class='ocrx_word' id='word_1_154' title='bbox 1716 2198 1888 2268; x_wconf 69' lang='lat' dir='ltr'><strong>paeni-</strong></span> 
     </span>
    </p>
   </div>
   <div class='ocr_carea' id='block_1_22' title="bbox 287 2292 1890 2368">
    <p class='ocr_par' dir='ltr' id='par_1_22' title="bbox 287 2292 1890 2368">
     <span class='ocr_line' id='line_1_22' title="bbox 287 2292 1890 2368; baseline -0.009 -12"><span class='ocrx_word' id='word_1_155' title='bbox 287 2312 520 2368; x_wconf 87' lang='lat' dir='ltr'><strong>teamus,</strong></span> <span class='ocrx_word' id='word_1_156' title='bbox 549 2310 605 2355; x_wconf 89' lang='lat' dir='ltr'><strong>et</strong></span> <span class='ocrx_word' id='word_1_157' title='bbox 621 2299 944 2355; x_wconf 88' lang='lat' dir='ltr'><strong>desistentes</strong></span> <span class='ocrx_word' id='word_1_158' title='bbox 970 2313 1000 2352; x_wconf 91' lang='lat' dir='ltr'><strong>a</strong></span> <span class='ocrx_word' id='word_1_159' title='bbox 1034 2305 1274 2366; x_wconf 85' lang='lat' dir='ltr'><strong>peccato.</strong></span> <span class='ocrx_word' id='word_1_160' title='bbox 1305 2297 1446 2348; x_wconf 88' lang='lat' dir='ltr'><strong>viam</strong></span> <span class='ocrx_word' id='word_1_161' title='bbox 1486 2308 1606 2364; x_wconf 72' lang='lat' dir='ltr'><strong>qua:</strong></span> <span class='ocrx_word' id='word_1_162' title='bbox 1633 2292 1698 2345; x_wconf 89' lang='lat' dir='ltr'><strong>ad</strong></span> <span class='ocrx_word' id='word_1_163' title='bbox 1720 2293 1890 2344; x_wconf 86' lang='lat' dir='ltr'><strong>virtu-</strong></span> 
     </span>
    </p>
   </div>
   <div class='ocr_carea' id='block_1_23' title="bbox 284 2385 1889 2464">
    <p class='ocr_par' dir='ltr' id='par_1_23' title="bbox 284 2385 1889 2464">
     <span class='ocr_line' id='line_1_23' title="bbox 284 2385 1889 2464; baseline -0.009 -13"><span class='ocrx_word' id='word_1_164' title='bbox 284 2405 394 2451; x_wconf 86' lang='lat' dir='ltr'><strong>tem</strong></span> <span class='ocrx_word' id='word_1_165' title='bbox 418 2395 567 2450; x_wconf 90' lang='lat' dir='ltr'><strong>ducit</strong></span> <span class='ocrx_word' id='word_1_166' title='bbox 594 2394 977 2464; x_wconf 85' lang='lat' dir='ltr'><strong>ingrediamur.</strong></span> <span class='ocrx_word' id='word_1_167' title='bbox 1010 2392 1303 2447; x_wconf 83' lang='lat' dir='ltr'><strong>Enimvero</strong></span> <span class='ocrx_word' id='word_1_168' title='bbox 1333 2389 1400 2443; x_wconf 87' lang='lat' dir='ltr'><strong>de</strong></span> <span class='ocrx_word' id='word_1_169' title='bbox 1442 2389 1565 2451; x_wconf 87' lang='lat' dir='ltr'><strong>illis,</strong></span> <span class='ocrx_word' id='word_1_170' title='bbox 1620 2385 1889 2440; x_wconf 87' lang='lat' dir='ltr'><strong>Ninivitas</strong></span> 
     </span>
    </p>
   </div>
   <div class='ocr_carea' id='block_1_24' title="bbox 283 2476 1893 2556">
    <p class='ocr_par' dir='ltr' id='par_1_24' title="bbox 283 2476 1893 2556">
     <span class='ocr_line' id='line_1_24' title="bbox 283 2476 1893 2556; baseline -0.007 -15"><span class='ocrx_word' id='word_1_171' title='bbox 283 2485 425 2551; x_wconf 79' lang='lat' dir='ltr'><strong>dico,</strong></span> <span class='ocrx_word' id='word_1_172' title='bbox 452 2485 731 2556; x_wconf 86' lang='lat' dir='ltr'><strong>Scriptura</strong></span> <span class='ocrx_word' id='word_1_173' title='bbox 761 2494 1001 2548; x_wconf 86' lang='lat' dir='ltr'><strong>testatur,</strong></span> <span class='ocrx_word' id='word_1_174' title='bbox 1021 2484 1207 2538; x_wconf 88' lang='lat' dir='ltr'><strong>dicens</strong></span> <span class='ocrx_word' id='word_1_175' title='bbox 1240 2500 1253 2537; x_wconf 89' lang='lat'><strong>:</strong></span> <span class='ocrx_word' id='word_1_176' title='bbox 1288 2481 1423 2549; x_wconf 82' lang='lat' dir='ltr'><strong>Quia</strong></span> <span class='ocrx_word' id='word_1_177' title='bbox 1437 2479 1561 2534; x_wconf 84' lang='lat' dir='ltr'><strong>vidit</strong></span> <span class='ocrx_word' id='word_1_178' title='bbox 1586 2478 1728 2533; x_wconf 96' lang='lat' dir='ltr'><strong>Deus</strong></span> <span class='ocrx_word' id='word_1_179' title='bbox 1757 2476 1893 2547; x_wconf 84' lang='lat' dir='ltr'><strong>quod</strong></span> 
     </span>
    </p>
   </div>
   <div class='ocr_carea' id='block_1_25' title="bbox 283 2570 1886 2649">
    <p class='ocr_par' dir='ltr' id='par_1_25' title="bbox 283 2570 1886 2649">
     <span class='ocr_line' id='line_1_25' title="bbox 283 2570 1886 2649; baseline -0.004 -18"><span class='ocrx_word' id='word_1_180' title='bbox 283 2579 516 2634; x_wconf 77' lang='lat' dir='ltr'><strong>discessit</strong></span> <span class='ocrx_word' id='word_1_181' title='bbox 542 2579 885 2648; x_wconf 81' lang='lat' dir='ltr'><strong>unusquisque</strong></span> <span class='ocrx_word' id='word_1_182' title='bbox 909 2594 941 2630; x_wconf 93' lang='lat' dir='ltr'><strong>a</strong></span> <span class='ocrx_word' id='word_1_183' title='bbox 971 2578 1051 2631; x_wconf 82' lang='lat' dir='ltr'><strong>uia</strong></span> <span class='ocrx_word' id='word_1_184' title='bbox 1076 2593 1170 2630; x_wconf 84' lang='lat' dir='ltr'><strong>sua</strong></span> <span class='ocrx_word' id='word_1_185' title='bbox 1191 2577 1329 2629; x_wconf 89' lang='lat' dir='ltr'><strong>mala</strong></span> <span class='ocrx_word' id='word_1_186' title='bbox 1363 2573 1510 2649; x_wconf 80' lang='lat' dir='ltr'><strong>(Jan.</strong></span> <span class='ocrx_word' id='word_1_187' title='bbox 1542 2574 1594 2627; x_wconf 78' lang='grc'><strong>5.</strong></span> <span class='ocrx_word' id='word_1_188' title='bbox 1629 2571 1752 2644; x_wconf 80' lang='grc'><strong>10).</strong></span> <span class='ocrx_word' id='word_1_189' title='bbox 1787 2570 1886 2640; x_wconf 88' lang='lat' dir='ltr'><strong>lgi-</strong></span> 
     </span>
    </p>
   </div>
   <div class='ocr_carea' id='block_1_26' title="bbox 285 2663 1887 2737">
    <p class='ocr_par' dir='ltr' id='par_1_26' title="bbox 285 2663 1887 2737">
     <span class='ocr_line' id='line_1_26' title="bbox 285 2663 1887 2737; baseline -0.006 -14"><span class='ocrx_word' id='word_1_190' title='bbox 285 2681 372 2723; x_wconf 87' lang='lat' dir='ltr'><strong>tur</strong></span> <span class='ocrx_word' id='word_1_191' title='bbox 397 2667 442 2722; x_wconf 89' lang='lat' dir='ltr'><strong>si</strong></span> <span class='ocrx_word' id='word_1_192' title='bbox 473 2669 686 2735; x_wconf 88' lang='lat' dir='ltr'><strong>viderit,</strong></span> <span class='ocrx_word' id='word_1_193' title='bbox 720 2667 861 2737; x_wconf 87' lang='lat' dir='ltr'><strong>quod</strong></span> <span class='ocrx_word' id='word_1_194' title='bbox 888 2677 944 2722; x_wconf 91' lang='lat' dir='ltr'><strong>et</strong></span> <span class='ocrx_word' id='word_1_195' title='bbox 972 2681 1070 2722; x_wconf 92' lang='lat' dir='ltr'><strong>nos</strong></span> <span class='ocrx_word' id='word_1_196' title='bbox 1093 2683 1236 2721; x_wconf 92' lang='lat' dir='ltr'><strong>nunc</strong></span> <span class='ocrx_word' id='word_1_197' title='bbox 1280 2665 1462 2720; x_wconf 90' lang='lat' dir='ltr'><strong>virtuti</strong></span> <span class='ocrx_word' id='word_1_198' title='bbox 1509 2663 1852 2732; x_wconf 82' lang='lat' dir='ltr'><strong>junxcrimus</strong></span> <span class='ocrx_word' id='word_1_199' title='bbox 1872 2701 1887 2726; x_wconf 95' lang='lat'><strong>,</strong></span> 
     </span>
    </p>
   </div>
   <div class='ocr_carea' id='block_1_27' title="bbox 282 2755 1887 2825">
    <p class='ocr_par' dir='ltr' id='par_1_27' title="bbox 282 2755 1887 2825">
     <span class='ocr_line' id='line_1_27' title="bbox 282 2755 1887 2825; baseline -0.004 -12"><span class='ocrx_word' id='word_1_200' title='bbox 282 2769 385 2813; x_wconf 90' lang='lat' dir='ltr'><strong>cta</strong></span> <span class='ocrx_word' id='word_1_201' title='bbox 421 2759 566 2813; x_wconf 91' lang='lat' dir='ltr'><strong>malo</strong></span> <span class='ocrx_word' id='word_1_202' title='bbox 592 2760 995 2825; x_wconf 84' lang='lat' dir='ltr'><strong>destiterimus,</strong></span> <span class='ocrx_word' id='word_1_203' title='bbox 1048 2757 1468 2825; x_wconf 85' lang='lat' dir='ltr'><strong>festinemusque</strong></span> <span class='ocrx_word' id='word_1_204' title='bbox 1512 2755 1578 2809; x_wconf 90' lang='lat' dir='ltr'><strong>ad</strong></span> <span class='ocrx_word' id='word_1_205' title='bbox 1625 2755 1887 2809; x_wconf 88' lang='lat' dir='ltr'><strong>bonorum</strong></span> 
     </span>
    </p>
   </div>
   <div class='ocr_carea' id='block_1_28' title="bbox 283 2847 1890 2921">
    <p class='ocr_par' dir='ltr' id='par_1_28' title="bbox 283 2847 1890 2921">
     <span class='ocr_line' id='line_1_28' title="bbox 283 2847 1890 2921; baseline -0.001 -19"><span class='ocrx_word' id='word_1_206' title='bbox 283 2851 682 2920; x_wconf 85' lang='lat' dir='ltr'><strong>operationem,</strong></span> <span class='ocrx_word' id='word_1_207' title='bbox 713 2850 1034 2921; x_wconf 87' lang='lat' dir='ltr'><strong>approbabit</strong></span> <span class='ocrx_word' id='word_1_208' title='bbox 1077 2859 1315 2904; x_wconf 90' lang='lat' dir='ltr'><strong>nostram</strong></span> <span class='ocrx_word' id='word_1_209' title='bbox 1347 2847 1780 2910; x_wconf 82' lang='lat' dir='ltr'><strong>conversionem,</strong></span> <span class='ocrx_word' id='word_1_210' title='bbox 1835 2854 1890 2900; x_wconf 91' lang='lat' dir='ltr'><strong>et</strong></span> 
     </span>
    </p>
   </div>
   <div class='ocr_carea' id='block_1_29' title="bbox 282 2937 1889 3012">
    <p class='ocr_par' dir='ltr' id='par_1_29' title="bbox 282 2937 1889 3012">
     <span class='ocr_line' id='line_1_29' title="bbox 282 2937 1889 3012; baseline -0.003 -15"><span class='ocrx_word' id='word_1_211' title='bbox 282 2945 495 2997; x_wconf 82' lang='lat' dir='ltr'><strong>sarcina</strong></span> <span class='ocrx_word' id='word_1_212' title='bbox 516 2951 856 3012; x_wconf 89' lang='lat' dir='ltr'><strong>peccatorum</strong></span> <span class='ocrx_word' id='word_1_213' title='bbox 886 2941 1125 2997; x_wconf 88' lang='lat' dir='ltr'><strong>liberatis</strong></span> <span class='ocrx_word' id='word_1_214' title='bbox 1146 2956 1242 2996; x_wconf 88' lang='lat' dir='ltr'><strong>sua</strong></span> <span class='ocrx_word' id='word_1_215' title='bbox 1270 2941 1524 3010; x_wconf 85' lang='lat' dir='ltr'><strong>largietur</strong></span> <span class='ocrx_word' id='word_1_216' title='bbox 1571 2939 1731 2993; x_wconf 88' lang='lat' dir='ltr'><strong>dona.</strong></span> <span class='ocrx_word' id='word_1_217' title='bbox 1779 2937 1889 2992; x_wconf 89' lang='lat' dir='ltr'><strong>Ne-</strong></span> 
     </span>
    </p>
   </div>
   <div class='ocr_carea' id='block_1_30' title="bbox 281 3029 1886 3106">
    <p class='ocr_par' dir='ltr' id='par_1_30' title="bbox 281 3029 1886 3106">
     <span class='ocr_line' id='line_1_30' title="bbox 281 3029 1886 3106; baseline -0.004 -17"><span class='ocrx_word' id='word_1_218' title='bbox 281 3052 385 3106; x_wconf 91' lang='lat' dir='ltr'><strong>que</strong></span> <span class='ocrx_word' id='word_1_219' title='bbox 408 3049 509 3089; x_wconf 90' lang='lat' dir='ltr'><strong>nos</strong></span> <span class='ocrx_word' id='word_1_220' title='bbox 533 3035 610 3088; x_wconf 86' lang='lat' dir='ltr'><strong>sie</strong></span> <span class='ocrx_word' id='word_1_221' title='bbox 632 3042 970 3103; x_wconf 87' lang='lat' dir='ltr'><strong>peccatorum</strong></span> <span class='ocrx_word' id='word_1_222' title='bbox 999 3032 1362 3101; x_wconf 77' lang='lat' dir='ltr'><strong>expiationem</strong></span> <span class='ocrx_word' id='word_1_223' title='bbox 1386 3039 1439 3085; x_wconf 92' lang='lat' dir='ltr'><strong>et</strong></span> <span class='ocrx_word' id='word_1_224' title='bbox 1459 3029 1689 3084; x_wconf 89' lang='lat' dir='ltr'><strong>salutem</strong></span> <span class='ocrx_word' id='word_1_225' title='bbox 1732 3029 1886 3099; x_wconf 90' lang='lat' dir='ltr'><strong>cupi—</strong></span> 
     </span>
    </p>
   </div>
   <div class='ocr_carea' id='block_1_31' title="bbox 281 3121 1888 3196">
    <p class='ocr_par' dir='ltr' id='par_1_31' title="bbox 281 3121 1888 3196">
     <span class='ocr_line' id='line_1_31' title="bbox 281 3121 1888 3196; baseline -0.006 -12"><span class='ocrx_word' id='word_1_226' title='bbox 281 3144 425 3194; x_wconf 87' lang='lat' dir='ltr'><strong>mus,</strong></span> <span class='ocrx_word' id='word_1_227' title='bbox 458 3129 600 3182; x_wconf 88' lang='lat' dir='ltr'><strong>sicut</strong></span> <span class='ocrx_word' id='word_1_228' title='bbox 620 3127 735 3196; x_wconf 86' lang='lat' dir='ltr'><strong>ipse</strong></span> <span class='ocrx_word' id='word_1_229' title='bbox 763 3126 912 3196; x_wconf 91' lang='lat' dir='ltr'><strong>cupit</strong></span> <span class='ocrx_word' id='word_1_230' title='bbox 934 3133 988 3180; x_wconf 88' lang='lat' dir='ltr'><strong>et</strong></span> <span class='ocrx_word' id='word_1_231' title='bbox 1010 3124 1201 3178; x_wconf 83' lang='lat' dir='ltr'><strong>adesse</strong></span> <span class='ocrx_word' id='word_1_232' title='bbox 1217 3124 1456 3189; x_wconf 82' lang='lat' dir='ltr'><strong>festinat,</strong></span> <span class='ocrx_word' id='word_1_233' title='bbox 1486 3134 1540 3177; x_wconf 90' lang='lat' dir='ltr'><strong>ut</strong></span> <span class='ocrx_word' id='word_1_234' title='bbox 1565 3131 1618 3177; x_wconf 87' lang='lat' dir='ltr'><strong>et</strong></span> <span class='ocrx_word' id='word_1_235' title='bbox 1665 3123 1733 3178; x_wconf 89' lang='lat' dir='ltr'><strong>ab</strong></span> <span class='ocrx_word' id='word_1_236' title='bbox 1782 3121 1888 3176; x_wconf 87' lang='lat' dir='ltr'><strong>illis</strong></span> 
     </span>
    </p>
   </div>
   <div class='ocr_carea' id='block_1_32' title="bbox 280 3215 1888 3286">
    <p class='ocr_par' dir='ltr' id='par_1_32' title="bbox 280 3215 1888 3286">
     <span class='ocr_line' id='line_1_32' title="bbox 280 3215 1888 3286; baseline -0.004 -11"><span class='ocrx_word' id='word_1_237' title='bbox 280 3220 486 3275; x_wconf 89' lang='lat' dir='ltr'><strong>liberos</strong></span> <span class='ocrx_word' id='word_1_238' title='bbox 517 3233 614 3273; x_wconf 89' lang='lat' dir='ltr'><strong>nos</strong></span> <span class='ocrx_word' id='word_1_239' title='bbox 642 3217 824 3285; x_wconf 89' lang='lat' dir='ltr'><strong>faciat,</strong></span> <span class='ocrx_word' id='word_1_240' title='bbox 858 3227 913 3273; x_wconf 88' lang='lat' dir='ltr'><strong>et</strong></span> <span class='ocrx_word' id='word_1_241' title='bbox 961 3217 1134 3273; x_wconf 90' lang='lat' dir='ltr'><strong>salute</strong></span> <span class='ocrx_word' id='word_1_242' title='bbox 1176 3217 1334 3286; x_wconf 90' lang='lat' dir='ltr'><strong>potiri</strong></span> <span class='ocrx_word' id='word_1_243' title='bbox 1362 3231 1479 3270; x_wconf 66' lang='lat' dir='ltr'><strong>eona</strong></span> <span class='ocrx_word' id='word_1_244' title='bbox 1499 3215 1643 3271; x_wconf 89' lang='lat' dir='ltr'><strong>edat.</strong></span> <span class='ocrx_word' id='word_1_245' title='bbox 1679 3215 1888 3283; x_wconf 84' lang='lat' dir='ltr'><strong>Eapro-</strong></span> 
     </span>
    </p>
   </div>
   <div class='ocr_carea' id='block_1_33' title="bbox 282 3307 1887 3382">
    <p class='ocr_par' dir='ltr' id='par_1_33' title="bbox 282 3307 1887 3382">
     <span class='ocr_line' id='line_1_33' title="bbox 282 3307 1887 3382; baseline -0.001 -19"><span class='ocrx_word' id='word_1_246' title='bbox 282 3321 421 3382; x_wconf 77' lang='lat' dir='ltr'><strong>pter,</strong></span> <span class='ocrx_word' id='word_1_247' title='bbox 453 3311 705 3376; x_wconf 88' lang='lat' dir='ltr'><strong>obsecro,</strong></span> <span class='ocrx_word' id='word_1_248' title='bbox 732 3311 1029 3365; x_wconf 80' lang='lat' dir='ltr'><strong>excitemus</strong></span> <span class='ocrx_word' id='word_1_249' title='bbox 1058 3319 1270 3363; x_wconf 88' lang='lat' dir='ltr'><strong>nostras</strong></span> <span class='ocrx_word' id='word_1_250' title='bbox 1294 3317 1526 3374; x_wconf 88' lang='lat' dir='ltr'><strong>mentes,</strong></span> <span class='ocrx_word' id='word_1_251' title='bbox 1551 3319 1604 3362; x_wconf 90' lang='lat' dir='ltr'><strong>et</strong></span> <span class='ocrx_word' id='word_1_252' title='bbox 1631 3307 1713 3362; x_wconf 91' lang='lat' dir='ltr'><strong>sui</strong></span> <span class='ocrx_word' id='word_1_253' title='bbox 1737 3308 1887 3375; x_wconf 85' lang='lat' dir='ltr'><strong>quis-</strong></span> 
     </span>
    </p>
   </div>
   <div class='ocr_carea' id='block_1_34' title="bbox 279 3399 1889 3475">
    <p class='ocr_par' dir='ltr' id='par_1_34' title="bbox 279 3399 1889 3475">
     <span class='ocr_line' id='line_1_34' title="bbox 279 3399 1889 3475; baseline -0.002 -18"><span class='ocrx_word' id='word_1_254' title='bbox 279 3419 386 3475; x_wconf 88' lang='lat' dir='ltr'><strong>que</strong></span> <span class='ocrx_word' id='word_1_255' title='bbox 406 3412 680 3459; x_wconf 86' lang='lat' dir='ltr'><strong>scrutator</strong></span> <span class='ocrx_word' id='word_1_256' title='bbox 706 3401 796 3468; x_wconf 87' lang='lat' dir='ltr'><strong>sit,</strong></span> <span class='ocrx_word' id='word_1_257' title='bbox 825 3399 1026 3471; x_wconf 89' lang='lat' dir='ltr'><strong>anquid</strong></span> <span class='ocrx_word' id='word_1_258' title='bbox 1055 3401 1286 3470; x_wconf 89' lang='lat' dir='ltr'><strong>amplius</strong></span> <span class='ocrx_word' id='word_1_259' title='bbox 1307 3415 1337 3453; x_wconf 91' lang='lat' dir='ltr'><strong>a</strong></span> <span class='ocrx_word' id='word_1_260' title='bbox 1365 3414 1423 3454; x_wconf 90' lang='lat' dir='ltr'><strong>se</strong></span> <span class='ocrx_word' id='word_1_261' title='bbox 1453 3401 1729 3468; x_wconf 72' lang='lat' dir='ltr'><strong>prmterito</strong></span> <span class='ocrx_word' id='word_1_262' title='bbox 1761 3409 1889 3454; x_wconf 88' lang='lat' dir='ltr'><strong>tem-</strong></span> 
     </span>
    </p>
   </div>
   <div class='ocr_carea' id='block_1_35' title="bbox 281 3491 1887 3566">
    <p class='ocr_par' dir='ltr' id='par_1_35' title="bbox 281 3491 1887 3566">
     <span class='ocr_line' id='line_1_35' title="bbox 281 3491 1887 3566; baseline -0.003 -16"><span class='ocrx_word' id='word_1_263' title='bbox 281 3511 412 3566; x_wconf 91' lang='lat' dir='ltr'><strong>pore</strong></span> <span class='ocrx_word' id='word_1_264' title='bbox 437 3511 563 3550; x_wconf 91' lang='lat' dir='ltr'><strong>cum</strong></span> <span class='ocrx_word' id='word_1_265' title='bbox 589 3494 746 3550; x_wconf 88' lang='lat' dir='ltr'><strong>laude</strong></span> <span class='ocrx_word' id='word_1_266' title='bbox 769 3504 980 3565; x_wconf 86' lang='lat' dir='ltr'><strong>gestum</strong></span> <span class='ocrx_word' id='word_1_267' title='bbox 1007 3493 1098 3560; x_wconf 88' lang='lat' dir='ltr'><strong>sit,</strong></span> <span class='ocrx_word' id='word_1_268' title='bbox 1126 3493 1208 3547; x_wconf 87' lang='lat' dir='ltr'><strong>vel</strong></span> <span class='ocrx_word' id='word_1_269' title='bbox 1237 3507 1396 3562; x_wconf 89' lang='lat' dir='ltr'><strong>quam</strong></span> <span class='ocrx_word' id='word_1_270' title='bbox 1449 3493 1734 3546; x_wconf 89' lang='lat' dir='ltr'><strong>utilitatem</strong></span> <span class='ocrx_word' id='word_1_271' title='bbox 1787 3491 1887 3545; x_wconf 87' lang='lat' dir='ltr'><strong>ha-</strong></span> 
     </span>
    </p>
   </div>
   <div class='ocr_carea' id='block_1_36' title="bbox 285 3584 1889 3655">
    <p class='ocr_par' dir='ltr' id='par_1_36' title="bbox 285 3584 1889 3655">
     <span class='ocr_line' id='line_1_36' title="bbox 285 3584 1889 3655; baseline -0.003 -12"><span class='ocrx_word' id='word_1_272' title='bbox 285 3590 460 3645; x_wconf 89' lang='lat' dir='ltr'><strong>buerit</strong></span> <span class='ocrx_word' id='word_1_273' title='bbox 488 3604 557 3644; x_wconf 87' lang='lat' dir='ltr'><strong>ex</strong></span> <span class='ocrx_word' id='word_1_274' title='bbox 595 3587 848 3643; x_wconf 89' lang='lat' dir='ltr'><strong>continua</strong></span> <span class='ocrx_word' id='word_1_275' title='bbox 885 3587 984 3641; x_wconf 92' lang='lat' dir='ltr'><strong>hac</strong></span> <span class='ocrx_word' id='word_1_276' title='bbox 1004 3586 1247 3640; x_wconf 89' lang='lat' dir='ltr'><strong>doctrina</strong></span> <span class='ocrx_word' id='word_1_277' title='bbox 1277 3605 1289 3640; x_wconf 94' lang='lat'><strong>:</strong></span> <span class='ocrx_word' id='word_1_278' title='bbox 1318 3587 1362 3639; x_wconf 84' lang='lat' dir='ltr'><strong>si</strong></span> <span class='ocrx_word' id='word_1_279' title='bbox 1399 3586 1548 3655; x_wconf 88' lang='lat' dir='ltr'><strong>quid,</strong></span> <span class='ocrx_word' id='word_1_280' title='bbox 1583 3584 1724 3655; x_wconf 89' lang='lat' dir='ltr'><strong>quod</strong></span> <span class='ocrx_word' id='word_1_281' title='bbox 1760 3599 1889 3654; x_wconf 88' lang='lat' dir='ltr'><strong>pro-</strong></span> 
     </span>
    </p>
   </div>
   <div class='ocr_carea' id='block_1_37' title="bbox 284 3677 1889 3748">
    <p class='ocr_par' dir='ltr' id='par_1_37' title="bbox 284 3677 1889 3748">
     <span class='ocr_line' id='line_1_37' title="bbox 284 3677 1889 3748; baseline -0.003 -13"><span class='ocrx_word' id='word_1_282' title='bbox 284 3681 429 3736; x_wconf 88' lang='lat' dir='ltr'><strong>ximo</strong></span> <span class='ocrx_word' id='word_1_283' title='bbox 451 3680 675 3742; x_wconf 83' lang='lat' dir='ltr'><strong>serviat,</strong></span> <span class='ocrx_word' id='word_1_284' title='bbox 699 3677 969 3733; x_wconf 89' lang='lat' dir='ltr'><strong>fructuum</strong></span> <span class='ocrx_word' id='word_1_285' title='bbox 991 3677 1289 3748; x_wconf 87' lang='lat' dir='ltr'><strong>collegerit,</strong></span> <span class='ocrx_word' id='word_1_286' title='bbox 1314 3677 1358 3731; x_wconf 92' lang='lat' dir='ltr'><strong>si</strong></span> <span class='ocrx_word' id='word_1_287' title='bbox 1379 3677 1623 3748; x_wconf 70' lang='lat' dir='ltr'><strong>quaedam</strong></span> <span class='ocrx_word' id='word_1_288' title='bbox 1644 3678 1770 3731; x_wconf 89' lang='lat' dir='ltr'><strong>vitia</strong></span> <span class='ocrx_word' id='word_1_289' title='bbox 1794 3692 1889 3731; x_wconf 89' lang='lat' dir='ltr'><strong>sua</strong></span> 
     </span>
    </p>
   </div>
   <div class='ocr_carea' id='block_1_38' title="bbox 283 3769 1891 3841">
    <p class='ocr_par' dir='ltr' id='par_1_38' title="bbox 283 3769 1891 3841">
     <span class='ocr_line' id='line_1_38' title="bbox 283 3769 1891 3841; baseline -0.001 -15"><span class='ocrx_word' id='word_1_290' title='bbox 283 3771 618 3836; x_wconf 77' lang='lat' dir='ltr'><strong>correxerit;</strong></span> <span class='ocrx_word' id='word_1_291' title='bbox 666 3771 710 3824; x_wconf 91' lang='lat' dir='ltr'><strong>si</strong></span> <span class='ocrx_word' id='word_1_292' title='bbox 753 3771 898 3841; x_wconf 88' lang='lat' dir='ltr'><strong>quod</strong></span> <span class='ocrx_word' id='word_1_293' title='bbox 926 3769 994 3824; x_wconf 89' lang='lat' dir='ltr'><strong>ad</strong></span> <span class='ocrx_word' id='word_1_294' title='bbox 1020 3784 1200 3824; x_wconf 88' lang='lat' dir='ltr'><strong>veram</strong></span> <span class='ocrx_word' id='word_1_295' title='bbox 1230 3769 1627 3840; x_wconf 84' lang='lat' dir='ltr'><strong>philosophiam</strong></span> <span class='ocrx_word' id='word_1_296' title='bbox 1682 3769 1891 3824; x_wconf 89' lang='lat' dir='ltr'><strong>adeun-</strong></span> 
     </span>
    </p>
   </div>
   <div class='ocr_carea' id='block_1_39' title="bbox 281 3863 1888 3933">
    <p class='ocr_par' dir='ltr' id='par_1_39' title="bbox 281 3863 1888 3933">
     <span class='ocr_line' id='line_1_39' title="bbox 281 3863 1888 3933; baseline -0.001 -14"><span class='ocrx_word' id='word_1_297' title='bbox 281 3864 406 3919; x_wconf 87' lang='lat' dir='ltr'><strong>dam</strong></span> <span class='ocrx_word' id='word_1_298' title='bbox 442 3864 853 3920; x_wconf 84' lang='lat' dir='ltr'><strong>incitamentum</strong></span> <span class='ocrx_word' id='word_1_299' title='bbox 880 3876 947 3916; x_wconf 91' lang='lat' dir='ltr'><strong>ex</strong></span> <span class='ocrx_word' id='word_1_300' title='bbox 971 3863 1057 3917; x_wconf 90' lang='lat' dir='ltr'><strong>his</strong></span> <span class='ocrx_word' id='word_1_301' title='bbox 1081 3863 1280 3917; x_wconf 90' lang='lat' dir='ltr'><strong>nostris</strong></span> <span class='ocrx_word' id='word_1_302' title='bbox 1307 3863 1636 3933; x_wconf 86' lang='lat' dir='ltr'><strong>quotidianis</strong></span> <span class='ocrx_word' id='word_1_303' title='bbox 1659 3878 1888 3933; x_wconf 87' lang='lat' dir='ltr'><strong>accepe-</strong></span> 
     </span>
    </p>
   </div>
   <div class='ocr_carea' id='block_1_40' title="bbox 285 3954 1890 4026">
    <p class='ocr_par' dir='ltr' id='par_1_40' title="bbox 285 3954 1890 4026">
     <span class='ocr_line' id='line_1_40' title="bbox 285 3954 1890 4026; baseline 0 -15"><span class='ocrx_word' id='word_1_304' title='bbox 285 3958 352 4011; x_wconf 86' lang='lat' dir='ltr'><strong>rit</strong></span> <span class='ocrx_word' id='word_1_305' title='bbox 371 3954 852 4010; x_wconf 85' lang='lat' dir='ltr'><strong>admonitionibus.</strong></span> <span class='ocrx_word' id='word_1_306' title='bbox 882 3954 1044 4010; x_wconf 87' lang='lat' dir='ltr'><strong>Bonis</strong></span> <span class='ocrx_word' id='word_1_307' title='bbox 1071 3955 1286 4026; x_wconf 89' lang='lat' dir='ltr'><strong>quidem</strong></span> <span class='ocrx_word' id='word_1_308' title='bbox 1316 3957 1570 4025; x_wconf 88' lang='lat' dir='ltr'><strong>0peribus</strong></span> <span class='ocrx_word' id='word_1_309' title='bbox 1617 3956 1890 4012; x_wconf 87' lang='lat' dir='ltr'><strong>accessio-</strong></span> 
     </span>
    </p>
   </div>
   <div class='ocr_carea' id='block_1_41' title="bbox 285 4048 1890 4118">
    <p class='ocr_par' dir='ltr' id='par_1_41' title="bbox 285 4048 1890 4118">
     <span class='ocr_line' id='line_1_41' title="bbox 285 4048 1890 4118; baseline 0 -15"><span class='ocrx_word' id='word_1_310' title='bbox 285 4048 889 4113; x_wconf 88' lang='lat' dir='ltr'><strong>nemlierieurandum,</strong></span> <span class='ocrx_word' id='word_1_311' title='bbox 921 4055 977 4103; x_wconf 88' lang='lat' dir='ltr'><strong>et</strong></span> <span class='ocrx_word' id='word_1_312' title='bbox 1026 4063 1318 4118; x_wconf 85' lang='lat' dir='ltr'><strong>numquam</strong></span> <span class='ocrx_word' id='word_1_313' title='bbox 1361 4049 1749 4118; x_wconf 87' lang='lat' dir='ltr'><strong>quiescendum</strong></span> <span class='ocrx_word' id='word_1_314' title='bbox 1806 4061 1890 4104; x_wconf 89' lang='lat' dir='ltr'><strong>est</strong></span> 
     </span>
    </p>
   </div>
   <div class='ocr_carea' id='block_1_42' title="bbox 284 4140 1891 4211">
    <p class='ocr_par' dir='ltr' id='par_1_42' title="bbox 284 4140 1891 4211">
     <span class='ocr_line' id='line_1_42' title="bbox 284 4140 1891 4211; baseline 0 -16"><span class='ocrx_word' id='word_1_315' title='bbox 284 4143 350 4197; x_wconf 87' lang='lat' dir='ltr'><strong>ab</strong></span> <span class='ocrx_word' id='word_1_316' title='bbox 376 4144 483 4198; x_wconf 89' lang='lat' dir='ltr'><strong>hoc</strong></span> <span class='ocrx_word' id='word_1_317' title='bbox 513 4143 659 4198; x_wconf 92' lang='lat' dir='ltr'><strong>bono</strong></span> <span class='ocrx_word' id='word_1_318' title='bbox 684 4141 876 4211; x_wconf 87' lang='lat' dir='ltr'><strong>agendi</strong></span> <span class='ocrx_word' id='word_1_319' title='bbox 899 4140 1183 4196; x_wconf 89' lang='lat' dir='ltr'><strong>instituto:</strong></span> <span class='ocrx_word' id='word_1_320' title='bbox 1217 4151 1271 4195; x_wconf 91' lang='lat' dir='ltr'><strong>at</strong></span> <span class='ocrx_word' id='word_1_321' title='bbox 1301 4144 1345 4196; x_wconf 89' lang='lat' dir='ltr'><strong>si</strong></span> <span class='ocrx_word' id='word_1_322' title='bbox 1377 4143 1496 4211; x_wconf 84' lang='lat' dir='ltr'><strong>quis</strong></span> <span class='ocrx_word' id='word_1_323' title='bbox 1525 4143 1719 4196; x_wconf 83' lang='lat' dir='ltr'><strong>viderit</strong></span> <span class='ocrx_word' id='word_1_324' title='bbox 1761 4155 1891 4195; x_wconf 89' lang='lat' dir='ltr'><strong>con-</strong></span> 
     </span>
    </p>
   </div>
   <div class='ocr_carea' id='block_1_43' title="bbox 284 4234 1889 4304">
    <p class='ocr_par' dir='ltr' id='par_1_43' title="bbox 284 4234 1889 4304">
     <span class='ocr_line' id='line_1_43' title="bbox 284 4234 1889 4304; baseline -0.003 -12"><span class='ocrx_word' id='word_1_325' title='bbox 284 4238 627 4293; x_wconf 84' lang='lat' dir='ltr'><strong>suetudinem</strong></span> <span class='ocrx_word' id='word_1_326' title='bbox 649 4250 800 4290; x_wconf 91' lang='lat' dir='ltr'><strong>snam</strong></span> <span class='ocrx_word' id='word_1_327' title='bbox 826 4234 1005 4291; x_wconf 90' lang='lat' dir='ltr'><strong>adhuc</strong></span> <span class='ocrx_word' id='word_1_328' title='bbox 1030 4235 1344 4304; x_wconf 64' lang='lat' dir='ltr'><strong>praevalere,</strong></span> <span class='ocrx_word' id='word_1_329' title='bbox 1379 4245 1433 4289; x_wconf 86' lang='lat' dir='ltr'><strong>et</strong></span> <span class='ocrx_word' id='word_1_330' title='bbox 1489 4251 1549 4290; x_wconf 92' lang='lat' dir='ltr'><strong>se</strong></span> <span class='ocrx_word' id='word_1_331' title='bbox 1598 4237 1650 4289; x_wconf 93' lang='lat' dir='ltr'><strong>in</strong></span> <span class='ocrx_word' id='word_1_332' title='bbox 1700 4234 1889 4289; x_wconf 89' lang='lat' dir='ltr'><strong>iisdem</strong></span> 
     </span>
    </p>
   </div>
   <div class='ocr_carea' id='block_1_44' title="bbox 287 4327 1892 4400">
    <p class='ocr_par' dir='ltr' id='par_1_44' title="bbox 287 4327 1892 4400">
     <span class='ocr_line' id='line_1_44' title="bbox 287 4327 1892 4400; baseline -0.001 -16"><span class='ocrx_word' id='word_1_333' title='bbox 287 4342 664 4400; x_wconf 88' lang='lat' dir='ltr'><strong>perseverare,</strong></span> <span class='ocrx_word' id='word_1_334' title='bbox 686 4336 847 4397; x_wconf 88' lang='lat' dir='ltr'><strong>cogat</strong></span> <span class='ocrx_word' id='word_1_335' title='bbox 873 4337 1115 4383; x_wconf 88' lang='lat' dir='ltr'><strong>mentem</strong></span> <span class='ocrx_word' id='word_1_336' title='bbox 1138 4342 1290 4381; x_wconf 85' lang='lat' dir='ltr'><strong>suam</strong></span> <span class='ocrx_word' id='word_1_337' title='bbox 1314 4342 1425 4380; x_wconf 77' lang='lat' dir='ltr'><strong>suae</strong></span> <span class='ocrx_word' id='word_1_338' title='bbox 1447 4327 1672 4382; x_wconf 76' lang='lat' dir='ltr'><strong>desidia:</strong></span> <span class='ocrx_word' id='word_1_339' title='bbox 1727 4329 1892 4383; x_wconf 66' lang='lat' dir='ltr'><strong>ratio-</strong></span> 
     </span>
    </p>
   </div>
   <div class='ocr_carea' id='block_1_45' title="bbox 287 4419 1889 4490">
    <p class='ocr_par' dir='ltr' id='par_1_45' title="bbox 287 4419 1889 4490">
     <span class='ocr_line' id='line_1_45' title="bbox 287 4419 1889 4490; baseline -0.002 -14"><span class='ocrx_word' id='word_1_340' title='bbox 287 4438 408 4477; x_wconf 88' lang='lat' dir='ltr'><strong>nem</strong></span> <span class='ocrx_word' id='word_1_341' title='bbox 437 4420 672 4490; x_wconf 71' lang='lat' dir='ltr'><strong>reddere</strong></span> <span class='ocrx_word' id='word_1_342' title='bbox 696 4437 709 4472; x_wconf 87' lang='lat'><strong>:</strong></span> <span class='ocrx_word' id='word_1_343' title='bbox 743 4435 840 4473; x_wconf 89' lang='lat' dir='ltr'><strong>nec</strong></span> <span class='ocrx_word' id='word_1_344' title='bbox 858 4420 1002 4474; x_wconf 92' lang='lat' dir='ltr'><strong>sinat</strong></span> <span class='ocrx_word' id='word_1_345' title='bbox 1030 4419 1280 4489; x_wconf 83' lang='lat' dir='ltr'><strong>progredi</strong></span> <span class='ocrx_word' id='word_1_346' title='bbox 1311 4421 1560 4485; x_wconf 88' lang='lat' dir='ltr'><strong>ulterius,</strong></span> <span class='ocrx_word' id='word_1_347' title='bbox 1586 4421 1682 4476; x_wconf 89' lang='lat' dir='ltr'><strong>sed</strong></span> <span class='ocrx_word' id='word_1_348' title='bbox 1712 4435 1889 4490; x_wconf 73' lang='lat' dir='ltr'><strong>prava:</strong></span> 
     </span>
    </p>
   </div>
   <div class='ocr_carea' id='block_1_46' title="bbox 283 4485 1895 4580">
    <p class='ocr_par' dir='ltr' id='par_1_46' title="bbox 283 4485 1895 4580">
     <span class='ocr_line' id='line_1_46' title="bbox 283 4485 1895 4580; baseline 0.001 -13"><span class='ocrx_word' id='word_1_349' title='bbox 283 4485 695 4567; x_wconf 70' lang='lat' dir='ltr'><strong>consuetudinis</strong></span> <span class='ocrx_word' id='word_1_350' title='bbox 725 4509 884 4565; x_wconf 84' lang='lat' dir='ltr'><strong>linem</strong></span> <span class='ocrx_word' id='word_1_351' title='bbox 910 4509 1102 4576; x_wconf 86' lang='lat' dir='ltr'><strong>faciat;</strong></span> <span class='ocrx_word' id='word_1_352' title='bbox 1132 4510 1413 4565; x_wconf 87' lang='lat' dir='ltr'><strong>exscindat</strong></span> <span class='ocrx_word' id='word_1_353' title='bbox 1435 4485 1895 4580; x_wconf 61' lang='lat' dir='ltr'><strong>impetum,coer-</strong></span> 
     </span>
    </p>
   </div>
   <div class='ocr_carea' id='block_1_47' title="bbox 286 4602 1892 4672">
    <p class='ocr_par' dir='ltr' id='par_1_47' title="bbox 286 4602 1892 4672">
     <span class='ocr_line' id='line_1_47' title="bbox 286 4602 1892 4672; baseline 0 -14"><span class='ocrx_word' id='word_1_354' title='bbox 286 4613 404 4658; x_wconf 81' lang='lat' dir='ltr'><strong>eoat</strong></span> <span class='ocrx_word' id='word_1_355' title='bbox 448 4602 831 4672; x_wconf 74' lang='lat' dir='ltr'><strong>cogitationes,</strong></span> <span class='ocrx_word' id='word_1_356' title='bbox 857 4602 907 4655; x_wconf 91' lang='lat' dir='ltr'><strong>in</strong></span> <span class='ocrx_word' id='word_1_357' title='bbox 933 4612 1115 4655; x_wconf 85' lang='lat' dir='ltr'><strong>mente</strong></span> <span class='ocrx_word' id='word_1_358' title='bbox 1137 4602 1379 4656; x_wconf 82' lang='lat' dir='ltr'><strong>revolvat</strong></span> <span class='ocrx_word' id='word_1_359' title='bbox 1395 4602 1724 4658; x_wconf 88' lang='lat' dir='ltr'><strong>horrendum</strong></span> <span class='ocrx_word' id='word_1_360' title='bbox 1744 4603 1892 4658; x_wconf 91' lang='lat' dir='ltr'><strong>illum</strong></span> 
     </span>
    </p>
   </div>
   <div class='ocr_carea' id='block_1_48' title="bbox 286 4692 1892 4765">
    <p class='ocr_par' dir='ltr' id='par_1_48' title="bbox 286 4692 1892 4765">
     <span class='ocr_line' id='line_1_48' title="bbox 286 4692 1892 4765; baseline 0.001 -17"><span class='ocrx_word' id='word_1_361' title='bbox 286 4695 450 4760; x_wconf 85' lang='lat' dir='ltr'><strong>diem,</strong></span> <span class='ocrx_word' id='word_1_362' title='bbox 473 4693 678 4764; x_wconf 85' lang='lat' dir='ltr'><strong>cogitet</strong></span> <span class='ocrx_word' id='word_1_363' title='bbox 703 4707 906 4764; x_wconf 72' lang='lat' dir='ltr'><strong>mensa:</strong></span> <span class='ocrx_word' id='word_1_364' title='bbox 932 4692 1092 4762; x_wconf 80' lang='lat' dir='ltr'><strong>hujus</strong></span> <span class='ocrx_word' id='word_1_365' title='bbox 1115 4694 1410 4748; x_wconf 81' lang='lat' dir='ltr'><strong>tremendae</strong></span> <span class='ocrx_word' id='word_1_366' title='bbox 1427 4696 1892 4765; x_wconf 84' lang='lat' dir='ltr'><strong>participationem</strong></span> 
     </span>
    </p>
   </div>
   <div class='ocr_carea' id='block_1_49' title="bbox 284 4772 1893 4858">
    <p class='ocr_par' dir='ltr' id='par_1_49' title="bbox 284 4772 1893 4858">
     <span class='ocr_line' id='line_1_49' title="bbox 284 4772 1893 4858; baseline 0.001 -17"><span class='ocrx_word' id='word_1_367' title='bbox 284 4797 335 4841; x_wconf 88' lang='lat' dir='ltr'><strong>et</strong></span> <span class='ocrx_word' id='word_1_368' title='bbox 352 4785 702 4858; x_wconf 76' lang='lat' dir='ltr'><strong>Splendet-em</strong></span> <span class='ocrx_word' id='word_1_369' title='bbox 730 4783 867 4853; x_wconf 82' lang='lat' dir='ltr'><strong>ignis</strong></span> <span class='ocrx_word' id='word_1_370' title='bbox 893 4772 1018 4838; x_wconf 89' lang='lat' dir='ltr'><strong>inde</strong></span> <span class='ocrx_word' id='word_1_371' title='bbox 1037 4783 1330 4839; x_wconf 88' lang='lat' dir='ltr'><strong>resilientis</strong></span> <span class='ocrx_word' id='word_1_372' title='bbox 1355 4785 1451 4857; x_wconf 77' lang='grc' dir='ltr'>(ιι),</span> <span class='ocrx_word' id='word_1_373' title='bbox 1474 4801 1536 4840; x_wconf 90' lang='lat' dir='ltr'><strong>ac</strong></span> <span class='ocrx_word' id='word_1_374' title='bbox 1554 4787 1893 4858; x_wconf 81' lang='lat' dir='ltr'><strong>conﬂagran-</strong></span> 
     </span>
    </p>
   </div>
   <div class='ocr_carea' id='block_1_50' title="bbox 288 4874 1896 4946">
    <p class='ocr_par' dir='ltr' id='par_1_50' title="bbox 288 4874 1896 4946">
     <span class='ocr_line' id='line_1_50' title="bbox 288 4874 1896 4946; baseline 0.002 -15"><span class='ocrx_word' id='word_1_375' title='bbox 288 4887 394 4933; x_wconf 89' lang='lat' dir='ltr'><strong>tem</strong></span> <span class='ocrx_word' id='word_1_376' title='bbox 424 4878 632 4940; x_wconf 84' lang='lat' dir='ltr'><strong>vim,et</strong></span> <span class='ocrx_word' id='word_1_377' title='bbox 657 4874 869 4946; x_wconf 84' lang='lat' dir='ltr'><strong>qualem</strong></span> <span class='ocrx_word' id='word_1_378' title='bbox 916 4876 1202 4932; x_wconf 72' lang='lat' dir='ltr'><strong>conveniat</strong></span> <span class='ocrx_word' id='word_1_379' title='bbox 1226 4890 1348 4931; x_wconf 89' lang='lat' dir='ltr'><strong>esse</strong></span> <span class='ocrx_word' id='word_1_380' title='bbox 1392 4878 1697 4934; x_wconf 89' lang='lat' dir='ltr'><strong>aceedentis</strong></span> <span class='ocrx_word' id='word_1_381' title='bbox 1742 4896 1896 4934; x_wconf 87' lang='lat' dir='ltr'><strong>men-</strong></span> 
     </span>
    </p>
   </div>
   <div class='ocr_carea' id='block_1_51' title="bbox 288 4967 1891 5042">
    <p class='ocr_par' dir='ltr' id='par_1_51' title="bbox 288 4967 1891 5042">
     <span class='ocr_line' id='line_1_51' title="bbox 288 4967 1891 5042; baseline 0.002 -21"><span class='ocrx_word' id='word_1_382' title='bbox 288 4977 427 5034; x_wconf 88' lang='lat' dir='ltr'><strong>tem;</strong></span> <span class='ocrx_word' id='word_1_383' title='bbox 458 4968 530 5022; x_wconf 89' lang='lat' dir='ltr'><strong>ab</strong></span> <span class='ocrx_word' id='word_1_384' title='bbox 573 4968 722 5022; x_wconf 87' lang='lat' dir='ltr'><strong>omni</strong></span> <span class='ocrx_word' id='word_1_385' title='bbox 774 4981 967 5036; x_wconf 85' lang='lat' dir='ltr'><strong>nempe</strong></span> <span class='ocrx_word' id='word_1_386' title='bbox 1019 4967 1250 5034; x_wconf 84' lang='lat' dir='ltr'><strong>macula,</strong></span> <span class='ocrx_word' id='word_1_387' title='bbox 1287 4969 1519 5023; x_wconf 79' lang='lat' dir='ltr'><strong>abbmui</strong></span> <span class='ocrx_word' id='word_1_388' title='bbox 1544 4970 1663 5026; x_wconf 87' lang='lat' dir='ltr'><strong>labe</strong></span> <span class='ocrx_word' id='word_1_389' title='bbox 1683 4988 1891 5042; x_wconf 89' lang='lat' dir='ltr'><strong>puram,</strong></span> 
     </span>
    </p>
   </div>
   <div class='ocr_carea' id='block_1_52' title="bbox 289 5061 1893 5133">
    <p class='ocr_par' dir='ltr' id='par_1_52' title="bbox 289 5061 1893 5133">
     <span class='ocr_line' id='line_1_52' title="bbox 289 5061 1893 5133; baseline 0.001 -13"><span class='ocrx_word' id='word_1_390' title='bbox 289 5075 341 5120; x_wconf 84' lang='lat' dir='ltr'><strong>et</strong></span> <span class='ocrx_word' id='word_1_391' title='bbox 355 5064 665 5119; x_wconf 82' lang='lat' dir='ltr'><strong>illicitarum</strong></span> <span class='ocrx_word' id='word_1_392' title='bbox 680 5063 1063 5132; x_wconf 88' lang='lat' dir='ltr'><strong>cogitationum</strong></span> <span class='ocrx_word' id='word_1_393' title='bbox 1083 5061 1437 5133; x_wconf 89' lang='lat' dir='ltr'><strong>frequentiam</strong></span> <span class='ocrx_word' id='word_1_394' title='bbox 1451 5065 1854 5122; x_wconf 89' lang='lat' dir='ltr'><strong>subvertentem</strong></span> <span class='ocrx_word' id='word_1_395' title='bbox 1880 5086 1893 5121; x_wconf 91' lang='lat'><strong>:</strong></span> 
     </span>
    </p>
   </div>
   <div class='ocr_carea' id='block_1_53' title="bbox 290 5153 1898 5230">
    <p class='ocr_par' dir='ltr' id='par_1_53' title="bbox 290 5153 1898 5230">
     <span class='ocr_line' id='line_1_53' title="bbox 290 5153 1898 5230; baseline 0.002 -20"><span class='ocrx_word' id='word_1_396' title='bbox 290 5166 346 5210; x_wconf 93' lang='lat' dir='ltr'><strong>ut</strong></span> <span class='ocrx_word' id='word_1_397' title='bbox 365 5156 445 5211; x_wconf 83' lang='lat' dir='ltr'><strong>sic</strong></span> <span class='ocrx_word' id='word_1_398' title='bbox 467 5154 684 5209; x_wconf 89' lang='lat' dir='ltr'><strong>interim</strong></span> <span class='ocrx_word' id='word_1_399' title='bbox 711 5153 905 5209; x_wconf 82' lang='lat' dir='ltr'><strong>diebus</strong></span> <span class='ocrx_word' id='word_1_400' title='bbox 929 5154 1046 5208; x_wconf 87' lang='lat' dir='ltr'><strong>istis</strong></span> <span class='ocrx_word' id='word_1_401' title='bbox 1064 5153 1313 5223; x_wconf 91' lang='lat' dir='ltr'><strong>nosipsos</strong></span> <span class='ocrx_word' id='word_1_402' title='bbox 1345 5166 1734 5225; x_wconf 69' lang='lat' dir='ltr'><strong>prmparantes,</strong></span> <span class='ocrx_word' id='word_1_403' title='bbox 1767 5175 1898 5230; x_wconf 84' lang='lat' dir='ltr'><strong>pos-</strong></span> 
     </span>
    </p>
   </div>
   <div class='ocr_carea' id='block_1_54' title="bbox 291 5248 1899 5323">
    <p class='ocr_par' dir='ltr' id='par_1_54' title="bbox 291 5248 1899 5323">
     <span class='ocr_line' id='line_1_54' title="bbox 291 5248 1899 5323; baseline 0.002 -19"><span class='ocrx_word' id='word_1_404' title='bbox 291 5249 481 5311; x_wconf 82' lang='lat' dir='ltr'><strong>simus,</strong></span> <span class='ocrx_word' id='word_1_405' title='bbox 532 5256 828 5317; x_wconf 83' lang='lat' dir='ltr'><strong>expurgata</strong></span> <span class='ocrx_word' id='word_1_406' title='bbox 865 5263 962 5317; x_wconf 90' lang='lat' dir='ltr'><strong>pro</strong></span> <span class='ocrx_word' id='word_1_407' title='bbox 989 5248 1133 5302; x_wconf 86' lang='lat' dir='ltr'><strong>virili</strong></span> <span class='ocrx_word' id='word_1_408' title='bbox 1180 5249 1356 5302; x_wconf 88' lang='lat' dir='ltr'><strong>anima</strong></span> <span class='ocrx_word' id='word_1_409' title='bbox 1382 5260 1589 5317; x_wconf 80' lang='lat' dir='ltr'><strong>nostra,</strong></span> <span class='ocrx_word' id='word_1_410' title='bbox 1613 5254 1899 5323; x_wconf 89' lang='lat' dir='ltr'><strong>participes</strong></span> 
     </span>
    </p>
   </div>
   <div class='ocr_carea' id='block_1_55' title="bbox 295 5338 1897 5409">
    <p class='ocr_par' dir='ltr' id='par_1_55' title="bbox 295 5338 1897 5409">
     <span class='ocr_line' id='line_1_55' title="bbox 295 5338 1897 5409; baseline 0.003 -14"><span class='ocrx_word' id='word_1_411' title='bbox 295 5339 405 5395; x_wconf 81' lang='lat' dir='ltr'><strong>fieri</strong></span> <span class='ocrx_word' id='word_1_412' title='bbox 431 5338 720 5409; x_wconf 67' lang='lat' dir='ltr'><strong>prresentis</strong></span> <span class='ocrx_word' id='word_1_413' title='bbox 752 5339 908 5393; x_wconf 77' lang='lat' dir='ltr'><strong>istius</strong></span> <span class='ocrx_word' id='word_1_414' title='bbox 935 5340 1282 5406; x_wconf 89' lang='lat' dir='ltr'><strong>sumptionis,</strong></span> <span class='ocrx_word' id='word_1_415' title='bbox 1315 5351 1370 5396; x_wconf 87' lang='lat' dir='ltr'><strong>et</strong></span> <span class='ocrx_word' id='word_1_416' title='bbox 1401 5342 1768 5398; x_wconf 79' lang='lat' dir='ltr'><strong>ineffabilibus</strong></span> <span class='ocrx_word' id='word_1_417' title='bbox 1791 5345 1897 5400; x_wconf 89' lang='lat' dir='ltr'><strong>illis</strong></span> 
     </span>
    </p>
   </div>
   <div class='ocr_carea' id='block_1_56' title="bbox 301 5432 1903 5508">
    <p class='ocr_par' dir='ltr' id='par_1_56' title="bbox 301 5432 1903 5508">
     <span class='ocr_line' id='line_1_56' title="bbox 301 5432 1903 5508; baseline 0.003 -19"><span class='ocrx_word' id='word_1_418' title='bbox 301 5434 459 5489; x_wconf 86' lang='lat' dir='ltr'><strong>bonis</strong></span> <span class='ocrx_word' id='word_1_419' title='bbox 483 5432 670 5504; x_wconf 86' lang='lat' dir='ltr'><strong>patiri,</strong></span> <span class='ocrx_word' id='word_1_420' title='bbox 705 5447 824 5503; x_wconf 73' lang='lat' dir='ltr'><strong>qua:</strong></span> <span class='ocrx_word' id='word_1_421' title='bbox 855 5433 1103 5503; x_wconf 88' lang='lat' dir='ltr'><strong>promisit</strong></span> <span class='ocrx_word' id='word_1_422' title='bbox 1122 5433 1473 5506; x_wconf 87' lang='lat' dir='ltr'><strong>diligentibus</strong></span> <span class='ocrx_word' id='word_1_423' title='bbox 1498 5451 1590 5501; x_wconf 89' lang='lat' dir='ltr'><strong>se;</strong></span> <span class='ocrx_word' id='word_1_424' title='bbox 1629 5437 1798 5508; x_wconf 85' lang='lat' dir='ltr'><strong>gratia</strong></span> <span class='ocrx_word' id='word_1_425' title='bbox 1847 5446 1903 5494; x_wconf 88' lang='lat' dir='ltr'><strong>et</strong></span> 
     </span>
    </p>
   </div>
   <div class='ocr_carea' id='block_1_57' title="bbox 357 5587 1908 5659">
    <p class='ocr_par' dir='ltr' id='par_1_57' title="bbox 357 5587 1908 5659">
     <span class='ocr_line' id='line_1_57' title="bbox 357 5587 1908 5659; baseline 0.008 -23"><span class='ocrx_word' id='word_1_426' title='bbox 357 5590 429 5659; x_wconf 77' lang='grc' dir='ltr'><strong>(ᾳ)</strong></span> <span class='ocrx_word' id='word_1_427' title='bbox 456 5589 624 5637; x_wconf 74' lang='lat' dir='ltr'><strong>Habita</strong></span> <span class='ocrx_word' id='word_1_428' title='bbox 644 5587 814 5659; x_wconf 85' lang='lat' dir='ltr'><strong>concio</strong></span> <span class='ocrx_word' id='word_1_429' title='bbox 831 5601 942 5638; x_wconf 90' lang='lat' dir='ltr'><strong>eum</strong></span> <span class='ocrx_word' id='word_1_430' title='bbox 959 5588 1070 5640; x_wconf 72' lang='lat' dir='ltr'><strong>dua:</strong></span> <span class='ocrx_word' id='word_1_431' title='bbox 1096 5595 1279 5642; x_wconf 87' lang='lat' dir='ltr'><strong>tantum</strong></span> <span class='ocrx_word' id='word_1_432' title='bbox 1303 5593 1692 5659; x_wconf 69' lang='lat' dir='ltr'><strong>Quadragesimae</strong></span> <span class='ocrx_word' id='word_1_433' title='bbox 1716 5595 1908 5648; x_wconf 87' lang='lat' dir='ltr'><strong>hebdo-</strong></span> 
     </span>
    </p>
   </div>
   <div class='ocr_carea' id='block_1_58' title="bbox 297 5652 808 5718">
    <p class='ocr_par' dir='ltr' id='par_1_58' title="bbox 297 5652 808 5718">
     <span class='ocr_line' id='line_1_58' title="bbox 297 5652 808 5718; baseline -0.004 -18"><span class='ocrx_word' id='word_1_434' title='bbox 297 5652 447 5718; x_wconf 64' lang='lat' dir='ltr'><strong>madas</strong></span> <span class='ocrx_word' id='word_1_435' title='bbox 464 5657 808 5718; x_wconf 72' lang='lat' dir='ltr'><strong>superessent.</strong></span> 
     </span>
    </p>
   </div>
   <div class='ocr_carea' id='block_1_59' title="bbox 358 5711 1906 5776">
    <p class='ocr_par' dir='ltr' id='par_1_59' title="bbox 358 5711 1906 5776">
     <span class='ocr_line' id='line_1_59' title="bbox 358 5711 1906 5776; baseline -0.001 -13"><span class='ocrx_word' id='word_1_436' title='bbox 358 5713 430 5774; x_wconf 86' lang='lat' dir='ltr'><strong>lb)</strong></span> <span class='ocrx_word' id='word_1_437' title='bbox 465 5711 666 5762; x_wconf 78' lang='lat' dir='ltr'><strong>Saviliu&#39;s</strong></span> <span class='ocrx_word' id='word_1_438' title='bbox 691 5713 964 5776; x_wconf 82' lang='lat' dir='ltr'><strong>suspicatur</strong></span> <span class='ocrx_word' id='word_1_439' title='bbox 985 5712 1065 5762; x_wconf 86' lang='lat' dir='ltr'><strong>hic</strong></span> <span class='ocrx_word' id='word_1_440' title='bbox 1102 5715 1267 5776; x_wconf 82' lang='lat' dir='ltr'><strong>ignem</strong></span> <span class='ocrx_word' id='word_1_441' title='bbox 1308 5718 1594 5768; x_wconf 72' lang='lat' dir='ltr'><strong>sensibilem</strong></span> <span class='ocrx_word' id='word_1_442' title='bbox 1642 5722 1690 5771; x_wconf 80' lang='lat' dir='ltr'><strong>in</strong></span> <span class='ocrx_word' id='word_1_443' title='bbox 1736 5736 1906 5774; x_wconf 63' lang='lat' dir='ltr'><strong>mensa</strong></span> 
     </span>
    </p>
   </div>
   <div class='ocr_carea' id='block_1_60' title="bbox 300 5773 1903 5852">
    <p class='ocr_par' dir='ltr' id='par_1_60' title="bbox 300 5773 1903 5852">
     <span class='ocr_line' id='line_1_60' title="bbox 300 5773 1903 5852; baseline 0.009 -30"><span class='ocrx_word' id='word_1_444' title='bbox 300 5773 432 5822; x_wconf 73' lang='lat' dir='ltr'><strong>sacra</strong></span> <span class='ocrx_word' id='word_1_445' title='bbox 451 5776 665 5836; x_wconf 81' lang='lat' dir='ltr'><strong>positum</strong></span> <span class='ocrx_word' id='word_1_446' title='bbox 679 5773 996 5838; x_wconf 81' lang='lat' dir='ltr'><strong>subindicari,</strong></span> <span class='ocrx_word' id='word_1_447' title='bbox 1010 5773 1190 5839; x_wconf 71' lang='lat' dir='ltr'><strong>nempe</strong></span> <span class='ocrx_word' id='word_1_448' title='bbox 1214 5775 1464 5829; x_wconf 82' lang='lat' dir='ltr'><strong>lucernam</strong></span> <span class='ocrx_word' id='word_1_449' title='bbox 1481 5781 1692 5834; x_wconf 84' lang='lat' dir='ltr'><strong>altumve</strong></span> <span class='ocrx_word' id='word_1_450' title='bbox 1719 5773 1903 5852; x_wconf 78' lang='lat' dir='ltr'><strong>Ignem.</strong></span> 
     </span>
    </p>
   </div>
   <div class='ocr_carea' id='block_1_61' title="bbox 1507 319 2699 385">
    <p class='ocr_par' dir='ltr' id='par_1_61' title="bbox 1507 319 2699 385">
     <span class='ocr_line' id='line_1_61' title="bbox 1507 319 2699 385; baseline -0.008 0"><span class='ocrx_word' id='word_1_451' title='bbox 1507 328 1574 385; x_wconf 84' lang='grc' dir='ltr'><strong>ΙΝ</strong></span> <span class='ocrx_word' id='word_1_452' title='bbox 1613 323 1768 384; x_wconf 76' lang='lat' dir='ltr'><strong>CAP.</strong></span> <span class='ocrx_word' id='word_1_453' title='bbox 1813 323 1927 378; x_wconf 80' lang='lat' dir='ltr'><strong>VII.</strong></span> <span class='ocrx_word' id='word_1_454' title='bbox 1968 319 2214 379; x_wconf 75' lang='lat' dir='ltr'><strong>GENES.</strong></span> <span class='ocrx_word' id='word_1_455' title='bbox 2258 322 2486 380; x_wconf 79' lang='lat' dir='ltr'><strong>IIOMIL.</strong></span> <span class='ocrx_word' id='word_1_456' title='bbox 2534 324 2699 380; x_wconf 72' lang='lat' dir='ltr'><strong>XXV.</strong></span> 
     </span>
    </p>
   </div>
   <div class='ocr_carea' id='block_1_62' title="bbox 3520 311 3629 366">
    <p class='ocr_par' dir='ltr' id='par_1_62' title="bbox 3520 311 3629 366">
     <span class='ocr_line' id='line_1_62' title="bbox 3520 311 3629 366; baseline 0 -1"><span class='ocrx_word' id='word_1_457' title='bbox 3520 311 3629 366; x_wconf 69' lang='lat' dir='ltr'><strong>2l8</strong></span> 
     </span>
    </p>
   </div>
   <div class='ocr_carea' id='block_1_63' title="bbox 2022 437 3623 512">
    <p class='ocr_par' dir='ltr' id='par_1_63' title="bbox 2022 437 3623 512">
     <span class='ocr_line' id='line_1_63' title="bbox 2022 437 3623 512; baseline -0.003 -15"><span class='ocrx_word' id='word_1_458' title='bbox 2022 442 2354 512; x_wconf 85' lang='lat' dir='ltr'><strong>benignitate</strong></span> <span class='ocrx_word' id='word_1_459' title='bbox 2386 445 2592 498; x_wconf 86' lang='lat' dir='ltr'><strong>Domini</strong></span> <span class='ocrx_word' id='word_1_460' title='bbox 2624 444 2793 500; x_wconf 86' lang='lat' dir='ltr'><strong>nostri</strong></span> <span class='ocrx_word' id='word_1_461' title='bbox 2825 442 2952 499; x_wconf 83' lang='lat' dir='ltr'><strong>Jesu</strong></span> <span class='ocrx_word' id='word_1_462' title='bbox 2975 441 3200 506; x_wconf 84' lang='lat' dir='ltr'><strong>Christi,</strong></span> <span class='ocrx_word' id='word_1_463' title='bbox 3224 457 3350 497; x_wconf 89' lang='lat' dir='ltr'><strong>cum</strong></span> <span class='ocrx_word' id='word_1_464' title='bbox 3384 455 3492 510; x_wconf 84' lang='lat' dir='ltr'><strong>quo</strong></span> <span class='ocrx_word' id='word_1_465' title='bbox 3519 437 3623 493; x_wconf 83' lang='lat' dir='ltr'><strong>Pa-</strong></span> 
     </span>
    </p>
   </div>
   <div class='ocr_carea' id='block_1_64' title="bbox 2018 533 3621 607">
    <p class='ocr_par' dir='ltr' id='par_1_64' title="bbox 2018 533 3621 607">
     <span class='ocr_line' id='line_1_64' title="bbox 2018 533 3621 607; baseline -0.001 -18"><span class='ocrx_word' id='word_1_466' title='bbox 2018 538 2108 600; x_wconf 85' lang='lat' dir='ltr'><strong>tri,</strong></span> <span class='ocrx_word' id='word_1_467' title='bbox 2138 535 2381 592; x_wconf 89' lang='lat' dir='ltr'><strong>simulet</strong></span> <span class='ocrx_word' id='word_1_468' title='bbox 2415 537 2637 606; x_wconf 85' lang='lat' dir='ltr'><strong>Spiritui</strong></span> <span class='ocrx_word' id='word_1_469' title='bbox 2692 548 2882 593; x_wconf 88' lang='lat' dir='ltr'><strong>sancto</strong></span> <span class='ocrx_word' id='word_1_470' title='bbox 2921 537 2994 592; x_wconf 91' lang='lat' dir='ltr'><strong>sit</strong></span> <span class='ocrx_word' id='word_1_471' title='bbox 3045 534 3239 607; x_wconf 87' lang='lat' dir='ltr'><strong>gloria,</strong></span> <span class='ocrx_word' id='word_1_472' title='bbox 3291 533 3621 603; x_wconf 76' lang='lat' dir='ltr'><strong>imperium.</strong></span> 
     </span>
    </p>
   </div>
   <div class='ocr_carea' id='block_1_65' title="bbox 2017 624 3622 702">
    <p class='ocr_par' dir='ltr' id='par_1_65' title="bbox 2017 624 3622 702">
     <span class='ocr_line' id='line_1_65' title="bbox 2017 624 3622 702; baseline -0.005 -20"><span class='ocrx_word' id='word_1_473' title='bbox 2017 628 2211 693; x_wconf 90' lang='lat' dir='ltr'><strong>honor,</strong></span> <span class='ocrx_word' id='word_1_474' title='bbox 2243 644 2386 685; x_wconf 90' lang='lat' dir='ltr'><strong>nunc</strong></span> <span class='ocrx_word' id='word_1_475' title='bbox 2434 641 2489 685; x_wconf 87' lang='lat' dir='ltr'><strong>et</strong></span> <span class='ocrx_word' id='word_1_476' title='bbox 2526 644 2788 702; x_wconf 83' lang='lat' dir='ltr'><strong>semper,</strong></span> <span class='ocrx_word' id='word_1_477' title='bbox 2843 638 2899 684; x_wconf 91' lang='lat' dir='ltr'><strong>et</strong></span> <span class='ocrx_word' id='word_1_478' title='bbox 2947 628 3000 683; x_wconf 90' lang='lat' dir='ltr'><strong>in</strong></span> <span class='ocrx_word' id='word_1_479' title='bbox 3049 627 3247 684; x_wconf 76' lang='lat' dir='ltr'><strong>szccula</strong></span> <span class='ocrx_word' id='word_1_480' title='bbox 3277 624 3622 681; x_wconf 56' lang='lat' dir='ltr'><strong>seculorum.</strong></span> 
     </span>
    </p>
   </div>
   <div class='ocr_carea' id='block_1_66' title="bbox 2017 722 2210 775">
    <p class='ocr_par' dir='ltr' id='par_1_66' title="bbox 2017 722 2210 775">
     <span class='ocr_line' id='line_1_66' title="bbox 2017 722 2210 775; baseline -0.005 0"><span class='ocrx_word' id='word_1_481' title='bbox 2017 722 2210 775; x_wconf 82' lang='lat' dir='ltr'><strong>Amen.</strong></span> 
     </span>
    </p>
   </div>
   <div class='ocr_carea' id='block_1_67' title="bbox 2563 834 3065 891">
    <p class='ocr_par' dir='ltr' id='par_1_67' title="bbox 2563 834 3065 891">
     <span class='ocr_line' id='line_1_67' title="bbox 2563 834 3065 891; baseline -0.01 0"><span class='ocrx_word' id='word_1_482' title='bbox 2563 834 2841 891; x_wconf 74' lang='lat' dir='ltr'><strong>llOMIIJA</strong></span> <span class='ocrx_word' id='word_1_483' title='bbox 2895 834 3065 889; x_wconf 76' lang='lat' dir='ltr'><strong>XXV.</strong></span> 
     </span>
    </p>
   </div>
   <div class='ocr_carea' id='block_1_68' title="bbox 2015 946 3621 1011">
    <p class='ocr_par' dir='ltr' id='par_1_68' title="bbox 2015 946 3621 1011">
     <span class='ocr_line' id='line_1_68' title="bbox 2015 946 3621 1011; baseline -0.003 -8"><span class='ocrx_word' id='word_1_484' title='bbox 2015 948 2131 1003; x_wconf 86' lang='lat' dir='ltr'><strong>Nae</strong></span> <span class='ocrx_word' id='word_1_485' title='bbox 2174 961 2343 1003; x_wconf 61' lang='lat' dir='ltr'><strong>autem</strong></span> <span class='ocrx_word' id='word_1_486' title='bbox 2393 968 2643 1006; x_wconf 86' lang='lat' dir='ltr'><strong>annorum</strong></span> <span class='ocrx_word' id='word_1_487' title='bbox 2684 960 2790 1006; x_wconf 85' lang='lat' dir='ltr'><strong>erat</strong></span> <span class='ocrx_word' id='word_1_488' title='bbox 2842 960 3229 1011; x_wconf 67' lang='lat' dir='ltr'><strong>sexcentarum,</strong></span> <span class='ocrx_word' id='word_1_489' title='bbox 3282 956 3328 1000; x_wconf 86' lang='lat' dir='ltr'><strong>et</strong></span> <span class='ocrx_word' id='word_1_490' title='bbox 3371 946 3621 1000; x_wconf 76' lang='lat' dir='ltr'><strong>diluvium</strong></span> 
     </span>
    </p>
   </div>
   <div class='ocr_carea' id='block_1_69' title="bbox 2191 1037 3439 1114">
    <p class='ocr_par' dir='ltr' id='par_1_69' title="bbox 2191 1037 3439 1114">
     <span class='ocr_line' id='line_1_69' title="bbox 2191 1037 3439 1114; baseline -0.005 -18"><span class='ocrx_word' id='word_1_491' title='bbox 2191 1058 2338 1108; x_wconf 76' lang='lat' dir='ltr'><strong>aqua:</strong></span> <span class='ocrx_word' id='word_1_492' title='bbox 2361 1046 2550 1113; x_wconf 79' lang='lat' dir='ltr'><strong>furtum</strong></span> <span class='ocrx_word' id='word_1_493' title='bbox 2576 1054 2647 1096; x_wconf 83' lang='lat' dir='ltr'><strong>est</strong></span> <span class='ocrx_word' id='word_1_494' title='bbox 2674 1060 2828 1114; x_wconf 81' lang='lat' dir='ltr'><strong>super</strong></span> <span class='ocrx_word' id='word_1_495' title='bbox 2855 1051 3042 1096; x_wconf 84' lang='lat' dir='ltr'><strong>terram</strong></span> <span class='ocrx_word' id='word_1_496' title='bbox 3074 1037 3227 1110; x_wconf 78' lang='lat' dir='ltr'><strong>(Gen.</strong></span> <span class='ocrx_word' id='word_1_497' title='bbox 3263 1040 3315 1092; x_wconf 90' lang='lat'><strong>7.</strong></span> <span class='ocrx_word' id='word_1_498' title='bbox 3362 1037 3439 1106; x_wconf 86' lang='lat'><strong>6).</strong></span> 
     </span>
    </p>
   </div>
   <div class='ocr_carea' id='block_1_70' title="bbox 2085 1173 3624 1251">
    <p class='ocr_par' dir='ltr' id='par_1_70' title="bbox 2085 1173 3624 1251">
     <span class='ocr_line' id='line_1_70' title="bbox 2085 1173 3624 1251; baseline -0.006 -15"><span class='ocrx_word' id='word_1_499' title='bbox 2085 1183 2133 1237; x_wconf 78' lang='grc'><strong>1.</strong></span> <span class='ocrx_word' id='word_1_500' title='bbox 2178 1183 2563 1251; x_wconf 64' lang='lat' dir='ltr'><strong>Argumentum</strong></span> <span class='ocrx_word' id='word_1_501' title='bbox 2594 1180 2662 1234; x_wconf 87' lang='lat' dir='ltr'><strong>de</strong></span> <span class='ocrx_word' id='word_1_502' title='bbox 2683 1194 2790 1249; x_wconf 90' lang='lat' dir='ltr'><strong>quo</strong></span> <span class='ocrx_word' id='word_1_503' title='bbox 2817 1179 2932 1232; x_wconf 83' lang='lat' dir='ltr'><strong>heri</strong></span> <span class='ocrx_word' id='word_1_504' title='bbox 2973 1175 3183 1232; x_wconf 87' lang='lat' dir='ltr'><strong>caritati</strong></span> <span class='ocrx_word' id='word_1_505' title='bbox 3216 1185 3409 1229; x_wconf 74' lang='lat' dir='ltr'><strong>vestrm</strong></span> <span class='ocrx_word' id='word_1_506' title='bbox 3449 1173 3624 1228; x_wconf 85' lang='lat' dir='ltr'><strong>disse-</strong></span> 
     </span>
    </p>
   </div>
   <div class='ocr_carea' id='block_1_71' title="bbox 2009 1257 3619 1344">
    <p class='ocr_par' dir='ltr' id='par_1_71' title="bbox 2009 1257 3619 1344">
     <span class='ocr_line' id='line_1_71' title="bbox 2009 1257 3619 1344; baseline -0.006 -15"><span class='ocrx_word' id='word_1_507' title='bbox 2009 1276 2112 1340; x_wconf 83' lang='lat' dir='ltr'><strong>rui,</strong></span> <span class='ocrx_word' id='word_1_508' title='bbox 2138 1275 2314 1328; x_wconf 83' lang='lat' dir='ltr'><strong>denuo</strong></span> <span class='ocrx_word' id='word_1_509' title='bbox 2343 1276 2622 1344; x_wconf 90' lang='lat' dir='ltr'><strong>attingam,</strong></span> <span class='ocrx_word' id='word_1_510' title='bbox 2656 1283 2711 1328; x_wconf 88' lang='lat' dir='ltr'><strong>et</strong></span> <span class='ocrx_word' id='word_1_511' title='bbox 2731 1273 2860 1342; x_wconf 87' lang='lat' dir='ltr'><strong>justi</strong></span> <span class='ocrx_word' id='word_1_512' title='bbox 2893 1257 3008 1325; x_wconf 63' lang='lat' dir='ltr'><strong>No8</strong></span> <span class='ocrx_word' id='word_1_513' title='bbox 3032 1269 3311 1325; x_wconf 84' lang='lat' dir='ltr'><strong>historiam</strong></span> <span class='ocrx_word' id='word_1_514' title='bbox 3343 1267 3536 1322; x_wconf 74' lang='lat' dir='ltr'><strong>iterum</strong></span> <span class='ocrx_word' id='word_1_515' title='bbox 3568 1267 3619 1319; x_wconf 88' lang='lat' dir='ltr'><strong>in</strong></span> 
     </span>
    </p>
   </div>
   <div class='ocr_carea' id='block_1_72' title="bbox 2009 1357 3618 1433">
    <p class='ocr_par' dir='ltr' id='par_1_72' title="bbox 2009 1357 3618 1433">
     <span class='ocr_line' id='line_1_72' title="bbox 2009 1357 3618 1433; baseline -0.009 -12"><span class='ocrx_word' id='word_1_516' title='bbox 2009 1367 2241 1422; x_wconf 89' lang='lat' dir='ltr'><strong>medimn</strong></span> <span class='ocrx_word' id='word_1_517' title='bbox 2270 1365 2509 1419; x_wconf 74' lang='lat' dir='ltr'><strong>afferam.</strong></span> <span class='ocrx_word' id='word_1_518' title='bbox 2552 1364 2757 1433; x_wconf 72' lang='lat' dir='ltr'><strong>Magum</strong></span> <span class='ocrx_word' id='word_1_519' title='bbox 2786 1365 2932 1418; x_wconf 91' lang='lat' dir='ltr'><strong>enim</strong></span> <span class='ocrx_word' id='word_1_520' title='bbox 2961 1363 3216 1415; x_wconf 88' lang='lat' dir='ltr'><strong>virtutum</strong></span> <span class='ocrx_word' id='word_1_521' title='bbox 3253 1359 3382 1429; x_wconf 80' lang='lat' dir='ltr'><strong>juS&#39;i</strong></span> <span class='ocrx_word' id='word_1_522' title='bbox 3419 1357 3618 1411; x_wconf 71' lang='lat' dir='ltr'><strong>divitia:</strong></span> 
     </span>
    </p>
   </div>
   <div class='ocr_carea' id='block_1_73' title="bbox 2007 1449 3617 1525">
    <p class='ocr_par' dir='ltr' id='par_1_73' title="bbox 2007 1449 3617 1525">
     <span class='ocr_line' id='line_1_73' title="bbox 2007 1449 3617 1525; baseline -0.006 -13"><span class='ocrx_word' id='word_1_523' title='bbox 2007 1467 2153 1522; x_wconf 84' lang='lat' dir='ltr'><strong>sunt,</strong></span> <span class='ocrx_word' id='word_1_524' title='bbox 2204 1457 2481 1525; x_wconf 82' lang='lat' dir='ltr'><strong>nostrique.</strong></span> <span class='ocrx_word' id='word_1_525' title='bbox 2530 1453 2692 1509; x_wconf 76' lang='lat' dir='ltr'><strong>officii</strong></span> <span class='ocrx_word' id='word_1_526' title='bbox 2738 1465 2820 1508; x_wconf 84' lang='lat' dir='ltr'><strong>est</strong></span> <span class='ocrx_word' id='word_1_527' title='bbox 2860 1454 3111 1508; x_wconf 88' lang='lat' dir='ltr'><strong>omnibus</strong></span> <span class='ocrx_word' id='word_1_528' title='bbox 3137 1468 3234 1521; x_wconf 90' lang='lat' dir='ltr'><strong>pro</strong></span> <span class='ocrx_word' id='word_1_529' title='bbox 3261 1463 3442 1505; x_wconf 85' lang='lat' dir='ltr'><strong>nostra</strong></span> <span class='ocrx_word' id='word_1_530' title='bbox 3475 1449 3617 1503; x_wconf 80' lang='lat' dir='ltr'><strong>virili</strong></span> 
     </span>
    </p>
   </div>
   <div class='ocr_carea' id='block_1_74' title="bbox 2006 1543 3616 1619">
    <p class='ocr_par' dir='ltr' id='par_1_74' title="bbox 2006 1543 3616 1619">
     <span class='ocr_line' id='line_1_74' title="bbox 2006 1543 3616 1619; baseline -0.006 -14"><span class='ocrx_word' id='word_1_531' title='bbox 2006 1549 2322 1619; x_wconf 72' lang='lat' dir='ltr'><strong>disquisitis,</strong></span> <span class='ocrx_word' id='word_1_532' title='bbox 2355 1563 2546 1603; x_wconf 85' lang='lat' dir='ltr'><strong>curare</strong></span> <span class='ocrx_word' id='word_1_533' title='bbox 2573 1557 2629 1602; x_wconf 95' lang='lat' dir='ltr'><strong>ut</strong></span> <span class='ocrx_word' id='word_1_534' title='bbox 2661 1556 2851 1602; x_wconf 66' lang='lat' dir='ltr'><strong>vestrae</strong></span> <span class='ocrx_word' id='word_1_535' title='bbox 2876 1563 3008 1616; x_wconf 91' lang='lat' dir='ltr'><strong>opes</strong></span> <span class='ocrx_word' id='word_1_536' title='bbox 3032 1545 3154 1599; x_wconf 88' lang='lat' dir='ltr'><strong>hinc</strong></span> <span class='ocrx_word' id='word_1_537' title='bbox 3177 1543 3446 1598; x_wconf 82' lang='lat' dir='ltr'><strong>auctiores</strong></span> <span class='ocrx_word' id='word_1_538' title='bbox 3466 1543 3616 1596; x_wconf 86' lang='lat' dir='ltr'><strong>fiant.</strong></span> 
     </span>
    </p>
   </div>
   <div class='ocr_carea' id='block_1_75' title="bbox 2005 1626 3617 1702">
    <p class='ocr_par' dir='ltr' id='par_1_75' title="bbox 2005 1626 3617 1702">
     <span class='ocr_line' id='line_1_75' title="bbox 2005 1626 3617 1702; baseline -0.008 -6"><span class='ocrx_word' id='word_1_539' title='bbox 2005 1643 2292 1701; x_wconf 69' lang='lat' dir='ltr'><strong>Carterum,</strong></span> <span class='ocrx_word' id='word_1_540' title='bbox 2331 1642 2576 1699; x_wconf 83' lang='lat' dir='ltr'><strong>obsecro.</strong></span> <span class='ocrx_word' id='word_1_541' title='bbox 2609 1648 2806 1693; x_wconf 87' lang='lat' dir='ltr'><strong>attenta</strong></span> <span class='ocrx_word' id='word_1_542' title='bbox 2837 1647 3018 1693; x_wconf 77' lang='lat' dir='ltr'><strong>mente</strong></span> <span class='ocrx_word' id='word_1_543' title='bbox 3061 1637 3249 1691; x_wconf 91' lang='lat' dir='ltr'><strong>adsitis</strong></span> <span class='ocrx_word' id='word_1_544' title='bbox 3273 1679 3288 1702; x_wconf 91' lang='lat'><strong>,</strong></span> <span class='ocrx_word' id='word_1_545' title='bbox 3316 1626 3380 1688; x_wconf 68' lang='grc' dir='ltr'><strong>υἱ</strong></span> <span class='ocrx_word' id='word_1_546' title='bbox 3402 1650 3467 1686; x_wconf 88' lang='lat' dir='ltr'><strong>ne</strong></span> <span class='ocrx_word' id='word_1_547' title='bbox 3489 1649 3617 1687; x_wconf 81' lang='lat' dir='ltr'><strong>sen—</strong></span> 
     </span>
    </p>
   </div>
   <div class='ocr_carea' id='block_1_76' title="bbox 2007 1723 3614 1799">
    <p class='ocr_par' dir='ltr' id='par_1_76' title="bbox 2007 1723 3614 1799">
     <span class='ocr_line' id='line_1_76' title="bbox 2007 1723 3614 1799; baseline -0.008 -10"><span class='ocrx_word' id='word_1_548' title='bbox 2007 1735 2184 1789; x_wconf 74' lang='lat' dir='ltr'><strong>tentia:</strong></span> <span class='ocrx_word' id='word_1_549' title='bbox 2211 1733 2297 1787; x_wconf 92' lang='lat' dir='ltr'><strong>bic</strong></span> <span class='ocrx_word' id='word_1_550' title='bbox 2322 1732 2612 1787; x_wconf 69' lang='lat' dir='ltr'><strong>recondita:</strong></span> <span class='ocrx_word' id='word_1_551' title='bbox 2633 1747 2664 1786; x_wconf 92' lang='lat' dir='ltr'><strong>a</strong></span> <span class='ocrx_word' id='word_1_552' title='bbox 2690 1730 2839 1785; x_wconf 86' lang='lat' dir='ltr'><strong>vobis</strong></span> <span class='ocrx_word' id='word_1_553' title='bbox 2853 1730 3151 1799; x_wconf 77' lang='lat' dir='ltr'><strong>diffugiant.</strong></span> <span class='ocrx_word' id='word_1_554' title='bbox 3174 1728 3362 1796; x_wconf 76' lang='lat' dir='ltr'><strong>Operm</strong></span> <span class='ocrx_word' id='word_1_555' title='bbox 3383 1723 3614 1794; x_wconf 87' lang='lat' dir='ltr'><strong>pretium</strong></span> 
     </span>
    </p>
   </div>
   <div class='ocr_carea' id='block_1_77' title="bbox 2003 1823 3613 1895">
    <p class='ocr_par' dir='ltr' id='par_1_77' title="bbox 2003 1823 3613 1895">
     <span class='ocr_line' id='line_1_77' title="bbox 2003 1823 3613 1895; baseline -0.006 -15"><span class='ocrx_word' id='word_1_556' title='bbox 2003 1836 2182 1880; x_wconf 90' lang='lat' dir='ltr'><strong>autem</strong></span> <span class='ocrx_word' id='word_1_557' title='bbox 2239 1824 2418 1888; x_wconf 90' lang='lat' dir='ltr'><strong>fuerit,</strong></span> <span class='ocrx_word' id='word_1_558' title='bbox 2466 1823 2618 1895; x_wconf 88' lang='lat' dir='ltr'><strong>prius</strong></span> <span class='ocrx_word' id='word_1_559' title='bbox 2652 1823 2862 1877; x_wconf 80' lang='lat' dir='ltr'><strong>caritati</strong></span> <span class='ocrx_word' id='word_1_560' title='bbox 2921 1831 3117 1876; x_wconf 82' lang='lat' dir='ltr'><strong>vestrae</strong></span> <span class='ocrx_word' id='word_1_561' title='bbox 3161 1831 3613 1880; x_wconf 83' lang='lat' dir='ltr'><strong>eotnmemorare,</strong></span> 
     </span>
    </p>
   </div>
   <div class='ocr_carea' id='block_1_78' title="bbox 2004 1906 3617 1973">
    <p class='ocr_par' dir='ltr' id='par_1_78' title="bbox 2004 1906 3617 1973">
     <span class='ocr_line' id='line_1_78' title="bbox 2004 1906 3617 1973; baseline -0.004 -5"><span class='ocrx_word' id='word_1_562' title='bbox 2004 1915 2220 1968; x_wconf 90' lang='lat' dir='ltr'><strong>ubinam</strong></span> <span class='ocrx_word' id='word_1_563' title='bbox 2253 1913 2369 1968; x_wconf 91' lang='lat' dir='ltr'><strong>heri</strong></span> <span class='ocrx_word' id='word_1_564' title='bbox 2401 1913 2628 1969; x_wconf 88' lang='lat' dir='ltr'><strong>docendi</strong></span> <span class='ocrx_word' id='word_1_565' title='bbox 2653 1915 2812 1968; x_wconf 89' lang='lat' dir='ltr'><strong>linem</strong></span> <span class='ocrx_word' id='word_1_566' title='bbox 2843 1911 3129 1968; x_wconf 82' lang='lat' dir='ltr'><strong>fecerimus</strong></span> <span class='ocrx_word' id='word_1_567' title='bbox 3152 1953 3166 1973; x_wconf 89' lang='lat'><strong>,</strong></span> <span class='ocrx_word' id='word_1_568' title='bbox 3200 1920 3255 1965; x_wconf 94' lang='lat' dir='ltr'><strong>ut</strong></span> <span class='ocrx_word' id='word_1_569' title='bbox 3303 1908 3424 1963; x_wconf 86' lang='lat' dir='ltr'><strong>inde</strong></span> <span class='ocrx_word' id='word_1_570' title='bbox 3456 1906 3617 1961; x_wconf 88' lang='lat' dir='ltr'><strong>hodie</strong></span> 
     </span>
    </p>
   </div>
   <div class='ocr_carea' id='block_1_79' title="bbox 2003 2005 3613 2076">
    <p class='ocr_par' dir='ltr' id='par_1_79' title="bbox 2003 2005 3613 2076">
     <span class='ocr_line' id='line_1_79' title="bbox 2003 2005 3613 2076; baseline -0.004 -15"><span class='ocrx_word' id='word_1_571' title='bbox 2003 2022 2256 2062; x_wconf 88' lang='lat' dir='ltr'><strong>sermone</strong></span> <span class='ocrx_word' id='word_1_572' title='bbox 2297 2006 2554 2076; x_wconf 89' lang='lat' dir='ltr'><strong>repetito,</strong></span> <span class='ocrx_word' id='word_1_573' title='bbox 2582 2005 2806 2060; x_wconf 90' lang='lat' dir='ltr'><strong>dicenda</strong></span> <span class='ocrx_word' id='word_1_574' title='bbox 2847 2006 3006 2059; x_wconf 86' lang='lat' dir='ltr'><strong>dictis</strong></span> <span class='ocrx_word' id='word_1_575' title='bbox 3042 2013 3190 2058; x_wconf 89' lang='lat' dir='ltr'><strong>recte</strong></span> <span class='ocrx_word' id='word_1_576' title='bbox 3239 2011 3613 2058; x_wconf 67' lang='lat' dir='ltr'><strong>contexamus.</strong></span> 
     </span>
    </p>
   </div>
   <div class='ocr_carea' id='block_1_80' title="bbox 2000 2094 3616 2164">
    <p class='ocr_par' dir='ltr' id='par_1_80' title="bbox 2000 2094 3616 2164">
     <span class='ocr_line' id='line_1_80' title="bbox 2000 2094 3616 2164; baseline -0.005 -10"><span class='ocrx_word' id='word_1_577' title='bbox 2000 2098 2090 2154; x_wconf 91' lang='lat' dir='ltr'><strong>Sic</strong></span> <span class='ocrx_word' id='word_1_578' title='bbox 2115 2101 2260 2154; x_wconf 91' lang='lat' dir='ltr'><strong>enim</strong></span> <span class='ocrx_word' id='word_1_579' title='bbox 2281 2095 2649 2152; x_wconf 88' lang='lat' dir='ltr'><strong>manifestiora</strong></span> <span class='ocrx_word' id='word_1_580' title='bbox 2673 2098 2827 2151; x_wconf 68' lang='lat' dir='ltr'><strong>nobis</strong></span> <span class='ocrx_word' id='word_1_581' title='bbox 2855 2107 3017 2150; x_wconf 83' lang='lat' dir='ltr'><strong>rrunt</strong></span> <span class='ocrx_word' id='word_1_582' title='bbox 3046 2094 3212 2150; x_wconf 89' lang='lat' dir='ltr'><strong>etiam</strong></span> <span class='ocrx_word' id='word_1_583' title='bbox 3239 2109 3300 2147; x_wconf 88' lang='lat' dir='ltr'><strong>ea</strong></span> <span class='ocrx_word' id='word_1_584' title='bbox 3328 2111 3446 2164; x_wconf 78' lang='lat' dir='ltr'><strong>qua:</strong></span> <span class='ocrx_word' id='word_1_585' title='bbox 3474 2105 3616 2146; x_wconf 82' lang='lat' dir='ltr'><strong>nunc</strong></span> 
     </span>
    </p>
   </div>
   <div class='ocr_carea' id='block_1_81' title="bbox 2000 2185 3614 2261">
    <p class='ocr_par' dir='ltr' id='par_1_81' title="bbox 2000 2185 3614 2261">
     <span class='ocr_line' id='line_1_81' title="bbox 2000 2185 3614 2261; baseline -0.004 -14"><span class='ocrx_word' id='word_1_586' title='bbox 2000 2191 2272 2247; x_wconf 89' lang='lat' dir='ltr'><strong>dicuntur.</strong></span> <span class='ocrx_word' id='word_1_587' title='bbox 2306 2190 2408 2248; x_wconf 91' lang='lat' dir='ltr'><strong>Ubi</strong></span> <span class='ocrx_word' id='word_1_588' title='bbox 2432 2206 2562 2261; x_wconf 80' lang='lat' dir='ltr'><strong>ergo</strong></span> <span class='ocrx_word' id='word_1_589' title='bbox 2586 2207 2703 2261; x_wconf 69' lang='lat' dir='ltr'><strong>qua!</strong></span> <span class='ocrx_word' id='word_1_590' title='bbox 2726 2188 3054 2244; x_wconf 74' lang='lat' dir='ltr'><strong>doct-bamus</strong></span> <span class='ocrx_word' id='word_1_591' title='bbox 3077 2188 3211 2250; x_wconf 90' lang='lat' dir='ltr'><strong>heri,</strong></span> <span class='ocrx_word' id='word_1_592' title='bbox 3241 2187 3400 2241; x_wconf 83' lang='lat' dir='ltr'><strong>linem</strong></span> <span class='ocrx_word' id='word_1_593' title='bbox 3420 2185 3614 2240; x_wconf 91' lang='lat' dir='ltr'><strong>habue-</strong></span> 
     </span>
    </p>
   </div>
   <div class='ocr_carea' id='block_1_82' title="bbox 2001 2274 3617 2352">
    <p class='ocr_par' dir='ltr' id='par_1_82' title="bbox 2001 2274 3617 2352">
     <span class='ocr_line' id='line_1_82' title="bbox 2001 2274 3617 2352; baseline -0.006 -16"><span class='ocrx_word' id='word_1_594' title='bbox 2001 2283 2165 2336; x_wconf 88' lang='lat' dir='ltr'><strong>runt?</strong></span> <span class='ocrx_word' id='word_1_595' title='bbox 2198 2282 2362 2348; x_wconf 72' lang='lat' dir='ltr'><strong>Dixit,</strong></span> <span class='ocrx_word' id='word_1_596' title='bbox 2386 2274 2579 2352; x_wconf 83' lang='lat' dir='ltr'><strong>inquit,</strong></span> <span class='ocrx_word' id='word_1_597' title='bbox 2615 2279 2865 2334; x_wconf 81' lang='lat' dir='ltr'><strong>Dominus</strong></span> <span class='ocrx_word' id='word_1_598' title='bbox 2892 2278 3031 2333; x_wconf 85' lang='lat' dir='ltr'><strong>Deus</strong></span> <span class='ocrx_word' id='word_1_599' title='bbox 3060 2278 3129 2331; x_wconf 86' lang='lat' dir='ltr'><strong>ad</strong></span> <span class='ocrx_word' id='word_1_600' title='bbox 3159 2277 3274 2330; x_wconf 78' lang='lat' dir='ltr'><strong>Nae</strong></span> <span class='ocrx_word' id='word_1_601' title='bbox 3303 2274 3617 2346; x_wconf 76' lang='lat' dir='ltr'><strong>:lngrcdere</strong></span> 
     </span>
    </p>
   </div>
   <div class='ocr_carea' id='block_1_83' title="bbox 2000 2366 3613 2440">
    <p class='ocr_par' dir='ltr' id='par_1_83' title="bbox 2000 2366 3613 2440">
     <span class='ocr_line' id='line_1_83' title="bbox 2000 2366 3613 2440; baseline -0.006 -14"><span class='ocrx_word' id='word_1_602' title='bbox 2000 2383 2076 2440; x_wconf 89' lang='lat' dir='ltr'><strong>tu,</strong></span> <span class='ocrx_word' id='word_1_603' title='bbox 2105 2383 2150 2426; x_wconf 82' lang='lat' dir='ltr'><strong>et</strong></span> <span class='ocrx_word' id='word_1_604' title='bbox 2190 2373 2354 2426; x_wconf 88' lang='lat' dir='ltr'><strong>omnis</strong></span> <span class='ocrx_word' id='word_1_605' title='bbox 2384 2373 2566 2425; x_wconf 86' lang='lat' dir='ltr'><strong>domus</strong></span> <span class='ocrx_word' id='word_1_606' title='bbox 2591 2381 2679 2423; x_wconf 83' lang='lat' dir='ltr'><strong>tua</strong></span> <span class='ocrx_word' id='word_1_607' title='bbox 2705 2371 2758 2423; x_wconf 85' lang='lat' dir='ltr'><strong>in</strong></span> <span class='ocrx_word' id='word_1_608' title='bbox 2788 2386 2960 2422; x_wconf 88' lang='lat' dir='ltr'><strong>arcam</strong></span> <span class='ocrx_word' id='word_1_609' title='bbox 2992 2384 3010 2422; x_wconf 93' lang='lat'><strong><em>:</em></strong></span> <span class='ocrx_word' id='word_1_610' title='bbox 3037 2370 3158 2438; x_wconf 83' lang='lat' dir='ltr'><strong>quia</strong></span> <span class='ocrx_word' id='word_1_611' title='bbox 3186 2379 3232 2420; x_wconf 85' lang='lat' dir='ltr'><strong>te</strong></span> <span class='ocrx_word' id='word_1_612' title='bbox 3279 2367 3381 2420; x_wconf 80' lang='lat' dir='ltr'><strong>vidi</strong></span> <span class='ocrx_word' id='word_1_613' title='bbox 3413 2366 3613 2436; x_wconf 86' lang='lat' dir='ltr'><strong>justum</strong></span> 
     </span>
    </p>
   </div>
   <div class='ocr_carea' id='block_1_84' title="bbox 2000 2456 3616 2535">
    <p class='ocr_par' dir='ltr' id='par_1_84' title="bbox 2000 2456 3616 2535">
     <span class='ocr_line' id='line_1_84' title="bbox 2000 2456 3616 2535; baseline -0.007 -16"><span class='ocrx_word' id='word_1_614' title='bbox 2000 2482 2172 2519; x_wconf 86' lang='lat' dir='ltr'><strong>coram</strong></span> <span class='ocrx_word' id='word_1_615' title='bbox 2198 2481 2275 2518; x_wconf 88' lang='lat' dir='ltr'><strong>me</strong></span> <span class='ocrx_word' id='word_1_616' title='bbox 2302 2466 2354 2518; x_wconf 89' lang='lat' dir='ltr'><strong>in</strong></span> <span class='ocrx_word' id='word_1_617' title='bbox 2384 2464 2708 2535; x_wconf 83' lang='lat' dir='ltr'><strong>generatione</strong></span> <span class='ocrx_word' id='word_1_618' title='bbox 2732 2463 2847 2517; x_wconf 81' lang='lat' dir='ltr'><strong>ista.</strong></span> <span class='ocrx_word' id='word_1_619' title='bbox 2874 2460 2959 2515; x_wconf 77' lang='lat' dir='ltr'><strong>Ea:</strong></span> <span class='ocrx_word' id='word_1_620' title='bbox 2975 2460 3224 2530; x_wconf 88' lang='lat' dir='ltr'><strong>jumeutis</strong></span> <span class='ocrx_word' id='word_1_621' title='bbox 3266 2475 3382 2513; x_wconf 88' lang='lat' dir='ltr'><strong>rero</strong></span> <span class='ocrx_word' id='word_1_622' title='bbox 3413 2456 3616 2510; x_wconf 82' lang='lat' dir='ltr'><strong>nlumlis</strong></span> 
     </span>
    </p>
   </div>
   <div class='ocr_carea' id='block_1_85' title="bbox 1998 2552 3614 2624">
    <p class='ocr_par' dir='ltr' id='par_1_85' title="bbox 1998 2552 3614 2624">
     <span class='ocr_line' id='line_1_85' title="bbox 1998 2552 3614 2624; baseline -0.007 -13"><span class='ocrx_word' id='word_1_623' title='bbox 1998 2558 2154 2612; x_wconf 86' lang='lat' dir='ltr'><strong>induc</strong></span> <span class='ocrx_word' id='word_1_624' title='bbox 2207 2557 2277 2609; x_wconf 84' lang='lat' dir='ltr'><strong>ad</strong></span> <span class='ocrx_word' id='word_1_625' title='bbox 2322 2567 2370 2610; x_wconf 88' lang='lat' dir='ltr'><strong>te</strong></span> <span class='ocrx_word' id='word_1_626' title='bbox 2410 2567 2618 2624; x_wconf 81' lang='lat' dir='ltr'><strong>scp&#39;eua</strong></span> <span class='ocrx_word' id='word_1_627' title='bbox 2651 2569 2668 2606; x_wconf 92' lang='lat'><em>:</em></span> <span class='ocrx_word' id='word_1_628' title='bbox 2699 2565 2743 2607; x_wconf 88' lang='lat' dir='ltr'><strong>et</strong></span> <span class='ocrx_word' id='word_1_629' title='bbox 2790 2570 2855 2608; x_wconf 76' lang='lat' dir='ltr'><strong>ex</strong></span> <span class='ocrx_word' id='word_1_630' title='bbox 2893 2552 3164 2624; x_wconf 85' lang='lat' dir='ltr'><strong>jumeutis,</strong></span> <span class='ocrx_word' id='word_1_631' title='bbox 3195 2567 3309 2622; x_wconf 73' lang='lat' dir='ltr'><strong>qna:</strong></span> <span class='ocrx_word' id='word_1_632' title='bbox 3348 2567 3449 2603; x_wconf 85' lang='lat' dir='ltr'><strong>non</strong></span> <span class='ocrx_word' id='word_1_633' title='bbox 3496 2557 3614 2602; x_wconf 85' lang='lat' dir='ltr'><strong>sunt</strong></span> 
     </span>
    </p>
   </div>
   <div class='ocr_carea' id='block_1_86' title="bbox 1999 2642 3614 2714">
    <p class='ocr_par' dir='ltr' id='par_1_86' title="bbox 1999 2642 3614 2714">
     <span class='ocr_line' id='line_1_86' title="bbox 1999 2642 3614 2714; baseline -0.007 -11"><span class='ocrx_word' id='word_1_634' title='bbox 1999 2650 2211 2711; x_wconf 86' lang='lat' dir='ltr'><strong>munda,</strong></span> <span class='ocrx_word' id='word_1_635' title='bbox 2246 2649 2383 2703; x_wconf 84' lang='lat' dir='ltr'><strong>bina.</strong></span> <span class='ocrx_word' id='word_1_636' title='bbox 2417 2649 2596 2701; x_wconf 76' lang='lat' dir='ltr'><strong>Adhuc</strong></span> <span class='ocrx_word' id='word_1_637' title='bbox 2640 2647 2773 2699; x_wconf 70' lang='lat' dir='ltr'><strong>cui»:</strong></span> <span class='ocrx_word' id='word_1_638' title='bbox 2818 2655 3010 2714; x_wconf 77' lang='lat' dir='ltr'><strong>septem</strong></span> <span class='ocrx_word' id='word_1_639' title='bbox 3040 2645 3179 2708; x_wconf 82' lang='lat' dir='ltr'><strong>dics,</strong></span> <span class='ocrx_word' id='word_1_640' title='bbox 3232 2659 3323 2714; x_wconf 85' lang='lat' dir='ltr'><strong>ego</strong></span> <span class='ocrx_word' id='word_1_641' title='bbox 3371 2642 3614 2696; x_wconf 80' lang='lat' dir='ltr'><strong>inducant</strong></span> 
     </span>
    </p>
   </div>
   <div class='ocr_carea' id='block_1_87' title="bbox 1999 2733 3613 2814">
    <p class='ocr_par' dir='ltr' id='par_1_87' title="bbox 1999 2733 3613 2814">
     <span class='ocr_line' id='line_1_87' title="bbox 1999 2733 3613 2814; baseline -0.008 -18"><span class='ocrx_word' id='word_1_642' title='bbox 1999 2743 2224 2814; x_wconf 81' lang='lat' dir='ltr'><strong>pluviam</strong></span> <span class='ocrx_word' id='word_1_643' title='bbox 2253 2757 2404 2810; x_wconf 83' lang='lat' dir='ltr'><strong>super</strong></span> <span class='ocrx_word' id='word_1_644' title='bbox 2430 2750 2613 2794; x_wconf 85' lang='lat' dir='ltr'><strong>terram</strong></span> <span class='ocrx_word' id='word_1_645' title='bbox 2644 2739 2981 2808; x_wconf 83' lang='lat' dir='ltr'><strong>quadraginta</strong></span> <span class='ocrx_word' id='word_1_646' title='bbox 3003 2735 3179 2789; x_wconf 80' lang='lat' dir='ltr'><strong>dit-bus</strong></span> <span class='ocrx_word' id='word_1_647' title='bbox 3200 2747 3244 2790; x_wconf 84' lang='lat' dir='ltr'><strong>et</strong></span> <span class='ocrx_word' id='word_1_648' title='bbox 3269 2733 3613 2805; x_wconf 79' lang='lat' dir='ltr'><strong>quadraginta</strong></span> 
     </span>
    </p>
   </div>
   <div class='ocr_carea' id='block_1_88' title="bbox 1998 2822 3614 2896">
    <p class='ocr_par' dir='ltr' id='par_1_88' title="bbox 1998 2822 3614 2896">
     <span class='ocr_line' id='line_1_88' title="bbox 1998 2822 3614 2896; baseline -0.007 -10"><span class='ocrx_word' id='word_1_649' title='bbox 1998 2833 2224 2888; x_wconf 85' lang='lat' dir='ltr'><strong>noctibus</strong></span> <span class='ocrx_word' id='word_1_650' title='bbox 2254 2873 2268 2896; x_wconf 94' lang='lat'><strong>,</strong></span> <span class='ocrx_word' id='word_1_651' title='bbox 2296 2840 2342 2885; x_wconf 90' lang='lat' dir='ltr'><strong>et</strong></span> <span class='ocrx_word' id='word_1_652' title='bbox 2370 2829 2544 2884; x_wconf 83' lang='lat' dir='ltr'><strong>delebo</strong></span> <span class='ocrx_word' id='word_1_653' title='bbox 2565 2845 2762 2882; x_wconf 84' lang='lat' dir='ltr'><strong>omnem</strong></span> <span class='ocrx_word' id='word_1_654' title='bbox 2785 2827 3116 2880; x_wconf 69' lang='lat' dir='ltr'><strong>substantia»:</strong></span> <span class='ocrx_word' id='word_1_655' title='bbox 3137 2843 3286 2896; x_wconf 85' lang='lat' dir='ltr'><strong>quam</strong></span> <span class='ocrx_word' id='word_1_656' title='bbox 3321 2824 3440 2894; x_wconf 79' lang='lat' dir='ltr'><strong>feci,</strong></span> <span class='ocrx_word' id='word_1_657' title='bbox 3467 2840 3499 2875; x_wconf 94' lang='lat' dir='ltr'><strong>a</strong></span> <span class='ocrx_word' id='word_1_658' title='bbox 3534 2822 3614 2887; x_wconf 80' lang='lat' dir='ltr'><strong>fa-</strong></span> 
     </span>
    </p>
   </div>
   <div class='ocr_carea' id='block_1_89' title="bbox 1996 2913 3617 2988">
    <p class='ocr_par' dir='ltr' id='par_1_89' title="bbox 1996 2913 3617 2988">
     <span class='ocr_line' id='line_1_89' title="bbox 1996 2913 3617 2988; baseline -0.006 -10"><span class='ocrx_word' id='word_1_659' title='bbox 1996 2925 2072 2978; x_wconf 87' lang='lat' dir='ltr'><strong>cie</strong></span> <span class='ocrx_word' id='word_1_660' title='bbox 2097 2935 2262 2987; x_wconf 77' lang='lat' dir='ltr'><strong>teme,</strong></span> <span class='ocrx_word' id='word_1_661' title='bbox 2307 2922 2370 2976; x_wconf 86' lang='lat' dir='ltr'><strong>ab</strong></span> <span class='ocrx_word' id='word_1_662' title='bbox 2425 2921 2630 2975; x_wconf 75' lang='lat' dir='ltr'><strong>nomine</strong></span> <span class='ocrx_word' id='word_1_663' title='bbox 2667 2935 2825 2984; x_wconf 84' lang='lat' dir='ltr'><strong>usque</strong></span> <span class='ocrx_word' id='word_1_664' title='bbox 2872 2918 2940 2971; x_wconf 87' lang='lat' dir='ltr'><strong>ad</strong></span> <span class='ocrx_word' id='word_1_665' title='bbox 2977 2934 3147 2988; x_wconf 76' lang='lat' dir='ltr'><strong>pecus.</strong></span> <span class='ocrx_word' id='word_1_666' title='bbox 3203 2917 3268 2970; x_wconf 66' lang='lat' dir='ltr'><strong>lit</strong></span> <span class='ocrx_word' id='word_1_667' title='bbox 3327 2915 3444 2988; x_wconf 77' lang='lat' dir='ltr'><strong>fecit</strong></span> <span class='ocrx_word' id='word_1_668' title='bbox 3501 2913 3617 2969; x_wconf 82' lang='lat' dir='ltr'><strong>Noe</strong></span> 
     </span>
    </p>
   </div>
   <div class='ocr_carea' id='block_1_90' title="bbox 1997 3007 3615 3084">
    <p class='ocr_par' dir='ltr' id='par_1_90' title="bbox 1997 3007 3615 3084">
     <span class='ocr_line' id='line_1_90' title="bbox 1997 3007 3615 3084; baseline -0.006 -15"><span class='ocrx_word' id='word_1_669' title='bbox 1997 3016 2168 3069; x_wconf 86' lang='lat' dir='ltr'><strong>omnia</strong></span> <span class='ocrx_word' id='word_1_670' title='bbox 2198 3030 2310 3082; x_wconf 71' lang='lat' dir='ltr'><strong>qua?</strong></span> <span class='ocrx_word' id='word_1_671' title='bbox 2335 3021 2641 3084; x_wconf 71' lang='lat' dir='ltr'><strong>prleceperat</strong></span> <span class='ocrx_word' id='word_1_672' title='bbox 2667 3013 2760 3065; x_wconf 84' lang='lat' dir='ltr'><strong>sibi</strong></span> <span class='ocrx_word' id='word_1_673' title='bbox 2790 3011 3038 3064; x_wconf 77' lang='lat' dir='ltr'><strong>Dominus</strong></span> <span class='ocrx_word' id='word_1_674' title='bbox 3091 3008 3224 3062; x_wconf 74' lang='lat' dir='ltr'><strong>Deus</strong></span> <span class='ocrx_word' id='word_1_675' title='bbox 3254 3007 3406 3078; x_wconf 75' lang='lat' dir='ltr'><strong>(Gen.</strong></span> <span class='ocrx_word' id='word_1_676' title='bbox 3457 3007 3509 3060; x_wconf 85' lang='lat'><strong>7.</strong></span> <span class='ocrx_word' id='word_1_677' title='bbox 3556 3007 3615 3060; x_wconf 81' lang='grc'><strong>1-</strong></span> 
     </span>
    </p>
   </div>
   <div class='ocr_carea' id='block_1_91' title="bbox 2000 3096 3612 3176">
    <p class='ocr_par' dir='ltr' id='par_1_91' title="bbox 2000 3096 3612 3176">
     <span class='ocr_line' id='line_1_91' title="bbox 2000 3096 3612 3176; baseline -0.008 -15"><span class='ocrx_word' id='word_1_678' title='bbox 2000 3106 2080 3176; x_wconf 86' lang='grc'><strong>5).</strong></span> <span class='ocrx_word' id='word_1_679' title='bbox 2113 3105 2400 3174; x_wconf 86' lang='lat' dir='ltr'><strong>Hucusque</strong></span> <span class='ocrx_word' id='word_1_680' title='bbox 2432 3101 2762 3173; x_wconf 82' lang='lat' dir='ltr'><strong>procedebat</strong></span> <span class='ocrx_word' id='word_1_681' title='bbox 2801 3116 3015 3166; x_wconf 61' lang='lat' dir='ltr'><strong>sermo,</strong></span> <span class='ocrx_word' id='word_1_682' title='bbox 3052 3099 3136 3153; x_wconf 91' lang='lat' dir='ltr'><strong>hic</strong></span> <span class='ocrx_word' id='word_1_683' title='bbox 3177 3096 3403 3153; x_wconf 81' lang='lat' dir='ltr'><strong>docendi</strong></span> <span class='ocrx_word' id='word_1_684' title='bbox 3448 3099 3612 3151; x_wconf 88' lang='lat' dir='ltr'><strong>linem</strong></span> 
     </span>
    </p>
   </div>
   <div class='ocr_carea' id='block_1_92' title="bbox 1998 3187 3610 3262">
    <p class='ocr_par' dir='ltr' id='par_1_92' title="bbox 1998 3187 3610 3262">
     <span class='ocr_line' id='line_1_92' title="bbox 1998 3187 3610 3262; baseline -0.006 -11"><span class='ocrx_word' id='word_1_685' title='bbox 1998 3196 2350 3252; x_wconf 88' lang='lat' dir='ltr'><strong>faciebamus.</strong></span> <span class='ocrx_word' id='word_1_686' title='bbox 2377 3193 2649 3249; x_wconf 83' lang='lat' dir='ltr'><strong>Fortassis</strong></span> <span class='ocrx_word' id='word_1_687' title='bbox 2673 3192 2817 3248; x_wconf 90' lang='lat' dir='ltr'><strong>enim</strong></span> <span class='ocrx_word' id='word_1_688' title='bbox 2848 3201 2902 3246; x_wconf 92' lang='lat' dir='ltr'><strong>et</strong></span> <span class='ocrx_word' id='word_1_689' title='bbox 2928 3193 3028 3262; x_wconf 91' lang='lat' dir='ltr'><strong>ipsi</strong></span> <span class='ocrx_word' id='word_1_690' title='bbox 3049 3189 3372 3244; x_wconf 83' lang='lat' dir='ltr'><strong>meministis</strong></span> <span class='ocrx_word' id='word_1_691' title='bbox 3392 3187 3610 3259; x_wconf 80' lang='lat' dir='ltr'><strong>quando</strong></span> 
     </span>
    </p>
   </div>
   <div class='ocr_carea' id='block_1_93' title="bbox 1997 3281 3608 3351">
    <p class='ocr_par' dir='ltr' id='par_1_93' title="bbox 1997 3281 3608 3351">
     <span class='ocr_line' id='line_1_93' title="bbox 1997 3281 3608 3351; baseline -0.006 -8"><span class='ocrx_word' id='word_1_692' title='bbox 1997 3288 2209 3344; x_wconf 85' lang='lat' dir='ltr'><strong>caritati</strong></span> <span class='ocrx_word' id='word_1_693' title='bbox 2241 3295 2438 3342; x_wconf 69' lang='lat' dir='ltr'><strong>vestra!</strong></span> <span class='ocrx_word' id='word_1_694' title='bbox 2490 3301 2708 3339; x_wconf 87' lang='lat' dir='ltr'><strong>causam</strong></span> <span class='ocrx_word' id='word_1_695' title='bbox 2738 3283 3093 3346; x_wconf 86' lang='lat' dir='ltr'><strong>reddidimus,</strong></span> <span class='ocrx_word' id='word_1_696' title='bbox 3154 3296 3322 3351; x_wconf 87' lang='lat' dir='ltr'><strong>quare</strong></span> <span class='ocrx_word' id='word_1_697' title='bbox 3357 3281 3497 3334; x_wconf 89' lang='lat' dir='ltr'><strong>Deus</strong></span> <span class='ocrx_word' id='word_1_698' title='bbox 3544 3295 3608 3334; x_wconf 79' lang='lat' dir='ltr'><strong>ex</strong></span> 
     </span>
    </p>
   </div>
   <div class='ocr_carea' id='block_1_94' title="bbox 1999 3370 3609 3446">
    <p class='ocr_par' dir='ltr' id='par_1_94' title="bbox 1999 3370 3609 3446">
     <span class='ocr_line' id='line_1_94' title="bbox 1999 3370 3609 3446; baseline -0.009 -11"><span class='ocrx_word' id='word_1_699' title='bbox 1999 3377 2216 3435; x_wconf 88' lang='lat' dir='ltr'><strong>mundis</strong></span> <span class='ocrx_word' id='word_1_700' title='bbox 2243 3385 2487 3446; x_wconf 86' lang='lat' dir='ltr'><strong>septena,</strong></span> <span class='ocrx_word' id='word_1_701' title='bbox 2516 3390 2582 3430; x_wconf 79' lang='lat' dir='ltr'><strong>ex</strong></span> <span class='ocrx_word' id='word_1_702' title='bbox 2615 3373 2907 3429; x_wconf 73' lang='lat' dir='ltr'><strong>immundis</strong></span> <span class='ocrx_word' id='word_1_703' title='bbox 2933 3373 3054 3427; x_wconf 90' lang='lat' dir='ltr'><strong>bina</strong></span> <span class='ocrx_word' id='word_1_704' title='bbox 3076 3370 3339 3426; x_wconf 88' lang='lat' dir='ltr'><strong>introduci</strong></span> <span class='ocrx_word' id='word_1_705' title='bbox 3367 3371 3609 3440; x_wconf 82' lang='lat' dir='ltr'><strong>jusserit.</strong></span> 
     </span>
    </p>
   </div>
   <div class='ocr_carea' id='block_1_95' title="bbox 1998 3465 3613 3542">
    <p class='ocr_par' dir='ltr' id='par_1_95' title="bbox 1998 3465 3613 3542">
     <span class='ocr_line' id='line_1_95' title="bbox 1998 3465 3613 3542; baseline -0.008 -16"><span class='ocrx_word' id='word_1_706' title='bbox 1998 3472 2112 3542; x_wconf 88' lang='lat' dir='ltr'><strong>Age</strong></span> <span class='ocrx_word' id='word_1_707' title='bbox 2142 3485 2272 3539; x_wconf 89' lang='lat' dir='ltr'><strong>ergo</strong></span> <span class='ocrx_word' id='word_1_708' title='bbox 2321 3467 2484 3522; x_wconf 94' lang='lat' dir='ltr'><strong>hodie</strong></span> <span class='ocrx_word' id='word_1_709' title='bbox 2514 3466 2839 3522; x_wconf 83' lang='lat' dir='ltr'><strong>accedamus</strong></span> <span class='ocrx_word' id='word_1_710' title='bbox 2864 3465 2931 3520; x_wconf 83' lang='lat' dir='ltr'><strong>ad</strong></span> <span class='ocrx_word' id='word_1_711' title='bbox 2975 3480 3037 3520; x_wconf 89' lang='lat' dir='ltr'><strong>ea</strong></span> <span class='ocrx_word' id='word_1_712' title='bbox 3065 3479 3185 3534; x_wconf 76' lang='lat' dir='ltr'><strong>qum</strong></span> <span class='ocrx_word' id='word_1_713' title='bbox 3215 3470 3613 3531; x_wconf 83' lang='lat' dir='ltr'><strong>consequenter</strong></span> 
     </span>
    </p>
   </div>
   <div class='ocr_carea' id='block_1_96' title="bbox 1998 3553 3611 3627">
    <p class='ocr_par' dir='ltr' id='par_1_96' title="bbox 1998 3553 3611 3627">
     <span class='ocr_line' id='line_1_96' title="bbox 1998 3553 3611 3627; baseline -0.006 -11"><span class='ocrx_word' id='word_1_714' title='bbox 1998 3562 2135 3616; x_wconf 90' lang='lat' dir='ltr'><strong>lecta</strong></span> <span class='ocrx_word' id='word_1_715' title='bbox 2165 3568 2310 3625; x_wconf 85' lang='lat' dir='ltr'><strong>sunt,</strong></span> <span class='ocrx_word' id='word_1_716' title='bbox 2338 3569 2394 3613; x_wconf 89' lang='lat' dir='ltr'><strong>et</strong></span> <span class='ocrx_word' id='word_1_717' title='bbox 2435 3558 2712 3614; x_wconf 89' lang='lat' dir='ltr'><strong>videamus</strong></span> <span class='ocrx_word' id='word_1_718' title='bbox 2753 3555 2881 3627; x_wconf 90' lang='lat' dir='ltr'><strong>quid</strong></span> <span class='ocrx_word' id='word_1_719' title='bbox 2927 3556 3081 3610; x_wconf 92' lang='lat' dir='ltr'><strong>nobis</strong></span> <span class='ocrx_word' id='word_1_720' title='bbox 3112 3555 3288 3610; x_wconf 87' lang='lat' dir='ltr'><strong>divina</strong></span> <span class='ocrx_word' id='word_1_721' title='bbox 3333 3553 3611 3624; x_wconf 83' lang='lat' dir='ltr'><strong>Scriptura</strong></span> 
     </span>
    </p>
   </div>
   <div class='ocr_carea' id='block_1_97' title="bbox 1999 3647 3614 3723">
    <p class='ocr_par' dir='ltr' id='par_1_97' title="bbox 1999 3647 3614 3723">
     <span class='ocr_line' id='line_1_97' title="bbox 1999 3647 3614 3723; baseline -0.005 -15"><span class='ocrx_word' id='word_1_722' title='bbox 1999 3653 2288 3723; x_wconf 89' lang='lat' dir='ltr'><strong>dieatpost</strong></span> <span class='ocrx_word' id='word_1_723' title='bbox 2314 3651 2616 3722; x_wconf 89' lang='lat' dir='ltr'><strong>ingressum</strong></span> <span class='ocrx_word' id='word_1_724' title='bbox 2641 3648 2756 3704; x_wconf 85' lang='lat' dir='ltr'><strong>Noe</strong></span> <span class='ocrx_word' id='word_1_725' title='bbox 2787 3649 2841 3704; x_wconf 91' lang='lat' dir='ltr'><strong>in</strong></span> <span class='ocrx_word' id='word_1_726' title='bbox 2865 3664 3070 3703; x_wconf 79' lang='lat' dir='ltr'><strong>arcam.</strong></span> <span class='ocrx_word' id='word_1_727' title='bbox 3121 3647 3276 3703; x_wconf 88' lang='lat' dir='ltr'><strong>Nunc</strong></span> <span class='ocrx_word' id='word_1_728' title='bbox 3315 3647 3460 3703; x_wconf 89' lang='lat' dir='ltr'><strong>enim</strong></span> <span class='ocrx_word' id='word_1_729' title='bbox 3501 3661 3614 3700; x_wconf 86' lang='lat' dir='ltr'><strong>ma-</strong></span> 
     </span>
    </p>
   </div>
   <div class='ocr_carea' id='block_1_98' title="bbox 2000 3738 3614 3811">
    <p class='ocr_par' dir='ltr' id='par_1_98' title="bbox 2000 3738 3614 3811">
     <span class='ocr_line' id='line_1_98' title="bbox 2000 3738 3614 3811; baseline -0.006 -13"><span class='ocrx_word' id='word_1_730' title='bbox 2000 3746 2165 3809; x_wconf 80' lang='lat' dir='ltr'><strong>xime,</strong></span> <span class='ocrx_word' id='word_1_731' title='bbox 2198 3743 2243 3798; x_wconf 90' lang='lat' dir='ltr'><strong>si</strong></span> <span class='ocrx_word' id='word_1_732' title='bbox 2270 3743 2380 3798; x_wconf 89' lang='lat' dir='ltr'><strong>ullo</strong></span> <span class='ocrx_word' id='word_1_733' title='bbox 2406 3741 2514 3796; x_wconf 89' lang='lat' dir='ltr'><strong>alio</strong></span> <span class='ocrx_word' id='word_1_734' title='bbox 2559 3750 2826 3811; x_wconf 88' lang='lat' dir='ltr'><strong>tempore,</strong></span> <span class='ocrx_word' id='word_1_735' title='bbox 2872 3739 3028 3794; x_wconf 82' lang='lat' dir='ltr'><strong>decet</strong></span> <span class='ocrx_word' id='word_1_736' title='bbox 3067 3747 3127 3794; x_wconf 91' lang='lat' dir='ltr'><strong>ut</strong></span> <span class='ocrx_word' id='word_1_737' title='bbox 3155 3738 3385 3809; x_wconf 91' lang='lat' dir='ltr'><strong>amplius</strong></span> <span class='ocrx_word' id='word_1_738' title='bbox 3416 3738 3486 3792; x_wconf 91' lang='lat' dir='ltr'><strong>sit</strong></span> <span class='ocrx_word' id='word_1_739' title='bbox 3516 3751 3614 3791; x_wconf 85' lang='lat' dir='ltr'><strong>no-</strong></span> 
     </span>
    </p>
   </div>
   <div class='ocr_carea' id='block_1_99' title="bbox 2000 3831 3611 3905">
    <p class='ocr_par' dir='ltr' id='par_1_99' title="bbox 2000 3831 3611 3905">
     <span class='ocr_line' id='line_1_99' title="bbox 2000 3831 3611 3905; baseline -0.006 -13"><span class='ocrx_word' id='word_1_740' title='bbox 2000 3848 2172 3892; x_wconf 87' lang='lat' dir='ltr'><strong>strum</strong></span> <span class='ocrx_word' id='word_1_741' title='bbox 2201 3836 2458 3899; x_wconf 88' lang='lat' dir='ltr'><strong>studium,</strong></span> <span class='ocrx_word' id='word_1_742' title='bbox 2488 3848 2611 3889; x_wconf 89' lang='lat' dir='ltr'><strong>cum</strong></span> <span class='ocrx_word' id='word_1_743' title='bbox 2642 3834 2713 3888; x_wconf 96' lang='lat' dir='ltr'><strong>ob</strong></span> <span class='ocrx_word' id='word_1_744' title='bbox 2739 3834 2925 3905; x_wconf 75' lang='lat' dir='ltr'><strong>jejunii</strong></span> <span class='ocrx_word' id='word_1_745' title='bbox 2957 3843 3170 3903; x_wconf 89' lang='lat' dir='ltr'><strong>tempus</strong></span> <span class='ocrx_word' id='word_1_746' title='bbox 3211 3842 3261 3887; x_wconf 92' lang='lat' dir='ltr'><strong>et</strong></span> <span class='ocrx_word' id='word_1_747' title='bbox 3303 3831 3611 3887; x_wconf 84' lang='lat' dir='ltr'><strong>dulcissima</strong></span> 
     </span>
    </p>
   </div>
   <div class='ocr_carea' id='block_1_100' title="bbox 2001 3924 3616 3996">
    <p class='ocr_par' dir='ltr' id='par_1_100' title="bbox 2001 3924 3616 3996">
     <span class='ocr_line' id='line_1_100' title="bbox 2001 3924 3616 3996; baseline -0.004 -13"><span class='ocrx_word' id='word_1_748' title='bbox 2001 3945 2175 3986; x_wconf 83' lang='lat' dir='ltr'><strong>vestra</strong></span> <span class='ocrx_word' id='word_1_749' title='bbox 2226 3928 2618 3986; x_wconf 88' lang='lat' dir='ltr'><strong>consuetudine</strong></span> <span class='ocrx_word' id='word_1_750' title='bbox 2663 3928 2834 3996; x_wconf 85' lang='lat' dir='ltr'><strong>magis</strong></span> <span class='ocrx_word' id='word_1_751' title='bbox 2888 3925 3134 3991; x_wconf 84' lang='lat' dir='ltr'><strong>fruimur,</strong></span> <span class='ocrx_word' id='word_1_752' title='bbox 3182 3935 3235 3979; x_wconf 89' lang='lat' dir='ltr'><strong>et</strong></span> <span class='ocrx_word' id='word_1_753' title='bbox 3281 3940 3308 3977; x_wconf 90' lang='lat' dir='ltr'><strong>a</strong></span> <span class='ocrx_word' id='word_1_754' title='bbox 3342 3924 3616 3993; x_wconf 85' lang='lat' dir='ltr'><strong>voluptate</strong></span> 
     </span>
    </p>
   </div>
   <div class='ocr_carea' id='block_1_101' title="bbox 2001 4014 3619 4091">
    <p class='ocr_par' dir='ltr' id='par_1_101' title="bbox 2001 4014 3619 4091">
     <span class='ocr_line' id='line_1_101' title="bbox 2001 4014 3619 4091; baseline -0.006 -15"><span class='ocrx_word' id='word_1_755' title='bbox 2001 4022 2238 4091; x_wconf 75' lang='lat' dir='ltr'><strong>crapula:</strong></span> <span class='ocrx_word' id='word_1_756' title='bbox 2266 4019 2580 4084; x_wconf 89' lang='lat' dir='ltr'><strong>liberamur,</strong></span> <span class='ocrx_word' id='word_1_757' title='bbox 2614 4018 2970 4086; x_wconf 85' lang='lat' dir='ltr'><strong>excitatisque</strong></span> <span class='ocrx_word' id='word_1_758' title='bbox 2997 4016 3287 4078; x_wconf 88' lang='lat' dir='ltr'><strong>mentibus,</strong></span> <span class='ocrx_word' id='word_1_759' title='bbox 3317 4015 3478 4070; x_wconf 84' lang='lat' dir='ltr'><strong>dictis</strong></span> <span class='ocrx_word' id='word_1_760' title='bbox 3503 4014 3619 4068; x_wconf 78' lang='lat' dir='ltr'><strong>dili-</strong></span> 
     </span>
    </p>
   </div>
   <div class='ocr_carea' id='block_1_102' title="bbox 2001 4105 3618 4184">
    <p class='ocr_par' dir='ltr' id='par_1_102' title="bbox 2001 4105 3618 4184">
     <span class='ocr_line' id='line_1_102' title="bbox 2001 4105 3618 4184; baseline -0.006 -16"><span class='ocrx_word' id='word_1_761' title='bbox 2001 4123 2188 4184; x_wconf 86' lang='lat' dir='ltr'><strong>genter</strong></span> <span class='ocrx_word' id='word_1_762' title='bbox 2243 4111 2521 4167; x_wconf 88' lang='lat' dir='ltr'><strong>attendere</strong></span> <span class='ocrx_word' id='word_1_763' title='bbox 2567 4122 2873 4179; x_wconf 88' lang='lat' dir='ltr'><strong>possumus.</strong></span> <span class='ocrx_word' id='word_1_764' title='bbox 2925 4105 3219 4162; x_wconf 83' lang='lat' dir='ltr'><strong>Dicendum</strong></span> <span class='ocrx_word' id='word_1_765' title='bbox 3268 4107 3427 4176; x_wconf 87' lang='lat' dir='ltr'><strong>igitur</strong></span> <span class='ocrx_word' id='word_1_766' title='bbox 3477 4106 3618 4158; x_wconf 86' lang='lat' dir='ltr'><strong>unde</strong></span> 
     </span>
    </p>
   </div>
   <div class='ocr_carea' id='block_1_103' title="bbox 2005 4199 3617 4272">
    <p class='ocr_par' dir='ltr' id='par_1_103' title="bbox 2005 4199 3617 4272">
     <span class='ocr_line' id='line_1_103' title="bbox 2005 4199 3617 4272; baseline -0.008 -11"><span class='ocrx_word' id='word_1_767' title='bbox 2005 4207 2162 4261; x_wconf 79' lang='lat' dir='ltr'><strong>hodie</strong></span> <span class='ocrx_word' id='word_1_768' title='bbox 2187 4206 2346 4260; x_wconf 85' lang='lat' dir='ltr'><strong>lectio</strong></span> <span class='ocrx_word' id='word_1_769' title='bbox 2374 4211 2548 4272; x_wconf 80' lang='lat' dir='ltr'><strong>C(Ppta</strong></span> <span class='ocrx_word' id='word_1_770' title='bbox 2571 4209 2673 4256; x_wconf 90' lang='lat' dir='ltr'><strong>est.</strong></span> <span class='ocrx_word' id='word_1_771' title='bbox 2730 4203 2784 4254; x_wconf 81' lang='lat' dir='ltr'><strong>ti.</strong></span> <span class='ocrx_word' id='word_1_772' title='bbox 2820 4199 2938 4253; x_wconf 89' lang='lat' dir='ltr'><strong>Noe</strong></span> <span class='ocrx_word' id='word_1_773' title='bbox 2984 4209 3156 4253; x_wconf 87' lang='lat' dir='ltr'><strong>autem</strong></span> <span class='ocrx_word' id='word_1_774' title='bbox 3201 4209 3307 4251; x_wconf 85' lang='lat' dir='ltr'><strong>erat</strong></span> <span class='ocrx_word' id='word_1_775' title='bbox 3362 4213 3617 4250; x_wconf 82' lang='lat' dir='ltr'><strong>annorum</strong></span> 
     </span>
    </p>
   </div>
   <div class='ocr_carea' id='block_1_104' title="bbox 2002 4290 3614 4363">
    <p class='ocr_par' dir='ltr' id='par_1_104' title="bbox 2002 4290 3614 4363">
     <span class='ocr_line' id='line_1_104' title="bbox 2002 4290 3614 4363; baseline -0.007 -12"><span class='ocrx_word' id='word_1_776' title='bbox 2002 4307 2386 4361; x_wconf 72' lang='lat' dir='ltr'><strong>sexcentarum,</strong></span> <span class='ocrx_word' id='word_1_777' title='bbox 2409 4294 2600 4363; x_wconf 88' lang='lat' dir='ltr'><strong>inquit,</strong></span> <span class='ocrx_word' id='word_1_778' title='bbox 2626 4304 2670 4345; x_wconf 84' lang='lat' dir='ltr'><strong>et</strong></span> <span class='ocrx_word' id='word_1_779' title='bbox 2700 4292 2947 4344; x_wconf 84' lang='lat' dir='ltr'><strong>diluvium</strong></span> <span class='ocrx_word' id='word_1_780' title='bbox 2970 4305 3115 4360; x_wconf 72' lang='lat' dir='ltr'><strong>aqum</strong></span> <span class='ocrx_word' id='word_1_781' title='bbox 3141 4290 3333 4357; x_wconf 76' lang='lat' dir='ltr'><strong>factum</strong></span> <span class='ocrx_word' id='word_1_782' title='bbox 3364 4300 3434 4342; x_wconf 76' lang='lat' dir='ltr'><strong>est</strong></span> <span class='ocrx_word' id='word_1_783' title='bbox 3466 4304 3614 4357; x_wconf 84' lang='lat' dir='ltr'><strong>super</strong></span> 
     </span>
    </p>
   </div>
   <div class='ocr_carea' id='block_1_105' title="bbox 2003 4383 3616 4452">
    <p class='ocr_par' dir='ltr' id='par_1_105' title="bbox 2003 4383 3616 4452">
     <span class='ocr_line' id='line_1_105' title="bbox 2003 4383 3616 4452; baseline -0.007 -7"><span class='ocrx_word' id='word_1_784' title='bbox 2003 4401 2209 4445; x_wconf 79' lang='lat' dir='ltr'><strong>terram.</strong></span> <span class='ocrx_word' id='word_1_785' title='bbox 2253 4388 2550 4450; x_wconf 81' lang='lat' dir='ltr'><strong>Attendite,</strong></span> <span class='ocrx_word' id='word_1_786' title='bbox 2574 4387 2824 4450; x_wconf 88' lang='lat' dir='ltr'><strong>obsecro,</strong></span> <span class='ocrx_word' id='word_1_787' title='bbox 2852 4394 2906 4440; x_wconf 89' lang='lat' dir='ltr'><strong>et</strong></span> <span class='ocrx_word' id='word_1_788' title='bbox 2928 4400 2995 4437; x_wconf 90' lang='lat' dir='ltr'><strong>ne</strong></span> <span class='ocrx_word' id='word_1_789' title='bbox 3023 4383 3387 4452; x_wconf 83' lang='lat' dir='ltr'><strong>perfunctorie</strong></span> <span class='ocrx_word' id='word_1_790' title='bbox 3414 4384 3616 4435; x_wconf 85' lang='lat' dir='ltr'><strong>dictum</strong></span> 
     </span>
    </p>
   </div>
   <div class='ocr_carea' id='block_1_106' title="bbox 2003 4476 3616 4555">
    <p class='ocr_par' dir='ltr' id='par_1_106' title="bbox 2003 4476 3616 4555">
     <span class='ocr_line' id='line_1_106' title="bbox 2003 4476 3616 4555; baseline -0.006 -17"><span class='ocrx_word' id='word_1_791' title='bbox 2003 4496 2520 4555; x_wconf 64' lang='lat' dir='ltr'><strong>prmtcreurramus;</strong></span> <span class='ocrx_word' id='word_1_792' title='bbox 2566 4482 2578 4531; x_wconf 90' lang='lat' dir='ltr'><strong>l</strong></span> <span class='ocrx_word' id='word_1_793' title='bbox 2605 4480 2769 4534; x_wconf 86' lang='lat' dir='ltr'><strong>ahent</strong></span> <span class='ocrx_word' id='word_1_794' title='bbox 2794 4479 2935 4532; x_wconf 85' lang='lat' dir='ltr'><strong>enim</strong></span> <span class='ocrx_word' id='word_1_795' title='bbox 2966 4479 3193 4531; x_wconf 73' lang='lat' dir='ltr'><strong>latentes</strong></span> <span class='ocrx_word' id='word_1_796' title='bbox 3210 4476 3616 4530; x_wconf 78' lang='lat' dir='ltr'><strong>divitiasbrevia</strong></span> 
     </span>
    </p>
   </div>
   <div class='ocr_carea' id='block_1_107' title="bbox 2005 4567 3616 4643">
    <p class='ocr_par' dir='ltr' id='par_1_107' title="bbox 2005 4567 3616 4643">
     <span class='ocr_line' id='line_1_107' title="bbox 2005 4567 3616 4643; baseline -0.006 -12"><span class='ocrx_word' id='word_1_797' title='bbox 2005 4578 2123 4632; x_wconf 77' lang='lat' dir='ltr'><strong>iure</strong></span> <span class='ocrx_word' id='word_1_798' title='bbox 2149 4578 2349 4635; x_wconf 85' lang='lat' dir='ltr'><strong>verba;</strong></span> <span class='ocrx_word' id='word_1_799' title='bbox 2381 4573 2520 4643; x_wconf 88' lang='lat' dir='ltr'><strong>quod</strong></span> <span class='ocrx_word' id='word_1_800' title='bbox 2556 4573 2598 4626; x_wconf 89' lang='lat' dir='ltr'><strong>si</strong></span> <span class='ocrx_word' id='word_1_801' title='bbox 2630 4582 2864 4625; x_wconf 72' lang='lat' dir='ltr'><strong>mentem</strong></span> <span class='ocrx_word' id='word_1_802' title='bbox 2889 4570 3301 4634; x_wconf 55' lang='lat' dir='ltr'><strong>intenuit-rimus,</strong></span> <span class='ocrx_word' id='word_1_803' title='bbox 3338 4567 3519 4621; x_wconf 83' lang='lat' dir='ltr'><strong>licebit</strong></span> <span class='ocrx_word' id='word_1_804' title='bbox 3551 4584 3616 4622; x_wconf 84' lang='lat' dir='ltr'><strong>ex</strong></span> 
     </span>
    </p>
   </div>
   <div class='ocr_carea' id='block_1_108' title="bbox 2004 4661 3620 4736">
    <p class='ocr_par' dir='ltr' id='par_1_108' title="bbox 2004 4661 3620 4736">
     <span class='ocr_line' id='line_1_108' title="bbox 2004 4661 3620 4736; baseline -0.007 -13"><span class='ocrx_word' id='word_1_805' title='bbox 2004 4669 2110 4723; x_wconf 88' lang='lat' dir='ltr'><strong>isto</strong></span> <span class='ocrx_word' id='word_1_806' title='bbox 2142 4669 2256 4736; x_wconf 85' lang='lat' dir='ltr'><strong>ipso</strong></span> <span class='ocrx_word' id='word_1_807' title='bbox 2292 4663 2676 4721; x_wconf 78' lang='lat' dir='ltr'><strong>misericordia:</strong></span> <span class='ocrx_word' id='word_1_808' title='bbox 2708 4663 2918 4718; x_wconf 89' lang='lat' dir='ltr'><strong>Domini</strong></span> <span class='ocrx_word' id='word_1_809' title='bbox 2945 4661 3342 4725; x_wconf 79' lang='lat' dir='ltr'><strong>excellentiam,</strong></span> <span class='ocrx_word' id='word_1_810' title='bbox 3372 4661 3620 4714; x_wconf 74' lang='lat' dir='ltr'><strong>malitia:-</strong></span> 
     </span>
    </p>
   </div>
   <div class='ocr_carea' id='block_1_109' title="bbox 2007 4751 3620 4829">
    <p class='ocr_par' dir='ltr' id='par_1_109' title="bbox 2007 4751 3620 4829">
     <span class='ocr_line' id='line_1_109' title="bbox 2007 4751 3620 4829; baseline -0.006 -15"><span class='ocrx_word' id='word_1_811' title='bbox 2007 4775 2110 4829; x_wconf 90' lang='lat' dir='ltr'><strong>que</strong></span> <span class='ocrx_word' id='word_1_812' title='bbox 2139 4759 2446 4820; x_wconf 91' lang='lat' dir='ltr'><strong>hominum,</strong></span> <span class='ocrx_word' id='word_1_813' title='bbox 2478 4755 2569 4825; x_wconf 92' lang='lat' dir='ltr'><strong>qui</strong></span> <span class='ocrx_word' id='word_1_814' title='bbox 2612 4764 2738 4809; x_wconf 89' lang='lat' dir='ltr'><strong>tunc</strong></span> <span class='ocrx_word' id='word_1_815' title='bbox 2768 4761 2943 4818; x_wconf 86' lang='lat' dir='ltr'><strong>erant,</strong></span> <span class='ocrx_word' id='word_1_816' title='bbox 2967 4752 3400 4822; x_wconf 82' lang='lat' dir='ltr'><strong>exsuperantiam</strong></span> <span class='ocrx_word' id='word_1_817' title='bbox 3429 4751 3620 4821; x_wconf 82' lang='lat' dir='ltr'><strong>depre-</strong></span> 
     </span>
    </p>
   </div>
   <div class='ocr_carea' id='block_1_110' title="bbox 2006 4844 3619 4913">
    <p class='ocr_par' dir='ltr' id='par_1_110' title="bbox 2006 4844 3619 4913">
     <span class='ocr_line' id='line_1_110' title="bbox 2006 4844 3619 4913; baseline -0.006 -9"><span class='ocrx_word' id='word_1_818' title='bbox 2006 4850 2264 4906; x_wconf 88' lang='lat' dir='ltr'><strong>hendere.</strong></span> <span class='ocrx_word' id='word_1_819' title='bbox 2295 4848 2410 4902; x_wconf 88' lang='lat' dir='ltr'><strong>Noe</strong></span> <span class='ocrx_word' id='word_1_820' title='bbox 2430 4855 2598 4900; x_wconf 87' lang='lat' dir='ltr'><strong>autem</strong></span> <span class='ocrx_word' id='word_1_821' title='bbox 2611 4861 2861 4899; x_wconf 85' lang='lat' dir='ltr'><strong>annorum</strong></span> <span class='ocrx_word' id='word_1_822' title='bbox 2878 4852 3006 4908; x_wconf 84' lang='lat' dir='ltr'><strong>erat,</strong></span> <span class='ocrx_word' id='word_1_823' title='bbox 3031 4844 3222 4913; x_wconf 84' lang='lat' dir='ltr'><strong>inquit,</strong></span> <span class='ocrx_word' id='word_1_824' title='bbox 3246 4852 3619 4896; x_wconf 69' lang='lat' dir='ltr'><strong>sexcentarum.</strong></span> 
     </span>
    </p>
   </div>
   <div class='ocr_carea' id='block_1_111' title="bbox 2007 4933 3623 5009">
    <p class='ocr_par' dir='ltr' id='par_1_111' title="bbox 2007 4933 3623 5009">
     <span class='ocr_line' id='line_1_111' title="bbox 2007 4933 3623 5009; baseline -0.004 -14"><span class='ocrx_word' id='word_1_825' title='bbox 2007 4940 2122 4996; x_wconf 83' lang='lat' dir='ltr'><strong>Non</strong></span> <span class='ocrx_word' id='word_1_826' title='bbox 2157 4941 2360 5009; x_wconf 91' lang='lat' dir='ltr'><strong>absque</strong></span> <span class='ocrx_word' id='word_1_827' title='bbox 2385 4953 2547 4992; x_wconf 87' lang='lat' dir='ltr'><strong>causa</strong></span> <span class='ocrx_word' id='word_1_828' title='bbox 2574 4951 2840 4991; x_wconf 88' lang='lat' dir='ltr'><strong>annorum</strong></span> <span class='ocrx_word' id='word_1_829' title='bbox 2857 4935 2988 5006; x_wconf 83' lang='lat' dir='ltr'><strong>justi</strong></span> <span class='ocrx_word' id='word_1_830' title='bbox 3016 4950 3298 4989; x_wconf 90' lang='lat' dir='ltr'><strong>numerum</strong></span> <span class='ocrx_word' id='word_1_831' title='bbox 3319 4950 3418 4989; x_wconf 90' lang='lat' dir='ltr'><strong>nos</strong></span> <span class='ocrx_word' id='word_1_832' title='bbox 3440 4933 3623 4989; x_wconf 90' lang='lat' dir='ltr'><strong>docuit</strong></span> 
     </span>
    </p>
   </div>
   <div class='ocr_carea' id='block_1_112' title="bbox 2007 5025 3618 5101">
    <p class='ocr_par' dir='ltr' id='par_1_112' title="bbox 2007 5025 3618 5101">
     <span class='ocr_line' id='line_1_112' title="bbox 2007 5025 3618 5101; baseline -0.005 -13"><span class='ocrx_word' id='word_1_833' title='bbox 2007 5034 2189 5088; x_wconf 83' lang='lat' dir='ltr'><strong>divina</strong></span> <span class='ocrx_word' id='word_1_834' title='bbox 2219 5031 2520 5101; x_wconf 88' lang='lat' dir='ltr'><strong>Scriptura,</strong></span> <span class='ocrx_word' id='word_1_835' title='bbox 2577 5044 2755 5098; x_wconf 89' lang='lat' dir='ltr'><strong>neque</strong></span> <span class='ocrx_word' id='word_1_836' title='bbox 2814 5037 2872 5082; x_wconf 91' lang='lat' dir='ltr'><strong>ut</strong></span> <span class='ocrx_word' id='word_1_837' title='bbox 2916 5027 3056 5082; x_wconf 88' lang='lat' dir='ltr'><strong>istud</strong></span> <span class='ocrx_word' id='word_1_838' title='bbox 3106 5028 3279 5096; x_wconf 91' lang='lat' dir='ltr'><strong>ipsum</strong></span> <span class='ocrx_word' id='word_1_839' title='bbox 3330 5025 3618 5091; x_wconf 90' lang='lat' dir='ltr'><strong>discamus,</strong></span> 
     </span>
    </p>
   </div>
   <div class='ocr_carea' id='block_1_113' title="bbox 2008 5115 3626 5197">
    <p class='ocr_par' dir='ltr' id='par_1_113' title="bbox 2008 5115 3626 5197">
     <span class='ocr_line' id='line_1_113' title="bbox 2008 5115 3626 5197; baseline -0.006 -17"><span class='ocrx_word' id='word_1_840' title='bbox 2008 5134 2138 5197; x_wconf 90' lang='lat' dir='ltr'><strong>quot</strong></span> <span class='ocrx_word' id='word_1_841' title='bbox 2164 5139 2426 5179; x_wconf 89' lang='lat' dir='ltr'><strong>annormn</strong></span> <span class='ocrx_word' id='word_1_842' title='bbox 2459 5121 2617 5177; x_wconf 84' lang='lat' dir='ltr'><strong>fuerit</strong></span> <span class='ocrx_word' id='word_1_843' title='bbox 2650 5121 2759 5186; x_wconf 91' lang='lat' dir='ltr'><strong>ille,</strong></span> <span class='ocrx_word' id='word_1_844' title='bbox 2792 5119 2886 5174; x_wconf 91' lang='lat' dir='ltr'><strong>sed</strong></span> <span class='ocrx_word' id='word_1_845' title='bbox 2930 5118 3055 5188; x_wconf 88' lang='lat' dir='ltr'><strong>quia</strong></span> <span class='ocrx_word' id='word_1_846' title='bbox 3096 5118 3245 5188; x_wconf 90' lang='lat' dir='ltr'><strong>prius</strong></span> <span class='ocrx_word' id='word_1_847' title='bbox 3289 5131 3389 5171; x_wconf 92' lang='lat' dir='ltr'><strong>nos</strong></span> <span class='ocrx_word' id='word_1_848' title='bbox 3440 5115 3626 5172; x_wconf 81' lang='lat' dir='ltr'><strong>docuit</strong></span> 
     </span>
    </p>
   </div>
   <div class='ocr_carea' id='block_1_114' title="bbox 2009 5202 3624 5291">
    <p class='ocr_par' dir='ltr' id='par_1_114' title="bbox 2009 5202 3624 5291">
     <span class='ocr_line' id='line_1_114' title="bbox 2009 5202 3624 5291; baseline -0.009 -14"><span class='ocrx_word' id='word_1_849' title='bbox 2009 5222 2285 5291; x_wconf 86' lang='lat' dir='ltr'><strong>Scriptura</strong></span> <span class='ocrx_word' id='word_1_850' title='bbox 2323 5218 2509 5272; x_wconf 85' lang='lat' dir='ltr'><strong>dicens</strong></span> <span class='ocrx_word' id='word_1_851' title='bbox 2533 5258 2547 5280; x_wconf 98' lang='lat'><strong>,</strong></span> <span class='ocrx_word' id='word_1_852' title='bbox 2583 5214 2698 5268; x_wconf 80' lang='lat' dir='ltr'><strong>Noe</strong></span> <span class='ocrx_word' id='word_1_853' title='bbox 2722 5225 2889 5267; x_wconf 89' lang='lat' dir='ltr'><strong>autem</strong></span> <span class='ocrx_word' id='word_1_854' title='bbox 2916 5222 3022 5266; x_wconf 85' lang='lat' dir='ltr'><strong>erat</strong></span> <span class='ocrx_word' id='word_1_855' title='bbox 3048 5202 3298 5265; x_wconf 75' lang='lat' dir='ltr'><strong>minarum</strong></span> <span class='ocrx_word' id='word_1_856' title='bbox 3320 5210 3624 5281; x_wconf 77' lang='lat' dir='ltr'><strong>quingenta-</strong></span> 
     </span>
    </p>
   </div>
   <div class='ocr_carea' id='block_1_115' title="bbox 2009 5301 3628 5386">
    <p class='ocr_par' dir='ltr' id='par_1_115' title="bbox 2009 5301 3628 5386">
     <span class='ocr_line' id='line_1_115' title="bbox 2009 5301 3628 5386; baseline -0.009 -17"><span class='ocrx_word' id='word_1_857' title='bbox 2009 5331 2123 5369; x_wconf 87' lang='lat' dir='ltr'><strong>rum</strong></span> <span class='ocrx_word' id='word_1_858' title='bbox 2155 5312 2308 5386; x_wconf 82' lang='lat' dir='ltr'><strong>(Gen.</strong></span> <span class='ocrx_word' id='word_1_859' title='bbox 2339 5311 2393 5365; x_wconf 83' lang='lat'><strong>5.</strong></span> <span class='ocrx_word' id='word_1_860' title='bbox 2423 5310 2518 5378; x_wconf 80' lang='lat'><strong>5|)</strong></span> <span class='ocrx_word' id='word_1_861' title='bbox 2545 5325 2556 5360; x_wconf 91' lang='lat'><strong>:</strong></span> <span class='ocrx_word' id='word_1_862' title='bbox 2582 5315 2636 5362; x_wconf 91' lang='lat' dir='ltr'><strong>et</strong></span> <span class='ocrx_word' id='word_1_863' title='bbox 2687 5313 2968 5376; x_wconf 74' lang='lat' dir='ltr'><strong>postquam</strong></span> <span class='ocrx_word' id='word_1_864' title='bbox 3029 5305 3181 5358; x_wconf 89' lang='lat' dir='ltr'><strong>nobis</strong></span> <span class='ocrx_word' id='word_1_865' title='bbox 3223 5318 3488 5357; x_wconf 89' lang='lat' dir='ltr'><strong>annorum</strong></span> <span class='ocrx_word' id='word_1_866' title='bbox 3534 5301 3628 5355; x_wconf 53' lang='lat' dir='ltr'><strong>de.</strong></span> 
     </span>
    </p>
   </div>
   <div class='ocr_carea' id='block_1_116' title="bbox 2008 5393 3626 5464">
    <p class='ocr_par' dir='ltr' id='par_1_116' title="bbox 2008 5393 3626 5464">
     <span class='ocr_line' id='line_1_116' title="bbox 2008 5393 3626 5464; baseline -0.007 -4"><span class='ocrx_word' id='word_1_867' title='bbox 2008 5405 2234 5461; x_wconf 88' lang='lat' dir='ltr'><strong>claravit</strong></span> <span class='ocrx_word' id='word_1_868' title='bbox 2279 5416 2590 5464; x_wconf 88' lang='lat' dir='ltr'><strong>numerum,</strong></span> <span class='ocrx_word' id='word_1_869' title='bbox 2624 5409 2754 5454; x_wconf 89' lang='lat' dir='ltr'><strong>tunc</strong></span> <span class='ocrx_word' id='word_1_870' title='bbox 2797 5396 3037 5454; x_wconf 81' lang='lat' dir='ltr'><strong>narravit</strong></span> <span class='ocrx_word' id='word_1_871' title='bbox 3067 5396 3408 5452; x_wconf 89' lang='lat' dir='ltr'><strong>immodicam</strong></span> <span class='ocrx_word' id='word_1_872' title='bbox 3454 5393 3626 5448; x_wconf 84' lang='lat' dir='ltr'><strong>homi-</strong></span> 
     </span>
    </p>
   </div>
   <div class='ocr_carea' id='block_1_117' title="bbox 2010 5488 3626 5564">
    <p class='ocr_par' dir='ltr' id='par_1_117' title="bbox 2010 5488 3626 5564">
     <span class='ocr_line' id='line_1_117' title="bbox 2010 5488 3626 5564; baseline -0.01 -10"><span class='ocrx_word' id='word_1_873' title='bbox 2010 5513 2142 5554; x_wconf 87' lang='lat' dir='ltr'><strong>num</strong></span> <span class='ocrx_word' id='word_1_874' title='bbox 2175 5497 2228 5552; x_wconf 91' lang='lat' dir='ltr'><strong>in</strong></span> <span class='ocrx_word' id='word_1_875' title='bbox 2261 5495 2456 5550; x_wconf 89' lang='lat' dir='ltr'><strong>malum</strong></span> <span class='ocrx_word' id='word_1_876' title='bbox 2491 5491 2930 5564; x_wconf 84' lang='lat' dir='ltr'><strong>propensionem,</strong></span> <span class='ocrx_word' id='word_1_877' title='bbox 2961 5500 3015 5544; x_wconf 90' lang='lat' dir='ltr'><strong>et</strong></span> <span class='ocrx_word' id='word_1_878' title='bbox 3043 5490 3164 5559; x_wconf 86' lang='lat' dir='ltr'><strong>quia</strong></span> <span class='ocrx_word' id='word_1_879' title='bbox 3195 5488 3457 5542; x_wconf 90' lang='lat' dir='ltr'><strong>incumbit</strong></span> <span class='ocrx_word' id='word_1_880' title='bbox 3484 5502 3626 5555; x_wconf 77' lang='lat' dir='ltr'><strong>cogi-</strong></span> 
     </span>
    </p>
   </div>
   <div class='ocr_carea' id='block_1_118' title="bbox 2014 5585 3628 5660">
    <p class='ocr_par' dir='ltr' id='par_1_118' title="bbox 2014 5585 3628 5660">
     <span class='ocr_line' id='line_1_118' title="bbox 2014 5585 3628 5660; baseline -0.005 -13"><span class='ocrx_word' id='word_1_881' title='bbox 2014 5601 2146 5647; x_wconf 73' lang='lat' dir='ltr'><strong>tatio</strong></span> <span class='ocrx_word' id='word_1_882' title='bbox 2175 5595 2451 5646; x_wconf 75' lang='lat' dir='ltr'><strong>hominum</strong></span> <span class='ocrx_word' id='word_1_883' title='bbox 2470 5591 2756 5660; x_wconf 83' lang='lat' dir='ltr'><strong>diligenter</strong></span> <span class='ocrx_word' id='word_1_884' title='bbox 2778 5589 2828 5642; x_wconf 92' lang='lat' dir='ltr'><strong>in</strong></span> <span class='ocrx_word' id='word_1_885' title='bbox 2848 5587 2985 5642; x_wconf 89' lang='lat' dir='ltr'><strong>mala</strong></span> <span class='ocrx_word' id='word_1_886' title='bbox 3004 5588 3370 5657; x_wconf 86' lang='lat' dir='ltr'><strong>ajuventute;</strong></span> <span class='ocrx_word' id='word_1_887' title='bbox 3401 5585 3628 5653; x_wconf 83' lang='lat' dir='ltr'><strong>ideoque</strong></span> 
     </span>
    </p>
   </div>
   <div class='ocr_carea' id='block_1_119' title="bbox 2007 5678 3624 5754">
    <p class='ocr_par' dir='ltr' id='par_1_119' title="bbox 2007 5678 3624 5754">
     <span class='ocr_line' id='line_1_119' title="bbox 2007 5678 3624 5754; baseline -0.003 -19"><span class='ocrx_word' id='word_1_888' title='bbox 2007 5678 2150 5737; x_wconf 69' lang='lat' dir='ltr'><strong>dixit</strong></span> <span class='ocrx_word' id='word_1_889' title='bbox 2175 5684 2350 5749; x_wconf 88' lang='lat' dir='ltr'><strong>Deus,</strong></span> <span class='ocrx_word' id='word_1_890' title='bbox 2384 5683 2506 5742; x_wconf 80' lang='lat' dir='ltr'><strong>Non</strong></span> <span class='ocrx_word' id='word_1_891' title='bbox 2541 5681 2851 5754; x_wconf 76' lang='lat' dir='ltr'><strong>permanebit</strong></span> <span class='ocrx_word' id='word_1_892' title='bbox 2883 5682 3110 5752; x_wconf 82' lang='lat' dir='ltr'><strong>Spiritus</strong></span> <span class='ocrx_word' id='word_1_893' title='bbox 3137 5697 3275 5734; x_wconf 77' lang='lat' dir='ltr'><strong>mens</strong></span> <span class='ocrx_word' id='word_1_894' title='bbox 3311 5681 3368 5734; x_wconf 83' lang='lat' dir='ltr'><strong>in</strong></span> <span class='ocrx_word' id='word_1_895' title='bbox 3405 5679 3624 5733; x_wconf 77' lang='lat' dir='ltr'><strong>homini-</strong></span> 
     </span>
    </p>
   </div>
   <div class='ocr_carea' id='block_1_120' title="bbox 2015 5770 3626 5846">
    <p class='ocr_par' dir='ltr' id='par_1_120' title="bbox 2015 5770 3626 5846">
     <span class='ocr_line' id='line_1_120' title="bbox 2015 5770 3626 5846; baseline -0.004 -16"><span class='ocrx_word' id='word_1_896' title='bbox 2015 5780 2108 5836; x_wconf 70' lang='lat' dir='ltr'><strong>bus</strong></span> <span class='ocrx_word' id='word_1_897' title='bbox 2128 5773 2265 5845; x_wconf 75' lang='lat' dir='ltr'><strong>istis,</strong></span> <span class='ocrx_word' id='word_1_898' title='bbox 2296 5791 2354 5832; x_wconf 82' lang='lat' dir='ltr'><strong>eo</strong></span> <span class='ocrx_word' id='word_1_899' title='bbox 2379 5782 2513 5846; x_wconf 82' lang='lat' dir='ltr'><strong>quod</strong></span> <span class='ocrx_word' id='word_1_900' title='bbox 2540 5772 2637 5844; x_wconf 77' lang='lat' dir='ltr'><strong>ipsi</strong></span> <span class='ocrx_word' id='word_1_901' title='bbox 2667 5774 2768 5830; x_wconf 83' lang='lat' dir='ltr'><strong>sint</strong></span> <span class='ocrx_word' id='word_1_902' title='bbox 2798 5789 2976 5828; x_wconf 84' lang='lat' dir='ltr'><strong>carnes</strong></span> <span class='ocrx_word' id='word_1_903' title='bbox 3003 5770 3158 5844; x_wconf 78' lang='lat' dir='ltr'><strong>(Gen.</strong></span> <span class='ocrx_word' id='word_1_904' title='bbox 3188 5773 3236 5827; x_wconf 85' lang='lat'><strong>6.</strong></span> <span class='ocrx_word' id='word_1_905' title='bbox 3265 5772 3351 5842; x_wconf 73' lang='lat'><strong>3):</strong></span> <span class='ocrx_word' id='word_1_906' title='bbox 3376 5785 3626 5842; x_wconf 71' lang='lat' dir='ltr'><strong>prmnun~</strong></span> 
     </span>
    </p>
   </div>
  </div>
