4070 6392
501 341 608 399 919

505 455 686 513 tiando
712 451 790 510 eis
830 446 1204 522 indignationis
1250 456 1348 497 sua
1397 436 1844 510 magnitudinem:
1871 429 1995 522 dein
2021 437 2078 522 ut

506 548 661 603 daret
685 545 764 600 eis
793 519 1043 599 idoneum
1071 549 1278 606 tempus
1295 575 1313 602 ,
1342 530 1483 604 quod
1512 527 1781 607 sufﬁceret
1801 523 1868 579 ad
1895 519 2084 590 resipi-

505 636 762 695 scendum
782 676 800 701 ,
823 643 884 690 ut
903 629 1317 700 indignationem
1345 636 1452 679 non
1480 619 1884 690 experirentur,
1909 611 2079 666 dicit:

357 709 364 715 ’
443 740 480 756 τ
511 728 673 784 Erum
691 735 859 782 autem
873 723 978 778 dies
991 735 1163 776 eorum
1173 715 1297 771 anni
1309 723 1504 770 centtuu
1523 703 1918 782 etrigintiweno
1934 701 2082 772 δυτψ

509 823 610 876 hoc
632 826 734 877 est.
763 814 948 871 Adhuc
994 806 1393 882 procrastinabo
1418 804 1578 860 etiam
1607 811 1729 874 post
1759 799 2086 870 quingentos

507 907 628 962 illos
671 920 860 970 annus,
909 903 961 957 in
1011 885 1203 972 quibus
1241 895 1542 967 justnsiste
1571 907 1669 948 suo
1692 889 1910 946 nomine
1956 884 2086 940 satis

507 1009 698 1051 omnes
723 990 841 1046 illos
863 988 1184 1046 admonebat
1201 995 1258 1042 et
1281 983 1588 1050 inducebat,
1607 981 1652 1036 si
1673 978 1887 1051 quidem
1916 981 2088 1031 atten-

509 1091 641 1146 dere
668 1086 1067 1144 voluissent..ttt
1114 1087 1170 1136 et
1211 1094 1241 1134 a
1295 1077 1494 1134 malitia
1553 1072 1892 1135 desisterent,
1918 1074 1975 1122 et
2017 1063 2086 1120 ad

402 1238 406 1241 .
508 1181 761 1236 virtutem
790 1191 849 1232 se
876 1169 1242 1231 transferrem;
1274 1168 1649 1224 Verumtamen
1674 1169 1730 1218 et
1758 1172 1900 1216 nunc
1933 1155 2089 1228 polli-

509 1286 638 1327 ceor
665 1283 754 1326 me
794 1280 964 1323 annos
1011 1271 1225 1320 centum
1276 1259 1460 1329 viginti
1509 1254 1586 1330 (a)
1636 1254 2004 1317 toleraturum,
2029 1257 2090 1303 ut

513 1373 760 1433 tempore
807 1356 948 1430 quod
988 1353 1284 1411 intercedet
1311 1392 1328 1415 ,
1375 1345 1819 1421 quemadmodum
1871 1357 1967 1414 par
2006 1351 2091 1398 est

513 1463 750 1514 utantur.
781 1450 1140 1518 malitiamque
1168 1445 1389 1513 fugiant,
1428 1450 1485 1500 et
1509 1440 1760 1494 virtutem
1782 1434 2092 1506 amplexen-

513 1555 621 1600 tur.
676 1543 746 1599 Et
769 1539 1076 1599 non-solum
1121 1545 1403 1597 contortius
1439 1529 1536 1586 luit
1575 1535 1787 1584 centum
1826 1533 1882 1579 et
1907 1521 2090 1592 viginti

513 1645 774 1691 annorum
816 1627 1192 1702 promissioni;
1233 1622 1329 1680 sed
1367 1623 1513 1692 justo
1554 1616 1800 1689 prmeepit
1827 1621 1887 1668 ut
1911 1625 2090 1667 arcam

513 1731 865 1786 construeret,
898 1733 998 1793 quo
1020 1727 1076 1774 et
1092 1717 1214 1787 ipse
1236 1725 1479 1784 aspectus
1493 1726 1632 1767 arcte
1657 1709 1723 1764 iis
1741 1704 2090 1776 sufficientem

513 1814 829 1872 memoriam
851 1816 1177 1882 suggereret,
1199 1801 1250 1862 et
1277 1805 1454 1860 nullus
1491 1803 1758 1873 ignoraret
1802 1794 2094 1854 inferenda:

518 1921 690 1980 putum
715 1900 1154 1974 magnitudinem.
1177 1897 1309 1956 Nam
1338 1894 1476 1950 istud
1514 1892 1719 1963 ipsum,
1747 1887 1887 1980 quod
1917 1884 2095 1980 justus

518 1977 632 2062 ille,
659 2007 714 2053 et
738 1996 827 2066 qui
855 1995 908 2050 in
934 2005 1202 2048 summum
1227 1989 1438 2044 virtutis
1465 1988 1778 2057 pervenerat
1800 1977 2090 2066 fastigium,

519 2097 666 2152 tacte
689 2063 1199 2144 studio-exstructas
1221 2092 1402 2133 arcum
1427 2117 1443 2142 ,
1473 2075 1603 2128 satis
1626 2085 1747 2128 esse
1767 2067 1999 2124 debebat
2023 2063 2093 2120 ad

509 2177 866 2249 injiciendum
909 2171 1197 2239 omnibus,
1220 2169 1412 2242 quibus
1462 2181 1613 2221 mens
1655 2169 1771 2217 erat
1797 2200 1812 2226 ,
1840 2169 2090 2228 angorem

518 2279 576 2327 et
618 2267 976 2330 formidinem,
1019 2274 1076 2320 et
1116 2258 1535 2333 persuadendum
1565 2263 1624 2308 ut
1672 2250 1939 2321 placarent
1985 2257 2091 2301 tam

520 2365 853 2416 mansuetum
880 2364 933 2410 ct
970 2353 1288 2409 clementem
1325 2344 1625 2402 Dominum.
1659 2339 1790 2394 Nam
1821 2339 1862 2394 si
1885 2335 2096 2423 barintri

521 2451 597 2508 illi
620 2449 716 2522 (lt),
752 2447 1010 2504 Ninivitas
1029 2444 1150 2499 dico
1170 2482 1188 2510 ,
1213 2455 1346 2511 quos
1369 2438 1558 2494 iterum
1587 2435 1645 2490 in
1663 2432 1896 2489 medium
1931 2427 2098 2522 addu-

525 2518 654 2597 cere
673 2518 860 2608 operae
885 2534 1112 2608 pretium
1139 2539 1242 2596 est,
1271 2537 1329 2584 ut
1348 2527 1506 2584 etiam
1536 2524 1636 2580 hac
1680 2523 1886 2578 ratione
1929 2518 2098 2588 magis

521 2607 919 2685 demonstretur
961 2631 1016 2681 et
1051 2607 1243 2676 borum
1289 2619 1475 2689 ingens
1522 2613 1741 2676 malitia,
1774 2619 1831 2668 et
1881 2609 2094 2664 illorum

524 2733 715 2790 magna
743 2714 997 2788 probitas.
1036 2711 1244 2769 Etenim
1294 2706 1550 2764 Dominus
1585 2711 1767 2759 noster
1800 2701 1853 2754 in
1888 2700 1977 2755 die
2007 2698 2098 2752 illo

525 2810 770 2874 terribili,
787 2805 993 2880 iudicii,
1028 2805 1264 2875 inquam,
1293 2813 1479 2856 servos
1501 2805 1760 2853 etservos
1783 2795 1834 2848 in
1863 2791 2098 2847 modium

515 2903 821 2975 producens
841 2905 864 2968 ,'
906 2899 984 2954 sic
1029 2893 1522 2953 condemnationem
1566 2887 1798 2960 proferet
1816 2925 1832 2951 ,
1887 2880 2100 2955 quando

525 2991 963 3053 monstrabuptur
1009 2989 1044 3042 ii
1074 2987 1162 3056 qui
1203 2984 1388 3040 eadem
1435 2982 1574 3039 bona
1615 2977 1790 3034 sortiti
1831 2982 2006 3039 erant,
2048 2982 2103 3026 et

525 3079 834 3139 eorumdem
857 3078 1117 3134 bonorum
1145 3072 1426 3144 participes
1448 3085 1556 3126 non
1581 3068 1821 3128 eamdem
1835 3077 2098 3120 exercue-

531 3183 652 3228 rant
695 3171 990 3225 virtutem:
1027 3181 1173 3237 sa-pc
1214 3173 1394 3219 autem
1441 3164 1604 3219 etiam
1643 3175 1708 3216 ex
1756 3155 2104 3227 inatqualibos

533 3256 960 3332 enumerationes
991 3254 1121 3313 facit
1143 3293 1164 3322 ,
1199 3263 1263 3311 Its
1305 3253 1562 3322 majorem
1605 3247 2104 3306 condemnationem

532 3352 734 3424 ignavis
759 3350 971 3409 inierat.
1009 3351 1342 3421 Quapropter
1363 3355 1422 3414 et
1447 3347 1500 3424 in
1534 3342 1614 3398 Ev
1646 3341 1823 3410 ngelio
1849 3339 2059 3396 dicebat
2085 3352 2102 3391 :

534 3423 651 3491 Viri
669 3428 1214 3494 Ninivitcczsttrgent
1237 3423 1500 3489 uqadwio
1512 3438 1633 3478 cum
1660 3426 2116 3492 generationeltae,

531 3533 579 3576 et
629 3518 1028 3579 condemnabam
1073 3534 1219 3584 sunt,
1259 3517 1380 3588 quia
1417 3517 1762 3587 penitentiam
1806 3526 2011 3589 egerunt
2057 3517 2112 3571 in

535 3609 892 3680 pradicatione
915 3607 1064 3663 lente
1084 3623 1103 3662 :
1119 3617 1164 3663 et
1185 3625 1294 3663 ecce
1310 3609 1588 3678 plusquam
1605 3605 1768 3664 Jonas
1797 3608 1876 3663 hic
1895 3607 2108 3678 (Matth.

539 3699 628 3754 i‘i.
656 3698 750 3769 4i)
775 3715 788 3750 :
813 3698 964 3768 quasi
1011 3697 1490 3754 dicerettBarbari
1533 3714 1756 3768 quorum
1801 3699 1940 3754 nulla
1982 3713 2110 3752 cura

536 3799 618 3844 est
636 3788 832 3853 habita,
851 3788 940 3860 qui
971 3789 1344 3856 prophetarum
1363 3787 1658 3842 doctrinam
1680 3802 1785 3841 non
1808 3788 2108 3853 audierunt,

537 3878 631 3949 qui
655 3878 800 3948 signa
828 3892 935 3932 non
959 3875 1224 3943 viderunt,
1250 3877 1336 3945 qui
1359 3876 1610 3933 miracula
1640 3874 1743 3931 rion
1767 3887 2070 3945 spectarunt
2092 3914 2109 3940 ,

538 3967 634 4024 scd
655 3967 849 4022 auditis
875 3975 1078 4021 tantum
1110 3967 1262 4020 unius
1285 3964 1514 4021 hominis
1536 3967 1586 4018 in
1617 3964 1892 4037 naufragio
1918 3967 2114 4021 servati

536 4058 714 4114 verbis
733 4099 748 4121 ,
775 4074 895 4128 qua:
943 4071 1066 4123 eos,
1091 4071 1334 4126 magnam
1359 4056 1782 4126 desperationem
1805 4055 2112 4120 .aﬂ‘erendo,

536 4147 745 4204 consilii
776 4150 962 4217 inopes
979 4147 1152 4202 iacere
1180 4156 1440 4216 poterant,
1463 4148 1532 4201 ita
1555 4156 1610 4202 ut
1625 4148 1786 4204 etiaut
1799 4157 2115 4203 contemne-

540 4250 658 4295 rent
703 4255 822 4310 quia
877 4239 1208 4303 dicebantur,
1239 4239 1565 4295 uonsolnm
1605 4255 1710 4294 non
1761 4237 2118 4310 despexerunt

540 4329 814 4401 pmphetae
839 4331 1024 4392 verba,
1052 4329 1144 4384 sed
1195 4340 1250 4386 et
1303 4332 1354 4384 in
1407 4331 1566 4386 trium
1617 4330 1824 4388 dierum
1875 4334 2116 4402 angustia

540 4420 883 4490 deprehensi,
915 4431 1020 4476 tam
1066 4421 1371 4490 diligentem
1399 4431 1454 4476 et
1488 4421 1778 4477 studiosam
1803 4419 1977 4477 iecere
2002 4437 2118 4491 pm-

540 4511 838 4574 uitentiam,
869 4519 1005 4565 utet
1054 4512 1370 4566 sententiam
1417 4511 1624 4566 Domini
1671 4521 2000 4568 revocarent.
2050 4512 2116 4567 ΗΞ

539 4601 719 4672 igitur,
769 4602 973 4671 inquit,
1022 4602 1452 4657 condemnabam
1496 4605 1890 4670 generationem
1941 4603 2114 4673 hanc,

538 4693 680 4748 circa
707 4708 863 4762 quam
895 4703 1037 4748 tanta
1064 4708 1188 4748 cura
1221 4692 1320 4747 fuit
1338 4693 1593 4761 adhibita,
1611 4709 1728 4766 qum
1745 4695 2117 4766 prepbetarum

541 4783 694 4838 libris
721 4785 948 4838 enutrita
985 4793 1087 4849 est,
1117 4799 1236 4856 qum
1283 4785 1433 4854 signa
1484 4793 1539 4838 et
1583 4785 1835 4840 miracula
1883 4786 2119 4855 quotidie

543 4875 821 4945 spectavit.
867 4876 1064 4931 Deinde
1085 4887 1142 4930 ut
1166 4888 1217 4931 et
1248 4877 1467 4931 istorum
1489 4891 1732 4946 magnam
1779 4876 2119 4933 incredulita-

543 4967 611 5020 tis
636 4966 977 5020 eminentiam
1007 4968 1312 5022 ostenderet
1334 5006 1348 5025 .
1378 4970 1536 5020 etiam
1564 4967 1772 5022 illorum
1801 4967 2119 5022 ineii‘abiletn

546 5055 860 5125 probitatem
888 5057 1067 5110 subdit
1096 5073 1110 5110 :
1143 5056 1272 5121 Quia
1303 5057 1641 5125 pmniwntiam
1670 5067 1874 5127 egerunt
1897 5057 1966 5110 ad
1991 5071 2122 5124 pra:-

549 5146 844 5201 tlicatiouem
873 5147 1021 5200 J0me
1047 5188 1062 5213 ,
1089 5158 1134 5200 et
1162 5164 1269 5201 ecce
1299 5148 1413 5217 plus
1441 5163 1592 5216 quam
1619 5145 1778 5202 Janus
1811 5149 1882 5201 ltit
1923 5164 1940 5201 ε
1966 5147 2120 5202 Nini-

606 5325 679 5385 (a)
707 5323 957 5395 title-qum
979 5325 1204 5393 superius
1222 5326 1430 5374 diximus
1458 5324 1551 5374 col.
1576 5324 1682 5384 190,
1707 5326 1830 5375 circa
1876 5324 1983 5374 illos
2003 5338 2121 5375 cen-

547 5391 650 5436 tum
675 5388 839 5445 viginti
865 5389 1044 5432 atinas."
1169 5428 1174 5432 .

608 5445 678 5505 (ὸ)
710 5444 984 5495 Orationem
1005 5445 1132 5495 solet
1152 5445 1510 5508 cltrysostomus
1529 5444 1816 5508 frequenter
1835 5445 2118 5508 interpella-

545 5518 619 5558 re.
637 5518 1067 5568 acAnounumqnam
1089 5515 1185 5555 tam
1208 5507 1375 5568 longas
1399 5508 1578 5557 inducit
1597 5507 1934 5568 pat'entbeses.
1960 5507 2012 5556 ut
2034 5522 2122 5557 sae-

545 5580 606 5634 pe
633 5565 851 5613 videatur
873 5564 1044 5634 priori-5
1066 5570 1212 5634 seriei
1239 5564 1417 5634 oblitus
1426 5582 1445 5634 _:
1463 5564 1732 5634 sednescio
1743 5581 1808 5634 Ian
1828 5569 2009 5634 nSpiam
2025 5583 2122 5634 nta-

540 5629 697 5692 _'§orrm
715 5639 857 5686 quam
881 5629 956 5675 hic
975 5630 1288 5688 parenthesin
1315 5630 1585 5678 adhibuerit
1611 5643 1620 5675 :
1647 5630 1866 5691 paginam
1893 5633 2019 5677 enim
2044 5629 2122 5680 illa

543 5697 646 5745 fere
673 5699 911 5753 into-tuam
934 5700 1147 5759 occupat,

1194 328 1253 387 s.
1291 318 1569 383 JOANNIS
1602 309 2079 376 cnnvstisrom
2117 309 2438 370 AliCitlEi’.
2476 259 3010 368 consumptor.

3661 302 3775 363 εεο

2190 428 2314 484 vitm
2335 427 2571 499 quidem,
2622 428 2812 500 inquit,
2862 427 2979 484 viso
3017 425 3226 495 abjecto
3273 424 3485 484 homine
3530 424 3686 492 lous.
3713 439 3771 484 et

2187 520 2302 590 ejus
2340 529 2690 588 susceperunt
2711 519 3166 592 prmdicationem.
3212 527 3270 574 et
3317 519 3775 574 accuratissimani

2189 610 2426 672 iecerunt
2470 609 2836 680 paenitentiam
2887 627 2902 664 :
2952 607 3041 667 isti
3086 618 3265 664 autem
3318 607 3559 664 videnta
3603 610 3778 664 multo

2188 702 2445 770 majorem
2464 715 2622 769 quam
2641 698 2806 757 Jonas
2828 709 2941 755 erat
2969 740 2986 764 ,
3019 699 3296 770 ipsumque
3325 697 3554 754 universi
3595 699 3774 754 Domi-

2188 807 2318 848 num
2345 806 2529 851 secum
2555 791 2717 846 simul
2740 801 3059 856 versantem,
3086 796 3340 860 tantaque
3361 804 3426 868 ac
3449 788 3572 844 talia
3598 789 3778 860 quoti-

2189 882 2277 939 die
2300 883 2554 940 miracula
2581 891 2914 954 operantem,
2943 883 3182 954 leprosos
3210 882 3556 938 mandantem
3576 922 3595 948 ,
3625 894 3770 936 mor-

2190 983 2312 1030 tuos
2350 973 2696 1031 suscitantem
2721 1013 2740 1038 ,
2769 973 2893 1028 vitia
2919 983 3122 1028 naturae
3149 971 3509 1042 corrigentem
3531 1012 3546 1036 ,
3573 970 3781 1025 dar-mo-

2190 1078 2287 1120 nes
2314 1063 2694 1134 exponentem,
2719 1064 2940 1122 morbos
2985 1073 3283 1126 curantem,
3316 1069 3578 1132 potestate
3607 1059 3778 1118 multa

2189 1167 2528 1226 peccatorum
2554 1155 2920 1211 remissionem
2936 1154 3258 1224 praebentem
3280 1167 3299 1209 :
3325 1168 3430 1209 non
3453 1152 3598 1207 illam
3612 1165 3779 1223 quam

2191 1245 2399 1301 barbari
2433 1244 2592 1300 Iidem
2615 1245 2989 1301 exhibueruut.

2260 1337 2315 1392 3.
2360 1334 2615 1390 Patientia
2664 1344 2712 1388 et
2755 1334 3035 1405 benignitas
3059 1333 3150 1390 Dei
3201 1334 3255 1387 in
3299 1333 3413 1402 ipso
3440 1331 3672 1392 diluvio;
3717 1343 3792 1384 ea:

2193 1427 2422 1497 prtrsenti
2461 1441 2608 1498 ptem:
2644 1425 2964 1495 peccantibus
2998 1423 3142 1479 illam
3191 1421 3434 1476 minuitur
3461 1432 3671 1476 eterna.
3697 1447 3776 1460 —-

2196 1515 2392 1570 Verum
2422 1517 2488 1570 ad
2517 1515 2783 1572 sermonis
2809 1512 2978 1569 nostri
3026 1513 3222 1567 seriem
3263 1510 3560 1574 redeamus,
3588 1518 3644 1564 ut
3691 1507 3784 1564 νε-
3878 1552 3882 1556 .

2194 1605 2323 1662 deas
2362 1619 2522 1674 quam
2566 1603 2847 1664 immodica
2892 1602 3115 1657 istorum
3154 1601 3310 1666 fuerit
3333 1599 3675 1668 improbitas,
3724 1608 3785 1653 et

2197 1710 2352 1764 quam
2391 1677 2668 1764 laboriosa
2697 1692 2905 1747 illorum
2952 1691 3314 1761 restpiscentia
3339 1707 3354 1748 :
3375 1688 3619 1745 Ninivita:
3653 1688 3785 1760 qui-

2195 1784 2318 1840 dem
2344 1785 2396 1838 in
2437 1783 2669 1839 triduum
2708 1782 2984 1851 coarctati,
3007 1795 3185 1853 neque
3232 1781 3311 1837 sic
3358 1780 3428 1836 de
3471 1781 3643 1836 salute
3682 1791 3787 1834 sua

2195 1877 2564 1947 desperarunt,
2586 1874 2680 1930 sed
2694 1875 2758 1928 ad
2782 1869 3146 1943 pienitentiam
3169 1880 3530 1954 properantes,
3562 1873 3786 1942 peccata

2197 1970 2495 2031 abtuernnt,
2524 1966 2991 2044 misericordiaque
3021 1965 3226 2020 Domini
3251 1951 3374 2021 sese
3409 1962 3603 2034 dignos
3626 1961 3788 2017 exiti-

2198 2062 2428 2115 buerunt
2455 2077 2469 2116 :
2494 2051 2588 2136 isti
2612 2066 2795 2116 autem
2819 2099 2833 2120 ,
2857 2055 2924 2114 de
2951 2057 3144 2127 quibus
3169 2071 3309 2112 nunc
3335 2069 3543 2121 sermo,
3569 2062 3789 2124 tempus

2197 2161 2409 2210 centum
2439 2161 2494 2208 et
2520 2137 2704 2222 viginti
2740 2164 3004 2205 annorum
3050 2147 3118 2203 ad
3148 2146 3512 2218 pmnitentiam
3553 2160 3790 2214 accepe-

2197 2253 2340 2308 rant,
2361 2258 2534 2316 neque
2561 2242 2758 2312 aliquid
2787 2240 2913 2297 inde
2937 2238 3331 2295 lucril‘ecerunt.
3357 2236 3587 2294 Proinde
3605 2236 3792 2291 Domi-

2199 2349 2301 2390 nus
2324 2332 2508 2388 videns
2531 2334 2582 2387 in
2611 2330 2830 2386 multam
2859 2329 2977 2392 illos
2996 2328 3258 2384 excidisse
3291 2327 3609 2397 nequitiam,
3635 2323 3788 2381 cele—

2200 2441 2314 2481 rem
2338 2425 2466 2494 ipsis
2491 2423 2692 2478 inducit
2725 2407 3108 2477 correctionem
3131 2459 3146 2483 ,
3169 2415 3450 2485 aboletque
3469 2426 3522 2471 et
3551 2431 3582 2469 e
3603 2413 3789 2469 medio

2203 2515 2345 2570 tollit
2373 2513 2498 2568 mali
2544 2527 2731 2568 eorum
2779 2509 3026 2566 fermenti
3081 2508 3288 2563 vitium.
3315 2505 3440 2562 Ideo
3466 2505 3636 2562 dicit:
3671 2503 3791 2584 Noe

2202 2615 2370 2659 autem
2417 2612 2524 2658 erat
2567 2617 2816 2658 armorum
2859 2610 3204 2655 sexcetttorunt
3221 2639 3237 2664 ,
3262 2607 3309 2651 et
3347 2597 3592 2652 diluvium
3635 2611 3790 2668 «ea

2202 2700 2388 2767 factum
2409 2705 2480 2762 est
2508 2691 2660 2763 super
2679 2703 2884 2746 terram.
2915 2689 3033 2746 Jam
3059 2688 3339 2744 didicimus
3361 2729 3378 2752 ,
3402 2687 3616 2759 quando
3640 2685 3792 2741 indi-

2199 2787 2381 2859 gnatio
2432 2793 2488 2840 et
2535 2783 2807 2850 praedictio
2855 2781 3064 2837 Domini
3120 2780 3254 2837 iacta
3305 2787 3408 2843 est,
3458 2778 3571 2833 Noe
3622 2778 3792 2832 fuisse

2200 2892 2460 2933 annorum
2490 2875 2903 2944 quingentorum
2927 2889 2941 2924 :
2971 2870 3185 2942 quando
3208 2880 3386 2924 autem
3414 2867 3685 2924 induetum
3703 2876 3792 2921 est

2201 2967 2475 3026 diluvium,
2500 2975 2869 3020 sescentorum
2942 2960 3014 3014 ita
3044 2959 3272 3014 iitterccs
3291 2963 3456 3013 erunt
3496 2956 3620 3011 anni
3648 2955 3793 3010 inter

2209 3059 2642 3127 prredicationem
2672 3065 2727 3110 ct
2745 3054 3001 3109 diluviutn
3031 3063 3244 3106 centum
3277 3067 3290 3103 :
3318 3059 3374 3105 et
3425 3050 3478 3105 in
3525 3048 3591 3104 iis
3629 3046 3790 3104 annis

2209 3165 2275 3206 ne
2300 3149 2565 3206 tantillum
2592 3146 2804 3216 quidem
2837 3144 3197 3216 proiecerunt,
3228 3141 3351 3197 licet
3379 3150 3653 3213 tantopere
3689 3139 3795 3195 do-

2205 3247 2453 3294 cerentur
2480 3252 2512 3292 a
2540 3235 2650 3291 Noe
2673 3249 2852 3290 arcam
2883 3232 3195 3288 lubricante.
3233 3231 3338 3287 Sed
3382 3230 3609 3287 fortasse
3634 3247 3794 3302 quie-

2208 3339 2289 3383 ret
2336 3326 2764 3397 aliquis:Qnare
2804 3339 2924 3377 eum
2978 3320 3176 3377 dixerit
3230 3319 3481 3376 Doluinus
3513 3359 3529 3389 ,
3573 3318 3846 3378 Genium:

2216 3413 2703 3486 ulgiutianm'ertmt
2729 3413 2842 3469 dies
2854 3427 3070 3476 eorum;
3087 3403 3505 3488 promiseritque
3532 3429 3592 3470 se
3638 3423 3798 3469 tattto

2215 3515 2456 3576 tempore
2481 3506 2769 3582 tolerantia
2811 3518 3049 3570 usurum,
3091 3513 3378 3573 antequam
3434 3505 3790 3575 implerentnr

2213 3599 2338 3653 anni
2368 3596 2642 3666 promissi.
2672 3595 2976 3651 universale
2997 3594 3280 3650 introducit
3295 3594 3596 3652 excidium?
3615 3595 3793 3651 Etiam

2215 3687 2318 3743 hoc
2365 3687 2526 3757 ipsius
2553 3685 2851 3741 clementia:
2900 3683 3187 3738 maximum
3220 3691 3305 3738 est
3339 3689 3708 3756 argumentum
3739 3699 3797 3742 et

2217 3777 2490 3834 indicium.
2524 3775 2654 3831 Nam
2680 3773 2930 3845 quoniam
2970 3773 3102 3829 vidit
3147 3773 3383 3843 quotidie
3433 3777 3799 3832 incurabiiitcr

2217 3870 2336 3924 illos
2363 3883 2603 3938 peccare,
2628 3876 2685 3922 et
2716 3881 2821 3922 non
2870 3865 3043 3947 solum
3087 3866 3215 3920 nihil
3245 3881 3310 3920 ex
3360 3866 3611 3922 inetiabiti
3651 3867 3795 3923 tole-

2217 3961 2384 4014 rantia
2437 3973 2532 4012 sua
2586 3956 2864 4026 proiicere,
2914 3954 3012 4011 sed
3061 3964 3120 4011 et
3167 3955 3540 4010 incrudescere
3586 3957 3796 4022 ulcera,

2221 4058 2498 4118 propterea
2526 4045 2750 4102 succidit
2768 4054 3002 4114 tempus,
3019 4053 3166 4098 utne
3193 4042 3380 4112 majori
3404 4043 3604 4099 scilicet
3621 4057 3800 4114 ptent:

2219 4152 2280 4193 se
2304 4137 2565 4194 obnoxios
2591 4135 2845 4191 lacerent.
2877 4135 2946 4188 Et
2969 4149 3089 4204 quae
3107 4175 3124 4202 ,
3145 4134 3286 4188 dicet
3312 4133 3523 4202 aliquis,
3551 4134 3651 4189 hac
3677 4150 3800 4188 ma-

2215 4227 2302 4298 jor
2321 4235 2465 4283 esset
2485 4226 2677 4296 poma?
2698 4225 2792 4280 Est
2819 4223 2995 4294 plane.
3024 4232 3106 4278 est
3124 4219 3146 4289 ,‘
3161 4221 3354 4278 dilecte
3373 4263 3388 4285 ,
3419 4236 3573 4294 paena
3604 4233 3657 4277 et
3679 4239 3796 4276 ma-

2214 4316 2324 4390 jor,
2349 4329 2404 4373 et
2430 4317 2732 4379 terribilior,
2759 4322 2811 4370 et
2839 4320 3114 4384 perpetua,
3145 4328 3338 4384 nempe
3370 4327 3488 4383 qua:
3527 4313 3582 4367 in
3619 4311 3805 4368 futuro

2220 4411 2440 4466 saeculo.
2469 4407 2694 4476 Quidam
2747 4407 2890 4462 enim
2918 4405 3126 4460 etiamsi
3169 4404 3254 4460 hic
3296 4416 3506 4475 panum
3549 4402 3802 4471 subeant,

2221 4501 2331 4558 illic
2354 4509 2531 4557 tamen
2589 4483 2697 4555 non
2722 4496 2980 4569 eﬁ'ngiunt
3009 4538 3024 4564 ,
3055 4496 3152 4551 sed
3197 4494 3447 4550 leviorem
3487 4495 3802 4560 sortientur,

2220 4592 2292 4648 ob
2309 4607 2426 4648 eam
2455 4605 2612 4662 quam
2633 4589 2719 4644 hic
2735 4589 2968 4644 tulerunt
2982 4587 3397 4657 magnitudinem
3415 4585 3801 4656 suppliciorum

2221 4684 2348 4741 hinc
2373 4685 2685 4739 minuentes.
2715 4681 2853 4737 Audi
2878 4681 3148 4736 Christum
3167 4679 3456 4743 dicentem.
3477 4688 3532 4735 et
3549 4681 3803 4736 miseram

2224 4780 2501 4832 vocantem
2549 4770 2826 4828 Bethsaida
2857 4787 2875 4827 :
2907 4765 3148 4838 Vc‘titn',
3171 4769 3460 4837 Chorasint,
3496 4770 3683 4840 inquit,
3730 4785 3810 4827 om

2223 4865 2332 4929 tibi,
2359 4863 2633 4919 Betltsaida
2653 4877 2673 4917 :
2695 4860 2814 4933 quia
2832 4861 2877 4915 si
2902 4861 2956 4914 in
2983 4860 3223 4915 Sodomis
3243 4862 3392 4930 facta
3416 4867 3578 4914 essent
3597 4860 3810 4915 uirtutes

2223 4953 2330 5007 illa:
2353 4967 2470 5022 qui:
2499 4954 2648 5021 {actm
2685 4957 2803 5006 sunt
2821 4949 2876 5002 in
2923 4949 3078 5013 vobis,
3107 4947 3230 5002 olim
3275 4948 3328 5001 in
3357 4964 3502 5004 socco
3543 4959 3591 5004 et
3639 4950 3812 5004 cinere

2227 5041 2565 5109 paenitentiam
2588 5041 2821 5111 egissent.
2865 5037 2992 5092 Ideo
3021 5038 3135 5092 dico
3175 5038 3315 5093 vobis
3341 5039 3460 5109 quia
3499 5039 3818 5094 tolerabilius

2225 5136 2319 5189 erit
2361 5143 2510 5188 terra
2553 5132 2894 5189 Sodomorum
2939 5139 2987 5185 et
3037 5129 3333 5184 Gomorrltw
3365 5125 3433 5198 in
3475 5131 3560 5185 die
3599 5132 3803 5204 iudicii,

2226 5241 2376 5291 quam
2419 5223 2555 5277 vobis
2603 5222 2819 5293 (Matth.
2870 5221 2952 5275 Η.
3005 5219 3096 5274 21.
3124 5219 3254 5286 23;
3296 5218 3804 5290 Lue.10.l5.M).

2231 5316 2412 5381 Vides,
2439 5314 2653 5378 dilecte,
2683 5314 2950 5383 quomodo
2973 5328 3092 5368 cum
3120 5313 3286 5378 dicit,
3311 5311 3646 5369 Tolerabilius
3672 5316 3764 5367 erit
3789 5355 3806 5382 ,

2228 5405 2464 5462 ostendit
2490 5406 2723 5462 eoslieet
2747 5413 2948 5459 tantam
2976 5403 3062 5459 hic
3102 5418 3312 5475 pinnam
3347 5404 3613 5471 dederim,
3641 5414 3697 5461 et
3725 5407 3809 5459 in-
3861 5385 3869 5391 ’

2227 5497 2476 5554 cendium
2517 5496 2643 5550 illud
2670 5509 2865 5550 novum
2892 5504 2946 5549 et
2976 5509 3155 5549 rarum
3183 5495 3433 5558 tulerint,
3468 5495 3575 5549 illic
3600 5510 3811 5566 quoque

2191 5587 2202 5596 '
2230 5605 2439 5660 poenam
2462 5589 2664 5643 laturos
2694 5602 2833 5650 csse,
2868 5595 3235 5642 verumtamen
3254 5585 3503 5641 leviorem
3527 5629 3542 5650 .
3576 5603 3644 5643 eo
3671 5590 3812 5660 quod

2230 5679 2382 5751 prius
2401 5677 2489 5733 hic
2511 5689 2704 5735 tantam
2743 5677 2948 5748 experti
2973 5678 3074 5734 sint
3103 5676 3556 5747 indignationem?
3599 5677 3677 5734 Ne
3723 5680 3806 5740 ivi.
