  <div class='ocr_page' id='page_1' title='image "/cluster/home/n/w/nwhite01/storage/ocr_20150623/53/ien.35556001660802/224.png"; bbox 0 0 4070 6380; ppageno 0'>
   <div class='ocr_carea' id='block_1_1' title="bbox 260 362 359 418">
    <p class='ocr_par' dir='ltr' id='par_1_1' title="bbox 260 362 359 418">
     <span class='ocr_line' id='line_1_1' title="bbox 260 362 359 418; baseline 0.02 -2"><span class='ocrx_word' id='word_1_1' title='bbox 260 362 359 418; x_wconf 58' lang='grc' dir='ltr'><strong>Ὧι</strong></span> 
     </span>
    </p>
   </div>
   <div class='ocr_carea' id='block_1_2' title="bbox 267 494 1868 567">
    <p class='ocr_par' dir='ltr' id='par_1_2' title="bbox 267 494 1868 567">
     <span class='ocr_line' id='line_1_2' title="bbox 267 494 1868 567; baseline -0.001 -18"><span class='ocrx_word' id='word_1_2' title='bbox 267 505 356 550; x_wconf 90' lang='lat' dir='ltr'><strong>tur</strong></span> <span class='ocrx_word' id='word_1_3' title='bbox 387 506 442 550; x_wconf 86' lang='lat' dir='ltr'><strong>et</strong></span> <span class='ocrx_word' id='word_1_4' title='bbox 481 496 520 551; x_wconf 93' lang='lat' dir='ltr'><strong>ii</strong></span> <span class='ocrx_word' id='word_1_5' title='bbox 556 504 769 567; x_wconf 86' lang='lat' dir='ltr'><strong>peccata</strong></span> <span class='ocrx_word' id='word_1_6' title='bbox 819 503 1222 558; x_wconf 73' lang='lat' dir='ltr'><strong>concert-antes,</strong></span> <span class='ocrx_word' id='word_1_7' title='bbox 1256 494 1547 564; x_wconf 80' lang='lat' dir='ltr'><strong>majoribus</strong></span> <span class='ocrx_word' id='word_1_8' title='bbox 1586 509 1644 549; x_wconf 82' lang='lat' dir='ltr'><strong>se</strong></span> <span class='ocrx_word' id='word_1_9' title='bbox 1694 494 1868 564; x_wconf 75' lang='lat' dir='ltr'><strong>pmnis</strong></span> 
     </span>
    </p>
   </div>
   <div class='ocr_carea' id='block_1_3' title="bbox 260 584 1869 656">
    <p class='ocr_par' dir='ltr' id='par_1_3' title="bbox 260 584 1869 656">
     <span class='ocr_line' id='line_1_3' title="bbox 260 584 1869 656; baseline -0.001 -16"><span class='ocrx_word' id='word_1_10' title='bbox 260 584 528 642; x_wconf 76' lang='lat' dir='ltr'><strong>obnoxios</strong></span> <span class='ocrx_word' id='word_1_11' title='bbox 553 586 839 642; x_wconf 90' lang='lat' dir='ltr'><strong>redderent</strong></span> <span class='ocrx_word' id='word_1_12' title='bbox 861 627 874 651; x_wconf 93' lang='lat'><strong>,</strong></span> <span class='ocrx_word' id='word_1_13' title='bbox 908 586 1165 640; x_wconf 85' lang='lat' dir='ltr'><strong>Dominus</strong></span> <span class='ocrx_word' id='word_1_14' title='bbox 1193 586 1364 641; x_wconf 89' lang='lat' dir='ltr'><strong>bonus</strong></span> <span class='ocrx_word' id='word_1_15' title='bbox 1394 596 1447 641; x_wconf 93' lang='lat' dir='ltr'><strong>et</strong></span> <span class='ocrx_word' id='word_1_16' title='bbox 1472 584 1735 656; x_wconf 80' lang='lat' dir='ltr'><strong>benignus</strong></span> <span class='ocrx_word' id='word_1_17' title='bbox 1762 587 1869 639; x_wconf 89' lang='lat' dir='ltr'><strong>du-</strong></span> 
     </span>
    </p>
   </div>
   <div class='ocr_carea' id='block_1_4' title="bbox 260 677 1869 749">
    <p class='ocr_par' dir='ltr' id='par_1_4' title="bbox 260 677 1869 749">
     <span class='ocr_line' id='line_1_4' title="bbox 260 677 1869 749; baseline 0.001 -19"><span class='ocrx_word' id='word_1_18' title='bbox 260 678 438 733; x_wconf 84' lang='lat' dir='ltr'><strong>ritiam</strong></span> <span class='ocrx_word' id='word_1_19' title='bbox 464 681 678 736; x_wconf 89' lang='lat' dir='ltr'><strong>illorum</strong></span> <span class='ocrx_word' id='word_1_20' title='bbox 702 680 966 749; x_wconf 73' lang='lat' dir='ltr'><strong>pmnitere</strong></span> <span class='ocrx_word' id='word_1_21' title='bbox 996 678 1232 733; x_wconf 83' lang='lat' dir='ltr'><strong>nesciam</strong></span> <span class='ocrx_word' id='word_1_22' title='bbox 1269 677 1488 743; x_wconf 89' lang='lat' dir='ltr'><strong>videns,</strong></span> <span class='ocrx_word' id='word_1_23' title='bbox 1525 686 1737 747; x_wconf 79' lang='lat' dir='ltr'><strong>tempus</strong></span> <span class='ocrx_word' id='word_1_24' title='bbox 1762 690 1869 747; x_wconf 90' lang='lat' dir='ltr'><strong>quo</strong></span> 
     </span>
    </p>
   </div>
   <div class='ocr_carea' id='block_1_5' title="bbox 256 765 1870 840">
    <p class='ocr_par' dir='ltr' id='par_1_5' title="bbox 256 765 1870 840">
     <span class='ocr_line' id='line_1_5' title="bbox 256 765 1870 840; baseline -0.001 -17"><span class='ocrx_word' id='word_1_25' title='bbox 256 782 316 823; x_wconf 80' lang='lat' dir='ltr'><strong>se</strong></span> <span class='ocrx_word' id='word_1_26' title='bbox 347 771 640 840; x_wconf 89' lang='lat' dir='ltr'><strong>patientem</strong></span> <span class='ocrx_word' id='word_1_27' title='bbox 670 769 902 823; x_wconf 83' lang='lat' dir='ltr'><strong>futurum</strong></span> <span class='ocrx_word' id='word_1_28' title='bbox 936 769 1220 840; x_wconf 86' lang='lat' dir='ltr'><strong>promisit,</strong></span> <span class='ocrx_word' id='word_1_29' title='bbox 1254 768 1538 823; x_wconf 89' lang='lat' dir='ltr'><strong>imntinuit.</strong></span> <span class='ocrx_word' id='word_1_30' title='bbox 1564 765 1696 821; x_wconf 85' lang='lat' dir='ltr'><strong>Nam</strong></span> <span class='ocrx_word' id='word_1_31' title='bbox 1729 767 1870 822; x_wconf 92' lang='lat' dir='ltr'><strong>sicut</strong></span> 
     </span>
    </p>
   </div>
   <div class='ocr_carea' id='block_1_6' title="bbox 256 858 1867 929">
    <p class='ocr_par' dir='ltr' id='par_1_6' title="bbox 256 858 1867 929">
     <span class='ocr_line' id='line_1_6' title="bbox 256 858 1867 929; baseline -0.001 -16"><span class='ocrx_word' id='word_1_32' title='bbox 256 873 450 914; x_wconf 72' lang='lat' dir='ltr'><strong>eorum</strong></span> <span class='ocrx_word' id='word_1_33' title='bbox 481 875 641 915; x_wconf 89' lang='lat' dir='ltr'><strong>causa</strong></span> <span class='ocrx_word' id='word_1_34' title='bbox 672 860 759 929; x_wconf 89' lang='lat' dir='ltr'><strong>qui</strong></span> <span class='ocrx_word' id='word_1_35' title='bbox 798 859 1257 915; x_wconf 82' lang='lat' dir='ltr'><strong>admonitionibus</strong></span> <span class='ocrx_word' id='word_1_36' title='bbox 1311 858 1423 913; x_wconf 87' lang='lat' dir='ltr'><strong>suis</strong></span> <span class='ocrx_word' id='word_1_37' title='bbox 1474 867 1720 927; x_wconf 87' lang='lat' dir='ltr'><strong>prompte</strong></span> <span class='ocrx_word' id='word_1_38' title='bbox 1767 872 1867 928; x_wconf 82' lang='lat' dir='ltr'><strong>pa-</strong></span> 
     </span>
    </p>
   </div>
   <div class='ocr_carea' id='block_1_7' title="bbox 257 949 1867 1020">
    <p class='ocr_par' dir='ltr' id='par_1_7' title="bbox 257 949 1867 1020">
     <span class='ocr_line' id='line_1_7' title="bbox 257 949 1867 1020; baseline -0.001 -15"><span class='ocrx_word' id='word_1_39' title='bbox 257 958 400 1018; x_wconf 81' lang='lat' dir='ltr'><strong>rent,</strong></span> <span class='ocrx_word' id='word_1_40' title='bbox 434 951 505 1005; x_wconf 90' lang='lat' dir='ltr'><strong>ob</strong></span> <span class='ocrx_word' id='word_1_41' title='bbox 539 949 830 1005; x_wconf 80' lang='lat' dir='ltr'><strong>bonitatem</strong></span> <span class='ocrx_word' id='word_1_42' title='bbox 875 950 977 1005; x_wconf 88' lang='lat' dir='ltr'><strong>sibi</strong></span> <span class='ocrx_word' id='word_1_43' title='bbox 1024 950 1346 1020; x_wconf 89' lang='lat' dir='ltr'><strong>peculiarent</strong></span> <span class='ocrx_word' id='word_1_44' title='bbox 1392 950 1689 1005; x_wconf 80' lang='lat' dir='ltr'><strong>sententias</strong></span> <span class='ocrx_word' id='word_1_45' title='bbox 1740 963 1867 1003; x_wconf 89' lang='lat' dir='ltr'><strong>suas</strong></span> 
     </span>
    </p>
   </div>
   <div class='ocr_carea' id='block_1_8' title="bbox 255 1040 1869 1111">
    <p class='ocr_par' dir='ltr' id='par_1_8' title="bbox 255 1040 1869 1111">
     <span class='ocr_line' id='line_1_8' title="bbox 255 1040 1869 1111; baseline -0.001 -15"><span class='ocrx_word' id='word_1_46' title='bbox 255 1050 509 1108; x_wconf 83' lang='lat' dir='ltr'><strong>revocat,</strong></span> <span class='ocrx_word' id='word_1_47' title='bbox 538 1053 591 1096; x_wconf 90' lang='lat' dir='ltr'><strong>et</strong></span> <span class='ocrx_word' id='word_1_48' title='bbox 616 1041 685 1097; x_wconf 91' lang='lat' dir='ltr'><strong>ad</strong></span> <span class='ocrx_word' id='word_1_49' title='bbox 710 1058 768 1097; x_wconf 89' lang='lat' dir='ltr'><strong>se</strong></span> <span class='ocrx_word' id='word_1_50' title='bbox 791 1056 1089 1098; x_wconf 89' lang='lat' dir='ltr'><strong>conversos</strong></span> <span class='ocrx_word' id='word_1_51' title='bbox 1118 1041 1373 1106; x_wconf 87' lang='lat' dir='ltr'><strong>admittit,</strong></span> <span class='ocrx_word' id='word_1_52' title='bbox 1400 1050 1564 1111; x_wconf 88' lang='lat' dir='ltr'><strong>atque</strong></span> <span class='ocrx_word' id='word_1_53' title='bbox 1590 1041 1658 1095; x_wconf 88' lang='lat' dir='ltr'><strong>ab</strong></span> <span class='ocrx_word' id='word_1_54' title='bbox 1688 1040 1869 1095; x_wconf 42' lang='lat' dir='ltr'><strong>immi‘</strong></span> 
     </span>
    </p>
   </div>
   <div class='ocr_carea' id='block_1_9' title="bbox 255 1132 1864 1205">
    <p class='ocr_par' dir='ltr' id='par_1_9' title="bbox 255 1132 1864 1205">
     <span class='ocr_line' id='line_1_9' title="bbox 255 1132 1864 1205; baseline -0.001 -18"><span class='ocrx_word' id='word_1_55' title='bbox 255 1142 423 1188; x_wconf 86' lang='lat' dir='ltr'><strong>nente</strong></span> <span class='ocrx_word' id='word_1_56' title='bbox 442 1132 705 1205; x_wconf 83' lang='lat' dir='ltr'><strong>supplicio</strong></span> <span class='ocrx_word' id='word_1_57' title='bbox 733 1133 924 1188; x_wconf 85' lang='lat' dir='ltr'><strong>liberat</strong></span> <span class='ocrx_word' id='word_1_58' title='bbox 951 1148 965 1185; x_wconf 91' lang='lat'><strong>:</strong></span> <span class='ocrx_word' id='word_1_59' title='bbox 1001 1134 1072 1187; x_wconf 90' lang='lat' dir='ltr'><strong>ita</strong></span> <span class='ocrx_word' id='word_1_60' title='bbox 1100 1146 1312 1203; x_wconf 89' lang='lat' dir='ltr'><strong>quoque</strong></span> <span class='ocrx_word' id='word_1_61' title='bbox 1346 1146 1467 1186; x_wconf 91' lang='lat' dir='ltr'><strong>eum</strong></span> <span class='ocrx_word' id='word_1_62' title='bbox 1488 1132 1751 1203; x_wconf 84' lang='lat' dir='ltr'><strong>promittit</strong></span> <span class='ocrx_word' id='word_1_63' title='bbox 1779 1132 1864 1186; x_wconf 89' lang='lat' dir='ltr'><strong>vel</strong></span> 
     </span>
    </p>
   </div>
   <div class='ocr_carea' id='block_1_10' title="bbox 254 1222 1861 1296">
    <p class='ocr_par' dir='ltr' id='par_1_10' title="bbox 254 1222 1861 1296">
     <span class='ocr_line' id='line_1_10' title="bbox 254 1222 1861 1296; baseline 0.001 -18"><span class='ocrx_word' id='word_1_64' title='bbox 254 1222 397 1279; x_wconf 85' lang='lat' dir='ltr'><strong>bona</strong></span> <span class='ocrx_word' id='word_1_65' title='bbox 436 1225 611 1296; x_wconf 84' lang='lat' dir='ltr'><strong>aliqua</strong></span> <span class='ocrx_word' id='word_1_66' title='bbox 640 1240 699 1279; x_wconf 88' lang='lat' dir='ltr'><strong>se</strong></span> <span class='ocrx_word' id='word_1_67' title='bbox 748 1224 1119 1295; x_wconf 65' lang='lat' dir='ltr'><strong>praebiturum,</strong></span> <span class='ocrx_word' id='word_1_68' title='bbox 1148 1224 1231 1279; x_wconf 89' lang='lat' dir='ltr'><strong>vel</strong></span> <span class='ocrx_word' id='word_1_69' title='bbox 1260 1225 1587 1295; x_wconf 64' lang='lat' dir='ltr'><strong>paenitentia:</strong></span> <span class='ocrx_word' id='word_1_70' title='bbox 1611 1233 1822 1295; x_wconf 82' lang='lat' dir='ltr'><strong>tempus</strong></span> <span class='ocrx_word' id='word_1_71' title='bbox 1845 1267 1861 1292; x_wconf 97' lang='lat'><strong>,</strong></span> 
     </span>
    </p>
   </div>
   <div class='ocr_carea' id='block_1_11' title="bbox 254 1315 1864 1386">
    <p class='ocr_par' dir='ltr' id='par_1_11' title="bbox 254 1315 1864 1386">
     <span class='ocr_line' id='line_1_11' title="bbox 254 1315 1864 1386; baseline 0.001 -17"><span class='ocrx_word' id='word_1_72' title='bbox 254 1315 402 1372; x_wconf 80' lang='lat' dir='ltr'><strong>videt</strong></span> <span class='ocrx_word' id='word_1_73' title='bbox 429 1327 608 1371; x_wconf 82' lang='lat' dir='ltr'><strong>autem</strong></span> <span class='ocrx_word' id='word_1_74' title='bbox 652 1317 774 1370; x_wconf 90' lang='lat' dir='ltr'><strong>illos</strong></span> <span class='ocrx_word' id='word_1_75' title='bbox 816 1316 1078 1386; x_wconf 57' lang='lat' dir='ltr'><strong>indignos,</strong></span> <span class='ocrx_word' id='word_1_76' title='bbox 1110 1316 1273 1371; x_wconf 88' lang='lat' dir='ltr'><strong>etiam</strong></span> <span class='ocrx_word' id='word_1_77' title='bbox 1316 1326 1441 1370; x_wconf 90' lang='lat' dir='ltr'><strong>tunc</strong></span> <span class='ocrx_word' id='word_1_78' title='bbox 1485 1330 1697 1385; x_wconf 86' lang='lat' dir='ltr'><strong>quoque</strong></span> <span class='ocrx_word' id='word_1_79' title='bbox 1740 1329 1864 1370; x_wconf 88' lang='lat' dir='ltr'><strong>suas</strong></span> 
     </span>
    </p>
   </div>
   <div class='ocr_carea' id='block_1_12' title="bbox 255 1406 1863 1477">
    <p class='ocr_par' dir='ltr' id='par_1_12' title="bbox 255 1406 1863 1477">
     <span class='ocr_line' id='line_1_12' title="bbox 255 1406 1863 1477; baseline -0.001 -16"><span class='ocrx_word' id='word_1_80' title='bbox 255 1409 649 1477; x_wconf 89' lang='lat' dir='ltr'><strong>promissiones</strong></span> <span class='ocrx_word' id='word_1_81' title='bbox 674 1418 911 1469; x_wconf 58' lang='lat' dir='ltr'><strong>revocet.</strong></span> <span class='ocrx_word' id='word_1_82' title='bbox 941 1408 1203 1475; x_wconf 56' lang='lat' dir='ltr'><strong>Qurcirca</strong></span> <span class='ocrx_word' id='word_1_83' title='bbox 1241 1416 1292 1461; x_wconf 89' lang='lat' dir='ltr'><strong>et</strong></span> <span class='ocrx_word' id='word_1_84' title='bbox 1320 1422 1415 1476; x_wconf 83' lang='lat' dir='ltr'><strong>per</strong></span> <span class='ocrx_word' id='word_1_85' title='bbox 1446 1406 1757 1477; x_wconf 88' lang='lat' dir='ltr'><strong>prophetam</strong></span> <span class='ocrx_word' id='word_1_86' title='bbox 1782 1406 1863 1460; x_wconf 94' lang='lat' dir='ltr'><strong>di-</strong></span> 
     </span>
    </p>
   </div>
   <div class='ocr_carea' id='block_1_13' title="bbox 250 1499 1864 1569">
    <p class='ocr_par' dir='ltr' id='par_1_13' title="bbox 250 1499 1864 1569">
     <span class='ocr_line' id='line_1_13' title="bbox 250 1499 1864 1569; baseline -0.001 -16"><span class='ocrx_word' id='word_1_87' title='bbox 250 1499 410 1553; x_wconf 77' lang='lat' dir='ltr'><strong>cebat</strong></span> <span class='ocrx_word' id='word_1_88' title='bbox 438 1516 450 1551; x_wconf 89' lang='lat'>:</span> <span class='ocrx_word' id='word_1_89' title='bbox 484 1499 563 1552; x_wconf 79' lang='lat' dir='ltr'><strong>Ad</strong></span> <span class='ocrx_word' id='word_1_90' title='bbox 588 1516 838 1553; x_wconf 84' lang='lat' dir='ltr'><strong>summam</strong></span> <span class='ocrx_word' id='word_1_91' title='bbox 878 1499 1058 1569; x_wconf 80' lang='lat' dir='ltr'><strong>loquar</strong></span> <span class='ocrx_word' id='word_1_92' title='bbox 1080 1515 1235 1568; x_wconf 96' lang='lat' dir='ltr'><strong>super</strong></span> <span class='ocrx_word' id='word_1_93' title='bbox 1268 1507 1460 1569; x_wconf 82' lang='lat' dir='ltr'><strong>gentes,</strong></span> <span class='ocrx_word' id='word_1_94' title='bbox 1507 1508 1555 1552; x_wconf 88' lang='lat' dir='ltr'><strong>et</strong></span> <span class='ocrx_word' id='word_1_95' title='bbox 1598 1515 1751 1567; x_wconf 86' lang='lat' dir='ltr'><strong>super</strong></span> <span class='ocrx_word' id='word_1_96' title='bbox 1778 1514 1864 1551; x_wconf 70' lang='grc' dir='ltr'><strong>τεο</strong></span> 
     </span>
    </p>
   </div>
   <div class='ocr_carea' id='block_1_14' title="bbox 252 1588 1859 1659">
    <p class='ocr_par' dir='ltr' id='par_1_14' title="bbox 252 1588 1859 1659">
     <span class='ocr_line' id='line_1_14' title="bbox 252 1588 1859 1659; baseline 0.002 -19"><span class='ocrx_word' id='word_1_97' title='bbox 252 1604 379 1658; x_wconf 88' lang='lat' dir='ltr'><strong>gna,</strong></span> <span class='ocrx_word' id='word_1_98' title='bbox 417 1598 470 1641; x_wconf 89' lang='lat' dir='ltr'><strong>ut</strong></span> <span class='ocrx_word' id='word_1_99' title='bbox 498 1588 708 1658; x_wconf 82' lang='lat' dir='ltr'><strong>perdam</strong></span> <span class='ocrx_word' id='word_1_100' title='bbox 736 1599 782 1642; x_wconf 81' lang='lat' dir='ltr'><strong>et</strong></span> <span class='ocrx_word' id='word_1_101' title='bbox 812 1598 1029 1642; x_wconf 75' lang='lat' dir='ltr'><strong>evertam</strong></span> <span class='ocrx_word' id='word_1_102' title='bbox 1068 1604 1088 1642; x_wconf 90' lang='lat'><strong><em>:</em></strong></span> <span class='ocrx_word' id='word_1_103' title='bbox 1115 1598 1161 1642; x_wconf 88' lang='lat' dir='ltr'><strong>et</strong></span> <span class='ocrx_word' id='word_1_104' title='bbox 1187 1588 1231 1644; x_wconf 82' lang='lat' dir='ltr'><strong>si</strong></span> <span class='ocrx_word' id='word_1_105' title='bbox 1266 1589 1611 1658; x_wconf 69' lang='lat' dir='ltr'><strong>paenitentiam</strong></span> <span class='ocrx_word' id='word_1_106' title='bbox 1640 1590 1859 1659; x_wconf 82' lang='lat' dir='ltr'><strong>egerint,</strong></span> 
     </span>
    </p>
   </div>
   <div class='ocr_carea' id='block_1_15' title="bbox 255 1680 1861 1757">
    <p class='ocr_par' dir='ltr' id='par_1_15' title="bbox 255 1680 1861 1757">
     <span class='ocr_line' id='line_1_15' title="bbox 255 1680 1861 1757; baseline 0.002 -28"><span class='ocrx_word' id='word_1_107' title='bbox 255 1693 411 1748; x_wconf 86' lang='lat' dir='ltr'><strong>agam</strong></span> <span class='ocrx_word' id='word_1_108' title='bbox 440 1688 485 1731; x_wconf 85' lang='lat' dir='ltr'><strong>et</strong></span> <span class='ocrx_word' id='word_1_109' title='bbox 524 1695 616 1757; x_wconf 77' lang='lat' dir='ltr'><strong>ego</strong></span> <span class='ocrx_word' id='word_1_110' title='bbox 644 1680 987 1748; x_wconf 70' lang='lat' dir='ltr'><strong>paenitentiam</strong></span> <span class='ocrx_word' id='word_1_111' title='bbox 1024 1696 1179 1750; x_wconf 90' lang='lat' dir='ltr'><strong>super</strong></span> <span class='ocrx_word' id='word_1_112' title='bbox 1220 1680 1281 1734; x_wconf 89' lang='lat' dir='ltr'><strong>iis</strong></span> <span class='ocrx_word' id='word_1_113' title='bbox 1316 1696 1430 1749; x_wconf 80' lang='lat' dir='ltr'><strong>qua:</strong></span> <span class='ocrx_word' id='word_1_114' title='bbox 1475 1680 1711 1749; x_wconf 66' lang='lat' dir='ltr'><strong>loquutus</strong></span> <span class='ocrx_word' id='word_1_115' title='bbox 1748 1696 1861 1734; x_wconf 87' lang='lat' dir='ltr'><strong>sum</strong></span> 
     </span>
    </p>
   </div>
   <div class='ocr_carea' id='block_1_16' title="bbox 254 1771 1863 1844">
    <p class='ocr_par' dir='ltr' id='par_1_16' title="bbox 254 1771 1863 1844">
     <span class='ocr_line' id='line_1_16' title="bbox 254 1771 1863 1844; baseline 0.002 -21"><span class='ocrx_word' id='word_1_116' title='bbox 254 1780 310 1823; x_wconf 88' lang='lat' dir='ltr'><strong>ut</strong></span> <span class='ocrx_word' id='word_1_117' title='bbox 336 1774 554 1841; x_wconf 76' lang='lat' dir='ltr'><strong>[arerem</strong></span> <span class='ocrx_word' id='word_1_118' title='bbox 575 1773 645 1825; x_wconf 79' lang='lat' dir='ltr'><strong>eis</strong></span> <span class='ocrx_word' id='word_1_119' title='bbox 670 1771 805 1843; x_wconf 76' lang='lat' dir='ltr'><strong>(Jer.</strong></span> <span class='ocrx_word' id='word_1_120' title='bbox 834 1772 919 1827; x_wconf 76' lang='grc'>18.</span> <span class='ocrx_word' id='word_1_121' title='bbox 952 1772 1004 1827; x_wconf 91' lang='grc'><strong>7.</strong></span> <span class='ocrx_word' id='word_1_122' title='bbox 1038 1773 1095 1844; x_wconf 84' lang='lat'><strong>8)</strong></span> <span class='ocrx_word' id='word_1_123' title='bbox 1130 1787 1147 1827; x_wconf 70' lang='grc' dir='ltr'>ζ</span> <span class='ocrx_word' id='word_1_124' title='bbox 1172 1781 1227 1827; x_wconf 86' lang='lat' dir='ltr'><strong>et</strong></span> <span class='ocrx_word' id='word_1_125' title='bbox 1248 1774 1439 1827; x_wconf 89' lang='lat' dir='ltr'><strong>iterum</strong></span> <span class='ocrx_word' id='word_1_126' title='bbox 1465 1788 1477 1825; x_wconf 93' lang='lat'>:</span> <span class='ocrx_word' id='word_1_127' title='bbox 1504 1773 1583 1825; x_wconf 82' lang='grc' dir='ltr'><strong>Αιι</strong></span> <span class='ocrx_word' id='word_1_128' title='bbox 1611 1789 1863 1827; x_wconf 82' lang='lat' dir='ltr'><strong>summam</strong></span> 
     </span>
    </p>
   </div>
   <div class='ocr_carea' id='block_1_17' title="bbox 251 1863 1863 1935">
    <p class='ocr_par' dir='ltr' id='par_1_17' title="bbox 251 1863 1863 1935">
     <span class='ocr_line' id='line_1_17' title="bbox 251 1863 1863 1935; baseline 0.002 -19"><span class='ocrx_word' id='word_1_129' title='bbox 251 1863 438 1934; x_wconf 82' lang='lat' dir='ltr'><strong>loquar</strong></span> <span class='ocrx_word' id='word_1_130' title='bbox 460 1881 614 1933; x_wconf 86' lang='lat' dir='ltr'><strong>super</strong></span> <span class='ocrx_word' id='word_1_131' title='bbox 639 1875 808 1935; x_wconf 80' lang='lat' dir='ltr'><strong>gentes</strong></span> <span class='ocrx_word' id='word_1_132' title='bbox 834 1874 880 1919; x_wconf 90' lang='lat' dir='ltr'><strong>ct</strong></span> <span class='ocrx_word' id='word_1_133' title='bbox 910 1882 1062 1935; x_wconf 88' lang='lat' dir='ltr'><strong>super</strong></span> <span class='ocrx_word' id='word_1_134' title='bbox 1087 1880 1262 1935; x_wconf 86' lang='lat' dir='ltr'><strong>regna,</strong></span> <span class='ocrx_word' id='word_1_135' title='bbox 1296 1873 1351 1917; x_wconf 88' lang='lat' dir='ltr'><strong>ut</strong></span> <span class='ocrx_word' id='word_1_136' title='bbox 1381 1864 1680 1932; x_wconf 76' lang='lat' dir='ltr'><strong>reazdiﬁcem</strong></span> <span class='ocrx_word' id='word_1_137' title='bbox 1707 1881 1725 1919; x_wconf 92' lang='lat'><strong><em>:</em></strong></span> <span class='ocrx_word' id='word_1_138' title='bbox 1750 1864 1863 1919; x_wconf 89' lang='lat' dir='ltr'><strong>etsi</strong></span> 
     </span>
    </p>
   </div>
   <div class='ocr_carea' id='block_1_18' title="bbox 255 1958 1859 2029">
    <p class='ocr_par' dir='ltr' id='par_1_18' title="bbox 255 1958 1859 2029">
     <span class='ocr_line' id='line_1_18' title="bbox 255 1958 1859 2029; baseline 0.001 -20"><span class='ocrx_word' id='word_1_139' title='bbox 255 1958 571 2026; x_wconf 75' lang='lat' dir='ltr'><strong>peccaverint</strong></span> <span class='ocrx_word' id='word_1_140' title='bbox 596 1997 611 2023; x_wconf 95' lang='lat'><strong>,</strong></span> <span class='ocrx_word' id='word_1_141' title='bbox 648 1958 990 2029; x_wconf 66' lang='lat' dir='ltr'><strong>paenitentiam</strong></span> <span class='ocrx_word' id='word_1_142' title='bbox 1013 1967 1060 2010; x_wconf 85' lang='lat' dir='ltr'><strong>et</strong></span> <span class='ocrx_word' id='word_1_143' title='bbox 1081 1973 1170 2027; x_wconf 84' lang='lat' dir='ltr'><strong>ego</strong></span> <span class='ocrx_word' id='word_1_144' title='bbox 1198 1973 1347 2028; x_wconf 88' lang='lat' dir='ltr'><strong>agam</strong></span> <span class='ocrx_word' id='word_1_145' title='bbox 1374 1973 1526 2025; x_wconf 85' lang='lat' dir='ltr'><strong>super</strong></span> <span class='ocrx_word' id='word_1_146' title='bbox 1550 1958 1611 2010; x_wconf 89' lang='lat' dir='ltr'><strong>iis</strong></span> <span class='ocrx_word' id='word_1_147' title='bbox 1639 1973 1751 2028; x_wconf 79' lang='lat' dir='ltr'><strong>qua:</strong></span> <span class='ocrx_word' id='word_1_148' title='bbox 1779 1960 1859 2011; x_wconf 88' lang='lat' dir='ltr'><strong>Io-</strong></span> 
     </span>
    </p>
   </div>
   <div class='ocr_carea' id='block_1_19' title="bbox 258 2047 1857 2119">
    <p class='ocr_par' dir='ltr' id='par_1_19' title="bbox 258 2047 1857 2119">
     <span class='ocr_line' id='line_1_19' title="bbox 258 2047 1857 2119; baseline 0.003 -20"><span class='ocrx_word' id='word_1_149' title='bbox 258 2057 452 2117; x_wconf 70' lang='lat' dir='ltr'><strong>quutus</strong></span> <span class='ocrx_word' id='word_1_150' title='bbox 490 2065 603 2101; x_wconf 87' lang='lat' dir='ltr'><strong>sum</strong></span> <span class='ocrx_word' id='word_1_151' title='bbox 645 2058 699 2101; x_wconf 86' lang='lat' dir='ltr'><strong>ut</strong></span> <span class='ocrx_word' id='word_1_152' title='bbox 746 2048 963 2116; x_wconf 82' lang='lat' dir='ltr'><strong>[acerem</strong></span> <span class='ocrx_word' id='word_1_153' title='bbox 1016 2049 1087 2102; x_wconf 87' lang='lat' dir='ltr'><strong>eis</strong></span> <span class='ocrx_word' id='word_1_154' title='bbox 1120 2047 1277 2119; x_wconf 79' lang='lat' dir='ltr'><strong>(Ibid.</strong></span> <span class='ocrx_word' id='word_1_155' title='bbox 1334 2063 1381 2104; x_wconf 83' lang='grc' dir='ltr'>υ.</span> <span class='ocrx_word' id='word_1_156' title='bbox 1424 2048 1476 2103; x_wconf 92' lang='lat'><strong>9.</strong></span> <span class='ocrx_word' id='word_1_157' title='bbox 1525 2048 1638 2119; x_wconf 79' lang='grc'><strong>10).</strong></span> <span class='ocrx_word' id='word_1_158' title='bbox 1670 2049 1857 2105; x_wconf 76' lang='lat' dir='ltr'><strong>Vidisti</strong></span> 
     </span>
    </p>
   </div>
   <div class='ocr_carea' id='block_1_20' title="bbox 248 2137 1857 2208">
    <p class='ocr_par' dir='ltr' id='par_1_20' title="bbox 248 2137 1857 2208">
     <span class='ocr_line' id='line_1_20' title="bbox 248 2137 1857 2208; baseline 0.002 -18"><span class='ocrx_word' id='word_1_159' title='bbox 248 2137 525 2206; x_wconf 82' lang='lat' dir='ltr'><strong>quomodo</strong></span> <span class='ocrx_word' id='word_1_160' title='bbox 544 2152 574 2192; x_wconf 84' lang='lat' dir='ltr'><strong>a</strong></span> <span class='ocrx_word' id='word_1_161' title='bbox 605 2138 757 2193; x_wconf 89' lang='lat' dir='ltr'><strong>nobis</strong></span> <span class='ocrx_word' id='word_1_162' title='bbox 782 2139 1096 2194; x_wconf 73' lang='lat' dir='ltr'><strong>occasiones</strong></span> <span class='ocrx_word' id='word_1_163' title='bbox 1114 2138 1306 2208; x_wconf 85' lang='lat' dir='ltr'><strong>accipit</strong></span> <span class='ocrx_word' id='word_1_164' title='bbox 1323 2150 1429 2192; x_wconf 89' lang='lat' dir='ltr'><strong>tam</strong></span> <span class='ocrx_word' id='word_1_165' title='bbox 1452 2138 1857 2205; x_wconf 71' lang='lat' dir='ltr'><strong>misericordim,</strong></span> 
     </span>
    </p>
   </div>
   <div class='ocr_carea' id='block_1_21' title="bbox 248 2230 1859 2301">
    <p class='ocr_par' dir='ltr' id='par_1_21' title="bbox 248 2230 1859 2301">
     <span class='ocr_line' id='line_1_21' title="bbox 248 2230 1859 2301; baseline 0.002 -19"><span class='ocrx_word' id='word_1_166' title='bbox 248 2245 416 2300; x_wconf 86' lang='lat' dir='ltr'><strong>quant</strong></span> <span class='ocrx_word' id='word_1_167' title='bbox 437 2246 562 2299; x_wconf 88' lang='lat' dir='ltr'><strong>erga</strong></span> <span class='ocrx_word' id='word_1_168' title='bbox 593 2246 689 2285; x_wconf 89' lang='lat' dir='ltr'><strong>nos</strong></span> <span class='ocrx_word' id='word_1_169' title='bbox 710 2231 948 2286; x_wconf 82' lang='lat' dir='ltr'><strong>declarat</strong></span> <span class='ocrx_word' id='word_1_170' title='bbox 967 2273 980 2290; x_wconf 87' lang='lat'><strong>,</strong></span> <span class='ocrx_word' id='word_1_171' title='bbox 1013 2247 1173 2301; x_wconf 88' lang='lat' dir='ltr'><strong>quam</strong></span> <span class='ocrx_word' id='word_1_172' title='bbox 1205 2230 1627 2300; x_wconf 78' lang='lat' dir='ltr'><strong>indignationis?</strong></span> <span class='ocrx_word' id='word_1_173' title='bbox 1655 2230 1859 2286; x_wconf 84' lang='lat' dir='ltr'><strong>Idcirco</strong></span> 
     </span>
    </p>
   </div>
   <div class='ocr_carea' id='block_1_22' title="bbox 248 2321 1859 2393">
    <p class='ocr_par' dir='ltr' id='par_1_22' title="bbox 248 2321 1859 2393">
     <span class='ocr_line' id='line_1_22' title="bbox 248 2321 1859 2393; baseline 0.001 -17"><span class='ocrx_word' id='word_1_174' title='bbox 248 2323 415 2376; x_wconf 86' lang='lat' dir='ltr'><strong>etiam</strong></span> <span class='ocrx_word' id='word_1_175' title='bbox 447 2337 587 2377; x_wconf 88' lang='lat' dir='ltr'><strong>nunc</strong></span> <span class='ocrx_word' id='word_1_176' title='bbox 618 2332 828 2393; x_wconf 87' lang='lat' dir='ltr'><strong>tempus</strong></span> <span class='ocrx_word' id='word_1_177' title='bbox 846 2323 1248 2392; x_wconf 82' lang='lat' dir='ltr'><strong>resecat,cujus</strong></span> <span class='ocrx_word' id='word_1_178' title='bbox 1268 2322 1340 2377; x_wconf 88' lang='lat' dir='ltr'><strong>illi</strong></span> <span class='ocrx_word' id='word_1_179' title='bbox 1369 2321 1699 2392; x_wconf 80' lang='lat' dir='ltr'><strong>longitudine</strong></span> <span class='ocrx_word' id='word_1_180' title='bbox 1728 2323 1859 2377; x_wconf 87' lang='lat' dir='ltr'><strong>abu-</strong></span> 
     </span>
    </p>
   </div>
   <div class='ocr_carea' id='block_1_23' title="bbox 247 2413 1857 2486">
    <p class='ocr_par' dir='ltr' id='par_1_23' title="bbox 247 2413 1857 2486">
     <span class='ocr_line' id='line_1_23' title="bbox 247 2413 1857 2486; baseline 0.001 -18"><span class='ocrx_word' id='word_1_181' title='bbox 247 2414 525 2469; x_wconf 82' lang='lat' dir='ltr'><strong>tebantur.</strong></span> <span class='ocrx_word' id='word_1_182' title='bbox 567 2415 760 2470; x_wconf 84' lang='lat' dir='ltr'><strong>Beatus</strong></span> <span class='ocrx_word' id='word_1_183' title='bbox 786 2430 1001 2486; x_wconf 86' lang='lat' dir='ltr'><strong>quoque</strong></span> <span class='ocrx_word' id='word_1_184' title='bbox 1033 2415 1227 2470; x_wconf 87' lang='lat' dir='ltr'><strong>Paulus</strong></span> <span class='ocrx_word' id='word_1_185' title='bbox 1254 2414 1319 2470; x_wconf 84' lang='lat' dir='ltr'><strong>ad</strong></span> <span class='ocrx_word' id='word_1_186' title='bbox 1337 2413 1583 2484; x_wconf 84' lang='lat' dir='ltr'><strong>stttpidos</strong></span> <span class='ocrx_word' id='word_1_187' title='bbox 1606 2414 1745 2481; x_wconf 89' lang='lat' dir='ltr'><strong>illos,</strong></span> <span class='ocrx_word' id='word_1_188' title='bbox 1765 2415 1857 2483; x_wconf 88' lang='lat' dir='ltr'><strong>qui</strong></span> 
     </span>
    </p>
   </div>
   <div class='ocr_carea' id='block_1_24' title="bbox 246 2504 1853 2577">
    <p class='ocr_par' dir='ltr' id='par_1_24' title="bbox 246 2504 1853 2577">
     <span class='ocr_line' id='line_1_24' title="bbox 246 2504 1853 2577; baseline -0.001 -18"><span class='ocrx_word' id='word_1_189' title='bbox 246 2505 475 2559; x_wconf 78' lang='lat' dir='ltr'><strong>salutem</strong></span> <span class='ocrx_word' id='word_1_190' title='bbox 505 2519 600 2577; x_wconf 85' lang='lat' dir='ltr'><strong>per</strong></span> <span class='ocrx_word' id='word_1_191' title='bbox 626 2506 993 2575; x_wconf 62' lang='lat' dir='ltr'><strong>penitentiam</strong></span> <span class='ocrx_word' id='word_1_192' title='bbox 1020 2505 1174 2561; x_wconf 89' lang='lat' dir='ltr'><strong>nobis</strong></span> <span class='ocrx_word' id='word_1_193' title='bbox 1200 2504 1378 2560; x_wconf 86' lang='lat' dir='ltr'><strong>datam</strong></span> <span class='ocrx_word' id='word_1_194' title='bbox 1407 2521 1513 2559; x_wconf 91' lang='lat' dir='ltr'><strong>non</strong></span> <span class='ocrx_word' id='word_1_195' title='bbox 1543 2504 1853 2572; x_wconf 89' lang='lat' dir='ltr'><strong>admittunt,</strong></span> 
     </span>
    </p>
   </div>
   <div class='ocr_carea' id='block_1_25' title="bbox 245 2597 1852 2669">
    <p class='ocr_par' dir='ltr' id='par_1_25' title="bbox 245 2597 1852 2669">
     <span class='ocr_line' id='line_1_25' title="bbox 245 2597 1852 2669; baseline -0.001 -17"><span class='ocrx_word' id='word_1_196' title='bbox 245 2598 461 2654; x_wconf 80' lang='lat' dir='ltr'><strong>diccbat</strong></span> <span class='ocrx_word' id='word_1_197' title='bbox 494 2614 508 2652; x_wconf 93' lang='lat'><strong>:</strong></span> <span class='ocrx_word' id='word_1_198' title='bbox 537 2597 617 2650; x_wconf 79' lang='lat' dir='ltr'><strong>An</strong></span> <span class='ocrx_word' id='word_1_199' title='bbox 649 2598 849 2651; x_wconf 83' lang='lat' dir='ltr'><strong>diuitias</strong></span> <span class='ocrx_word' id='word_1_200' title='bbox 874 2598 1115 2652; x_wconf 82' lang='lat' dir='ltr'><strong>bonitatis</strong></span> <span class='ocrx_word' id='word_1_201' title='bbox 1150 2600 1262 2669; x_wconf 85' lang='lat' dir='ltr'><strong>ejus</strong></span> <span class='ocrx_word' id='word_1_202' title='bbox 1302 2607 1349 2651; x_wconf 88' lang='lat' dir='ltr'><strong>et</strong></span> <span class='ocrx_word' id='word_1_203' title='bbox 1377 2597 1636 2667; x_wconf 74' lang='lat' dir='ltr'><strong>patientia:</strong></span> <span class='ocrx_word' id='word_1_204' title='bbox 1671 2606 1717 2651; x_wconf 88' lang='lat' dir='ltr'><strong>et</strong></span> <span class='ocrx_word' id='word_1_205' title='bbox 1738 2598 1852 2650; x_wconf 84' lang='lat' dir='ltr'><strong>lon-</strong></span> 
     </span>
    </p>
   </div>
   <div class='ocr_carea' id='block_1_26' title="bbox 247 2685 1856 2758">
    <p class='ocr_par' dir='ltr' id='par_1_26' title="bbox 247 2685 1856 2758">
     <span class='ocr_line' id='line_1_26' title="bbox 247 2685 1856 2758; baseline 0 -20"><span class='ocrx_word' id='word_1_206' title='bbox 247 2688 559 2757; x_wconf 81' lang='lat' dir='ltr'><strong>ganimitatis</strong></span> <span class='ocrx_word' id='word_1_207' title='bbox 585 2688 886 2754; x_wconf 81' lang='lat' dir='ltr'><strong>contemnis,</strong></span> <span class='ocrx_word' id='word_1_208' title='bbox 912 2688 1154 2758; x_wconf 81' lang='lat' dir='ltr'><strong>ignorans</strong></span> <span class='ocrx_word' id='word_1_209' title='bbox 1181 2689 1319 2758; x_wconf 83' lang='lat' dir='ltr'><strong>quod</strong></span> <span class='ocrx_word' id='word_1_210' title='bbox 1341 2685 1628 2757; x_wconf 80' lang='lat' dir='ltr'><strong>benignitas</strong></span> <span class='ocrx_word' id='word_1_211' title='bbox 1655 2685 1752 2740; x_wconf 89' lang='lat' dir='ltr'><strong>Dei</strong></span> <span class='ocrx_word' id='word_1_212' title='bbox 1782 2688 1856 2740; x_wconf 88' lang='lat' dir='ltr'><strong>ad</strong></span> 
     </span>
    </p>
   </div>
   <div class='ocr_carea' id='block_1_27' title="bbox 244 2777 1856 2849">
    <p class='ocr_par' dir='ltr' id='par_1_27' title="bbox 244 2777 1856 2849">
     <span class='ocr_line' id='line_1_27' title="bbox 244 2777 1856 2849; baseline -0.001 -20"><span class='ocrx_word' id='word_1_213' title='bbox 244 2778 591 2848; x_wconf 64' lang='lat' dir='ltr'><strong>paenitentiam</strong></span> <span class='ocrx_word' id='word_1_214' title='bbox 634 2788 680 2833; x_wconf 86' lang='lat' dir='ltr'><strong>te</strong></span> <span class='ocrx_word' id='word_1_215' title='bbox 727 2778 1014 2849; x_wconf 79' lang='lat' dir='ltr'><strong>provocat?</strong></span> <span class='ocrx_word' id='word_1_216' title='bbox 1062 2777 1356 2832; x_wconf 85' lang='lat' dir='ltr'><strong>Secundum</strong></span> <span class='ocrx_word' id='word_1_217' title='bbox 1400 2786 1568 2831; x_wconf 87' lang='lat' dir='ltr'><strong>autem</strong></span> <span class='ocrx_word' id='word_1_218' title='bbox 1613 2777 1856 2829; x_wconf 86' lang='lat' dir='ltr'><strong>duritiam</strong></span> 
     </span>
    </p>
   </div>
   <div class='ocr_carea' id='block_1_28' title="bbox 245 2868 1855 2941">
    <p class='ocr_par' dir='ltr' id='par_1_28' title="bbox 245 2868 1855 2941">
     <span class='ocr_line' id='line_1_28' title="bbox 245 2868 1855 2941; baseline -0.002 -17"><span class='ocrx_word' id='word_1_219' title='bbox 245 2882 419 2935; x_wconf 83' lang='lat' dir='ltr'><strong>tuam,</strong></span> <span class='ocrx_word' id='word_1_220' title='bbox 444 2880 493 2925; x_wconf 86' lang='lat' dir='ltr'><strong>et</strong></span> <span class='ocrx_word' id='word_1_221' title='bbox 519 2871 835 2941; x_wconf 72' lang='lat' dir='ltr'><strong>imptenitens</strong></span> <span class='ocrx_word' id='word_1_222' title='bbox 851 2887 957 2937; x_wconf 85' lang='lat' dir='ltr'><strong>cor,</strong></span> <span class='ocrx_word' id='word_1_223' title='bbox 992 2870 1305 2923; x_wconf 81' lang='lat' dir='ltr'><strong>thesaurizas</strong></span> <span class='ocrx_word' id='word_1_224' title='bbox 1335 2868 1627 2938; x_wconf 85' lang='lat' dir='ltr'><strong>tibimetipsi</strong></span> <span class='ocrx_word' id='word_1_225' title='bbox 1646 2870 1776 2921; x_wconf 88' lang='lat' dir='ltr'><strong>iram</strong></span> <span class='ocrx_word' id='word_1_226' title='bbox 1802 2870 1855 2920; x_wconf 87' lang='lat' dir='ltr'><strong>in</strong></span> 
     </span>
    </p>
   </div>
   <div class='ocr_carea' id='block_1_29' title="bbox 243 2956 1854 3031">
    <p class='ocr_par' dir='ltr' id='par_1_29' title="bbox 243 2956 1854 3031">
     <span class='ocr_line' id='line_1_29' title="bbox 243 2956 1854 3031; baseline -0.001 -18"><span class='ocrx_word' id='word_1_227' title='bbox 243 2962 325 3015; x_wconf 79' lang='lat' dir='ltr'><strong>die</strong></span> <span class='ocrx_word' id='word_1_228' title='bbox 353 2962 443 3015; x_wconf 81' lang='lat' dir='ltr'><strong>irte</strong></span> <span class='ocrx_word' id='word_1_229' title='bbox 468 2971 514 3015; x_wconf 86' lang='lat' dir='ltr'><strong>et</strong></span> <span class='ocrx_word' id='word_1_230' title='bbox 544 2961 863 3015; x_wconf 69' lang='lat' dir='ltr'><strong>reuelationis</strong></span> <span class='ocrx_word' id='word_1_231' title='bbox 882 2962 1014 3031; x_wconf 84' lang='lat' dir='ltr'><strong>justi</strong></span> <span class='ocrx_word' id='word_1_232' title='bbox 1044 2960 1224 3023; x_wconf 83' lang='lat' dir='ltr'><strong>iudicii</strong></span> <span class='ocrx_word' id='word_1_233' title='bbox 1253 2959 1348 3014; x_wconf 87' lang='lat' dir='ltr'><strong>Dei</strong></span> <span class='ocrx_word' id='word_1_234' title='bbox 1385 2959 1560 3030; x_wconf 85' lang='lat' dir='ltr'><strong>(Rom.</strong></span> <span class='ocrx_word' id='word_1_235' title='bbox 1587 2958 1641 3011; x_wconf 74' lang='lat'><strong>2.</strong></span> <span class='ocrx_word' id='word_1_236' title='bbox 1672 2960 1724 3013; x_wconf 73' lang='grc'>4.</span> <span class='ocrx_word' id='word_1_237' title='bbox 1753 2956 1854 3030; x_wconf 82' lang='lat'><strong>5)?</strong></span> 
     </span>
    </p>
   </div>
   <div class='ocr_carea' id='block_1_30' title="bbox 244 3049 1855 3122">
    <p class='ocr_par' dir='ltr' id='par_1_30' title="bbox 244 3049 1855 3122">
     <span class='ocr_line' id='line_1_30' title="bbox 244 3049 1855 3122; baseline -0.001 -15"><span class='ocrx_word' id='word_1_238' title='bbox 244 3050 441 3107; x_wconf 80' lang='lat' dir='ltr'><strong>Vidisti</strong></span> <span class='ocrx_word' id='word_1_239' title='bbox 464 3051 737 3122; x_wconf 88' lang='lat' dir='ltr'><strong>quomodo</strong></span> <span class='ocrx_word' id='word_1_240' title='bbox 788 3061 845 3107; x_wconf 88' lang='lat' dir='ltr'><strong>et</strong></span> <span class='ocrx_word' id='word_1_241' title='bbox 870 3052 1100 3107; x_wconf 79' lang='lat' dir='ltr'><strong>eximius</strong></span> <span class='ocrx_word' id='word_1_242' title='bbox 1141 3052 1229 3106; x_wconf 89' lang='lat' dir='ltr'><strong>ille</strong></span> <span class='ocrx_word' id='word_1_243' title='bbox 1274 3051 1465 3106; x_wconf 88' lang='lat' dir='ltr'><strong>doctor</strong></span> <span class='ocrx_word' id='word_1_244' title='bbox 1514 3051 1662 3105; x_wconf 88' lang='lat' dir='ltr'><strong>orbis</strong></span> <span class='ocrx_word' id='word_1_245' title='bbox 1706 3049 1855 3106; x_wconf 86' lang='lat' dir='ltr'><strong>clare</strong></span> 
     </span>
    </p>
   </div>
   <div class='ocr_carea' id='block_1_31' title="bbox 243 3142 1849 3214">
    <p class='ocr_par' dir='ltr' id='par_1_31' title="bbox 243 3142 1849 3214">
     <span class='ocr_line' id='line_1_31' title="bbox 243 3142 1849 3214; baseline -0.002 -17"><span class='ocrx_word' id='word_1_246' title='bbox 243 3158 342 3198; x_wconf 90' lang='lat' dir='ltr'><strong>nos</strong></span> <span class='ocrx_word' id='word_1_247' title='bbox 370 3142 573 3211; x_wconf 90' lang='lat' dir='ltr'><strong>docuit,</strong></span> <span class='ocrx_word' id='word_1_248' title='bbox 602 3157 697 3199; x_wconf 91' lang='lat' dir='ltr'><strong>eos</strong></span> <span class='ocrx_word' id='word_1_249' title='bbox 722 3143 811 3214; x_wconf 90' lang='lat' dir='ltr'><strong>qui</strong></span> <span class='ocrx_word' id='word_1_250' title='bbox 838 3143 1095 3214; x_wconf 85' lang='lat' dir='ltr'><strong>patientia</strong></span> <span class='ocrx_word' id='word_1_251' title='bbox 1125 3143 1216 3197; x_wconf 91' lang='lat' dir='ltr'><strong>Dei</strong></span> <span class='ocrx_word' id='word_1_252' title='bbox 1247 3142 1313 3196; x_wconf 90' lang='lat' dir='ltr'><strong>ad</strong></span> <span class='ocrx_word' id='word_1_253' title='bbox 1343 3143 1717 3211; x_wconf 82' lang='lat' dir='ltr'><strong>paenitentiam</strong></span> <span class='ocrx_word' id='word_1_254' title='bbox 1750 3157 1849 3195; x_wconf 90' lang='lat' dir='ltr'><strong>no-</strong></span> 
     </span>
    </p>
   </div>
   <div class='ocr_carea' id='block_1_32' title="bbox 241 3231 1853 3303">
    <p class='ocr_par' dir='ltr' id='par_1_32' title="bbox 241 3231 1853 3303">
     <span class='ocr_line' id='line_1_32' title="bbox 241 3231 1853 3303; baseline -0.002 -14"><span class='ocrx_word' id='word_1_255' title='bbox 241 3233 323 3289; x_wconf 89' lang='lat' dir='ltr'><strong>bis</strong></span> <span class='ocrx_word' id='word_1_256' title='bbox 377 3247 637 3290; x_wconf 84' lang='lat' dir='ltr'><strong>concessa</strong></span> <span class='ocrx_word' id='word_1_257' title='bbox 681 3234 993 3299; x_wconf 88' lang='lat' dir='ltr'><strong>abutuntur,</strong></span> <span class='ocrx_word' id='word_1_258' title='bbox 1026 3232 1217 3302; x_wconf 81' lang='lat' dir='ltr'><strong>majori</strong></span> <span class='ocrx_word' id='word_1_259' title='bbox 1265 3246 1441 3303; x_wconf 67' lang='lat' dir='ltr'><strong>pinnat:</strong></span> <span class='ocrx_word' id='word_1_260' title='bbox 1488 3240 1542 3285; x_wconf 88' lang='lat' dir='ltr'><strong>et</strong></span> <span class='ocrx_word' id='word_1_261' title='bbox 1590 3231 1853 3302; x_wconf 86' lang='lat' dir='ltr'><strong>supplicio</strong></span> 
     </span>
    </p>
   </div>
   <div class='ocr_carea' id='block_1_33' title="bbox 241 3324 1851 3396">
    <p class='ocr_par' dir='ltr' id='par_1_33' title="bbox 241 3324 1851 3396">
     <span class='ocr_line' id='line_1_33' title="bbox 241 3324 1851 3396; baseline -0.003 -12"><span class='ocrx_word' id='word_1_262' title='bbox 241 3327 564 3396; x_wconf 82' lang='lat' dir='ltr'><strong>semetipsos</strong></span> <span class='ocrx_word' id='word_1_263' title='bbox 586 3325 856 3381; x_wconf 76' lang='lat' dir='ltr'><strong>obnoxios</strong></span> <span class='ocrx_word' id='word_1_264' title='bbox 885 3325 1151 3381; x_wconf 75' lang='lat' dir='ltr'><strong>reddere?</strong></span> <span class='ocrx_word' id='word_1_265' title='bbox 1176 3325 1247 3379; x_wconf 88' lang='lat' dir='ltr'><strong>Et</strong></span> <span class='ocrx_word' id='word_1_266' title='bbox 1271 3325 1368 3380; x_wconf 82' lang='lat' dir='ltr'><strong>hac</strong></span> <span class='ocrx_word' id='word_1_267' title='bbox 1394 3324 1460 3380; x_wconf 89' lang='lat' dir='ltr'><strong>de</strong></span> <span class='ocrx_word' id='word_1_268' title='bbox 1488 3340 1647 3379; x_wconf 84' lang='lat' dir='ltr'><strong>causa</strong></span> <span class='ocrx_word' id='word_1_269' title='bbox 1688 3324 1851 3380; x_wconf 89' lang='lat' dir='ltr'><strong>etiam</strong></span> 
     </span>
    </p>
   </div>
   <div class='ocr_carea' id='block_1_34' title="bbox 242 3417 1849 3490">
    <p class='ocr_par' dir='ltr' id='par_1_34' title="bbox 242 3417 1849 3490">
     <span class='ocr_line' id='line_1_34' title="bbox 242 3417 1849 3490; baseline -0.002 -16"><span class='ocrx_word' id='word_1_270' title='bbox 242 3435 384 3474; x_wconf 90' lang='lat' dir='ltr'><strong>nunc</strong></span> <span class='ocrx_word' id='word_1_271' title='bbox 418 3419 683 3490; x_wconf 89' lang='lat' dir='ltr'><strong>benignus</strong></span> <span class='ocrx_word' id='word_1_272' title='bbox 712 3419 873 3483; x_wconf 91' lang='lat' dir='ltr'><strong>Deus,</strong></span> <span class='ocrx_word' id='word_1_273' title='bbox 906 3417 1057 3488; x_wconf 82' lang='lat' dir='ltr'><strong>quasi</strong></span> <span class='ocrx_word' id='word_1_274' title='bbox 1087 3431 1208 3472; x_wconf 90' lang='lat' dir='ltr'><strong>sese</strong></span> <span class='ocrx_word' id='word_1_275' title='bbox 1243 3432 1481 3487; x_wconf 80' lang='lat' dir='ltr'><strong>purgans</strong></span> <span class='ocrx_word' id='word_1_276' title='bbox 1502 3459 1516 3484; x_wconf 95' lang='lat'><strong>,</strong></span> <span class='ocrx_word' id='word_1_277' title='bbox 1551 3418 1849 3472; x_wconf 90' lang='lat' dir='ltr'><strong>rationem-</strong></span> 
     </span>
    </p>
   </div>
   <div class='ocr_carea' id='block_1_35' title="bbox 241 3509 1852 3580">
    <p class='ocr_par' dir='ltr' id='par_1_35' title="bbox 241 3509 1852 3580">
     <span class='ocr_line' id='line_1_35' title="bbox 241 3509 1852 3580; baseline -0.001 -16"><span class='ocrx_word' id='word_1_278' title='bbox 241 3526 345 3580; x_wconf 87' lang='lat' dir='ltr'><strong>que</strong></span> <span class='ocrx_word' id='word_1_279' title='bbox 393 3509 661 3575; x_wconf 90' lang='lat' dir='ltr'><strong>reddens,</strong></span> <span class='ocrx_word' id='word_1_280' title='bbox 711 3523 879 3579; x_wconf 87' lang='lat' dir='ltr'><strong>quare</strong></span> <span class='ocrx_word' id='word_1_281' title='bbox 923 3519 1212 3579; x_wconf 88' lang='lat' dir='ltr'><strong>antequam</strong></span> <span class='ocrx_word' id='word_1_282' title='bbox 1261 3509 1584 3578; x_wconf 89' lang='lat' dir='ltr'><strong>promissum</strong></span> <span class='ocrx_word' id='word_1_283' title='bbox 1642 3518 1852 3579; x_wconf 86' lang='lat' dir='ltr'><strong>tempus</strong></span> 
     </span>
    </p>
   </div>
   <div class='ocr_carea' id='block_1_36' title="bbox 241 3600 1853 3671">
    <p class='ocr_par' dir='ltr' id='par_1_36' title="bbox 241 3600 1853 3671">
     <span class='ocr_line' id='line_1_36' title="bbox 241 3600 1853 3671; baseline 0.002 -16"><span class='ocrx_word' id='word_1_284' title='bbox 241 3602 579 3671; x_wconf 75' lang='lat' dir='ltr'><strong>impleretur,</strong></span> <span class='ocrx_word' id='word_1_285' title='bbox 608 3601 869 3657; x_wconf 78' lang='lat' dir='ltr'><strong>diluvium</strong></span> <span class='ocrx_word' id='word_1_286' title='bbox 901 3600 1193 3667; x_wconf 79' lang='lat' dir='ltr'><strong>induxerit,</strong></span> <span class='ocrx_word' id='word_1_287' title='bbox 1219 3616 1481 3655; x_wconf 91' lang='lat' dir='ltr'><strong>annorum</strong></span> <span class='ocrx_word' id='word_1_288' title='bbox 1500 3601 1630 3671; x_wconf 87' lang='lat' dir='ltr'><strong>justi</strong></span> <span class='ocrx_word' id='word_1_289' title='bbox 1663 3618 1853 3658; x_wconf 82' lang='lat' dir='ltr'><strong>nume-</strong></span> 
     </span>
    </p>
   </div>
   <div class='ocr_carea' id='block_1_37' title="bbox 238 3688 1850 3759">
    <p class='ocr_par' dir='ltr' id='par_1_37' title="bbox 238 3688 1850 3759">
     <span class='ocr_line' id='line_1_37' title="bbox 238 3688 1850 3759; baseline -0.001 -12"><span class='ocrx_word' id='word_1_290' title='bbox 238 3706 356 3747; x_wconf 90' lang='lat' dir='ltr'><strong>rum</strong></span> <span class='ocrx_word' id='word_1_291' title='bbox 409 3690 667 3759; x_wconf 86' lang='lat' dir='ltr'><strong>declarat,</strong></span> <span class='ocrx_word' id='word_1_292' title='bbox 710 3700 766 3746; x_wconf 89' lang='lat' dir='ltr'><strong>et</strong></span> <span class='ocrx_word' id='word_1_293' title='bbox 812 3691 993 3746; x_wconf 89' lang='lat' dir='ltr'><strong>dicit:</strong></span> <span class='ocrx_word' id='word_1_294' title='bbox 1048 3688 1164 3745; x_wconf 82' lang='lat' dir='ltr'><strong>Noe</strong></span> <span class='ocrx_word' id='word_1_295' title='bbox 1211 3701 1381 3744; x_wconf 80' lang='lat' dir='ltr'><strong>autent</strong></span> <span class='ocrx_word' id='word_1_296' title='bbox 1434 3702 1541 3745; x_wconf 89' lang='lat' dir='ltr'><strong>erat</strong></span> <span class='ocrx_word' id='word_1_297' title='bbox 1597 3708 1850 3746; x_wconf 87' lang='lat' dir='ltr'><strong>annorum</strong></span> 
     </span>
    </p>
   </div>
   <div class='ocr_carea' id='block_1_38' title="bbox 238 3782 1845 3854">
    <p class='ocr_par' dir='ltr' id='par_1_38' title="bbox 238 3782 1845 3854">
     <span class='ocr_line' id='line_1_38' title="bbox 238 3782 1845 3854; baseline 0.004 -19"><span class='ocrx_word' id='word_1_298' title='bbox 238 3793 611 3836; x_wconf 61' lang='lat' dir='ltr'><strong>sescentorum.</strong></span> <span class='ocrx_word' id='word_1_299' title='bbox 657 3782 790 3838; x_wconf 86' lang='lat' dir='ltr'><strong>Nam</strong></span> <span class='ocrx_word' id='word_1_300' title='bbox 815 3783 903 3854; x_wconf 88' lang='lat' dir='ltr'><strong>qui</strong></span> <span class='ocrx_word' id='word_1_301' title='bbox 955 3784 1006 3838; x_wconf 93' lang='lat' dir='ltr'><strong>in</strong></span> <span class='ocrx_word' id='word_1_302' title='bbox 1038 3793 1254 3843; x_wconf 88' lang='lat' dir='ltr'><strong>centum</strong></span> <span class='ocrx_word' id='word_1_303' title='bbox 1286 3784 1442 3838; x_wconf 87' lang='lat' dir='ltr'><strong>annis</strong></span> <span class='ocrx_word' id='word_1_304' title='bbox 1470 3788 1714 3841; x_wconf 79' lang='lat' dir='ltr'><strong>converti</strong></span> <span class='ocrx_word' id='word_1_305' title='bbox 1744 3802 1845 3841; x_wconf 92' lang='lat' dir='ltr'><strong>no-</strong></span> 
     </span>
    </p>
   </div>
   <div class='ocr_carea' id='block_1_39' title="bbox 240 3877 1845 3951">
    <p class='ocr_par' dir='ltr' id='par_1_39' title="bbox 240 3877 1845 3951">
     <span class='ocr_line' id='line_1_39' title="bbox 240 3877 1845 3951; baseline 0.002 -22"><span class='ocrx_word' id='word_1_306' title='bbox 240 3877 457 3942; x_wconf 84' lang='lat' dir='ltr'><strong>luerint,</strong></span> <span class='ocrx_word' id='word_1_307' title='bbox 492 3879 617 3951; x_wconf 90' lang='lat' dir='ltr'><strong>quid</strong></span> <span class='ocrx_word' id='word_1_308' title='bbox 662 3880 891 3950; x_wconf 84' lang='lat' dir='ltr'><strong>amplius</strong></span> <span class='ocrx_word' id='word_1_309' title='bbox 945 3880 1268 3948; x_wconf 83' lang='lat' dir='ltr'><strong>proﬁcerent</strong></span> <span class='ocrx_word' id='word_1_310' title='bbox 1310 3895 1377 3933; x_wconf 83' lang='lat' dir='ltr'><strong>ex</strong></span> <span class='ocrx_word' id='word_1_311' title='bbox 1428 3878 1584 3934; x_wconf 89' lang='lat' dir='ltr'><strong>annis</strong></span> <span class='ocrx_word' id='word_1_312' title='bbox 1638 3882 1845 3951; x_wconf 80' lang='lat' dir='ltr'><strong>viginti,</strong></span> 
     </span>
    </p>
   </div>
   <div class='ocr_carea' id='block_1_40' title="bbox 238 3969 1848 4040">
    <p class='ocr_par' dir='ltr' id='par_1_40' title="bbox 238 3969 1848 4040">
     <span class='ocr_line' id='line_1_40' title="bbox 238 3969 1848 4040; baseline 0.002 -18"><span class='ocrx_word' id='word_1_313' title='bbox 238 3985 396 4038; x_wconf 83' lang='lat' dir='ltr'><strong>quam</strong></span> <span class='ocrx_word' id='word_1_314' title='bbox 445 3970 589 4040; x_wconf 89' lang='lat' dir='ltr'><strong>quod</strong></span> <span class='ocrx_word' id='word_1_315' title='bbox 647 3972 796 4040; x_wconf 87' lang='lat' dir='ltr'><strong>plura</strong></span> <span class='ocrx_word' id='word_1_316' title='bbox 859 3970 1157 4040; x_wconf 82' lang='lat' dir='ltr'><strong>adjicerent</strong></span> <span class='ocrx_word' id='word_1_317' title='bbox 1211 3969 1463 4038; x_wconf 87' lang='lat' dir='ltr'><strong>peccata?</strong></span> <span class='ocrx_word' id='word_1_318' title='bbox 1518 3971 1673 4025; x_wconf 88' lang='lat' dir='ltr'><strong>Enim</strong></span> <span class='ocrx_word' id='word_1_319' title='bbox 1717 3986 1848 4026; x_wconf 75' lang='lat' dir='ltr'><strong>vero</strong></span> 
     </span>
    </p>
   </div>
   <div class='ocr_carea' id='block_1_41' title="bbox 239 4059 1843 4119">
    <p class='ocr_par' dir='ltr' id='par_1_41' title="bbox 239 4059 1843 4119">
     <span class='ocr_line' id='line_1_41' title="bbox 239 4059 1843 4119; baseline 0.002 -8"><span class='ocrx_word' id='word_1_320' title='bbox 239 4070 549 4119; x_wconf 84' lang='lat' dir='ltr'><strong>monstrans</strong></span> <span class='ocrx_word' id='word_1_321' title='bbox 580 4060 901 4115; x_wconf 69' lang='lat' dir='ltr'><strong>ineffabilem</strong></span> <span class='ocrx_word' id='word_1_322' title='bbox 932 4075 1083 4114; x_wconf 91' lang='lat' dir='ltr'><strong>suam</strong></span> <span class='ocrx_word' id='word_1_323' title='bbox 1109 4059 1536 4114; x_wconf 84' lang='lat' dir='ltr'><strong>miscricordiam</strong></span> <span class='ocrx_word' id='word_1_324' title='bbox 1567 4071 1621 4115; x_wconf 91' lang='lat' dir='ltr'><strong>et</strong></span> <span class='ocrx_word' id='word_1_325' title='bbox 1659 4061 1843 4118; x_wconf 83' lang='lat' dir='ltr'><strong>excel-</strong></span> 
     </span>
    </p>
   </div>
   <div class='ocr_carea' id='block_1_42' title="bbox 237 4148 1843 4221">
    <p class='ocr_par' dir='ltr' id='par_1_42' title="bbox 237 4148 1843 4221">
     <span class='ocr_line' id='line_1_42' title="bbox 237 4148 1843 4221; baseline 0.002 -19"><span class='ocrx_word' id='word_1_326' title='bbox 237 4148 438 4204; x_wconf 81' lang='lat' dir='ltr'><strong>lentem</strong></span> <span class='ocrx_word' id='word_1_327' title='bbox 466 4150 777 4214; x_wconf 86' lang='lat' dir='ltr'><strong>bonitatem,</strong></span> <span class='ocrx_word' id='word_1_328' title='bbox 811 4166 919 4205; x_wconf 88' lang='lat' dir='ltr'><strong>non</strong></span> <span class='ocrx_word' id='word_1_329' title='bbox 964 4151 1235 4206; x_wconf 85' lang='lat' dir='ltr'><strong>recusavit</strong></span> <span class='ocrx_word' id='word_1_330' title='bbox 1293 4151 1454 4205; x_wconf 88' lang='lat' dir='ltr'><strong>etiam</strong></span> <span class='ocrx_word' id='word_1_331' title='bbox 1492 4161 1617 4207; x_wconf 89' lang='lat' dir='ltr'><strong>ante</strong></span> <span class='ocrx_word' id='word_1_332' title='bbox 1638 4161 1843 4221; x_wconf 89' lang='lat' dir='ltr'><strong>septem</strong></span> 
     </span>
    </p>
   </div>
   <div class='ocr_carea' id='block_1_43' title="bbox 237 4239 1842 4310">
    <p class='ocr_par' dir='ltr' id='par_1_43' title="bbox 237 4239 1842 4310">
     <span class='ocr_line' id='line_1_43' title="bbox 237 4239 1842 4310; baseline 0.002 -17"><span class='ocrx_word' id='word_1_333' title='bbox 237 4239 353 4296; x_wconf 88' lang='lat' dir='ltr'><strong>dies</strong></span> <span class='ocrx_word' id='word_1_334' title='bbox 380 4241 674 4310; x_wconf 65' lang='lat' dir='ltr'><strong>praedicere</strong></span> <span class='ocrx_word' id='word_1_335' title='bbox 698 4241 777 4295; x_wconf 90' lang='lat' dir='ltr'><strong>eis</strong></span> <span class='ocrx_word' id='word_1_336' title='bbox 800 4241 1061 4296; x_wconf 84' lang='lat' dir='ltr'><strong>diluvium</strong></span> <span class='ocrx_word' id='word_1_337' title='bbox 1096 4256 1224 4296; x_wconf 83' lang='lat' dir='ltr'><strong>mox</strong></span> <span class='ocrx_word' id='word_1_338' title='bbox 1261 4240 1648 4308; x_wconf 90' lang='lat' dir='ltr'><strong>inducendum,</strong></span> <span class='ocrx_word' id='word_1_339' title='bbox 1673 4252 1729 4296; x_wconf 89' lang='lat' dir='ltr'><strong>ut</strong></span> <span class='ocrx_word' id='word_1_340' title='bbox 1758 4242 1842 4297; x_wconf 86' lang='lat' dir='ltr'><strong>vel</strong></span> 
     </span>
    </p>
   </div>
   <div class='ocr_carea' id='block_1_44' title="bbox 237 4334 1843 4408">
    <p class='ocr_par' dir='ltr' id='par_1_44' title="bbox 237 4334 1843 4408">
     <span class='ocr_line' id='line_1_44' title="bbox 237 4334 1843 4408; baseline 0.003 -21"><span class='ocrx_word' id='word_1_341' title='bbox 237 4334 482 4404; x_wconf 77' lang='lat' dir='ltr'><strong>angustia</strong></span> <span class='ocrx_word' id='word_1_342' title='bbox 546 4336 805 4406; x_wconf 90' lang='lat' dir='ltr'><strong>temporis</strong></span> <span class='ocrx_word' id='word_1_343' title='bbox 861 4337 1100 4406; x_wconf 89' lang='lat' dir='ltr'><strong>correpti</strong></span> <span class='ocrx_word' id='word_1_344' title='bbox 1144 4336 1557 4392; x_wconf 83' lang='lat' dir='ltr'><strong>conversionem</strong></span> <span class='ocrx_word' id='word_1_345' title='bbox 1608 4337 1843 4408; x_wconf 86' lang='lat' dir='ltr'><strong>aliquam</strong></span> 
     </span>
    </p>
   </div>
   <div class='ocr_carea' id='block_1_45' title="bbox 236 4424 607 4480">
    <p class='ocr_par' dir='ltr' id='par_1_45' title="bbox 236 4424 607 4480">
     <span class='ocr_line' id='line_1_45' title="bbox 236 4424 607 4480; baseline 0.005 -3"><span class='ocrx_word' id='word_1_346' title='bbox 236 4424 607 4480; x_wconf 85' lang='lat' dir='ltr'><strong>ostenderent.</strong></span> 
     </span>
    </p>
   </div>
   <div class='ocr_carea' id='block_1_46' title="bbox 306 4515 1847 4590">
    <p class='ocr_par' dir='ltr' id='par_1_46' title="bbox 306 4515 1847 4590">
     <span class='ocr_line' id='line_1_46' title="bbox 306 4515 1847 4590; baseline 0.001 -19"><span class='ocrx_word' id='word_1_347' title='bbox 306 4516 362 4571; x_wconf 79' lang='lat'><strong>3.</strong></span> <span class='ocrx_word' id='word_1_348' title='bbox 402 4515 540 4571; x_wconf 80' lang='lat' dir='ltr'><strong>Deus</strong></span> <span class='ocrx_word' id='word_1_349' title='bbox 570 4517 797 4586; x_wconf 66' lang='lat' dir='ltr'><strong>pradicit</strong></span> <span class='ocrx_word' id='word_1_350' title='bbox 823 4534 1024 4590; x_wconf 62' lang='lat' dir='ltr'><strong>panos,</strong></span> <span class='ocrx_word' id='word_1_351' title='bbox 1048 4534 1111 4572; x_wconf 86' lang='lat' dir='ltr'><strong>ne</strong></span> <span class='ocrx_word' id='word_1_352' title='bbox 1136 4518 1344 4588; x_wconf 75' lang='lat' dir='ltr'><strong>inferat.</strong></span> <span class='ocrx_word' id='word_1_353' title='bbox 1376 4550 1446 4559; x_wconf 90' lang='lat'><strong>—</strong></span> <span class='ocrx_word' id='word_1_354' title='bbox 1468 4518 1537 4573; x_wconf 88' lang='lat' dir='ltr'><strong>Et</strong></span> <span class='ocrx_word' id='word_1_355' title='bbox 1560 4517 1682 4574; x_wconf 88' lang='lat' dir='ltr'><strong>vide</strong></span> <span class='ocrx_word' id='word_1_356' title='bbox 1734 4518 1847 4573; x_wconf 85' lang='lat' dir='ltr'><strong>cle-</strong></span> 
     </span>
    </p>
   </div>
   <div class='ocr_carea' id='block_1_47' title="bbox 237 4608 1842 4680">
    <p class='ocr_par' dir='ltr' id='par_1_47' title="bbox 237 4608 1842 4680">
     <span class='ocr_line' id='line_1_47' title="bbox 237 4608 1842 4680; baseline 0.002 -19"><span class='ocrx_word' id='word_1_357' title='bbox 237 4608 495 4663; x_wconf 87' lang='lat' dir='ltr'><strong>mentiam</strong></span> <span class='ocrx_word' id='word_1_358' title='bbox 525 4608 757 4675; x_wconf 90' lang='lat' dir='ltr'><strong>Domini,</strong></span> <span class='ocrx_word' id='word_1_359' title='bbox 790 4609 1059 4679; x_wconf 90' lang='lat' dir='ltr'><strong>quomodo</strong></span> <span class='ocrx_word' id='word_1_360' title='bbox 1099 4609 1250 4680; x_wconf 90' lang='lat' dir='ltr'><strong>quasi</strong></span> <span class='ocrx_word' id='word_1_361' title='bbox 1292 4610 1466 4665; x_wconf 90' lang='lat' dir='ltr'><strong>bonus</strong></span> <span class='ocrx_word' id='word_1_362' title='bbox 1508 4610 1698 4680; x_wconf 81' lang='lat' dir='ltr'><strong>aliquis</strong></span> <span class='ocrx_word' id='word_1_363' title='bbox 1724 4625 1842 4665; x_wconf 89' lang='lat' dir='ltr'><strong>me-</strong></span> 
     </span>
    </p>
   </div>
   <div class='ocr_carea' id='block_1_48' title="bbox 234 4698 1843 4765">
    <p class='ocr_par' dir='ltr' id='par_1_48' title="bbox 234 4698 1843 4765">
     <span class='ocr_line' id='line_1_48' title="bbox 234 4698 1843 4765; baseline 0.002 -12"><span class='ocrx_word' id='word_1_364' title='bbox 234 4699 409 4765; x_wconf 86' lang='lat' dir='ltr'><strong>dicus,</strong></span> <span class='ocrx_word' id='word_1_365' title='bbox 437 4698 599 4753; x_wconf 83' lang='lat' dir='ltr'><strong>variis</strong></span> <span class='ocrx_word' id='word_1_366' title='bbox 626 4700 728 4755; x_wconf 87' lang='lat' dir='ltr'><strong>viis</strong></span> <span class='ocrx_word' id='word_1_367' title='bbox 758 4700 1002 4755; x_wconf 90' lang='lat' dir='ltr'><strong>morbum</strong></span> <span class='ocrx_word' id='word_1_368' title='bbox 1033 4716 1221 4756; x_wconf 89' lang='lat' dir='ltr'><strong>eorum</strong></span> <span class='ocrx_word' id='word_1_369' title='bbox 1253 4716 1444 4756; x_wconf 87' lang='lat' dir='ltr'><strong>curare</strong></span> <span class='ocrx_word' id='word_1_370' title='bbox 1487 4710 1677 4756; x_wconf 89' lang='lat' dir='ltr'><strong>tentat.</strong></span> <span class='ocrx_word' id='word_1_371' title='bbox 1709 4701 1843 4757; x_wconf 86' lang='lat' dir='ltr'><strong>Nam</strong></span> 
     </span>
    </p>
   </div>
   <div class='ocr_carea' id='block_1_49' title="bbox 235 4789 1844 4862">
    <p class='ocr_par' dir='ltr' id='par_1_49' title="bbox 235 4789 1844 4862">
     <span class='ocr_line' id='line_1_49' title="bbox 235 4789 1844 4862; baseline 0.002 -19"><span class='ocrx_word' id='word_1_372' title='bbox 235 4789 492 4859; x_wconf 85' lang='lat' dir='ltr'><strong>quoniam</strong></span> <span class='ocrx_word' id='word_1_373' title='bbox 525 4789 834 4845; x_wconf 87' lang='lat' dir='ltr'><strong>incnrabilia</strong></span> <span class='ocrx_word' id='word_1_374' title='bbox 864 4807 1051 4846; x_wconf 88' lang='lat' dir='ltr'><strong>eorum</strong></span> <span class='ocrx_word' id='word_1_375' title='bbox 1079 4800 1235 4847; x_wconf 89' lang='lat' dir='ltr'><strong>erant</strong></span> <span class='ocrx_word' id='word_1_376' title='bbox 1267 4793 1512 4859; x_wconf 87' lang='lat' dir='ltr'><strong>vulnera,</strong></span> <span class='ocrx_word' id='word_1_377' title='bbox 1542 4800 1649 4847; x_wconf 89' lang='lat' dir='ltr'><strong>tam</strong></span> <span class='ocrx_word' id='word_1_378' title='bbox 1677 4792 1844 4862; x_wconf 50' lang='lat' dir='ltr'><strong>proli-</strong></span> 
     </span>
    </p>
   </div>
   <div class='ocr_carea' id='block_1_50' title="bbox 238 4880 1846 4950">
    <p class='ocr_par' dir='ltr' id='par_1_50' title="bbox 238 4880 1846 4950">
     <span class='ocr_line' id='line_1_50' title="bbox 238 4880 1846 4950; baseline 0.001 -14"><span class='ocrx_word' id='word_1_379' title='bbox 238 4896 363 4936; x_wconf 75' lang='lat' dir='ltr'><strong>xum</strong></span> <span class='ocrx_word' id='word_1_380' title='bbox 393 4880 473 4933; x_wconf 90' lang='lat' dir='ltr'><strong>eis</strong></span> <span class='ocrx_word' id='word_1_381' title='bbox 505 4890 716 4948; x_wconf 87' lang='lat' dir='ltr'><strong>tempus</strong></span> <span class='ocrx_word' id='word_1_382' title='bbox 743 4882 1090 4950; x_wconf 63' lang='lat' dir='ltr'><strong>praescripsit,</strong></span> <span class='ocrx_word' id='word_1_383' title='bbox 1120 4882 1505 4945; x_wconf 74' lang='lat' dir='ltr'><strong>volens,etiam</strong></span> <span class='ocrx_word' id='word_1_384' title='bbox 1534 4882 1579 4934; x_wconf 88' lang='lat' dir='ltr'><strong>si</strong></span> <span class='ocrx_word' id='word_1_385' title='bbox 1613 4882 1662 4934; x_wconf 92' lang='lat' dir='ltr'><strong>in</strong></span> <span class='ocrx_word' id='word_1_386' title='bbox 1697 4892 1846 4937; x_wconf 87' lang='lat' dir='ltr'><strong>tanto</strong></span> 
     </span>
    </p>
   </div>
   <div class='ocr_carea' id='block_1_51' title="bbox 238 4972 1845 5041">
    <p class='ocr_par' dir='ltr' id='par_1_51' title="bbox 238 4972 1845 5041">
     <span class='ocr_line' id='line_1_51' title="bbox 238 4972 1845 5041; baseline 0.001 -15"><span class='ocrx_word' id='word_1_387' title='bbox 238 4983 481 5041; x_wconf 80' lang='lat' dir='ltr'><strong>tempore</strong></span> <span class='ocrx_word' id='word_1_388' title='bbox 503 4972 897 5041; x_wconf 78' lang='lat' dir='ltr'><strong>resipiscerent,</strong></span> <span class='ocrx_word' id='word_1_389' title='bbox 914 4972 1561 5041; x_wconf 66' lang='lat' dir='ltr'><strong>revomreindignationis</strong></span> <span class='ocrx_word' id='word_1_390' title='bbox 1586 4988 1698 5026; x_wconf 72' lang='lat' dir='ltr'><strong>suat</strong></span> <span class='ocrx_word' id='word_1_391' title='bbox 1724 4990 1845 5028; x_wconf 82' lang='lat' dir='ltr'><strong>sen-</strong></span> 
     </span>
    </p>
   </div>
   <div class='ocr_carea' id='block_1_52' title="bbox 239 5062 1844 5133">
    <p class='ocr_par' dir='ltr' id='par_1_52' title="bbox 239 5062 1844 5133">
     <span class='ocr_line' id='line_1_52' title="bbox 239 5062 1844 5133; baseline 0.003 -17"><span class='ocrx_word' id='word_1_392' title='bbox 239 5064 478 5116; x_wconf 86' lang='lat' dir='ltr'><strong>tentiam.</strong></span> <span class='ocrx_word' id='word_1_393' title='bbox 512 5062 736 5133; x_wconf 85' lang='lat' dir='ltr'><strong>Semper</strong></span> <span class='ocrx_word' id='word_1_394' title='bbox 764 5066 905 5118; x_wconf 91' lang='lat' dir='ltr'><strong>enim</strong></span> <span class='ocrx_word' id='word_1_395' title='bbox 936 5078 1055 5118; x_wconf 90' lang='lat' dir='ltr'><strong>mos</strong></span> <span class='ocrx_word' id='word_1_396' title='bbox 1084 5064 1200 5133; x_wconf 88' lang='lat' dir='ltr'><strong>ejus</strong></span> <span class='ocrx_word' id='word_1_397' title='bbox 1227 5071 1332 5129; x_wconf 90' lang='lat' dir='ltr'><strong>est,</strong></span> <span class='ocrx_word' id='word_1_398' title='bbox 1361 5064 1613 5133; x_wconf 90' lang='lat' dir='ltr'><strong>quoniam</strong></span> <span class='ocrx_word' id='word_1_399' title='bbox 1646 5075 1844 5122; x_wconf 76' lang='lat' dir='ltr'><strong>nostra:</strong></span> 
     </span>
    </p>
   </div>
   <div class='ocr_carea' id='block_1_53' title="bbox 237 5152 1844 5229">
    <p class='ocr_par' dir='ltr' id='par_1_53' title="bbox 237 5152 1844 5229">
     <span class='ocr_line' id='line_1_53' title="bbox 237 5152 1844 5229; baseline 0.003 -23"><span class='ocrx_word' id='word_1_400' title='bbox 237 5153 427 5206; x_wconf 82' lang='lat' dir='ltr'><strong>salutis</strong></span> <span class='ocrx_word' id='word_1_401' title='bbox 441 5167 627 5205; x_wconf 86' lang='lat' dir='ltr'><strong>curam</strong></span> <span class='ocrx_word' id='word_1_402' title='bbox 659 5154 787 5229; x_wconf 83' lang='lat' dir='ltr'><strong>agit,</strong></span> <span class='ocrx_word' id='word_1_403' title='bbox 804 5152 1099 5222; x_wconf 78' lang='lat' dir='ltr'><strong>praedicere</strong></span> <span class='ocrx_word' id='word_1_404' title='bbox 1120 5168 1250 5222; x_wconf 85' lang='lat' dir='ltr'><strong>quas</strong></span> <span class='ocrx_word' id='word_1_405' title='bbox 1276 5168 1461 5222; x_wconf 67' lang='lat' dir='ltr'><strong>poenas</strong></span> <span class='ocrx_word' id='word_1_406' title='bbox 1481 5155 1549 5207; x_wconf 89' lang='lat' dir='ltr'><strong>sit</strong></span> <span class='ocrx_word' id='word_1_407' title='bbox 1575 5154 1844 5222; x_wconf 87' lang='lat' dir='ltr'><strong>illaturus,</strong></span> 
     </span>
    </p>
   </div>
   <div class='ocr_carea' id='block_1_54' title="bbox 236 5245 1844 5315">
    <p class='ocr_par' dir='ltr' id='par_1_54' title="bbox 236 5245 1844 5315">
     <span class='ocr_line' id='line_1_54' title="bbox 236 5245 1844 5315; baseline 0.002 -16"><span class='ocrx_word' id='word_1_408' title='bbox 236 5245 305 5300; x_wconf 85' lang='lat' dir='ltr'><strong>ob</strong></span> <span class='ocrx_word' id='word_1_409' title='bbox 339 5245 479 5298; x_wconf 87' lang='lat' dir='ltr'><strong>hanc</strong></span> <span class='ocrx_word' id='word_1_410' title='bbox 521 5252 728 5298; x_wconf 89' lang='lat' dir='ltr'><strong>tantum</strong></span> <span class='ocrx_word' id='word_1_411' title='bbox 768 5259 1008 5312; x_wconf 87' lang='lat' dir='ltr'><strong>causam,</strong></span> <span class='ocrx_word' id='word_1_412' title='bbox 1036 5261 1104 5299; x_wconf 88' lang='lat' dir='ltr'><strong>ne</strong></span> <span class='ocrx_word' id='word_1_413' title='bbox 1156 5245 1375 5310; x_wconf 79' lang='lat' dir='ltr'><strong>inferat;</strong></span> <span class='ocrx_word' id='word_1_414' title='bbox 1405 5259 1536 5315; x_wconf 86' lang='lat' dir='ltr'><strong>quas</strong></span> <span class='ocrx_word' id='word_1_415' title='bbox 1573 5247 1618 5301; x_wconf 93' lang='lat' dir='ltr'><strong>si</strong></span> <span class='ocrx_word' id='word_1_416' title='bbox 1642 5246 1844 5303; x_wconf 78' lang='lat' dir='ltr'><strong>inferre</strong></span> 
     </span>
    </p>
   </div>
   <div class='ocr_carea' id='block_1_55' title="bbox 240 5335 1850 5408">
    <p class='ocr_par' dir='ltr' id='par_1_55' title="bbox 240 5335 1850 5408">
     <span class='ocr_line' id='line_1_55' title="bbox 240 5335 1850 5408; baseline 0.001 -19"><span class='ocrx_word' id='word_1_417' title='bbox 240 5337 433 5403; x_wconf 87' lang='lat' dir='ltr'><strong>vellet,</strong></span> <span class='ocrx_word' id='word_1_418' title='bbox 460 5336 769 5405; x_wconf 87' lang='lat' dir='ltr'><strong>neutiquam</strong></span> <span class='ocrx_word' id='word_1_419' title='bbox 818 5336 1020 5392; x_wconf 89' lang='lat' dir='ltr'><strong>diceret</strong></span> <span class='ocrx_word' id='word_1_420' title='bbox 1049 5352 1063 5390; x_wconf 91' lang='lat'><strong>:</strong></span> <span class='ocrx_word' id='word_1_421' title='bbox 1095 5335 1190 5391; x_wconf 90' lang='lat' dir='ltr'><strong>sed</strong></span> <span class='ocrx_word' id='word_1_422' title='bbox 1227 5336 1467 5391; x_wconf 81' lang='lat' dir='ltr'><strong>studiose</strong></span> <span class='ocrx_word' id='word_1_423' title='bbox 1505 5336 1768 5408; x_wconf 72' lang='lat' dir='ltr'><strong>pratdicit,</strong></span> <span class='ocrx_word' id='word_1_424' title='bbox 1794 5346 1850 5391; x_wconf 90' lang='lat' dir='ltr'><strong>ut</strong></span> 
     </span>
    </p>
   </div>
   <div class='ocr_carea' id='block_1_56' title="bbox 241 5426 1845 5497">
    <p class='ocr_par' dir='ltr' id='par_1_56' title="bbox 241 5426 1845 5497">
     <span class='ocr_line' id='line_1_56' title="bbox 241 5426 1845 5497; baseline -0.001 -12"><span class='ocrx_word' id='word_1_425' title='bbox 241 5443 361 5485; x_wconf 86' lang='lat' dir='ltr'><strong>eum</strong></span> <span class='ocrx_word' id='word_1_426' title='bbox 424 5442 527 5482; x_wconf 91' lang='lat' dir='ltr'><strong>nos</strong></span> <span class='ocrx_word' id='word_1_427' title='bbox 579 5426 949 5493; x_wconf 90' lang='lat' dir='ltr'><strong>didicerimus,</strong></span> <span class='ocrx_word' id='word_1_428' title='bbox 986 5429 1180 5482; x_wconf 84' lang='lat' dir='ltr'><strong>timore</strong></span> <span class='ocrx_word' id='word_1_429' title='bbox 1236 5427 1634 5483; x_wconf 86' lang='lat' dir='ltr'><strong>emendatiores</strong></span> <span class='ocrx_word' id='word_1_430' title='bbox 1683 5429 1845 5497; x_wconf 80' lang='lat' dir='ltr'><strong>iacti,</strong></span> 
     </span>
    </p>
   </div>
   <div class='ocr_carea' id='block_1_57' title="bbox 241 5516 1852 5589">
    <p class='ocr_par' dir='ltr' id='par_1_57' title="bbox 241 5516 1852 5589">
     <span class='ocr_line' id='line_1_57' title="bbox 241 5516 1852 5589; baseline 0.002 -16"><span class='ocrx_word' id='word_1_431' title='bbox 241 5528 550 5574; x_wconf 68' lang='lat' dir='ltr'><strong>axertamus</strong></span> <span class='ocrx_word' id='word_1_432' title='bbox 600 5516 767 5587; x_wconf 86' lang='lat' dir='ltr'><strong>ipsius</strong></span> <span class='ocrx_word' id='word_1_433' title='bbox 808 5518 1248 5589; x_wconf 84' lang='lat' dir='ltr'><strong>indignationem,</strong></span> <span class='ocrx_word' id='word_1_434' title='bbox 1278 5527 1333 5575; x_wconf 90' lang='lat' dir='ltr'><strong>et</strong></span> <span class='ocrx_word' id='word_1_435' title='bbox 1356 5520 1649 5573; x_wconf 88' lang='lat' dir='ltr'><strong>sententias</strong></span> <span class='ocrx_word' id='word_1_436' title='bbox 1673 5518 1852 5576; x_wconf 90' lang='lat' dir='ltr'><strong>irritas</strong></span> 
     </span>
    </p>
   </div>
   <div class='ocr_carea' id='block_1_58' title="bbox 244 5608 1854 5681">
    <p class='ocr_par' dir='ltr' id='par_1_58' title="bbox 244 5608 1854 5681">
     <span class='ocr_line' id='line_1_58' title="bbox 244 5608 1854 5681; baseline -0.002 -14"><span class='ocrx_word' id='word_1_437' title='bbox 244 5608 524 5679; x_wconf 76' lang='lat' dir='ltr'><strong>iaciamus.</strong></span> <span class='ocrx_word' id='word_1_438' title='bbox 553 5608 695 5665; x_wconf 83' lang='lat' dir='ltr'><strong>Nihil</strong></span> <span class='ocrx_word' id='word_1_439' title='bbox 724 5611 866 5665; x_wconf 91' lang='lat' dir='ltr'><strong>enim</strong></span> <span class='ocrx_word' id='word_1_440' title='bbox 899 5620 1002 5675; x_wconf 89' lang='lat' dir='ltr'><strong>est,</strong></span> <span class='ocrx_word' id='word_1_441' title='bbox 1034 5609 1178 5681; x_wconf 89' lang='lat' dir='ltr'><strong>quod</strong></span> <span class='ocrx_word' id='word_1_442' title='bbox 1208 5611 1278 5665; x_wconf 91' lang='lat' dir='ltr'><strong>ita</strong></span> <span class='ocrx_word' id='word_1_443' title='bbox 1310 5610 1460 5665; x_wconf 89' lang='lat' dir='ltr'><strong>illum</strong></span> <span class='ocrx_word' id='word_1_444' title='bbox 1489 5609 1770 5672; x_wconf 81' lang='lat' dir='ltr'><strong>exltilaret,</strong></span> <span class='ocrx_word' id='word_1_445' title='bbox 1797 5620 1854 5663; x_wconf 86' lang='lat' dir='ltr'><strong>ut</strong></span> 
     </span>
    </p>
   </div>
   <div class='ocr_carea' id='block_1_59' title="bbox 246 5704 1849 5775">
    <p class='ocr_par' dir='ltr' id='par_1_59' title="bbox 246 5704 1849 5775">
     <span class='ocr_line' id='line_1_59' title="bbox 246 5704 1849 5775; baseline -0.002 -15"><span class='ocrx_word' id='word_1_446' title='bbox 246 5704 529 5760; x_wconf 76' lang='lat' dir='ltr'><strong>conversio</strong></span> <span class='ocrx_word' id='word_1_447' title='bbox 560 5710 763 5769; x_wconf 88' lang='lat' dir='ltr'><strong>nostra,</strong></span> <span class='ocrx_word' id='word_1_448' title='bbox 783 5712 837 5758; x_wconf 90' lang='lat' dir='ltr'><strong>et</strong></span> <span class='ocrx_word' id='word_1_449' title='bbox 862 5719 889 5757; x_wconf 90' lang='lat' dir='ltr'><strong>a</strong></span> <span class='ocrx_word' id='word_1_450' title='bbox 920 5712 1141 5773; x_wconf 78' lang='lat' dir='ltr'><strong>peccato</strong></span> <span class='ocrx_word' id='word_1_451' title='bbox 1171 5704 1237 5759; x_wconf 87' lang='lat' dir='ltr'><strong>ad</strong></span> <span class='ocrx_word' id='word_1_452' title='bbox 1268 5704 1520 5759; x_wconf 89' lang='lat' dir='ltr'><strong>virtutem</strong></span> <span class='ocrx_word' id='word_1_453' title='bbox 1548 5719 1849 5775; x_wconf 75' lang='lat' dir='ltr'><strong>regressus.</strong></span> 
     </span>
    </p>
   </div>
   <div class='ocr_carea' id='block_1_60' title="bbox 246 5785 1848 5871">
    <p class='ocr_par' dir='ltr' id='par_1_60' title="bbox 246 5785 1848 5871">
     <span class='ocr_line' id='line_1_60' title="bbox 246 5785 1848 5871; baseline 0.011 -32"><span class='ocrx_word' id='word_1_454' title='bbox 246 5785 635 5846; x_wconf 83' lang='lat' dir='ltr'><strong>Animadverte</strong></span> <span class='ocrx_word' id='word_1_455' title='bbox 662 5794 810 5865; x_wconf 71' lang='lat' dir='ltr'><strong>igitur</strong></span> <span class='ocrx_word' id='word_1_456' title='bbox 845 5796 1119 5868; x_wconf 86' lang='lat' dir='ltr'><strong>quomodo</strong></span> <span class='ocrx_word' id='word_1_457' title='bbox 1145 5806 1200 5852; x_wconf 88' lang='lat' dir='ltr'><strong>et</strong></span> <span class='ocrx_word' id='word_1_458' title='bbox 1220 5796 1446 5853; x_wconf 88' lang='lat' dir='ltr'><strong>istorum</strong></span> <span class='ocrx_word' id='word_1_459' title='bbox 1475 5799 1848 5871; x_wconf 62' lang='lat' dir='ltr'><strong>aegritudinem</strong></span> 
     </span>
    </p>
   </div>
   <div class='ocr_carea' id='block_1_61' title="bbox 1294 354 2433 413">
    <p class='ocr_par' dir='ltr' id='par_1_61' title="bbox 1294 354 2433 413">
     <span class='ocr_line' id='line_1_61' title="bbox 1294 354 2433 413; baseline -0.002 -3"><span class='ocrx_word' id='word_1_460' title='bbox 1294 355 1335 410; x_wconf 75' lang='grc' dir='ltr'><strong>Ν</strong></span> <span class='ocrx_word' id='word_1_461' title='bbox 1374 356 1527 411; x_wconf 64' lang='lat' dir='ltr'><strong>CAP.</strong></span> <span class='ocrx_word' id='word_1_462' title='bbox 1554 356 1662 411; x_wconf 86' lang='lat' dir='ltr'><strong>VII.</strong></span> <span class='ocrx_word' id='word_1_463' title='bbox 1706 356 1947 413; x_wconf 65' lang='lat' dir='ltr'><strong>GliNES.</strong></span> <span class='ocrx_word' id='word_1_464' title='bbox 1994 354 2223 411; x_wconf 61' lang='lat' dir='ltr'><strong>llOREIL.</strong></span> <span class='ocrx_word' id='word_1_465' title='bbox 2269 354 2433 411; x_wconf 70' lang='lat' dir='ltr'><strong>XXV.</strong></span> 
     </span>
    </p>
   </div>
   <div class='ocr_carea' id='block_1_62' title="bbox 3480 362 3585 418">
    <p class='ocr_par' dir='ltr' id='par_1_62' title="bbox 3480 362 3585 418">
     <span class='ocr_line' id='line_1_62' title="bbox 3480 362 3585 418; baseline 0.038 -5"><span class='ocrx_word' id='word_1_466' title='bbox 3480 362 3585 418; x_wconf 63' lang='lat'><strong>22?.</strong></span> 
     </span>
    </p>
   </div>
   <div class='ocr_carea' id='block_1_63' title="bbox 1979 470 3581 547">
    <p class='ocr_par' dir='ltr' id='par_1_63' title="bbox 1979 470 3581 547">
     <span class='ocr_line' id='line_1_63' title="bbox 1979 470 3581 547; baseline 0.006 -23"><span class='ocrx_word' id='word_1_467' title='bbox 1979 470 2235 525; x_wconf 88' lang='lat' dir='ltr'><strong>industria</strong></span> <span class='ocrx_word' id='word_1_468' title='bbox 2268 471 2494 541; x_wconf 88' lang='lat' dir='ltr'><strong>quadam</strong></span> <span class='ocrx_word' id='word_1_469' title='bbox 2519 487 2710 529; x_wconf 87' lang='lat' dir='ltr'><strong>curare</strong></span> <span class='ocrx_word' id='word_1_470' title='bbox 2740 474 2927 530; x_wconf 86' lang='lat' dir='ltr'><strong>nititur</strong></span> <span class='ocrx_word' id='word_1_471' title='bbox 2956 494 2971 535; x_wconf 89' lang='lat'><strong>:</strong></span> <span class='ocrx_word' id='word_1_472' title='bbox 3006 477 3181 547; x_wconf 85' lang='lat' dir='ltr'><strong>primo</strong></span> <span class='ocrx_word' id='word_1_473' title='bbox 3215 486 3417 533; x_wconf 85' lang='lat' dir='ltr'><strong>tantum</strong></span> <span class='ocrx_word' id='word_1_474' title='bbox 3441 492 3581 535; x_wconf 83' lang='lat' dir='ltr'><strong>tent-</strong></span> 
     </span>
    </p>
   </div>
   <div class='ocr_carea' id='block_1_64' title="bbox 1975 561 3581 641">
    <p class='ocr_par' dir='ltr' id='par_1_64' title="bbox 1975 561 3581 641">
     <span class='ocr_line' id='line_1_64' title="bbox 1975 561 3581 641; baseline 0.008 -29"><span class='ocrx_word' id='word_1_475' title='bbox 1975 561 2120 631; x_wconf 87' lang='lat' dir='ltr'><strong>poris</strong></span> <span class='ocrx_word' id='word_1_476' title='bbox 2141 562 2206 617; x_wconf 87' lang='lat' dir='ltr'><strong>ad</strong></span> <span class='ocrx_word' id='word_1_477' title='bbox 2233 562 2604 632; x_wconf 70' lang='lat' dir='ltr'><strong>ptenitentiatn</strong></span> <span class='ocrx_word' id='word_1_478' title='bbox 2647 564 2827 632; x_wconf 84' lang='lat' dir='ltr'><strong>dedit;</strong></span> <span class='ocrx_word' id='word_1_479' title='bbox 2863 565 2985 622; x_wconf 89' lang='lat' dir='ltr'><strong>dein</strong></span> <span class='ocrx_word' id='word_1_480' title='bbox 3037 568 3125 623; x_wconf 91' lang='lat' dir='ltr'><strong>ubi</strong></span> <span class='ocrx_word' id='word_1_481' title='bbox 3153 569 3284 624; x_wconf 86' lang='lat' dir='ltr'><strong>vidit</strong></span> <span class='ocrx_word' id='word_1_482' title='bbox 3310 584 3403 626; x_wconf 83' lang='lat' dir='ltr'><strong>eos</strong></span> <span class='ocrx_word' id='word_1_483' title='bbox 3429 573 3581 641; x_wconf 88' lang='lat' dir='ltr'><strong>quasi</strong></span> 
     </span>
    </p>
   </div>
   <div class='ocr_carea' id='block_1_65' title="bbox 1976 650 3581 732">
    <p class='ocr_par' dir='ltr' id='par_1_65' title="bbox 1976 650 3581 732">
     <span class='ocr_line' id='line_1_65' title="bbox 1976 650 3581 732; baseline 0.009 -27"><span class='ocrx_word' id='word_1_484' title='bbox 1976 650 2230 707; x_wconf 90' lang='lat' dir='ltr'><strong>insensati</strong></span> <span class='ocrx_word' id='word_1_485' title='bbox 2280 663 2483 721; x_wconf 84' lang='lat' dir='ltr'><strong>essent,</strong></span> <span class='ocrx_word' id='word_1_486' title='bbox 2530 655 2601 710; x_wconf 90' lang='lat' dir='ltr'><strong>ita</strong></span> <span class='ocrx_word' id='word_1_487' title='bbox 2643 670 2702 711; x_wconf 91' lang='lat' dir='ltr'><strong>sc</strong></span> <span class='ocrx_word' id='word_1_488' title='bbox 2747 672 2975 727; x_wconf 84' lang='lat' dir='ltr'><strong>gerere,</strong></span> <span class='ocrx_word' id='word_1_489' title='bbox 3024 660 3265 732; x_wconf 85' lang='lat' dir='ltr'><strong>nihilque</strong></span> <span class='ocrx_word' id='word_1_490' title='bbox 3317 665 3581 732; x_wconf 78' lang='lat' dir='ltr'><strong>prolicere</strong></span> 
     </span>
    </p>
   </div>
   <div class='ocr_carea' id='block_1_66' title="bbox 1976 743 3581 820">
    <p class='ocr_par' dir='ltr' id='par_1_66' title="bbox 1976 743 3581 820">
     <span class='ocr_line' id='line_1_66' title="bbox 1976 743 3581 820; baseline 0.011 -25"><span class='ocrx_word' id='word_1_491' title='bbox 1976 743 2232 812; x_wconf 84' lang='lat' dir='ltr'><strong>temporis</strong></span> <span class='ocrx_word' id='word_1_492' title='bbox 2264 744 2615 815; x_wconf 88' lang='lat' dir='ltr'><strong>longitudine,</strong></span> <span class='ocrx_word' id='word_1_493' title='bbox 2637 747 2749 816; x_wconf 79' lang='lat' dir='ltr'><strong>jam</strong></span> <span class='ocrx_word' id='word_1_494' title='bbox 2774 764 2895 803; x_wconf 89' lang='lat' dir='ltr'><strong>cum</strong></span> <span class='ocrx_word' id='word_1_495' title='bbox 2945 753 3335 820; x_wconf 89' lang='lat' dir='ltr'><strong>propemodum</strong></span> <span class='ocrx_word' id='word_1_496' title='bbox 3366 752 3419 809; x_wconf 89' lang='lat' dir='ltr'><strong>in</strong></span> <span class='ocrx_word' id='word_1_497' title='bbox 3448 755 3581 811; x_wconf 79' lang='lat' dir='ltr'><strong>fori-</strong></span> 
     </span>
    </p>
   </div>
   <div class='ocr_carea' id='block_1_67' title="bbox 1971 832 3579 914">
    <p class='ocr_par' dir='ltr' id='par_1_67' title="bbox 1971 832 3579 914">
     <span class='ocr_line' id='line_1_67' title="bbox 1971 832 3579 914; baseline 0.009 -27"><span class='ocrx_word' id='word_1_498' title='bbox 1971 832 2071 888; x_wconf 90' lang='lat' dir='ltr'><strong>bus</strong></span> <span class='ocrx_word' id='word_1_499' title='bbox 2117 835 2246 901; x_wconf 83' lang='lat' dir='ltr'><strong>ipsis</strong></span> <span class='ocrx_word' id='word_1_500' title='bbox 2295 846 2439 892; x_wconf 80' lang='lat' dir='ltr'><strong>esset</strong></span> <span class='ocrx_word' id='word_1_501' title='bbox 2483 837 2762 906; x_wconf 88' lang='lat' dir='ltr'><strong>diluvium,</strong></span> <span class='ocrx_word' id='word_1_502' title='bbox 2811 840 3003 895; x_wconf 89' lang='lat' dir='ltr'><strong>iterum</strong></span> <span class='ocrx_word' id='word_1_503' title='bbox 3052 846 3415 914; x_wconf 71' lang='lat' dir='ltr'><strong>prmnuntiat,</strong></span> <span class='ocrx_word' id='word_1_504' title='bbox 3470 865 3579 901; x_wconf 85' lang='lat' dir='ltr'><strong>non</strong></span> 
     </span>
    </p>
   </div>
   <div class='ocr_carea' id='block_1_68' title="bbox 1971 928 3578 1009">
    <p class='ocr_par' dir='ltr' id='par_1_68' title="bbox 1971 928 3578 1009">
     <span class='ocr_line' id='line_1_68' title="bbox 1971 928 3578 1009; baseline 0.007 -29"><span class='ocrx_word' id='word_1_505' title='bbox 1971 936 2097 981; x_wconf 84' lang='lat' dir='ltr'><strong>ante</strong></span> <span class='ocrx_word' id='word_1_506' title='bbox 2125 937 2232 982; x_wconf 83' lang='lat' dir='ltr'><strong>tres</strong></span> <span class='ocrx_word' id='word_1_507' title='bbox 2271 928 2408 996; x_wconf 81' lang='lat' dir='ltr'><strong>dies,</strong></span> <span class='ocrx_word' id='word_1_508' title='bbox 2455 931 2592 986; x_wconf 88' lang='lat' dir='ltr'><strong>sicut</strong></span> <span class='ocrx_word' id='word_1_509' title='bbox 2632 931 2899 1001; x_wconf 79' lang='lat' dir='ltr'><strong>Ninivitis,</strong></span> <span class='ocrx_word' id='word_1_510' title='bbox 2940 935 3032 990; x_wconf 91' lang='lat' dir='ltr'><strong>sed</strong></span> <span class='ocrx_word' id='word_1_511' title='bbox 3080 947 3205 992; x_wconf 90' lang='lat' dir='ltr'><strong>ante</strong></span> <span class='ocrx_word' id='word_1_512' title='bbox 3251 949 3478 1009; x_wconf 80' lang='lat' dir='ltr'><strong>septem.</strong></span> <span class='ocrx_word' id='word_1_513' title='bbox 3516 941 3578 995; x_wconf 77' lang='grc' dir='ltr'><strong>Ει</strong></span> 
     </span>
    </p>
   </div>
   <div class='ocr_carea' id='block_1_69' title="bbox 1971 1015 3578 1094">
    <p class='ocr_par' dir='ltr' id='par_1_69' title="bbox 1971 1015 3578 1094">
     <span class='ocr_line' id='line_1_69' title="bbox 1971 1015 3578 1094; baseline 0.011 -24"><span class='ocrx_word' id='word_1_514' title='bbox 1971 1015 2201 1089; x_wconf 81' lang='lat' dir='ltr'><strong>ﬁdenter</strong></span> <span class='ocrx_word' id='word_1_515' title='bbox 2244 1019 2493 1089; x_wconf 76' lang='lat' dir='ltr'><strong>dixerim,</strong></span> <span class='ocrx_word' id='word_1_516' title='bbox 2542 1025 2959 1094; x_wconf 82' lang='lat' dir='ltr'><strong>magnitudinem</strong></span> <span class='ocrx_word' id='word_1_517' title='bbox 3005 1029 3312 1088; x_wconf 74' lang='lat' dir='ltr'><strong>clementia:</strong></span> <span class='ocrx_word' id='word_1_518' title='bbox 3367 1032 3578 1088; x_wconf 86' lang='lat' dir='ltr'><strong>Domini</strong></span> 
     </span>
    </p>
   </div>
   <div class='ocr_carea' id='block_1_70' title="bbox 1971 1108 3578 1193">
    <p class='ocr_par' dir='ltr' id='par_1_70' title="bbox 1971 1108 3578 1193">
     <span class='ocr_line' id='line_1_70' title="bbox 1971 1108 3578 1193; baseline 0.012 -32"><span class='ocrx_word' id='word_1_519' title='bbox 1971 1122 2040 1161; x_wconf 91' lang='lat' dir='ltr'><strong>no</strong></span> <span class='ocrx_word' id='word_1_520' title='bbox 2073 1108 2138 1162; x_wconf 90' lang='lat' dir='ltr'><strong>tri</strong></span> <span class='ocrx_word' id='word_1_521' title='bbox 2165 1110 2362 1175; x_wconf 83' lang='lat' dir='ltr'><strong>sciens,</strong></span> <span class='ocrx_word' id='word_1_522' title='bbox 2394 1113 2437 1165; x_wconf 82' lang='lat' dir='ltr'><strong>si</strong></span> <span class='ocrx_word' id='word_1_523' title='bbox 2468 1114 2553 1168; x_wconf 86' lang='lat' dir='ltr'><strong>vel</strong></span> <span class='ocrx_word' id='word_1_524' title='bbox 2579 1114 2631 1168; x_wconf 87' lang='lat' dir='ltr'><strong>itt</strong></span> <span class='ocrx_word' id='word_1_525' title='bbox 2652 1127 2857 1184; x_wconf 86' lang='lat' dir='ltr'><strong>septem</strong></span> <span class='ocrx_word' id='word_1_526' title='bbox 2877 1117 3068 1174; x_wconf 74' lang='lat' dir='ltr'><strong>diebus</strong></span> <span class='ocrx_word' id='word_1_527' title='bbox 3097 1135 3277 1175; x_wconf 86' lang='lat' dir='ltr'><strong>veram</strong></span> <span class='ocrx_word' id='word_1_528' title='bbox 3308 1126 3578 1193; x_wconf 60' lang='lat' dir='ltr'><strong>partiti-n-</strong></span> 
     </span>
    </p>
   </div>
   <div class='ocr_carea' id='block_1_71' title="bbox 1972 1197 3579 1284">
    <p class='ocr_par' dir='ltr' id='par_1_71' title="bbox 1972 1197 3579 1284">
     <span class='ocr_line' id='line_1_71' title="bbox 1972 1197 3579 1284; baseline 0.012 -34"><span class='ocrx_word' id='word_1_529' title='bbox 1972 1197 2098 1251; x_wconf 87' lang='lat' dir='ltr'><strong>tiam</strong></span> <span class='ocrx_word' id='word_1_530' title='bbox 2129 1214 2289 1269; x_wconf 88' lang='lat' dir='ltr'><strong>agere</strong></span> <span class='ocrx_word' id='word_1_531' title='bbox 2333 1202 2646 1267; x_wconf 83' lang='lat' dir='ltr'><strong>voluissent,</strong></span> <span class='ocrx_word' id='word_1_532' title='bbox 2674 1205 2988 1276; x_wconf 72' lang='lat' dir='ltr'><strong>effugissent</strong></span> <span class='ocrx_word' id='word_1_533' title='bbox 3016 1211 3197 1281; x_wconf 84' lang='lat' dir='ltr'><strong>utique</strong></span> <span class='ocrx_word' id='word_1_534' title='bbox 3225 1212 3405 1267; x_wconf 89' lang='lat' dir='ltr'><strong>diluvii</strong></span> <span class='ocrx_word' id='word_1_535' title='bbox 3437 1218 3579 1284; x_wconf 89' lang='lat' dir='ltr'><strong>peri-</strong></span> 
     </span>
    </p>
   </div>
   <div class='ocr_carea' id='block_1_72' title="bbox 1968 1288 3549 1368">
    <p class='ocr_par' dir='ltr' id='par_1_72' title="bbox 1968 1288 3549 1368">
     <span class='ocr_line' id='line_1_72' title="bbox 1968 1288 3549 1368; baseline 0.013 -28"><span class='ocrx_word' id='word_1_536' title='bbox 1968 1288 2169 1342; x_wconf 88' lang='lat' dir='ltr'><strong>culum.</strong></span> <span class='ocrx_word' id='word_1_537' title='bbox 2204 1290 2385 1360; x_wconf 87' lang='lat' dir='ltr'><strong>Itaque</strong></span> <span class='ocrx_word' id='word_1_538' title='bbox 2433 1296 2687 1363; x_wconf 84' lang='lat' dir='ltr'><strong>quoniam</strong></span> <span class='ocrx_word' id='word_1_539' title='bbox 2719 1314 2893 1367; x_wconf 89' lang='lat' dir='ltr'><strong>neque</strong></span> <span class='ocrx_word' id='word_1_540' title='bbox 2933 1299 3219 1368; x_wconf 87' lang='lat' dir='ltr'><strong>productio</strong></span> <span class='ocrx_word' id='word_1_541' title='bbox 3263 1306 3395 1358; x_wconf 84' lang='lat' dir='ltr'><strong>tanti</strong></span> <span class='ocrx_word' id='word_1_542' title='bbox 3444 1315 3549 1360; x_wconf 81' lang='lat' dir='ltr'><strong>tem</strong></span> 
     </span>
    </p>
   </div>
   <div class='ocr_carea' id='block_1_73' title="bbox 1968 1379 3576 1464">
    <p class='ocr_par' dir='ltr' id='par_1_73' title="bbox 1968 1379 3576 1464">
     <span class='ocr_line' id='line_1_73' title="bbox 1968 1379 3576 1464; baseline 0.014 -37"><span class='ocrx_word' id='word_1_543' title='bbox 1968 1379 2134 1446; x_wconf 85' lang='lat' dir='ltr'><strong>puris,</strong></span> <span class='ocrx_word' id='word_1_544' title='bbox 2165 1395 2339 1451; x_wconf 88' lang='lat' dir='ltr'><strong>neque</strong></span> <span class='ocrx_word' id='word_1_545' title='bbox 2356 1384 2650 1438; x_wconf 76' lang='lat' dir='ltr'><strong>eoat-etalio</strong></span> <span class='ocrx_word' id='word_1_546' title='bbox 2675 1400 2704 1439; x_wconf 92' lang='lat' dir='ltr'><strong>a</strong></span> <span class='ocrx_word' id='word_1_547' title='bbox 2738 1387 2892 1443; x_wconf 79' lang='lat' dir='ltr'><strong>malis</strong></span> <span class='ocrx_word' id='word_1_548' title='bbox 2935 1403 3029 1445; x_wconf 89' lang='lat' dir='ltr'><strong>eos</strong></span> <span class='ocrx_word' id='word_1_549' title='bbox 3076 1391 3341 1449; x_wconf 87' lang='lat' dir='ltr'><strong>abducere</strong></span> <span class='ocrx_word' id='word_1_550' title='bbox 3382 1397 3576 1464; x_wconf 84' lang='lat' dir='ltr'><strong>potuit,</strong></span> 
     </span>
    </p>
   </div>
   <div class='ocr_carea' id='block_1_74' title="bbox 1968 1471 3573 1544">
    <p class='ocr_par' dir='ltr' id='par_1_74' title="bbox 1968 1471 3573 1544">
     <span class='ocr_line' id='line_1_74' title="bbox 1968 1471 3573 1544; baseline 0.012 -19"><span class='ocrx_word' id='word_1_551' title='bbox 1968 1471 2180 1527; x_wconf 77' lang='lat' dir='ltr'><strong>induxit</strong></span> <span class='ocrx_word' id='word_1_552' title='bbox 2222 1474 2479 1530; x_wconf 80' lang='lat' dir='ltr'><strong>diluvium</strong></span> <span class='ocrx_word' id='word_1_553' title='bbox 2508 1478 2560 1531; x_wconf 88' lang='lat' dir='ltr'><strong>itt</strong></span> <span class='ocrx_word' id='word_1_554' title='bbox 2591 1482 2984 1538; x_wconf 82' lang='lat' dir='ltr'><strong>sexcentesimo</strong></span> <span class='ocrx_word' id='word_1_555' title='bbox 3030 1498 3172 1540; x_wconf 90' lang='lat' dir='ltr'><strong>anno</strong></span> <span class='ocrx_word' id='word_1_556' title='bbox 3199 1485 3330 1541; x_wconf 86' lang='lat' dir='ltr'><strong>Noe.</strong></span> <span class='ocrx_word' id='word_1_557' title='bbox 3362 1488 3419 1543; x_wconf 88' lang='lat'><strong>6.</strong></span> <span class='ocrx_word' id='word_1_558' title='bbox 3457 1487 3573 1544; x_wconf 82' lang='lat' dir='ltr'><strong>Noe</strong></span> 
     </span>
    </p>
   </div>
   <div class='ocr_carea' id='block_1_75' title="bbox 1967 1564 3575 1642">
    <p class='ocr_par' dir='ltr' id='par_1_75' title="bbox 1967 1564 3575 1642">
     <span class='ocr_line' id='line_1_75' title="bbox 1967 1564 3575 1642; baseline 0.011 -26"><span class='ocrx_word' id='word_1_559' title='bbox 1967 1578 2153 1630; x_wconf 88' lang='lat' dir='ltr'><strong>autem,</strong></span> <span class='ocrx_word' id='word_1_560' title='bbox 2187 1564 2375 1635; x_wconf 86' lang='lat' dir='ltr'><strong>inquit,</strong></span> <span class='ocrx_word' id='word_1_561' title='bbox 2420 1579 2768 1625; x_wconf 69' lang='lat' dir='ltr'><strong>sexcentarum</strong></span> <span class='ocrx_word' id='word_1_562' title='bbox 2810 1589 3062 1629; x_wconf 87' lang='lat' dir='ltr'><strong>annorum</strong></span> <span class='ocrx_word' id='word_1_563' title='bbox 3099 1588 3225 1642; x_wconf 84' lang='lat' dir='ltr'><strong>erat,</strong></span> <span class='ocrx_word' id='word_1_564' title='bbox 3256 1588 3303 1633; x_wconf 86' lang='lat' dir='ltr'><strong>et</strong></span> <span class='ocrx_word' id='word_1_565' title='bbox 3329 1580 3575 1635; x_wconf 75' lang='lat' dir='ltr'><strong>diluvium</strong></span> 
     </span>
    </p>
   </div>
   <div class='ocr_carea' id='block_1_76' title="bbox 1967 1658 3575 1741">
    <p class='ocr_par' dir='ltr' id='par_1_76' title="bbox 1967 1658 3575 1741">
     <span class='ocr_line' id='line_1_76' title="bbox 1967 1658 3575 1741; baseline 0.014 -36"><span class='ocrx_word' id='word_1_566' title='bbox 1967 1670 2113 1724; x_wconf 76' lang='lat' dir='ltr'><strong>aqua:</strong></span> <span class='ocrx_word' id='word_1_567' title='bbox 2141 1658 2333 1728; x_wconf 73' lang='lat' dir='ltr'><strong>factum</strong></span> <span class='ocrx_word' id='word_1_568' title='bbox 2349 1667 2421 1712; x_wconf 85' lang='lat' dir='ltr'><strong>est</strong></span> <span class='ocrx_word' id='word_1_569' title='bbox 2443 1675 2599 1729; x_wconf 83' lang='lat' dir='ltr'><strong>super</strong></span> <span class='ocrx_word' id='word_1_570' title='bbox 2628 1670 2834 1735; x_wconf 72' lang='lat' dir='ltr'><strong>terram.</strong></span> <span class='ocrx_word' id='word_1_571' title='bbox 2865 1663 3103 1734; x_wconf 83' lang='lat' dir='ltr'><strong>Vidistis,</strong></span> <span class='ocrx_word' id='word_1_572' title='bbox 3132 1668 3333 1735; x_wconf 87' lang='lat' dir='ltr'><strong>dilecti,</strong></span> <span class='ocrx_word' id='word_1_573' title='bbox 3360 1681 3575 1741; x_wconf 75' lang='lat' dir='ltr'><strong>quanta:</strong></span> 
     </span>
    </p>
   </div>
   <div class='ocr_carea' id='block_1_77' title="bbox 1966 1746 3573 1828">
    <p class='ocr_par' dir='ltr' id='par_1_77' title="bbox 1966 1746 3573 1828">
     <span class='ocr_line' id='line_1_77' title="bbox 1966 1746 3573 1828; baseline 0.011 -28"><span class='ocrx_word' id='word_1_574' title='bbox 1966 1746 2122 1801; x_wconf 90' lang='lat' dir='ltr'><strong>nobis</strong></span> <span class='ocrx_word' id='word_1_575' title='bbox 2152 1747 2395 1804; x_wconf 85' lang='lat' dir='ltr'><strong>utilitatis</strong></span> <span class='ocrx_word' id='word_1_576' title='bbox 2426 1752 2647 1806; x_wconf 88' lang='lat' dir='ltr'><strong>materia</strong></span> <span class='ocrx_word' id='word_1_577' title='bbox 2681 1752 2817 1809; x_wconf 81' lang='lat' dir='ltr'><strong>facta</strong></span> <span class='ocrx_word' id='word_1_578' title='bbox 2862 1756 2951 1823; x_wconf 86' lang='lat' dir='ltr'><strong>sit,</strong></span> <span class='ocrx_word' id='word_1_579' title='bbox 2997 1772 3328 1828; x_wconf 83' lang='lat' dir='ltr'><strong>cognoscere</strong></span> <span class='ocrx_word' id='word_1_580' title='bbox 3379 1779 3573 1818; x_wconf 89' lang='lat' dir='ltr'><strong>nume-</strong></span> 
     </span>
    </p>
   </div>
   <div class='ocr_carea' id='block_1_78' title="bbox 1964 1842 3574 1926">
    <p class='ocr_par' dir='ltr' id='par_1_78' title="bbox 1964 1842 3574 1926">
     <span class='ocr_line' id='line_1_78' title="bbox 1964 1842 3574 1926; baseline 0.012 -34"><span class='ocrx_word' id='word_1_581' title='bbox 1964 1853 2084 1892; x_wconf 87' lang='lat' dir='ltr'><strong>rum</strong></span> <span class='ocrx_word' id='word_1_582' title='bbox 2131 1854 2393 1896; x_wconf 90' lang='lat' dir='ltr'><strong>annorum</strong></span> <span class='ocrx_word' id='word_1_583' title='bbox 2436 1842 2589 1912; x_wconf 82' lang='lat' dir='ltr'><strong>justi,</strong></span> <span class='ocrx_word' id='word_1_584' title='bbox 2618 1855 2669 1899; x_wconf 91' lang='lat' dir='ltr'><strong>et</strong></span> <span class='ocrx_word' id='word_1_585' title='bbox 2711 1856 2842 1916; x_wconf 88' lang='lat' dir='ltr'><strong>quot</strong></span> <span class='ocrx_word' id='word_1_586' title='bbox 2885 1864 3146 1905; x_wconf 88' lang='lat' dir='ltr'><strong>annorum</strong></span> <span class='ocrx_word' id='word_1_587' title='bbox 3192 1863 3330 1919; x_wconf 90' lang='lat' dir='ltr'><strong>erat,</strong></span> <span class='ocrx_word' id='word_1_588' title='bbox 3360 1856 3574 1926; x_wconf 87' lang='lat' dir='ltr'><strong>quando</strong></span> 
     </span>
    </p>
   </div>
   <div class='ocr_carea' id='block_1_79' title="bbox 1964 1929 3572 2015">
    <p class='ocr_par' dir='ltr' id='par_1_79' title="bbox 1964 1929 3572 2015">
     <span class='ocr_line' id='line_1_79' title="bbox 1964 1929 3572 2015; baseline 0.013 -32"><span class='ocrx_word' id='word_1_589' title='bbox 1964 1929 2221 1986; x_wconf 88' lang='lat' dir='ltr'><strong>diluvium</strong></span> <span class='ocrx_word' id='word_1_590' title='bbox 2252 1934 2434 1988; x_wconf 87' lang='lat' dir='ltr'><strong>venit?</strong></span> <span class='ocrx_word' id='word_1_591' title='bbox 2459 1936 2571 2006; x_wconf 76' lang='lat' dir='ltr'><strong>Age</strong></span> <span class='ocrx_word' id='word_1_592' title='bbox 2600 1940 3005 2007; x_wconf 82' lang='lat' dir='ltr'><strong>progrediamur</strong></span> <span class='ocrx_word' id='word_1_593' title='bbox 3032 1942 3098 1997; x_wconf 92' lang='lat' dir='ltr'><strong>ad</strong></span> <span class='ocrx_word' id='word_1_594' title='bbox 3124 1958 3187 1999; x_wconf 90' lang='lat' dir='ltr'><strong>ea</strong></span> <span class='ocrx_word' id='word_1_595' title='bbox 3233 1960 3354 2015; x_wconf 76' lang='lat' dir='ltr'><strong>qua:</strong></span> <span class='ocrx_word' id='word_1_596' title='bbox 3375 1962 3572 2003; x_wconf 87' lang='lat' dir='ltr'><strong>conse-</strong></span> 
     </span>
    </p>
   </div>
   <div class='ocr_carea' id='block_1_80' title="bbox 1964 2025 3569 2108">
    <p class='ocr_par' dir='ltr' id='par_1_80' title="bbox 1964 2025 3569 2108">
     <span class='ocr_line' id='line_1_80' title="bbox 1964 2025 3569 2108; baseline 0.012 -33"><span class='ocrx_word' id='word_1_597' title='bbox 1964 2033 2193 2092; x_wconf 87' lang='lat' dir='ltr'><strong>quenter</strong></span> <span class='ocrx_word' id='word_1_598' title='bbox 2238 2025 2509 2081; x_wconf 88' lang='lat' dir='ltr'><strong>dicuntur.</strong></span> <span class='ocrx_word' id='word_1_599' title='bbox 2539 2028 2673 2084; x_wconf 86' lang='lat' dir='ltr'><strong>Nam</strong></span> <span class='ocrx_word' id='word_1_600' title='bbox 2707 2041 2763 2085; x_wconf 88' lang='lat' dir='ltr'><strong>ut</strong></span> <span class='ocrx_word' id='word_1_601' title='bbox 2790 2034 2955 2102; x_wconf 76' lang='lat' dir='ltr'><strong>cmpit</strong></span> <span class='ocrx_word' id='word_1_602' title='bbox 2983 2034 3259 2101; x_wconf 86' lang='lat' dir='ltr'><strong>diluvium,</strong></span> <span class='ocrx_word' id='word_1_603' title='bbox 3292 2039 3486 2108; x_wconf 74' lang='lat' dir='ltr'><strong>inquit,</strong></span> <span class='ocrx_word' id='word_1_604' title='bbox 3515 2044 3569 2095; x_wconf 89' lang='lat'><strong>7.</strong></span> 
     </span>
    </p>
   </div>
   <div class='ocr_carea' id='block_1_81' title="bbox 1964 2115 3571 2200">
    <p class='ocr_par' dir='ltr' id='par_1_81' title="bbox 1964 2115 3571 2200">
     <span class='ocr_line' id='line_1_81' title="bbox 1964 2115 3571 2200; baseline 0.012 -33"><span class='ocrx_word' id='word_1_605' title='bbox 1964 2115 2236 2185; x_wconf 80' lang='lat' dir='ltr'><strong>Ingressus</strong></span> <span class='ocrx_word' id='word_1_606' title='bbox 2274 2128 2347 2172; x_wconf 87' lang='lat' dir='ltr'><strong>est</strong></span> <span class='ocrx_word' id='word_1_607' title='bbox 2377 2131 2548 2175; x_wconf 88' lang='lat' dir='ltr'><strong>autem</strong></span> <span class='ocrx_word' id='word_1_608' title='bbox 2582 2121 2717 2191; x_wconf 87' lang='lat' dir='ltr'><strong>Noe,</strong></span> <span class='ocrx_word' id='word_1_609' title='bbox 2752 2134 2799 2178; x_wconf 89' lang='lat' dir='ltr'><strong>et</strong></span> <span class='ocrx_word' id='word_1_610' title='bbox 2826 2126 2925 2195; x_wconf 83' lang='lat' dir='ltr'><strong>ﬁlii</strong></span> <span class='ocrx_word' id='word_1_611' title='bbox 2949 2129 3080 2199; x_wconf 88' lang='lat' dir='ltr'><strong>ejus,</strong></span> <span class='ocrx_word' id='word_1_612' title='bbox 3106 2138 3152 2182; x_wconf 88' lang='lat' dir='ltr'><strong>et</strong></span> <span class='ocrx_word' id='word_1_613' title='bbox 3177 2146 3307 2184; x_wconf 77' lang='lat' dir='ltr'><strong>uxor</strong></span> <span class='ocrx_word' id='word_1_614' title='bbox 3341 2132 3499 2200; x_wconf 81' lang='lat' dir='ltr'><strong>illius,</strong></span> <span class='ocrx_word' id='word_1_615' title='bbox 3526 2145 3571 2187; x_wconf 89' lang='lat' dir='ltr'><strong>et</strong></span> 
     </span>
    </p>
   </div>
   <div class='ocr_carea' id='block_1_82' title="bbox 1962 2211 3568 2292">
    <p class='ocr_par' dir='ltr' id='par_1_82' title="bbox 1962 2211 3568 2292">
     <span class='ocr_line' id='line_1_82' title="bbox 1962 2211 3568 2292; baseline 0.011 -31"><span class='ocrx_word' id='word_1_616' title='bbox 1962 2224 2144 2263; x_wconf 72' lang='lat' dir='ltr'><strong>uxores</strong></span> <span class='ocrx_word' id='word_1_617' title='bbox 2170 2211 2393 2279; x_wconf 81' lang='lat' dir='ltr'><strong>ﬁliorum</strong></span> <span class='ocrx_word' id='word_1_618' title='bbox 2436 2216 2573 2268; x_wconf 90' lang='lat' dir='ltr'><strong>illius</strong></span> <span class='ocrx_word' id='word_1_619' title='bbox 2598 2218 2649 2269; x_wconf 89' lang='lat' dir='ltr'><strong>in</strong></span> <span class='ocrx_word' id='word_1_620' title='bbox 2672 2232 2867 2285; x_wconf 84' lang='lat' dir='ltr'><strong>arcam;</strong></span> <span class='ocrx_word' id='word_1_621' title='bbox 2894 2231 3103 2291; x_wconf 85' lang='lat' dir='ltr'><strong>propter</strong></span> <span class='ocrx_word' id='word_1_622' title='bbox 3145 2240 3331 2292; x_wconf 79' lang='lat' dir='ltr'><strong>aquam</strong></span> <span class='ocrx_word' id='word_1_623' title='bbox 3370 2227 3568 2281; x_wconf 78' lang='lat' dir='ltr'><strong>diluvii.</strong></span> 
     </span>
    </p>
   </div>
   <div class='ocr_carea' id='block_1_83' title="bbox 1962 2298 3566 2385">
    <p class='ocr_par' dir='ltr' id='par_1_83' title="bbox 1962 2298 3566 2385">
     <span class='ocr_line' id='line_1_83' title="bbox 1962 2298 3566 2385; baseline 0.01 -32"><span class='ocrx_word' id='word_1_624' title='bbox 1962 2298 2016 2353; x_wconf 89' lang='lat'><strong>8.</strong></span> <span class='ocrx_word' id='word_1_625' title='bbox 2042 2299 2108 2353; x_wconf 85' lang='lat' dir='ltr'><strong>Et</strong></span> <span class='ocrx_word' id='word_1_626' title='bbox 2139 2319 2202 2355; x_wconf 79' lang='lat' dir='ltr'><strong>ea:</strong></span> <span class='ocrx_word' id='word_1_627' title='bbox 2230 2303 2518 2359; x_wconf 84' lang='lat' dir='ltr'><strong>volatilibus</strong></span> <span class='ocrx_word' id='word_1_628' title='bbox 2560 2309 2764 2362; x_wconf 86' lang='lat' dir='ltr'><strong>mundis</strong></span> <span class='ocrx_word' id='word_1_629' title='bbox 2794 2318 2839 2362; x_wconf 84' lang='lat' dir='ltr'><strong>et</strong></span> <span class='ocrx_word' id='word_1_630' title='bbox 2867 2327 2931 2363; x_wconf 80' lang='lat' dir='ltr'><strong>ea:</strong></span> <span class='ocrx_word' id='word_1_631' title='bbox 2960 2313 3243 2368; x_wconf 77' lang='lat' dir='ltr'><strong>volatilibus</strong></span> <span class='ocrx_word' id='word_1_632' title='bbox 3273 2316 3566 2385; x_wconf 75' lang='lat' dir='ltr'><strong>immundis,</strong></span> 
     </span>
    </p>
   </div>
   <div class='ocr_carea' id='block_1_84' title="bbox 1959 2395 3571 2467">
    <p class='ocr_par' dir='ltr' id='par_1_84' title="bbox 1959 2395 3571 2467">
     <span class='ocr_line' id='line_1_84' title="bbox 1959 2395 3571 2467; baseline 0.013 -24"><span class='ocrx_word' id='word_1_633' title='bbox 1959 2400 2007 2444; x_wconf 86' lang='lat' dir='ltr'><strong>et</strong></span> <span class='ocrx_word' id='word_1_634' title='bbox 2034 2407 2099 2445; x_wconf 84' lang='lat' dir='ltr'><strong>ea:</strong></span> <span class='ocrx_word' id='word_1_635' title='bbox 2137 2395 2404 2463; x_wconf 87' lang='lat' dir='ltr'><strong>jumentis,</strong></span> <span class='ocrx_word' id='word_1_636' title='bbox 2457 2407 2504 2450; x_wconf 87' lang='lat' dir='ltr'><strong>et</strong></span> <span class='ocrx_word' id='word_1_637' title='bbox 2544 2415 2606 2452; x_wconf 79' lang='lat' dir='ltr'><strong>ea:</strong></span> <span class='ocrx_word' id='word_1_638' title='bbox 2651 2400 2919 2467; x_wconf 85' lang='lat' dir='ltr'><strong>reptilibus</strong></span> <span class='ocrx_word' id='word_1_639' title='bbox 2963 2403 3100 2458; x_wconf 87' lang='lat' dir='ltr'><strong>bina.</strong></span> <span class='ocrx_word' id='word_1_640' title='bbox 3130 2404 3183 2459; x_wconf 90' lang='lat'><strong>9.</strong></span> <span class='ocrx_word' id='word_1_641' title='bbox 3210 2404 3295 2460; x_wconf 81' lang='lat' dir='ltr'><strong>Ea:</strong></span> <span class='ocrx_word' id='word_1_642' title='bbox 3339 2411 3571 2465; x_wconf 87' lang='lat' dir='ltr'><strong>omnibus</strong></span> 
     </span>
    </p>
   </div>
   <div class='ocr_carea' id='block_1_85' title="bbox 1960 2482 3569 2570">
    <p class='ocr_par' dir='ltr' id='par_1_85' title="bbox 1960 2482 3569 2570">
     <span class='ocr_line' id='line_1_85' title="bbox 1960 2482 3569 2570; baseline 0.014 -34"><span class='ocrx_word' id='word_1_643' title='bbox 1960 2482 2273 2570; x_wconf 72' lang='lat' dir='ltr'><strong>intraverunt</strong></span> <span class='ocrx_word' id='word_1_644' title='bbox 2303 2488 2371 2541; x_wconf 89' lang='lat' dir='ltr'><strong>ad</strong></span> <span class='ocrx_word' id='word_1_645' title='bbox 2395 2488 2524 2555; x_wconf 86' lang='lat' dir='ltr'><strong>Noe,</strong></span> <span class='ocrx_word' id='word_1_646' title='bbox 2551 2491 2604 2545; x_wconf 85' lang='lat' dir='ltr'><strong>in</strong></span> <span class='ocrx_word' id='word_1_647' title='bbox 2633 2507 2827 2557; x_wconf 84' lang='lat' dir='ltr'><strong>arcam,</strong></span> <span class='ocrx_word' id='word_1_648' title='bbox 2856 2497 3109 2550; x_wconf 85' lang='lat' dir='ltr'><strong>masculus</strong></span> <span class='ocrx_word' id='word_1_649' title='bbox 3138 2496 3439 2570; x_wconf 67' lang='lat' dir='ltr'><strong>et&#39;fwtnina,</strong></span> <span class='ocrx_word' id='word_1_650' title='bbox 3472 2506 3569 2558; x_wconf 84' lang='lat' dir='ltr'><strong>sic-</strong></span> 
     </span>
    </p>
   </div>
   <div class='ocr_carea' id='block_1_86' title="bbox 1959 2564 3569 2660">
    <p class='ocr_par' dir='ltr' id='par_1_86' title="bbox 1959 2564 3569 2660">
     <span class='ocr_line' id='line_1_86' title="bbox 1959 2564 3569 2660; baseline 0.014 -33"><span class='ocrx_word' id='word_1_651' title='bbox 1959 2564 2344 2647; x_wconf 66' lang='lat' dir='ltr'><strong>ut&#39;praeceperat</strong></span> <span class='ocrx_word' id='word_1_652' title='bbox 2376 2580 2623 2637; x_wconf 87' lang='lat' dir='ltr'><strong>Dominus</strong></span> <span class='ocrx_word' id='word_1_653' title='bbox 2650 2583 2785 2637; x_wconf 89' lang='lat' dir='ltr'><strong>Noe.</strong></span> <span class='ocrx_word' id='word_1_654' title='bbox 2817 2585 2932 2639; x_wconf 87' lang='lat' dir='ltr'><strong>Non</strong></span> <span class='ocrx_word' id='word_1_655' title='bbox 2960 2589 3164 2660; x_wconf 72' lang='lat' dir='ltr'><strong>alisque</strong></span> <span class='ocrx_word' id='word_1_656' title='bbox 3212 2564 3374 2647; x_wconf 78' lang='lat' dir='ltr'><strong>causa</strong></span> <span class='ocrx_word' id='word_1_657' title='bbox 3413 2596 3569 2650; x_wconf 88' lang='lat' dir='ltr'><strong>addi-</strong></span> 
     </span>
    </p>
   </div>
   <div class='ocr_carea' id='block_1_87' title="bbox 1958 2666 3568 2742">
    <p class='ocr_par' dir='ltr' id='par_1_87' title="bbox 1958 2666 3568 2742">
     <span class='ocr_line' id='line_1_87' title="bbox 1958 2666 3568 2742; baseline 0.012 -21"><span class='ocrx_word' id='word_1_658' title='bbox 1958 2666 2054 2733; x_wconf 92' lang='lat' dir='ltr'><strong>dit,</strong></span> <span class='ocrx_word' id='word_1_659' title='bbox 2080 2668 2226 2723; x_wconf 80' lang='lat' dir='ltr'><strong>Sicut</strong></span> <span class='ocrx_word' id='word_1_660' title='bbox 2248 2684 2554 2742; x_wconf 76' lang='lat' dir='ltr'><strong>prteceperat</strong></span> <span class='ocrx_word' id='word_1_661' title='bbox 2586 2673 2835 2731; x_wconf 85' lang='lat' dir='ltr'><strong>Dominus</strong></span> <span class='ocrx_word' id='word_1_662' title='bbox 2866 2677 2979 2733; x_wconf 87' lang='lat' dir='ltr'><strong>Noe</strong></span> <span class='ocrx_word' id='word_1_663' title='bbox 3001 2695 3019 2732; x_wconf 93' lang='lat'><strong><em>:</em></strong></span> <span class='ocrx_word' id='word_1_664' title='bbox 3048 2681 3140 2736; x_wconf 91' lang='lat' dir='ltr'><strong>sed</strong></span> <span class='ocrx_word' id='word_1_665' title='bbox 3168 2691 3228 2737; x_wconf 90' lang='lat' dir='ltr'><strong>ut</strong></span> <span class='ocrx_word' id='word_1_666' title='bbox 3257 2683 3449 2739; x_wconf 88' lang='lat' dir='ltr'><strong>iterum</strong></span> <span class='ocrx_word' id='word_1_667' title='bbox 3472 2703 3568 2741; x_wconf 88' lang='lat' dir='ltr'><strong>au-</strong></span> 
     </span>
    </p>
   </div>
   <div class='ocr_carea' id='block_1_88' title="bbox 1958 2760 3562 2847">
    <p class='ocr_par' dir='ltr' id='par_1_88' title="bbox 1958 2760 3562 2847">
     <span class='ocr_line' id='line_1_88' title="bbox 1958 2760 3562 2847; baseline 0.015 -37"><span class='ocrx_word' id='word_1_668' title='bbox 1958 2766 2109 2827; x_wconf 86' lang='lat' dir='ltr'><strong>geret</strong></span> <span class='ocrx_word' id='word_1_669' title='bbox 2132 2760 2341 2815; x_wconf 81' lang='lat' dir='ltr'><strong>laudent</strong></span> <span class='ocrx_word' id='word_1_670' title='bbox 2365 2762 2677 2834; x_wconf 89' lang='lat' dir='ltr'><strong>justi,qttod</strong></span> <span class='ocrx_word' id='word_1_671' title='bbox 2706 2769 2884 2822; x_wconf 87' lang='lat' dir='ltr'><strong>omnia</strong></span> <span class='ocrx_word' id='word_1_672' title='bbox 2914 2771 3234 2841; x_wconf 83' lang='lat' dir='ltr'><strong>impleverit,</strong></span> <span class='ocrx_word' id='word_1_673' title='bbox 3255 2777 3392 2832; x_wconf 90' lang='lat' dir='ltr'><strong>sicut</strong></span> <span class='ocrx_word' id='word_1_674' title='bbox 3424 2793 3562 2847; x_wconf 69' lang='lat' dir='ltr'><strong>prte-</strong></span> 
     </span>
    </p>
   </div>
   <div class='ocr_carea' id='block_1_89' title="bbox 1958 2852 3567 2934">
    <p class='ocr_par' dir='ltr' id='par_1_89' title="bbox 1958 2852 3567 2934">
     <span class='ocr_line' id='line_1_89' title="bbox 1958 2852 3567 2934; baseline 0.011 -27"><span class='ocrx_word' id='word_1_675' title='bbox 1958 2862 2174 2919; x_wconf 86' lang='lat' dir='ltr'><strong>ceperat</strong></span> <span class='ocrx_word' id='word_1_676' title='bbox 2206 2852 2483 2920; x_wconf 88' lang='lat' dir='ltr'><strong>Dominus,</strong></span> <span class='ocrx_word' id='word_1_677' title='bbox 2515 2858 2730 2927; x_wconf 90' lang='lat' dir='ltr'><strong>etquod</strong></span> <span class='ocrx_word' id='word_1_678' title='bbox 2764 2859 2894 2915; x_wconf 87' lang='lat' dir='ltr'><strong>nihil</strong></span> <span class='ocrx_word' id='word_1_679' title='bbox 2922 2876 2992 2917; x_wconf 75' lang='lat' dir='ltr'><strong>es</strong></span> <span class='ocrx_word' id='word_1_680' title='bbox 3021 2863 3178 2919; x_wconf 87' lang='lat' dir='ltr'><strong>dictis</strong></span> <span class='ocrx_word' id='word_1_681' title='bbox 3206 2870 3567 2934; x_wconf 73' lang='lat' dir='ltr'><strong>prmtermise-</strong></span> 
     </span>
    </p>
   </div>
   <div class='ocr_carea' id='block_1_90' title="bbox 1957 2942 3565 3027">
    <p class='ocr_par' dir='ltr' id='par_1_90' title="bbox 1957 2942 3565 3027">
     <span class='ocr_line' id='line_1_90' title="bbox 1957 2942 3565 3027; baseline 0.014 -34"><span class='ocrx_word' id='word_1_682' title='bbox 1957 2942 2047 2995; x_wconf 92' lang='lat' dir='ltr'><strong>rit.</strong></span> <span class='ocrx_word' id='word_1_683' title='bbox 2078 2942 2163 2996; x_wconf 82' lang='grc'><strong>10.</strong></span> <span class='ocrx_word' id='word_1_684' title='bbox 2196 2942 2262 2996; x_wconf 83' lang='grc' dir='ltr'><strong>Ει</strong></span> <span class='ocrx_word' id='word_1_685' title='bbox 2292 2948 2483 3014; x_wconf 77' lang='lat' dir='ltr'><strong>factum</strong></span> <span class='ocrx_word' id='word_1_686' title='bbox 2509 2956 2581 3000; x_wconf 87' lang='lat' dir='ltr'><strong>est</strong></span> <span class='ocrx_word' id='word_1_687' title='bbox 2609 2958 2721 3017; x_wconf 86' lang='lat' dir='ltr'><strong>post</strong></span> <span class='ocrx_word' id='word_1_688' title='bbox 2759 2949 2866 3005; x_wconf 89' lang='lat' dir='ltr'><strong>dies</strong></span> <span class='ocrx_word' id='word_1_689' title='bbox 2890 2963 3099 3023; x_wconf 78' lang='lat' dir='ltr'><strong>septem,</strong></span> <span class='ocrx_word' id='word_1_690' title='bbox 3132 2956 3273 3011; x_wconf 90' lang='lat' dir='ltr'><strong>sicut</strong></span> <span class='ocrx_word' id='word_1_691' title='bbox 3299 2959 3565 3027; x_wconf 87' lang='lat' dir='ltr'><strong>promise-</strong></span> 
     </span>
    </p>
   </div>
   <div class='ocr_carea' id='block_1_91' title="bbox 1957 3034 3567 3120">
    <p class='ocr_par' dir='ltr' id='par_1_91' title="bbox 1957 3034 3567 3120">
     <span class='ocr_line' id='line_1_91' title="bbox 1957 3034 3567 3120; baseline 0.012 -34"><span class='ocrx_word' id='word_1_692' title='bbox 1957 3040 2059 3096; x_wconf 82' lang='lat' dir='ltr'><strong>rat,</strong></span> <span class='ocrx_word' id='word_1_693' title='bbox 2094 3034 2284 3103; x_wconf 91' lang='lat' dir='ltr'><strong>inquit,</strong></span> <span class='ocrx_word' id='word_1_694' title='bbox 2320 3035 2607 3101; x_wconf 88' lang='lat' dir='ltr'><strong>Dominus,</strong></span> <span class='ocrx_word' id='word_1_695' title='bbox 2649 3049 2695 3092; x_wconf 91' lang='lat' dir='ltr'><strong>et</strong></span> <span class='ocrx_word' id='word_1_696' title='bbox 2715 3057 2849 3107; x_wconf 87' lang='lat' dir='ltr'><strong>aqua</strong></span> <span class='ocrx_word' id='word_1_697' title='bbox 2890 3043 3071 3097; x_wconf 81' lang='lat' dir='ltr'><strong>diluvii</strong></span> <span class='ocrx_word' id='word_1_698' title='bbox 3117 3049 3256 3116; x_wconf 76' lang='lat' dir='ltr'><strong>facta</strong></span> <span class='ocrx_word' id='word_1_699' title='bbox 3293 3060 3367 3104; x_wconf 82' lang='lat' dir='ltr'><strong>est</strong></span> <span class='ocrx_word' id='word_1_700' title='bbox 3414 3067 3567 3120; x_wconf 81' lang='lat' dir='ltr'><strong>super</strong></span> 
     </span>
    </p>
   </div>
   <div class='ocr_carea' id='block_1_92' title="bbox 1958 3126 3567 3206">
    <p class='ocr_par' dir='ltr' id='par_1_92' title="bbox 1958 3126 3567 3206">
     <span class='ocr_line' id='line_1_92' title="bbox 1958 3126 3567 3206; baseline 0.013 -29"><span class='ocrx_word' id='word_1_701' title='bbox 1958 3134 2166 3188; x_wconf 87' lang='lat' dir='ltr'><strong>terram,</strong></span> <span class='ocrx_word' id='word_1_702' title='bbox 2200 3126 2285 3181; x_wconf 74' lang='lat' dir='ltr'><strong>il.</strong></span> <span class='ocrx_word' id='word_1_703' title='bbox 2320 3128 2371 3180; x_wconf 87' lang='lat' dir='ltr'><strong>in</strong></span> <span class='ocrx_word' id='word_1_704' title='bbox 2400 3131 2766 3185; x_wconf 76' lang='lat' dir='ltr'><strong>sexcentesimo</strong></span> <span class='ocrx_word' id='word_1_705' title='bbox 2792 3150 2929 3188; x_wconf 85' lang='lat' dir='ltr'><strong>anno</strong></span> <span class='ocrx_word' id='word_1_706' title='bbox 2976 3136 3028 3189; x_wconf 90' lang='lat' dir='ltr'><strong>in</strong></span> <span class='ocrx_word' id='word_1_707' title='bbox 3070 3138 3171 3191; x_wconf 82' lang='lat' dir='ltr'><strong>vita</strong></span> <span class='ocrx_word' id='word_1_708' title='bbox 3214 3138 3348 3206; x_wconf 87' lang='lat' dir='ltr'><strong>Noe,</strong></span> <span class='ocrx_word' id='word_1_709' title='bbox 3398 3160 3567 3198; x_wconf 85' lang='lat' dir='ltr'><strong>mense</strong></span> 
     </span>
    </p>
   </div>
   <div class='ocr_carea' id='block_1_93' title="bbox 1956 3218 3564 3302">
    <p class='ocr_par' dir='ltr' id='par_1_93' title="bbox 1956 3218 3564 3302">
     <span class='ocr_line' id='line_1_93' title="bbox 1956 3218 3564 3302; baseline 0.013 -34"><span class='ocrx_word' id='word_1_710' title='bbox 1956 3218 2198 3283; x_wconf 80' lang='lat' dir='ltr'><strong>secundo,</strong></span> <span class='ocrx_word' id='word_1_711' title='bbox 2244 3219 2478 3273; x_wconf 79' lang='lat' dir='ltr'><strong>uicesimo</strong></span> <span class='ocrx_word' id='word_1_712' title='bbox 2508 3230 2553 3273; x_wconf 83' lang='lat' dir='ltr'><strong>et</strong></span> <span class='ocrx_word' id='word_1_713' title='bbox 2579 3222 2793 3292; x_wconf 87' lang='lat' dir='ltr'><strong>septimo</strong></span> <span class='ocrx_word' id='word_1_714' title='bbox 2842 3227 3047 3280; x_wconf 84' lang='lat' dir='ltr'><strong>mensis.</strong></span> <span class='ocrx_word' id='word_1_715' title='bbox 3100 3226 3234 3285; x_wconf 84' lang='lat' dir='ltr'><strong>Vide</strong></span> <span class='ocrx_word' id='word_1_716' title='bbox 3272 3230 3564 3302; x_wconf 72' lang='lat' dir='ltr'><strong>Scriptura:</strong></span> 
     </span>
    </p>
   </div>
   <div class='ocr_carea' id='block_1_94' title="bbox 1958 3307 3565 3394">
    <p class='ocr_par' dir='ltr' id='par_1_94' title="bbox 1958 3307 3565 3394">
     <span class='ocr_line' id='line_1_94' title="bbox 1958 3307 3565 3394; baseline 0.012 -33"><span class='ocrx_word' id='word_1_717' title='bbox 1958 3307 2292 3379; x_wconf 85' lang='lat' dir='ltr'><strong>diligentiam</strong></span> <span class='ocrx_word' id='word_1_718' title='bbox 2320 3353 2334 3378; x_wconf 93' lang='lat'><strong>,</strong></span> <span class='ocrx_word' id='word_1_719' title='bbox 2389 3313 2661 3382; x_wconf 89' lang='lat' dir='ltr'><strong>quomodo</strong></span> <span class='ocrx_word' id='word_1_720' title='bbox 2710 3331 2817 3370; x_wconf 90' lang='lat' dir='ltr'><strong>non</strong></span> <span class='ocrx_word' id='word_1_721' title='bbox 2865 3316 3041 3372; x_wconf 90' lang='lat' dir='ltr'><strong>solum</strong></span> <span class='ocrx_word' id='word_1_722' title='bbox 3083 3336 3181 3375; x_wconf 89' lang='lat' dir='ltr'><strong>nus</strong></span> <span class='ocrx_word' id='word_1_723' title='bbox 3233 3322 3416 3378; x_wconf 88' lang='lat' dir='ltr'><strong>docuit</strong></span> <span class='ocrx_word' id='word_1_724' title='bbox 3460 3341 3565 3394; x_wconf 90' lang='lat' dir='ltr'><strong>quo</strong></span> 
     </span>
    </p>
   </div>
   <div class='ocr_carea' id='block_1_95' title="bbox 1954 3399 3563 3479">
    <p class='ocr_par' dir='ltr' id='par_1_95' title="bbox 1954 3399 3563 3479">
     <span class='ocr_line' id='line_1_95' title="bbox 1954 3399 3563 3479; baseline 0.014 -29"><span class='ocrx_word' id='word_1_725' title='bbox 1954 3413 2098 3451; x_wconf 89' lang='lat' dir='ltr'><strong>anno</strong></span> <span class='ocrx_word' id='word_1_726' title='bbox 2142 3399 2340 3454; x_wconf 85' lang='lat' dir='ltr'><strong>factum</strong></span> <span class='ocrx_word' id='word_1_727' title='bbox 2370 3402 2442 3456; x_wconf 91' lang='lat' dir='ltr'><strong>sit</strong></span> <span class='ocrx_word' id='word_1_728' title='bbox 2476 3403 2762 3473; x_wconf 88' lang='lat' dir='ltr'><strong>diluvium,</strong></span> <span class='ocrx_word' id='word_1_729' title='bbox 2791 3406 2887 3462; x_wconf 87' lang='lat' dir='ltr'><strong>sed</strong></span> <span class='ocrx_word' id='word_1_730' title='bbox 2914 3418 2964 3462; x_wconf 89' lang='lat' dir='ltr'><strong>et</strong></span> <span class='ocrx_word' id='word_1_731' title='bbox 2994 3425 3102 3479; x_wconf 91' lang='lat' dir='ltr'><strong>quo</strong></span> <span class='ocrx_word' id='word_1_732' title='bbox 3148 3427 3333 3469; x_wconf 90' lang='lat' dir='ltr'><strong>mense</strong></span> <span class='ocrx_word' id='word_1_733' title='bbox 3364 3425 3418 3469; x_wconf 85' lang='lat' dir='ltr'><strong>et</strong></span> <span class='ocrx_word' id='word_1_734' title='bbox 3456 3418 3563 3471; x_wconf 89' lang='lat' dir='ltr'><strong>die.</strong></span> 
     </span>
    </p>
   </div>
   <div class='ocr_carea' id='block_1_96' title="bbox 1960 3491 3564 3577">
    <p class='ocr_par' dir='ltr' id='par_1_96' title="bbox 1960 3491 3564 3577">
     <span class='ocr_line' id='line_1_96' title="bbox 1960 3491 3564 3577; baseline 0.013 -34"><span class='ocrx_word' id='word_1_735' title='bbox 1960 3491 2160 3546; x_wconf 79' lang='lat' dir='ltr'><strong>Deinde</strong></span> <span class='ocrx_word' id='word_1_736' title='bbox 2204 3501 2258 3547; x_wconf 91' lang='lat' dir='ltr'><strong>ut</strong></span> <span class='ocrx_word' id='word_1_737' title='bbox 2302 3510 2367 3548; x_wconf 78' lang='lat' dir='ltr'><strong>ex</strong></span> <span class='ocrx_word' id='word_1_738' title='bbox 2415 3496 2725 3553; x_wconf 85' lang='lat' dir='ltr'><strong>narratione</strong></span> <span class='ocrx_word' id='word_1_739' title='bbox 2749 3500 3148 3558; x_wconf 88' lang='lat' dir='ltr'><strong>emendatiores</strong></span> <span class='ocrx_word' id='word_1_740' title='bbox 3175 3505 3363 3560; x_wconf 86' lang='lat' dir='ltr'><strong>reddat</strong></span> <span class='ocrx_word' id='word_1_741' title='bbox 3388 3519 3564 3577; x_wconf 90' lang='lat' dir='ltr'><strong>postc-</strong></span> 
     </span>
    </p>
   </div>
   <div class='ocr_carea' id='block_1_97' title="bbox 1955 3589 3564 3662">
    <p class='ocr_par' dir='ltr' id='par_1_97' title="bbox 1955 3589 3564 3662">
     <span class='ocr_line' id='line_1_97' title="bbox 1955 3589 3564 3662; baseline 0.011 -25"><span class='ocrx_word' id='word_1_742' title='bbox 1955 3599 2067 3647; x_wconf 83' lang='lat' dir='ltr'><strong>ros,</strong></span> <span class='ocrx_word' id='word_1_743' title='bbox 2100 3593 2471 3657; x_wconf 86' lang='lat' dir='ltr'><strong>terroremque</strong></span> <span class='ocrx_word' id='word_1_744' title='bbox 2503 3589 2577 3642; x_wconf 91' lang='lat' dir='ltr'><strong>rei</strong></span> <span class='ocrx_word' id='word_1_745' title='bbox 2618 3600 2784 3658; x_wconf 76' lang='lat' dir='ltr'><strong>gesta:</strong></span> <span class='ocrx_word' id='word_1_746' title='bbox 2820 3601 3030 3662; x_wconf 86' lang='lat' dir='ltr'><strong>augeat,</strong></span> <span class='ocrx_word' id='word_1_747' title='bbox 3062 3594 3188 3649; x_wconf 91' lang='lat' dir='ltr'><strong>dicit</strong></span> <span class='ocrx_word' id='word_1_748' title='bbox 3219 3614 3231 3650; x_wconf 86' lang='lat'><strong>:</strong></span> <span class='ocrx_word' id='word_1_749' title='bbox 3260 3596 3325 3650; x_wconf 88' lang='lat' dir='ltr'><strong>In</strong></span> <span class='ocrx_word' id='word_1_750' title='bbox 3356 3600 3439 3653; x_wconf 86' lang='lat' dir='ltr'><strong>die</strong></span> <span class='ocrx_word' id='word_1_751' title='bbox 3475 3601 3564 3654; x_wconf 85' lang='lat' dir='ltr'><strong>illo</strong></span> 
     </span>
    </p>
   </div>
   <div class='ocr_carea' id='block_1_98' title="bbox 1954 3676 3563 3759">
    <p class='ocr_par' dir='ltr' id='par_1_98' title="bbox 1954 3676 3563 3759">
     <span class='ocr_line' id='line_1_98' title="bbox 1954 3676 3563 3759; baseline 0.012 -33"><span class='ocrx_word' id='word_1_752' title='bbox 1954 3676 2091 3743; x_wconf 84' lang='lat' dir='ltr'><strong>rupti</strong></span> <span class='ocrx_word' id='word_1_753' title='bbox 2120 3686 2236 3729; x_wconf 89' lang='lat' dir='ltr'><strong>sunt</strong></span> <span class='ocrx_word' id='word_1_754' title='bbox 2262 3693 2435 3731; x_wconf 89' lang='lat' dir='ltr'><strong>omnes</strong></span> <span class='ocrx_word' id='word_1_755' title='bbox 2465 3682 2631 3749; x_wconf 78' lang='lat' dir='ltr'><strong>fontes</strong></span> <span class='ocrx_word' id='word_1_756' title='bbox 2660 3680 2847 3753; x_wconf 85' lang='lat' dir='ltr'><strong>abyssi,</strong></span> <span class='ocrx_word' id='word_1_757' title='bbox 2868 3693 3204 3741; x_wconf 76' lang='lat' dir='ltr'><strong>etcataracta:</strong></span> <span class='ocrx_word' id='word_1_758' title='bbox 3228 3689 3341 3743; x_wconf 68' lang='lat' dir='ltr'><strong>caeli</strong></span> <span class='ocrx_word' id='word_1_759' title='bbox 3370 3702 3563 3759; x_wconf 75' lang='lat' dir='ltr'><strong>aperta:</strong></span> 
     </span>
    </p>
   </div>
   <div class='ocr_carea' id='block_1_99' title="bbox 1952 3768 3561 3851">
    <p class='ocr_par' dir='ltr' id='par_1_99' title="bbox 1952 3768 3561 3851">
     <span class='ocr_line' id='line_1_99' title="bbox 1952 3768 3561 3851; baseline 0.012 -33"><span class='ocrx_word' id='word_1_760' title='bbox 1952 3776 2102 3833; x_wconf 86' lang='lat' dir='ltr'><strong>sunt,</strong></span> <span class='ocrx_word' id='word_1_761' title='bbox 2151 3768 2236 3822; x_wconf 75' lang='grc'><strong>12.</strong></span> <span class='ocrx_word' id='word_1_762' title='bbox 2285 3780 2332 3822; x_wconf 87' lang='lat' dir='ltr'><strong>et</strong></span> <span class='ocrx_word' id='word_1_763' title='bbox 2382 3771 2521 3838; x_wconf 79' lang='lat' dir='ltr'><strong>facta</strong></span> <span class='ocrx_word' id='word_1_764' title='bbox 2568 3782 2641 3826; x_wconf 88' lang='lat' dir='ltr'><strong>est</strong></span> <span class='ocrx_word' id='word_1_765' title='bbox 2688 3775 2859 3838; x_wconf 82' lang='lat' dir='ltr'><strong>pluvia</strong></span> <span class='ocrx_word' id='word_1_766' title='bbox 2914 3793 3069 3845; x_wconf 89' lang='lat' dir='ltr'><strong>super</strong></span> <span class='ocrx_word' id='word_1_767' title='bbox 3110 3789 3295 3833; x_wconf 88' lang='lat' dir='ltr'><strong>terram</strong></span> <span class='ocrx_word' id='word_1_768' title='bbox 3334 3784 3561 3851; x_wconf 87' lang='lat' dir='ltr'><strong>quadra-</strong></span> 
     </span>
    </p>
   </div>
   <div class='ocr_carea' id='block_1_100' title="bbox 1952 3860 3559 3943">
    <p class='ocr_par' dir='ltr' id='par_1_100' title="bbox 1952 3860 3559 3943">
     <span class='ocr_line' id='line_1_100' title="bbox 1952 3860 3559 3943; baseline 0.013 -32"><span class='ocrx_word' id='word_1_769' title='bbox 1952 3860 2093 3929; x_wconf 88' lang='lat' dir='ltr'><strong>ginta</strong></span> <span class='ocrx_word' id='word_1_770' title='bbox 2123 3861 2296 3914; x_wconf 88' lang='lat' dir='ltr'><strong>diebus</strong></span> <span class='ocrx_word' id='word_1_771' title='bbox 2322 3871 2367 3914; x_wconf 88' lang='lat' dir='ltr'><strong>et</strong></span> <span class='ocrx_word' id='word_1_772' title='bbox 2392 3864 2731 3935; x_wconf 84' lang='lat' dir='ltr'><strong>quadraginta</strong></span> <span class='ocrx_word' id='word_1_773' title='bbox 2762 3868 3009 3925; x_wconf 84' lang='lat' dir='ltr'><strong>noctibus.</strong></span> <span class='ocrx_word' id='word_1_774' title='bbox 3058 3869 3193 3927; x_wconf 89' lang='lat' dir='ltr'><strong>Vide</strong></span> <span class='ocrx_word' id='word_1_775' title='bbox 3232 3884 3428 3943; x_wconf 80' lang='lat' dir='ltr'><strong>quanta</strong></span> <span class='ocrx_word' id='word_1_776' title='bbox 3478 3876 3559 3932; x_wconf 88' lang='lat' dir='ltr'><strong>di-</strong></span> 
     </span>
    </p>
   </div>
   <div class='ocr_carea' id='block_1_101' title="bbox 1953 3951 3559 4036">
    <p class='ocr_par' dir='ltr' id='par_1_101' title="bbox 1953 3951 3559 4036">
     <span class='ocr_line' id='line_1_101' title="bbox 1953 3951 3559 4036; baseline 0.012 -31"><span class='ocrx_word' id='word_1_777' title='bbox 1953 3951 2105 4005; x_wconf 88' lang='lat' dir='ltr'><strong>cendi</strong></span> <span class='ocrx_word' id='word_1_778' title='bbox 2135 3955 2581 4022; x_wconf 86' lang='lat' dir='ltr'><strong>attemperatione</strong></span> <span class='ocrx_word' id='word_1_779' title='bbox 2624 3972 2765 4013; x_wconf 91' lang='lat' dir='ltr'><strong>nunc</strong></span> <span class='ocrx_word' id='word_1_780' title='bbox 2795 3959 2955 4014; x_wconf 88' lang='lat' dir='ltr'><strong>etiam</strong></span> <span class='ocrx_word' id='word_1_781' title='bbox 3005 3962 3170 4018; x_wconf 85' lang='lat' dir='ltr'><strong>utitur</strong></span> <span class='ocrx_word' id='word_1_782' title='bbox 3216 3980 3371 4036; x_wconf 75' lang='lat' dir='ltr'><strong>sacra</strong></span> <span class='ocrx_word' id='word_1_783' title='bbox 3412 3970 3559 4023; x_wconf 91' lang='lat' dir='ltr'><strong>Scri-</strong></span> 
     </span>
    </p>
   </div>
   <div class='ocr_carea' id='block_1_102' title="bbox 1953 4047 3563 4117">
    <p class='ocr_par' dir='ltr' id='par_1_102' title="bbox 1953 4047 3563 4117">
     <span class='ocr_line' id='line_1_102' title="bbox 1953 4047 3563 4117; baseline 0.015 -23"><span class='ocrx_word' id='word_1_784' title='bbox 1953 4054 2106 4112; x_wconf 85' lang='lat' dir='ltr'><strong>ptura</strong></span> <span class='ocrx_word' id='word_1_785' title='bbox 2132 4063 2144 4098; x_wconf 88' lang='lat'><strong>:</strong></span> <span class='ocrx_word' id='word_1_786' title='bbox 2171 4047 2349 4099; x_wconf 86' lang='lat' dir='ltr'><strong>omnia</strong></span> <span class='ocrx_word' id='word_1_787' title='bbox 2398 4048 2540 4102; x_wconf 89' lang='lat' dir='ltr'><strong>enim</strong></span> <span class='ocrx_word' id='word_1_788' title='bbox 2575 4052 2867 4107; x_wconf 88' lang='lat' dir='ltr'><strong>secundum</strong></span> <span class='ocrx_word' id='word_1_789' title='bbox 2897 4053 3185 4110; x_wconf 90' lang='lat' dir='ltr'><strong>ltntnauant</strong></span> <span class='ocrx_word' id='word_1_790' title='bbox 3216 4056 3563 4117; x_wconf 64' lang='lat' dir='ltr'><strong>consuetudi-</strong></span> 
     </span>
    </p>
   </div>
   <div class='ocr_carea' id='block_1_103' title="bbox 1952 4136 3559 4218">
    <p class='ocr_par' dir='ltr' id='par_1_103' title="bbox 1952 4136 3559 4218">
     <span class='ocr_line' id='line_1_103' title="bbox 1952 4136 3559 4218; baseline 0.012 -29"><span class='ocrx_word' id='word_1_791' title='bbox 1952 4151 2074 4191; x_wconf 88' lang='lat' dir='ltr'><strong>nem</strong></span> <span class='ocrx_word' id='word_1_792' title='bbox 2116 4136 2366 4207; x_wconf 89' lang='lat' dir='ltr'><strong>loquitur.</strong></span> <span class='ocrx_word' id='word_1_793' title='bbox 2412 4138 2529 4194; x_wconf 87' lang='lat' dir='ltr'><strong>Non</strong></span> <span class='ocrx_word' id='word_1_794' title='bbox 2575 4142 2718 4211; x_wconf 90' lang='lat' dir='ltr'><strong>quod</strong></span> <span class='ocrx_word' id='word_1_795' title='bbox 2753 4153 3036 4201; x_wconf 79' lang='lat' dir='ltr'><strong>cataracta:</strong></span> <span class='ocrx_word' id='word_1_796' title='bbox 3056 4148 3165 4202; x_wconf 90' lang='lat' dir='ltr'><strong>sint</strong></span> <span class='ocrx_word' id='word_1_797' title='bbox 3194 4150 3245 4204; x_wconf 90' lang='lat' dir='ltr'><strong>in</strong></span> <span class='ocrx_word' id='word_1_798' title='bbox 3272 4152 3430 4218; x_wconf 70' lang='lat' dir='ltr'><strong>caelo,</strong></span> <span class='ocrx_word' id='word_1_799' title='bbox 3466 4154 3559 4209; x_wconf 88' lang='lat' dir='ltr'><strong>sed</strong></span> 
     </span>
    </p>
   </div>
   <div class='ocr_carea' id='block_1_104' title="bbox 1951 4229 3555 4313">
    <p class='ocr_par' dir='ltr' id='par_1_104' title="bbox 1951 4229 3555 4313">
     <span class='ocr_line' id='line_1_104' title="bbox 1951 4229 3555 4313; baseline 0.014 -33"><span class='ocrx_word' id='word_1_800' title='bbox 1951 4229 2126 4282; x_wconf 89' lang='lat' dir='ltr'><strong>omnia</strong></span> <span class='ocrx_word' id='word_1_801' title='bbox 2154 4244 2252 4299; x_wconf 91' lang='lat' dir='ltr'><strong>per</strong></span> <span class='ocrx_word' id='word_1_802' title='bbox 2271 4230 2553 4285; x_wconf 80' lang='lat' dir='ltr'><strong>familiaria</strong></span> <span class='ocrx_word' id='word_1_803' title='bbox 2578 4234 2731 4289; x_wconf 89' lang='lat' dir='ltr'><strong>nobis</strong></span> <span class='ocrx_word' id='word_1_804' title='bbox 2762 4237 2924 4291; x_wconf 86' lang='lat' dir='ltr'><strong>verba</strong></span> <span class='ocrx_word' id='word_1_805' title='bbox 2948 4238 3204 4308; x_wconf 89' lang='lat' dir='ltr'><strong>loquitur,</strong></span> <span class='ocrx_word' id='word_1_806' title='bbox 3234 4246 3384 4313; x_wconf 89' lang='lat' dir='ltr'><strong>quasi</strong></span> <span class='ocrx_word' id='word_1_807' title='bbox 3408 4245 3555 4302; x_wconf 89' lang='lat' dir='ltr'><strong>dice-</strong></span> 
     </span>
    </p>
   </div>
   <div class='ocr_carea' id='block_1_105' title="bbox 1951 4320 3559 4404">
    <p class='ocr_par' dir='ltr' id='par_1_105' title="bbox 1951 4320 3559 4404">
     <span class='ocr_line' id='line_1_105' title="bbox 1951 4320 3559 4404; baseline 0.012 -31"><span class='ocrx_word' id='word_1_808' title='bbox 1951 4330 2034 4375; x_wconf 90' lang='lat' dir='ltr'><strong>ret</strong></span> <span class='ocrx_word' id='word_1_809' title='bbox 2068 4338 2080 4375; x_wconf 94' lang='lat'>:</span> <span class='ocrx_word' id='word_1_810' title='bbox 2116 4320 2381 4391; x_wconf 85' lang='lat' dir='ltr'><strong>Praecepit</strong></span> <span class='ocrx_word' id='word_1_811' title='bbox 2423 4332 2626 4378; x_wconf 90' lang='lat' dir='ltr'><strong>tantum</strong></span> <span class='ocrx_word' id='word_1_812' title='bbox 2669 4325 2948 4392; x_wconf 86' lang='lat' dir='ltr'><strong>Dominus,</strong></span> <span class='ocrx_word' id='word_1_813' title='bbox 2993 4338 3047 4385; x_wconf 87' lang='lat' dir='ltr'><strong>et</strong></span> <span class='ocrx_word' id='word_1_814' title='bbox 3071 4332 3255 4387; x_wconf 87' lang='lat' dir='ltr'><strong>statim</strong></span> <span class='ocrx_word' id='word_1_815' title='bbox 3299 4349 3559 4404; x_wconf 85' lang='lat' dir='ltr'><strong>aquarum</strong></span> 
     </span>
    </p>
   </div>
   <div class='ocr_carea' id='block_1_106' title="bbox 1951 4413 3559 4498">
    <p class='ocr_par' dir='ltr' id='par_1_106' title="bbox 1951 4413 3559 4498">
     <span class='ocr_line' id='line_1_106' title="bbox 1951 4413 3559 4498; baseline 0.012 -33"><span class='ocrx_word' id='word_1_816' title='bbox 1951 4421 2140 4466; x_wconf 89' lang='lat' dir='ltr'><strong>natura</strong></span> <span class='ocrx_word' id='word_1_817' title='bbox 2174 4413 2427 4469; x_wconf 86' lang='lat' dir='ltr'><strong>mandato</strong></span> <span class='ocrx_word' id='word_1_818' title='bbox 2452 4415 2761 4473; x_wconf 89' lang='lat' dir='ltr'><strong>Conditoris</strong></span> <span class='ocrx_word' id='word_1_819' title='bbox 2798 4418 3057 4488; x_wconf 90' lang='lat' dir='ltr'><strong>obedivit,</strong></span> <span class='ocrx_word' id='word_1_820' title='bbox 3085 4430 3140 4477; x_wconf 93' lang='lat' dir='ltr'><strong>et</strong></span> <span class='ocrx_word' id='word_1_821' title='bbox 3165 4432 3224 4479; x_wconf 92' lang='lat' dir='ltr'><strong>ut</strong></span> <span class='ocrx_word' id='word_1_822' title='bbox 3259 4424 3520 4484; x_wconf 80' lang='lat' dir='ltr'><strong>conﬂuxit</strong></span> <span class='ocrx_word' id='word_1_823' title='bbox 3542 4471 3559 4498; x_wconf 94' lang='lat'><strong>,</strong></span> 
     </span>
    </p>
   </div>
   <div class='ocr_carea' id='block_1_107' title="bbox 1952 4506 3561 4585">
    <p class='ocr_par' dir='ltr' id='par_1_107' title="bbox 1952 4506 3561 4585">
     <span class='ocr_line' id='line_1_107' title="bbox 1952 4506 3561 4585; baseline 0.011 -27"><span class='ocrx_word' id='word_1_824' title='bbox 1952 4514 2121 4559; x_wconf 89' lang='lat' dir='ltr'><strong>totum</strong></span> <span class='ocrx_word' id='word_1_825' title='bbox 2146 4506 2333 4560; x_wconf 90' lang='lat' dir='ltr'><strong>orbem</strong></span> <span class='ocrx_word' id='word_1_826' title='bbox 2360 4506 2653 4561; x_wconf 89' lang='lat' dir='ltr'><strong>inundavit.</strong></span> <span class='ocrx_word' id='word_1_827' title='bbox 2674 4507 2791 4564; x_wconf 85' lang='lat' dir='ltr'><strong>Jam</strong></span> <span class='ocrx_word' id='word_1_828' title='bbox 2824 4510 2965 4579; x_wconf 91' lang='lat' dir='ltr'><strong>quod</strong></span> <span class='ocrx_word' id='word_1_829' title='bbox 2987 4513 3339 4585; x_wconf 86' lang='lat' dir='ltr'><strong>quadraginta</strong></span> <span class='ocrx_word' id='word_1_830' title='bbox 3369 4516 3561 4576; x_wconf 84' lang='lat' dir='ltr'><strong>diebus</strong></span> 
     </span>
    </p>
   </div>
   <div class='ocr_carea' id='block_1_108' title="bbox 1956 4591 3556 4668">
    <p class='ocr_par' dir='ltr' id='par_1_108' title="bbox 1956 4591 3556 4668">
     <span class='ocr_line' id='line_1_108' title="bbox 1956 4591 3556 4668; baseline 0.011 -24"><span class='ocrx_word' id='word_1_831' title='bbox 1956 4598 2010 4645; x_wconf 83' lang='lat' dir='ltr'><strong>et</strong></span> <span class='ocrx_word' id='word_1_832' title='bbox 2024 4591 2381 4663; x_wconf 82' lang='lat' dir='ltr'><strong>quadraginta</strong></span> <span class='ocrx_word' id='word_1_833' title='bbox 2398 4595 2650 4650; x_wconf 85' lang='lat' dir='ltr'><strong>noctibus</strong></span> <span class='ocrx_word' id='word_1_834' title='bbox 2664 4595 2945 4652; x_wconf 89' lang='lat' dir='ltr'><strong>inductum</strong></span> <span class='ocrx_word' id='word_1_835' title='bbox 2963 4609 3045 4653; x_wconf 77' lang='lat' dir='ltr'><strong>est</strong></span> <span class='ocrx_word' id='word_1_836' title='bbox 3058 4600 3398 4668; x_wconf 86' lang='lat' dir='ltr'><strong>diluvium,et</strong></span> <span class='ocrx_word' id='word_1_837' title='bbox 3411 4608 3556 4663; x_wconf 82' lang='lat' dir='ltr'><strong>istud</strong></span> 
     </span>
    </p>
   </div>
   <div class='ocr_carea' id='block_1_109' title="bbox 1957 4674 3557 4750">
    <p class='ocr_par' dir='ltr' id='par_1_109' title="bbox 1957 4674 3557 4750">
     <span class='ocr_line' id='line_1_109' title="bbox 1957 4674 3557 4750; baseline 0.009 -20"><span class='ocrx_word' id='word_1_838' title='bbox 1957 4674 2137 4748; x_wconf 87' lang='lat' dir='ltr'><strong>ipsum</strong></span> <span class='ocrx_word' id='word_1_839' title='bbox 2157 4676 2425 4734; x_wconf 88' lang='lat' dir='ltr'><strong>bonitatis</strong></span> <span class='ocrx_word' id='word_1_840' title='bbox 2444 4681 2744 4734; x_wconf 78' lang='lat' dir='ltr'><strong>maximum</strong></span> <span class='ocrx_word' id='word_1_841' title='bbox 2765 4680 3041 4750; x_wconf 85' lang='lat' dir='ltr'><strong>specimen</strong></span> <span class='ocrx_word' id='word_1_842' title='bbox 3058 4684 3557 4745; x_wconf 77' lang='lat' dir='ltr'><strong>est.Vorebatenim</strong></span> 
     </span>
    </p>
   </div>
   <div class='ocr_carea' id='block_1_110' title="bbox 1959 4769 3560 4851">
    <p class='ocr_par' dir='ltr' id='par_1_110' title="bbox 1959 4769 3560 4851">
     <span class='ocr_line' id='line_1_110' title="bbox 1959 4769 3560 4851; baseline 0.012 -32"><span class='ocrx_word' id='word_1_843' title='bbox 1959 4777 2182 4837; x_wconf 90' lang='lat' dir='ltr'><strong>propter</strong></span> <span class='ocrx_word' id='word_1_844' title='bbox 2202 4784 2454 4839; x_wconf 88' lang='lat' dir='ltr'><strong>magnam</strong></span> <span class='ocrx_word' id='word_1_845' title='bbox 2471 4769 3139 4840; x_wconf 88' lang='lat' dir='ltr'><strong>misericordiam,saltem</strong></span> <span class='ocrx_word' id='word_1_846' title='bbox 3166 4778 3382 4851; x_wconf 90' lang='lat' dir='ltr'><strong>aliquos</strong></span> <span class='ocrx_word' id='word_1_847' title='bbox 3399 4797 3464 4835; x_wconf 80' lang='lat' dir='ltr'><strong>ex</strong></span> <span class='ocrx_word' id='word_1_848' title='bbox 3477 4782 3560 4838; x_wconf 84' lang='lat' dir='ltr'><strong>eis</strong></span> 
     </span>
    </p>
   </div>
   <div class='ocr_carea' id='block_1_111' title="bbox 1959 4858 3554 4944">
    <p class='ocr_par' dir='ltr' id='par_1_111' title="bbox 1959 4858 3554 4944">
     <span class='ocr_line' id='line_1_111' title="bbox 1959 4858 3554 4944; baseline 0.012 -34"><span class='ocrx_word' id='word_1_849' title='bbox 1959 4858 2260 4927; x_wconf 85' lang='lat' dir='ltr'><strong>castigatos</strong></span> <span class='ocrx_word' id='word_1_850' title='bbox 2295 4861 2610 4930; x_wconf 85' lang='lat' dir='ltr'><strong>generalem</strong></span> <span class='ocrx_word' id='word_1_851' title='bbox 2654 4864 2795 4919; x_wconf 88' lang='lat' dir='ltr'><strong>hanc</strong></span> <span class='ocrx_word' id='word_1_852' title='bbox 2822 4864 3255 4925; x_wconf 90' lang='lat' dir='ltr'><strong>internecionem</strong></span> <span class='ocrx_word' id='word_1_853' title='bbox 3294 4870 3554 4944; x_wconf 80' lang='lat' dir='ltr'><strong>ell&#39;ugere,</strong></span> 
     </span>
    </p>
   </div>
   <div class='ocr_carea' id='block_1_112' title="bbox 1957 4951 3556 5035">
    <p class='ocr_par' dir='ltr' id='par_1_112' title="bbox 1957 4951 3556 5035">
     <span class='ocr_line' id='line_1_112' title="bbox 1957 4951 3556 5035; baseline 0.013 -33"><span class='ocrx_word' id='word_1_854' title='bbox 1957 4963 2082 5003; x_wconf 90' lang='lat' dir='ltr'><strong>cum</strong></span> <span class='ocrx_word' id='word_1_855' title='bbox 2097 4958 2225 5005; x_wconf 89' lang='lat' dir='ltr'><strong>ante</strong></span> <span class='ocrx_word' id='word_1_856' title='bbox 2241 4951 2434 5008; x_wconf 81' lang='lat' dir='ltr'><strong>oculos</strong></span> <span class='ocrx_word' id='word_1_857' title='bbox 2456 4953 2707 5011; x_wconf 86' lang='lat' dir='ltr'><strong>viderent</strong></span> <span class='ocrx_word' id='word_1_858' title='bbox 2720 4964 3123 5029; x_wconf 88' lang='lat' dir='ltr'><strong>etcongeneres</strong></span> <span class='ocrx_word' id='word_1_859' title='bbox 3140 4978 3274 5019; x_wconf 90' lang='lat' dir='ltr'><strong>suos</strong></span> <span class='ocrx_word' id='word_1_860' title='bbox 3292 4966 3556 5035; x_wconf 89' lang='lat' dir='ltr'><strong>perire,et</strong></span> 
     </span>
    </p>
   </div>
   <div class='ocr_carea' id='block_1_113' title="bbox 1956 5042 3551 5117">
    <p class='ocr_par' dir='ltr' id='par_1_113' title="bbox 1956 5042 3551 5117">
     <span class='ocr_line' id='line_1_113' title="bbox 1956 5042 3551 5117; baseline 0.011 -22"><span class='ocrx_word' id='word_1_861' title='bbox 1956 5042 2357 5099; x_wconf 86' lang='lat' dir='ltr'><strong>itnmiueresibi</strong></span> <span class='ocrx_word' id='word_1_862' title='bbox 2388 5051 3381 5114; x_wconf 85' lang='lat' dir='ltr'><strong>connnuneminteritum.Verisitnile</strong></span> <span class='ocrx_word' id='word_1_863' title='bbox 3407 5060 3551 5117; x_wconf 90' lang='lat' dir='ltr'><strong>enim</strong></span> 
     </span>
    </p>
   </div>
   <div class='ocr_carea' id='block_1_114' title="bbox 1955 5136 3551 5219">
    <p class='ocr_par' dir='ltr' id='par_1_114' title="bbox 1955 5136 3551 5219">
     <span class='ocr_line' id='line_1_114' title="bbox 1955 5136 3551 5219; baseline 0.012 -31"><span class='ocrx_word' id='word_1_864' title='bbox 1955 5144 2038 5191; x_wconf 83' lang='lat' dir='ltr'><strong>est</strong></span> <span class='ocrx_word' id='word_1_865' title='bbox 2054 5136 2233 5206; x_wconf 91' lang='lat' dir='ltr'><strong>primo</strong></span> <span class='ocrx_word' id='word_1_866' title='bbox 2250 5138 2339 5193; x_wconf 89' lang='lat' dir='ltr'><strong>die</strong></span> <span class='ocrx_word' id='word_1_867' title='bbox 2358 5139 2555 5194; x_wconf 90' lang='lat' dir='ltr'><strong>bonam</strong></span> <span class='ocrx_word' id='word_1_868' title='bbox 2574 5141 2813 5212; x_wconf 89' lang='lat' dir='ltr'><strong>aliquam</strong></span> <span class='ocrx_word' id='word_1_869' title='bbox 2840 5154 3051 5214; x_wconf 90' lang='lat' dir='ltr'><strong>partem</strong></span> <span class='ocrx_word' id='word_1_870' title='bbox 3067 5148 3275 5203; x_wconf 90' lang='lat' dir='ltr'><strong>diluvio</strong></span> <span class='ocrx_word' id='word_1_871' title='bbox 3298 5150 3551 5219; x_wconf 80' lang='lat' dir='ltr'><strong>periisse,</strong></span> 
     </span>
    </p>
   </div>
   <div class='ocr_carea' id='block_1_115' title="bbox 1953 5227 3554 5305">
    <p class='ocr_par' dir='ltr' id='par_1_115' title="bbox 1953 5227 3554 5305">
     <span class='ocr_line' id='line_1_115' title="bbox 1953 5227 3554 5305; baseline 0.01 -25"><span class='ocrx_word' id='word_1_872' title='bbox 1953 5234 2006 5280; x_wconf 89' lang='lat' dir='ltr'><strong>et</strong></span> <span class='ocrx_word' id='word_1_873' title='bbox 2030 5227 2278 5281; x_wconf 86' lang='lat' dir='ltr'><strong>secundo</strong></span> <span class='ocrx_word' id='word_1_874' title='bbox 2299 5229 2388 5285; x_wconf 90' lang='lat' dir='ltr'><strong>die</strong></span> <span class='ocrx_word' id='word_1_875' title='bbox 2405 5232 2721 5287; x_wconf 88' lang='lat' dir='ltr'><strong>accrevisse</strong></span> <span class='ocrx_word' id='word_1_876' title='bbox 2744 5234 2953 5305; x_wconf 90' lang='lat' dir='ltr'><strong>aliquid</strong></span> <span class='ocrx_word' id='word_1_877' title='bbox 2971 5238 3162 5293; x_wconf 90' lang='lat' dir='ltr'><strong>diluvii</strong></span> <span class='ocrx_word' id='word_1_878' title='bbox 3183 5250 3277 5296; x_wconf 77' lang='lat' dir='ltr'><strong>:et</strong></span> <span class='ocrx_word' id='word_1_879' title='bbox 3298 5242 3554 5299; x_wconf 87' lang='lat' dir='ltr'><strong>similiter</strong></span> 
     </span>
    </p>
   </div>
   <div class='ocr_carea' id='block_1_116' title="bbox 1954 5315 3554 5401">
    <p class='ocr_par' dir='ltr' id='par_1_116' title="bbox 1954 5315 3554 5401">
     <span class='ocr_line' id='line_1_116' title="bbox 1954 5315 3554 5401; baseline 0.013 -34"><span class='ocrx_word' id='word_1_880' title='bbox 1954 5315 2043 5371; x_wconf 90' lang='lat' dir='ltr'><strong>die</strong></span> <span class='ocrx_word' id='word_1_881' title='bbox 2074 5318 2259 5383; x_wconf 84' lang='lat' dir='ltr'><strong>tertio,</strong></span> <span class='ocrx_word' id='word_1_882' title='bbox 2279 5329 2335 5375; x_wconf 91' lang='lat' dir='ltr'><strong>et</strong></span> <span class='ocrx_word' id='word_1_883' title='bbox 2357 5322 2793 5395; x_wconf 84' lang='lat' dir='ltr'><strong>reliquis.Atque</strong></span> <span class='ocrx_word' id='word_1_884' title='bbox 2822 5324 2942 5382; x_wconf 90' lang='lat' dir='ltr'><strong>ideo</strong></span> <span class='ocrx_word' id='word_1_885' title='bbox 2966 5328 3019 5382; x_wconf 94' lang='lat' dir='ltr'><strong>in</strong></span> <span class='ocrx_word' id='word_1_886' title='bbox 3045 5328 3411 5401; x_wconf 87' lang='lat' dir='ltr'><strong>quadraginta</strong></span> <span class='ocrx_word' id='word_1_887' title='bbox 3434 5333 3554 5389; x_wconf 91' lang='lat' dir='ltr'><strong>dies</strong></span> 
     </span>
    </p>
   </div>
   <div class='ocr_carea' id='block_1_117' title="bbox 1953 5408 3553 5484">
    <p class='ocr_par' dir='ltr' id='par_1_117' title="bbox 1953 5408 3553 5484">
     <span class='ocr_line' id='line_1_117' title="bbox 1953 5408 3553 5484; baseline 0.01 -23"><span class='ocrx_word' id='word_1_888' title='bbox 1953 5418 2007 5461; x_wconf 88' lang='lat' dir='ltr'><strong>et</strong></span> <span class='ocrx_word' id='word_1_889' title='bbox 2038 5408 2407 5479; x_wconf 87' lang='lat' dir='ltr'><strong>quadraginta</strong></span> <span class='ocrx_word' id='word_1_890' title='bbox 2429 5420 2623 5469; x_wconf 81' lang='lat' dir='ltr'><strong>noctes</strong></span> <span class='ocrx_word' id='word_1_891' title='bbox 2647 5415 2930 5484; x_wconf 81' lang='lat' dir='ltr'><strong>produxit,</strong></span> <span class='ocrx_word' id='word_1_892' title='bbox 2952 5426 3013 5471; x_wconf 89' lang='lat' dir='ltr'><strong>ttt</strong></span> <span class='ocrx_word' id='word_1_893' title='bbox 3038 5435 3258 5477; x_wconf 86' lang='lat' dir='ltr'><strong>omnem</strong></span> <span class='ocrx_word' id='word_1_894' title='bbox 3282 5421 3553 5477; x_wconf 82' lang='lat' dir='ltr'><strong>defensio-</strong></span> 
     </span>
    </p>
   </div>
   <div class='ocr_carea' id='block_1_118' title="bbox 1954 5499 3555 5585">
    <p class='ocr_par' dir='ltr' id='par_1_118' title="bbox 1954 5499 3555 5585">
     <span class='ocr_line' id='line_1_118' title="bbox 1954 5499 3555 5585; baseline 0.012 -34"><span class='ocrx_word' id='word_1_895' title='bbox 1954 5499 2042 5552; x_wconf 92' lang='lat' dir='ltr'><strong>nis</strong></span> <span class='ocrx_word' id='word_1_896' title='bbox 2056 5500 2342 5555; x_wconf 87' lang='lat' dir='ltr'><strong>obtentum</strong></span> <span class='ocrx_word' id='word_1_897' title='bbox 2369 5503 2655 5562; x_wconf 88' lang='lat' dir='ltr'><strong>adimeret.</strong></span> <span class='ocrx_word' id='word_1_898' title='bbox 2678 5505 2814 5563; x_wconf 81' lang='lat' dir='ltr'><strong>Nam</strong></span> <span class='ocrx_word' id='word_1_899' title='bbox 2846 5508 2891 5564; x_wconf 89' lang='lat' dir='ltr'><strong>si</strong></span> <span class='ocrx_word' id='word_1_900' title='bbox 2913 5511 3362 5583; x_wconf 85' lang='lat' dir='ltr'><strong>voluissetatque</strong></span> <span class='ocrx_word' id='word_1_901' title='bbox 3388 5515 3555 5585; x_wconf 62' lang='lat' dir='ltr'><strong>impe«</strong></span> 
     </span>
    </p>
   </div>
   <div class='ocr_carea' id='block_1_119' title="bbox 1953 5594 3550 5663">
    <p class='ocr_par' dir='ltr' id='par_1_119' title="bbox 1953 5594 3550 5663">
     <span class='ocr_line' id='line_1_119' title="bbox 1953 5594 3550 5663; baseline 0.013 -20"><span class='ocrx_word' id='word_1_902' title='bbox 1953 5601 2150 5656; x_wconf 84' lang='lat' dir='ltr'><strong>rassct,</strong></span> <span class='ocrx_word' id='word_1_903' title='bbox 2175 5594 2449 5663; x_wconf 87' lang='lat' dir='ltr'><strong>potuisset</strong></span> <span class='ocrx_word' id='word_1_904' title='bbox 2475 5600 2660 5653; x_wconf 90' lang='lat' dir='ltr'><strong>omnia</strong></span> <span class='ocrx_word' id='word_1_905' title='bbox 2686 5600 2741 5655; x_wconf 89' lang='lat' dir='ltr'><strong>in</strong></span> <span class='ocrx_word' id='word_1_906' title='bbox 2781 5617 2890 5657; x_wconf 90' lang='lat' dir='ltr'><strong>uno</strong></span> <span class='ocrx_word' id='word_1_907' title='bbox 2914 5614 3195 5658; x_wconf 84' lang='lat' dir='ltr'><strong>momento</strong></span> <span class='ocrx_word' id='word_1_908' title='bbox 3233 5605 3503 5663; x_wconf 83' lang='lat' dir='ltr'><strong>inundare</strong></span> <span class='ocrx_word' id='word_1_909' title='bbox 3535 5626 3550 5663; x_wconf 89' lang='lat'><strong>:</strong></span> 
     </span>
    </p>
   </div>
   <div class='ocr_carea' id='block_1_120' title="bbox 1954 5685 3552 5755">
    <p class='ocr_par' dir='ltr' id='par_1_120' title="bbox 1954 5685 3552 5755">
     <span class='ocr_line' id='line_1_120' title="bbox 1954 5685 3552 5755; baseline 0.009 -17"><span class='ocrx_word' id='word_1_910' title='bbox 1954 5685 2048 5741; x_wconf 88' lang='lat' dir='ltr'><strong>sed</strong></span> <span class='ocrx_word' id='word_1_911' title='bbox 2066 5699 2165 5755; x_wconf 90' lang='lat' dir='ltr'><strong>pro</strong></span> <span class='ocrx_word' id='word_1_912' title='bbox 2185 5701 2285 5740; x_wconf 88' lang='lat' dir='ltr'><strong>sua</strong></span> <span class='ocrx_word' id='word_1_913' title='bbox 2311 5687 2604 5745; x_wconf 70' lang='lat' dir='ltr'><strong>clementia</strong></span> <span class='ocrx_word' id='word_1_914' title='bbox 2629 5700 2781 5747; x_wconf 87' lang='lat' dir='ltr'><strong>tanta</strong></span> <span class='ocrx_word' id='word_1_915' title='bbox 2798 5694 3013 5749; x_wconf 87' lang='lat' dir='ltr'><strong>dierum</strong></span> <span class='ocrx_word' id='word_1_916' title='bbox 3027 5694 3392 5753; x_wconf 89' lang='lat' dir='ltr'><strong>diuturnitate</strong></span> <span class='ocrx_word' id='word_1_917' title='bbox 3416 5713 3552 5753; x_wconf 84' lang='lat' dir='ltr'><strong>usus</strong></span> 
     </span>
    </p>
   </div>
   <div class='ocr_carea' id='block_1_121' title="bbox 1952 5776 3555 5847">
    <p class='ocr_par' dir='ltr' id='par_1_121' title="bbox 1952 5776 3555 5847">
     <span class='ocr_line' id='line_1_121' title="bbox 1952 5776 3555 5847; baseline 0.008 -15"><span class='ocrx_word' id='word_1_918' title='bbox 1952 5786 2059 5833; x_wconf 88' lang='lat' dir='ltr'><strong>est.</strong></span> <span class='ocrx_word' id='word_1_919' title='bbox 2093 5776 2299 5836; x_wconf 87' lang='lat' dir='ltr'><strong>Deinde</strong></span> <span class='ocrx_word' id='word_1_920' title='bbox 2328 5781 2463 5837; x_wconf 86' lang='lat' dir='ltr'><strong>dicit</strong></span> <span class='ocrx_word' id='word_1_921' title='bbox 2496 5802 2509 5837; x_wconf 91' lang='lat'><strong>:</strong></span> <span class='ocrx_word' id='word_1_922' title='bbox 2547 5784 2632 5840; x_wconf 77' lang='lat' dir='ltr'><strong>l3.</strong></span> <span class='ocrx_word' id='word_1_923' title='bbox 2663 5783 2729 5841; x_wconf 89' lang='lat' dir='ltr'><strong>In</strong></span> <span class='ocrx_word' id='word_1_924' title='bbox 2764 5787 2849 5843; x_wconf 84' lang='lat' dir='ltr'><strong>die</strong></span> <span class='ocrx_word' id='word_1_925' title='bbox 2875 5787 2974 5843; x_wconf 86' lang='lat' dir='ltr'><strong>illa</strong></span> <span class='ocrx_word' id='word_1_926' title='bbox 3000 5788 3223 5846; x_wconf 74' lang='lat' dir='ltr'><strong>intravit</strong></span> <span class='ocrx_word' id='word_1_927' title='bbox 3240 5790 3355 5847; x_wconf 86' lang='lat' dir='ltr'><strong>Noe</strong></span> <span class='ocrx_word' id='word_1_928' title='bbox 3380 5790 3435 5846; x_wconf 84' lang='lat' dir='ltr'><strong>in</strong></span> <span class='ocrx_word' id='word_1_929' title='bbox 3462 5808 3555 5845; x_wconf 84' lang='lat' dir='ltr'><strong>ar-</strong></span> 
     </span>
    </p>
   </div>
  </div>
