4070 6436
506 386 612 442 323

500 529 627 577 «an,
660 522 705 566 et
729 510 1142 578 Seni,et.CIiam,
1170 508 1478 581 δωσίδικοι,
1513 516 1560 564 et
1581 511 1709 563 tim
1741 505 1876 572 Noe,
1905 515 1955 561 et
1987 515 2086 563 tres

500 617 681 658 uos-cs
721 602 946 671 ﬁliorum
987 601 1267 670 summa.
1309 608 1359 654 et
1399 613 1574 656 curua
1607 597 1778 654 bestias
1816 595 2074 654 mundun

501 710 678 764 prius,
709 695 795 750 18.
829 695 960 749 sicut
986 701 1294 765 perceperat
1323 678 1571 747 Dominus
1591 688 1892 749 'Dstts‘Nos.
1910 688 2090 759 Quan-

495 784 607 852 do,
654 785 859 856 inquit,
907 783 1068 854 cmpit
1115 783 1374 839 diluvium
1416 781 2085 853 secundum‘praeccptum
2121 812 2124 814 η

498 877 730 945 Domini,
761 875 972 932 intravit
995 875 1108 932 Noe
1124 877 1177 931 in
1197 890 1374 932 arcam
1402 889 1526 929 cum
1552 873 1680 930 ﬁliis
1701 882 1758 930 et
1780 887 1946 930 uxore
1967 886 2084 936 sua,

493 977 550 1025 et
575 968 827 1024 uxoribus
854 964 1081 1022 ﬁliorum
1118 980 1358 1031 suorum,
1390 973 1446 1020 et
1469 978 1658 1020 omnes
1690 963 1874 1021 bestia:
1897 976 2088 1018 secun-

492 1059 623 1114 dum
646 1072 836 1130 genus.
871 1054 944 1113 Et
966 1056 1169 1124 clausit,
1195 1055 1670 1125 ἱιιιιιιίιιυοιιιὶιιιω
1712 1053 1852 1110 Das
1894 1050 2084 1124 deforis

491 1148 820 1218 desursum.
1343 1175 1345 1178 έ
1535 1189 1537 1191 .
1913 1178 1924 1187 ι
2025 1189 2033 1197 .
2091 1132 2095 1134 ν

554 1237 619 1293 .6.
649 1236 1028 1294 Animadverte
1072 1246 1233 1293 etiam
1262 1235 1351 1294 hic
1389 1236 1538 1293 verbi
1564 1235 1632 1292 ad
1660 1242 1899 1293 nostram
1929 1232 2084 1290 inﬁr-

496 1328 734 1384 mitatem
759 1327 1328 1385 accommodationem.
1357 1326 1563 1399 Clausit
1601 1326 1742 1382 Deus
1787 1323 2084 1380 forinsecus

479 1419 638 1474 illius
657 1433 856 1484 arcam,
889 1427 949 1474 ut
986 1418 1177 1476 doceat
1218 1433 1279 1474 se
1318 1419 1370 1473 in
1417 1431 1606 1489 magna
1649 1416 1934 1495 securitate
1985 1428 2088 1485 po-

493 1510 666 1568 suisse
702 1510 929 1583 justum.
963 1510 1088 1568 Ideo
1110 1511 1207 1578 ait,
1239 1509 1452 1580 Clausit,
1481 1507 1726 1574 etqaddit,
1756 1506 1979 1579 Deforis,
2010 1506 2082 1562 ita

497 1612 554 1660 ut
567 1619 683 1662 non
712 1611 893 1675 posset
915 1604 1097 1662 videre
1117 1603 1296 1674 jtutus
1321 1601 1628 1674 generalem
1652 1599 1893 1656 omnium
1940 1598 2081 1655 inte-

495 1696 678 1764 ritum,
709 1694 852 1751 unde
885 1693 1074 1768 majori
1118 1681 1317 1750 dolum
1335 1692 1450 1764 ipse
1471 1689 1845 1748 conﬁceretur.
1871 1686 2008 1744 Nam
2033 1687 2084 1744 si

493 1804 676 1846 secum
700 1790 877 1843 animo
896 1794 1196 1858 reputasset
1215 1784 1603 1861 atrocissimam
1626 1783 1768 1838 illam
1791 1790 2083 1852 tempesta-

495 1877 1116 1949 tcm,descripsissetquc
1159 1877 1215 1931 in
1241 1881 1423 1932 mente
1461 1872 1676 1930 humani
1704 1874 1918 1946 generis
1958 1885 2082 1944 per-

493 1971 771 2038 ditionem,
799 1983 1138 2026 communem
1160 1966 1434 2024 brutorum
1463 1966 1702 2031 omnium
1730 1964 2001 2022 interitum
2027 1975 2083 2020 et

495 2061 771 2118 hominum
811 2069 865 2115 et
903 2059 1290 2130 jumentorum,
1331 2066 1388 2114 et
1411 2056 1578 2127 ipsius
1603 2065 1781 2124 terras,
1815 2065 1872 2111 ut
1901 2056 1972 2112 ita
2002 2056 2085 2112 di-
2125 2064 2128 2066 ‘

493 2167 636 2219 cam,
664 2151 1033 2217 abolitionem,
1063 2147 1318 2206 maestitia
1359 2156 1657 2217 correptus,
1688 2156 1742 2202 et
1771 2146 1928 2204 valde
1970 2157 2082 2219 tur-

492 2243 646 2299 batus
687 2241 896 2298 fuisset.
943 2239 1273 2310 Quamquam
1319 2237 1462 2295 enim
1511 2245 1666 2294 erant
1707 2235 1963 2308 improbi,
1991 2236 2080 2306 qui

491 2334 756 2408 peribant,
793 2343 1029 2389 attamen
1077 2331 1338 2389 bonorum
1374 2331 1610 2386 virorum
1656 2329 2078 2408 animm‘magna

491 2425 958 2483 commiseratione
998 2422 1138 2480 afﬁci
1163 2422 1358 2490 solent,
1386 2423 1431 2477 si
1454 2419 1670 2494 quando
1697 2418 1883 2476 vident
1905 2419 2082 2490 puniri

493 2518 768 2583 homines;
794 2525 849 2572 et
871 2516 1110 2572 invenies
1136 2529 1324 2572 omnes
1355 2513 1638 2585 prolabetas
1665 2522 1720 2568 et
1739 2510 1916 2583 justas“
1958 2510 2078 2582 plu-

493 2611 686 2666 rimum
711 2623 809 2681 pro
834 2609 941 2663 illis
971 2608 1081 2663 Deo
1109 2607 1433 2678 supplicare,
1477 2604 1616 2660 sicut
1655 2602 1952 2675 patriarcha
1985 2605 2081 2674 pro

489 2699 782 2758 Sodomitis
826 2697 1054 2755 faciebat
1078 2697 1232 2772 (Gen.
1281 2697 1369 2753 18.
1415 2695 1530 2767 25).
1571 2694 1711 2751 "sicut
1750 2695 1912 2751 etiam
1950 2708 2083 2765 pro-

489 2790 664 2860 pheta:
685 2790 939 2846 continuo
964 2789 1140 2845 facere
1165 2787 1425 2844 solebant.
1455 2785 1670 2842 Etenim
1698 2783 1837 2841 unus
1864 2783 2079 2856 quidem

488 2882 700 2940 dicebat
729 2900 743 2937 ε
779 2879 898 2936 Heu
923 2880 1067 2946 mihi,
1093 2879 1330 2946 Domine,
1357 2877 1548 2941 deletis
1569 2887 1624 2932 ιι
1646 2874 1885 2949 «aqua.
1909 2875 2083 2933 Israel

488 2971 699 3046 (Emit.
726 2971 778 3028 9.
803 2970 898 3042 8)?
925 2970 1063 3026 alius
1082 2979 1262 3025 autem
1309 2969 1384 3025 ait
1413 2986 1426 3022 :
1457 2965 1639 3023 Facies
1682 2967 1909 3022 homines
1948 2967 2080 3022 sicut

492 3065 650 3134 pisces
675 3063 853 3129 maris,
876 3078 979 3116 non
1006 3061 1242 3116 habentes
1268 3060 1445 3114 ducem
1471 3057 1652 3132 (Abas.
1680 3059 1731 3116 i.
1763 3059 1853 3130 ιι)
1874 3058 1897 3111 ?
1920 3057 2082 3130 Igitur

488 3154 614 3224 quia
659 3153 891 3223 alioquin
932 3151 1108 3222 justus
1148 3150 1790 3214 confundebaturmente,
1818 3159 1872 3205 et
1903 3148 2082 3204 turba-

490 3245 665 3311 hatur,
698 3261 765 3301 ne
791 3261 858 3301 ex
885 3247 1001 3300 visu
1020 3251 1076 3300 et
1092 3243 1402 3316 spectaculo
1427 3242 1617 3313 majori
1645 3242 1856 3298 tristitia
1903 3240 2083 3296 allice-

490 3349 656 3402 nctnr,
705 3339 759 3404 in
802 3350 925 3393 arca
967 3336 1114 3393 illum
1151 3337 1304 3407 quasi
1350 3337 1403 3391 in
1450 3349 1666 3391 carcere
1711 3332 1974 3396 includit,
2026 3344 2105 3394 ιιι,

489 3444 558 3488 ue
580 3428 750 3484 oculis
770 3427 1187 3500 prospicientem
1232 3435 1406 3482 metus
1452 3425 1748 3481 invaderet.
1785 3413 2116 3481 Verisimile.

498 3519 646 3575 enim
673 3506 776 3582 est.
802 3518 852 3572 si
882 3517 1102 3573 vidisset
1140 3515 1540 3572 inundationem
1579 3524 1658 3571 tot
1682 3530 1959 3586 aquarum,
1986 3530 2082 3570 an-

491 3609 797 3673 xium..fore,
824 3624 896 3666 ue
921 3619 976 3664 et
1001 3610 1117 3678 ipse
1134 3609 1285 3680 aquis
1313 3608 1534 3679 periret.
1568 3607 1696 3678 Ejus
1721 3608 1881 3680 igitur
1899 3622 2081 3663 curam

488 3701 974 3775 gerensbeniguus
1003 3700 1168 3767 Deus,
1202 3715 1310 3754 non
1338 3699 1579 3768 permisit
1606 3688 1778 3769 ipsum
1810 3698 1894 3755 vel
1917 3713 2083 3770 aqua-

491 3808 610 3849 rum
625 3801 876 3863 spectare
887 3791 1168 3855 smviticm,
1188 3789 1272 3844 vel
1289 3790 1470 3846 videre
1487 3788 1761 3845 hominum
1789 3790 2078 3857 excidium,

490 3892 549 3941 et
561 3897 902 3939 communem
911 3881 1062 3946 orbis
1075 3879 1517 3937 internecionem.
1538 3880 1649 3950 Ego
1669 3888 1844 3934 autem
1867 3880 2082 3951 quando

493 3984 684 4045 reputo
707 3975 917 4030 mecum
947 3964 1082 4042 justi
1108 3971 1270 4041 hujus
1299 3972 1457 4027 vitam
1491 3971 1542 4026 in
1569 3970 1692 4026 arca
1714 4011 1730 4037 ,
1762 3971 2082 4041 obstupesco

492 4077 546 4123 et
572 4067 762 4132 miror,
790 4065 1091 4136 iterumque
1116 4063 1209 4140 Dei
1253 4063 1555 4119 clementiae
1601 4072 1770 4119 totum
1811 4062 2078 4120 adscribo.

493 4159 625 4216 Viam
654 4159 874 4232 nisiilia
898 4158 1269 4220 cotitirmasset
1297 4157 1436 4212 illius
1480 4164 1736 4224 mentem,
1765 4165 1817 4211 et
1845 4154 2082 4212 difﬁcilia

495 4249 640 4318 let-ia;
671 4246 909 4314 fecisset,
959 4237 1250 4317 quomodo,
1290 4245 1403 4314 die,
1454 4259 1572 4314 oro,
1622 4245 1760 4301 ferre
1802 4246 2080 4317 potuisset,

495 4338 568 4396 ibi
597 4337 830 4394 inclusus
854 4336 1004 4408 quasi
1036 4336 1093 4390 in
1119 4334 1358 4391 custodia
1385 4333 1610 4404 quadam
1638 4345 1691 4390 et
1719 4335 1772 4391 in
1804 4346 1939 4392 tctro
1964 4351 2083 4392 car-

493 4431 661 4486 cere?
707 4428 1004 4500 quomodo,
1053 4441 1257 4498 qumso,
1300 4426 1561 4496 potuisset
1601 4427 1856 4484 adversus
1904 4436 2082 4486 tantos

496 4519 750 4577 ﬂuctuum
799 4521 1028 4589 impetus
1067 4518 1358 4572 obsistere?
1404 4516 1658 4572 Ilom'nes
1703 4518 1843 4572 enim
1891 4520 1980 4587 qui
2026 4519 2078 4572 in

496 4613 614 4666 muri
645 4618 788 4677 siml,
815 4623 870 4664 et
905 4609 1026 4664 velo
1077 4618 1313 4674 utuntur,
1361 4615 1419 4663 et
1443 4609 1848 4676 gubernatorem
1879 4610 1945 4662 ad
1975 4611 2082 4663 ela-

498 4717 623 4756 vum
671 4699 943 4756 sedentem
992 4696 1211 4761 vident.
1262 4705 1318 4752 et
1363 4711 1468 4752 sua
1497 4708 1613 4754 arte
1656 4700 1978 4753 ventorum‘
2011 4701 2059 4754 vi

493 4791 839 4848 obsistentem
867 4831 881 4853 .
923 4789 1178 4861 siquando
1235 4788 1490 4842 fluctuum
1536 4787 1716 4842 vident
1772 4789 2031 4844 insaniam
2060 4831 2075 4854 ,

497 4892 788 4938 enecantur
813 4892 982 4948 metu,
1009 4890 1065 4936 et
1089 4881 1157 4937 de
1202 4881 1374 4936 salute
1423 4895 1517 4935 sua
1557 4882 1937 4950 propemodum
1979 4878 2081 4939 de-

497 4981 760 5043 sperant:
802 4973 928 5042 quid
977 4972 1134 5040 igitur
1181 4969 1377 5026 dixerit
1410 4971 1603 5042 aliquis
1623 4971 1702 5026 .de
1738 4968 1886 5041 justo
1927 4972 2080 5030 hoc?

494 5063 625 5123 Nam
667 5064 818 5134 quasi
858 5063 910 5118 in
949 5077 1185 5126 carcere,
1219 5072 1276 5118 ut
1301 5061 1435 5127 dixi,
1477 5063 1691 5128 sedens,
1737 5064 1860 5120 hinc
1877 5071 1930 5119 et
1958 5065 2080 5120 inde

497 5154 991 5220 tit-cumfercbatur,
1021 5169 1193 5225 neque
1217 5155 1406 5210 omium
1445 5154 1629 5210 videre
1650 5196 1665 5218 ,
1689 5170 1858 5225 neque
1902 5157 2082 5226 aliquo

499 5248 680 5302 oculos
726 5255 936 5301 vertere
965 5245 1169 5310 valens,
1201 5245 1296 5300 sed
1328 5246 1469 5300 intus
1509 5245 1805 5314 tenebatur,
1845 5247 2080 5316 nihilque

499 5352 717 5408 prorsus
744 5337 922 5391 videre
954 5344 1180 5406 poterat,
1211 5336 1350 5405 quod
1387 5337 1802 5393 consolationem
1844 5338 2078 5395 aﬁ'erret.

505 5427 565 5481 Et
596 5427 628 5481 ii
655 5427 865 5496 quidem
897 5426 984 5495 qui
1021 5426 1071 5479 in
1111 5426 1242 5479 tnari
1286 5427 1572 5498 navigant,
1598 5428 1806 5482 etiamsi
1836 5429 1887 5484 in
1911 5429 2078 5483 altum

491 5527 784 5588 exsurgant
821 5519 1047 5582 fluctus,
1086 5526 1306 5586 possunt
1341 5518 1565 5574 subinde
1597 5519 1648 5572 in
1677 5519 1867 5574 caelum
1908 5523 2083 5592 suspi-

498 5624 639 5671 cere,
667 5620 719 5663 et
746 5609 1020 5664 cacumina
1041 5609 1299 5664 montium
1319 5610 1518 5677 videre,
1536 5619 1590 5666 et
1604 5611 1843 5667 civitates
1861 5627 2080 5684 magnas

501 5709 740 5769 spectare
762 5738 776 5763 ,
823 5699 1005 5770 sicque
1043 5701 1364 5768 aliquantam
1400 5701 1818 5759 consolationem
1847 5710 2076 5776 capere;

564 5814 578 5844 ι
609 5818 753 5872 unus.
776 5811 1048 5874 tandem;
1070 5812 1214 5868 alios.
1234 5811 1480 5874 (luam.

1222 390 1278 448 S.
1320 385 1596 450 .‘OANNIS
1628 385 2111 447 ειιιιγεοδτοιιι
2152 383 2467 445 ΑΜΖΙΙΙΕΡ.
2506 384 3047 446 εοδετΑΝτιιιορ.

3684 385 3791 444 ω

2195 505 2338 576 quod
2355 507 2402 561 si
2423 506 2638 577 gravior
2659 517 2712 561 et
2734 504 3118 562 intolerabilior
3141 501 3299 560 fuerit
3325 512 3636 575 tempestas,
3665 513 3790 578 post

2191 597 2379 655 decem
2402 597 2488 654 vel
2515 597 2673 669 paulo
2698 596 2877 669 plures
2895 596 3031 664 dies,
3055 607 3109 652 et
3135 605 3256 668 post
3277 596 3480 654 multas
3500 597 3619 654 illas
3648 607 3788 655 tem-

2194 696 2428 758 pestates
2460 697 2516 745 et
2550 689 2785 761 pericula
2809 729 2825 754 ,
2859 689 2912 744 in
2955 697 3155 744 terram
3193 687 3349 758 ejeeti
3373 729 3393 756 ,
3426 695 3483 745 ct
3511 688 3786 759 paululum

2192 777 2378 850 refecti
2401 822 2419 850 ,
2453 778 2698 860 omnium
2732 780 2940 837 illarum
2979 776 3343 836 molestiarum
3374 778 3784 836 obliviscuntur.

2191 865 2493 941 meantem
2521 871 2656 930 nihil
2682 871 2808 936 tale,
2833 870 2930 928 sed
2955 885 3096 925 anno
3123 877 3235 926 toto
3261 883 3459 928 novum
3484 879 3539 927 et
3565 879 3785 942 stupen-

2191 962 2319 1020 dum
2342 951 2494 1020 illum
2520 979 2793 1026 carcerem
2823 961 3179 1030 inhabitabat,
3201 977 3375 1034 neque
3399 945 3582 1021 aerem
3607 963 3782 1033 respi-

2189 1071 2314 1119 rare
2342 1055 2548 1112 valens.
2586 1055 2868 1124 Quomodo
2891 1055 3034 1112 enim
3064 1055 3368 1126 potuisset,
3396 1067 3520 1111 cum
3545 1053 3785 1124 undique

2188 1161 2312 1224 arca
2327 1148 2507 1225 clama
2525 1148 2708 1212 esset?
2728 1147 3026 1219 Quomodo,
3045 1160 3248 1216 qua-so,
3264 1144 3462 1203 restitit
3474 1145 3499 1200 2
3513 1144 3785 1217 quomodo

2183 1227 2614 1323 caput
2635 1239 2697 1297 si
2733 1230 2914 1298 rei-rea
2953 1247 3008 1294 et
3039 1237 3380 1294 adamantina
3419 1236 3527 1292 ιιιιι
3555 1237 3785 1292 fuissent

2189 1345 2416 1402 corpora
2440 1373 2454 1399 ,
2482 1330 2752 1404 quomodo
2786 1332 3124 1403 potuissent,
3155 1331 3246 1402 qui
3277 1343 3454 1401 neque
3481 1341 3608 1385 acre
3637 1326 3782 1383 fruc—

2187 1421 2381 1478 hantur
2404 1435 2579 1493 neque
2605 1430 2767 1498 vento
2786 1462 2803 1488 ,
2831 1421 2922 1490 qui
2950 1436 3061 1477 ιιι-ιι
3093 1410 3267 1477 minus
3287 1435 3447 1491 quam
3476 1434 3572 1480 aer
3597 1419 3664 1474 ad
3696 1435 3782 1474 re-

2188 1512 2469 1571 focilianda
2515 1529 2751 1594 corpora
2784 1525 2966 1570 nostra
3005 1511 3179 1570 factus
3218 1521 3302 1569 est
3326 1554 3343 1579 ,
3391 1526 3566 1584 neque
3595 1511 3782 1567 oculos

2187 1617 2410 1675 pascere
2437 1614 2685 1676 poterant
2708 1645 2729 1673 ,
2755 1613 2847 1662 aut
2875 1604 2992 1674 cin
3015 1645 3030 1672 ,
3063 1614 3155 1660 aut
3183 1613 3345 1660 terra:
3374 1602 3595 1659 ﬁoribus
3625 1601 3782 1673 pictae

2186 1693 2534 1769 spectaculo?
2557 1695 2837 1767 Quantulo
2857 1713 2963 1756 non
2986 1698 3240 1755 caementi
3269 1696 3413 1754 oculi
3435 1710 3618 1752 eorum
3642 1737 3659 1764 ,
3688 1694 3783 1766 qui

2189 1788 2388 1844 tamdiu
2411 1788 2480 1844 ibi
2502 1789 2767 1861 egerunt?
2790 1786 2858 1844 Et
2879 1786 2925 1845 si
2948 1784 3199 1844 humanis
3222 1785 3524 1844 rationibus
3550 1784 3665 1840 hac
3684 1783 3784 1841 de-

2187 1877 2524 1950 prehendere
2552 1881 2798 1936 volumus
2819 1919 2836 1945 ,
2866 1889 2921 1935 et
2947 1876 3074 1934 illud
3100 1875 3439 1948 cogitandum
3464 1916 3481 1942 ,
3509 1874 3654 1930 unde
3679 1873 3782 1928 ﬁu-

2187 1970 2340 2028 vialis
2364 1980 2420 2027 et
2446 1970 2872 2043 [uitabilisaquze
2901 1969 3114 2040 copiam
3149 1966 3419 2024 habebant
3457 1964 3511 2020 in
3541 1979 3664 2020 arca
3705 1965 3783 2018 vi-

2186 2071 2392 2122 ventes.
2425 2063 2493 2120 Et
2518 2071 2576 2118 ut
2605 2049 2723 2135 haec
2744 2069 3082 2134 praeteream,
3110 2058 3380 2133 quomodo
3408 2057 3578 2129 potuit
3601 2056 3783 2128 justus

2185 2158 2277 2214 ille
2297 2170 2420 2213 cum
2446 2157 2568 2212 liliis
2587 2163 2643 2212 et
2664 2155 2917 2212 uxoribus
2939 2152 3402 2210 conversationem
3423 2153 3547 2207 cum
3575 2148 3702 2205 feris
3727 2160 3782 2204 et

2183 2247 2302 2303 aliis
2329 2245 2647 2302 animalibus
2677 2246 2858 2300 ferre?
2885 2245 3159 2315 quomodo
3185 2242 3304 2299 tulit
3328 2240 3576 2298 fictorem
3595 2240 3620 2292 τ
3640 2253 3778 2312 quo-

2184 2335 2346 2393 modo
2364 2336 2484 2405 tulit
2503 2334 2605 2394 cob
2628 2335 2950 2392 .bilationem
2965 2333 2992 2388 Ἰ
3011 2333 3080 2390 Et
3096 2347 3195 2391 cur
3210 2332 3312 2389 ista
3328 2331 3484 2388 dico?
3498 2330 3782 2400 Quomodo
3834 2404 3835 2407 η

2185 2426 2338 2484 bruta
2368 2427 2482 2497 ipsa
2514 2432 2802 2497 potuerunt
2830 2424 3058 2493 durare,
3090 2432 3146 2481 et
3182 2439 3289 2479 non
3329 2422 3505 2494 perire
3537 2422 3590 2477 in
3631 2430 3780 2478 tanta

2185 2517 2438 2586 trmporis
2468 2513 2820 2588 longitudine.
2843 2529 2964 2587 quae
2985 2529 3159 2588 neque
3186 2528 3366 2570 acrem
3392 2512 3663 2570 attrahere
3688 2526 3784 2569 va-

2185 2607 2384 2672 lebant,
2414 2622 2588 2680 neque
2612 2608 2836 2674 moveri,
2867 2606 2964 2662 sed
2991 2606 3047 2663 in
3072 2620 3180 2662 uno
3206 2605 3328 2662 loco
3354 2603 3783 2661 coercebantur‘i

2184 2698 2348 2756 Scitis
2375 2699 2517 2754 enim
2540 2739 2556 2765 ,
2590 2707 2645 2755 et
2675 2696 2841 2768 probe
2868 2697 3019 2754 scitis
3049 2696 3210 2754 talem
3233 2709 3355 2754 esse
3380 2702 3621 2752 nostram
3647 2694 3783 2751 hru-

2185 2799 2468 2861 torumque
2492 2800 2756 2856 naturam,
2787 2798 2845 2845 ut
2869 2788 3078 2845 etiamsi
3108 2801 3236 2845 aere
3259 2786 3520 2853 fruamur,
3551 2785 3784 2857 aliisque

2183 2881 2432 2938 omnibus
2454 2923 2470 2950 ,
2491 2881 2748 2940 continuo
2779 2889 2957 2937 autem
2994 2879 3051 2936 in
3072 2893 3182 2936 uno
3211 2879 3334 2937 loco
3357 2879 3526 2934 simas
3549 2875 3746 2935 inclusi
3762 2915 3780 2940 .

2183 2972 2316 3029 nihil
2349 2973 2626 3043 prohibeat
2662 2971 2948 3042 quominus
2974 2983 3274 3042 pereamus.
3306 2967 3464 3025 Unde
3492 2967 3654 3040 igitur
3679 2981 3781 3038 po-

2183 3063 2283 3119 tuit
2301 3061 2476 3132 justus
2494 3075 2618 3118 cum
2642 3060 2893 3117 omn‘bus
2920 3060 3010 3132 qui
3049 3061 3106 3116 in
3141 3073 3266 3117 arca
3293 3067 3447 3116 erant
3470 3097 3487 3124 ,
3509 3067 3660 3115 tanto
3681 3057 3784 3115 du—

2184 3168 2303 3208 rare
2330 3153 2611 3224 tempore?
2635 3152 2752 3208 Non
2781 3151 2996 3209 aliunde
3020 3166 3181 3224 quam
3206 3166 3275 3208 ex
3308 3164 3537 3223 superna
3568 3151 3738 3224 gratia
3761 3191 3780 3218 ,

2185 3244 2269 3299 cui
2300 3245 2478 3299 omnia
2507 3252 2633 3299 sunt
2660 3242 2958 3314 possibilia.
2987 3244 3180 3300 Annon
3214 3257 3394 3302 arcam
3420 3242 3547 3299 hinc
3571 3255 3626 3300 et
3655 3241 3784 3300 inde

2184 3336 2409 3402 moveri,
2433 3344 2487 3392 et
2511 3353 2614 3391 non
2641 3335 2910 3408 submergi
2931 3351 2962 3391 a
2984 3343 3129 3392 tanta
3149 3351 3406 3408 aquarum
3428 3336 3501 3404 vi,
3522 3351 3648 3392 cum
3665 3334 3785 3391 nul-

2185 3430 2268 3486 lus
2292 3438 2440 3488 esset
2478 3430 2826 3502 gubernator,
2857 3445 3104 3503 superna:
3143 3439 3256 3486 erat
3286 3430 3447 3501 opis?
3479 3428 3600 3486 Non
3637 3431 3782 3486 enim

2183 3522 2363 3588 dicere
2404 3533 2556 3594 potes
2600 3523 2764 3580 fuisse
2797 3537 2975 3579 arcam
3007 3522 3074 3578 ad
3115 3523 3334 3579 modum
3366 3523 3516 3578 navis
3539 3565 3554 3590 ,
3586 3532 3644 3578 ut
3667 3529 3785 3578 arte

2183 3613 2411 3684 quadam
2452 3614 2594 3676 illius
2637 3613 2740 3670 iter
2767 3613 2923 3685 dirigi
2954 3613 3204 3684 potuerit.
3237 3613 3377 3670 Area
3405 3624 3522 3671 erat
3546 3613 3784 3685 undique

2186 3706 2385 3760 munita
2412 3714 2500 3761 :et
2527 3712 2744 3777 prepter
2772 3712 3096 3775 praeceptum
3113 3701 3441 3770 Conditoris,
3469 3719 3576 3761 non
3604 3703 3782 3759 solum

2185 3814 2302 3854 eam
2326 3797 2522 3853 laudere
2547 3811 2654 3852 non
2680 3795 2851 3867 potuit
2875 3809 3132 3866 aquarum
3161 3795 3415 3866 impetus,
3443 3795 3536 3852 sed
3568 3806 3622 3850 ct
3651 3794 3782 3850 sub-

2186 3891 2365 3946 limior
2435 3890 2540 3945 illis
2602 3887 2744 3945 facta
2790 3887 3147 3944 inhabitantes
3194 3885 3482 3942 admodum
3561 3901 3787 3942 securos

2185 3979 2436 4038 reddidit.
3079 3963 3096 3976 ’

2256 4073 2508 4127 Creatoris
2537 4071 2759 4143 potentia
2779 4069 3614 4140 incomprehensibilia—Quando
3643 4069 3786 4126 Deus

2187 4170 2440 4234 operatur
2463 4163 2663 4234 aliquid
2687 4203 2703 4229 ,
2733 4161 2951 4230 dilecte,
2975 4161 3086 4217 noli
3114 4161 3349 4216 humana
3381 4148 3786 4218 ratiOcinations

2186 4252 2303 4323 ejus
2340 4266 2507 4321 opera
2556 4252 2836 4320 exquirere
2876 4270 2891 4306 :
2925 4251 3311 4307 transcendunt
3353 4251 3499 4309 enim
3544 4259 3785 4308 utentem

2189 4353 2424 4401 nostram
2445 4387 2460 4410 ,
2491 4352 2546 4400 et
2570 4358 2858 4415 numquam
2886 4350 3060 4414 potest
3085 4342 3317 4398 humana
3347 4343 3601 4414 cogitatio
3626 4343 3789 4400 attin-

2185 4453 2312 4507 gere
2353 4445 2409 4492 et
2433 4435 2892 4506 comprehendere
2929 4449 3116 4491 eorum
3141 4475 3156 4502 ,
3202 4450 3323 4506 qua:
3359 4447 3389 4489 a
3421 4434 3529 4489 Deo
3568 4432 3786 4490 condita

2184 4535 2328 4594 sunt,
2357 4528 2635 4582 rationem.

2256 4623 2311 4677 5.
2352 4619 2580 4676 Proinde
2605 4635 2700 4690 par
2719 4629 2821 4687 ett,
2853 4633 2952 4674 nos
2976 4619 3255 4675 audientes
3280 4618 3420 4690 quod
3449 4619 3590 4675 Deus
3616 4620 3789 4690 impe-

2190 4717 2418 4780 ravcrit,
2451 4713 2670 4769 obedire
2709 4722 2764 4768 et
2791 4713 3014 4767 credere
3047 4713 3111 4766 iis
3139 4727 3258 4781 qua:
3300 4711 3368 4766 ah
3393 4711 3486 4766 illo
3513 4709 3785 4770 dicuntur.

2184 4807 2314 4861 Nam
2343 4820 2462 4860 cum
2492 4803 2746 4860 Conditor
2775 4801 2844 4857 sit
2888 4810 3090 4856 natura:
3114 4842 3128 4865 ,
3160 4800 3336 4856 omnia
3374 4810 3692 4856 transmutat
3733 4811 3785 4857 et

2187 4897 2523 4960 transformat
2554 4902 2713 4966 prout
2759 4893 2859 4948 sibi
2908 4892 3132 4947 videtur.
3193 4890 3258 4946 Et
3301 4893 3486 4947 clausit
3534 4891 3786 4951 Dominus

2185 4988 2324 5044 Deus
2367 4987 2558 5056 deforis
2606 4985 2746 5038 illius
2784 5000 2976 5039 arcam.
3011 4983 3195 5054 Magna
3243 4983 3402 5053 hujus
3438 4984 3569 5053 justi
3615 4987 3788 5042 virtus

2188 5080 2317 5144 fuit,
2345 5088 2397 5134 et
2425 5079 2545 5134 ﬁdei
2577 5077 2910 5132 excellentia.
2949 5075 3037 5130 illa
3070 5078 3181 5146 ipsa
3208 5077 3352 5130 enim
3373 5115 3389 5142 ,
3419 5085 3478 5130 ut
3502 5091 3625 5131 arca
3649 5094 3784 5134 con-

2184 5181 2512 5237 strueretur,
2542 5169 2620 5224 επ
2646 5169 2736 5232 cit,
2764 5176 2820 5221 ut
2841 5167 2996 5222 talem
3023 5167 3401 5222 habitationem
3429 5183 3582 5238 mque
3602 5173 3788 5226 animo

2187 5263 2384 5318 ferrent
2410 5262 2951 5329 coarotationemque,
2974 5268 3030 5313 et
3055 5260 3215 5313 vitam
3239 5274 3361 5313 cum
3381 5259 3512 5314 feris
3537 5261 3785 5332 reliquis.

2186 5369 2288 5424 que
2313 5354 2481 5409 brutis
2507 5351 2828 5406 animalibus
2851 5351 3196 5405 sustinerent.
3225 5350 3360 5404 llinc
3380 5359 3465 5405 est
3487 5351 3629 5420 quod
3658 5353 3785 5407 bea-

2187 5456 2271 5499 tus
2299 5443 2495 5498 Paulus
2523 5442 2640 5510 ejus
2677 5441 2946 5496 mentione
2971 5441 3103 5494 facta
3133 5440 3428 5509 prmdicans
3459 5441 3608 5497 illum
3634 5484 3647 5502 .
3676 5451 3783 5506 cla-

2187 5535 2364 5591 mabat
2390 5535 2575 5588 dicens
2604 5551 2618 5588 :
2651 5531 2784 5587 Fide
2808 5533 3013 5586 oraculo
3038 5531 3328 5585 admonitus
3355 5531 3470 5585 Noe
3502 5534 3563 5586 de
3587 5533 3651 5587 iis
3671 5551 3785 5602 qua:

2185 5626 2414 5682 nondum
2441 5624 2755 5690 ridebantur,
2789 5635 3009 5678 metuens
3034 5623 3225 5692 aptavit
3260 5639 3432 5676 arcam
3462 5622 3533 5676 ad
3565 5626 3782 5679 salutem

2185 5717 2368 5774 domus
2390 5732 2536 5782 sum;
2566 5731 2654 5784 per
2682 5731 2836 5786 quam
2883 5715 3232 5769 condemnavit
3269 5713 3511 5766 mundum
3535 5755 3548 5779 ,
3597 5727 3644 5769 et
3673 5718 3783 5784 ejus

2185 5826 2300 5886 quc
2354 5807 2629 5865 uerendum
2692 5807 2847 5876 ﬁdem
2894 5814 2967 5862 est
2997 5803 3225 5875 justitiir
3288 5808 3452 5877 {crtus
3512 5821 3586 5865 est
3642 5817 3781 5865 tunc:
