4070 6418
312 403 417 457 2‘25

312 516 537 583 κόσμον,
567 508 663 563 καὶ
690 507 787 579 τῆς
814 504 956 562 κατά
995 503 1179 559 πίστιν
1206 500 1550 573 δικαιοσύνης
1588 499 1804 568 ἐγένετο
1837 496 1967 569 κλη.

314 600 559 670 ρονόμος.
602 590 752 658 Εἶδες
793 591 987 662 πῶς-ἠ
1020 590 1203 653 πίστις
1242 591 1277 661 ή
1316 590 1395 653 είς
1433 588 1527 646 τὸν
1557 586 1691 641 Θεὸν
1723 584 1964 655 καθάπερ

312 685 529 754 ἀγκυρά
564 699 649 745 τις
680 678 927 750 ἀσφαλὴς
966 676 1373 749 παρεσκεύασεν
1406 673 1589 737 αὑτὸν,
1622 672 1716 727 καὶ
1759 672 1857 743 τῆς
1883 688 1959 724 κι-

312 770 486 826 ϐωτοῦ
532 768 633 841 τὴν
675 764 1014 836 κατασκευὴν
1054 762 1401 836 ποιήσασθαι,
1436 762 1529 816 καὶ
1571 761 1672 831 τῆς
1710 760 1968 831 οἰκήσεως

311 857 673 931 ἀνασχέσθαι;
710 852 864 926 Αὕτη
878 853 991 925 γάρ
1012 852 1159 924 αὐτῷ
1182 852 1277 905 καὶ
1295 851 1394 922 τῆς
1420 849 1693 920 σωτηρίας
1720 846 1967 910 ὑπόθεσις

311 948 527 1017 γέγονε,
561 961 583 995 ι
617 943 693 996 Δι’
715 936 804 1012 ἦς,
849 939 1006 1011 φησι,
1042 938 1332 1010 κατέκρινε
1365 935 1455 989 τὸν
1500 935 1728 1005 κόσμον,
1753 933 1967 1002 καὶτῆς

311 1033 455 1089 κατά
525 1029 707 1085 πίστιν
750 1026 1094 1097 δικαιοσύνης
1144 1025 1358 1093 ἐγένετο
1407 1021 1767 1093 κληρονόμοςο
1804 1037 1824 1071 ι
1872 1019 1966 1073 οὐκ

312 1120 497 1191 ἐπειδὴ
543 1117 705 1181 αὐτὸς
757 1113 929 1188 [Ξ58]
971 1113 1205 1187 ἔκρινεν,
1245 1110 1361 1165 ἀλλ’
1392 1108 1581 1179 ἐπειδὴ
1630 1108 1659 1161 6
1696 1107 1967 1191 Δεσπότης

312 1190 648 1277 συγκρίσεως
697 1202 797 1273 τὴν
844 1198 1173 1271 κατάκρισιν
1217 1197 1447 1267 ἐπάγειο
1504 1193 1612 1248 τῶν
1640 1192 1750 1263 γὰρ
1792 1190 1966 1245 αὐτῶν

307 1291 713 1354 ἀπολαύσαντες
744 1287 822 1359 τῷ
850 1287 1065 1359 δικαίῳ,
1094 1287 1155 1340 ού
1185 1285 1286 1355 τὴν
1312 1283 1481 1355 αὐτὴν
1512 1280 1661 1351 αὐτῷ
1707 1278 1969 1351 μετῆλθον

307 1381 407 1451 τῆς
440 1378 642 1451 ἀρετῆς
672 1376 791 1430 ὁδόν
817 1392 829 1405 ·
861 1374 952 1429 διὰ
976 1374 1075 1447 τῆς
1099 1373 1334 1435 πίστεως
1366 1371 1462 1442 μὲν
1485 1379 1508 1403 ⁸
1540 1364 1654 1432 οὖν,
1678 1369 1743 1439 ῆν
1766 1365 1971 1419 ἐπεδεί-

308 1470 460 1539 ξατο,
508 1467 828 1538 κατέκρινεν
869 1462 1111 1527 ἐκείνους
1155 1463 1281 1525 τοὺς
1329 1458 1527 1530 πολλὴν
1572 1458 1674 1530 τὴν
1717 1454 1971 1510 ἀπιστίαν

308 1554 775 1626 ἐπιδειξαμένους,
835 1551 932 1605 καὶ
971 1549 1047 1622 μὴ
1089 1548 1485 1609 πιστεύσαντας
1529 1547 1597 1617 τῇ
1644 1543 1966 1616 προρρήσει.

319 1642 463 1713 Ἐγὼ
499 1641 556 1695 δέ
609 1640 748 1712 μετά
791 1637 1008 1693 πάντων
1048 1636 1144 1690 καὶ
1195 1634 1289 1689 τοῦ
1344 1633 1553 1688 δικαίου
1599 1630 1971 1701 ἐκπλήττομαι

306 1728 407 1803 τὴν
443 1729 664 1799 ἀρετὴν,
700 1729 795 1782 καὶ
824 1725 915 1779 τοῦ
946 1722 1217 1777 Δεσπότου
1258 1720 1355 1792 τὴν
1393 1719 1702 1789 ἀγαθότητα
1741 1716 1835 1769 καὶ
1871 1713 1971 1803 τήν

305 1801 512 1888 ἄφατον
527 1813 717 1885 φιλανθ
726 1812 954 1885 ρωπίαν,
967 1812 1093 1865 ὅταν
1117 1811 1352 1879 ἐννοήσω
1372 1808 1490 1871 πῶς
1509 1804 1747 1877 ήδυνήθη
1768 1801 1969 1874 μεταξὺ

304 1904 415 1958 τῶν
446 1902 648 1974 θηρίων
696 1901 925 1969 διάγειν,
962 1898 1073 1951 τῶν
1104 1898 1332 1951 λεόντων
1360 1895 1525 1963 λέγω,
1558 1892 1656 1947 καὶ
1686 1891 1797 1945 τῶν
1830 1906 1972 1960 παρ-

304 1991 528 2055 δάλεων,
558 1990 652 2045 καὶ
696 1988 807 2042 τῶν
836 1987 1076 2061 ἄρκτων,
1123 1984 1220 2039 καὶ
1257 1981 1369 2037 τῶν
1395 1980 1600 2035 λοιπῶν
1624 1979 1733 2033 τῶν
1764 1975 1970 2049 ἀγρίων

308 2081 405 2136 καὶ
437 2078 761 2133 ἀτιθάσσων.

393 2163 795 2237 Ἀναμνήσθητί
837 2176 929 2232 μοι
968 2157 1225 2222 ἐνταῦθα,
1252 2153 1522 2227 ἀγαπητὴ
1565 2153 1667 2225 τῆς
1699 2150 1858 2217 ἀξίας
1901 2145 1970 2221 ἦς

306 2257 585 2326 ἀπήλαυεν
611 2255 640 2306 6
678 2249 1103 2321 πρωτόπλαστος
1134 2247 1242 2317 πρὸ
1270 2245 1367 2315 τῆς
1406 2243 1714 2315 παρακοῆς,
1756 2242 1852 2295 καὶ
1883 2240 1965 2293 λο-

305 2340 459 2409 γίςὴυ
503 2338 598 2393 τοῦ
638 2335 773 2391 Θεοῦ
807 2336 908 2407 τὴν
952 2334 1281 2403 ἀγαθότητα.
1319 2330 1537 2400 Ἐπειδὴ
1566 2328 1675 2400 γάρ
1718 2330 1753 2400 ή
1791 2328 1968 2398 παρά-

306 2428 465 2491 ϐασις
486 2426 694 2479 ἐκείνου
713 2421 1098 2495 ἠκρωτηρίασε
1116 2420 1213 2491 τὴν
1228 2416 1519 2489 δεδομένην
1540 2413 1808 2480 ἐξουσίαν,
1844 2410 1969 2485 εὗρε

305 2515 364 2571 δέ
397 2515 426 2568 6
455 2512 659 2581 ἀγαθὸς
684 2509 960 2578 Δεσπότης
985 2508 1173 2577 ἐτερον
1194 2504 1361 2575 ἀνδρα
1389 2503 1687 2574 δυνάμενον
1713 2500 1972 2556 ἀνακαλέο

309 2598 502 2656 σασθαι
513 2597 611 2671 τὴν
624 2594 856 2668 ἀρχαίαν
870 2594 1171 2657 είκόνα,καὶ
1180 2588 1512 2654 διασώζοντα
1524 2589 1625 2659 τῆς
1636 2588 1835 2661 ἀρετῆς
1844 2589 1971 2651 τοὺς

307 2685 679 2759 χαρακτῆρας,
710 2682 804 2737 καὶ
828 2679 1028 2752 πολλὴν
1069 2680 1195 2748 περὶ
1226 2677 1324 2741 τάς
1346 2675 1563 2738 ἐντολάς
1596 2676 1695 2744 τὴν
1725 2672 1970 2744 ὑπακοὴν

308 2770 765 2841 ἐπιδεικνύμενον,
781 2769 942 2822 πάλιν
958 2769 1037 2830 είς
1052 2766 1151 2835 τὴν
1166 2762 1396 2835 ἀρχαίαν
1408 2762 1571 2833 τιμὴν
1586 2761 1745 2816 αὑτὸν
1756 2761 1967 2828 ἀνάγει,

309 2859 590 2933 μονονουχὶ
619 2857 883 2913 διδάσκων
903 2855 1053 2925 ἡμᾶς
1074 2852 1141 2905 δι’
1168 2849 1349 2933 αὐτῶν
1381 2850 1489 2903 τῶν
1511 2849 1849 2921 πραγμάτων
1871 2846 1971 2917 τῆς

306 2931 554 3013 ἐξουσίας
567 2943 662 2998 τοῦ
677 2942 802 2997 ’Δδά
809 2960 848 3013 μ
860 2942 920 2994 τὸ
946 2938 1195 3012 μέγεθος,
1211 2937 1280 3008 ῆν
1299 2931 1414 3007 εἶχε
1431 2936 1537 3007 πρὸ
1550 2936 1649 3005 τῆς
1668 2934 1969 3005 παρακοῆς.

319 3032 385 3087 Ἡ
395 3032 565 3105 ἀρετὴ
576 3027 855 3085 τοίνυντοῦ
872 3026 1081 3081 δικαίου
1097 3022 1461 3093 ἐπιλαϐομένη
1484 3022 1585 3091 τῆς
1604 3020 1695 3074 τοῦ
1712 3019 1848 3074 Θεοῦ
1861 3018 1974 3089 φιλ-

306 3117 636 3192 ανθρωπίας,
671 3112 1032 3169 ἀνεκαλέσατο
1050 3111 1149 3181 τὴν
1189 3109 1458 3182 προτέραν
1478 3108 1673 3178 ἀρχὴν,
1696 3106 1790 3192 καὶ
1812 3105 1972 3159 πάλιν

306 3206 378 3263 τά
401 3204 565 3276 θηρία
590 3201 690 3273 τήν
731 3198 1010 3269 ὑποταγὴν
1041 3196 1423 3265 ἐπεγίνωσκον.
1461 3192 1629 3246 Ἔνθα
1658 3191 1767 3265 γὰρ
1792 3192 1858 3245 ἂν
1889 3192 1973 3263 ἴδῃ

311 3293 475 3364 θηρία
492 3290 716 3355 δίκαιον,
732 3283 1140 3339 ἐπιλανθάνεται
1160 3283 1262 3352 τῆς
1282 3279 1490 3344 οίκείας
1516 3280 1749 3348 φύσεως,
1776 3278 1975 3349 μᾶλλον

307 3379 367 3435 δὴ
393 3379 455 3431 οὺ
482 3376 580 3445 τῆς
620 3372 854 3443 φύσεως,
881 3369 1016 3423 ἀλλά
1048 3369 1149 3439 τῆς
1175 3366 1487 3438 θηριωδίας,
1530 3366 1623 3418 καὶ
1658 3364 1887 3435 μένοντα
1916 3365 1974 3418 ἐν

308 3467 376 3535 τῇ
401 3462 560 3532 φύσει
583 3459 683 3529 τὴν
713 3454 1003 3529 θηριωδίαν
1044 3456 1123 3517 εἰς
1152 3451 1251 3524 τὴν
1281 3453 1593 3524 ἡμερότητα
1624 3451 1970 3523 μεταϐάλλει.

313 3550 418 3604 Καὶ
446 3549 549 3619 ὅρα
578 3544 735 3599 τοῦτο
760 3542 850 3596 ἐπὶ
877 3540 971 3594 τοῦ
999 3538 1194 3609 Δανιὴλ
1231 3540 1528 3609 γινόμενον.
1562 3537 1698 3590 Ὑπὸ
1726 3537 1834 3610 γὰρ
1864 3537 1973 3592 τῶν

311 3636 534 3689 λεόντων
566 3629 948 3699 κυκλούμενος,
979 3626 1168 3696 ὥσπερ
1206 3625 1309 3678 ὑπὸ
1335 3623 1622 3697 προϐάτων
1648 3625 1974 3696 δορυφορού-

313 3739 491 3793 μενος,
517 3718 686 3782 οὕτως
714 3715 882 3779 ἀδεῶς
906 3714 1089 3784 διῆγεν
1107 3729 1121 3743 ο
1152 3713 1185 3783 ή
1212 3711 1318 3782 γάρ
1341 3710 1436 3763 τοῦ
1456 3710 1667 3764 δικαίου
1692 3711 1973 3782 παρρησία

310 3807 556 3880 ἐχαλίνου
605 3802 711 3858 τῶν
751 3801 954 3871 θηρίων
990 3799 1087 3868 τήν
1122 3798 1311 3867 φύσιν,
1353 3797 1450 3852 καὶ
1491 3797 1593 3851 οὐκ
1637 3799 1724 3852 εἷα
1763 3799 1831 3852 τά
1864 3799 1973 3852 τῶν

313 3894 519 3967 θηρίων
567 3889 761 3952 αὐτοὺς
817 3883 1241 3939 ἐπιδείκνυσθαι.
1293 3883 1396 3936 Τὸν
1439 3884 1601 3938 αὑτὸν
1662 3884 1727 3955 δὴ
1773 3885 1975 3955 τρόπον

309 3983 342 4037 6
374 3979 671 4051 θαυμάσιος
696 3968 850 4037 οὗτος
875 3972 974 4044 τὴν
1008 3971 1147 4043 μετά
1183 3970 1288 4024 τῶν
1320 3970 1525 4042 θηρίων
1551 3972 1824 4042 διαγωγὴν
1858 3974 1975 4043 μετ’

311 4068 560 4130 εὐκολίας
584 4065 766 4135 ἔφερε,
800 4061 894 4116 καὶ
926 4058 1049 4113 οὕτε
1073 4059 1107 4129 ή
1142 4058 1491 4129 στενοχωρία,
1520 4057 1642 4111 οὔτε
1666 4060 1699 4128 ή
1729 4058 1822 4111 τοῦ
1848 4059 1976 4130 χρό-

311 4171 403 4209 νου
435 4152 760 4223 παράτασις,
791 4146 913 4201 οὔτε
951 4145 1014 4199 τὸ
1051 4142 1225 4207 οὕτως
1257 4144 1666 4213 ἐγκεκλεῖσθαι,
1702 4146 1796 4198 καὶ
1838 4149 1975 4217 μήτε

310 4240 401 4295 τὸν
428 4240 562 4308 ἀέρα
584 4236 843 4291 ἀναπνεῖν
873 4230 1150 4303 ναρκῆσαι
1189 4230 1351 4285 αὐτὸν
1380 4230 1811 4302 παρεσκεύασεν.
1840 4233 1975 4288 ἀλλά

311 4325 379 4395 τῇ
412 4321 591 4374 πίστει
615 4320 681 4388 τῇ
705 4319 784 4381 είς
806 4315 899 4369 τὸν
924 4315 1056 4367 Θεὸν
1086 4314 1299 4368 ἅπαντα
1325 4314 1500 4383 κούφα
1528 4314 1677 4386 αὐτῷ
1704 4314 1972 4385 ἐφαίνετο,

313 4412 409 4466 καὶ
454 4407 595 4463 οὕτω
624 4406 809 4476 διῆγεν
852 4406 912 4458 ἐν
948 4402 1026 4474 τῷ
1073 4402 1293 4473 χαλεπῷ
1342 4403 1533 4473 ἐκείνῳ
1581 4404 1973 4476 δεσμωτηρίῳ,

312 4497 511 4553 ὡσανεὶ
537 4496 699 4567 ήμεῖς
732 4495 791 4546 ἐν
816 4490 1045 4563 λειμῶσι
1083 4490 1179 4543 καὶ⁵
1203 4490 1499 4560 δενδρικοῖς
1522 4491 1724 4554 τόποις.
1762 4492 1836 4545 Τὸ
1869 4492 1976 4564 γάρ

312 4584 592 4653 ἐπίταγμα
620 4578 715 4633 τοῦ
747 4578 1017 4632 Δεσπότου
1046 4576 1115 4630 τά
1152 4575 1385 4648 δυσχερῆ
1419 4578 1577 4649 ρᾴδια
1606 4578 1756 4649 αὐτῷ
1788 4579 1975 4647 φαίνε-

312 4666 438 4721 σθαι
468 4660 869 4737 παρεσκεύασε.
895 4658 1147 4713 Τοιοῦτον
1178 4660 1287 4731 γάρ
1322 4659 1431 4712 τῶν
1464 4660 1687 4713 δικαίων
1722 4660 1784 4713 τὸ
1821 4660 1974 4725 E00;-

310 4755 441 4810 ὅταν
469 4769 523 4805 τι
547 4750 614 4804 δι’
642 4747 803 4804 αὐτὸν
825 4748 1206 4818 ὑπομένουσιν,
1238 4746 1300 4800 ού
1321 4749 1388 4817 τῇ
1408 4745 1525 4816 ὄψει
1547 4747 1655 4801 τῶν
1678 4748 1978 4818 γινομένων

311 4838 691 4911 προσέχουσιν,
725 4834 862 4889 ἀλλά
895 4834 993 4905 τήν
1023 4833 1279 4887 ὑπόθεσιν
1306 4833 1644 4906 λογιζόμενοι
1671 4837 1788 4898 μετ’
1819 4836 1978 4889 εὐκο-

312 4924 434 4988 λίας
463 4923 681 4978 ᾶπαντα
700 4921 975 4992 φέρουσιν.
1023 4920 1177 4973 Ἐπεὶ
1203 4920 1298 4973 καὶ
1334 4918 1563 4984 Παῦλος,
1601 4922 1631 4974 6
1672 4921 1780 4975 τῶν
1808 4922 1980 4976 ἐθνῶν

310 5009 647 5075 διδάσκαλος,
676 5007 745 5060 τά
788 5006 1158 5077 δεσμωτήρια,
1189 5006 1290 5070 τὰς
1321 5006 1642 5075 ἀπαγωγάς,
1676 5010 1803 5073 τοὺς
1831 5010 1981 5063 καθ..

311 5095 605 5167 ημερινοὺς
633 5092 930 5157 κινδύνους,
959 5092 1059 5157 τάς
1088 5092 1287 5156 πολλάς
1318 5093 1531 5158 ἐκείνας
1554 5097 1647 5149 καὶ
1670 5097 1979 5168 ἀφορήτους

310 5180 517 5252 θλίψεις
556 5180 798 5250 ἐλαφρὰς
828 5178 1031 5243 ἐκάλει,
1058 5180 1159 5232 οὐκ
1202 5179 1391 5251 ἐπειδὴ
1430 5184 1496 5252 τῇ
1527 5182 1686 5250 φύσει
1733 5184 1979 5240 τοιαῦται

309 5264 472 5341 ἦσαν,
505 5266 618 5321 ἀλλ’
650 5265 839 5337 ἐπειδὴ
875 5268 909 5336 ή
945 5264 1200 5330 ὑπόθεσις
1232 5265 1341 5318 τῶν
1379 5268 1674 5338 γινομένων
1709 5271 1979 5343 τοσαύτην

309 5355 461 5427 αὐτῷ
489 5354 589 5425 τὴν
622 5352 846 5424 γνώμην
877 5352 1277 5417 κατεσκεύαζεν
1300 5355 1349 5416 ιι,
1380 5355 1456 5418 ὡς
1486 5357 1621 5427 μηδέ
1656 5358 1979 5431 ἐπιστρέφε-

314 5442 435 5497 σθαι
460 5441 597 5514 πρὸς
622 5439 691 5493 τὰ
716 5440 942 5495 ἐπιόντα
960 5439 1127 5494 δεινά.
1147 5442 1345 5495 Ἄκουε
1372 5441 1478 5514 γάρ
1504 5443 1667 5497 αὑτοῦ
1695 5446 1941 5513 λέγοντος
1959 5464 1974 5478 ο

318 5530 387 5584 Τὸ
412 5527 523 5599 ¹γάρ
556 5526 890 5596 παραυτίκα
921 5526 1185 5597 ἐλαφρὸν
1211 5526 1319 5596 τῆς
1353 5530 1613 5599 θλίψεως
1649 5530 1817 5603 ἡμῶν
1847 5536 1983 5589 καθ’

312 5613 656 5685 ὑπερϐολὴν
685 5613 925 5669 αἰώνιον
939 5614 1130 5683 βάρος
1156 5614 1341 5684 δόξης
1369 5617 1515 5685 ἡμῖν
1550 5621 1978 5691 κατεργάζεται.

321 5703 382 5758 ,η
410 5700 727 5773 προσδοκία,
750 5703 902 5771 φησι⁹
930 5704 1030 5772 τῆς
1053 5701 1351 5774 μελλούσης
1369 5704 1771 5778 καταλήψεσθαι
1797 5708 1979 5783 δόξης,

308 5787 459 5863 [259]
495 5790 591 5844 καὶ
623 5790 721 5859 τῆς
752 5789 1030 5860 διηνεκοῦς
1060 5790 1277 5863 ἐκείνης
1314 5791 1548 5861 ἀνέσεως
1579 5793 1796 5865 κούφως

368 5929 393 5956 ⁸
420 5928 635 5977 Accan“
663 5927 745 5976 οῦν
769 5942 797 5975 c
821 5928 1019 5977 Samio.
1049 5928 1183 5980 Em.

370 5988 409 6029 '
427 5988 595 6039 Morel.
624 5988 981 6050 παρεσκεύαζεν.

1084 392 1143 447 S.
1178 382 1464 446 JOANNIS
1498 378 1986 442 CIIRYSOSTOMI
2024 378 2347 440 ARCIIIEP.
2386 378 2932 440 CONSTANTINOP.

2081 500 2224 551 ποιεῖ
2243 497 2428 568 φέρειν
2446 495 2545 561 τάς
2566 496 2898 569 ἐπαλλήλους
2921 496 3123 561 ταύτας
3150 494 3376 568 θλίψεις,
3395 497 3486 551 καὶ
3510 494 3750 567 ἐλαφρὰς

2078 580 2250 646 αύτάς
2277 579 2544 652 ἡγεῖσθαι.
2565 575 2720 645 Εἶδες
2737 581 2886 644 ὅπως
2906 579 3263 651 ὑποτέμνεται
3290 580 3320 631 6
3348 578 3482 649 πρὸς
3502 579 3595 634 τὸν
3616 579 3753 633 Θεὸν

2079 664 2241 727 πόθος
2274 663 2372 735 τὴν
2402 662 2510 717 τῶν
2535 662 2724 717 δεινῶν
2754 664 3026 737 ἐπίτασιν,
3050 664 3144 717 καλ⁸
3182 662 3303 716 ούδέ
3324 655 3578 733 αίσθησιν
3615 678 3750 730 συγ-

2080 747 2248 819 χωρεῖ
2274 744 2459 798 λαϐεἴν
2493 743 2604 797 τῶν
2634 744 2937 809 ἐπιόντωνς
2971 745 3071 798 Διά
3106 761 3187 798 τοι
3210 743 3368 798 τοῦτο
3392 744 3486 797 καὶ
3516 746 3545 797 ὁ
3572 744 3751 814 μακά-

2082 844 2196 901 ριος
2232 819 2390 891 οῦτος
2429 826 2605 881 πάντα
2647 825 2838 898 πράως
2868 825 3068 898 ἔφερε,
3112 829 3178 898 τῇ
3213 824 3394 879 πίστει
3441 828 3507 897 τῇ
3546 826 3628 889 είς
3658 825 3757 878 τὸν

2083 910 2210 963 θεὸν
2234 910 2329 964 καὶ
2347 912 2413 981 τῇ
2450 907 2625 962 ἐλπίδι
2648 909 2998 980 τρεφόμενος.
3018 908 3125 963 Καὶ
3153 908 3416 973 ἔκλεισε,
3444 908 3598 980 φησὶ,
3635 909 3755 962 Κύ-

2084 1010 2205 1063 plac
2224 995 2259 1048 ό
2286 992 2430 1058 Θεὸς
2458 990 2680 1057 ἔξωθεν
2708 991 2894 1046 αὑτοῦ
2922 991 3036 1059 τὴν
3072 991 3340 1046 κιϐωτόν.
3379 991 3488 1046 Kal
3514 990 3756 1061 ἐγένετο

2086 1078 2114 1130 ὁ
2142 1074 2571 1146 κατακλυσμὸς
2597 1072 3051 1143 τεσσαράκοντα
3077 1072 3303 1143 ἡμέρας
3331 1073 3431 1127 καί
3456 1071 3758 1141 τεσσαράα

2085 1178 2263 1216 κοντα
2287 1163 2512 1228 νύκτας
2532 1161 2630 1215 ἐπὶ
2656 1160 2768 1231 τῆς
2790 1159 2923 1230 τῆς,
2950 1159 3048 1214 καί
3080 1159 3399 1229 ἐπεφέρετο
3420 1158 3459 1225 ἠ
3483 1159 3755 1224 κιϐωτός.

2079 1244 2275 1297 Σκόπει
2304 1244 2464 1298 πάλιν
2486 1244 2604 1308 πῶς
2636 1246 2702 1315 τῇ
2733 1244 2984 1314 διηγήσει
3011 1241 3166 1309 αὔξει
3192 1243 3287 1297 τὸν
3328 1243 3513 1312 φόϐον,
3544 1244 3639 1296 καὶ
3668 1241 3756 1306 ἑξ-

2076 1328 2228 1394 ογκοῖ
2271 1326 2335 1380 τὸ
2380 1325 2763 1397 γεγενημένον.
2817 1325 3079 1394 Ἐγένετο
3109 1325 3238 1395 γάρ,
3280 1324 3464 1396 φησιν,
3499 1327 3534 1380 ό
3570 1339 3757 1379 κατα-

2078 1407 2353 1478 κλυσμὸς
2389 1406 2843 1477 τεσσαράκοντα
2888 1404 3114 1475 ἡμέρας
3152 1405 3251 1460 καί
3295 1404 3760 1475 τεσσαράκοντα

2076 1491 2323 1557 νύκτας,
2358 1489 2457 1543 καί
2482 1488 2835 1556 ἐπληθύνθη
2860 1487 2929 1541 τὸ
2957 1488 3137 1557 ὕδωρ,
3170 1486 3269 1542 καί
3299 1486 3490 1557 ἐπῆρε
3526 1487 3643 1556 τὴν
3666 1505 3757 1540 κι-

2077 1568 2287 1636 ϐωτὸν,
2331 1571 2431 1626 καὶ
2470 1570 2681 1639 ὑψώθη
2712 1570 2834 1626 ἀπὸ
2860 1569 2969 1638 τῆς
2996 1570 3134 1641 τῆς.
3183 1571 3294 1626 Καὶ
3335 1570 3651 1640 ἐπεκράτεε
3684 1570 3757 1624 τὸ

2077 1653 2253 1722 ὕδωρ,
2286 1652 2384 1707 καὶ
2403 1652 2775 1719 ἐπληθύνετο
2809 1650 3046 1720 σφόδρα
3074 1652 3176 1705 ἐπὶ
3211 1650 3323 1721 τῆς
3350 1650 3484 1721 τῆς,
3511 1652 3610 1707 και
3648 1652 3761 1705 ἐστι

2077 1733 2392 1805 εφέρετο,ή
2424 1732 2667 1800 κιϐωτὸς
2709 1731 2910 1787 ἐπάνω
2941 1733 3047 1788 τοῦ
3088 1733 3307 1801 ὕδατος
3328 1750 3346 1766 ·
3393 1734 3462 1788 τὸ
3500 1733 3760 1809 δὲυῦδωρ

2075 1815 2384 1885 ἐπεκράτει
2410 1816 2647 1886 σφόδρα
2672 1813 2949 1884 σφοδρῶς
2976 1816 3073 1870 ἐπὶ
3100 1814 3209 1883 τῆς
3228 1814 3362 1887 τῆς.

2149 1905 2223 1964 ς’.
2258 1900 2401 1969 Ὅρα
2433 1897 2551 1962 πῶς
2573 1897 2815 1969 ἀκριϐῶς
2840 1899 2973 1968 ήμῖν
3001 1898 3268 1968 διηγεῖται
3292 1898 3393 1968 τὴν
3414 1896 3620 1969 πολλὴν
3643 1898 3767 1954 τῶν

2077 1979 2289 2036 ὑδάτων
2316 1979 2509 2051 φοράν,
2526 1979 2621 2034 καὶ
2646 1981 2728 2033 δτι
2759 1981 2843 2048 ἐφ’
2868 1979 3104 2050 ἑκάστης
3130 1978 3360 2050 αύξησιν
3386 1979 3687 2050 ἐλάμϐανεν
3724 1982 3763 2050 ή

2077 2060 2386 2134 πλημμύρα
2407 2061 2515 2115 τῶν
2549 2062 2776 2130 ύδάτῳν.
2807 2060 3146 2129 Ἐπεκράτει
3165 2062 3274 2131 γὰρ
3299 2063 3368 2115 τὸ
3391 2061 3570 2130 ὕδωρ,
3595 2064 3761 2132 φησι,

2076 2144 2312 2214 σφόδρα
2337 2140 2637 2211 σφοδρῶς,
2681 2143 2779 2197 καί
2818 2141 3169 2211 έπεκάλυψε
3201 2141 3399 2197 πάντα
3430 2142 3506 2197 τὰ
3544 2143 3651 2212 ὄρη
3683 2144 3765 2197 τὰ

2076 2225 2310 2295 ὑψηλὰ,
2341 2223 2380 2279 ά
2403 2221 2484 2297 ἦν
2514 2223 2796 2279 ὑποκάτω
2823 2224 2931 2280 τοῦ
2964 2225 3247 2293 οὐρανοῦ.
3284 2224 3617 2281 Δεκαπέντε
3643 2224 3758 2292 πή-

2076 2326 2205 2380 χεις
2231 2308 2432 2363 ἐπάνω
2455 2307 2665 2377 ὑψώθη
2689 2306 2758 2361 τὸ
2783 2307 2960 2376 ὕδωρ,
2988 2308 3087 2362 καί
3110 2306 3440 2369 ἐπέκλυζεν
3471 2308 3709 2364 ἅπαντα
3729 2321 3755 2350 α

2078 2392 2150 2445 τὰ
2177 2390 2307 2459 ὄρη.
2338 2390 2579 2454 Εἰκότως
2621 2388 2972 2460 ᾠκονόμησεν
3017 2391 3046 2443 6
3074 2389 3454 2463 φιλάνθρωπος
3481 2391 3763 2463 Δεσπότης

2079 2473 2396 2545 κλεισθῆναι
2430 2470 2532 2542 τὴν
2564 2470 2820 2537 κιϐωτὸν,
2852 2471 2995 2525 ὥστε
3036 2471 3115 2542 μὴ
3147 2472 3281 2543 όρᾷν
3323 2470 3415 2525 τὸν
3450 2471 3660 2525 δίκαιον
3688 2472 3764 2526 τὰ

2078 2554 2360 2624 γινόμενα.
2407 2553 2471 2607 Εἰ
2507 2553 2617 2623 γάρ
2667 2553 2827 2623 ήμεῖς
2864 2552 3003 2623 μετά
3035 2553 3290 2607 τοσοῦτον
3327 2552 3465 2608 ἐτῶν
3503 2553 3757 2624 ἀριθμὸν.

2078 2637 2173 2690 καὶ
2206 2635 2345 2708 μετὰ
2371 2635 2638 2699 τοσαύτας
2663 2636 2857 2704 γενεάς
2882 2634 3174 2698 ἀκούοντες
3210 2636 3370 2706 μόνον
3405 2635 3504 2706 τῆς
3532 2635 3765 2707 Γραφῆς

2077 2717 2178 2790 τὴν
2198 2719 2450 2788 διήγησιν
2481 2715 2904 2787 συστελλόμεθα,
2936 2718 3032 2771 καὶ
3065 2718 3123 2770 ἐν
3159 2718 3441 2790 ἀμηχανίᾳ
3469 2717 3759 2788 γινόμεθα,

2069 2800 2132 2854 στί
2177 2800 2324 2863 εἰκὸς
2382 2798 2450 2871 ῆν
2486 2799 2579 2853 τὸν
2634 2800 2840 2853 δίκαιον
2896 2801 3104 2853 ἐκεῖνον
3166 2802 3400 2865 παθεῖν,
3442 2801 3496 2854 εί
3536 2818 3602 2870 γε
3643 2803 3763 2865 τοῖς

2079 2883 2380 2954 ὀφθαλμοῖς
2396 2881 2543 2952 ἐώρα
2558 2880 2655 2952 τὴν
2676 2881 2910 2935 ἄϐυσσον
2937 2882 3153 2953 ἐκείνην
3175 2884 3274 2954 τὴν
3298 2884 3571 2956 ἀφόρητον
3593 2900 3609 2949 ;
3632 2881 3764 2945 Πῶς

2079 2965 2190 3037 γὰρ
2225 2964 2292 3018 ἂν
2320 2963 2557 3035 ἠδυνήθη
2587 2962 2690 3017 κάν
2725 2962 2861 3032 πρὸς
2888 2962 3063 3034 βραχὺ
3095 2965 3405 3035 ἀντισχεῖν;
3435 2966 3556 3035 ούχὶ
3576 2964 3633 3017 δὲ
3670 2964 3764 3017 εὐ.

2078 3046 2217 3109 θέως
2239 3046 2303 3098 ἐκ
2327 3043 2551 3116 πρώτης
2577 3043 2754 3115 ὅψεως
2784 3043 2851 3098 ἀν
2872 3045 3065 3115 ἐξέστη
3085 3045 3184 3115 τῆς
3212 3045 3393 3117 ψυχῆς
3416 3045 3760 3115 ἀποστάσης,

2080 3128 2177 3182 καὶ
2217 3127 2415 3198 μηκέτι
2457 3125 2780 3195 δυνηθείσης
2817 3127 3065 3193 ἐνεγκεῖν
3112 3124 3224 3178 τῶν
3263 3126 3534 3180 τοσούτων
3567 3126 3764 3180 δεινῶν

2079 3208 2180 3278 τήν
2221 3206 2386 3272 θίαν;
2428 3205 2631 3260 Ἐννόει
2664 3206 2774 3277 γάρ
2808 3223 2921 3276 μοι,
2954 3207 3229 3277 ἀγαπητὴ
3264 3207 3382 3271 πῶς
3415 3206 3513 3263 νῦν
3554 3209 3764 3279 μικρᾶς

2082 3289 2387 3361 ἐπομϐρίας
2414 3288 2710 3360 γενομένης
2734 3287 3017 3357 ὲναγῶνιοι
3036 3289 3322 3361 γινόμεθα,
3349 3292 3478 3362 περὶ
3497 3290 3590 3344 τοῦ
3620 3309 3765 3346 παν-

2079 3373 2171 3435 τὸς
2206 3370 2545 3443 δεδοίκαμεν,
2580 3372 2709 3442 περὶ
2749 3371 2947 3441 αὐτῆς,
2980 3371 3056 3436 ὠς
3084 3373 3279 3437 εἰπεῖν,
3302 3372 3404 3443 τῆς
3433 3372 3580 3443 ζωῆς
3610 3372 3762 3427 ἀπα-

2081 3454 2403 3525 γορεύομεν,
2438 3455 2504 3507 Τί
2540 3454 2719 3507 τοίνυν
2752 3452 2898 3516 εἰκὸς
2944 3448 3013 3524 ἦν
3037 3453 3128 3508 τὸν
3161 3454 3369 3507 δίκαιον
3398 3456 3606 3511 ἐκεῖνον
3633 3456 3762 3510 τότε

2081 3538 2275 3591 παθεῖν
2299 3537 2435 3608 πρὸς
2470 3534 2723 3589 τοσοῦτον
2752 3535 2886 3605 ῦψος
2920 3536 3133 3607 δρῶντα
3178 3536 3247 3589 τά
3285 3535 3455 3590 ὕδατα
3488 3538 3765 3609 κορυφού-

2084 3636 2255 3690 μενα;
2300 3616 2690 3687 Ἐπάνωκγάρ,
2733 3617 2887 3689 φησὶ,
2918 3616 3037 3671 τῶν
3059 3618 3243 3687 ὀρέων
3273 3618 3602 3674 δεκαπέντε
3641 3620 3765 3690 πή-

2083 3719 2209 3769 χεις
2231 3699 2441 3769 ὑψώθη
2473 3699 2537 3753 τύ
2566 3698 2741 3767 ὕδωρ.
2786 3699 3190 3769 Ἀναμνήσθητί
3226 3716 3315 3770 μοι
3341 3700 3595 3767 ἐνταῦθα,
3622 3703 3763 3770 ἀγα-

2084 3784 2241 3854 πητέ,
2269 3782 2379 3835 τῶν
2405 3782 2555 3853 παρὰ
2582 3782 2676 3836 τοῦ
2702 3782 2975 3835 Δεσπύτου
2999 3781 3294 3854 ρηθέντων,
3316 3783 3404 3836 ὅτε
3430 3783 3615 3852 ἔλεγεν
3632 3800 3647 3816 ⁸
3675 3786 3764 3839 οὐ

2076 3865 2162 3936 μὴ
2218 3867 2546 3935 καταμείνῃ
2597 3866 2663 3919 τὸ
2709 3863 2954 3934 Πνεῦμά
2981 3882 3104 3933 μου
3146 3865 3216 3920 ἐν
3264 3865 3387 3933 τοῖς
3425 3864 3767 3935 ἀνθρώποις

2082 3950 2337 4014 τούτοις,
2385 3948 2484 4002 διὰ
2530 3946 2600 4001 τὸ
2641 3942 2795 4002 εἶναι
2847 3946 3072 4014 αὐτοὺς
3114 3946 3375 4017 σάρκας·
3421 3949 3515 4002 καὶ
3556 3947 3723 4002 πάλιν
3744 3964 3765 3981 ’

2096 4031 2409 4099 Ἐφθάρηή
2447 4029 2546 4101 γῆ,
2577 4030 2674 4084 καὶ
2704 4029 2982 4098 ἐπλήσθη
3020 4032 3061 4100 ἡ
3099 4029 3174 4101 γῆ
3210 4028 3322 4100 τῆς
3345 4029 3600 4097 ἀδικίας⁸
3641 4030 3763 4097 καὶ,

2084 4110 2225 4168 Εἷδε
2243 4114 2461 4181 Κύριος
2484 4113 2599 4181 τὴν
2618 4113 2756 4181 γῆν,
2773 4112 2873 4167 καί
2897 4108 2979 4183 ἦν
3007 4112 3484 4183 κατεφθαρμένῃ,
3509 4112 3599 4167 ὅτι
3622 4130 3765 4167 κατ-

2083 4197 2318 4265 έφθειρε
2355 4192 2524 4251 πᾶσα
2565 4195 2721 4264 σὰρξ
2775 4195 2891 4263 τὴν
2927 4195 3073 4251 ὁδὸν
3115 4195 3325 4265 αὐτῆς.
3384 4197 3537 4250 Ἐπεὶ
3580 4197 3766 4250 τοίνυν

2082 4279 2378 4349 ὁλοκλήρου
2406 4276 2703 4348 καθαρσίου
2734 4277 2904 4330 ἐδεῖτο
2929 4279 2963 4348 ή
2998 4279 3313 4351 οίκουμένη,
3349 4281 3445 4333 καὶ
3474 4280 3642 4351 ἐχρῆν
3669 4280 3768 4333 αύο

2082 4362 2182 4431 τὴν
2215 4360 2430 4413 ἅπαντα
2457 4358 2549 4411 τὸν
2587 4358 2759 4425 ῥύπον
2788 4359 3265 4431 ἀποκαθάρασθαι,
3308 4361 3404 4415 καὶ
3438 4360 3539 4432 τήν
3574 4360 3766 4433 ζύμην

2084 4441 2302 4495 ἃπασαν
2345 4441 2445 4511 τῆς
2492 4439 2872 4512 προλαϐούσης
2919 4444 3187 4513 πονηρίας
3236 4443 3625 4515 ἀναιρεθῆναι,
3667 4449 3766 4500 καὶ

2087 4524 2222 4596 μηδέ
2256 4524 2400 4595 ίχνος
2445 4524 2547 4593 τῆς
2592 4524 2790 4588 κακίας
2831 4525 3247 4597 ἀπολειφθῆναι,
3287 4526 3405 4580 ἀλλ’
3421 4524 3764 4599 ὦσπεράναο

2086 4608 2421 4678 στοιχείωσίν
2462 4624 2584 4662 τινα
2622 4608 2895 4677 γενέσθαι,
2936 4608 3187 4681 καθάπερ
3224 4610 3476 4681 τεχνίτης
3516 4612 3762 4681 ἀριστος,

2085 4694 2180 4746 ἐπε
2191 4692 2304 4745 ιδάν
2328 4691 2469 4763 λάϐῃ
2491 4691 2683 4755 σκεῦος
2715 4691 2820 4745 ὑπὸ
2847 4690 2942 4744 τοῦ
2980 4692 3173 4762 χρόνου
3199 4694 3511 4747 παλαιωθέν
3539 4694 3634 4747 καὶ
3664 4712 3766 4748 κα-

2084 4773 2457 4842 ταδαπανηθὲν
2481 4814 2496 4835 ,
2524 4772 2601 4835 ὡς
2653 4774 2855 4836 εἰπεῖν,
2886 4773 2992 4826 ὑπὸ
3023 4774 3119 4827 τοῦ
3152 4776 3254 4839 ἰοῦ,
3298 4776 3394 4829 καὶ
3420 4778 3500 4840 είς
3537 4777 3601 4830 τὸ
3647 4777 3765 4850 πῦρ

2086 4855 2241 4930 [Ξέθ]
2272 4856 2544 4927 ἐμϐαλὼν,
2567 4856 2662 4909 καὶ
2686 4857 3110 4927 παρασκευάσας
3138 4860 3314 4914 πάντα
3339 4860 3429 4915 τὸν
3458 4861 3535 4915 ίὸν
3559 4861 3765 4916 άποθέ.

2086 4941 2229 4999 σθαι,
2258 4938 2619 5010 μεταπλάττει
2642 4940 2734 4992 καὶ
2751 4943 3169 5008 μετασκευάζει,
3190 4945 3284 4998 καὶ
3302 4945 3381 5008 είς
3406 4947 3504 5015 τὴν
3524 4945 3767 5016 ἀρχαίαν

2085 5024 2386 5096 εὐμορφίαν
2416 5020 2711 5091 ἐπανάγει’
2753 5021 2896 5076 οὕτω
2936 5026 3029 5077 καὶ
3062 5026 3091 5076 6
3136 5027 3460 5098 Δεσπότηςό
3489 5030 3767 5101 ἡμέτερος

2086 5108 2305 5163 ἃπασαν
2344 5106 2444 5178 τήν
2470 5106 2796 5176 οἰκουμένην
2832 5105 2923 5160 διὰ
2957 5107 3053 5161 τοῦ
3079 5108 3201 5163 τότε
3240 5111 3628 5183 κατακλυσμοῦ
3660 5131 3766 5167 κα-

2088 5192 2280 5263 θάρας,
2310 5191 2405 5247 καὶ
2430 5189 2507 5255 ὡς
2538 5191 2735 5255 εἰπεῖν,
2769 5189 3144 5262 ἐλευθερώσας
3176 5194 3275 5265 τῆς
3305 5195 3505 5258 κακίας
3528 5195 3639 5250 τῶν
3667 5196 3765 5249 ἀνο

2088 5276 2341 5349 θρώπων,
2371 5274 2467 5329 καὶ⁵
2485 5272 2581 5328 τοῦ
2615 5272 2915 5344 μολυσμοῦ,
2936 5273 3030 5326 καὶ
3057 5274 3158 5343 τῆς
3188 5275 3395 5348 φθορᾶς
3414 5277 3517 5347 τῆς
3535 5277 3760 5348 πολλῆς⁹

2086 5358 2475 5431 λαμπροτέραν
2515 5354 2685 5425 αὐτὴν
2723 5355 3132 5425 ἀπειργάσατο,
3175 5358 3382 5412 ἀνωθεν
3422 5360 3552 5429 ήμῖν
3582 5359 3765 5425 δείξας

2087 5442 2254 5510 αὐτῆς
2279 5439 2501 5511 φαιδρὸν
2544 5435 2608 5491 τὸ
2646 5436 2957 5507 πρόσωπον,
3008 5439 3100 5491 καὶ
3144 5440 3203 5492 ού
3237 5442 3601 5513 συγχωρήσας
3638 5443 3762 5497 οὐδὲ

2089 5525 2233 5595 ἴχνος
2270 5521 2373 5592 τῆς
2411 5519 2684 5591 προτέρας
2712 5519 2991 5591 ἀμορφίας
3026 5520 3474 5594 καταλειφθῆναι.
3508 5522 3761 5593 Ὑψώθη,

2087 5607 2271 5676 φησὶν,
2293 5602 2495 5657 ἐπάνω
2524 5600 2644 5656 τῶν
2670 5602 2856 5671 ὀρέων
2879 5601 3208 5658 δεκαπέντε
3236 5604 3452 5675 πήχεις
3487 5606 3553 5658 τὸ
3582 5605 3761 5675 ὕδωρ.

2087 5691 2198 5756 Οὐχ
2225 5686 2411 5750 ἁπλῶς
2435 5686 2567 5756 ἡμῖν
2588 5684 2761 5740 ταῦτα
2791 5686 3058 5756 διηγεῖται
3089 5689 3123 5759 ή
3156 5688 3369 5761 Γραφὴ,
3392 5688 3506 5742 ἀλλ’
3537 5689 3625 5743 ἴνα
3650 5690 3758 5759 μά-

2088 5773 2293 5841 θωμεν,
2332 5770 2415 5824 δτι
2443 5770 2502 5823 ού
2548 5772 2709 5840 μόνον
2740 5771 3039 5841 ἄνθρωποι,
3068 5771 3166 5824 καὶ
3210 5772 3405 5842 κτήνη,
3433 5771 3529 5825 καὶ
3565 5772 3760 5843 τετρά-

2088 5854 2243 5921 ποδα,
2265 5852 2359 5907 καὶ
2400 5852 2604 5925 ἐρπετά
2631 5850 2938 5923 ὑποϐρύχια
2969 5852 3213 5923 γέγονεν,
3261 5852 3399 5909 ἀλλά
3441 5855 3534 5908 καὶ
3562 5853 3629 5908 τὰ
3670 5870 3762 5909 τεε-

2148 5991 2169 6019 ⁶
2199 5994 2299 6051 ΜΠ
2338 6006 2449 6047 cum
2476 5993 2605 6048 Bibl.
2635 5996 2715 6046 καὶ
2750 5994 3044 6061 ἐπεκάλυψεν
3069 5998 3270 6047 ἅπαντα.
