4070 6408
295 391 397 445 225

291 519 311 577 t
338 509 501 565 Hebr.
530 510 618 564 Η.
652 509 746 579 7).
783 503 966 561 Vidisti
998 499 1266 575 quomodo
1294 499 1428 555 ﬁdes
1454 500 1505 554 in
1534 499 1702 553 Deum
1732 512 1883 569 quasi

290 617 483 658 secura
510 601 751 672 quaedam
781 597 1033 663 anchora,
1064 593 1206 657 fecit,
1240 600 1301 646 ut
1324 606 1501 646 arcam
1528 590 1762 644 construi
1790 604 1888 643 cu-

289 704 437 750 raret
463 735 480 760 ,
510 702 562 747 et
588 692 704 760 ejus
736 688 1114 744 habitationem
1142 684 1471 740 sustineret?
1497 682 1628 738 Nam
1663 681 1778 735 ha‘c
1815 680 1887 735 illi

287 799 341 841 et
369 785 564 841 salutis
592 785 687 837 fuit
714 781 945 843 occasio,
978 778 1084 833 Per
1104 795 1257 849 quam
1277 819 1292 844 ,
1327 775 1518 846 inquit,
1542 773 1889 827 condemnavit

287 879 559 944 numa'um,
586 886 634 932 et
652 876 761 946 ejus
787 888 897 944 quae
916 870 1194 927 secundum
1217 869 1370 937 ﬁdem
1391 876 1465 921 est
1479 866 1697 936 justitia:
1722 866 1889 935 factus

286 979 359 1025 est
398 970 544 1023 lieres
573 984 593 1023 :
620 982 724 1022 non
764 964 905 1035 quod
931 963 1045 1033 ipse
1085 960 1244 1015 fuerit
1282 958 1444 1028 judex
1470 999 1485 1025 ,
1532 956 1627 1013 sed
1654 956 1776 1026 quia
1822 969 1887 1009 ex

287 1059 692 1130 comparatione
751 1053 1255 1110 condemnationem
1319 1050 1574 1103 Dominus
1636 1046 1883 1101 inducit:

285 1169 410 1209 cum
455 1153 599 1207 enim
628 1150 813 1206 eadem
856 1146 1138 1203 habuerint
1167 1160 1283 1213 qua:
1326 1142 1504 1213 justus
1529 1182 1542 1205 ,
1574 1156 1679 1192 non
1709 1149 1886 1192 tamen

287 1247 539 1301 eamdem
586 1244 798 1298 virtutis
847 1242 985 1294 viam
1015 1237 1240 1308 ingressi
1272 1244 1395 1289 sunt
1427 1250 1441 1288 :
1477 1248 1569 1315 per
1601 1230 1757 1284 ﬁdem
1783 1245 1884 1300 qua

286 1338 543 1412 praiditus
570 1335 684 1403 fuit,
711 1331 1089 1395 condemnavit
1120 1343 1215 1384 eos
1244 1328 1331 1397 qui
1356 1334 1515 1379 tantce
1554 1322 1768 1377 fuerunt
1802 1320 1884 1373 in-

280 1427 646 1492 credulitatis,
674 1433 732 1479 ut
759 1421 1085 1492 pra'dictioni
1114 1434 1219 1473 non
1246 1417 1543 1472 crederent.
1569 1413 1681 1482 Ego
1706 1423 1883 1466 autem

280 1533 407 1573 cum
432 1518 550 1572 aliis
574 1516 820 1570 omnibus
849 1515 1099 1568 virtutem
1126 1510 1287 1563 etiam
1314 1507 1443 1577 justi
1471 1505 1711 1560 admiror
1731 1544 1744 1566 ,
1777 1502 1875 1556 Do-

282 1610 525 1678 minique
588 1609 877 1663 bonitatem
933 1613 986 1659 et
1036 1601 1355 1657 ineffabilem
1419 1595 1880 1659 misericordiam,

279 1699 497 1771 quando
521 1696 803 1754 considero
830 1694 1097 1765 quomodo
1124 1691 1351 1762 potuerit
1394 1688 1595 1743 versari
1624 1686 1677 1742 in
1705 1684 1883 1741 medio

285 1789 616 1853 oestiarnm,
661 1785 877 1842 leonum
923 1784 1081 1848 dico,
1118 1781 1404 1852 pardorum
1430 1820 1447 1848 ,
1490 1792 1735 1833 ursorum
1762 1816 1778 1844 ,
1827 1784 1882 1830 et

278 1881 504 1935 aliarum
530 1878 809 1933 itnmitium
838 1874 1090 1929 ferarum.

353 1970 474 2026 Nec
513 1970 725 2025 restituit
772 1967 909 2037 quod
950 1965 1115 2019 Adam
1157 1963 1451 2018 abstulerat.
1478 1991 1548 2001 ——
1574 1959 1879 2015 Recordare

280 2063 389 2127 die,
419 2062 645 2130 dilecte,
666 2060 915 2121 obsecro,
943 2062 1158 2126 quanta:
1184 2053 1455 2123 dignitatis
1488 2052 1645 2106 fuerit
1675 2051 1877 2120 primus

278 2156 446 2210 homo
487 2164 611 2209 ante
655 2149 1070 2207 inobcdientiam
1099 2164 1113 2201 :
1146 2155 1200 2201 et
1243 2146 1335 2200 Dei
1367 2146 1657 2200 bonitatem
1697 2142 1877 2195 animo

275 2249 529 2304 observa.
564 2247 916 2313 Posteaquam
962 2241 1107 2297 enim
1153 2239 1296 2294 illius
1324 2235 1691 2307 praevaricatio
1738 2234 1877 2289 hanc

277 2349 597 2411 potestatem
629 2336 780 2391 nobis
822 2334 1004 2388 datam
1048 2331 1419 2392 imminuerat,
1470 2327 1672 2382 invenit
1696 2332 1872 2379 autem

274 2433 453 2487 bonus
481 2430 735 2485 Dominus
760 2426 923 2480 alium
948 2424 1140 2484 virum,
1165 2421 1255 2492 qui
1279 2420 1443 2489 potuit
1464 2433 1716 2488 reparare
1747 2418 1875 2470 iu.a-

273 2494 456 2593 ginem
485 2519 783 2590 pristinam,
808 2523 861 2569 et
889 2528 1106 2569 servare
1136 2511 1345 2565 virtutis
1370 2509 1729 2575 characteres,
1764 2523 1872 2561 ma-

272 2626 544 2683 gnamque
577 2610 630 2665 in
663 2608 927 2663 mandatis
956 2605 1048 2660 Dei
1081 2602 1437 2658 obedientiam
1479 2617 1590 2671 pra:
1629 2615 1689 2654 se
1717 2599 1870 2664 tulit;

271 2702 470 2757 iterum
493 2700 560 2756 ad
586 2700 810 2771 primum
835 2698 1094 2752 honorem
1111 2710 1231 2750 eum
1260 2693 1486 2759 reducit,
1506 2692 1654 2762 quasi
1674 2690 1875 2745 docens

273 2808 375 2848 nos
402 2790 674 2862 cperibm,
701 2796 953 2858 quantam
982 2792 1297 2854 potestatem
1330 2783 1499 2836 Adam
1530 2790 1653 2835 ante
1681 2780 1872 2835 inobe-

271 2882 529 2937 dientiam
561 2879 826 2933 habuerit.
856 2875 1036 2930 Virtus
1063 2874 1244 2942 itaque
1264 2874 1394 2943 justi
1425 2873 1602 2927 divina
1630 2873 1873 2928 clament-

274 2977 345 3031 tia
394 2973 575 3043 adjuta
622 2971 847 3040 primum
892 2965 1160 3037 reparavit
1201 2963 1536 3028 dominium,
1584 2963 1874 3033 bestia?un

273 3070 470 3124 iterum
498 3063 889 3133 subiectionem
927 3065 1280 3130 agnoverunt.
1311 3053 1442 3110 Cum
1476 3055 1618 3109 enim
1661 3054 1765 3108 illa:
1794 3053 1871 3107 vi-

271 3159 451 3215 derint
485 3157 726 3226 justum,
760 3150 1145 3206 obliviscuntur
1184 3156 1390 3202 natura:
1421 3161 1531 3200 sum
1562 3165 1573 3199 :
1606 3146 1715 3199 imo
1764 3160 1869 3198 non

270 3262 514 3315 naturae,
542 3247 638 3303 sed
661 3245 907 3308 ferocize;
933 3251 986 3297 et
1022 3250 1227 3295 natura;
1257 3240 1464 3293 insitam
1514 3237 1772 3292 feritatem
1819 3239 1869 3289 in

272 3339 734 3398 mansuetudinem
786 3344 1122 3390 convertunt.
1172 3332 1238 3385 Et
1286 3330 1404 3384 vide
1454 3328 1722 3397 quomodo
1773 3328 1873 3380 hoc

271 3436 443 3507 ipsum
489 3429 695 3485 Danicli
722 3425 961 3481 cVenerit
990 3422 1163 3497 (Dan.
1198 3422 1248 3477 6.
1293 3420 1421 3491 22).
1454 3419 1549 3473 ilic
1578 3418 1718 3473 enim
1748 3433 1870 3471 eum

267 3540 298 3579 a
332 3523 579 3579 leonibus
602 3517 1045 3582 circumdaretur,
1077 3513 1229 3583 quasi
1252 3513 1320 3566 ab
1344 3510 1531 3565 ovibus
1559 3511 1866 3579 stiparetur,

268 3615 346 3669 sic
376 3610 644 3681 intrepide
674 3608 867 3679 agebat
901 3624 912 3658 :
945 3603 1374 3675 quandoquidem
1415 3602 1541 3671 justi
1575 3601 1762 3654 ﬁducia
1796 3600 1872 3655 fe-

268 3712 459 3761 rarum
495 3712 738 3757 naturam
783 3697 1064 3762 frenabat,
1099 3710 1197 3749 nec
1223 3694 1430 3748 sinebat
1459 3702 1514 3746 ut
1542 3702 1764 3762 agerent
1807 3709 1867 3746 ea

266 3813 389 3867 qua:
418 3794 544 3850 fera:
572 3793 765 3847 solent.
794 3789 963 3845 Simili
993 3788 1154 3843 modo
1176 3788 1335 3842 etiam
1365 3786 1611 3856 egregius
1638 3786 1725 3839 ille
1752 3800 1870 3839 ma-

268 3904 370 3958 gna
415 3886 667 3941 facilitate
708 3884 939 3937 ferarum
984 3879 1187 3935 ferebat
1230 3879 1530 3933 convictum
1555 3918 1571 3943 ,
1604 3887 1656 3933 et
1698 3892 1872 3946 neque

268 3980 367 4033 loci
396 3977 655 4046 angustia,
683 3988 857 4044 neque
880 3972 1134 4041 temporis
1150 3971 1515 4036 diuturnitate,
1534 3985 1705 4040 neque
1730 3970 1869 4039 quod

268 4072 347 4126 sic
379 4069 614 4124 inclusus
640 4075 784 4121 esset
822 4077 877 4118 ut
909 4078 1089 4119 aerem
1122 4063 1388 4132 respirare
1428 4079 1531 4117 non
1562 4072 1736 4131 posset
1767 4102 1783 4127 ,
1817 4061 1869 4115 in

268 4173 539 4231 torporem
570 4170 622 4215 et
646 4174 896 4213 nauseam
923 4158 1036 4227 ipse
1060 4156 1444 4225 conjiciebatur
1464 4175 1475 4209 :
1499 4156 1592 4212 sed
1615 4156 1684 4210 ob
1711 4156 1870 4211 ﬁdem

268 4255 323 4309 in
354 4254 521 4309 Deum
549 4250 726 4304 omnia
756 4250 853 4320 ipsi
885 4247 1060 4303 facilia
1092 4246 1412 4302 videbantur
1434 4289 1448 4313 ,
1483 4255 1539 4301 et
1578 4246 1658 4301 sic
1683 4262 1865 4302 versa-

265 4346 423 4400 batur
445 4346 498 4398 in
532 4353 671 4398 tetro
700 4342 793 4396 illo
818 4356 1055 4405 carcere,
1080 4341 1217 4393 sicut
1241 4356 1338 4395 nos
1361 4343 1413 4393 in
1437 4340 1602 4410 pratis
1629 4348 1682 4395 et
1713 4340 1867 4395 lucis.

265 4439 602 4505 Prmceptum
642 4435 783 4489 enim
816 4433 1025 4487 Domini
1058 4430 1359 4498 efﬁciebat,
1402 4443 1457 4486 ιιι
1487 4431 1723 4487 difﬁcilia
1767 4430 1866 4503 ip-i

264 4528 439 4584 facilia
485 4528 814 4581 viderentur.
844 4525 988 4579 Talis
1022 4525 1164 4579 enim
1194 4524 1459 4594 justorum
1507 4538 1622 4577 mos
1650 4531 1732 4578 est
1757 4563 1771 4581 .
1814 4532 1872 4579 ut

261 4623 483 4695 quando
506 4620 704 4690 aliquid
732 4628 944 4689 preptcr
967 4618 1133 4673 Deum
1164 4619 1455 4687 patiuntur,
1488 4632 1592 4672 non
1616 4630 1702 4671 res
1728 4616 1869 4686 ipsas

260 4732 382 4785 qua:
410 4714 543 4768 ﬁunt
570 4720 813 4782 spectent
837 4752 851 4775 ,
883 4710 976 4766 sed
1004 4725 1219 4765 causam
1252 4726 1432 4765 secum
1461 4709 1828 4779 expendentes
1849 4751 1864 4776 ,

263 4807 419 4861 facile
446 4805 625 4858 omnia
657 4803 845 4857 ferant.
868 4802 1304 4871 Quandoquidem
1328 4810 1381 4855 et
1400 4801 1611 4867 Paulus,
1629 4801 1866 4871 gentium

267 4897 475 4959 doctor,
496 4893 727 4959 vincula,
752 4891 817 4947 ad
839 4892 1121 4961 tribunalia
1152 4892 1523 4954 abductiones,
1555 4892 1867 4959 quotidiana

267 4985 501 5055 pericula
532 5025 545 5047 ,
596 4984 789 5037 multas
832 4982 951 5038 illas
992 4990 1047 5036 ct
1092 4981 1461 5036 intolerabiles
1508 4980 1863 5046 afﬁictiones,

266 5080 409 5133 leves
434 5075 660 5131 vocabat
688 5091 703 5141 ;
733 5090 835 5128 non
858 5074 998 5144 quod
1028 5083 1215 5128 natura
1245 5074 1379 5129 tales
1398 5083 1599 5142 essent,
1624 5075 1716 5131 sed
1742 5076 1866 5146 quia

262 5185 443 5234 causa,
476 5178 695 5237 propter
719 5182 876 5236 quam
909 5166 1224 5221 accidebant
1245 5208 1257 5231 ,
1289 5167 1446 5222 talem
1472 5168 1519 5222 ci
1546 5169 1864 5223 sententiam

263 5260 610 5328 ingenerabat
632 5299 645 5323 ,
680 5269 736 5313 ut
763 5259 935 5326 neque
964 5258 1301 5327 adverteret,
1334 5261 1375 5313 si
1404 5275 1507 5330 qua
1529 5262 1707 5331 gravia
1743 5264 1863 5317 talia

264 5349 600 5402 obveuirent.
633 5348 769 5401 Audi
799 5349 940 5403 enim
973 5347 1118 5402 illum
1142 5348 1406 5404 dicentem
1434 5368 1446 5403 :
1474 5350 1611 5403 Nam
1637 5368 1862 5405 momen-

264 5452 411 5493 tunea
430 5440 603 5493 levitas
624 5439 905 5508 aﬂiictionis
940 5450 1143 5505 nostrar,
1168 5441 1292 5493 mire
1313 5458 1470 5509 supra
1489 5441 1693 5495 modun:
1716 5452 1863 5495 aeter-

266 5551 382 5586 mm:
414 5534 613 5603 pondus
643 5532 821 5603 gloria:
854 5543 1089 5602 operatur
1122 5535 1174 5587 in
1203 5535 1345 5587 nobis
1379 5534 1470 5603 (‘2.
1501 5527 1619 5588 Cor:
1648 5536 1699 5588 4.
1736 5536 1797 5589 i7

263 5621 630 5693 Exspcctatio,
662 5625 846 5693 inquit,
880 5625 1061 5693 gloria:
1086 5641 1241 5694 quam
1266 5641 1633 5693 assequemur,
1664 5633 1717 5678 et
1745 5642 1863 5694 per-

272 5728 437 5786 petire
469 5716 610 5769 illius
630 5715 895 5771 felii-itatis
923 5716 974 5769 id
1004 5718 1112 5785 agit
1138 5725 1193 5768 ut
1221 5716 1405 5770 leviter
1432 5721 1663 5771 feramus
1692 5717 1863 5769 eunti-

265 5822 400 5860 nuas
425 5807 540 5859 illas
567 5807 881 5863 afﬁictioucs
929 5808 1177 5878 levesque
1198 5808 1314 5864 illas
1336 5808 1646 5863 habeamus.
1676 5808 1862 5863 Vidisti

1463 382 1618 441 car.
1664 384 1775 440 vn.
1819 384 2063 443 enses.
2108 387 2338 442 nouiL.
2387 388 2555 443 xxv.

3501 399 3602 453 9.26

2000 500 2268 567 quomodo
2305 516 2456 556 amor
2486 501 2538 556 in
2570 502 2736 558 Deum
2760 512 3077 575 gravitatem
3107 505 3470 563 molestiarum
3499 510 3601 565 im-

1997 591 2215 657 minuit,
2247 608 2420 662 neque
2460 595 2586 649 sinit
2618 604 2675 649 ut
2702 596 2811 651 ullo
2840 612 3027 652 earum
3067 612 3227 653 sensu
3256 600 3601 658 aﬂiciamur?

2006 681 2150 737 Sane
2179 684 2250 738 ob
2279 686 2382 741 hoc
2424 697 2476 741 et
2513 688 2701 742 beatus
2746 689 2834 744 ille
2873 693 3053 746 omnia
3095 694 3330 747 suaviter
3360 694 3561 748 ferebat
3585 736 3599 759 ,

1998 782 2180 842 utpote
2208 776 2295 845 qui
2322 776 2426 831 ﬁde
2449 786 2502 831 et
2523 793 2618 848 spe
2647 780 2698 833 in
2730 780 2898 833 Deum
2932 782 3268 850 pascebatur.
3304 781 3370 837 Et
3394 785 3601 850 clausit.

1996 865 2183 937 inquit,
2211 866 2459 922 Dominus
2477 868 2615 923 Deus
2632 870 2823 941 deforis
2845 872 2982 926 illius
3003 889 3195 927 arcam.
3219 875 3303 928 i7.
3321 872 3390 927 Et
3411 878 3603 946 factum

1995 967 2069 1010 est
2094 958 2344 1013 diluvium
2367 962 2710 1034 quadraginta
2736 963 2909 1019 diebus
2930 973 2977 1017 et
2997 965 3338 1039 quadraginta
3367 968 3599 1039 motibus

1994 1056 2375 1116 super'terram
2399 1067 2417 1104 .'
2443 1060 2490 1105 et
2513 1053 2928 1123 saperferebatur
2955 1072 3098 1109 arca.
3133 1038 3363 1111 Attende
3410 1038 3604 1113 iterant

1994 1140 2262 1206 quomodo
2293 1145 2597 1213 narratione
2647 1154 2838 1216 augeat
2888 1156 3192 1214 terrorem,
3244 1156 3299 1203 et
3342 1160 3597 1218 aggravet

1994 1226 2211 1283 factum.
2243 1228 2457 1285 Factum
2479 1243 2550 1286 est
2570 1235 2735 1299 enim,
2772 1237 2961 1305 inquit,
2988 1238 3231 1291 diluvium
3262 1240 3603 1310 quadraginta

1990 1318 2166 1371 diebus
2194 1334 2242 1372 et
2272 1323 2613 1391 quadraginta
2640 1325 2867 1379 noctibus
2887 1370 2901 1391 ,
2928 1328 3245 1397 muliplicata
3274 1340 3347 1384 est
3371 1347 3526 1401 aqua,
3553 1343 3598 1384 et

1992 1408 2196 1461 elevavit
2235 1426 2440 1477 arcam,
2468 1422 2512 1465 et
2543 1416 2766 1468 exaltata
2800 1426 2874 1471 est
2908 1434 2940 1470 a
2970 1428 3124 1473 terra.
3172 1419 3258 1474 18.
3288 1418 3354 1473 Ει
3385 1422 3598 1475 invaluit

1989 1514 2139 1567 aqua,
2172 1511 2217 1553 et
2245 1501 2584 1573 multiplicata
2613 1516 2684 1559 cst
2706 1507 2852 1562 valde
2874 1525 3027 1577 super
3059 1520 3266 1577 terram,
3299 1521 3345 1565 et
3372 1515 3591 1583 superfe-

1988 1590 2190 1642 rebatur
2218 1607 2338 1644 arca
2364 1610 2516 1662 super
2540 1611 2752 1665 aquam;
2798 1598 2885 1653 i9.
2912 1616 3046 1670 aqua
3072 1612 3243 1655 autem
3262 1601 3597 1658 iuvalcsabat

1986 1677 2135 1734 valde
2174 1681 2488 1737 vehementer
2512 1701 2665 1754 super
2692 1696 2900 1741 terram.

2066 1770 2119 1826 6.
2164 1773 2299 1829 Vide
2328 1776 2600 1845 quomodo
2620 1777 2906 1848 diligenter
2934 1788 3119 1835 narrat
3147 1797 3393 1851 magnam
3424 1799 3563 1854 aqua

1986 1876 2106 1916 rum
2133 1863 2262 1931 vim,
2290 1874 2345 1919 et
2370 1866 2738 1936 quotidianum
2766 1869 3154 1924 cxundantium
3185 1872 3393 1926 illarum
3421 1873 3597 1929 incre-

1984 1961 2248 2008 mentum.
2277 1954 2625 2012 Invalescebat
2652 1960 2797 2015 enim
2839 1977 2973 2030 aqua
2996 2003 3011 2030 ,
3036 1963 3240 2034 inquit,
3272 1964 3421 2019 valde
3456 1968 3599 2021 velte.

1984 2054 2177 2100 meuter
2204 2062 2223 2101 :
2250 2057 2297 2101 et
2322 2050 2586 2119 occupavit
2612 2067 2786 2105 omnes
2811 2062 3004 2114 montes
3033 2055 3261 2110 excelsos
3277 2096 3294 2124 ,
3340 2058 3431 2128 qui
3454 2067 3599 2112 erant

1987 2135 2079 2189 sub
2104 2138 2253 2193 creto.
2288 2139 2379 2195 20.
2409 2140 2709 2207 Quindecim
2735 2142 2917 2198 cubitis
2945 2145 2996 2197 in
3022 2145 3239 2200 sublime
3264 2149 3493 2202 excitata
3523 2160 3598 2203 est

1981 2244 2133 2296 aqua,
2165 2240 2213 2283 et
2250 2234 2448 2300 operuit
2480 2249 2655 2287 omnes
2683 2244 2896 2289 montes.
2927 2235 3120 2291 Merito
3149 2238 3420 2295 ordinavit
3446 2240 3597 2295 beni-

1979 2334 2119 2389 gnus
2145 2321 2402 2378 Dominus
2423 2324 2597 2403 claudi
2632 2341 2832 2393 arcam,
2865 2336 2918 2380 ut
2945 2343 3014 2382 ne
3044 2327 3249 2385 videret
3269 2330 3448 2399 justus
3475 2349 3598 2403 qum

1982 2410 2201 2466 ﬁebant.
2248 2413 2383 2467 Nam
2426 2402 2471 2471 si
2502 2431 2602 2470 nos
2631 2426 2751 2487 post
2786 2427 2862 2473 tot
2886 2434 3151 2474 annorum
3182 2402 3505 2488 numerum,
3546 2435 3600 2480 et

1986 2512 2109 2571 post
2137 2512 2213 2557 tot
2240 2504 2437 2559 sarcula
2470 2506 2759 2563 audientes
2786 2491 3067 2564 dumtaxat
3092 2508 3386 2580 Scriptura:
3415 2528 3600 2568 narra-

1982 2593 2183 2647 tionem
2216 2606 2363 2649 nietu
2404 2606 2456 2651 et
2483 2607 2704 2666 stupore
2749 2599 3076 2669 corripimur
3107 2619 3122 2657 :
3153 2602 3280 2672 quid
3308 2604 3601 2661 verisimile

1980 2694 2063 2739 est
2083 2685 2288 2754 justum
2331 2687 2477 2741 illum
2525 2687 2694 2743 fuisse
2731 2704 3059 2760 passurum,
3088 2692 3133 2747 si
3178 2691 3397 2763 quidem
3428 2693 3600 2752 oculis

1980 2776 2201 2832 vidisset
2226 2779 2621 2834 intolerabilem
2650 2781 2793 2835 illam
2819 2782 3119 2854 abyssum?
3143 2784 3428 2852 Quomodo
3452 2789 3597 2843 enim

1979 2869 2241 2938 potuisset
2268 2870 2352 2924 vel
2376 2870 2443 2925 ad
2469 2870 2632 2925 breve
2659 2880 2868 2942 tempus
2890 2874 3183 2929 resistere?
3210 2890 3389 2930 annon
3416 2879 3597 2933 statim

1980 2962 2153 3029 primo
2195 2971 2414 3031 aspectu
2456 2962 2741 3018 defecisset
2788 2964 2968 3018 anima
3020 2967 3161 3023 illius
3210 2976 3316 3022 tota
3343 3008 3361 3036 ,
3407 2978 3463 3024 et
3490 2979 3597 3025 tam

1977 3065 2143 3119 grave
2187 3067 2251 3106 ac
2293 3053 2579 3108 molestum
2625 3054 2993 3123 spectaculum
3023 3055 3164 3112 ferre
3195 3058 3329 3112 ultra
3358 3073 3465 3113 non
3506 3074 3601 3129 po—

1980 3142 2168 3196 tuisset
2186 3142 2209 3193 ?
2229 3142 2415 3212 Cogita
2449 3160 2681 3214 namque
2709 3145 2793 3198 hic
2815 3186 2829 3210 ,
2877 3145 3071 3202 dilecte
3095 3188 3110 3214 ,
3160 3148 3432 3217 quomodo
3456 3165 3599 3205 nunc

1978 3248 2099 3286 cum
2130 3249 2324 3302 parvus
2374 3234 2547 3289 imber
2578 3236 2813 3304 ingruit,
2846 3237 2898 3290 in
2928 3254 3130 3306 angore
3161 3255 3347 3295 sumus
3377 3282 3392 3308 ,
3424 3253 3475 3297 et
3522 3243 3592 3299 de

1982 3325 2266 3391 universo,
2299 3324 2472 3395 deque
2500 3326 2613 3395 ipsa
2654 3328 3052 3397 quodaminodo
3075 3330 3177 3385 vita
3215 3331 3586 3402 desperamus.

1977 3415 2114 3483 Quid
2158 3418 2315 3487 igitur
2342 3420 2635 3475 verisimile
2675 3430 2793 3475 erat
2829 3422 3034 3491 justum
3067 3424 3213 3479 illum
3258 3436 3384 3481 tunc
3430 3427 3596 3485 fuisse

1978 3522 2280 3576 passurum,
2308 3510 2351 3563 si
2375 3510 2438 3564 ad
2464 3520 2663 3564 tantam
2685 3512 3070 3568 sublimitatem
3095 3517 3317 3571 vidisset
3335 3518 3597 3576 exaltatas

1980 3611 2146 3665 aquas
2172 3602 2195 3650 ζ’
2219 3597 2391 3667 Super
2418 3610 2611 3653 montes
2640 3602 2782 3654 enim
2803 3644 2817 3668 ,
2854 3603 3055 3673 inquit,
3084 3606 3373 3675 quindecim
3413 3609 3593 3664 cubitis

1977 3688 2199 3740 exaltata
2226 3699 2296 3743 est
2323 3706 2475 3759 aqua.
2510 3692 2813 3747 Recordare
2839 3695 2998 3763 igitur
3028 3696 3114 3750 hic
3138 3739 3152 3762 ,
3183 3697 3382 3753 dilecte
3405 3740 3420 3762 ,
3469 3716 3591 3755 vcr-

1979 3777 2165 3833 borum
2198 3780 2428 3849 Domini,
2459 3783 2673 3853 quando
2702 3784 2914 3839 dicebat
2940 3803 2952 3839 :
2988 3785 3111 3840 Non
3131 3790 3442 3858 permanebit
3467 3790 3594 3861 Spio

1977 3872 2103 3928 ritus
2127 3890 2268 3927 meus
2296 3875 2347 3927 in
2377 3875 2661 3930 hominibus
2692 3877 2802 3930 istis
2823 3919 2836 3943 ,
2870 3893 2927 3931 eo
2968 3880 3104 3949 quod
3136 3881 3236 3951 ipsi
3259 3892 3376 3935 sunt
3415 3899 3595 3939 carnes

1982 3968 2001 4038 (
2026 3965 2153 4020 (.‘en.
2188 3968 2237 4022 6.
2264 3968 2297 4021 5
2323 3966 2341 4037 )
2370 3986 2384 4034 ;
2408 3977 2462 4021 ct
2490 3969 2682 4022 iterum
2708 3989 2724 4022 :
2755 3970 3007 4040 Corrupto
3038 3983 3111 4026 est
3133 3983 3286 4039 terra,
3312 3984 3357 4029 et
3386 3977 3594 4043 impleta

1978 4068 2049 4112 est
2097 4069 2231 4113 terra
2269 4060 2520 4131 injustitia
2553 4060 2732 4133 (Ibid.
2780 4079 2824 4116 v.
2869 4065 2991 4135 ii);
3024 4074 3077 4120 et
3101 4107 3117 4132 ,
3157 4065 3294 4121 Vidit
3338 4067 3591 4124 Dominus

1977 4159 2201 4218 terram,
2230 4162 2276 4206 et
2301 4164 2411 4207 erat
2452 4163 2695 4225 corrupta
2728 4171 2748 4207 :
2787 4156 2906 4225 quia
2935 4169 3234 4229 corruperat
3263 4162 3429 4215 omnis
3471 4180 3592 4217 caro

1976 4244 2109 4299 viam
2140 4263 2286 4299 suam
2325 4247 2341 4317 (
2374 4246 2512 4301 Ibid.
2558 4265 2607 4302 r.
2656 4248 2724 4305 12
2753 4246 2795 4319 ).
2850 4249 3033 4320 Itaque
3070 4255 3190 4322 quia
3225 4257 3493 4309 communi
3538 4267 3593 4311 et

1978 4336 2181 4407 integra
2211 4337 2583 4406 puriﬁcatione
2609 4340 2756 4395 orbis
2786 4340 3090 4410 indigebat,
3124 4352 3178 4397 et
3206 4358 3343 4412 opus
3366 4355 3482 4400 erat
3521 4346 3591 4400 ab

1976 4444 2041 4484 eo
2062 4446 2274 4485 onmem
2298 4432 2561 4486 maculam
2588 4431 2753 4501 ablui,
2781 4441 2833 4488 et
2856 4448 3016 4488 omne
3044 4435 3363 4491 fermentum
3395 4439 3589 4507 prioris

1977 4524 2194 4579 malitia:
2223 4525 2453 4588 sustolli,
2484 4534 2537 4580 et
2577 4540 2751 4595 neque
2776 4526 3055 4595 vestigium
3088 4528 3305 4582 malitia:
3331 4530 3586 4600 relinqui,

1976 4616 2071 4670 sed
2100 4618 2250 4686 quasi
2279 4617 2666 4672 elementorum
2700 4619 3100 4673 renovationem
3122 4621 3407 4690 quamdam
3429 4621 3543 4676 ﬁeri
3568 4642 3581 4678 :

1975 4707 2112 4762 sicut
2136 4708 2310 4763 bonus
2335 4709 2547 4776 artifex,
2580 4709 2625 4764 si
2655 4708 2869 4779 quando
2895 4710 3035 4764 videt
3070 4724 3163 4764 vas
3193 4710 3406 4780 aliquod
3437 4716 3588 4771 inve-

1977 4806 2207 4853 teratum
2229 4814 2258 4853 a
2278 4798 2521 4871 rubigine
2540 4798 2691 4869 quasi
2713 4798 2977 4865 consumi,
3003 4799 3202 4869 injecto
3222 4816 3288 4857 eo
3312 4802 3362 4857 iit
3384 4804 3581 4874 ignem,

1976 4891 2027 4946 id
2051 4882 2195 4946 Curat
2224 4902 2277 4946 ut
2295 4892 2549 4963 quidquid
2579 4892 2740 4947 habet
2770 4891 3031 4961 rubiginis
3054 4893 3309 4963 deponat,
3329 4905 3385 4951 et
3407 4906 3581 4952 trans-

1974 4982 2264 5039 forinatum
2295 4986 2347 5039 in
2381 4985 2659 5054 pristinum
2691 4985 2937 5057 decorem
2974 4985 3195 5041 reducat
3237 5006 3250 5041 :
3292 4989 3363 5044 ita
3393 4999 3448 5045 et
3482 4992 3583 5046 Do-

1973 5074 2149 5129 minus
2176 5084 2361 5130 noster
2387 5084 2558 5129 totum
2585 5078 2768 5130 orbem
2796 5076 2896 5130 hoc
2922 5076 3126 5131 diluvio
3155 5082 3398 5151 purgavit
3417 5123 3433 5149 ,
3461 5093 3514 5137 et
3545 5099 3575 5138 a

1973 5166 2171 5220 malitia
2196 5166 2495 5229 hominum,
2528 5176 2586 5221 ut
2615 5167 2683 5221 ita
2713 5168 2907 5229 dicam,
2937 5178 2991 5224 et
3022 5185 3049 5223 a
3073 5171 3509 5241 coinquinatione
3531 5185 3586 5231 et

1972 5258 2316 5325 corruptione
2338 5258 2499 5312 multa
2523 5258 2790 5324 liberavit,
2815 5268 2869 5313 et
2889 5259 3068 5317 denuo
3088 5262 3203 5332 ejus
3228 5265 3473 5318 restituta
3506 5266 3584 5321 fa-

1970 5350 2073 5415 cie,
2097 5348 2453 5417 pulchriorem
2487 5350 2630 5413 fecit,
2657 5350 2725 5402 ita
2758 5358 2813 5403 ut
2843 5364 2949 5405 non
2973 5353 3278 5421 permiserit
3298 5356 3383 5410 vel
3414 5358 3582 5410 vesti-

1969 5442 2111 5510 gium
2146 5440 2337 5507 prioris
2358 5439 2710 5495 deformitatis
2730 5442 2981 5513 relinqui.
3006 5443 3249 5499 Exaltata
3270 5456 3357 5513 est,
3392 5448 3581 5518 inquit,

1969 5549 2120 5601 super
2146 5540 2333 5585 montes
2354 5534 2639 5601 quindecim
2667 5534 2848 5588 cubitis
2876 5552 3027 5605 aqua.
3053 5536 3167 5591 Non
3195 5538 3291 5591 abs
3314 5553 3370 5593 re
3402 5552 3584 5594 narrat

1974 5626 2087 5678 haec
2118 5623 2391 5693 Scriptura
2416 5667 2430 5691 ,
2460 5626 2553 5680 sed
2584 5636 2638 5680 ut
2662 5626 2929 5683 discamus
2965 5644 3070 5683 non
3111 5630 3283 5684 solum
3314 5632 3581 5697 homines,

1966 5718 2239 5784 jumenta,
2271 5717 2668 5787 quadrupedes,
2700 5720 2908 5788 reptilia
2938 5721 3214 5775 submersa
3247 5721 3411 5778 fuisse
3436 5765 3452 5789 ,
3484 5728 3578 5779 sed

1974 5820 2024 5865 ct
2048 5812 2292 5867 volucres
2312 5813 2452 5879 emli,
2477 5820 2531 5867 et
2550 5827 2901 5883 quascumque
2924 5813 2973 5869 in
3004 5814 3275 5871 montibus
3288 5810 3583 5887 degebant.
