4070 6406
527 493 667 548 feras
690 487 832 556 dico,
858 486 1207 545 stula-bruta
1233 488 1501 545 animalia.
1525 485 1727 544 ideirco
1755 485 1884 543 dicit
1902 482 2108 559 θεων

527 582 1115 650 Μακαρεῖ-Μία
1138 572 1417 651 quindecim
1442 578 1621 632 cubitis
1647 592 1780 648 aqua
1804 593 1825 633 :
1848 586 1911 633 ut
1932 573 2112 643 diana

520 669 843 737 sententiam
877 668 1093 726 Domini
1126 682 1294 737 opere
1326 671 1637 739 impietate;
1676 668 1885 726 dixerat
1922 667 2107 727 enim:

522 756 705 816 unus
727 767 916 832 septa!
933 756 1051 813 ﬁes
1066 801 1083 831 ,
1114 769 1163 816 et
1186 760 1422 827 inducunt
1439 758 1683 819 diluvium
1710 774 1860 829 super
1887 768 2105 820 terrast,

524 867 572 913 τι
602 854 781 927 demi.
794 854 990 919 οὶυῦιέοκ
1015 850 1368 916 maritim,
1393 865 1547 921 quam
1569 849 1699 919 feci,
1724 865 1759 903 α
1780 848 1910 916 {acie
1927 850 2125 921 tm.

521 946 587 1004 ab
609 939 987 1019 institutusque
1011 946 1083 1002 ad
1103 958 1275 1019 pecus,
1297 950 1347 997 et
1370 957 1405 995 a
1420 939 1684 1012 rsptilibus
1702 938 1945 1011 usququ
1963 938 2108 993 sutu-

522 1039 633 1095 tittu
652 1038 802 1111 ινδ(
824 1039 954 1097 (ἔδει.
984 1040 1039 1097 7.
1065 1038 1102 1095 4
1121 1037 1165 1108 ).
1194 1035 1323 1093 Haec
1349 1034 1505 1091 nobis
1527 1046 1558 1087 a
1582 1031 1857 1104 Scriptura
1882 1042 2105 1087 narran-

521 1140 609 1183 tur
629 1170 644 1195 ,
677 1144 783 1186 non
810 1137 1014 1185 tantum
1044 1136 1104 1184 ut
1140 1127 1371 1182 sciamus
1394 1124 1456 1181 in
1481 1132 1732 1196 quantam
1773 1121 2106 1179 altitudinem

518 1232 673 1291 aqua:
698 1220 1030 1289 pervenerint
1056 1239 1071 1273 :
1095 1218 1189 1274 sed
1211 1226 1270 1273 ut
1292 1218 1451 1272 simul
1474 1216 1746 1273 videamus
1762 1213 1965 1270 nullum
1987 1226 2106 1269 om-

520 1312 649 1366 nino
675 1310 892 1378 animal,
914 1310 1009 1371 vel
1036 1310 1222 1373 feram,
1249 1308 1331 1364 vel
1361 1308 1659 1378 jumentum
1686 1306 1928 1361 relictum
1948 1318 2100 1371 esse.

518 1402 611 1456 sed
638 1402 812 1456 omnia
838 1416 959 1457 cum
983 1399 1218 1456 humano
1247 1414 1443 1470 genere
1466 1398 1663 1454 deleta.
1694 1397 1951 1464 Quoniam
1979 1411 2104 1467 pro-

520 1504 638 1561 pter
656 1496 826 1563 ipsum
848 1494 1025 1549 omnia
1053 1493 1307 1562 producta
1336 1500 1505 1555 erant,
1531 1482 1653 1545 inde
1671 1490 1934 1544 abolendo
1957 1504 2099 1549 eum.

525 1587 714 1639 merito
741 1597 788 1639 et
828 1586 940 1641 lucc
970 1582 1231 1639 abolenda
1263 1572 1437 1636 erant:
1464 1580 1651 1636 Postea
1682 1579 1767 1633 ubi
1800 1574 1979 1634 docuit
2005 1595 2102 1636 nos

521 1675 573 1728 in
601 1688 853 1745 quamam
897 1674 1229 1727 altitudinem
1257 1660 1555 1725 accreverit
1584 1684 1844 1740 aquarum
1882 1680 2098 1739 natura,

518 1780 707 1833 nempe
730 1766 867 1834 quod
890 1765 990 1818 alta
1015 1765 1275 1820 montium
1297 1760 1892 1831 eacutttiuaquindecim
1913 1760 2103 1816 cubitis

520 1849 931 1913 transeuntlct‘it,
946 1849 1159 1904 solitam
1174 1848 1673 1922 suamdiligentiam
1693 1863 1910 1906 servans
1934 1850 2062 1907 dicit
2086 1870 2098 1904 :

516 1944 602 1997 2i.
656 1942 715 1995 Et
754 1953 950 1997 mortua
989 1951 1062 1998 est
1084 1942 1244 1997 omnis
1282 1957 1401 1996 caro
1426 1982 1440 2007 ,
1465 1956 1578 2008 qua
1616 1942 1913 1995 mouebatur
1956 1957 2105 2014 super

518 2044 725 2099 terram,
755 2034 1035 2089 volantium
1056 2074 1072 2099 ,
1094 2043 1139 2087 et
1159 2033 1527 2099 jtmtcntorutn,
1554 2042 1605 2085 et
1644 2026 1864 2101 {eruunt
1892 2040 1937 2085 et
1956 2046 2105 2086 omne

516 2128 693 2195 reptile
729 2126 863 2195 quod
900 2123 1183 2178 movebatur
1210 2136 1361 2191 super
1379 2130 1564 2175 terram
1588 2161 1602 2186 ,
1636 2130 1682 2174 et
1708 2120 1870 2176 omnis
1911 2120 2097 2195 homo},

513 2217 601 2270 2'2.
625 2224 669 2270 et
691 2218 857 2269 omnia
878 2230 989 2284 quo:
1009 2216 1189 2266 habent
1206 2212 1442 2281 spuitam
1462 2214 1592 2277 vita,
1614 2221 1657 2264 ει
1681 2226 1979 2281 quicumque
1995 2220 2101 2266 erat

519 2324 671 2379 super
707 2307 904 2360 aridam
926 2350 938 2371 ,
982 2313 1208 2359 mortuus
1235 2314 1326 2357 est.
1361 2302 1545 2372 Neque
1570 2302 1672 2356 hoc
1699 2301 2013 2373 simpliciter
2050 2311 2102 2358 et

512 2400 711 2468 alisque
737 2409 894 2452 causa
924 2397 1057 2453 dixit
1086 2413 1099 2449 :
1130 2393 1199 2448 Et
1229 2395 1390 2446 omnis
1419 2410 1501 2465 qut
1543 2405 1647 2446 erat
1674 2404 1831 2453 super
1858 2395 2056 2472 aridam
2084 2410 2101 2446 :

513 2488 607 2544 sed
633 2500 691 2543 ut
716 2497 767 2544 te
791 2486 981 2542 doceat
1000 2500 1185 2540 omnes
1205 2484 1416 2555 quidem
1438 2483 1679 2555 periisse,
1695 2472 1896 2554 justum
1925 2493 2102 2541 autem

511 2580 683 2636 solum
723 2594 843 2634 cum
880 2578 1128 2635 omnibus
1162 2579 1234 2633 iis
1262 2580 1353 2648 qui
1395 2578 1447 2632 in
1475 2592 1595 2632 arca
1639 2588 1792 2634 erant
1828 2590 2100 2633 servatum

516 2685 657 2728 esse.
702 2670 836 2726 Nam
864 2669 953 2725 isti
982 2668 1269 2725 secundum
1312 2667 1616 2723 mandatum
1647 2666 1853 2741 Domini
1875 2710 1889 2735 ,
1919 2668 2105 2724 reliCta

511 2764 684 2831 arida,
711 2778 891 2829 arcam
919 2759 1364 2817 conscenderant.
1387 2761 1475 2815 25.
1510 2756 1579 2813 Et
1612 2758 1789 2814 deleuit
1819 2760 1971 2815 mune
1986 2776 2101 2815 sur-

507 2870 631 2927 gens
671 2854 803 2923 quod
823 2862 933 2908 erat
971 2867 1121 2923 super
1144 2850 1325 2923 facient
1376 2849 1539 2905 omnis
1578 2844 1779 2915 terra,
1806 2850 2108 2906 ab"th

509 2960 665 3014 usque
682 2944 749 2998 ad
770 2959 939 3013 pecus,
962 2951 1006 2995 et
1028 2941 1248 3011 reptilia,
1268 2949 1313 2994 et
1334 2938 1559 2993 volatilia
1577 2937 1713 3005 ca'ti,
1733 2946 1782 2993 et
1800 2938 1966 2995 deleto
1986 2949 2103 2993 sunt

517 3039 583 3092 de
607 3048 763 3091 terra.
794 3034 926 3090 Vide
950 3033 1219 3106 quomodo
1240 3043 1290 3087 et
1319 3031 1483 3087 semel
1512 3038 1568 3087 et
1594 3031 1788 3085 iterum
1813 3040 1974 3101 atque
1993 3046 2097 3087 sa:-

514 3128 633 3199 pius
672 3140 1011 3183 communem
1052 3124 1289 3180 omnium
1333 3122 1606 3178 interitum
1646 3116 1835 3177 doceat
1876 3120 2103 3188 factum,

513 3227 568 3272 et
593 3217 733 3288 quod
764 3214 895 3272 nihil
922 3212 1211 3269 viventium
1237 3210 1483 3283 eﬂ’ugerit
1501 3252 1517 3279 ,
1546 3209 1641 3266 sed
1669 3210 1771 3266 sub
1798 3210 1953 3281 aquis
1995 3209 2104 3266 suf-

514 3309 741 3363 focatum
756 3308 823 3361 sit
840 3320 998 3360 omne
1018 3314 1122 3359 tam
1141 3303 1436 3367 hominum.
1451 3316 1609 3373 quam
1625 3299 1900 3357 brutorum
1915 3315 2101 3373 genus.

517 3398 582 3454 Et
600 3400 801 3453 relictus
820 3406 911 3463 est,
937 3397 1127 3468 inquit,
1153 3395 1290 3449 solus
1317 3392 1451 3457 Noe,
1476 3403 1523 3446 et
1547 3392 1632 3463 qui
1650 3408 1763 3446 cum
1783 3392 1875 3447 illo
1891 3393 1942 3449 in
1963 3408 2100 3447 arca.

450 3541 457 3546 .
514 3493 603 3549 24.
637 3491 701 3547 Et
730 3489 953 3546 exaltata
985 3499 1058 3544 est
1087 3502 1220 3558 aqua
1244 3500 1398 3555 super
1417 3482 1604 3543 terram
1629 3495 1826 3538 centum
1854 3484 2106 3552 quinqua-

513 3585 654 3656 ginta
680 3579 876 3643 diebus.
902 3579 1006 3634 Tot
1031 3577 1223 3634 diebus
1244 3616 1259 3640 ,
1289 3576 1460 3646 inquit
1478 3616 1493 3641 ,
1520 3571 1727 3630 mansit
1752 3575 1993 3629 sublimis
2020 3574 2105 3629 illa

514 3686 769 3744 aquarum
795 3669 1039 3726 altitudo.
1072 3667 1267 3723 lterum
1316 3666 1474 3721 etiam
1508 3665 1595 3720 hic
1630 3669 1801 3735 cogita
1822 3665 1950 3734 justi
1988 3679 2105 3720 ma-

513 3764 923 3837 gnanimitatem
954 3770 1009 3817 et
1040 3759 1391 3815 excellentem
1418 3757 1805 3812 fortitudinem.
1832 3756 1967 3823 Quid
1999 3771 2105 3811 non

520 3870 710 3926 passus
736 3861 818 3909 est
842 3853 1021 3913 animo
1044 3850 1353 3920 concipiens
1375 3891 1389 3914 ,
1421 3862 1485 3903 ac
1511 3848 1895 3917 propemodum
1929 3857 2107 3904 mente

518 3946 701 4002 videns
724 3958 951 4015 corpora
984 3942 1256 3996 hominum
1285 3939 1746 4011 etjumcntorum,
1784 3940 2104 3995 mundorum

514 4047 570 4093 ct
598 4036 989 4091 immundorutn
1010 4077 1026 4100 ,
1048 4046 1382 4089 communem
1410 4041 1638 4087 mortem
1666 4030 1978 4087 sustinentia
2000 4072 2014 4097 ,
2045 4041 2101 4086 et

520 4127 683 4182 simul
704 4125 989 4182 commixta
1014 4164 1030 4190 ,
1065 4121 1376 4192 nullumque
1420 4121 1472 4175 in
1501 4120 1749 4175 omnibus
1775 4119 2107 4176 discrimen?

522 4220 805 4283 Praeterea,
830 4216 957 4287 quid
981 4228 1169 4287 passus
1188 4224 1289 4279 est,
1314 4212 1524 4283 quando
1548 4210 1688 4282 apud
1708 4227 1767 4267 se
1786 4212 2107 4282 recogitabat

519 4307 881 4372 solitudinem,
903 4304 1399 4371 vastitatem,vitam
1417 4303 1561 4357 illam
1582 4301 1852 4358 doloribus
1872 4302 2103 4371 plenam,

521 4398 866 4456 omuisolatio
877 4394 1106 4467 undique
1116 4395 1437 4458 destitutam,
1455 4407 1627 4464 neque
1638 4392 1923 4462 colloquio,
1936 4409 2107 4465 neque

519 4500 735 4561 aspectu
759 4488 1044 4559 jucundam
1069 4501 1220 4543 :eum
1253 4500 1358 4541 non
1390 4486 1546 4555 plane
1572 4484 1731 4539 sciret
1752 4494 1948 4554 quanto
1970 4494 2104 4540 tem-

523 4598 648 4654 pore
668 4580 884 4637 ferenda
905 4587 1049 4635 esset
1078 4577 1167 4632 illa
1196 4578 1248 4631 in
1281 4591 1495 4632 carcere
1518 4574 1658 4631 vita?
1684 4574 1945 4641 Quamdiu
1966 4578 2106 4631 enim

520 4674 774 4743 strepitus
795 4684 1070 4742 aquarum,
1088 4676 1318 4724 etmstus
1340 4676 1515 4733 erant,
1537 4671 1779 4728 timorem
1798 4664 1847 4719 in
1867 4667 1957 4721 illo
1972 4681 2106 4736 quo-

523 4768 650 4823 tidie
674 4773 1008 4821 crescentem
1039 4759 1383 4833 generabant.
1435 4756 1571 4825 Quid
1598 4756 1738 4811 enim
1768 4756 1985 4825 jucundi
2010 4772 2103 4811 su-

522 4859 719 4931 spicari
744 4858 857 4926 ipse
882 4864 1109 4925 peterat,
1132 4854 1221 4923 qui
1252 4849 1465 4935 videbat
1490 4861 1701 4904 centum
1732 4848 2105 4919 quinquaginta

523 4953 640 5023 dies
665 4963 828 5019 aquas
850 4952 904 5002 in
923 4945 1109 5001 eadem
1134 4944 1285 5011 copia
1298 4939 1608 5005 manentes,
1637 4948 1687 4995 et
1711 4940 1762 4995 in
1792 4940 1955 4995 altum
1982 4941 2107 4995 sub-

525 5043 656 5095 latas
696 5054 763 5094 ne
804 5037 1079 5092 minimum
1116 5033 1329 5104 quidem
1362 5030 1683 5087 subsidere?
1725 5029 2104 5085 Verumtamen

446 5108 451 5115 ’
526 5131 729 5186 ferebat
774 5128 1023 5191 fortiter,
1068 5127 1244 5181 sciens
1271 5123 1484 5178 Domini
1526 5124 2004 5191 omnipotentiam,
2045 5133 2102 5178 et

528 5224 698 5290 ipsum
748 5229 940 5289 utpote
975 5214 1316 5272 Conditorem
1365 5222 1566 5267 naturae
1612 5213 1786 5266 omnia
1817 5227 1913 5281 pro
1958 5214 2105 5268 libito

527 5314 721 5377 facere,
744 5322 798 5366 et
823 5310 1220 5373 transfortnare,
1247 5320 1414 5374 neque
1435 5319 1577 5373 ωερε
1605 5302 1806 5357 ferebat
1836 5304 1974 5372 quod
1998 5304 2103 5359 illic

525 5414 666 5460 esset
714 5401 1049 5456 versandum.
1100 5396 1229 5451 Nam
1281 5396 1373 5449 Dei
1415 5394 1582 5464 gratia
1631 5393 1914 5447 robus-nbat
1964 5394 2105 5448 illius

527 5492 871 5551 alacritatem,
896 5496 951 5542 et
974 5485 1325 5543 subicientem
1353 5484 1623 5554 premebat
1649 5482 2064 5538 consolationem
2087 5524 2103 5548 ,

532 5580 933 5653 ueqne'sinebat
973 5581 1081 5635 labi
1105 5586 1338 5632 mentem
1364 5616 1380 5641 ,
1422 5586 1477 5629 et
1504 5576 1740 5644 cogitare
1779 5574 1974 5643 aliquid
2015 5585 2106 5628 aut

530 5687 712 5744 parum
742 5672 914 5736 virile,
960 5682 1047 5725 aut
1073 5672 1247 5726 minus
1271 5681 1606 5739 generosum.
1640 5665 1770 5733 Quia
1794 5667 1933 5719 enim
1962 5665 2105 5735 prius

532 5766 672 5842 quod
709 5780 860 5819 suum
889 5772 1003 5817 erat
1041 5761 1352 5817 adhibuerat
1378 5804 1391 5827 ,
1419 5776 1613 5831 nempe
1645 5760 1850 5813 virtutis
1882 5759 2101 5828 diligen-

1269 375 1327 433 S.
1366 372 1643 432 JOANNIS
1666 364 2140 432 cunmm
2160 394 2161 397 η
2184 366 2506 428 Λιιεηιερ.
2537 368 3073 429 CONSTANTINOP.

2218 481 2382 547 tiam.
2419 482 2638 551 justh
2682 483 2952 556 vigorem,
2993 482 3115 540 fidei
3154 483 3564 557 excellentiam;
3590 483 3791 546 deinde

2212 586 2407 644 magna
2432 588 2554 630 cum
2582 572 2822 630 ubertate
2845 585 3164 646 assequutus
3184 583 3268 632 est
3288 589 3355 633 ea
3376 590 3496 647 quas
3518 591 3553 632 a
3568 575 3797 636 Domino

2210 664 2683 733 suppeditabantur
2703 678 2720 731 ;
2742 665 2992 722 nimirum
3022 664 3362 736 patientiam,
3390 658 3751 726 tantth
3773 710 3794 726 .

2210 748 2517 813 facultatem
2558 756 2736 811 omnia
2786 766 3067 813 mansuete
3113 756 3319 814 ferendi
3344 758 3800 835 ,σακία-ἄφιε

2210 853 2351 896 area:
2369 842 2806 901 inlubitatiouem
2828 844 2962 926 citra
2984 845 3168 902 damni
3182 846 3796 921 corruptio-squalen-

2208 934 3182 1006 mutiquebestiarumeonvietum
3211 937 3557 998 fastidiendi.
3609 967 3612 969 λ
3662 962 3713 975 υ

2290 1020 2343 1077 7.
2384 1022 2603 1081 Herulis
2620 1026 3069 1097 exhortationes:
3088 1045 3311 1100 unus
3338 1030 3508 1103 gratia
3526 1030 3657 1104 nihil
3674 1032 3798 1087 busti

2208 1125 2360 1181 qm
2384 1127 2672 1184 mm
2688 1145 2761 1157 -
2780 1116 2932 1173 Illum
2951 1118 3110 1189 igitur
3128 1118 3332 1190 justum
3348 1161 3369 1189 ,
3394 1120 3638 1186 obsceno,
3663 1120 3796 1178 imi-

2211 1208 2391 1265 temur
2423 1212 2480 1260 et
2519 1219 2649 1271 nos,
2673 1220 2999 1278 operamque
3021 1208 3227 1277 demus,
3252 1218 3313 1266 ut
3349 1208 3636 1267 aderamus
3670 1226 3799 1283 qua

2209 1304 2391 1349 nostra
2417 1304 2573 1364 sunt,
2602 1308 2658 1353 ut
2698 1298 2887 1371 dignos
2925 1314 3026 1356 nos
3052 1301 3200 1372 ipsos
3245 1318 3495 1374 paremus
3526 1303 3594 1362 iis
3614 1320 3741 1378 qua
3765 1321 3803 1360 a

2208 1383 2321 1440 Deo
2344 1384 2557 1441 dantur.
2586 1386 2716 1442 Nam
2755 1390 2952 1447 ideirco
2975 1400 3251 1461 exspectat
3270 1394 3579 1451 occasiones
3603 1410 3671 1459 ex
3695 1411 3805 1452 no-

2213 1476 2328 1546 bis,
2364 1485 2424 1533 ut
2487 1480 2706 1536 multam
2754 1482 3004 1538 exhibeat
3047 1483 3443 1543 liberalitatem.
3496 1485 3677 1560 Itaque
3726 1504 3802 1544 ne

2208 1577 2429 1641 propter
2457 1570 2713 1628 desidiam
2742 1575 3009 1633 nrivemus
3035 1591 3133 1632 nos
3158 1578 3305 1642 illius
3319 1578 3495 1647 donis,
3518 1580 3616 1637 sed
3639 1580 3800 1637 festi-

2202 1674 2398 1719 nemus
2421 1673 2476 1720 et
2500 1680 2781 1734 urgeamus
2804 1707 2818 1731 ,
2855 1676 2911 1719 ut
2940 1668 3257 1739 principium
3289 1670 3762 1743 appium-adamas
3783 1714 3802 1738 ,

2209 1763 2261 1810 et
2288 1756 2425 1809 viam
2453 1772 2572 1827 quae
2597 1758 2662 1812 ad
2692 1759 2944 1816 virtutem.
2982 1760 3186 1816 inducit
3215 1780 3229 1815 :
3264 1771 3323 1819 ut
3351 1777 3587 1835 superno
3625 1766 3805 1836 adjuti

2206 1844 2463 1914 subsidio,
2489 1849 2652 1902 etiam
2674 1848 2741 1903 ad
2768 1848 2929 1905 linem
2968 1854 3247 1921 pervenire
3275 1857 3566 1910 valeamus.
3603 1855 3833 1937 Nequa,

2207 1940 2347 1995 enim
2366 1941 2619 2012 possibile
2644 1951 2725 1998 est
2746 1942 2943 1999 bonum
2970 1945 3183 2016 aliquod
3203 1962 3299 2004 nos
3332 1957 3479 2006 recte
3501 1965 3662 2022 agere
3682 1966 3800 2007 non

2207 2028 2418 2101 adjutus
2444 2022 2673 2101 superna
2699 2033 2890 2100 gratia.
2918 2034 3079 2104 igitur
3110 2036 3243 2091 tales
3267 2039 3454 2106 simus,
3475 2042 3565 2109 qui
3590 2056 3805 2111 appeti-

2205 2121 2395 2177 damus
2420 2138 2517 2178 nos
2544 2124 2595 2177 in
2620 2138 2772 2203 spem
2792 2139 2909 2194 qua-
2940 2126 2991 2180 in
3020 2126 3185 2182 Deum
3214 2138 3318 2196 est,
3335 2129 3484 2199 quasi
3511 2131 3564 2186 in
3591 2131 3802 2188 ancho-

2206 2226 2321 2267 ram
2346 2213 2576 2281 aliquam
2608 2221 2771 2268 tutam
2798 2224 2851 2270 et
2876 2216 3153 2284 stabilem,
3184 2228 3238 2273 et
3279 2232 3348 2274 ne
3393 2220 3461 2274 ad
3505 2220 3750 2278 laborent
3785 2225 3801 2254 ί

2206 2302 2415 2356 Virl'tlis
2433 2303 2780 2373 respiciamus
2798 2344 2813 2371 ,
2843 2303 2935 2358 sed
2964 2304 3363 2363 considerantes
3386 2309 3804 2366 retributionem

2207 2406 2327 2462 qua:
2358 2391 2591 2447 laborem
2619 2396 2879 2463 sequitur,
2910 2393 3099 2452 leviter
3122 2398 3299 2451 omnia
3323 2395 3574 2455 feramus.
3607 2399 3802 2469 Siqui-

2208 2481 2328 2537 dem
2357 2484 2673 2551 negotiator,
2704 2484 2986 2553 siquando
3014 2500 3084 2542 ex
3119 2495 3276 2557 portu
3312 2502 3559 2559 egressus
3594 2490 3647 2546 in
3679 2508 3801 2547 ωας

2207 2572 2354 2629 dium
2374 2575 2535 2631 maris
2564 2575 2806 2641 venerit,
2842 2590 2947 2630 non
2964 2577 3074 2646 jam
3099 2577 3475 2649 piratatruon
3499 2581 3800 2654 naufragia,

2209 2679 2313 2719 non
2336 2667 2568 2720 marinas
2588 2667 2810 2734 belluas,
2841 2682 2948 2723 non
2975 2677 3255 2724 ventorum
3283 2671 3554 2739 incursus,
3576 2684 3629 2729 ct
3657 2689 3768 2731 eun
3788 2709 3800 2716 -

2210 2758 2388 2814 tineas
2407 2767 2768 2829 tempestates,
2791 2768 2844 2815 et
2863 2762 3030 2815 multa
3046 2761 3332 2817 infortunia
3358 2764 3556 2834 cogitat
3582 2764 3805 2832 solum,

2208 2849 2301 2903 sed
2329 2848 2489 2903 etiam
2536 2849 2682 2904 lucra
2725 2852 2828 2907 sibi
2873 2852 3166 2907 obventura
3187 2893 3202 2917 ,
3230 2868 3351 2909 cum
3378 2854 3465 2910 illa
3503 2855 3756 2927 ellugerit
3786 2877 3801 2911 :

2209 2952 2413 3011 speque
2438 2937 2627 3007 fultus,
2652 2954 2841 2996 omnes
2866 2942 3151 3011 prtedietas
3171 2956 3439 2999 arumnas
3466 2945 3616 3000 facile
3643 2948 3801 3006 exet.

2210 3028 2307 3099 pit,
2338 3038 2395 3084 ut
2416 3031 2587 3085 auctis
2612 3030 2805 3099 opibus
2840 3031 2950 3085 suis
2986 3030 3200 3086 domum
3228 3033 3435 3091 redeat.
3463 3035 3533 3090 Et
3561 3036 3801 3106 agricola

2211 3133 2318 3174 nou
2347 3118 2683 3189 agricultura:
2703 3126 2907 3175 tantum
2931 3120 3143 3176 labores
3170 3124 3390 3192 cogitat,
3413 3134 3469 3179 et
3491 3126 3709 3188 imbres,
3745 3137 3802 3182 ct

2211 3218 2371 3265 term
2408 3209 2745 3266 sterilitatem
2772 3225 2882 3278 ,-ac
2925 3211 3188 3283 rubiginis
3227 3214 3535 3282 incursum,
3566 3216 3801 3272 locusta.

2210 3313 2436 3370 rumque
2481 3298 2706 3370 damna,
2733 3302 2828 3358 sed
2873 3311 2929 3358 et
2978 3317 3156 3359 aream
3183 3313 3238 3360 et
3271 3306 3574 3378 manipulos
3613 3309 3804 3367 animo

2210 3403 2393 3445 secum
2431 3389 2778 3461 describens,
2804 3391 3015 3449 fortiter
3037 3392 3138 3452 fert
3161 3396 3342 3452 omnia
3362 3438 3377 3465 ,
3409 3406 3464 3453 et
3489 3414 3599 3469 pra:
3632 3399 3802 3456 bono-

2210 3495 2331 3535 rum
2379 3483 2778 3553 esspectatione
2825 3498 2998 3556 neque
3045 3484 3258 3542 labores
3298 3486 3464 3543 sentit
3500 3506 3515 3543 :
3550 3492 3804 3560 quamvis

2212 3575 2384 3630 incert
2399 3595 2429 3628 υ
2454 3590 2580 3645 spes
2616 3579 2744 3644 sint,
2768 3586 3132 3634 verumtamen
3161 3593 3259 3649 spe
3286 3579 3493 3636 meliori
3534 3584 3799 3652 pascitur,

2211 3679 2312 3721 nee
2336 3666 2607 3722 renuntiat
2642 3668 2912 3725 laboribus
2932 3709 2947 3735 ,
2974 3670 3069 3737 sed
3095 3671 3273 3725 omnia
3307 3687 3428 3741 qua:
3454 3672 3521 3727 ad
3546 3689 3607 3730 se
3632 3678 3801 3746 perti-

2210 3766 2340 3812 nent
2364 3757 2594 3813 aﬂcrens
2617 3799 2632 3825 ,
2660 3770 2941 3830 exspectat
2979 3770 3036 3815 ut
3061 3762 3346 3833 aliquando
3374 3762 3614 3821 laborum
3644 3770 3796 3824 acci-

2211 3848 2321 3918 piat
2346 3849 2644 3904 mercedes.
2677 3851 2741 3905 Et
2766 3851 2923 3907 miles
2939 3866 3151 3923 quoque
3176 3856 3268 3926 qui
3289 3859 3512 3912 assumit
3535 3873 3684 3914 arma
3703 3900 3722 3927 ,
3742 3874 3799 3918 et

2159 3980 2167 3987 .
2212 3938 2265 3993 in
2297 3940 2539 4009 praelium
2566 3940 2838 4011 egreditur
2861 3984 2877 4009 ,
2909 3957 3015 3999 non
3054 3945 3253 4016 cogitat
3296 3947 3519 4004 vulnera
3548 3959 3754 4007 tantum
3780 3996 3799 4019 ,

2212 4029 2406 4097 caedes,
2437 4040 2491 4086 et
2516 4031 2750 4087 hostium
2790 4034 3035 4089 incursus
3055 4077 3069 4101 ,
3102 4037 3342 4107 aliasque
3369 4055 3635 4096 atrutnnas
3656 4084 3670 4108 ,
3699 4046 3798 4099 SCtl

2212 4122 2373 4178 etiam
2402 4124 2686 4189 victorias,
2717 4132 2773 4178 et
2804 4124 3101 4195 triumphos
3143 4129 3244 4183 sibi
3271 4130 3624 4202 prasiingens,
3648 4139 3796 4190 Otlttti

2212 4223 2485 4271 armatura
2501 4228 2562 4271 se
2584 4214 2756 4270 munit
2773 4257 2786 4281 ,
2819 4225 2873 4271 ct
2900 4231 3022 4272 cum
3054 4217 3288 4275 incertus
3312 4221 3466 4277 valde
3489 4225 3560 4277 sit
3580 4226 3758 4283 exitus
3780 4270 3795 4293 ,

2212 4315 2268 4360 et
2295 4303 2491 4360 damna
2518 4306 2865 4372 immineant,
2888 4309 3117 4379 repulsis
3139 4310 3205 4365 iis
3228 4311 3476 4368 omnibus
3495 4327 3562 4369 es
3588 4319 3796 4384 animo,

2211 4412 2276 4452 ac
2316 4398 2459 4453 bona
2498 4412 2593 4469 spe
2629 4400 2927 4470 proposita,
2952 4402 3103 4472 ponit
3140 4415 3355 4461 omnem
3404 4414 3671 4475 torporem
3694 4451 3709 4473 ,
3741 4422 3797 4466 et

2210 4490 2446 4560 acceptis
2469 4491 2634 4545 armis
2652 4500 2836 4547 contra
2859 4492 3091 4548 hostium
3111 4495 3280 4549 aciem
3304 4509 3575 4567 properat.
3610 4499 3795 4569 igitur,

2211 4583 2420 4644 dilecti,
2449 4583 2491 4637 si
2521 4584 2838 4659 negotiator,
2865 4593 2917 4639 et
2943 4584 3095 4640 miles
3112 4628 3127 4651 ,
3154 4596 3209 4639 et
3234 4589 3486 4656 agricola,
3518 4589 3605 4645 ubi
3626 4600 3682 4646 et
3708 4592 3796 4648 in.-

2212 4687 2357 4732 certa
2403 4690 2550 4746 spes,
2589 4684 2644 4731 et
2690 4677 2873 4746 plures
2916 4677 3309 4745 frustrationes,
3352 4690 3512 4751 atque
3560 4683 3797 4754 impedi-

2214 4779 2393 4823 ntenta
2416 4808 2430 4832 ,
2458 4770 2595 4823 sicut
2623 4767 2848 4824 audistis
2868 4810 2882 4833 ,
2913 4770 3077 4823 multa
3107 4782 3163 4825 et
3190 4770 3330 4826 varia
3348 4813 3363 4838 ,
3387 4787 3491 4827 non
3523 4773 3591 4829 ita
3624 4776 3797 4831 refos-

2211 4860 2381 4917 midat
2406 4859 2633 4921 labores,
2661 4868 2719 4914 ut
2764 4874 2794 4914 a
2832 4860 3039 4916 meliori
3082 4871 3363 4930 propterea
3393 4877 3489 4932 spe
3521 4865 3745 4921 desistat
3777 4885 3793 4923 :

2211 4950 2355 5023 quali
2376 4964 2472 5005 nos
2492 4951 2645 5005 venia
2662 4951 2805 5022 digni
2824 4951 3026 5006 erimus
3050 4953 3121 5006 ita
3147 4952 3478 5023 negligentes
3510 4956 3576 5012 ad
3600 4972 3791 5028 capes-

2210 5044 2433 5100 sendam
2460 5043 2729 5107 virtutem,
2750 5053 2807 5098 et
2826 5060 2932 5099 non
2954 5058 3168 5099 onmem
3197 5044 3433 5101 laborem
3455 5057 3644 5116 sponte
3666 5051 3790 5105 sub-

2211 5145 2435 5204 euntes,
2474 5151 2595 5190 cum
2627 5145 2735 5190 tam
2776 5150 2965 5191 secura
2994 5146 3173 5191 nostra
3220 5152 3345 5206 spes
3384 5140 3487 5204 sit,
3540 5150 3795 5213 tant-aquo

2211 5230 2350 5285 bona
2378 5230 2532 5284 nobis
2561 5228 2824 5297 reposita,
2852 5242 2915 5280 ac
2954 5228 3170 5297 praemia
3209 5240 3262 5283 et
3304 5231 3580 5286 mercedes
3612 5235 3793 5288 omnia

2211 5338 2329 5395 quae
2355 5339 2383 5377 a
2411 5323 2562 5376 nobis
2588 5331 2731 5375 recte
2755 5329 3010 5390 geruntur
3034 5321 3212 5376 multis
3232 5325 3471 5392 partibus
3596 5344 3639 5378 ες
3656 5335 3746 5379 ent
3771 5324 3797 5379 1’

2213 5412 2348 5467 Audi
2375 5413 2534 5482 igitur
2550 5413 2762 5467 beatum
2800 5410 3042 5476 Paulum,
3064 5422 3183 5479 post
3213 5422 3383 5465 tantas
3410 5422 3463 5468 ct
3495 5418 3632 5470 tales
3657 5417 3791 5473 allii-

2210 5508 2443 5569 ctioncs,
2474 5514 2528 5560 et
2552 5505 2618 5557 ad
2650 5502 2928 5557 tribunalia
2957 5504 3329 5567 abductiones,
3360 5520 3401 5549 ιη’

2277 5646 2291 5672 ι
2329 5640 2470 5707 savil.
2492 5649 2542 5688 et
2560 5645 2770 5707 quatuor
2797 5645 2900 5707 itm.
2938 5639 3006 5685 sic
3029 5637 3212 5686 habent
3235 5651 3256 5707 :_
3282 5639 3429 5699 Igitur
3454 5639 3502 5707 in
3524 5654 3657 5700 spem
3680 5642 3782 5699 Dei,

2216 5710 2355 5765 Cltttst
2387 5701 2437 5751 in
2460 5699 2720 5749 uttchomut
2744 5706 2927 5765 tutam,
2954 5712 3036 5748 nos
3066 5702 3403 5761 appendeutes.
3435 5702 3503 5751 stt:
3527 5699 3686 5754 mum
3704 5720 3782 5765 ιιυ.

2216 5763 2515 5825 (punitorum;
2540 5768 2585 5810 et
2608 5773 2665 5809 ne
2688 5762 2751 5808 art
2775 5762 2999 5815 (ultorem.

3680 371 3897 435 Si!"
