  <div class='ocr_page' id='page_1' title='image "/cluster/home/n/w/nwhite01/storage/ocr_20150623/53/ien.35556001660802/231.png"; bbox 0 0 4070 6414; ppageno 0'>
   <div class='ocr_carea' id='block_1_1' title="bbox 342 397 446 453">
    <p class='ocr_par' dir='ltr' id='par_1_1' title="bbox 342 397 446 453">
     <span class='ocr_line' id='line_1_1' title="bbox 342 397 446 453; baseline -0.01 0"><span class='ocrx_word' id='word_1_1' title='bbox 342 397 446 453; x_wconf 67' lang='lat'>219</span> 
     </span>
    </p>
   </div>
   <div class='ocr_carea' id='block_1_2' title="bbox 341 507 2000 583">
    <p class='ocr_par' dir='ltr' id='par_1_2' title="bbox 341 507 2000 583">
     <span class='ocr_line' id='line_1_2' title="bbox 341 507 2000 583; baseline -0.004 -17"><span class='ocrx_word' id='word_1_2' title='bbox 341 513 468 576; x_wconf 82' lang='grc' dir='ltr'>τοὺς</span> <span class='ocrx_word' id='word_1_3' title='bbox 491 511 916 583; x_wconf 81' lang='grc' dir='ltr'>καθημερινούς·</span> <span class='ocrx_word' id='word_1_4' title='bbox 950 514 1072 568; x_wconf 82' lang='grc' dir='ltr'>οὐκ</span> <span class='ocrx_word' id='word_1_5' title='bbox 1104 510 1240 576; x_wconf 77' lang='grc' dir='ltr'>ἀξια</span> <span class='ocrx_word' id='word_1_6' title='bbox 1267 511 1339 565; x_wconf 83' lang='grc' dir='ltr'>τὰ</span> <span class='ocrx_word' id='word_1_7' title='bbox 1379 511 1700 580; x_wconf 75' lang='grc' dir='ltr'>παθήματα</span> <span class='ocrx_word' id='word_1_8' title='bbox 1746 508 1852 562; x_wconf 79' lang='grc' dir='ltr'>τοῦ</span> <span class='ocrx_word' id='word_1_9' title='bbox 1886 507 2000 561; x_wconf 79' lang='grc' dir='ltr'>νῦν</span> 
     </span>
    </p>
   </div>
   <div class='ocr_carea' id='block_1_3' title="bbox 341 591 2003 668">
    <p class='ocr_par' dir='ltr' id='par_1_3' title="bbox 341 591 2003 668">
     <span class='ocr_line' id='line_1_3' title="bbox 341 591 2003 668; baseline -0.007 -11"><span class='ocrx_word' id='word_1_10' title='bbox 341 599 547 667; x_wconf 74' lang='grc' dir='ltr'>καιροῦ</span> <span class='ocrx_word' id='word_1_11' title='bbox 580 599 731 667; x_wconf 69' lang='grc' dir='ltr'>πρὸς</span> <span class='ocrx_word' id='word_1_12' title='bbox 762 598 879 667; x_wconf 70' lang='grc' dir='ltr'>τὴν</span> <span class='ocrx_word' id='word_1_13' title='bbox 904 600 1260 668; x_wconf 66' lang='grc' dir='ltr'>μέλλουσαν</span> <span class='ocrx_word' id='word_1_14' title='bbox 1291 599 1482 662; x_wconf 75' lang='grc' dir='ltr'>δόξαν</span> <span class='ocrx_word' id='word_1_15' title='bbox 1504 591 2003 664; x_wconf 63' lang='grc' dir='ltr'>ἀποκαλυφθῆναι</span> 
     </span>
    </p>
   </div>
   <div class='ocr_carea' id='block_1_4' title="bbox 340 681 1997 757">
    <p class='ocr_par' dir='ltr' id='par_1_4' title="bbox 340 681 1997 757">
     <span class='ocr_line' id='line_1_4' title="bbox 340 681 1997 757; baseline -0.005 -17"><span class='ocrx_word' id='word_1_16' title='bbox 340 687 428 751; x_wconf 79' lang='grc' dir='ltr'>εις</span> <span class='ocrx_word' id='word_1_17' title='bbox 466 685 642 754; x_wconf 75' lang='grc' dir='ltr'>ἡμᾶς.</span> <span class='ocrx_word' id='word_1_18' title='bbox 672 685 791 740; x_wconf 72' lang='grc' dir='ltr'>Κάν</span> <span class='ocrx_word' id='word_1_19' title='bbox 827 685 946 740; x_wconf 85' lang='grc' dir='ltr'>καθ’</span> <span class='ocrx_word' id='word_1_20' title='bbox 978 686 1216 755; x_wconf 73' lang='grc' dir='ltr'>ἑκάστην</span> <span class='ocrx_word' id='word_1_21' title='bbox 1250 686 1490 757; x_wconf 90' lang='grc' dir='ltr'>ἡμέραν,</span> <span class='ocrx_word' id='word_1_22' title='bbox 1534 685 1706 754; x_wconf 78' lang='grc' dir='ltr'>φησὶ,</span> <span class='ocrx_word' id='word_1_23' title='bbox 1749 681 1997 740; x_wconf 75' lang='grc' dir='ltr'>θανάτοις</span> 
     </span>
    </p>
   </div>
   <div class='ocr_carea' id='block_1_5' title="bbox 340 768 2000 842">
    <p class='ocr_par' dir='ltr' id='par_1_5' title="bbox 340 768 2000 842">
     <span class='ocr_line' id='line_1_5' title="bbox 340 768 2000 842; baseline -0.002 -18"><span class='ocrx_word' id='word_1_24' title='bbox 340 773 566 834; x_wconf 76' lang='grc' dir='ltr'>ἑαυτοὺς</span> <span class='ocrx_word' id='word_1_25' title='bbox 598 770 861 842; x_wconf 73' lang='grc' dir='ltr'>ἐκδιῖιμεν,</span> <span class='ocrx_word' id='word_1_26' title='bbox 903 771 1040 842; x_wconf 80' lang='grc' dir='ltr'>ὅπερ</span> <span class='ocrx_word' id='word_1_27' title='bbox 1089 771 1122 842; x_wconf 88' lang='grc' dir='ltr'>ἡ</span> <span class='ocrx_word' id='word_1_28' title='bbox 1167 772 1328 840; x_wconf 84' lang='grc' dir='ltr'>φύσις</span> <span class='ocrx_word' id='word_1_29' title='bbox 1374 773 1434 826; x_wconf 88' lang='grc' dir='ltr'>οὐ</span> <span class='ocrx_word' id='word_1_30' title='bbox 1462 772 1707 841; x_wconf 84' lang='grc' dir='ltr'>δέχεται,</span> <span class='ocrx_word' id='word_1_31' title='bbox 1739 771 1786 822; x_wconf 83' lang='grc' dir='ltr'>ει</span> <span class='ocrx_word' id='word_1_32' title='bbox 1828 769 1922 821; x_wconf 75' lang='grc' dir='ltr'>καὶ</span> <span class='ocrx_word' id='word_1_33' title='bbox 1965 768 2000 838; x_wconf 95' lang='grc' dir='ltr'>ἡ</span> 
     </span>
    </p>
   </div>
   <div class='ocr_carea' id='block_1_6' title="bbox 341 854 2004 929">
    <p class='ocr_par' dir='ltr' id='par_1_6' title="bbox 341 854 2004 929">
     <span class='ocr_line' id='line_1_6' title="bbox 341 854 2004 929; baseline -0.003 -18"><span class='ocrx_word' id='word_1_34' title='bbox 341 855 534 927; x_wconf 85' lang='grc' dir='ltr'>γνώμη</span> <span class='ocrx_word' id='word_1_35' title='bbox 568 857 771 911; x_wconf 81' lang='grc' dir='ltr'>νικῶσα</span> <span class='ocrx_word' id='word_1_36' title='bbox 797 857 896 926; x_wconf 85' lang='grc' dir='ltr'>τὴν</span> <span class='ocrx_word' id='word_1_37' title='bbox 932 856 1095 927; x_wconf 89' lang='grc' dir='ltr'>φύσιν</span> <span class='ocrx_word' id='word_1_38' title='bbox 1121 857 1210 911; x_wconf 84' lang='grc' dir='ltr'>διὰ</span> <span class='ocrx_word' id='word_1_39' title='bbox 1249 859 1348 929; x_wconf 79' lang='grc' dir='ltr'>τὴν</span> <span class='ocrx_word' id='word_1_40' title='bbox 1379 857 1470 911; x_wconf 85' lang='grc' dir='ltr'>τοῦ</span> <span class='ocrx_word' id='word_1_41' title='bbox 1511 857 1782 909; x_wconf 86' lang='grc' dir='ltr'>Δεσπότου</span> <span class='ocrx_word' id='word_1_42' title='bbox 1816 854 2004 924; x_wconf 84' lang='grc' dir='ltr'>φιλαν-</span> 
     </span>
    </p>
   </div>
   <div class='ocr_carea' id='block_1_7' title="bbox 343 939 2006 1015">
    <p class='ocr_par' dir='ltr' id='par_1_7' title="bbox 343 939 2006 1015">
     <span class='ocr_line' id='line_1_7' title="bbox 343 939 2006 1015; baseline -0.003 -18"><span class='ocrx_word' id='word_1_43' title='bbox 343 943 590 1015; x_wconf 89' lang='grc' dir='ltr'>θρωπίαν</span> <span class='ocrx_word' id='word_1_44' title='bbox 611 943 989 1012; x_wconf 87' lang='grc' dir='ltr'>στεφανοῦται,</span> <span class='ocrx_word' id='word_1_45' title='bbox 1016 945 1167 998; x_wconf 76' lang='grc' dir='ltr'>οὐδὲν</span> <span class='ocrx_word' id='word_1_46' title='bbox 1193 945 1338 1009; x_wconf 77' lang='grc' dir='ltr'>ἀξιον</span> <span class='ocrx_word' id='word_1_47' title='bbox 1367 943 1707 1014; x_wconf 78' lang='grc' dir='ltr'>ὑπομένομεν</span> <span class='ocrx_word' id='word_1_48' title='bbox 1735 944 1843 996; x_wconf 87' lang='grc' dir='ltr'>τῶν</span> <span class='ocrx_word' id='word_1_49' title='bbox 1875 939 2006 1012; x_wconf 79' lang='grc' dir='ltr'>μελ·</span> 
     </span>
    </p>
   </div>
   <div class='ocr_carea' id='block_1_8' title="bbox 342 1028 2008 1102">
    <p class='ocr_par' dir='ltr' id='par_1_8' title="bbox 342 1028 2008 1102">
     <span class='ocr_line' id='line_1_8' title="bbox 342 1028 2008 1102; baseline -0.002 -18"><span class='ocrx_word' id='word_1_50' title='bbox 342 1032 538 1085; x_wconf 85' lang='grc' dir='ltr'>λόντων</span> <span class='ocrx_word' id='word_1_51' title='bbox 566 1032 731 1102; x_wconf 80' lang='grc' dir='ltr'>ἡμᾶς,</span> <span class='ocrx_word' id='word_1_52' title='bbox 773 1033 928 1102; x_wconf 77' lang='grc' dir='ltr'>φησὶ,</span> <span class='ocrx_word' id='word_1_53' title='bbox 951 1031 1285 1101; x_wconf 78' lang='grc' dir='ltr'>διαδέχεσθαι</span> <span class='ocrx_word' id='word_1_54' title='bbox 1325 1030 1434 1084; x_wconf 89' lang='grc' dir='ltr'>τῶν</span> <span class='ocrx_word' id='word_1_55' title='bbox 1479 1030 1726 1098; x_wconf 88' lang='grc' dir='ltr'>ἀγαθῶν,</span> <span class='ocrx_word' id='word_1_56' title='bbox 1778 1030 1871 1082; x_wconf 78' lang='grc' dir='ltr'>καὶ</span> <span class='ocrx_word' id='word_1_57' title='bbox 1907 1028 2008 1097; x_wconf 77' lang='grc' dir='ltr'>τῆς</span> 
     </span>
    </p>
   </div>
   <div class='ocr_carea' id='block_1_9' title="bbox 340 1118 2006 1190">
    <p class='ocr_par' dir='ltr' id='par_1_9' title="bbox 340 1118 2006 1190">
     <span class='ocr_line' id='line_1_9' title="bbox 340 1118 2006 1190; baseline -0.001 -19"><span class='ocrx_word' id='word_1_58' title='bbox 340 1118 497 1186; x_wconf 77' lang='grc' dir='ltr'>δόξης</span> <span class='ocrx_word' id='word_1_59' title='bbox 530 1119 630 1187; x_wconf 85' lang='grc' dir='ltr'>τῆς</span> <span class='ocrx_word' id='word_1_60' title='bbox 667 1119 967 1190; x_wconf 74' lang='grc' dir='ltr'>μελλούσης</span> <span class='ocrx_word' id='word_1_61' title='bbox 1010 1118 1488 1173; x_wconf 76' lang='grc' dir='ltr'>ἀποκαλύπτεσθαι</span> <span class='ocrx_word' id='word_1_62' title='bbox 1531 1121 1610 1182; x_wconf 76' lang='grc' dir='ltr'>εἰς</span> <span class='ocrx_word' id='word_1_63' title='bbox 1659 1119 1826 1189; x_wconf 79' lang='grc' dir='ltr'>ἡμᾶς.</span> <span class='ocrx_word' id='word_1_64' title='bbox 1869 1119 2006 1186; x_wconf 89' lang='grc' dir='ltr'>Ὅρα</span> 
     </span>
    </p>
   </div>
   <div class='ocr_carea' id='block_1_10' title="bbox 340 1202 2006 1278">
    <p class='ocr_par' dir='ltr' id='par_1_10' title="bbox 340 1202 2006 1278">
     <span class='ocr_line' id='line_1_10' title="bbox 340 1202 2006 1278; baseline -0.001 -22"><span class='ocrx_word' id='word_1_65' title='bbox 340 1205 504 1258; x_wconf 80' lang='grc' dir='ltr'>πόσον</span> <span class='ocrx_word' id='word_1_66' title='bbox 541 1204 640 1274; x_wconf 80' lang='grc' dir='ltr'>τῆς</span> <span class='ocrx_word' id='word_1_67' title='bbox 667 1204 826 1276; x_wconf 81' lang='grc' dir='ltr'>δόξης</span> <span class='ocrx_word' id='word_1_68' title='bbox 851 1206 913 1259; x_wconf 78' lang='grc' dir='ltr'>τὸ</span> <span class='ocrx_word' id='word_1_69' title='bbox 943 1205 1175 1276; x_wconf 81' lang='grc' dir='ltr'>μέγεθος</span> <span class='ocrx_word' id='word_1_70' title='bbox 1194 1202 1264 1278; x_wconf 79' lang='grc' dir='ltr'>ἧς</span> <span class='ocrx_word' id='word_1_71' title='bbox 1285 1205 1648 1259; x_wconf 80' lang='grc' dir='ltr'>ἀπολαύουσιν</span> <span class='ocrx_word' id='word_1_72' title='bbox 1682 1207 1730 1258; x_wconf 87' lang='grc' dir='ltr'>οί</span> <span class='ocrx_word' id='word_1_73' title='bbox 1763 1204 1857 1275; x_wconf 78' lang='grc' dir='ltr'>τὴν</span> <span class='ocrx_word' id='word_1_74' title='bbox 1878 1206 2006 1274; x_wconf 87' lang='grc' dir='ltr'>ἀρε-</span> 
     </span>
    </p>
   </div>
   <div class='ocr_carea' id='block_1_11' title="bbox 337 1290 2006 1364">
    <p class='ocr_par' dir='ltr' id='par_1_11' title="bbox 337 1290 2006 1364">
     <span class='ocr_line' id='line_1_11' title="bbox 337 1290 2006 1364; baseline -0.001 -21"><span class='ocrx_word' id='word_1_75' title='bbox 337 1290 436 1362; x_wconf 82' lang='grc' dir='ltr'>τὴν</span> <span class='ocrx_word' id='word_1_76' title='bbox 477 1290 918 1362; x_wconf 83' lang='grc' dir='ltr'>μεταδιώκοντες,</span> <span class='ocrx_word' id='word_1_77' title='bbox 952 1292 1028 1355; x_wconf 84' lang='grc' dir='ltr'>ὡς</span> <span class='ocrx_word' id='word_1_78' title='bbox 1070 1293 1225 1363; x_wconf 76' lang='grc' dir='ltr'>νικᾷν</span> <span class='ocrx_word' id='word_1_79' title='bbox 1262 1293 1432 1364; x_wconf 85' lang='grc' dir='ltr'>αὐτὴν</span> <span class='ocrx_word' id='word_1_80' title='bbox 1466 1293 1662 1356; x_wconf 89' lang='grc' dir='ltr'>πάντα,</span> <span class='ocrx_word' id='word_1_81' title='bbox 1697 1293 1904 1360; x_wconf 83' lang='grc' dir='ltr'>ὅσαπερ</span> <span class='ocrx_word' id='word_1_82' title='bbox 1940 1290 2006 1344; x_wconf 79' lang='grc' dir='ltr'>ἄν</span> 
     </span>
    </p>
   </div>
   <div class='ocr_carea' id='block_1_12' title="bbox 335 1375 2005 1452">
    <p class='ocr_par' dir='ltr' id='par_1_12' title="bbox 335 1375 2005 1452">
     <span class='ocr_line' id='line_1_12' title="bbox 335 1375 2005 1452; baseline 0 -23"><span class='ocrx_word' id='word_1_83' title='bbox 335 1395 420 1439; x_wconf 85' lang='grc' dir='ltr'>τις</span> <span class='ocrx_word' id='word_1_84' title='bbox 447 1375 814 1442; x_wconf 75' lang='grc' dir='ltr'>ἐπιδείξασθαι</span> <span class='ocrx_word' id='word_1_85' title='bbox 855 1377 1056 1451; x_wconf 80' lang='grc' dir='ltr'>δυνηθῇ</span> <span class='ocrx_word' id='word_1_86' title='bbox 1082 1397 1095 1411; x_wconf 89' lang='grc'><strong>·</strong></span> <span class='ocrx_word' id='word_1_87' title='bbox 1130 1380 1233 1434; x_wconf 79' lang='grc' dir='ltr'>κᾶν</span> <span class='ocrx_word' id='word_1_88' title='bbox 1264 1380 1372 1452; x_wconf 84' lang='grc' dir='ltr'>γὰρ</span> <span class='ocrx_word' id='word_1_89' title='bbox 1411 1382 1491 1445; x_wconf 88' lang='grc' dir='ltr'>είς</span> <span class='ocrx_word' id='word_1_90' title='bbox 1522 1381 1690 1451; x_wconf 84' lang='grc' dir='ltr'>αὐτὴν</span> <span class='ocrx_word' id='word_1_91' title='bbox 1719 1381 1815 1450; x_wconf 75' lang='grc' dir='ltr'>τὴν</span> <span class='ocrx_word' id='word_1_92' title='bbox 1843 1396 2005 1450; x_wconf 82' lang='grc' dir='ltr'>κορυ-</span> 
     </span>
    </p>
   </div>
   <div class='ocr_carea' id='block_1_13' title="bbox 338 1463 2002 1538">
    <p class='ocr_par' dir='ltr' id='par_1_13' title="bbox 338 1463 2002 1538">
     <span class='ocr_line' id='line_1_13' title="bbox 338 1463 2002 1538; baseline 0.002 -23"><span class='ocrx_word' id='word_1_93' title='bbox 338 1463 444 1535; x_wconf 82' lang='grc' dir='ltr'>φὴν</span> <span class='ocrx_word' id='word_1_94' title='bbox 475 1465 677 1536; x_wconf 78' lang='grc' dir='ltr'>φθάσῃ,</span> <span class='ocrx_word' id='word_1_95' title='bbox 699 1465 794 1519; x_wconf 77' lang='grc' dir='ltr'>καὶ</span> <span class='ocrx_word' id='word_1_96' title='bbox 827 1466 969 1520; x_wconf 79' lang='grc' dir='ltr'>οὓτω</span> <span class='ocrx_word' id='word_1_97' title='bbox 996 1467 1260 1523; x_wconf 89' lang='grc' dir='ltr'>λείπεται.</span> <span class='ocrx_word' id='word_1_98' title='bbox 1286 1468 1350 1520; x_wconf 92' lang='grc' dir='ltr'>Τί</span> <span class='ocrx_word' id='word_1_99' title='bbox 1374 1467 1482 1538; x_wconf 85' lang='grc' dir='ltr'>γάρ</span> <span class='ocrx_word' id='word_1_100' title='bbox 1507 1467 1762 1519; x_wconf 87' lang='grc' dir='ltr'>τοσοῦτον</span> <span class='ocrx_word' id='word_1_101' title='bbox 1792 1465 2002 1538; x_wconf 87' lang='grc' dir='ltr'>ἀνθρω-</span> 
     </span>
    </p>
   </div>
   <div class='ocr_carea' id='block_1_14' title="bbox 339 1552 2002 1624">
    <p class='ocr_par' dir='ltr' id='par_1_14' title="bbox 339 1552 2002 1624">
     <span class='ocr_line' id='line_1_14' title="bbox 339 1552 2002 1624; baseline 0.001 -21"><span class='ocrx_word' id='word_1_102' title='bbox 339 1568 439 1614; x_wconf 88' lang='grc' dir='ltr'>πος</span> <span class='ocrx_word' id='word_1_103' title='bbox 477 1552 846 1619; x_wconf 79' lang='grc' dir='ltr'>ἐπιδείξασθαι</span> <span class='ocrx_word' id='word_1_104' title='bbox 875 1553 1116 1619; x_wconf 89' lang='grc' dir='ltr'>δύναται,</span> <span class='ocrx_word' id='word_1_105' title='bbox 1151 1554 1226 1617; x_wconf 87' lang='grc' dir='ltr'>ώς</span> <span class='ocrx_word' id='word_1_106' title='bbox 1255 1553 1492 1618; x_wconf 76' lang='grc' dir='ltr'>ἐπαξίως</span> <span class='ocrx_word' id='word_1_107' title='bbox 1521 1553 1750 1623; x_wconf 85' lang='grc' dir='ltr'>άθλῆσαι</span> <span class='ocrx_word' id='word_1_108' title='bbox 1779 1554 1877 1624; x_wconf 83' lang='grc' dir='ltr'>τῆς</span> <span class='ocrx_word' id='word_1_109' title='bbox 1909 1552 2002 1606; x_wconf 84' lang='grc' dir='ltr'>τοῦ</span> 
     </span>
    </p>
   </div>
   <div class='ocr_carea' id='block_1_15' title="bbox 339 1640 2005 1711">
    <p class='ocr_par' dir='ltr' id='par_1_15' title="bbox 339 1640 2005 1711">
     <span class='ocr_line' id='line_1_15' title="bbox 339 1640 2005 1711; baseline 0.002 -21"><span class='ocrx_word' id='word_1_110' title='bbox 339 1640 608 1692; x_wconf 85' lang='grc' dir='ltr'>Δεσπότου</span> <span class='ocrx_word' id='word_1_111' title='bbox 641 1641 984 1711; x_wconf 83' lang='grc' dir='ltr'>φιλοτιμίας;</span> <span class='ocrx_word' id='word_1_112' title='bbox 1015 1643 1075 1694; x_wconf 80' lang='lat' dir='ltr'><strong><em>El</em></strong></span> <span class='ocrx_word' id='word_1_113' title='bbox 1110 1641 1167 1693; x_wconf 82' lang='grc' dir='ltr'>δὲ</span> <span class='ocrx_word' id='word_1_114' title='bbox 1202 1641 1412 1704; x_wconf 86' lang='grc' dir='ltr'>Παῦλος</span> <span class='ocrx_word' id='word_1_115' title='bbox 1447 1643 1475 1695; x_wconf 86' lang='grc' dir='ltr'>ὁ</span> <span class='ocrx_word' id='word_1_116' title='bbox 1498 1641 1749 1704; x_wconf 88' lang='grc' dir='ltr'>τοσοῦτος</span> <span class='ocrx_word' id='word_1_117' title='bbox 1781 1642 1874 1694; x_wconf 74' lang='grc' dir='ltr'>καὶ</span> <span class='ocrx_word' id='word_1_118' title='bbox 1909 1658 2005 1711; x_wconf 87' lang='grc' dir='ltr'>τη-</span> 
     </span>
    </p>
   </div>
   <div class='ocr_carea' id='block_1_16' title="bbox 340 1725 2004 1796">
    <p class='ocr_par' dir='ltr' id='par_1_16' title="bbox 340 1725 2004 1796">
     <span class='ocr_line' id='line_1_16' title="bbox 340 1725 2004 1796; baseline 0.003 -18"><span class='ocrx_word' id='word_1_119' title='bbox 340 1725 583 1789; x_wconf 87' lang='grc' dir='ltr'>λικοῦτος</span> <span class='ocrx_word' id='word_1_120' title='bbox 610 1727 812 1794; x_wconf 78' lang='grc' dir='ltr'>ἔλεγεν,</span> <span class='ocrx_word' id='word_1_121' title='bbox 846 1728 967 1779; x_wconf 86' lang='grc' dir='ltr'>οὐκ</span> <span class='ocrx_word' id='word_1_122' title='bbox 993 1726 1132 1791; x_wconf 78' lang='grc' dir='ltr'>ἀξια</span> <span class='ocrx_word' id='word_1_123' title='bbox 1162 1728 1232 1780; x_wconf 84' lang='grc' dir='ltr'>τὰ</span> <span class='ocrx_word' id='word_1_124' title='bbox 1261 1728 1579 1796; x_wconf 66' lang='grc' dir='ltr'>παθήματα</span> <span class='ocrx_word' id='word_1_125' title='bbox 1604 1729 1713 1783; x_wconf 83' lang='grc' dir='ltr'>τοῦ</span> <span class='ocrx_word' id='word_1_126' title='bbox 1735 1726 1851 1783; x_wconf 77' lang='grc' dir='ltr'>νῦν</span> <span class='ocrx_word' id='word_1_127' title='bbox 1880 1746 2004 1783; x_wconf 75' lang='grc' dir='ltr'>και-</span> 
     </span>
    </p>
   </div>
   <div class='ocr_carea' id='block_1_17' title="bbox 334 1812 2003 1882">
    <p class='ocr_par' dir='ltr' id='par_1_17' title="bbox 334 1812 2003 1882">
     <span class='ocr_line' id='line_1_17' title="bbox 334 1812 2003 1882; baseline 0.001 -18"><span class='ocrx_word' id='word_1_128' title='bbox 334 1812 444 1881; x_wconf 84' lang='grc' dir='ltr'>ροῦ</span> <span class='ocrx_word' id='word_1_129' title='bbox 469 1812 617 1880; x_wconf 69' lang='grc' dir='ltr'>πρὸς</span> <span class='ocrx_word' id='word_1_130' title='bbox 640 1812 753 1878; x_wconf 80' lang='grc' dir='ltr'>τὴν</span> <span class='ocrx_word' id='word_1_131' title='bbox 774 1814 1129 1882; x_wconf 68' lang='grc' dir='ltr'>μέλλουσαν</span> <span class='ocrx_word' id='word_1_132' title='bbox 1150 1813 1338 1877; x_wconf 78' lang='grc' dir='ltr'>δόξαν</span> <span class='ocrx_word' id='word_1_133' title='bbox 1365 1815 1893 1868; x_wconf 73' lang='grc' dir='ltr'>ἀποκαλύπτεσθαι</span> <span class='ocrx_word' id='word_1_134' title='bbox 1918 1816 2003 1880; x_wconf 84' lang='grc' dir='ltr'>εἰς</span> 
     </span>
    </p>
   </div>
   <div class='ocr_carea' id='block_1_18' title="bbox 338 1896 2000 1969">
    <p class='ocr_par' dir='ltr' id='par_1_18' title="bbox 338 1896 2000 1969">
     <span class='ocr_line' id='line_1_18' title="bbox 338 1896 2000 1969; baseline 0.001 -19"><span class='ocrx_word' id='word_1_135' title='bbox 338 1896 516 1968; x_wconf 72' lang='grc' dir='ltr'>ἡμᾶς,</span> <span class='ocrx_word' id='word_1_136' title='bbox 547 1901 574 1951; x_wconf 87' lang='grc' dir='ltr'>ό</span> <span class='ocrx_word' id='word_1_137' title='bbox 605 1898 797 1966; x_wconf 87' lang='grc' dir='ltr'>λέγων,</span> <span class='ocrx_word' id='word_1_138' title='bbox 834 1900 973 1955; x_wconf 66' lang='grc' dir='ltr'>πάθ’</span> <span class='ocrx_word' id='word_1_139' title='bbox 1018 1899 1246 1969; x_wconf 74' lang='grc' dir='ltr'>ἡμέραν</span> <span class='ocrx_word' id='word_1_140' title='bbox 1277 1900 1661 1969; x_wconf 78' lang='grc' dir='ltr'>ἀποθνήσκω,</span> <span class='ocrx_word' id='word_1_141' title='bbox 1697 1901 1790 1954; x_wconf 79' lang='grc' dir='ltr'>καὶ</span> <span class='ocrx_word' id='word_1_142' title='bbox 1819 1901 2000 1965; x_wconf 88' lang='grc' dir='ltr'>πάλιν,</span> 
     </span>
    </p>
   </div>
   <div class='ocr_carea' id='block_1_19' title="bbox 338 1984 1998 2057">
    <p class='ocr_par' dir='ltr' id='par_1_19' title="bbox 338 1984 1998 2057">
     <span class='ocr_line' id='line_1_19' title="bbox 338 1984 1998 2057; baseline 0.001 -21"><span class='ocrx_word' id='word_1_143' title='bbox 338 1984 772 2053; x_wconf 74' lang='grc' dir='ltr'>Περισσότερον</span> <span class='ocrx_word' id='word_1_144' title='bbox 790 1984 1030 2038; x_wconf 70' lang='grc' dir='ltr'>πάντων</span> <span class='ocrx_word' id='word_1_145' title='bbox 1044 1985 1342 2043; x_wconf 73' lang='grc' dir='ltr'>ἐκοπίασα</span> <span class='ocrx_word' id='word_1_146' title='bbox 1361 2003 1376 2017; x_wconf 86' lang='lat'><strong><em>°</em></strong></span> <span class='ocrx_word' id='word_1_147' title='bbox 1393 1986 1446 2039; x_wconf 89' lang='grc' dir='ltr'>τί</span> <span class='ocrx_word' id='word_1_148' title='bbox 1468 1986 1533 2040; x_wconf 84' lang='grc' dir='ltr'>ἂν</span> <span class='ocrx_word' id='word_1_149' title='bbox 1556 1985 1803 2057; x_wconf 76' lang='grc' dir='ltr'>εἴποιμεν</span> <span class='ocrx_word' id='word_1_150' title='bbox 1820 1988 1998 2057; x_wconf 90' lang='grc' dir='ltr'>ἡμεῖς,</span> 
     </span>
    </p>
   </div>
   <div class='ocr_carea' id='block_1_20' title="bbox 337 2071 2003 2144">
    <p class='ocr_par' dir='ltr' id='par_1_20' title="bbox 337 2071 2003 2144">
     <span class='ocr_line' id='line_1_20' title="bbox 337 2071 2003 2144; baseline 0.002 -23"><span class='ocrx_word' id='word_1_151' title='bbox 337 2071 389 2121; x_wconf 89' lang='grc' dir='ltr'>οί</span> <span class='ocrx_word' id='word_1_152' title='bbox 420 2071 556 2140; x_wconf 89' lang='grc' dir='ltr'>μηδέ</span> <span class='ocrx_word' id='word_1_153' title='bbox 587 2072 678 2125; x_wconf 83' lang='grc' dir='ltr'>τὸν</span> <span class='ocrx_word' id='word_1_154' title='bbox 723 2072 951 2141; x_wconf 82' lang='grc' dir='ltr'>τυχόντα</span> <span class='ocrx_word' id='word_1_155' title='bbox 989 2073 1235 2142; x_wconf 87' lang='grc' dir='ltr'>κάματον</span> <span class='ocrx_word' id='word_1_156' title='bbox 1277 2073 1418 2144; x_wconf 84' lang='grc' dir='ltr'>ύπέρ</span> <span class='ocrx_word' id='word_1_157' title='bbox 1453 2074 1551 2143; x_wconf 83' lang='grc' dir='ltr'>τῆς</span> <span class='ocrx_word' id='word_1_158' title='bbox 1582 2073 1782 2144; x_wconf 75' lang='grc' dir='ltr'>ἀρετῆς</span> <span class='ocrx_word' id='word_1_159' title='bbox 1815 2073 2003 2126; x_wconf 86' lang='grc' dir='ltr'>ἀναδέ-</span> 
     </span>
    </p>
   </div>
   <div class='ocr_carea' id='block_1_21' title="bbox 339 2156 1999 2230">
    <p class='ocr_par' dir='ltr' id='par_1_21' title="bbox 339 2156 1999 2230">
     <span class='ocr_line' id='line_1_21' title="bbox 339 2156 1999 2230; baseline 0.001 -20"><span class='ocrx_word' id='word_1_160' title='bbox 339 2156 531 2222; x_wconf 80' lang='grc' dir='ltr'>ξασθαι</span> <span class='ocrx_word' id='word_1_161' title='bbox 567 2157 900 2229; x_wconf 88' lang='grc' dir='ltr'>βουλόμενοι,</span> <span class='ocrx_word' id='word_1_162' title='bbox 943 2159 1058 2211; x_wconf 87' lang='grc' dir='ltr'>ἀλλ’</span> <span class='ocrx_word' id='word_1_163' title='bbox 1091 2159 1177 2212; x_wconf 79' lang='grc' dir='ltr'>ἀεὶ</span> <span class='ocrx_word' id='word_1_164' title='bbox 1208 2160 1307 2230; x_wconf 76' lang='grc' dir='ltr'>τὴν</span> <span class='ocrx_word' id='word_1_165' title='bbox 1340 2160 1525 2212; x_wconf 81' lang='grc' dir='ltr'>ἄνεσιν</span> <span class='ocrx_word' id='word_1_166' title='bbox 1553 2159 1999 2229; x_wconf 84' lang='grc' dir='ltr'>μεταδιώκοντες,</span> 
     </span>
    </p>
   </div>
   <div class='ocr_carea' id='block_1_22' title="bbox 337 2243 2002 2318">
    <p class='ocr_par' dir='ltr' id='par_1_22' title="bbox 337 2243 2002 2318">
     <span class='ocr_line' id='line_1_22' title="bbox 337 2243 2002 2318; baseline 0.002 -22"><span class='ocrx_word' id='word_1_167' title='bbox 337 2245 429 2296; x_wconf 80' lang='grc' dir='ltr'>καὶ</span> <span class='ocrx_word' id='word_1_168' title='bbox 457 2243 612 2297; x_wconf 79' lang='grc' dir='ltr'>τοῦτο</span> <span class='ocrx_word' id='word_1_169' title='bbox 643 2245 1121 2316; x_wconf 87' lang='grc' dir='ltr'>περισκοποῦντες,</span> <span class='ocrx_word' id='word_1_170' title='bbox 1147 2248 1295 2309; x_wconf 82' lang='grc' dir='ltr'>ὅπως</span> <span class='ocrx_word' id='word_1_171' title='bbox 1323 2247 1592 2318; x_wconf 88' lang='grc' dir='ltr'>μηδεμίαν</span> <span class='ocrx_word' id='word_1_172' title='bbox 1623 2245 1773 2318; x_wconf 71' lang='grc'>[245]</span> <span class='ocrx_word' id='word_1_173' title='bbox 1808 2249 2002 2317; x_wconf 85' lang='grc' dir='ltr'>πεῖραν</span> 
     </span>
    </p>
   </div>
   <div class='ocr_carea' id='block_1_23' title="bbox 336 2323 2038 2404">
    <p class='ocr_par' dir='ltr' id='par_1_23' title="bbox 336 2323 2038 2404">
     <span class='ocr_line' id='line_1_23' title="bbox 336 2323 2038 2404; baseline 0.002 -21"><span class='ocrx_word' id='word_1_174' title='bbox 336 2331 589 2401; x_wconf 89' lang='grc' dir='ltr'>λάϐωμεν</span> <span class='ocrx_word' id='word_1_175' title='bbox 625 2331 734 2384; x_wconf 92' lang='grc' dir='ltr'>τῶν</span> <span class='ocrx_word' id='word_1_176' title='bbox 766 2333 1046 2403; x_wconf 80' lang='grc' dir='ltr'>λυπηρῶν,</span> <span class='ocrx_word' id='word_1_177' title='bbox 1071 2335 1168 2386; x_wconf 71' lang='grc' dir='ltr'>καὶ</span> <span class='ocrx_word' id='word_1_178' title='bbox 1198 2334 1370 2388; x_wconf 88' lang='grc' dir='ltr'>ταῦτα</span> <span class='ocrx_word' id='word_1_179' title='bbox 1402 2333 1622 2396; x_wconf 77' lang='grc' dir='ltr'>εἰδότες,</span> <span class='ocrx_word' id='word_1_180' title='bbox 1655 2335 1738 2386; x_wconf 83' lang='grc' dir='ltr'>ὅτι</span> <span class='ocrx_word' id='word_1_181' title='bbox 1765 2334 1863 2404; x_wconf 84' lang='grc' dir='ltr'>οὐχ</span> <span class='ocrx_word' id='word_1_182' title='bbox 1891 2329 2000 2386; x_wconf 79' lang='grc' dir='ltr'>οἷόν</span> <span class='ocrx_word' id='word_1_183' title='bbox 2033 2323 2038 2327; x_wconf 62' lang='grc'><strong>’</strong></span> 
     </span>
    </p>
   </div>
   <div class='ocr_carea' id='block_1_24' title="bbox 336 2419 2000 2492">
    <p class='ocr_par' dir='ltr' id='par_1_24' title="bbox 336 2419 2000 2492">
     <span class='ocr_line' id='line_1_24' title="bbox 336 2419 2000 2492; baseline 0.001 -18"><span class='ocrx_word' id='word_1_184' title='bbox 336 2437 393 2474; x_wconf 85' lang='grc' dir='ltr'>τε</span> <span class='ocrx_word' id='word_1_185' title='bbox 417 2419 619 2491; x_wconf 80' lang='grc' dir='ltr'>ἑτέρως</span> <span class='ocrx_word' id='word_1_186' title='bbox 639 2421 738 2490; x_wconf 73' lang='grc' dir='ltr'>τῆς</span> <span class='ocrx_word' id='word_1_187' title='bbox 757 2421 874 2473; x_wconf 83' lang='grc' dir='ltr'>ἐκεῖ</span> <span class='ocrx_word' id='word_1_188' title='bbox 897 2423 1077 2490; x_wconf 89' lang='grc' dir='ltr'>τυχεῖν</span> <span class='ocrx_word' id='word_1_189' title='bbox 1105 2420 1361 2487; x_wconf 90' lang='grc' dir='ltr'>ἀνέσεως,</span> <span class='ocrx_word' id='word_1_190' title='bbox 1384 2421 1458 2491; x_wconf 80' lang='grc' dir='ltr'>μὴ</span> <span class='ocrx_word' id='word_1_191' title='bbox 1486 2421 1746 2492; x_wconf 86' lang='grc' dir='ltr'>πρότερον</span> <span class='ocrx_word' id='word_1_192' title='bbox 1767 2420 2000 2475; x_wconf 87' lang='grc' dir='ltr'>ἐνταῦθα</span> 
     </span>
    </p>
   </div>
   <div class='ocr_carea' id='block_1_25' title="bbox 336 2506 2000 2579">
    <p class='ocr_par' dir='ltr' id='par_1_25' title="bbox 336 2506 2000 2579">
     <span class='ocr_line' id='line_1_25' title="bbox 336 2506 2000 2579; baseline 0.001 -19"><span class='ocrx_word' id='word_1_193' title='bbox 336 2507 426 2560; x_wconf 77' lang='grc' dir='ltr'>τδν</span> <span class='ocrx_word' id='word_1_194' title='bbox 457 2506 544 2560; x_wconf 89' lang='grc' dir='ltr'>διά</span> <span class='ocrx_word' id='word_1_195' title='bbox 574 2509 672 2576; x_wconf 78' lang='grc' dir='ltr'>τῆς</span> <span class='ocrx_word' id='word_1_196' title='bbox 703 2508 980 2578; x_wconf 78' lang='grc' dir='ltr'>ἀθλήσεως</span> <span class='ocrx_word' id='word_1_197' title='bbox 1011 2509 1353 2579; x_wconf 87' lang='grc' dir='ltr'>ποθήσαντας</span> <span class='ocrx_word' id='word_1_198' title='bbox 1382 2508 1528 2578; x_wconf 87' lang='grc' dir='ltr'>βίον;</span> <span class='ocrx_word' id='word_1_199' title='bbox 1557 2510 1622 2560; x_wconf 80' lang='grc' dir='ltr'>Δί</span> <span class='ocrx_word' id='word_1_200' title='bbox 1654 2508 1762 2578; x_wconf 82' lang='grc' dir='ltr'>γὰρ</span> <span class='ocrx_word' id='word_1_201' title='bbox 1793 2508 2000 2578; x_wconf 75' lang='grc' dir='ltr'>θλίψεις</span> 
     </span>
    </p>
   </div>
   <div class='ocr_carea' id='block_1_26' title="bbox 337 2586 1997 2666">
    <p class='ocr_par' dir='ltr' id='par_1_26' title="bbox 337 2586 1997 2666">
     <span class='ocr_line' id='line_1_26' title="bbox 337 2586 1997 2666; baseline 0.001 -19"><span class='ocrx_word' id='word_1_202' title='bbox 337 2586 498 2647; x_wconf 74' lang='grc' dir='ltr'>αὗται</span> <span class='ocrx_word' id='word_1_203' title='bbox 512 2593 763 2664; x_wconf 81' lang='grc' dir='ltr'>πρόξενοι</span> <span class='ocrx_word' id='word_1_204' title='bbox 783 2594 1134 2665; x_wconf 83' lang='grc' dir='ltr'>γίνονταιτῆς</span> <span class='ocrx_word' id='word_1_205' title='bbox 1148 2595 1281 2666; x_wconf 71' lang='grc' dir='ltr'>πρὸς</span> <span class='ocrx_word' id='word_1_206' title='bbox 1300 2595 1389 2648; x_wconf 81' lang='grc' dir='ltr'>τὸν</span> <span class='ocrx_word' id='word_1_207' title='bbox 1411 2595 1542 2648; x_wconf 78' lang='grc' dir='ltr'>Θεὸν</span> <span class='ocrx_word' id='word_1_208' title='bbox 1571 2595 1997 2666; x_wconf 81' lang='grc' dir='ltr'>εὐαρεστήσεως,</span> 
     </span>
    </p>
   </div>
   <div class='ocr_carea' id='block_1_27' title="bbox 337 2679 2003 2752">
    <p class='ocr_par' dir='ltr' id='par_1_27' title="bbox 337 2679 2003 2752">
     <span class='ocr_line' id='line_1_27' title="bbox 337 2679 2003 2752; baseline 0.001 -19"><span class='ocrx_word' id='word_1_209' title='bbox 337 2681 429 2733; x_wconf 79' lang='grc' dir='ltr'>καὶ</span> <span class='ocrx_word' id='word_1_210' title='bbox 451 2681 511 2733; x_wconf 82' lang='grc' dir='ltr'>τὸ</span> <span class='ocrx_word' id='word_1_211' title='bbox 534 2680 728 2751; x_wconf 85' lang='grc' dir='ltr'>μικρὸν</span> <span class='ocrx_word' id='word_1_212' title='bbox 743 2679 977 2733; x_wconf 84' lang='grc' dir='ltr'>ἐνταῦθα</span> <span class='ocrx_word' id='word_1_213' title='bbox 997 2680 1226 2750; x_wconf 82' lang='grc' dir='ltr'>κάμνειν</span> <span class='ocrx_word' id='word_1_214' title='bbox 1250 2681 1448 2752; x_wconf 81' lang='grc' dir='ltr'>πολλὴν</span> <span class='ocrx_word' id='word_1_215' title='bbox 1467 2684 1601 2752; x_wconf 86' lang='grc' dir='ltr'>ἡμῖν</span> <span class='ocrx_word' id='word_1_216' title='bbox 1627 2685 1744 2735; x_wconf 77' lang='grc' dir='ltr'>ἐκεῖ</span> <span class='ocrx_word' id='word_1_217' title='bbox 1757 2684 1853 2752; x_wconf 81' lang='grc' dir='ltr'>τὴν</span> <span class='ocrx_word' id='word_1_218' title='bbox 1872 2686 2003 2752; x_wconf 77' lang='grc' dir='ltr'>παῤ·</span> 
     </span>
    </p>
   </div>
   <div class='ocr_carea' id='block_1_28' title="bbox 337 2765 2002 2838">
    <p class='ocr_par' dir='ltr' id='par_1_28' title="bbox 337 2765 2002 2838">
     <span class='ocr_line' id='line_1_28' title="bbox 337 2765 2002 2838; baseline 0.002 -21"><span class='ocrx_word' id='word_1_219' title='bbox 337 2767 534 2834; x_wconf 78' lang='grc' dir='ltr'>ρησίαν</span> <span class='ocrx_word' id='word_1_220' title='bbox 560 2765 863 2837; x_wconf 77' lang='grc' dir='ltr'>χαρίζεται,</span> <span class='ocrx_word' id='word_1_221' title='bbox 898 2767 1057 2835; x_wconf 88' lang='grc' dir='ltr'>μόνον</span> <span class='ocrx_word' id='word_1_222' title='bbox 1081 2766 1175 2819; x_wconf 78' lang='grc' dir='ltr'>ἐὰν</span> <span class='ocrx_word' id='word_1_223' title='bbox 1203 2766 1519 2836; x_wconf 81' lang='grc' dir='ltr'>βουλώμεθα</span> <span class='ocrx_word' id='word_1_224' title='bbox 1557 2767 1700 2820; x_wconf 88' lang='grc' dir='ltr'>κατά</span> <span class='ocrx_word' id='word_1_225' title='bbox 1731 2768 1829 2838; x_wconf 78' lang='grc' dir='ltr'>τὴν</span> <span class='ocrx_word' id='word_1_226' title='bbox 1866 2785 2002 2837; x_wconf 92' lang='grc' dir='ltr'>συμ-</span> 
     </span>
    </p>
   </div>
   <div class='ocr_carea' id='block_1_29' title="bbox 335 2853 1996 2925">
    <p class='ocr_par' dir='ltr' id='par_1_29' title="bbox 335 2853 1996 2925">
     <span class='ocr_line' id='line_1_29' title="bbox 335 2853 1996 2925; baseline 0.002 -19"><span class='ocrx_word' id='word_1_227' title='bbox 335 2853 497 2922; x_wconf 83' lang='grc' dir='ltr'>ϐολὴν</span> <span class='ocrx_word' id='word_1_228' title='bbox 519 2853 708 2906; x_wconf 90' lang='grc' dir='ltr'>τούτου</span> <span class='ocrx_word' id='word_1_229' title='bbox 730 2853 823 2906; x_wconf 87' lang='grc' dir='ltr'>τοῦ</span> <span class='ocrx_word' id='word_1_230' title='bbox 847 2856 946 2924; x_wconf 82' lang='grc' dir='ltr'>τῆς</span> <span class='ocrx_word' id='word_1_231' title='bbox 964 2856 1110 2907; x_wconf 90' lang='grc' dir='ltr'>οίκου</span> <span class='ocrx_word' id='word_1_232' title='bbox 1119 2854 1286 2925; x_wconf 82' lang='grc' dir='ltr'>μένης</span> <span class='ocrx_word' id='word_1_233' title='bbox 1309 2853 1625 2907; x_wconf 73' lang='grc' dir='ltr'>διδασκάλου</span> <span class='ocrx_word' id='word_1_234' title='bbox 1651 2853 1996 2924; x_wconf 84' lang='grc' dir='ltr'>πορεύεσθαι.</span> 
     </span>
    </p>
   </div>
   <div class='ocr_carea' id='block_1_30' title="bbox 347 2937 1996 3014">
    <p class='ocr_par' dir='ltr' id='par_1_30' title="bbox 347 2937 1996 3014">
     <span class='ocr_line' id='line_1_30' title="bbox 347 2937 1996 3014; baseline 0.001 -22"><span class='ocrx_word' id='word_1_235' title='bbox 347 2940 568 3004; x_wconf 78' lang='grc' dir='ltr'>Ἐννόει,</span> <span class='ocrx_word' id='word_1_236' title='bbox 603 2941 853 3012; x_wconf 78' lang='grc' dir='ltr'>ἀγαπητὲ</span> <span class='ocrx_word' id='word_1_237' title='bbox 874 2983 888 3005; x_wconf 93' lang='grc'>,</span> <span class='ocrx_word' id='word_1_238' title='bbox 919 2942 1001 2994; x_wconf 82' lang='grc' dir='ltr'>ὅτι</span> <span class='ocrx_word' id='word_1_239' title='bbox 1044 2941 1144 2994; x_wconf 77' lang='grc' dir='ltr'>κᾶν</span> <span class='ocrx_word' id='word_1_240' title='bbox 1179 2937 1456 3014; x_wconf 82' lang='grc' dir='ltr'>λυπηράῇ</span> <span class='ocrx_word' id='word_1_241' title='bbox 1493 2942 1559 2995; x_wconf 82' lang='grc' dir='ltr'>τά</span> <span class='ocrx_word' id='word_1_242' title='bbox 1600 2942 1996 3012; x_wconf 65' lang='grc' dir='ltr'>συμπίπτοντα,</span> 
     </span>
    </p>
   </div>
   <div class='ocr_carea' id='block_1_31' title="bbox 334 3027 1996 3101">
    <p class='ocr_par' dir='ltr' id='par_1_31' title="bbox 334 3027 1996 3101">
     <span class='ocr_line' id='line_1_31' title="bbox 334 3027 1996 3101; baseline 0 -19"><span class='ocrx_word' id='word_1_243' title='bbox 334 3027 470 3082; x_wconf 85' lang='grc' dir='ltr'>ἀλλά</span> <span class='ocrx_word' id='word_1_244' title='bbox 497 3029 805 3101; x_wconf 87' lang='grc' dir='ltr'>πρόσκαιρα</span> <span class='ocrx_word' id='word_1_245' title='bbox 825 3045 839 3059; x_wconf 79' lang='lat'>&#39;</span> <span class='ocrx_word' id='word_1_246' title='bbox 874 3029 943 3084; x_wconf 71' lang='grc' dir='ltr'>τὰ</span> <span class='ocrx_word' id='word_1_247' title='bbox 975 3028 1157 3100; x_wconf 80' lang='grc' dir='ltr'>μέντοι</span> <span class='ocrx_word' id='word_1_248' title='bbox 1184 3029 1301 3081; x_wconf 81' lang='grc' dir='ltr'>ἐκεῖ</span> <span class='ocrx_word' id='word_1_249' title='bbox 1316 3028 1660 3098; x_wconf 82' lang='grc' dir='ltr'>διαδεξόμενα</span> <span class='ocrx_word' id='word_1_250' title='bbox 1687 3031 1832 3099; x_wconf 80' lang='grc' dir='ltr'>ἡμᾶς</span> <span class='ocrx_word' id='word_1_251' title='bbox 1862 3031 1996 3097; x_wconf 86' lang='grc' dir='ltr'>ἁγα-</span> 
     </span>
    </p>
   </div>
   <div class='ocr_carea' id='block_1_32' title="bbox 337 3114 1996 3186">
    <p class='ocr_par' dir='ltr' id='par_1_32' title="bbox 337 3114 1996 3186">
     <span class='ocr_line' id='line_1_32' title="bbox 337 3114 1996 3186; baseline 0.001 -19"><span class='ocrx_word' id='word_1_252' title='bbox 337 3115 438 3178; x_wconf 82' lang='grc' dir='ltr'>θά,</span> <span class='ocrx_word' id='word_1_253' title='bbox 468 3115 714 3168; x_wconf 82' lang='grc' dir='ltr'>ἀθάνατα</span> <span class='ocrx_word' id='word_1_254' title='bbox 744 3118 838 3169; x_wconf 71' lang='grc' dir='ltr'>καὶ</span> <span class='ocrx_word' id='word_1_255' title='bbox 873 3115 1085 3169; x_wconf 84' lang='grc' dir='ltr'>αἰώνια.</span> <span class='ocrx_word' id='word_1_256' title='bbox 1124 3115 1199 3169; x_wconf 83' lang='grc' dir='ltr'>Τὰ</span> <span class='ocrx_word' id='word_1_257' title='bbox 1246 3114 1354 3184; x_wconf 72' lang='grc' dir='ltr'>γὰρ</span> <span class='ocrx_word' id='word_1_258' title='bbox 1407 3115 1791 3183; x_wconf 75' lang='grc' dir='ltr'>βλεπόμενα,</span> <span class='ocrx_word' id='word_1_259' title='bbox 1832 3117 1996 3186; x_wconf 77' lang='grc' dir='ltr'>φησὶ,</span> 
     </span>
    </p>
   </div>
   <div class='ocr_carea' id='block_1_33' title="bbox 337 3201 1997 3272">
    <p class='ocr_par' dir='ltr' id='par_1_33' title="bbox 337 3201 1997 3272">
     <span class='ocr_line' id='line_1_33' title="bbox 337 3201 1997 3272; baseline 0.001 -18"><span class='ocrx_word' id='word_1_260' title='bbox 337 3202 694 3270; x_wconf 75' lang='grc' dir='ltr'>πρόσκαιρα,</span> <span class='ocrx_word' id='word_1_261' title='bbox 731 3203 800 3256; x_wconf 79' lang='grc' dir='ltr'>τὰ</span> <span class='ocrx_word' id='word_1_262' title='bbox 829 3202 896 3255; x_wconf 81' lang='grc' dir='ltr'>δὲ</span> <span class='ocrx_word' id='word_1_263' title='bbox 932 3201 1018 3272; x_wconf 73' lang='grc' dir='ltr'>μὴ</span> <span class='ocrx_word' id='word_1_264' title='bbox 1047 3203 1431 3270; x_wconf 71' lang='grc' dir='ltr'>βλεπόμενα,</span> <span class='ocrx_word' id='word_1_265' title='bbox 1470 3201 1694 3257; x_wconf 71' lang='grc' dir='ltr'>αἰώνια.</span> <span class='ocrx_word' id='word_1_266' title='bbox 1734 3203 1997 3270; x_wconf 76' lang='grc' dir='ltr'>Ἑνέγκω·</span> 
     </span>
    </p>
   </div>
   <div class='ocr_carea' id='block_1_34' title="bbox 338 3287 2001 3360">
    <p class='ocr_par' dir='ltr' id='par_1_34' title="bbox 338 3287 2001 3360">
     <span class='ocr_line' id='line_1_34' title="bbox 338 3287 2001 3360; baseline 0.002 -22"><span class='ocrx_word' id='word_1_267' title='bbox 338 3305 439 3358; x_wconf 88' lang='grc' dir='ltr'>μεν</span> <span class='ocrx_word' id='word_1_268' title='bbox 461 3289 635 3342; x_wconf 87' lang='grc' dir='ltr'>τοίνυν</span> <span class='ocrx_word' id='word_1_269' title='bbox 661 3290 922 3356; x_wconf 82' lang='grc' dir='ltr'>γενναίως</span> <span class='ocrx_word' id='word_1_270' title='bbox 949 3290 1016 3342; x_wconf 76' lang='grc' dir='ltr'>τὰ</span> <span class='ocrx_word' id='word_1_271' title='bbox 1044 3289 1374 3358; x_wconf 84' lang='grc' dir='ltr'>πρόσκαιρα,</span> <span class='ocrx_word' id='word_1_272' title='bbox 1399 3289 1492 3341; x_wconf 68' lang='grc' dir='ltr'>καὶ</span> <span class='ocrx_word' id='word_1_273' title='bbox 1524 3287 1598 3358; x_wconf 78' lang='grc' dir='ltr'>μὴ</span> <span class='ocrx_word' id='word_1_274' title='bbox 1621 3289 2001 3360; x_wconf 87' lang='grc' dir='ltr'>ἀποκάμωμεν</span> 
     </span>
    </p>
   </div>
   <div class='ocr_carea' id='block_1_35' title="bbox 336 3373 2002 3445">
    <p class='ocr_par' dir='ltr' id='par_1_35' title="bbox 336 3373 2002 3445">
     <span class='ocr_line' id='line_1_35' title="bbox 336 3373 2002 3445; baseline 0.001 -20"><span class='ocrx_word' id='word_1_275' title='bbox 336 3373 472 3444; x_wconf 83' lang='grc' dir='ltr'>πρὸς</span> <span class='ocrx_word' id='word_1_276' title='bbox 499 3375 626 3438; x_wconf 74' lang='grc' dir='ltr'>τοὺς</span> <span class='ocrx_word' id='word_1_277' title='bbox 653 3375 752 3444; x_wconf 83' lang='grc' dir='ltr'>τῆς</span> <span class='ocrx_word' id='word_1_278' title='bbox 779 3375 976 3445; x_wconf 83' lang='grc' dir='ltr'>ἀρετῆς</span> <span class='ocrx_word' id='word_1_279' title='bbox 1003 3375 1218 3436; x_wconf 78' lang='grc' dir='ltr'>πόνους,</span> <span class='ocrx_word' id='word_1_280' title='bbox 1253 3374 1338 3426; x_wconf 85' lang='grc' dir='ltr'>ἵνα</span> <span class='ocrx_word' id='word_1_281' title='bbox 1365 3373 1475 3427; x_wconf 82' lang='grc' dir='ltr'>τῶν</span> <span class='ocrx_word' id='word_1_282' title='bbox 1502 3374 1736 3430; x_wconf 78' lang='grc' dir='ltr'>αἰωνίων</span> <span class='ocrx_word' id='word_1_283' title='bbox 1767 3375 2002 3428; x_wconf 85' lang='grc' dir='ltr'>ἀπολαύ-</span> 
     </span>
    </p>
   </div>
   <div class='ocr_carea' id='block_1_36' title="bbox 335 3454 2000 3531">
    <p class='ocr_par' dir='ltr' id='par_1_36' title="bbox 335 3454 2000 3531">
     <span class='ocr_line' id='line_1_36' title="bbox 335 3454 2000 3531; baseline 0.001 -18"><span class='ocrx_word' id='word_1_284' title='bbox 335 3477 536 3530; x_wconf 88' lang='grc' dir='ltr'>σωμεν,</span> <span class='ocrx_word' id='word_1_285' title='bbox 567 3461 660 3514; x_wconf 71' lang='grc' dir='ltr'>καὶ</span> <span class='ocrx_word' id='word_1_286' title='bbox 707 3462 794 3513; x_wconf 71' lang='grc' dir='ltr'>ἀεὶ</span> <span class='ocrx_word' id='word_1_287' title='bbox 833 3461 1100 3531; x_wconf 84' lang='grc' dir='ltr'>μενόντων</span> <span class='ocrx_word' id='word_1_288' title='bbox 1144 3459 1361 3528; x_wconf 84' lang='grc' dir='ltr'>ἀγαθῶν</span> <span class='ocrx_word' id='word_1_289' title='bbox 1382 3478 1394 3491; x_wconf 70' lang='grc' dir='ltr'><strong>ο</strong></span> <span class='ocrx_word' id='word_1_290' title='bbox 1430 3454 1505 3513; x_wconf 83' lang='grc' dir='ltr'>ὦν</span> <span class='ocrx_word' id='word_1_291' title='bbox 1537 3459 1744 3528; x_wconf 85' lang='grc' dir='ltr'>γένοιτο</span> <span class='ocrx_word' id='word_1_292' title='bbox 1793 3462 2000 3526; x_wconf 82' lang='grc' dir='ltr'>πάντας</span> 
     </span>
    </p>
   </div>
   <div class='ocr_carea' id='block_1_37' title="bbox 332 3547 1996 3619">
    <p class='ocr_par' dir='ltr' id='par_1_37' title="bbox 332 3547 1996 3619">
     <span class='ocr_line' id='line_1_37' title="bbox 332 3547 1996 3619; baseline 0.001 -20"><span class='ocrx_word' id='word_1_293' title='bbox 332 3548 478 3618; x_wconf 79' lang='grc' dir='ltr'>ἡμᾶς</span> <span class='ocrx_word' id='word_1_294' title='bbox 527 3549 820 3618; x_wconf 87' lang='grc' dir='ltr'>ἐπιτυχεῖν,</span> <span class='ocrx_word' id='word_1_295' title='bbox 852 3548 1034 3617; x_wconf 88' lang='grc' dir='ltr'>χάριτι</span> <span class='ocrx_word' id='word_1_296' title='bbox 1085 3549 1178 3600; x_wconf 68' lang='grc' dir='ltr'>καὶ</span> <span class='ocrx_word' id='word_1_297' title='bbox 1233 3547 1612 3619; x_wconf 70' lang='grc' dir='ltr'>φιλανθρωπίᾳ</span> <span class='ocrx_word' id='word_1_298' title='bbox 1664 3547 1759 3600; x_wconf 84' lang='grc' dir='ltr'>τοῦ</span> <span class='ocrx_word' id='word_1_299' title='bbox 1794 3549 1996 3619; x_wconf 78' lang='grc' dir='ltr'>Κυρίου</span> 
     </span>
    </p>
   </div>
   <div class='ocr_carea' id='block_1_38' title="bbox 331 3628 1998 3708">
    <p class='ocr_par' dir='ltr' id='par_1_38' title="bbox 331 3628 1998 3708">
     <span class='ocr_line' id='line_1_38' title="bbox 331 3628 1998 3708; baseline 0.004 -24"><span class='ocrx_word' id='word_1_300' title='bbox 331 3635 490 3705; x_wconf 85' lang='grc' dir='ltr'>ἡμῶν</span> <span class='ocrx_word' id='word_1_301' title='bbox 523 3634 696 3703; x_wconf 82' lang='grc' dir='ltr'>Ἰησοῦ</span> <span class='ocrx_word' id='word_1_302' title='bbox 728 3633 982 3706; x_wconf 80' lang='grc' dir='ltr'>Χριστοῦ,</span> <span class='ocrx_word' id='word_1_303' title='bbox 1019 3635 1139 3705; x_wconf 82' lang='grc' dir='ltr'>μεθ’</span> <span class='ocrx_word' id='word_1_304' title='bbox 1168 3628 1229 3687; x_wconf 76' lang='grc' dir='ltr'>οὗ</span> <span class='ocrx_word' id='word_1_305' title='bbox 1255 3635 1334 3706; x_wconf 82' lang='grc' dir='ltr'>τῷ</span> <span class='ocrx_word' id='word_1_306' title='bbox 1373 3635 1568 3706; x_wconf 77' lang='grc' dir='ltr'>Πατρὶ,</span> <span class='ocrx_word' id='word_1_307' title='bbox 1603 3635 1718 3706; x_wconf 76' lang='grc' dir='ltr'>ἅμα</span> <span class='ocrx_word' id='word_1_308' title='bbox 1743 3635 1820 3707; x_wconf 84' lang='grc' dir='ltr'>τῷ</span> <span class='ocrx_word' id='word_1_309' title='bbox 1856 3637 1998 3708; x_wconf 83' lang='grc' dir='ltr'>άγίῳ</span> 
     </span>
    </p>
   </div>
   <div class='ocr_carea' id='block_1_39' title="bbox 334 3722 1999 3795">
    <p class='ocr_par' dir='ltr' id='par_1_39' title="bbox 334 3722 1999 3795">
     <span class='ocr_line' id='line_1_39' title="bbox 334 3722 1999 3795; baseline 0.002 -20"><span class='ocrx_word' id='word_1_310' title='bbox 334 3722 610 3792; x_wconf 85' lang='grc' dir='ltr'>Πνεύματι</span> <span class='ocrx_word' id='word_1_311' title='bbox 632 3723 779 3788; x_wconf 80' lang='grc' dir='ltr'>δόξα,</span> <span class='ocrx_word' id='word_1_312' title='bbox 811 3724 1030 3793; x_wconf 88' lang='grc' dir='ltr'>κράτος,</span> <span class='ocrx_word' id='word_1_313' title='bbox 1057 3724 1210 3795; x_wconf 80' lang='grc' dir='ltr'>τιμὴ,</span> <span class='ocrx_word' id='word_1_314' title='bbox 1248 3723 1343 3777; x_wconf 89' lang='grc' dir='ltr'>νῦν</span> <span class='ocrx_word' id='word_1_315' title='bbox 1375 3725 1470 3778; x_wconf 76' lang='grc' dir='ltr'>καὶ</span> <span class='ocrx_word' id='word_1_316' title='bbox 1499 3725 1604 3790; x_wconf 79' lang='grc' dir='ltr'>ἀεὶ,</span> <span class='ocrx_word' id='word_1_317' title='bbox 1630 3725 1725 3780; x_wconf 73' lang='grc' dir='ltr'>καὶ</span> <span class='ocrx_word' id='word_1_318' title='bbox 1766 3726 1846 3789; x_wconf 86' lang='grc' dir='ltr'>είς</span> <span class='ocrx_word' id='word_1_319' title='bbox 1873 3726 1999 3790; x_wconf 72' lang='grc' dir='ltr'>τοὺς</span> 
     </span>
    </p>
   </div>
   <div class='ocr_carea' id='block_1_40' title="bbox 333 3808 1188 3878">
    <p class='ocr_par' dir='ltr' id='par_1_40' title="bbox 333 3808 1188 3878">
     <span class='ocr_line' id='line_1_40' title="bbox 333 3808 1188 3878; baseline -0.001 -17"><span class='ocrx_word' id='word_1_320' title='bbox 333 3808 537 3872; x_wconf 82' lang='grc' dir='ltr'>αἰῶνας</span> <span class='ocrx_word' id='word_1_321' title='bbox 572 3810 679 3861; x_wconf 86' lang='grc' dir='ltr'>τῶν</span> <span class='ocrx_word' id='word_1_322' title='bbox 718 3808 946 3863; x_wconf 78' lang='grc' dir='ltr'>αἰώνων.</span> <span class='ocrx_word' id='word_1_323' title='bbox 995 3809 1188 3878; x_wconf 79' lang='grc' dir='ltr'>Ἀμήν.</span> 
     </span>
    </p>
   </div>
   <div class='ocr_carea' id='block_1_41' title="bbox 956 3927 1832 3996">
    <p class='ocr_par' dir='ltr' id='par_1_41' title="bbox 956 3927 1832 3996">
     <span class='ocr_line' id='line_1_41' title="bbox 956 3927 1832 3996; baseline -0.002 -13"><span class='ocrx_word' id='word_1_324' title='bbox 956 3927 1203 3983; x_wconf 70' lang='lat' dir='ltr'>0mm</span> <span class='ocrx_word' id='word_1_325' title='bbox 1239 3930 1384 3996; x_wconf 64' lang='grc' dir='ltr'>κεῖ.</span> <span class='ocrx_word' id='word_1_326' title='bbox 1830 3966 1832 3968; x_wconf 83' lang='grc'>.</span> 
     </span>
    </p>
   </div>
   <div class='ocr_carea' id='block_1_42' title="bbox 329 4013 2000 4085">
    <p class='ocr_par' dir='ltr' id='par_1_42' title="bbox 329 4013 2000 4085">
     <span class='ocr_line' id='line_1_42' title="bbox 329 4013 2000 4085; baseline -0.001 -15"><span class='ocrx_word' id='word_1_327' title='bbox 329 4014 438 4070; x_wconf 72' lang='grc' dir='ltr'>Καὶ</span> <span class='ocrx_word' id='word_1_328' title='bbox 462 4014 734 4085; x_wconf 75' lang='grc' dir='ltr'>ἐμνήσθη</span> <span class='ocrx_word' id='word_1_329' title='bbox 766 4017 800 4068; x_wconf 88' lang='grc' dir='ltr'>ό</span> <span class='ocrx_word' id='word_1_330' title='bbox 840 4014 983 4080; x_wconf 87' lang='grc' dir='ltr'>Θεὸς</span> <span class='ocrx_word' id='word_1_331' title='bbox 1013 4014 1122 4085; x_wconf 69' lang='grc' dir='ltr'>τοῦ</span> <span class='ocrx_word' id='word_1_332' title='bbox 1149 4013 1303 4078; x_wconf 80' lang='grc' dir='ltr'>Νῶε,</span> <span class='ocrx_word' id='word_1_333' title='bbox 1328 4013 1443 4085; x_wconf 26' lang='grc' dir='ltr'>*καὶ</span> <span class='ocrx_word' id='word_1_334' title='bbox 1484 4014 1727 4070; x_wconf 73' lang='grc' dir='ltr'>πάντων</span> <span class='ocrx_word' id='word_1_335' title='bbox 1753 4015 1876 4070; x_wconf 72' lang='grc' dir='ltr'>τῶν</span> <span class='ocrx_word' id='word_1_336' title='bbox 1899 4019 2000 4083; x_wconf 82' lang='grc' dir='ltr'>θη-</span> 
     </span>
    </p>
   </div>
   <div class='ocr_carea' id='block_1_43' title="bbox 394 4082 2002 4153">
    <p class='ocr_par' dir='ltr' id='par_1_43' title="bbox 394 4082 2002 4153">
     <span class='ocr_line' id='line_1_43' title="bbox 394 4082 2002 4153; baseline 0.002 -17"><span class='ocrx_word' id='word_1_337' title='bbox 394 4082 561 4153; x_wconf 74' lang='grc' dir='ltr'>ρίων,</span> <span class='ocrx_word' id='word_1_338' title='bbox 603 4082 706 4137; x_wconf 76' lang='grc' dir='ltr'>καὶ</span> <span class='ocrx_word' id='word_1_339' title='bbox 749 4085 990 4136; x_wconf 79' lang='grc' dir='ltr'>πάντων</span> <span class='ocrx_word' id='word_1_340' title='bbox 1015 4082 1136 4137; x_wconf 75' lang='grc' dir='ltr'>τῶν</span> <span class='ocrx_word' id='word_1_341' title='bbox 1162 4082 1416 4153; x_wconf 74' lang='grc' dir='ltr'>κζηνῶν,</span> <span class='ocrx_word' id='word_1_342' title='bbox 1457 4085 1555 4138; x_wconf 79' lang='grc' dir='ltr'>καὶ</span> <span class='ocrx_word' id='word_1_343' title='bbox 1598 4085 1839 4153; x_wconf 75' lang='grc' dir='ltr'>πάντων</span> <span class='ocrx_word' id='word_1_344' title='bbox 1883 4087 2002 4140; x_wconf 80' lang='grc' dir='ltr'>τῶν</span> 
     </span>
    </p>
   </div>
   <div class='ocr_carea' id='block_1_44' title="bbox 401 4148 1998 4225">
    <p class='ocr_par' dir='ltr' id='par_1_44' title="bbox 401 4148 1998 4225">
     <span class='ocr_line' id='line_1_44' title="bbox 401 4148 1998 4225; baseline 0.002 -18"><span class='ocrx_word' id='word_1_345' title='bbox 401 4148 707 4225; x_wconf 64' lang='grc' dir='ltr'>πετεινῶν,</span> <span class='ocrx_word' id='word_1_346' title='bbox 743 4154 838 4225; x_wconf 55' lang='grc' dir='ltr'>καί</span> <span class='ocrx_word' id='word_1_347' title='bbox 879 4154 1119 4225; x_wconf 62' lang='grc' dir='ltr'>πάντων</span> <span class='ocrx_word' id='word_1_348' title='bbox 1154 4148 1270 4225; x_wconf 64' lang='grc' dir='ltr'>τῶν</span> <span class='ocrx_word' id='word_1_349' title='bbox 1300 4153 1580 4225; x_wconf 66' lang='grc' dir='ltr'>ἑρπετῶν,</span> <span class='ocrx_word' id='word_1_350' title='bbox 1609 4154 1730 4225; x_wconf 83' lang='grc' dir='ltr'>ὅσα</span> <span class='ocrx_word' id='word_1_351' title='bbox 1762 4151 1841 4224; x_wconf 79' lang='grc' dir='ltr'>ἦν</span> <span class='ocrx_word' id='word_1_352' title='bbox 1870 4157 1998 4225; x_wconf 77' lang='grc' dir='ltr'>μετ’</span> 
     </span>
    </p>
   </div>
   <div class='ocr_carea' id='block_1_45' title="bbox 401 4221 1999 4295">
    <p class='ocr_par' dir='ltr' id='par_1_45' title="bbox 401 4221 1999 4295">
     <span class='ocr_line' id='line_1_45' title="bbox 401 4221 1999 4295; baseline 0.003 -19"><span class='ocrx_word' id='word_1_353' title='bbox 401 4222 587 4295; x_wconf 64' lang='grc' dir='ltr'>αὐτοῦ</span> <span class='ocrx_word' id='word_1_354' title='bbox 616 4224 684 4274; x_wconf 79' lang='grc' dir='ltr'>ὲν</span> <span class='ocrx_word' id='word_1_355' title='bbox 713 4221 785 4295; x_wconf 62' lang='grc' dir='ltr'>ζεῖ</span> <span class='ocrx_word' id='word_1_356' title='bbox 814 4221 1183 4295; x_wconf 31' lang='grc' dir='ltr'>κιϐωτῷ-Καὶ</span> <span class='ocrx_word' id='word_1_357' title='bbox 1207 4223 1506 4295; x_wconf 65' lang='grc' dir='ltr'>ἐπήγαγεν</span> <span class='ocrx_word' id='word_1_358' title='bbox 1527 4227 1560 4276; x_wconf 87' lang='grc' dir='ltr'>ό</span> <span class='ocrx_word' id='word_1_359' title='bbox 1591 4224 1734 4289; x_wconf 79' lang='grc' dir='ltr'>Θεὸς</span> <span class='ocrx_word' id='word_1_360' title='bbox 1762 4221 1999 4295; x_wconf 69' lang='grc' dir='ltr'>πνεῦμα</span> 
     </span>
    </p>
   </div>
   <div class='ocr_carea' id='block_1_46' title="bbox 403 4291 1539 4360">
    <p class='ocr_par' dir='ltr' id='par_1_46' title="bbox 403 4291 1539 4360">
     <span class='ocr_line' id='line_1_46' title="bbox 403 4291 1539 4360; baseline 0.001 -15"><span class='ocrx_word' id='word_1_361' title='bbox 403 4294 500 4346; x_wconf 80' lang='grc' dir='ltr'>ἐπὶ</span> <span class='ocrx_word' id='word_1_362' title='bbox 531 4291 644 4359; x_wconf 75' lang='grc' dir='ltr'>τὴν</span> <span class='ocrx_word' id='word_1_363' title='bbox 680 4291 816 4360; x_wconf 77' lang='grc' dir='ltr'>γῆν,</span> <span class='ocrx_word' id='word_1_364' title='bbox 843 4291 943 4344; x_wconf 76' lang='grc' dir='ltr'>καί</span> <span class='ocrx_word' id='word_1_365' title='bbox 971 4292 1235 4344; x_wconf 78' lang='grc' dir='ltr'>ἐκόπασε</span> <span class='ocrx_word' id='word_1_366' title='bbox 1264 4293 1328 4345; x_wconf 82' lang='grc' dir='ltr'>τὸ</span> <span class='ocrx_word' id='word_1_367' title='bbox 1362 4292 1539 4359; x_wconf 77' lang='grc' dir='ltr'>ὓδωρ.</span> 
     </span>
    </p>
   </div>
   <div class='ocr_carea' id='block_1_47' title="bbox 404 4389 1996 4462">
    <p class='ocr_par' dir='ltr' id='par_1_47' title="bbox 404 4389 1996 4462">
     <span class='ocr_line' id='line_1_47' title="bbox 404 4389 1996 4462; baseline 0.002 -15"><span class='ocrx_word' id='word_1_368' title='bbox 404 4400 473 4447; x_wconf 87' lang='grc' dir='ltr'>α’.</span> <span class='ocrx_word' id='word_1_369' title='bbox 488 4390 713 4459; x_wconf 84' lang='grc' dir='ltr'>Μεγάλη</span> <span class='ocrx_word' id='word_1_370' title='bbox 735 4391 826 4443; x_wconf 71' lang='grc' dir='ltr'>καὶ</span> <span class='ocrx_word' id='word_1_371' title='bbox 848 4389 1052 4458; x_wconf 81' lang='grc' dir='ltr'>άφατος</span> <span class='ocrx_word' id='word_1_372' title='bbox 1071 4391 1128 4442; x_wconf 91' lang='grc' dir='ltr'>ἐν</span> <span class='ocrx_word' id='word_1_373' title='bbox 1145 4392 1256 4453; x_wconf 90' lang='grc' dir='ltr'>τοῖς</span> <span class='ocrx_word' id='word_1_374' title='bbox 1273 4391 1584 4460; x_wconf 89' lang='grc' dir='ltr'>πρόσφατον</span> <span class='ocrx_word' id='word_1_375' title='bbox 1604 4394 1996 4462; x_wconf 82' lang='grc' dir='ltr'>ἀναγνωσθείσι</span> 
     </span>
    </p>
   </div>
   <div class='ocr_carea' id='block_1_48' title="bbox 331 4476 1995 4550">
    <p class='ocr_par' dir='ltr' id='par_1_48' title="bbox 331 4476 1995 4550">
     <span class='ocr_line' id='line_1_48' title="bbox 331 4476 1995 4550; baseline 0 -17"><span class='ocrx_word' id='word_1_376' title='bbox 331 4481 602 4534; x_wconf 77' lang='grc' dir='ltr'>δείκνυται</span> <span class='ocrx_word' id='word_1_377' title='bbox 633 4479 668 4548; x_wconf 93' lang='grc' dir='ltr'>ἡ</span> <span class='ocrx_word' id='word_1_378' title='bbox 699 4476 792 4529; x_wconf 88' lang='grc' dir='ltr'>τοῦ</span> <span class='ocrx_word' id='word_1_379' title='bbox 821 4477 953 4529; x_wconf 88' lang='grc' dir='ltr'>Θεοῦ</span> <span class='ocrx_word' id='word_1_380' title='bbox 985 4476 1386 4548; x_wconf 77' lang='grc' dir='ltr'>φιλανθρωπία,</span> <span class='ocrx_word' id='word_1_381' title='bbox 1417 4480 1631 4549; x_wconf 75' lang='grc' dir='ltr'>καὶτῆς</span> <span class='ocrx_word' id='word_1_382' title='bbox 1664 4481 1995 4550; x_wconf 86' lang='grc' dir='ltr'>άγαθότητος</span> 
     </span>
    </p>
   </div>
   <div class='ocr_carea' id='block_1_49' title="bbox 331 4563 1996 4636">
    <p class='ocr_par' dir='ltr' id='par_1_49' title="bbox 331 4563 1996 4636">
     <span class='ocr_line' id='line_1_49' title="bbox 331 4563 1996 4636; baseline 0.002 -17"><span class='ocrx_word' id='word_1_383' title='bbox 331 4566 494 4620; x_wconf 83' lang='grc' dir='ltr'>αὐτοῦ</span> <span class='ocrx_word' id='word_1_384' title='bbox 531 4567 564 4634; x_wconf 85' lang='grc' dir='ltr'>ἡ</span> <span class='ocrx_word' id='word_1_385' title='bbox 607 4563 899 4633; x_wconf 79' lang='grc' dir='ltr'>ὑπερϐολὴ,</span> <span class='ocrx_word' id='word_1_386' title='bbox 932 4565 997 4633; x_wconf 85' lang='grc' dir='ltr'>ἢν</span> <span class='ocrx_word' id='word_1_387' title='bbox 1033 4564 1096 4616; x_wconf 87' lang='grc' dir='ltr'>οὐ</span> <span class='ocrx_word' id='word_1_388' title='bbox 1145 4564 1301 4633; x_wconf 87' lang='grc' dir='ltr'>μόνον</span> <span class='ocrx_word' id='word_1_389' title='bbox 1349 4565 1477 4635; x_wconf 77' lang='grc' dir='ltr'>περὶ</span> <span class='ocrx_word' id='word_1_390' title='bbox 1505 4566 1566 4619; x_wconf 80' lang='grc' dir='ltr'>τδ</span> <span class='ocrx_word' id='word_1_391' title='bbox 1601 4567 1816 4636; x_wconf 72' lang='grc' dir='ltr'>λογικὸν</span> <span class='ocrx_word' id='word_1_392' title='bbox 1841 4569 1996 4622; x_wconf 87' lang='grc' dir='ltr'>τοῦτο</span> 
     </span>
    </p>
   </div>
   <div class='ocr_carea' id='block_1_50' title="bbox 332 4651 1998 4728">
    <p class='ocr_par' dir='ltr' id='par_1_50' title="bbox 332 4651 1998 4728">
     <span class='ocr_line' id='line_1_50' title="bbox 332 4651 1998 4728; baseline 0.001 -21"><span class='ocrx_word' id='word_1_393' title='bbox 332 4655 472 4719; x_wconf 77' lang='grc' dir='ltr'>ζῶον</span> <span class='ocrx_word' id='word_1_394' title='bbox 511 4651 895 4714; x_wconf 80' lang='grc' dir='ltr'>ἐπιδείκνυται,</span> <span class='ocrx_word' id='word_1_395' title='bbox 923 4651 1013 4704; x_wconf 82' lang='grc' dir='ltr'>τὸν</span> <span class='ocrx_word' id='word_1_396' title='bbox 1062 4651 1344 4722; x_wconf 76' lang='grc' dir='ltr'>ἄνθρωπον</span> <span class='ocrx_word' id='word_1_397' title='bbox 1382 4653 1540 4721; x_wconf 86' lang='grc' dir='ltr'>λέγω,</span> <span class='ocrx_word' id='word_1_398' title='bbox 1569 4655 1701 4708; x_wconf 88' lang='grc' dir='ltr'>ἀλλά</span> <span class='ocrx_word' id='word_1_399' title='bbox 1753 4657 1998 4728; x_wconf 71' lang='grc' dir='ltr'>καὶπερὶ</span> 
     </span>
    </p>
   </div>
   <div class='ocr_carea' id='block_1_51' title="bbox 332 4736 1997 4812">
    <p class='ocr_par' dir='ltr' id='par_1_51' title="bbox 332 4736 1997 4812">
     <span class='ocr_line' id='line_1_51' title="bbox 332 4736 1997 4812; baseline 0.002 -21"><span class='ocrx_word' id='word_1_400' title='bbox 332 4741 429 4812; x_wconf 77' lang='grc' dir='ltr'>τὴν</span> <span class='ocrx_word' id='word_1_401' title='bbox 461 4739 567 4790; x_wconf 89' lang='grc' dir='ltr'>τῶν</span> <span class='ocrx_word' id='word_1_402' title='bbox 591 4738 797 4805; x_wconf 83' lang='grc' dir='ltr'>ἀλόγων</span> <span class='ocrx_word' id='word_1_403' title='bbox 829 4737 982 4800; x_wconf 81' lang='grc' dir='ltr'>ζώων</span> <span class='ocrx_word' id='word_1_404' title='bbox 1007 4736 1187 4805; x_wconf 86' lang='grc' dir='ltr'>φύσιν.</span> <span class='ocrx_word' id='word_1_405' title='bbox 1212 4740 1547 4808; x_wconf 71' lang='grc' dir='ltr'>Δημιουργδς</span> <span class='ocrx_word' id='word_1_406' title='bbox 1568 4740 1674 4810; x_wconf 85' lang='grc' dir='ltr'>γάρ</span> <span class='ocrx_word' id='word_1_407' title='bbox 1699 4741 1805 4794; x_wconf 90' lang='grc' dir='ltr'>τῶν</span> <span class='ocrx_word' id='word_1_408' title='bbox 1833 4743 1997 4795; x_wconf 84' lang='grc' dir='ltr'>ἁπάν-</span> 
     </span>
    </p>
   </div>
   <div class='ocr_carea' id='block_1_52' title="bbox 331 4822 1998 4897">
    <p class='ocr_par' dir='ltr' id='par_1_52' title="bbox 331 4822 1998 4897">
     <span class='ocr_line' id='line_1_52' title="bbox 331 4822 1998 4897; baseline 0.001 -18"><span class='ocrx_word' id='word_1_409' title='bbox 331 4844 438 4879; x_wconf 86' lang='grc' dir='ltr'>των</span> <span class='ocrx_word' id='word_1_410' title='bbox 464 4825 763 4895; x_wconf 82' lang='grc' dir='ltr'>τυγχάνων,</span> <span class='ocrx_word' id='word_1_411' title='bbox 807 4826 886 4886; x_wconf 86' lang='grc' dir='ltr'>εἰς</span> <span class='ocrx_word' id='word_1_412' title='bbox 917 4822 1090 4876; x_wconf 84' lang='grc' dir='ltr'>πάντα</span> <span class='ocrx_word' id='word_1_413' title='bbox 1117 4823 1186 4876; x_wconf 86' lang='grc' dir='ltr'>τά</span> <span class='ocrx_word' id='word_1_414' title='bbox 1215 4826 1304 4878; x_wconf 83' lang='grc' dir='ltr'>ὐπ’</span> <span class='ocrx_word' id='word_1_415' title='bbox 1332 4825 1496 4877; x_wconf 86' lang='grc' dir='ltr'>αὐτοῦ</span> <span class='ocrx_word' id='word_1_416' title='bbox 1525 4826 1998 4897; x_wconf 86' lang='grc' dir='ltr'>δημιουργηθέντα</span> 
     </span>
    </p>
   </div>
   <div class='ocr_carea' id='block_1_53' title="bbox 331 4912 1991 4984">
    <p class='ocr_par' dir='ltr' id='par_1_53' title="bbox 331 4912 1991 4984">
     <span class='ocr_line' id='line_1_53' title="bbox 331 4912 1991 4984; baseline 0.001 -17"><span class='ocrx_word' id='word_1_417' title='bbox 331 4916 432 4983; x_wconf 81' lang='grc' dir='ltr'>τὴν</span> <span class='ocrx_word' id='word_1_418' title='bbox 453 4913 655 4966; x_wconf 77' lang='grc' dir='ltr'>οἰκείαν</span> <span class='ocrx_word' id='word_1_419' title='bbox 690 4913 918 4965; x_wconf 79' lang='grc' dir='ltr'>ἐκτείνει</span> <span class='ocrx_word' id='word_1_420' title='bbox 946 4912 1275 4980; x_wconf 84' lang='grc' dir='ltr'>ἁγαθότητα,</span> <span class='ocrx_word' id='word_1_421' title='bbox 1300 4913 1386 4965; x_wconf 75' lang='grc' dir='ltr'>διὰ</span> <span class='ocrx_word' id='word_1_422' title='bbox 1428 4915 1643 4966; x_wconf 83' lang='grc' dir='ltr'>πάντων</span> <span class='ocrx_word' id='word_1_423' title='bbox 1674 4917 1801 4984; x_wconf 79' lang='grc' dir='ltr'>ἡμῖν</span> <span class='ocrx_word' id='word_1_424' title='bbox 1832 4916 1991 4968; x_wconf 70' lang='grc' dir='ltr'>ἐνδει-</span> 
     </span>
    </p>
   </div>
   <div class='ocr_carea' id='block_1_54' title="bbox 334 4999 1996 5072">
    <p class='ocr_par' dir='ltr' id='par_1_54' title="bbox 334 4999 1996 5072">
     <span class='ocr_line' id='line_1_54' title="bbox 334 4999 1996 5072; baseline 0.002 -18"><span class='ocrx_word' id='word_1_425' title='bbox 334 5003 618 5071; x_wconf 87' lang='grc' dir='ltr'>κνύμενος,</span> <span class='ocrx_word' id='word_1_426' title='bbox 666 5001 796 5066; x_wconf 84' lang='grc' dir='ltr'>ὅσην</span> <span class='ocrx_word' id='word_1_427' title='bbox 842 5001 1070 5050; x_wconf 84' lang='grc' dir='ltr'>ποιεῖται</span> <span class='ocrx_word' id='word_1_428' title='bbox 1117 4999 1368 5068; x_wconf 82' lang='grc' dir='ltr'>πρόνοιαν</span> <span class='ocrx_word' id='word_1_429' title='bbox 1405 5000 1499 5053; x_wconf 89' lang='grc' dir='ltr'>τοῦ</span> <span class='ocrx_word' id='word_1_430' title='bbox 1545 5002 1652 5054; x_wconf 86' lang='grc' dir='ltr'>τῶν</span> <span class='ocrx_word' id='word_1_431' title='bbox 1693 5002 1996 5072; x_wconf 87' lang='grc' dir='ltr'>ἀνθρώπων</span> 
     </span>
    </p>
   </div>
   <div class='ocr_carea' id='block_1_55' title="bbox 333 5086 1998 5160">
    <p class='ocr_par' dir='ltr' id='par_1_55' title="bbox 333 5086 1998 5160">
     <span class='ocr_line' id='line_1_55' title="bbox 333 5086 1998 5160; baseline 0.001 -18"><span class='ocrx_word' id='word_1_432' title='bbox 333 5089 541 5157; x_wconf 81' lang='grc' dir='ltr'>γένους,</span> <span class='ocrx_word' id='word_1_433' title='bbox 572 5087 663 5139; x_wconf 77' lang='grc' dir='ltr'>καὶ</span> <span class='ocrx_word' id='word_1_434' title='bbox 681 5088 762 5139; x_wconf 82' lang='grc' dir='ltr'>ὅτι</span> <span class='ocrx_word' id='word_1_435' title='bbox 787 5087 964 5139; x_wconf 83' lang='grc' dir='ltr'>πάντα</span> <span class='ocrx_word' id='word_1_436' title='bbox 990 5086 1194 5138; x_wconf 83' lang='grc' dir='ltr'>ἄνωθεν</span> <span class='ocrx_word' id='word_1_437' title='bbox 1221 5090 1312 5139; x_wconf 71' lang='grc' dir='ltr'>καὶ</span> <span class='ocrx_word' id='word_1_438' title='bbox 1341 5088 1398 5152; x_wconf 77' lang='grc' dir='ltr'>ἐξ</span> <span class='ocrx_word' id='word_1_439' title='bbox 1425 5089 1594 5158; x_wconf 81' lang='grc' dir='ltr'>ἀρχῆς</span> <span class='ocrx_word' id='word_1_440' title='bbox 1619 5091 1998 5160; x_wconf 78' lang='grc' dir='ltr'>ἐπραγματεύ-</span> 
     </span>
    </p>
   </div>
   <div class='ocr_carea' id='block_1_56' title="bbox 335 5173 1996 5250">
    <p class='ocr_par' dir='ltr' id='par_1_56' title="bbox 335 5173 1996 5250">
     <span class='ocr_line' id='line_1_56' title="bbox 335 5173 1996 5250; baseline 0.001 -21"><span class='ocrx_word' id='word_1_441' title='bbox 335 5193 466 5229; x_wconf 88' lang='grc' dir='ltr'>σατο</span> <span class='ocrx_word' id='word_1_442' title='bbox 501 5175 587 5228; x_wconf 76' lang='grc' dir='ltr'>διά</span> <span class='ocrx_word' id='word_1_443' title='bbox 611 5173 707 5243; x_wconf 78' lang='grc' dir='ltr'>τὴν</span> <span class='ocrx_word' id='word_1_444' title='bbox 739 5174 1008 5243; x_wconf 79' lang='grc' dir='ltr'>σωτηρίαν</span> <span class='ocrx_word' id='word_1_445' title='bbox 1037 5173 1133 5241; x_wconf 78' lang='grc' dir='ltr'>τὴν</span> <span class='ocrx_word' id='word_1_446' title='bbox 1168 5176 1461 5243; x_wconf 80' lang='grc' dir='ltr'>ἡμετέραν.</span> <span class='ocrx_word' id='word_1_447' title='bbox 1521 5175 1635 5227; x_wconf 81' lang='grc' dir='ltr'>Κάν</span> <span class='ocrx_word' id='word_1_448' title='bbox 1667 5178 1869 5250; x_wconf 75' lang='grc' dir='ltr'>κολάζῃ</span> <span class='ocrx_word' id='word_1_449' title='bbox 1891 5180 1996 5231; x_wconf 59' lang='lat' dir='ltr'>tal-</span> 
     </span>
    </p>
   </div>
   <div class='ocr_carea' id='block_1_57' title="bbox 334 5261 1997 5334">
    <p class='ocr_par' dir='ltr' id='par_1_57' title="bbox 334 5261 1997 5334">
     <span class='ocr_line' id='line_1_57' title="bbox 334 5261 1997 5334; baseline 0.002 -20"><span class='ocrx_word' id='word_1_450' title='bbox 334 5281 446 5327; x_wconf 88' lang='grc' dir='ltr'>νυν,</span> <span class='ocrx_word' id='word_1_451' title='bbox 489 5261 592 5314; x_wconf 75' lang='grc' dir='ltr'>κᾶν</span> <span class='ocrx_word' id='word_1_452' title='bbox 646 5263 970 5334; x_wconf 78' lang='grc' dir='ltr'>τιμωρῆται,</span> <span class='ocrx_word' id='word_1_453' title='bbox 1019 5261 1124 5313; x_wconf 74' lang='grc' dir='ltr'>ἀπὸ</span> <span class='ocrx_word' id='word_1_454' title='bbox 1160 5261 1258 5329; x_wconf 77' lang='grc' dir='ltr'>τῆς</span> <span class='ocrx_word' id='word_1_455' title='bbox 1311 5263 1478 5332; x_wconf 81' lang='grc' dir='ltr'>αὐτῆς</span> <span class='ocrx_word' id='word_1_456' title='bbox 1522 5263 1853 5334; x_wconf 87' lang='grc' dir='ltr'>ἀγαθότητος</span> <span class='ocrx_word' id='word_1_457' title='bbox 1902 5267 1997 5319; x_wconf 73' lang='grc' dir='ltr'>καὶ</span> 
     </span>
    </p>
   </div>
   <div class='ocr_carea' id='block_1_58' title="bbox 333 5349 1998 5423">
    <p class='ocr_par' dir='ltr' id='par_1_58' title="bbox 333 5349 1998 5423">
     <span class='ocr_line' id='line_1_58' title="bbox 333 5349 1998 5423; baseline -0.002 -20"><span class='ocrx_word' id='word_1_458' title='bbox 333 5349 506 5404; x_wconf 87' lang='grc' dir='ltr'>ταῦτα</span> <span class='ocrx_word' id='word_1_459' title='bbox 534 5350 761 5401; x_wconf 86' lang='grc' dir='ltr'>κάκεῖνα</span> <span class='ocrx_word' id='word_1_460' title='bbox 793 5351 950 5400; x_wconf 83' lang='grc' dir='ltr'>ποιεῖ.</span> <span class='ocrx_word' id='word_1_461' title='bbox 998 5349 1131 5400; x_wconf 79' lang='grc' dir='ltr'>Οὐδέ</span> <span class='ocrx_word' id='word_1_462' title='bbox 1168 5349 1275 5418; x_wconf 76' lang='grc' dir='ltr'>γὰρ</span> <span class='ocrx_word' id='word_1_463' title='bbox 1309 5349 1468 5404; x_wconf 83' lang='grc' dir='ltr'>πάθει</span> <span class='ocrx_word' id='word_1_464' title='bbox 1510 5350 1604 5401; x_wconf 72' lang='grc' dir='ltr'>καὶ</span> <span class='ocrx_word' id='word_1_465' title='bbox 1635 5351 1768 5423; x_wconf 76' lang='grc' dir='ltr'>ὀργῇ</span> <span class='ocrx_word' id='word_1_466' title='bbox 1796 5352 1895 5416; x_wconf 73' lang='grc' dir='ltr'>τὰς</span> <span class='ocrx_word' id='word_1_467' title='bbox 1925 5371 1998 5406; x_wconf 85' lang='grc' dir='ltr'>τι-</span> 
     </span>
    </p>
   </div>
   <div class='ocr_carea' id='block_1_59' title="bbox 338 5435 1992 5510">
    <p class='ocr_par' dir='ltr' id='par_1_59' title="bbox 338 5435 1992 5510">
     <span class='ocr_line' id='line_1_59' title="bbox 338 5435 1992 5510; baseline -0.011 -20"><span class='ocrx_word' id='word_1_468' title='bbox 338 5438 546 5507; x_wconf 81' lang='grc' dir='ltr'>μωρίας</span> <span class='ocrx_word' id='word_1_469' title='bbox 589 5435 804 5503; x_wconf 89' lang='grc' dir='ltr'>ἐπάγει,</span> <span class='ocrx_word' id='word_1_470' title='bbox 834 5435 967 5488; x_wconf 77' lang='grc' dir='ltr'>ἀλλὰ</span> <span class='ocrx_word' id='word_1_471' title='bbox 996 5435 1094 5505; x_wconf 79' lang='grc' dir='ltr'>τὴν</span> <span class='ocrx_word' id='word_1_472' title='bbox 1121 5436 1316 5488; x_wconf 83' lang='grc' dir='ltr'>κακίαν</span> <span class='ocrx_word' id='word_1_473' title='bbox 1343 5437 1572 5505; x_wconf 78' lang='grc' dir='ltr'>ἐγκύψαι</span> <span class='ocrx_word' id='word_1_474' title='bbox 1598 5438 1623 5477; x_wconf 88' lang='lat' dir='ltr'><strong>b</strong></span> <span class='ocrx_word' id='word_1_475' title='bbox 1655 5438 1992 5510; x_wconf 54' lang='grc' dir='ltr'>βουλόμενος,</span> 
     </span>
    </p>
   </div>
   <div class='ocr_carea' id='block_1_60' title="bbox 335 5523 1997 5594">
    <p class='ocr_par' dir='ltr' id='par_1_60' title="bbox 335 5523 1997 5594">
     <span class='ocr_line' id='line_1_60' title="bbox 335 5523 1997 5594; baseline 0.002 -17"><span class='ocrx_word' id='word_1_476' title='bbox 335 5526 430 5578; x_wconf 76' lang='grc' dir='ltr'>καὶ</span> <span class='ocrx_word' id='word_1_477' title='bbox 459 5525 596 5576; x_wconf 82' lang='grc' dir='ltr'>ὥστε</span> <span class='ocrx_word' id='word_1_478' title='bbox 635 5525 707 5594; x_wconf 81' lang='grc' dir='ltr'>μὴ</span> <span class='ocrx_word' id='word_1_479' title='bbox 755 5523 895 5576; x_wconf 89' lang='grc' dir='ltr'>πάνυ</span> <span class='ocrx_word' id='word_1_480' title='bbox 940 5523 1109 5591; x_wconf 80' lang='grc' dir='ltr'>αὐτὴν</span> <span class='ocrx_word' id='word_1_481' title='bbox 1146 5523 1432 5593; x_wconf 76' lang='grc' dir='ltr'>προϐῆναι.</span> <span class='ocrx_word' id='word_1_482' title='bbox 1481 5525 1635 5578; x_wconf 72' lang='grc' dir='ltr'>Ἐπεί</span> <span class='ocrx_word' id='word_1_483' title='bbox 1661 5527 1887 5590; x_wconf 69' lang='grc' dir='ltr'>καὶνῦν,</span> <span class='ocrx_word' id='word_1_484' title='bbox 1921 5528 1997 5591; x_wconf 89' lang='grc' dir='ltr'>ώς</span> 
     </span>
    </p>
   </div>
   <div class='ocr_carea' id='block_1_61' title="bbox 335 5611 1997 5683">
    <p class='ocr_par' dir='ltr' id='par_1_61' title="bbox 335 5611 1997 5683">
     <span class='ocr_line' id='line_1_61' title="bbox 335 5611 1997 5683; baseline 0.002 -18"><span class='ocrx_word' id='word_1_485' title='bbox 335 5611 586 5674; x_wconf 87' lang='grc' dir='ltr'>ἀκούετε,</span> <span class='ocrx_word' id='word_1_486' title='bbox 625 5611 1002 5681; x_wconf 85' lang='grc' dir='ltr'>κατακλυσμὸν</span> <span class='ocrx_word' id='word_1_487' title='bbox 1026 5612 1092 5664; x_wconf 79' lang='grc' dir='ltr'>δι’</span> <span class='ocrx_word' id='word_1_488' title='bbox 1131 5612 1282 5664; x_wconf 77' lang='grc' dir='ltr'>οὐδὲν</span> <span class='ocrx_word' id='word_1_489' title='bbox 1311 5612 1494 5683; x_wconf 75' lang='grc' dir='ltr'>ἕτερον</span> <span class='ocrx_word' id='word_1_490' title='bbox 1523 5615 1822 5683; x_wconf 78' lang='grc' dir='ltr'>ἐπήγαγεν.</span> <span class='ocrx_word' id='word_1_491' title='bbox 1861 5617 1997 5669; x_wconf 87' lang='grc' dir='ltr'>άλλά</span> 
     </span>
    </p>
   </div>
   <div class='ocr_carea' id='block_1_62' title="bbox 334 5698 1996 5769">
    <p class='ocr_par' dir='ltr' id='par_1_62' title="bbox 334 5698 1996 5769">
     <span class='ocr_line' id='line_1_62' title="bbox 334 5698 1996 5769; baseline 0.003 -17"><span class='ocrx_word' id='word_1_492' title='bbox 334 5698 629 5768; x_wconf 78' lang='grc' dir='ltr'>κηδόμενος</span> <span class='ocrx_word' id='word_1_493' title='bbox 659 5698 766 5750; x_wconf 89' lang='grc' dir='ltr'>τῶν</span> <span class='ocrx_word' id='word_1_494' title='bbox 810 5699 944 5769; x_wconf 72' lang='grc' dir='ltr'>πρὸς</span> <span class='ocrx_word' id='word_1_495' title='bbox 985 5699 1252 5768; x_wconf 80' lang='grc' dir='ltr'>τοσαύτην</span> <span class='ocrx_word' id='word_1_496' title='bbox 1287 5702 1480 5754; x_wconf 86' lang='grc' dir='ltr'>κακίαν</span> <span class='ocrx_word' id='word_1_497' title='bbox 1516 5703 1739 5766; x_wconf 80' lang='grc' dir='ltr'>ἐαυτούς</span> <span class='ocrx_word' id='word_1_498' title='bbox 1771 5704 1996 5757; x_wconf 85' lang='grc' dir='ltr'>ἐκδεδω-</span> 
     </span>
    </p>
   </div>
   <div class='ocr_carea' id='block_1_63' title="bbox 335 5787 1992 5857">
    <p class='ocr_par' dir='ltr' id='par_1_63' title="bbox 335 5787 1992 5857">
     <span class='ocr_line' id='line_1_63' title="bbox 335 5787 1992 5857; baseline 0.003 -18"><span class='ocrx_word' id='word_1_499' title='bbox 335 5788 527 5840; x_wconf 81' lang='grc' dir='ltr'>κότων.</span> <span class='ocrx_word' id='word_1_500' title='bbox 565 5787 676 5840; x_wconf 73' lang='grc' dir='ltr'>Καὶ</span> <span class='ocrx_word' id='word_1_501' title='bbox 708 5787 855 5850; x_wconf 86' lang='grc' dir='ltr'>ποία,</span> <span class='ocrx_word' id='word_1_502' title='bbox 896 5789 1052 5856; x_wconf 77' lang='grc' dir='ltr'>φησὶ,</span> <span class='ocrx_word' id='word_1_503' title='bbox 1081 5788 1398 5857; x_wconf 78' lang='grc' dir='ltr'>κηδεμονία.</span> <span class='ocrx_word' id='word_1_504' title='bbox 1435 5789 1493 5842; x_wconf 82' lang='grc' dir='ltr'>τὸ</span> <span class='ocrx_word' id='word_1_505' title='bbox 1519 5789 1728 5852; x_wconf 83' lang='grc' dir='ltr'>πάντας</span> <span class='ocrx_word' id='word_1_506' title='bbox 1761 5791 1862 5843; x_wconf 73' lang='grc' dir='ltr'>ὐπὸ</span> <span class='ocrx_word' id='word_1_507' title='bbox 1887 5791 1992 5844; x_wconf 78' lang='grc' dir='ltr'>τῶν</span> 
     </span>
    </p>
   </div>
   <div class='ocr_carea' id='block_1_64' title="bbox 333 5873 1991 5946">
    <p class='ocr_par' dir='ltr' id='par_1_64' title="bbox 333 5873 1991 5946">
     <span class='ocr_line' id='line_1_64' title="bbox 333 5873 1991 5946; baseline 0.005 -23"><span class='ocrx_word' id='word_1_508' title='bbox 333 5873 537 5926; x_wconf 75' lang='grc' dir='ltr'>ὑδάτων</span> <span class='ocrx_word' id='word_1_509' title='bbox 574 5874 956 5944; x_wconf 76' lang='grc' dir='ltr'>άναιρεθῆναι;</span> <span class='ocrx_word' id='word_1_510' title='bbox 1001 5875 1088 5944; x_wconf 72' lang='grc' dir='ltr'>Μὴ</span> <span class='ocrx_word' id='word_1_511' title='bbox 1137 5877 1549 5944; x_wconf 74' lang='grc' dir='ltr'>ἀπερισκέπτως</span> <span class='ocrx_word' id='word_1_512' title='bbox 1601 5878 1856 5946; x_wconf 76' lang='grc' dir='ltr'>φθέγγου,</span> <span class='ocrx_word' id='word_1_513' title='bbox 1900 5882 1991 5933; x_wconf 85' lang='grc' dir='ltr'>ἄν-</span> 
     </span>
    </p>
   </div>
   <div class='ocr_carea' id='block_1_65' title="bbox 413 5992 1992 6062">
    <p class='ocr_par' dir='ltr' id='par_1_65' title="bbox 413 5992 1992 6062">
     <span class='ocr_line' id='line_1_65' title="bbox 413 5992 1992 6062; baseline -0.003 -15"><span class='ocrx_word' id='word_1_514' title='bbox 413 5995 435 6021; x_wconf 87' lang='grc'><strong><em>⁸</em></strong></span> <span class='ocrx_word' id='word_1_515' title='bbox 466 5992 561 6042; x_wconf 67' lang='lat' dir='ltr'>Alii</span> <span class='ocrx_word' id='word_1_516' title='bbox 586 6001 663 6047; x_wconf 67' lang='grc' dir='ltr'>τῆς</span> <span class='ocrx_word' id='word_1_517' title='bbox 706 5996 912 6053; x_wconf 55' lang='grc' dir='ltr'>θλίψεως.</span> <span class='ocrx_word' id='word_1_518' title='bbox 983 5995 1006 6032; x_wconf 69' lang='grc'><strong>1⁵</strong></span> <span class='ocrx_word' id='word_1_519' title='bbox 1031 5994 1174 6044; x_wconf 67' lang='lat' dir='ltr'>Smil.</span> <span class='ocrx_word' id='word_1_520' title='bbox 1213 5998 1258 6044; x_wconf 87' lang='lat' dir='ltr'>in</span> <span class='ocrx_word' id='word_1_521' title='bbox 1286 6011 1414 6052; x_wconf 71' lang='lat' dir='ltr'>marg</span> <span class='ocrx_word' id='word_1_522' title='bbox 1460 6010 1486 6044; x_wconf 68' lang='grc' dir='ltr'>ε</span> <span class='ocrx_word' id='word_1_523' title='bbox 1516 6013 1604 6046; x_wconf 70' lang='lat' dir='ltr'>\ar.</span> <span class='ocrx_word' id='word_1_524' title='bbox 1641 6002 1749 6047; x_wconf 72' lang='grc' dir='ltr'>Ξενι.</span> <span class='ocrx_word' id='word_1_525' title='bbox 1781 6003 1992 6062; x_wconf 45' lang='lat' dir='ltr'>ﬁxe-464w.</span> 
     </span>
    </p>
   </div>
   <div class='ocr_carea' id='block_1_66' title="bbox 1166 389 3026 452">
    <p class='ocr_par' dir='ltr' id='par_1_66' title="bbox 1166 389 3026 452">
     <span class='ocr_line' id='line_1_66' title="bbox 1166 389 3026 452; baseline 0 -1"><span class='ocrx_word' id='word_1_526' title='bbox 1166 397 1222 451; x_wconf 88' lang='lat' dir='ltr'>S.</span> <span class='ocrx_word' id='word_1_527' title='bbox 1277 394 1561 452; x_wconf 69' lang='lat' dir='ltr'>JOANNIS</span> <span class='ocrx_word' id='word_1_528' title='bbox 1603 389 2091 450; x_wconf 59' lang='lat' dir='ltr'>CHRYSOSTOII</span> <span class='ocrx_word' id='word_1_529' title='bbox 2122 391 2441 449; x_wconf 74' lang='lat' dir='ltr'>ARCHIEP.</span> <span class='ocrx_word' id='word_1_530' title='bbox 2480 394 3026 452; x_wconf 68' lang='lat' dir='ltr'>CONSTANI&#39;INJP.</span> 
     </span>
    </p>
   </div>
   <div class='ocr_carea' id='block_1_67' title="bbox 2111 507 3774 581">
    <p class='ocr_par' dir='ltr' id='par_1_67' title="bbox 2111 507 3774 581">
     <span class='ocr_line' id='line_1_67' title="bbox 2111 507 3774 581; baseline 0.001 -20"><span class='ocrx_word' id='word_1_531' title='bbox 2111 507 2317 580; x_wconf 75' lang='grc' dir='ltr'>θρωπε,</span> <span class='ocrx_word' id='word_1_532' title='bbox 2351 511 2467 564; x_wconf 74' lang='grc' dir='ltr'>ἀλλ’</span> <span class='ocrx_word' id='word_1_533' title='bbox 2497 510 2799 581; x_wconf 81' lang='grc' dir='ltr'>εὐγνώμονι</span> <span class='ocrx_word' id='word_1_534' title='bbox 2831 510 3040 581; x_wconf 77' lang='grc' dir='ltr'>διανοίᾳ</span> <span class='ocrx_word' id='word_1_535' title='bbox 3082 508 3150 562; x_wconf 74' lang='grc' dir='ltr'>τά</span> <span class='ocrx_word' id='word_1_536' title='bbox 3190 508 3339 579; x_wconf 74' lang='grc' dir='ltr'>παρὰ</span> <span class='ocrx_word' id='word_1_537' title='bbox 3384 509 3476 561; x_wconf 84' lang='grc' dir='ltr'>τοῦ</span> <span class='ocrx_word' id='word_1_538' title='bbox 3505 508 3774 563; x_wconf 76' lang='grc' dir='ltr'>Δεσπότου</span> 
     </span>
    </p>
   </div>
   <div class='ocr_carea' id='block_1_68' title="bbox 2126 593 3776 669">
    <p class='ocr_par' dir='ltr' id='par_1_68' title="bbox 2126 593 3776 669">
     <span class='ocr_line' id='line_1_68' title="bbox 2126 593 3776 669; baseline 0.002 -22"><span class='ocrx_word' id='word_1_539' title='bbox 2126 597 2377 666; x_wconf 83' lang='grc' dir='ltr'>γινόμενα</span> <span class='ocrx_word' id='word_1_540' title='bbox 2398 597 2576 666; x_wconf 83' lang='grc' dir='ltr'>δέχου,</span> <span class='ocrx_word' id='word_1_541' title='bbox 2599 599 2695 651; x_wconf 71' lang='grc' dir='ltr'>καὶ</span> <span class='ocrx_word' id='word_1_542' title='bbox 2715 599 2833 650; x_wconf 81' lang='grc' dir='ltr'>τότε</span> <span class='ocrx_word' id='word_1_543' title='bbox 2856 596 3058 669; x_wconf 77' lang='grc' dir='ltr'>γνώσῃ.</span> <span class='ocrx_word' id='word_1_544' title='bbox 3080 597 3211 667; x_wconf 82' lang='grc' dir='ltr'>ὅσης</span> <span class='ocrx_word' id='word_1_545' title='bbox 3242 595 3333 648; x_wconf 79' lang='grc' dir='ltr'>καὶ</span> <span class='ocrx_word' id='word_1_546' title='bbox 3361 593 3516 648; x_wconf 85' lang='grc' dir='ltr'>τοῦτο</span> <span class='ocrx_word' id='word_1_547' title='bbox 3541 595 3776 664; x_wconf 79' lang='grc' dir='ltr'>μάλιστα</span> 
     </span>
    </p>
   </div>
   <div class='ocr_carea' id='block_1_69' title="bbox 2109 682 3771 755">
    <p class='ocr_par' dir='ltr' id='par_1_69' title="bbox 2109 682 3771 755">
     <span class='ocr_line' id='line_1_69' title="bbox 2109 682 3771 755; baseline 0.007 -24"><span class='ocrx_word' id='word_1_548' title='bbox 2109 682 2450 752; x_wconf 86' lang='grc' dir='ltr'>κηδεμονίας.</span> <span class='ocrx_word' id='word_1_549' title='bbox 2510 684 2582 736; x_wconf 83' lang='grc' dir='ltr'>Τὸ</span> <span class='ocrx_word' id='word_1_550' title='bbox 2610 685 2719 755; x_wconf 84' lang='grc' dir='ltr'>γὰρ</span> <span class='ocrx_word' id='word_1_551' title='bbox 2753 687 2880 748; x_wconf 78' lang='grc' dir='ltr'>τοὺς</span> <span class='ocrx_word' id='word_1_552' title='bbox 2912 686 2980 739; x_wconf 87' lang='grc' dir='ltr'>τά</span> <span class='ocrx_word' id='word_1_553' title='bbox 3023 686 3297 755; x_wconf 77' lang='grc' dir='ltr'>ἀνήκεστα</span> <span class='ocrx_word' id='word_1_554' title='bbox 3339 684 3771 753; x_wconf 78' lang='grc' dir='ltr'>ἁμαρτάνοντας.</span> 
     </span>
    </p>
   </div>
   <div class='ocr_carea' id='block_1_70' title="bbox 2108 769 3774 842">
    <p class='ocr_par' dir='ltr' id='par_1_70' title="bbox 2108 769 3774 842">
     <span class='ocr_line' id='line_1_70' title="bbox 2108 769 3774 842; baseline 0.002 -23"><span class='ocrx_word' id='word_1_555' title='bbox 2108 769 2200 821; x_wconf 72' lang='grc' dir='ltr'>καὶ</span> <span class='ocrx_word' id='word_1_556' title='bbox 2231 771 2350 823; x_wconf 79' lang='grc' dir='ltr'>καθ’</span> <span class='ocrx_word' id='word_1_557' title='bbox 2381 771 2616 842; x_wconf 87' lang='grc' dir='ltr'>ἐκάστην</span> <span class='ocrx_word' id='word_1_558' title='bbox 2644 772 2856 842; x_wconf 81' lang='grc' dir='ltr'>ἡμέραν</span> <span class='ocrx_word' id='word_1_559' title='bbox 2881 771 2948 825; x_wconf 88' lang='grc' dir='ltr'>τά</span> <span class='ocrx_word' id='word_1_560' title='bbox 2964 771 3256 842; x_wconf 85' lang='grc' dir='ltr'>τραύματα</span> <span class='ocrx_word' id='word_1_561' title='bbox 3276 771 3653 833; x_wconf 77' lang='grc' dir='ltr'>ἐπιτείνοντας,</span> <span class='ocrx_word' id='word_1_562' title='bbox 3678 769 3774 825; x_wconf 80' lang='grc' dir='ltr'>καὶ</span> 
     </span>
    </p>
   </div>
   <div class='ocr_carea' id='block_1_71' title="bbox 2105 850 3774 928">
    <p class='ocr_par' dir='ltr' id='par_1_71' title="bbox 2105 850 3774 928">
     <span class='ocr_line' id='line_1_71' title="bbox 2105 850 3774 928; baseline 0.004 -26"><span class='ocrx_word' id='word_1_563' title='bbox 2105 850 2175 902; x_wconf 85' lang='grc' dir='ltr'>τά</span> <span class='ocrx_word' id='word_1_564' title='bbox 2207 853 2337 925; x_wconf 78' lang='grc' dir='ltr'>ἕλκη</span> <span class='ocrx_word' id='word_1_565' title='bbox 2371 854 2561 910; x_wconf 83' lang='grc' dir='ltr'>ἀνίατα</span> <span class='ocrx_word' id='word_1_566' title='bbox 2589 855 3007 928; x_wconf 74' lang='grc' dir='ltr'>ἐργαζομένους,</span> <span class='ocrx_word' id='word_1_567' title='bbox 3041 859 3105 910; x_wconf 79' lang='grc' dir='ltr'>ἐκ</span> <span class='ocrx_word' id='word_1_568' title='bbox 3131 856 3232 926; x_wconf 83' lang='grc' dir='ltr'>τῆς</span> <span class='ocrx_word' id='word_1_569' title='bbox 3268 857 3464 920; x_wconf 80' lang='grc' dir='ltr'>κακίας</span> <span class='ocrx_word' id='word_1_570' title='bbox 3499 855 3774 911; x_wconf 80' lang='grc' dir='ltr'>ἀπαλλάτ-</span> 
     </span>
    </p>
   </div>
   <div class='ocr_carea' id='block_1_72' title="bbox 2105 940 3770 1015">
    <p class='ocr_par' dir='ltr' id='par_1_72' title="bbox 2105 940 3770 1015">
     <span class='ocr_line' id='line_1_72' title="bbox 2105 940 3770 1015; baseline 0.003 -25"><span class='ocrx_word' id='word_1_571' title='bbox 2105 954 2240 1006; x_wconf 85' lang='grc' dir='ltr'>τειν,</span> <span class='ocrx_word' id='word_1_572' title='bbox 2267 942 2386 1012; x_wconf 81' lang='grc' dir='ltr'>οὐχὶ</span> <span class='ocrx_word' id='word_1_573' title='bbox 2415 944 2739 1014; x_wconf 74' lang='grc' dir='ltr'>κηδεμονίας</span> <span class='ocrx_word' id='word_1_574' title='bbox 2761 940 2830 1015; x_wconf 81' lang='grc' dir='ltr'>ἦν</span> <span class='ocrx_word' id='word_1_575' title='bbox 2860 944 2960 1013; x_wconf 84' lang='grc' dir='ltr'>τῆς</span> <span class='ocrx_word' id='word_1_576' title='bbox 2988 945 3288 1015; x_wconf 77' lang='grc' dir='ltr'>μεγίστηςς</span> <span class='ocrx_word' id='word_1_577' title='bbox 3337 945 3448 998; x_wconf 76' lang='lat' dir='ltr'>Kal</span> <span class='ocrx_word' id='word_1_578' title='bbox 3474 943 3635 1007; x_wconf 71' lang='grc' dir='ltr'>αὐτὸς</span> <span class='ocrx_word' id='word_1_579' title='bbox 3659 941 3720 996; x_wconf 73' lang='grc' dir='ltr'>δέ</span> <span class='ocrx_word' id='word_1_580' title='bbox 3742 941 3770 995; x_wconf 84' lang='grc'>6</span> 
     </span>
    </p>
   </div>
   <div class='ocr_carea' id='block_1_73' title="bbox 2103 1027 3766 1110">
    <p class='ocr_par' dir='ltr' id='par_1_73' title="bbox 2103 1027 3766 1110">
     <span class='ocr_line' id='line_1_73' title="bbox 2103 1027 3766 1110; baseline 0.007 -31"><span class='ocrx_word' id='word_1_581' title='bbox 2103 1027 2206 1097; x_wconf 82' lang='grc' dir='ltr'>τῆς</span> <span class='ocrx_word' id='word_1_582' title='bbox 2250 1032 2521 1110; x_wconf 84' lang='grc' dir='ltr'>τιμωρίας</span> <span class='ocrx_word' id='word_1_583' title='bbox 2566 1032 2765 1103; x_wconf 87' lang='grc' dir='ltr'>τρόπος</span> <span class='ocrx_word' id='word_1_584' title='bbox 2807 1032 2870 1085; x_wconf 85' lang='grc' dir='ltr'>ού</span> <span class='ocrx_word' id='word_1_585' title='bbox 2911 1032 3094 1103; x_wconf 81' lang='grc' dir='ltr'>πάσης</span> <span class='ocrx_word' id='word_1_586' title='bbox 3118 1031 3280 1102; x_wconf 85' lang='grc' dir='ltr'>γέμει</span> <span class='ocrx_word' id='word_1_587' title='bbox 3321 1030 3766 1102; x_wconf 56' lang='grc' dir='ltr'>φιλανθρωπίας</span> 
     </span>
    </p>
   </div>
   <div class='ocr_carea' id='block_1_74' title="bbox 2106 1115 3768 1190">
    <p class='ocr_par' dir='ltr' id='par_1_74' title="bbox 2106 1115 3768 1190">
     <span class='ocr_line' id='line_1_74' title="bbox 2106 1115 3768 1190; baseline -0.001 -23"><span class='ocrx_word' id='word_1_588' title='bbox 2106 1115 2180 1169; x_wconf 81' lang='grc' dir='ltr'>Τὸ</span> <span class='ocrx_word' id='word_1_589' title='bbox 2214 1117 2320 1188; x_wconf 84' lang='grc' dir='ltr'>γάρ</span> <span class='ocrx_word' id='word_1_590' title='bbox 2348 1118 2474 1182; x_wconf 81' lang='grc' dir='ltr'>τοὺς</span> <span class='ocrx_word' id='word_1_591' title='bbox 2506 1120 2601 1172; x_wconf 74' lang='grc' dir='ltr'>καὶ</span> <span class='ocrx_word' id='word_1_592' title='bbox 2629 1121 2757 1173; x_wconf 81' lang='grc' dir='ltr'>ἀνευ</span> <span class='ocrx_word' id='word_1_593' title='bbox 2787 1119 2980 1172; x_wconf 90' lang='grc' dir='ltr'>τούτου</span> <span class='ocrx_word' id='word_1_594' title='bbox 3019 1117 3314 1190; x_wconf 82' lang='grc' dir='ltr'>μέλλοντας</span> <span class='ocrx_word' id='word_1_595' title='bbox 3344 1117 3406 1172; x_wconf 85' lang='grc' dir='ltr'>τδ</span> <span class='ocrx_word' id='word_1_596' title='bbox 3432 1117 3531 1186; x_wconf 81' lang='grc' dir='ltr'>τῆς</span> <span class='ocrx_word' id='word_1_597' title='bbox 3554 1115 3768 1185; x_wconf 79' lang='grc' dir='ltr'>φύσεως</span> 
     </span>
    </p>
   </div>
   <div class='ocr_carea' id='block_1_75' title="bbox 2105 1197 3769 1276">
    <p class='ocr_par' dir='ltr' id='par_1_75' title="bbox 2105 1197 3769 1276">
     <span class='ocr_line' id='line_1_75' title="bbox 2105 1197 3769 1276; baseline -0.001 -22"><span class='ocrx_word' id='word_1_598' title='bbox 2105 1202 2264 1270; x_wconf 76' lang='grc' dir='ltr'>χρέος</span> <span class='ocrx_word' id='word_1_599' title='bbox 2289 1204 2539 1269; x_wconf 80' lang='grc' dir='ltr'>ἐκτίνειν,</span> <span class='ocrx_word' id='word_1_600' title='bbox 2575 1205 2746 1267; x_wconf 72' lang='grc' dir='ltr'>οὕτως</span> <span class='ocrx_word' id='word_1_601' title='bbox 2783 1205 3005 1268; x_wconf 89' lang='grc' dir='ltr'>ἀλύπως</span> <span class='ocrx_word' id='word_1_602' title='bbox 3041 1206 3099 1258; x_wconf 84' lang='grc' dir='ltr'>ἐν</span> <span class='ocrx_word' id='word_1_603' title='bbox 3131 1204 3289 1276; x_wconf 85' lang='grc' dir='ltr'>μέρει</span> <span class='ocrx_word' id='word_1_604' title='bbox 3311 1203 3581 1274; x_wconf 84' lang='grc' dir='ltr'>τιμωρίας</span> <span class='ocrx_word' id='word_1_605' title='bbox 3614 1197 3769 1271; x_wconf 68' lang='lat' dir='ltr'>mu</span> 
     </span>
    </p>
   </div>
   <div class='ocr_carea' id='block_1_76' title="bbox 2114 1286 3770 1363">
    <p class='ocr_par' dir='ltr' id='par_1_76' title="bbox 2114 1286 3770 1363">
     <span class='ocr_line' id='line_1_76' title="bbox 2114 1286 3770 1363; baseline -0.004 -19"><span class='ocrx_word' id='word_1_606' title='bbox 2114 1288 2199 1358; x_wconf 79' lang='grc' dir='ltr'>τὴν</span> <span class='ocrx_word' id='word_1_607' title='bbox 2233 1288 2379 1360; x_wconf 73' lang='grc' dir='ltr'>ζωὴν</span> <span class='ocrx_word' id='word_1_608' title='bbox 2412 1290 2729 1355; x_wconf 83' lang='grc' dir='ltr'>ἀποθέσθαι,</span> <span class='ocrx_word' id='word_1_609' title='bbox 2769 1292 2864 1346; x_wconf 77' lang='grc' dir='ltr'>καὶ</span> <span class='ocrx_word' id='word_1_610' title='bbox 2902 1293 3038 1363; x_wconf 76' lang='grc' dir='ltr'>μήτε</span> <span class='ocrx_word' id='word_1_611' title='bbox 3066 1292 3316 1362; x_wconf 80' lang='grc' dir='ltr'>αἴσθησιν</span> <span class='ocrx_word' id='word_1_612' title='bbox 3344 1291 3439 1345; x_wconf 87' lang='grc' dir='ltr'>τοῦ</span> <span class='ocrx_word' id='word_1_613' title='bbox 3467 1286 3770 1358; x_wconf 79' lang='grc' dir='ltr'>γεγενημέο</span> 
     </span>
    </p>
   </div>
   <div class='ocr_carea' id='block_1_77' title="bbox 2102 1373 3770 1448">
    <p class='ocr_par' dir='ltr' id='par_1_77' title="bbox 2102 1373 3770 1448">
     <span class='ocr_line' id='line_1_77' title="bbox 2102 1373 3770 1448; baseline 0 -23"><span class='ocrx_word' id='word_1_614' title='bbox 2102 1390 2193 1426; x_wconf 90' lang='grc' dir='ltr'>νου</span> <span class='ocrx_word' id='word_1_615' title='bbox 2228 1373 2431 1439; x_wconf 91' lang='grc' dir='ltr'>λαϐεῖν,</span> <span class='ocrx_word' id='word_1_616' title='bbox 2472 1377 2585 1429; x_wconf 90' lang='grc' dir='ltr'>ἀλλ’</span> <span class='ocrx_word' id='word_1_617' title='bbox 2619 1378 2905 1442; x_wconf 81' lang='grc' dir='ltr'>ἀνωδύνως</span> <span class='ocrx_word' id='word_1_618' title='bbox 2939 1379 3031 1431; x_wconf 80' lang='grc' dir='ltr'>καὶ</span> <span class='ocrx_word' id='word_1_619' title='bbox 3075 1377 3339 1448; x_wconf 80' lang='grc' dir='ltr'>ἀναλγητὶ</span> <span class='ocrx_word' id='word_1_620' title='bbox 3373 1376 3471 1447; x_wconf 80' lang='grc' dir='ltr'>τὴν</span> <span class='ocrx_word' id='word_1_621' title='bbox 3499 1373 3770 1445; x_wconf 87' lang='grc' dir='ltr'>τιμωρίαν</span> 
     </span>
    </p>
   </div>
   <div class='ocr_carea' id='block_1_78' title="bbox 2100 1459 3772 1534">
    <p class='ocr_par' dir='ltr' id='par_1_78' title="bbox 2100 1459 3772 1534">
     <span class='ocr_line' id='line_1_78' title="bbox 2100 1459 3772 1534; baseline 0 -22"><span class='ocrx_word' id='word_1_622' title='bbox 2100 1459 2374 1525; x_wconf 80' lang='grc' dir='ltr'>δέξασθαι,</span> <span class='ocrx_word' id='word_1_623' title='bbox 2399 1463 2573 1532; x_wconf 88' lang='grc' dir='ltr'>πόσης</span> <span class='ocrx_word' id='word_1_624' title='bbox 2605 1465 2704 1517; x_wconf 86' lang='grc' dir='ltr'>οὐκ</span> <span class='ocrx_word' id='word_1_625' title='bbox 2731 1463 2798 1516; x_wconf 83' lang='grc' dir='ltr'>ἃν</span> <span class='ocrx_word' id='word_1_626' title='bbox 2823 1464 2908 1534; x_wconf 73' lang='grc' dir='ltr'>εἴη</span> <span class='ocrx_word' id='word_1_627' title='bbox 2944 1465 3134 1534; x_wconf 83' lang='grc' dir='ltr'>σοφίας</span> <span class='ocrx_word' id='word_1_628' title='bbox 3161 1465 3253 1518; x_wconf 73' lang='grc' dir='ltr'>καὶ</span> <span class='ocrx_word' id='word_1_629' title='bbox 3275 1462 3603 1530; x_wconf 86' lang='grc' dir='ltr'>ἀγαθότητος</span> <span class='ocrx_word' id='word_1_630' title='bbox 3622 1476 3638 1524; x_wconf 88' lang='lat'><strong>;</strong></span> <span class='ocrx_word' id='word_1_631' title='bbox 3657 1459 3772 1514; x_wconf 78' lang='grc' dir='ltr'>Καὶ</span> 
     </span>
    </p>
   </div>
   <div class='ocr_carea' id='block_1_79' title="bbox 2101 1545 3770 1619">
    <p class='ocr_par' dir='ltr' id='par_1_79' title="bbox 2101 1545 3770 1619">
     <span class='ocr_line' id='line_1_79' title="bbox 2101 1545 3770 1619; baseline -0.002 -19"><span class='ocrx_word' id='word_1_632' title='bbox 2101 1549 2234 1601; x_wconf 84' lang='grc' dir='ltr'>αὐτὸ</span> <span class='ocrx_word' id='word_1_633' title='bbox 2255 1548 2364 1617; x_wconf 86' lang='grc' dir='ltr'>γὰρ</span> <span class='ocrx_word' id='word_1_634' title='bbox 2389 1550 2550 1604; x_wconf 91' lang='grc' dir='ltr'>πάλιν</span> <span class='ocrx_word' id='word_1_635' title='bbox 2576 1552 2730 1614; x_wconf 81' lang='grc' dir='ltr'>εἴτις</span> <span class='ocrx_word' id='word_1_636' title='bbox 2762 1551 2978 1605; x_wconf 83' lang='grc' dir='ltr'>εὐσεϐεῖ</span> <span class='ocrx_word' id='word_1_637' title='bbox 2999 1549 3244 1619; x_wconf 83' lang='grc' dir='ltr'>λογισμῷ</span> <span class='ocrx_word' id='word_1_638' title='bbox 3272 1547 3576 1618; x_wconf 84' lang='grc' dir='ltr'>καταμάθοι</span> <span class='ocrx_word' id='word_1_639' title='bbox 3596 1545 3658 1598; x_wconf 85' lang='grc' dir='ltr'>τδ</span> <span class='ocrx_word' id='word_1_640' title='bbox 3682 1561 3770 1614; x_wconf 83' lang='grc' dir='ltr'>γεο</span> 
     </span>
    </p>
   </div>
   <div class='ocr_carea' id='block_1_80' title="bbox 2100 1630 3772 1706">
    <p class='ocr_par' dir='ltr' id='par_1_80' title="bbox 2100 1630 3772 1706">
     <span class='ocr_line' id='line_1_80' title="bbox 2100 1630 3772 1706; baseline 0 -20"><span class='ocrx_word' id='word_1_641' title='bbox 2100 1636 2421 1705; x_wconf 86' lang='grc' dir='ltr'>γενημένον,</span> <span class='ocrx_word' id='word_1_642' title='bbox 2453 1638 2537 1689; x_wconf 85' lang='grc' dir='ltr'>ὄτι</span> <span class='ocrx_word' id='word_1_643' title='bbox 2565 1638 2662 1690; x_wconf 84' lang='grc' dir='ltr'>οὐκ</span> <span class='ocrx_word' id='word_1_644' title='bbox 2689 1639 2769 1702; x_wconf 85' lang='grc' dir='ltr'>είς</span> <span class='ocrx_word' id='word_1_645' title='bbox 2795 1639 2921 1701; x_wconf 80' lang='grc' dir='ltr'>τοὺς</span> <span class='ocrx_word' id='word_1_646' title='bbox 2944 1636 3352 1706; x_wconf 86' lang='grc' dir='ltr'>τιμωρηθέντας</span> <span class='ocrx_word' id='word_1_647' title='bbox 3390 1630 3550 1705; x_wconf 79' lang='grc' dir='ltr'>μόνον</span> <span class='ocrx_word' id='word_1_648' title='bbox 3567 1633 3636 1686; x_wconf 88' lang='grc' dir='ltr'>τά</span> <span class='ocrx_word' id='word_1_649' title='bbox 3664 1632 3772 1703; x_wconf 79' lang='grc' dir='ltr'>τῆς</span> 
     </span>
    </p>
   </div>
   <div class='ocr_carea' id='block_1_81' title="bbox 2101 1720 3768 1793">
    <p class='ocr_par' dir='ltr' id='par_1_81' title="bbox 2101 1720 3768 1793">
     <span class='ocr_line' id='line_1_81' title="bbox 2101 1720 3768 1793; baseline 0.005 -20"><span class='ocrx_word' id='word_1_650' title='bbox 2101 1722 2420 1793; x_wconf 83' lang='grc' dir='ltr'>εὐεργεσίας</span> <span class='ocrx_word' id='word_1_651' title='bbox 2443 1723 2683 1792; x_wconf 86' lang='grc' dir='ltr'>γέγονεν,</span> <span class='ocrx_word' id='word_1_652' title='bbox 2725 1724 2860 1777; x_wconf 90' lang='grc' dir='ltr'>ἀλλά</span> <span class='ocrx_word' id='word_1_653' title='bbox 2889 1725 2982 1778; x_wconf 79' lang='grc' dir='ltr'>καὶ</span> <span class='ocrx_word' id='word_1_654' title='bbox 3013 1725 3060 1777; x_wconf 88' lang='grc' dir='ltr'>οἱ</span> <span class='ocrx_word' id='word_1_655' title='bbox 3097 1725 3176 1785; x_wconf 89' lang='grc' dir='ltr'>εἰς</span> <span class='ocrx_word' id='word_1_656' title='bbox 3219 1721 3279 1774; x_wconf 80' lang='grc' dir='ltr'>τὸ</span> <span class='ocrx_word' id='word_1_657' title='bbox 3316 1722 3442 1792; x_wconf 82' lang='grc' dir='ltr'>ἐξῆς</span> <span class='ocrx_word' id='word_1_658' title='bbox 3485 1720 3768 1791; x_wconf 75' lang='grc' dir='ltr'>μέλλοντες</span> 
     </span>
    </p>
   </div>
   <div class='ocr_carea' id='block_1_82' title="bbox 2101 1805 3768 1881">
    <p class='ocr_par' dir='ltr' id='par_1_82' title="bbox 2101 1805 3768 1881">
     <span class='ocr_line' id='line_1_82' title="bbox 2101 1805 3768 1881; baseline -0.001 -21"><span class='ocrx_word' id='word_1_659' title='bbox 2101 1810 2316 1862; x_wconf 74' lang='grc' dir='ltr'>ἔσεσθαι</span> <span class='ocrx_word' id='word_1_660' title='bbox 2346 1809 2438 1863; x_wconf 90' lang='grc' dir='ltr'>δύο</span> <span class='ocrx_word' id='word_1_661' title='bbox 2478 1811 2545 1864; x_wconf 80' lang='grc' dir='ltr'>τά</span> <span class='ocrx_word' id='word_1_662' title='bbox 2587 1811 2816 1881; x_wconf 86' lang='grc' dir='ltr'>μέγιστα</span> <span class='ocrx_word' id='word_1_663' title='bbox 2854 1809 3103 1864; x_wconf 86' lang='grc' dir='ltr'>ἐντεῦθεν</span> <span class='ocrx_word' id='word_1_664' title='bbox 3142 1807 3532 1880; x_wconf 73' lang='grc' dir='ltr'>ἐκαρπώσαντο</span> <span class='ocrx_word' id='word_1_665' title='bbox 3564 1805 3768 1876; x_wconf 84' lang='grc' dir='ltr'>ἀγαθά,</span> 
     </span>
    </p>
   </div>
   <div class='ocr_carea' id='block_1_83' title="bbox 2101 1881 3770 1969">
    <p class='ocr_par' dir='ltr' id='par_1_83' title="bbox 2101 1881 3770 1969">
     <span class='ocr_line' id='line_1_83' title="bbox 2101 1881 3770 1969; baseline -0.002 -19"><span class='ocrx_word' id='word_1_666' title='bbox 2101 1897 2183 1968; x_wconf 78' lang='grc' dir='ltr'>[τό</span> <span class='ocrx_word' id='word_1_667' title='bbox 2213 1916 2271 1951; x_wconf 90' lang='grc' dir='ltr'>τε</span> <span class='ocrx_word' id='word_1_668' title='bbox 2303 1899 2376 1969; x_wconf 83' lang='grc' dir='ltr'>μὴ</span> <span class='ocrx_word' id='word_1_669' title='bbox 2402 1901 2604 1954; x_wconf 81' lang='grc' dir='ltr'>ἁλῶναι</span> <span class='ocrx_word' id='word_1_670' title='bbox 2633 1902 2688 1953; x_wconf 87' lang='grc' dir='ltr'>ἐν</span> <span class='ocrx_word' id='word_1_671' title='bbox 2720 1903 2834 1964; x_wconf 89' lang='grc' dir='ltr'>τοῖς</span> <span class='ocrx_word' id='word_1_672' title='bbox 2866 1900 3069 1963; x_wconf 86' lang='grc' dir='ltr'>αὐτοῖς,</span> <span class='ocrx_word' id='word_1_673' title='bbox 3093 1897 3187 1952; x_wconf 70' lang='grc' dir='ltr'>καὶ</span> <span class='ocrx_word' id='word_1_674' title='bbox 3216 1897 3278 1950; x_wconf 85' lang='grc' dir='ltr'>τὸ</span> <span class='ocrx_word' id='word_1_675' title='bbox 3317 1899 3380 1950; x_wconf 89' lang='grc' dir='ltr'>ἐκ</span> <span class='ocrx_word' id='word_1_676' title='bbox 3422 1881 3626 1948; x_wconf 73' lang='grc' dir='ltr'>τούτων</span> <span class='ocrx_word' id='word_1_677' title='bbox 3656 1894 3770 1948; x_wconf 76' lang='grc' dir='ltr'>τῶν</span> 
     </span>
    </p>
   </div>
   <div class='ocr_carea' id='block_1_84' title="bbox 2099 1981 3770 2058">
    <p class='ocr_par' dir='ltr' id='par_1_84' title="bbox 2099 1981 3770 2058">
     <span class='ocr_line' id='line_1_84' title="bbox 2099 1981 3770 2058; baseline -0.002 -21"><span class='ocrx_word' id='word_1_678' title='bbox 2099 1987 2478 2056; x_wconf 85' lang='grc' dir='ltr'>γεγενημένων</span> <span class='ocrx_word' id='word_1_679' title='bbox 2515 1987 2987 2058; x_wconf 80' lang='grc' dir='ltr'>σωφρονεστέρους</span> <span class='ocrx_word' id='word_1_680' title='bbox 3031 1983 3404 2055; x_wconf 83' lang='grc' dir='ltr'>γεγενῆσθαι,]</span> <span class='ocrx_word' id='word_1_681' title='bbox 3452 1983 3627 2053; x_wconf 88' lang='grc' dir='ltr'>πόσην</span> <span class='ocrx_word' id='word_1_682' title='bbox 3666 1981 3770 2034; x_wconf 77' lang='grc' dir='ltr'>οὐκ</span> 
     </span>
    </p>
   </div>
   <div class='ocr_carea' id='block_1_85' title="bbox 2099 2069 3769 2146">
    <p class='ocr_par' dir='ltr' id='par_1_85' title="bbox 2099 2069 3769 2146">
     <span class='ocr_line' id='line_1_85' title="bbox 2099 2069 3769 2146; baseline -0.003 -21"><span class='ocrx_word' id='word_1_683' title='bbox 2099 2073 2328 2141; x_wconf 77' lang='grc' dir='ltr'>ὤφειλον</span> <span class='ocrx_word' id='word_1_684' title='bbox 2357 2075 2435 2146; x_wconf 82' lang='grc' dir='ltr'>τῷ</span> <span class='ocrx_word' id='word_1_685' title='bbox 2465 2075 2583 2146; x_wconf 87' lang='grc' dir='ltr'>Θεῷ</span> <span class='ocrx_word' id='word_1_686' title='bbox 2623 2075 2783 2146; x_wconf 88' lang='grc' dir='ltr'>χάριν</span> <span class='ocrx_word' id='word_1_687' title='bbox 2817 2075 2957 2146; x_wconf 83' lang='grc' dir='ltr'>ὑπὲρ</span> <span class='ocrx_word' id='word_1_688' title='bbox 2994 2074 3195 2127; x_wconf 90' lang='grc' dir='ltr'>τούτων</span> <span class='ocrx_word' id='word_1_689' title='bbox 3218 2072 3521 2141; x_wconf 84' lang='grc' dir='ltr'>ὁμολογεῖν,</span> <span class='ocrx_word' id='word_1_690' title='bbox 3561 2070 3644 2123; x_wconf 84' lang='grc' dir='ltr'>δτι</span> <span class='ocrx_word' id='word_1_691' title='bbox 3672 2069 3769 2122; x_wconf 80' lang='grc' dir='ltr'>καὶ</span> 
     </span>
    </p>
   </div>
   <div class='ocr_carea' id='block_1_86' title="bbox 2100 2155 3770 2233">
    <p class='ocr_par' dir='ltr' id='par_1_86' title="bbox 2100 2155 3770 2233">
     <span class='ocr_line' id='line_1_86' title="bbox 2100 2155 3770 2233; baseline -0.001 -21"><span class='ocrx_word' id='word_1_692' title='bbox 2100 2162 2166 2231; x_wconf 77' lang='grc' dir='ltr'>τῇ</span> <span class='ocrx_word' id='word_1_693' title='bbox 2197 2161 2435 2233; x_wconf 74' lang='grc' dir='ltr'>τιμωρία</span> <span class='ocrx_word' id='word_1_694' title='bbox 2459 2162 2680 2215; x_wconf 86' lang='grc' dir='ltr'>ἐκείνων</span> <span class='ocrx_word' id='word_1_695' title='bbox 2711 2162 2804 2215; x_wconf 84' lang='grc' dir='ltr'>καὶ</span> <span class='ocrx_word' id='word_1_696' title='bbox 2829 2160 2907 2231; x_wconf 81' lang='grc' dir='ltr'>τῷ</span> <span class='ocrx_word' id='word_1_697' title='bbox 2933 2161 3045 2214; x_wconf 85' lang='grc' dir='ltr'>δέει</span> <span class='ocrx_word' id='word_1_698' title='bbox 3073 2159 3167 2213; x_wconf 84' lang='grc' dir='ltr'>τοῦ</span> <span class='ocrx_word' id='word_1_699' title='bbox 3196 2159 3270 2230; x_wconf 80' lang='grc' dir='ltr'>μὴ</span> <span class='ocrx_word' id='word_1_700' title='bbox 3303 2158 3371 2212; x_wconf 85' lang='grc' dir='ltr'>τὰ</span> <span class='ocrx_word' id='word_1_701' title='bbox 3401 2156 3542 2212; x_wconf 88' lang='grc' dir='ltr'>αὐτά</span> <span class='ocrx_word' id='word_1_702' title='bbox 3573 2155 3770 2210; x_wconf 74' lang='grc' dir='ltr'>παθεῖν</span> 
     </span>
    </p>
   </div>
   <div class='ocr_carea' id='block_1_87' title="bbox 2101 2237 3770 2321">
    <p class='ocr_par' dir='ltr' id='par_1_87' title="bbox 2101 2237 3770 2321">
     <span class='ocr_line' id='line_1_87' title="bbox 2101 2237 3770 2321; baseline -0.003 -19"><span class='ocrx_word' id='word_1_703' title='bbox 2101 2250 2528 2321; x_wconf 67' lang='grc' dir='ltr'>σωφρονέστεροι</span> <span class='ocrx_word' id='word_1_704' title='bbox 2561 2248 2847 2318; x_wconf 85' lang='grc' dir='ltr'>γεγόνασιν</span> <span class='ocrx_word' id='word_1_705' title='bbox 2903 2248 2952 2300; x_wconf 82' lang='grc' dir='ltr'>οι</span> <span class='ocrx_word' id='word_1_706' title='bbox 2995 2247 3132 2317; x_wconf 89' lang='grc' dir='ltr'>μετά</span> <span class='ocrx_word' id='word_1_707' title='bbox 3159 2246 3353 2311; x_wconf 85' lang='grc' dir='ltr'>ταῦτα,</span> <span class='ocrx_word' id='word_1_708' title='bbox 3403 2246 3495 2298; x_wconf 72' lang='grc' dir='ltr'>καὶ</span> <span class='ocrx_word' id='word_1_709' title='bbox 3517 2237 3770 2314; x_wconf 72' lang='grc' dir='ltr'>τῷάπά-</span> 
     </span>
    </p>
   </div>
   <div class='ocr_carea' id='block_1_88' title="bbox 2101 2328 3767 2408">
    <p class='ocr_par' dir='ltr' id='par_1_88' title="bbox 2101 2328 3767 2408">
     <span class='ocr_line' id='line_1_88' title="bbox 2101 2328 3767 2408; baseline -0.004 -20"><span class='ocrx_word' id='word_1_710' title='bbox 2101 2354 2200 2408; x_wconf 89' lang='grc' dir='ltr'>σης</span> <span class='ocrx_word' id='word_1_711' title='bbox 2229 2338 2327 2408; x_wconf 80' lang='grc' dir='ltr'>τῆς</span> <span class='ocrx_word' id='word_1_712' title='bbox 2367 2335 2566 2399; x_wconf 85' lang='grc' dir='ltr'>κακίας</span> <span class='ocrx_word' id='word_1_713' title='bbox 2593 2335 2687 2388; x_wconf 80' lang='grc' dir='ltr'>καὶ</span> <span class='ocrx_word' id='word_1_714' title='bbox 2740 2333 3003 2404; x_wconf 85' lang='grc' dir='ltr'>πονηρίας</span> <span class='ocrx_word' id='word_1_715' title='bbox 3043 2333 3143 2403; x_wconf 77' lang='grc' dir='ltr'>τὴν</span> <span class='ocrx_word' id='word_1_716' title='bbox 3175 2332 3356 2402; x_wconf 80' lang='grc' dir='ltr'>ζύμην</span> <span class='ocrx_word' id='word_1_717' title='bbox 3391 2328 3767 2401; x_wconf 84' lang='grc' dir='ltr'>ἀναιρεθῆναι,</span> 
     </span>
    </p>
   </div>
   <div class='ocr_carea' id='block_1_89' title="bbox 2099 2416 3770 2494">
    <p class='ocr_par' dir='ltr' id='par_1_89' title="bbox 2099 2416 3770 2494">
     <span class='ocr_line' id='line_1_89' title="bbox 2099 2416 3770 2494; baseline -0.005 -17"><span class='ocrx_word' id='word_1_718' title='bbox 2099 2425 2194 2477; x_wconf 80' lang='grc' dir='ltr'>καὶ</span> <span class='ocrx_word' id='word_1_719' title='bbox 2220 2424 2424 2494; x_wconf 76' lang='grc' dir='ltr'>μηδένα</span> <span class='ocrx_word' id='word_1_720' title='bbox 2447 2421 2874 2491; x_wconf 82' lang='grc' dir='ltr'>καταλειφθῆναι</span> <span class='ocrx_word' id='word_1_721' title='bbox 2899 2419 3218 2475; x_wconf 86' lang='grc' dir='ltr'>διδάσκαλον</span> <span class='ocrx_word' id='word_1_722' title='bbox 3238 2418 3422 2481; x_wconf 82' lang='grc' dir='ltr'>αὐτοῖς</span> <span class='ocrx_word' id='word_1_723' title='bbox 3439 2416 3541 2487; x_wconf 78' lang='grc' dir='ltr'>τῆς</span> <span class='ocrx_word' id='word_1_724' title='bbox 3568 2416 3770 2479; x_wconf 85' lang='grc' dir='ltr'>κακίας</span> 
     </span>
    </p>
   </div>
   <div class='ocr_carea' id='block_1_90' title="bbox 2101 2503 3772 2582">
    <p class='ocr_par' dir='ltr' id='par_1_90' title="bbox 2101 2503 3772 2582">
     <span class='ocr_line' id='line_1_90' title="bbox 2101 2503 3772 2582; baseline -0.005 -17"><span class='ocrx_word' id='word_1_725' title='bbox 2101 2512 2195 2565; x_wconf 78' lang='grc' dir='ltr'>καὶ</span> <span class='ocrx_word' id='word_1_726' title='bbox 2227 2512 2326 2581; x_wconf 80' lang='grc' dir='ltr'>τῆς</span> <span class='ocrx_word' id='word_1_727' title='bbox 2352 2511 2614 2582; x_wconf 85' lang='grc' dir='ltr'>πονηρίας</span> <span class='ocrx_word' id='word_1_728' title='bbox 2636 2526 2651 2576; x_wconf 89' lang='lat'><strong>;</strong></span> <span class='ocrx_word' id='word_1_729' title='bbox 2687 2506 2838 2573; x_wconf 81' lang='grc' dir='ltr'>Εἶδες</span> <span class='ocrx_word' id='word_1_730' title='bbox 2870 2509 2988 2571; x_wconf 85' lang='grc' dir='ltr'>πῶς</span> <span class='ocrx_word' id='word_1_731' title='bbox 3005 2508 3098 2561; x_wconf 77' lang='grc' dir='ltr'>καὶ</span> <span class='ocrx_word' id='word_1_732' title='bbox 3122 2507 3178 2561; x_wconf 89' lang='grc' dir='ltr'>αί</span> <span class='ocrx_word' id='word_1_733' title='bbox 3209 2506 3458 2568; x_wconf 86' lang='grc' dir='ltr'>κολάσεις</span> <span class='ocrx_word' id='word_1_734' title='bbox 3480 2503 3646 2558; x_wconf 85' lang='grc' dir='ltr'>αὐτοῦ</span> <span class='ocrx_word' id='word_1_735' title='bbox 3673 2507 3772 2558; x_wconf 72' lang='grc' dir='ltr'>καὶ</span> 
     </span>
    </p>
   </div>
   <div class='ocr_carea' id='block_1_91' title="bbox 2101 2594 3770 2671">
    <p class='ocr_par' dir='ltr' id='par_1_91' title="bbox 2101 2594 3770 2671">
     <span class='ocr_line' id='line_1_91' title="bbox 2101 2594 3770 2671; baseline -0.004 -19"><span class='ocrx_word' id='word_1_736' title='bbox 2101 2602 2157 2653; x_wconf 83' lang='grc' dir='ltr'>αἱ</span> <span class='ocrx_word' id='word_1_737' title='bbox 2183 2601 2443 2671; x_wconf 88' lang='grc' dir='ltr'>τιμωρίαι</span> <span class='ocrx_word' id='word_1_738' title='bbox 2489 2599 2798 2670; x_wconf 86' lang='grc' dir='ltr'>εὐεργεσίαι</span> <span class='ocrx_word' id='word_1_739' title='bbox 2839 2599 3040 2671; x_wconf 79' lang='grc' dir='ltr'>μᾶλλόν</span> <span class='ocrx_word' id='word_1_740' title='bbox 3086 2599 3214 2659; x_wconf 82' lang='grc' dir='ltr'>εἰσι,</span> <span class='ocrx_word' id='word_1_741' title='bbox 3246 2598 3340 2650; x_wconf 81' lang='grc' dir='ltr'>καὶ</span> <span class='ocrx_word' id='word_1_742' title='bbox 3369 2597 3469 2665; x_wconf 82' lang='grc' dir='ltr'>τὴν</span> <span class='ocrx_word' id='word_1_743' title='bbox 3509 2594 3770 2666; x_wconf 87' lang='grc' dir='ltr'>πρόνοιαν</span> 
     </span>
    </p>
   </div>
   <div class='ocr_carea' id='block_1_92' title="bbox 2100 2683 3769 2758">
    <p class='ocr_par' dir='ltr' id='par_1_92' title="bbox 2100 2683 3769 2758">
     <span class='ocr_line' id='line_1_92' title="bbox 2100 2683 3769 2758; baseline -0.001 -18"><span class='ocrx_word' id='word_1_744' title='bbox 2100 2688 2266 2742; x_wconf 86' lang='grc' dir='ltr'>αὐτοῦ</span> <span class='ocrx_word' id='word_1_745' title='bbox 2306 2687 2536 2758; x_wconf 87' lang='grc' dir='ltr'>μάλιστα</span> <span class='ocrx_word' id='word_1_746' title='bbox 2559 2689 2657 2757; x_wconf 75' lang='grc' dir='ltr'>τὴν</span> <span class='ocrx_word' id='word_1_747' title='bbox 2693 2687 2823 2758; x_wconf 67' lang='grc' dir='ltr'>περὶ</span> <span class='ocrx_word' id='word_1_748' title='bbox 2855 2687 2955 2758; x_wconf 81' lang='grc' dir='ltr'>τὴν</span> <span class='ocrx_word' id='word_1_749' title='bbox 2995 2686 3103 2740; x_wconf 88' lang='grc' dir='ltr'>τῶν</span> <span class='ocrx_word' id='word_1_750' title='bbox 3137 2684 3440 2756; x_wconf 84' lang='grc' dir='ltr'>ἀνθρώπων</span> <span class='ocrx_word' id='word_1_751' title='bbox 3473 2684 3634 2753; x_wconf 84' lang='grc' dir='ltr'>φύσιν</span> <span class='ocrx_word' id='word_1_752' title='bbox 3659 2683 3769 2738; x_wconf 89' lang='grc' dir='ltr'>δει-</span> 
     </span>
    </p>
   </div>
   <div class='ocr_carea' id='block_1_93' title="bbox 2100 2766 3771 2840">
    <p class='ocr_par' dir='ltr' id='par_1_93' title="bbox 2100 2766 3771 2840">
     <span class='ocr_line' id='line_1_93' title="bbox 2100 2766 3771 2840; baseline -0.002 -17"><span class='ocrx_word' id='word_1_753' title='bbox 2100 2771 2339 2835; x_wconf 87' lang='grc' dir='ltr'>κνύουσι;</span> <span class='ocrx_word' id='word_1_754' title='bbox 2371 2768 2555 2823; x_wconf 78' lang='grc' dir='ltr'>Καὶ-εἴ</span> <span class='ocrx_word' id='word_1_755' title='bbox 2570 2787 2653 2832; x_wconf 90' lang='grc' dir='ltr'>τις</span> <span class='ocrx_word' id='word_1_756' title='bbox 2674 2770 2958 2840; x_wconf 80' lang='grc' dir='ltr'>βουληθείη</span> <span class='ocrx_word' id='word_1_757' title='bbox 2976 2769 3181 2823; x_wconf 85' lang='grc' dir='ltr'>ἀνωθεν</span> <span class='ocrx_word' id='word_1_758' title='bbox 3206 2768 3296 2820; x_wconf 76' lang='grc' dir='ltr'>καὶ</span> <span class='ocrx_word' id='word_1_759' title='bbox 3323 2767 3380 2833; x_wconf 79' lang='grc' dir='ltr'>ἐξ</span> <span class='ocrx_word' id='word_1_760' title='bbox 3401 2767 3573 2838; x_wconf 81' lang='grc' dir='ltr'>ἀρχῆς</span> <span class='ocrx_word' id='word_1_761' title='bbox 3592 2766 3771 2820; x_wconf 88' lang='grc' dir='ltr'>ταῦτα</span> 
     </span>
    </p>
   </div>
   <div class='ocr_carea' id='block_1_94' title="bbox 2099 2848 3770 2926">
    <p class='ocr_par' dir='ltr' id='par_1_94' title="bbox 2099 2848 3770 2926">
     <span class='ocr_line' id='line_1_94' title="bbox 2099 2848 3770 2926; baseline -0.004 -18"><span class='ocrx_word' id='word_1_762' title='bbox 2099 2854 2606 2924; x_wconf 77' lang='grc' dir='ltr'>ἀπαριθμήσασθαι,</span> <span class='ocrx_word' id='word_1_763' title='bbox 2633 2854 2854 2926; x_wconf 83' lang='grc' dir='ltr'>εὐρὴσει</span> <span class='ocrx_word' id='word_1_764' title='bbox 2875 2851 2982 2906; x_wconf 85' lang='grc' dir='ltr'>ἀπὸ</span> <span class='ocrx_word' id='word_1_765' title='bbox 3007 2851 3099 2903; x_wconf 88' lang='grc' dir='ltr'>τοῦ</span> <span class='ocrx_word' id='word_1_766' title='bbox 3123 2850 3287 2903; x_wconf 87' lang='grc' dir='ltr'>αὐτοῦ</span> <span class='ocrx_word' id='word_1_767' title='bbox 3318 2848 3521 2902; x_wconf 85' lang='grc' dir='ltr'>σκοποῦ</span> <span class='ocrx_word' id='word_1_768' title='bbox 3551 2849 3770 2913; x_wconf 81' lang='grc' dir='ltr'>ἁπάσας</span> 
     </span>
    </p>
   </div>
   <div class='ocr_carea' id='block_1_95' title="bbox 2098 2933 3773 3007">
    <p class='ocr_par' dir='ltr' id='par_1_95' title="bbox 2098 2933 3773 3007">
     <span class='ocr_line' id='line_1_95' title="bbox 2098 2933 3773 3007; baseline -0.002 -18"><span class='ocrx_word' id='word_1_769' title='bbox 2098 2937 2197 3000; x_wconf 83' lang='grc' dir='ltr'>τὰς</span> <span class='ocrx_word' id='word_1_770' title='bbox 2217 2937 2482 3007; x_wconf 85' lang='grc' dir='ltr'>τιμωρίας</span> <span class='ocrx_word' id='word_1_771' title='bbox 2505 2937 2816 3005; x_wconf 65' lang='grc' dir='ltr'>ἐπάγονται</span> <span class='ocrx_word' id='word_1_772' title='bbox 2843 2937 2952 2998; x_wconf 88' lang='grc' dir='ltr'>τοῖς</span> <span class='ocrx_word' id='word_1_773' title='bbox 2973 2934 3083 3004; x_wconf 83' lang='grc' dir='ltr'>ἡμα</span> <span class='ocrx_word' id='word_1_774' title='bbox 3094 2933 3363 3005; x_wconf 83' lang='grc' dir='ltr'>ρτηκόσιν.</span> <span class='ocrx_word' id='word_1_775' title='bbox 3393 2933 3545 2986; x_wconf 74' lang='grc' dir='ltr'>Ἐπεὶ</span> <span class='ocrx_word' id='word_1_776' title='bbox 3565 2933 3773 2986; x_wconf 75' lang='grc' dir='ltr'>καὶτὸν</span> 
     </span>
    </p>
   </div>
   <div class='ocr_carea' id='block_1_96' title="bbox 2111 3016 3769 3090">
    <p class='ocr_par' dir='ltr' id='par_1_96' title="bbox 2111 3016 3769 3090">
     <span class='ocr_line' id='line_1_96' title="bbox 2111 3016 3769 3090; baseline -0.001 -19"><span class='ocrx_word' id='word_1_777' title='bbox 2111 3020 2301 3090; x_wconf 78' lang='grc' dir='ltr'>Ἀδὰμ,</span> <span class='ocrx_word' id='word_1_778' title='bbox 2339 3021 2499 3090; x_wconf 87' lang='grc' dir='ltr'>ἡνίκα</span> <span class='ocrx_word' id='word_1_779' title='bbox 2531 3019 2769 3090; x_wconf 84' lang='grc' dir='ltr'>παρέϐη,</span> <span class='ocrx_word' id='word_1_780' title='bbox 2809 3019 2871 3072; x_wconf 85' lang='grc' dir='ltr'>οὐ</span> <span class='ocrx_word' id='word_1_781' title='bbox 2905 3017 3148 3082; x_wconf 79' lang='grc' dir='ltr'>κολάζων</span> <span class='ocrx_word' id='word_1_782' title='bbox 3181 3019 3360 3088; x_wconf 90' lang='grc' dir='ltr'>μόνον,</span> <span class='ocrx_word' id='word_1_783' title='bbox 3385 3016 3520 3070; x_wconf 83' lang='grc' dir='ltr'>ἀλλὰ.</span> <span class='ocrx_word' id='word_1_784' title='bbox 3548 3017 3643 3070; x_wconf 73' lang='grc' dir='ltr'>καὶ</span> <span class='ocrx_word' id='word_1_785' title='bbox 3673 3017 3769 3069; x_wconf 85' lang='grc' dir='ltr'>εὐ·</span> 
     </span>
    </p>
   </div>
   <div class='ocr_carea' id='block_1_97' title="bbox 2098 3099 3774 3171">
    <p class='ocr_par' dir='ltr' id='par_1_97' title="bbox 2098 3099 3774 3171">
     <span class='ocr_line' id='line_1_97' title="bbox 2098 3099 3774 3171; baseline -0.001 -18"><span class='ocrx_word' id='word_1_786' title='bbox 2098 3103 2336 3171; x_wconf 85' lang='grc' dir='ltr'>εργετῶν</span> <span class='ocrx_word' id='word_1_787' title='bbox 2364 3101 2584 3165; x_wconf 78' lang='grc' dir='ltr'>ἐξέϐαλε</span> <span class='ocrx_word' id='word_1_788' title='bbox 2630 3100 2724 3155; x_wconf 85' lang='grc' dir='ltr'>τοῦ</span> <span class='ocrx_word' id='word_1_789' title='bbox 2752 3100 3100 3171; x_wconf 87' lang='grc' dir='ltr'>παραδείσου.</span> <span class='ocrx_word' id='word_1_790' title='bbox 3139 3100 3248 3152; x_wconf 86' lang='lat' dir='ltr'><strong><em>Kal</em></strong></span> <span class='ocrx_word' id='word_1_791' title='bbox 3276 3100 3422 3162; x_wconf 89' lang='grc' dir='ltr'>ποία,</span> <span class='ocrx_word' id='word_1_792' title='bbox 3453 3101 3637 3170; x_wconf 77' lang='grc' dir='ltr'>φησὶν,</span> <span class='ocrx_word' id='word_1_793' title='bbox 3677 3099 3774 3152; x_wconf 68' lang='lat' dir='ltr'>eia—</span> 
     </span>
    </p>
   </div>
   <div class='ocr_carea' id='block_1_98' title="bbox 2099 3180 3770 3254">
    <p class='ocr_par' dir='ltr' id='par_1_98' title="bbox 2099 3180 3770 3254">
     <span class='ocr_line' id='line_1_98' title="bbox 2099 3180 3770 3254; baseline -0.001 -18"><span class='ocrx_word' id='word_1_794' title='bbox 2099 3185 2320 3254; x_wconf 88' lang='grc' dir='ltr'>εργεσία</span> <span class='ocrx_word' id='word_1_795' title='bbox 2364 3184 2424 3236; x_wconf 81' lang='grc' dir='ltr'>τὸ</span> <span class='ocrx_word' id='word_1_796' title='bbox 2456 3185 2708 3237; x_wconf 82' lang='grc' dir='ltr'>ἐκπεσεῖν</span> <span class='ocrx_word' id='word_1_797' title='bbox 2750 3183 2846 3253; x_wconf 82' lang='grc' dir='ltr'>τῆς</span> <span class='ocrx_word' id='word_1_798' title='bbox 2896 3183 2954 3234; x_wconf 82' lang='grc' dir='ltr'>ἐν</span> <span class='ocrx_word' id='word_1_799' title='bbox 2997 3181 3075 3250; x_wconf 86' lang='grc' dir='ltr'>τῷ</span> <span class='ocrx_word' id='word_1_800' title='bbox 3116 3181 3429 3252; x_wconf 82' lang='grc' dir='ltr'>παραδείσῳ</span> <span class='ocrx_word' id='word_1_801' title='bbox 3455 3180 3770 3250; x_wconf 74' lang='grc' dir='ltr'>διαγωγῆςς</span> 
     </span>
    </p>
   </div>
   <div class='ocr_carea' id='block_1_99' title="bbox 2100 3263 3770 3334">
    <p class='ocr_par' dir='ltr' id='par_1_99' title="bbox 2100 3263 3770 3334">
     <span class='ocr_line' id='line_1_99' title="bbox 2100 3263 3770 3334; baseline 0 -18"><span class='ocrx_word' id='word_1_802' title='bbox 2100 3265 2190 3333; x_wconf 82' lang='grc' dir='ltr'>Μὴ</span> <span class='ocrx_word' id='word_1_803' title='bbox 2218 3264 2396 3329; x_wconf 80' lang='grc' dir='ltr'>ἁπλῶς</span> <span class='ocrx_word' id='word_1_804' title='bbox 2419 3268 2530 3328; x_wconf 85' lang='grc' dir='ltr'>τοῖς</span> <span class='ocrx_word' id='word_1_805' title='bbox 2547 3264 2852 3332; x_wconf 84' lang='grc' dir='ltr'>γινομένοις</span> <span class='ocrx_word' id='word_1_806' title='bbox 2882 3264 3134 3333; x_wconf 88' lang='grc' dir='ltr'>πρόσεχε,</span> <span class='ocrx_word' id='word_1_807' title='bbox 3160 3263 3431 3332; x_wconf 49' lang='grc' dir='ltr'>ἀγαπητὴ</span> <span class='ocrx_word' id='word_1_808' title='bbox 3461 3264 3596 3332; x_wconf 86' lang='grc' dir='ltr'>μηδέ</span> <span class='ocrx_word' id='word_1_809' title='bbox 3625 3280 3770 3334; x_wconf 87' lang='grc' dir='ltr'>παρ-</span> 
     </span>
    </p>
   </div>
   <div class='ocr_carea' id='block_1_100' title="bbox 2099 3344 3774 3420">
    <p class='ocr_par' dir='ltr' id='par_1_100' title="bbox 2099 3344 3774 3420">
     <span class='ocr_line' id='line_1_100' title="bbox 2099 3344 3774 3420; baseline -0.001 -18"><span class='ocrx_word' id='word_1_810' title='bbox 2099 3349 2276 3418; x_wconf 84' lang='grc' dir='ltr'>ἐργως</span> <span class='ocrx_word' id='word_1_811' title='bbox 2311 3349 2379 3401; x_wconf 79' lang='grc' dir='ltr'>τὰ</span> <span class='ocrx_word' id='word_1_812' title='bbox 2409 3350 2558 3420; x_wconf 83' lang='grc' dir='ltr'>παρὰ</span> <span class='ocrx_word' id='word_1_813' title='bbox 2596 3349 2689 3400; x_wconf 87' lang='grc' dir='ltr'>τοῦ</span> <span class='ocrx_word' id='word_1_814' title='bbox 2721 3346 2856 3401; x_wconf 84' lang='grc' dir='ltr'>Θεοῦ</span> <span class='ocrx_word' id='word_1_815' title='bbox 2902 3346 3163 3416; x_wconf 89' lang='grc' dir='ltr'>γινόμενα</span> <span class='ocrx_word' id='word_1_816' title='bbox 3196 3345 3600 3415; x_wconf 78' lang='grc' dir='ltr'>καταμάνθανε,</span> <span class='ocrx_word' id='word_1_817' title='bbox 3631 3344 3774 3400; x_wconf 79' lang='grc' dir='ltr'>ἀλλὰ</span> 
     </span>
    </p>
   </div>
   <div class='ocr_carea' id='block_1_101' title="bbox 2099 3427 3772 3502">
    <p class='ocr_par' dir='ltr' id='par_1_101' title="bbox 2099 3427 3772 3502">
     <span class='ocr_line' id='line_1_101' title="bbox 2099 3427 3772 3502; baseline -0.001 -18"><span class='ocrx_word' id='word_1_818' title='bbox 2099 3432 2236 3502; x_wconf 77' lang='grc' dir='ltr'>πρὸς</span> <span class='ocrx_word' id='word_1_819' title='bbox 2259 3433 2318 3484; x_wconf 82' lang='grc' dir='ltr'>τὸ</span> <span class='ocrx_word' id='word_1_820' title='bbox 2345 3431 2506 3502; x_wconf 78' lang='grc' dir='ltr'>βάθος</span> <span class='ocrx_word' id='word_1_821' title='bbox 2529 3432 2826 3484; x_wconf 87' lang='grc' dir='ltr'>κατόπτευε</span> <span class='ocrx_word' id='word_1_822' title='bbox 2853 3429 2952 3500; x_wconf 83' lang='grc' dir='ltr'>τῆς</span> <span class='ocrx_word' id='word_1_823' title='bbox 2983 3427 3184 3498; x_wconf 83' lang='grc' dir='ltr'>πολλῆς</span> <span class='ocrx_word' id='word_1_824' title='bbox 3216 3429 3379 3482; x_wconf 85' lang='grc' dir='ltr'>αὑτοῦ</span> <span class='ocrx_word' id='word_1_825' title='bbox 3410 3429 3772 3501; x_wconf 86' lang='grc' dir='ltr'>ἀγαθότητος,</span> 
     </span>
    </p>
   </div>
   <div class='ocr_carea' id='block_1_102' title="bbox 2098 3510 3768 3585">
    <p class='ocr_par' dir='ltr' id='par_1_102' title="bbox 2098 3510 3768 3585">
     <span class='ocr_line' id='line_1_102' title="bbox 2098 3510 3768 3585; baseline 0 -18"><span class='ocrx_word' id='word_1_826' title='bbox 2098 3516 2191 3567; x_wconf 78' lang='grc' dir='ltr'>καὶ</span> <span class='ocrx_word' id='word_1_827' title='bbox 2214 3515 2470 3585; x_wconf 85' lang='grc' dir='ltr'>εὐρὴσεις</span> <span class='ocrx_word' id='word_1_828' title='bbox 2508 3515 2722 3566; x_wconf 75' lang='grc' dir='ltr'>ἅπαντα</span> <span class='ocrx_word' id='word_1_829' title='bbox 2774 3511 2862 3564; x_wconf 86' lang='grc' dir='ltr'>διὰ</span> <span class='ocrx_word' id='word_1_830' title='bbox 2905 3512 3065 3564; x_wconf 81' lang='grc' dir='ltr'>τοῦτο</span> <span class='ocrx_word' id='word_1_831' title='bbox 3093 3512 3223 3581; x_wconf 82' lang='grc' dir='ltr'>παρ’</span> <span class='ocrx_word' id='word_1_832' title='bbox 3273 3510 3438 3564; x_wconf 83' lang='grc' dir='ltr'>αὐτοῦ</span> <span class='ocrx_word' id='word_1_833' title='bbox 3485 3512 3768 3582; x_wconf 84' lang='grc' dir='ltr'>γινόμενα.</span> 
     </span>
    </p>
   </div>
   <div class='ocr_carea' id='block_1_103' title="bbox 2098 3593 3773 3667">
    <p class='ocr_par' dir='ltr' id='par_1_103' title="bbox 2098 3593 3773 3667">
     <span class='ocr_line' id='line_1_103' title="bbox 2098 3593 3773 3667; baseline 0 -17"><span class='ocrx_word' id='word_1_834' title='bbox 2098 3597 2233 3650; x_wconf 72' lang='grc' dir='ltr'>Εἰπὲ</span> <span class='ocrx_word' id='word_1_835' title='bbox 2261 3596 2370 3666; x_wconf 89' lang='grc' dir='ltr'>γάρ</span> <span class='ocrx_word' id='word_1_836' title='bbox 2422 3614 2532 3667; x_wconf 89' lang='grc' dir='ltr'>μοι,</span> <span class='ocrx_word' id='word_1_837' title='bbox 2587 3597 2635 3648; x_wconf 87' lang='grc' dir='ltr'>εί</span> <span class='ocrx_word' id='word_1_838' title='bbox 2667 3595 2761 3648; x_wconf 69' lang='grc' dir='ltr'>καὶ</span> <span class='ocrx_word' id='word_1_839' title='bbox 2791 3595 2928 3665; x_wconf 83' lang='grc' dir='ltr'>μετὰ</span> <span class='ocrx_word' id='word_1_840' title='bbox 2975 3593 3074 3665; x_wconf 80' lang='grc' dir='ltr'>τὴν</span> <span class='ocrx_word' id='word_1_841' title='bbox 3104 3593 3417 3664; x_wconf 89' lang='grc' dir='ltr'>παράϐασιν</span> <span class='ocrx_word' id='word_1_842' title='bbox 3449 3595 3556 3648; x_wconf 90' lang='grc' dir='ltr'>τῶν</span> <span class='ocrx_word' id='word_1_843' title='bbox 3586 3596 3773 3650; x_wconf 87' lang='grc' dir='ltr'>αὐτῶν</span> 
     </span>
    </p>
   </div>
   <div class='ocr_carea' id='block_1_104' title="bbox 2095 3675 3773 3751">
    <p class='ocr_par' dir='ltr' id='par_1_104' title="bbox 2095 3675 3773 3751">
     <span class='ocr_line' id='line_1_104' title="bbox 2095 3675 3773 3751; baseline 0.001 -18"><span class='ocrx_word' id='word_1_844' title='bbox 2095 3679 2410 3750; x_wconf 82' lang='grc' dir='ltr'>άπήλαυσεν</span> <span class='ocrx_word' id='word_1_845' title='bbox 2438 3682 2466 3732; x_wconf 84' lang='grc' dir='ltr'><em>ὁ</em></span> <span class='ocrx_word' id='word_1_846' title='bbox 2511 3677 2703 3747; x_wconf 72' lang='grc' dir='ltr'>Ἀδάμ,</span> <span class='ocrx_word' id='word_1_847' title='bbox 2757 3675 2861 3729; x_wconf 87' lang='grc' dir='ltr'>ποῦ</span> <span class='ocrx_word' id='word_1_848' title='bbox 2893 3677 2992 3730; x_wconf 89' lang='grc' dir='ltr'>οὐκ</span> <span class='ocrx_word' id='word_1_849' title='bbox 3050 3676 3115 3730; x_wconf 80' lang='grc' dir='ltr'>ἂν</span> <span class='ocrx_word' id='word_1_850' title='bbox 3145 3675 3497 3747; x_wconf 83' lang='grc' dir='ltr'>ἐξεκυλίσθη;</span> <span class='ocrx_word' id='word_1_851' title='bbox 3553 3679 3614 3731; x_wconf 72' lang='lat' dir='ltr'><strong><em>El</em></strong></span> <span class='ocrx_word' id='word_1_852' title='bbox 3658 3679 3773 3751; x_wconf 72' lang='grc' dir='ltr'>γὰρ</span> 
     </span>
    </p>
   </div>
   <div class='ocr_carea' id='block_1_105' title="bbox 2100 3758 3772 3834">
    <p class='ocr_par' dir='ltr' id='par_1_105' title="bbox 2100 3758 3772 3834">
     <span class='ocr_line' id='line_1_105' title="bbox 2100 3758 3772 3834; baseline 0.002 -21"><span class='ocrx_word' id='word_1_853' title='bbox 2100 3762 2236 3833; x_wconf 84' lang='grc' dir='ltr'>μετά</span> <span class='ocrx_word' id='word_1_854' title='bbox 2271 3761 2536 3825; x_wconf 88' lang='grc' dir='ltr'>τοσαύτας</span> <span class='ocrx_word' id='word_1_855' title='bbox 2570 3758 2945 3832; x_wconf 84' lang='grc' dir='ltr'>παραγγελίας</span> <span class='ocrx_word' id='word_1_856' title='bbox 2965 3759 3292 3828; x_wconf 87' lang='grc' dir='ltr'>ἀνασχέσθαι</span> <span class='ocrx_word' id='word_1_857' title='bbox 3320 3761 3644 3825; x_wconf 78' lang='grc' dir='ltr'>κατεδέξατο</span> <span class='ocrx_word' id='word_1_858' title='bbox 3666 3763 3772 3834; x_wconf 82' lang='grc' dir='ltr'>τῆς</span> 
     </span>
    </p>
   </div>
   <div class='ocr_carea' id='block_1_106' title="bbox 2096 3841 3772 3915">
    <p class='ocr_par' dir='ltr' id='par_1_106' title="bbox 2096 3841 3772 3915">
     <span class='ocr_line' id='line_1_106' title="bbox 2096 3841 3772 3915; baseline 0 -17"><span class='ocrx_word' id='word_1_859' title='bbox 2096 3846 2311 3915; x_wconf 78' lang='grc' dir='ltr'>ἀπάτης</span> <span class='ocrx_word' id='word_1_860' title='bbox 2343 3845 2436 3898; x_wconf 89' lang='grc' dir='ltr'>τοῦ</span> <span class='ocrx_word' id='word_1_861' title='bbox 2464 3845 2660 3913; x_wconf 73' lang='grc' dir='ltr'>ὄφεως,</span> <span class='ocrx_word' id='word_1_862' title='bbox 2691 3845 2785 3897; x_wconf 69' lang='grc' dir='ltr'>κα)⁵</span> <span class='ocrx_word' id='word_1_863' title='bbox 2809 3841 2906 3913; x_wconf 78' lang='grc' dir='ltr'>τὴν</span> <span class='ocrx_word' id='word_1_864' title='bbox 2927 3842 3214 3912; x_wconf 81' lang='grc' dir='ltr'>ἐπιϐουλὴν</span> <span class='ocrx_word' id='word_1_865' title='bbox 3247 3842 3500 3907; x_wconf 80' lang='grc' dir='ltr'>δέξασθαι</span> <span class='ocrx_word' id='word_1_866' title='bbox 3531 3844 3626 3897; x_wconf 86' lang='grc' dir='ltr'>τοῦ</span> <span class='ocrx_word' id='word_1_867' title='bbox 3655 3845 3772 3899; x_wconf 85' lang='grc' dir='ltr'>δια-</span> 
     </span>
    </p>
   </div>
   <div class='ocr_carea' id='block_1_107' title="bbox 2097 3925 3770 3999">
    <p class='ocr_par' dir='ltr' id='par_1_107' title="bbox 2097 3925 3770 3999">
     <span class='ocr_line' id='line_1_107' title="bbox 2097 3925 3770 3999; baseline 0.001 -21"><span class='ocrx_word' id='word_1_868' title='bbox 2097 3927 2274 3990; x_wconf 82' lang='grc' dir='ltr'>ϐόλου,</span> <span class='ocrx_word' id='word_1_869' title='bbox 2309 3930 2373 3999; x_wconf 77' lang='grc' dir='ltr'>ἣν</span> <span class='ocrx_word' id='word_1_870' title='bbox 2411 3927 2478 3980; x_wconf 84' lang='grc' dir='ltr'>δι’</span> <span class='ocrx_word' id='word_1_871' title='bbox 2509 3926 2674 3980; x_wconf 86' lang='grc' dir='ltr'>αὑτοῦ</span> <span class='ocrx_word' id='word_1_872' title='bbox 2722 3927 3042 3997; x_wconf 80' lang='grc' dir='ltr'>προσήγαγε</span> <span class='ocrx_word' id='word_1_873' title='bbox 3075 3927 3139 3995; x_wconf 81' lang='grc' dir='ltr'>τῇ</span> <span class='ocrx_word' id='word_1_874' title='bbox 3185 3925 3284 3994; x_wconf 83' lang='grc' dir='ltr'>τῆς</span> <span class='ocrx_word' id='word_1_875' title='bbox 3329 3926 3561 3989; x_wconf 85' lang='grc' dir='ltr'>ίσοθεῖας</span> <span class='ocrx_word' id='word_1_876' title='bbox 3591 3927 3770 3982; x_wconf 86' lang='grc' dir='ltr'>ἐλπίδι</span> 
     </span>
    </p>
   </div>
   <div class='ocr_carea' id='block_1_108' title="bbox 2103 4007 3770 4081">
    <p class='ocr_par' dir='ltr' id='par_1_108' title="bbox 2103 4007 3770 4081">
     <span class='ocr_line' id='line_1_108' title="bbox 2103 4007 3770 4081; baseline 0.002 -21"><span class='ocrx_word' id='word_1_877' title='bbox 2103 4011 2351 4079; x_wconf 77' lang='grc' dir='ltr'>φυσήσας</span> <span class='ocrx_word' id='word_1_878' title='bbox 2377 4011 2594 4076; x_wconf 82' lang='grc' dir='ltr'>αὐτοὺς,</span> <span class='ocrx_word' id='word_1_879' title='bbox 2615 4009 2708 4063; x_wconf 78' lang='grc' dir='ltr'>καὶ</span> <span class='ocrx_word' id='word_1_880' title='bbox 2738 4010 2816 4073; x_wconf 87' lang='grc' dir='ltr'>είς</span> <span class='ocrx_word' id='word_1_881' title='bbox 2842 4008 2940 4078; x_wconf 80' lang='grc' dir='ltr'>τὴν</span> <span class='ocrx_word' id='word_1_882' title='bbox 2968 4007 3065 4078; x_wconf 83' lang='grc' dir='ltr'>τῆς</span> <span class='ocrx_word' id='word_1_883' title='bbox 3101 4007 3464 4079; x_wconf 87' lang='grc' dir='ltr'>παραϐάσεως</span> <span class='ocrx_word' id='word_1_884' title='bbox 3491 4009 3770 4081; x_wconf 83' lang='grc' dir='ltr'>ἁμαρτίαν</span> 
     </span>
    </p>
   </div>
   <div class='ocr_carea' id='block_1_109' title="bbox 2100 4091 3768 4163">
    <p class='ocr_par' dir='ltr' id='par_1_109' title="bbox 2100 4091 3768 4163">
     <span class='ocr_line' id='line_1_109' title="bbox 2100 4091 3768 4163; baseline 0.001 -20"><span class='ocrx_word' id='word_1_885' title='bbox 2100 4093 2123 4143; x_wconf 92' lang='grc' dir='ltr'>ἐ</span> <span class='ocrx_word' id='word_1_886' title='bbox 2133 4093 2371 4162; x_wconf 84' lang='grc' dir='ltr'>μϐαλὼν,</span> <span class='ocrx_word' id='word_1_887' title='bbox 2395 4095 2444 4146; x_wconf 85' lang='grc' dir='ltr'>εί</span> <span class='ocrx_word' id='word_1_888' title='bbox 2471 4095 2563 4147; x_wconf 74' lang='grc' dir='ltr'>καὶ</span> <span class='ocrx_word' id='word_1_889' title='bbox 2592 4092 2728 4163; x_wconf 86' lang='grc' dir='ltr'>μετά</span> <span class='ocrx_word' id='word_1_890' title='bbox 2756 4091 2928 4145; x_wconf 84' lang='grc' dir='ltr'>ταῦτα</span> <span class='ocrx_word' id='word_1_891' title='bbox 2961 4093 3054 4144; x_wconf 75' lang='grc' dir='ltr'>ἐπὶ</span> <span class='ocrx_word' id='word_1_892' title='bbox 3080 4091 3180 4161; x_wconf 79' lang='grc' dir='ltr'>τῆς</span> <span class='ocrx_word' id='word_1_893' title='bbox 3197 4091 3369 4162; x_wconf 86' lang='grc' dir='ltr'>αὐτῆς</span> <span class='ocrx_word' id='word_1_894' title='bbox 3390 4091 3582 4161; x_wconf 82' lang='grc' dir='ltr'>ἔμενεν</span> <span class='ocrx_word' id='word_1_895' title='bbox 3608 4092 3768 4158; x_wconf 80' lang='grc' dir='ltr'>ἀξίας</span> 
     </span>
    </p>
   </div>
   <div class='ocr_carea' id='block_1_110' title="bbox 2099 4171 3769 4247">
    <p class='ocr_par' dir='ltr' id='par_1_110' title="bbox 2099 4171 3769 4247">
     <span class='ocr_line' id='line_1_110' title="bbox 2099 4171 3769 4247; baseline 0.001 -19"><span class='ocrx_word' id='word_1_896' title='bbox 2099 4175 2193 4227; x_wconf 75' lang='grc' dir='ltr'>καὶ</span> <span class='ocrx_word' id='word_1_897' title='bbox 2217 4176 2511 4244; x_wconf 78' lang='grc' dir='ltr'>διαγωγῆς,</span> <span class='ocrx_word' id='word_1_898' title='bbox 2531 4176 2646 4237; x_wconf 85' lang='grc' dir='ltr'>πῶς</span> <span class='ocrx_word' id='word_1_899' title='bbox 2669 4175 2770 4227; x_wconf 89' lang='grc' dir='ltr'>οὐκ</span> <span class='ocrx_word' id='word_1_900' title='bbox 2794 4175 2861 4227; x_wconf 78' lang='grc' dir='ltr'>ἂν</span> <span class='ocrx_word' id='word_1_901' title='bbox 2888 4173 3066 4244; x_wconf 86' lang='grc' dir='ltr'>πολλῷ</span> <span class='ocrx_word' id='word_1_902' title='bbox 3101 4175 3299 4244; x_wconf 75' lang='grc' dir='ltr'>μᾶλλον</span> <span class='ocrx_word' id='word_1_903' title='bbox 3325 4171 3769 4247; x_wconf 80' lang='grc' dir='ltr'>ἀξιοπιστότερον</span> 
     </span>
    </p>
   </div>
   <div class='ocr_carea' id='block_1_111' title="bbox 2097 4256 3771 4330">
    <p class='ocr_par' dir='ltr' id='par_1_111' title="bbox 2097 4256 3771 4330">
     <span class='ocr_line' id='line_1_111' title="bbox 2097 4256 3771 4330; baseline -0.007 -18"><span class='ocrx_word' id='word_1_904' title='bbox 2097 4260 2344 4329; x_wconf 76' lang='grc' dir='ltr'>ἡγήσατο</span> <span class='ocrx_word' id='word_1_905' title='bbox 2371 4259 2462 4311; x_wconf 80' lang='grc' dir='ltr'>τὸν</span> <span class='ocrx_word' id='word_1_906' title='bbox 2496 4256 2728 4330; x_wconf 67' lang='grc' dir='ltr'>πονηρὸν</span> <span class='ocrx_word' id='word_1_907' title='bbox 2750 4257 2956 4309; x_wconf 72' lang='grc' dir='ltr'>ἐκεῖνον</span> <span class='ocrx_word' id='word_1_908' title='bbox 2992 4256 3224 4328; x_wconf 85' lang='grc' dir='ltr'>δαίμονα</span> <span class='ocrx_word' id='word_1_909' title='bbox 3256 4256 3350 4309; x_wconf 90' lang='grc' dir='ltr'>τοῦ</span> <span class='ocrx_word' id='word_1_910' title='bbox 3379 4257 3488 4310; x_wconf 90' lang='grc' dir='ltr'>τῶν</span> <span class='ocrx_word' id='word_1_911' title='bbox 3517 4257 3654 4311; x_wconf 81' lang='grc' dir='ltr'>ὅλων</span> <span class='ocrx_word' id='word_1_912' title='bbox 3681 4259 3771 4330; x_wconf 79' lang='grc' dir='ltr'>δη..</span> 
     </span>
    </p>
   </div>
   <div class='ocr_carea' id='block_1_112' title="bbox 2098 4338 3768 4412">
    <p class='ocr_par' dir='ltr' id='par_1_112' title="bbox 2098 4338 3768 4412">
     <span class='ocr_line' id='line_1_112' title="bbox 2098 4338 3768 4412; baseline 0.002 -20"><span class='ocrx_word' id='word_1_913' title='bbox 2098 4341 2382 4410; x_wconf 75' lang='grc' dir='ltr'>μιουργού,</span> <span class='ocrx_word' id='word_1_914' title='bbox 2413 4341 2508 4393; x_wconf 81' lang='grc' dir='ltr'>καὶ</span> <span class='ocrx_word' id='word_1_915' title='bbox 2537 4339 2758 4412; x_wconf 76' lang='grc' dir='ltr'>μείζονα</span> <span class='ocrx_word' id='word_1_916' title='bbox 2785 4338 2886 4408; x_wconf 79' lang='grc' dir='ltr'>τῆς</span> <span class='ocrx_word' id='word_1_917' title='bbox 2916 4339 3122 4401; x_wconf 70' lang='grc' dir='ltr'>οἰκείας</span> <span class='ocrx_word' id='word_1_918' title='bbox 3149 4338 3308 4403; x_wconf 82' lang='grc' dir='ltr'>ἀξίας</span> <span class='ocrx_word' id='word_1_919' title='bbox 3348 4338 3508 4392; x_wconf 84' lang='grc' dir='ltr'>πάλιν</span> <span class='ocrx_word' id='word_1_920' title='bbox 3536 4340 3768 4409; x_wconf 83' lang='grc' dir='ltr'>ἐφαντά-</span> 
     </span>
    </p>
   </div>
   <div class='ocr_carea' id='block_1_113' title="bbox 2096 4417 3769 4494">
    <p class='ocr_par' dir='ltr' id='par_1_113' title="bbox 2096 4417 3769 4494">
     <span class='ocr_line' id='line_1_113' title="bbox 2096 4417 3769 4494; baseline -0.001 -19"><span class='ocrx_word' id='word_1_921' title='bbox 2096 4422 2234 4492; x_wconf 87' lang='grc' dir='ltr'>σθη;</span> <span class='ocrx_word' id='word_1_922' title='bbox 2291 4424 2400 4475; x_wconf 78' lang='lat' dir='ltr'><strong><em>Kal</em></strong></span> <span class='ocrx_word' id='word_1_923' title='bbox 2430 4421 2538 4494; x_wconf 81' lang='grc' dir='ltr'>γὰρ</span> <span class='ocrx_word' id='word_1_924' title='bbox 2576 4421 2797 4491; x_wconf 85' lang='grc' dir='ltr'>τοιαύτη</span> <span class='ocrx_word' id='word_1_925' title='bbox 2833 4421 2945 4474; x_wconf 88' lang='grc' dir='ltr'>τῶν</span> <span class='ocrx_word' id='word_1_926' title='bbox 2993 4417 3299 4492; x_wconf 83' lang='grc' dir='ltr'>ἀνθρώπων</span> <span class='ocrx_word' id='word_1_927' title='bbox 3341 4421 3374 4490; x_wconf 89' lang='grc' dir='ltr'>ἡ</span> <span class='ocrx_word' id='word_1_928' title='bbox 3407 4420 3568 4489; x_wconf 80' lang='grc' dir='ltr'>φύσις</span> <span class='ocrx_word' id='word_1_929' title='bbox 3593 4437 3608 4452; x_wconf 88' lang='grc'><strong>·</strong></span> <span class='ocrx_word' id='word_1_930' title='bbox 3638 4421 3769 4474; x_wconf 78' lang='grc' dir='ltr'>ὅταν</span> 
     </span>
    </p>
   </div>
   <div class='ocr_carea' id='block_1_114' title="bbox 2093 4500 3769 4576">
    <p class='ocr_par' dir='ltr' id='par_1_114' title="bbox 2093 4500 3769 4576">
     <span class='ocr_line' id='line_1_114' title="bbox 2093 4500 3769 4576; baseline -0.002 -16"><span class='ocrx_word' id='word_1_931' title='bbox 2093 4506 2487 4576; x_wconf 78' lang='grc' dir='ltr'>ἁμαρτάνουσα</span> <span class='ocrx_word' id='word_1_932' title='bbox 2520 4504 2595 4576; x_wconf 80' lang='grc' dir='ltr'>μὴ</span> <span class='ocrx_word' id='word_1_933' title='bbox 2626 4501 3065 4574; x_wconf 72' lang='grc' dir='ltr'>ἀναχαιτίξηται,</span> <span class='ocrx_word' id='word_1_934' title='bbox 3115 4500 3229 4555; x_wconf 79' lang='grc' dir='ltr'>ἀλλ’</span> <span class='ocrx_word' id='word_1_935' title='bbox 3265 4500 3447 4565; x_wconf 83' lang='grc' dir='ltr'>ἀδείας</span> <span class='ocrx_word' id='word_1_936' title='bbox 3481 4501 3769 4566; x_wconf 83' lang='grc' dir='ltr'>ἀπολαύει,</span> 
     </span>
    </p>
   </div>
   <div class='ocr_carea' id='block_1_115' title="bbox 2097 4584 3768 4660">
    <p class='ocr_par' dir='ltr' id='par_1_115' title="bbox 2097 4584 3768 4660">
     <span class='ocr_line' id='line_1_115' title="bbox 2097 4584 3768 4660; baseline -0.001 -17"><span class='ocrx_word' id='word_1_937' title='bbox 2097 4590 2404 4660; x_wconf 83' lang='grc' dir='ltr'>περαιτέρω</span> <span class='ocrx_word' id='word_1_938' title='bbox 2434 4588 2698 4659; x_wconf 84' lang='grc' dir='ltr'>προῖοῦσα</span> <span class='ocrx_word' id='word_1_939' title='bbox 2723 4587 2864 4640; x_wconf 85' lang='grc' dir='ltr'>κατά</span> <span class='ocrx_word' id='word_1_940' title='bbox 2893 4584 3155 4656; x_wconf 87' lang='grc' dir='ltr'>κρημνῶν</span> <span class='ocrx_word' id='word_1_941' title='bbox 3181 4584 3418 4639; x_wconf 76' lang='grc' dir='ltr'>ἄπεισιν.</span> <span class='ocrx_word' id='word_1_942' title='bbox 3469 4586 3678 4650; x_wconf 74' lang='grc' dir='ltr'>Ἄλλως</span> <span class='ocrx_word' id='word_1_943' title='bbox 3709 4588 3768 4642; x_wconf 80' lang='grc' dir='ltr'>δέ</span> 
     </span>
    </p>
   </div>
   <div class='ocr_carea' id='block_1_116' title="bbox 2095 4667 3766 4743">
    <p class='ocr_par' dir='ltr' id='par_1_116' title="bbox 2095 4667 3766 4743">
     <span class='ocr_line' id='line_1_116' title="bbox 2095 4667 3766 4743; baseline 0 -19"><span class='ocrx_word' id='word_1_944' title='bbox 2095 4675 2190 4726; x_wconf 76' lang='grc' dir='ltr'>καὶ</span> <span class='ocrx_word' id='word_1_945' title='bbox 2219 4670 2482 4743; x_wconf 76' lang='grc' dir='ltr'>ἑτέρωθεν</span> <span class='ocrx_word' id='word_1_946' title='bbox 2519 4670 2629 4741; x_wconf 81' lang='grc' dir='ltr'>ἔχω</span> <span class='ocrx_word' id='word_1_947' title='bbox 2673 4669 2863 4734; x_wconf 77' lang='grc' dir='ltr'>δεῖξαι,</span> <span class='ocrx_word' id='word_1_948' title='bbox 2892 4670 2976 4722; x_wconf 85' lang='grc' dir='ltr'>ὅτι</span> <span class='ocrx_word' id='word_1_949' title='bbox 2998 4667 3410 4738; x_wconf 86' lang='grc' dir='ltr'>φιλανθρωπίαν</span> <span class='ocrx_word' id='word_1_950' title='bbox 3440 4667 3538 4738; x_wconf 79' lang='grc' dir='ltr'>τὴν</span> <span class='ocrx_word' id='word_1_951' title='bbox 3568 4669 3766 4724; x_wconf 67' lang='grc' dir='ltr'>ἑαυτοῦ</span> 
     </span>
    </p>
   </div>
   <div class='ocr_carea' id='block_1_117' title="bbox 2095 4751 3760 4826">
    <p class='ocr_par' dir='ltr' id='par_1_117' title="bbox 2095 4751 3760 4826">
     <span class='ocr_line' id='line_1_117' title="bbox 2095 4751 3760 4826; baseline 0 -19"><span class='ocrx_word' id='word_1_952' title='bbox 2095 4753 2536 4824; x_wconf 71' lang='grc' dir='ltr'>ἐπιδεικνύμενος</span> <span class='ocrx_word' id='word_1_953' title='bbox 2565 4753 2662 4807; x_wconf 79' lang='grc' dir='ltr'>καὶ</span> <span class='ocrx_word' id='word_1_954' title='bbox 2681 4753 2916 4820; x_wconf 68' lang='grc' dir='ltr'>ἐξελθεῖν</span> <span class='ocrx_word' id='word_1_955' title='bbox 2938 4752 3100 4805; x_wconf 84' lang='grc' dir='ltr'>αὐτὸν</span> <span class='ocrx_word' id='word_1_956' title='bbox 3123 4752 3218 4805; x_wconf 83' lang='grc' dir='ltr'>τοῦ</span> <span class='ocrx_word' id='word_1_957' title='bbox 3240 4751 3571 4823; x_wconf 88' lang='grc' dir='ltr'>παραδείσου</span> <span class='ocrx_word' id='word_1_958' title='bbox 3599 4770 3760 4826; x_wconf 85' lang='grc' dir='ltr'>προσ-</span> 
     </span>
    </p>
   </div>
   <div class='ocr_carea' id='block_1_118' title="bbox 2097 4833 3766 4907">
    <p class='ocr_par' dir='ltr' id='par_1_118' title="bbox 2097 4833 3766 4907">
     <span class='ocr_line' id='line_1_118' title="bbox 2097 4833 3766 4907; baseline 0.001 -18"><span class='ocrx_word' id='word_1_959' title='bbox 2097 4837 2271 4901; x_wconf 77' lang='grc' dir='ltr'>έταξε,</span> <span class='ocrx_word' id='word_1_960' title='bbox 2316 4840 2411 4890; x_wconf 77' lang='grc' dir='ltr'>καὶ</span> <span class='ocrx_word' id='word_1_961' title='bbox 2450 4837 2528 4907; x_wconf 84' lang='grc' dir='ltr'>τῷ</span> <span class='ocrx_word' id='word_1_962' title='bbox 2578 4836 2673 4890; x_wconf 88' lang='grc' dir='ltr'>τοῦ</span> <span class='ocrx_word' id='word_1_963' title='bbox 2719 4836 2949 4890; x_wconf 89' lang='grc' dir='ltr'>θανάτου</span> <span class='ocrx_word' id='word_1_964' title='bbox 2995 4835 3255 4905; x_wconf 84' lang='grc' dir='ltr'>ἐπιτιμίῳ</span> <span class='ocrx_word' id='word_1_965' title='bbox 3296 4833 3594 4888; x_wconf 80' lang='grc' dir='ltr'>ὑπεύθυνον</span> <span class='ocrx_word' id='word_1_966' title='bbox 3628 4853 3766 4896; x_wconf 65' lang='grc' dir='ltr'>διατ-¹</span> 
     </span>
    </p>
   </div>
   <div class='ocr_carea' id='block_1_119' title="bbox 2097 4918 3768 4992">
    <p class='ocr_par' dir='ltr' id='par_1_119' title="bbox 2097 4918 3768 4992">
     <span class='ocr_line' id='line_1_119' title="bbox 2097 4918 3768 4992; baseline 0.002 -21"><span class='ocrx_word' id='word_1_967' title='bbox 2097 4918 2312 4992; x_wconf 84' lang='grc' dir='ltr'>έστησε,</span> <span class='ocrx_word' id='word_1_968' title='bbox 2335 4923 2399 4990; x_wconf 80' lang='grc' dir='ltr'>τῇ</span> <span class='ocrx_word' id='word_1_969' title='bbox 2432 4921 2532 4990; x_wconf 83' lang='grc' dir='ltr'>μὲν</span> <span class='ocrx_word' id='word_1_970' title='bbox 2569 4919 2786 4989; x_wconf 78' lang='grc' dir='ltr'>ἐκϐολῇ,</span> <span class='ocrx_word' id='word_1_971' title='bbox 2813 4921 2906 4972; x_wconf 77' lang='lat' dir='ltr'><strong><em>xal</em></strong></span> <span class='ocrx_word' id='word_1_972' title='bbox 2949 4919 3026 4990; x_wconf 80' lang='grc' dir='ltr'>τῷ</span> <span class='ocrx_word' id='word_1_973' title='bbox 3070 4919 3295 4987; x_wconf 86' lang='grc' dir='ltr'>πλησίον</span> <span class='ocrx_word' id='word_1_974' title='bbox 3325 4920 3635 4972; x_wconf 87' lang='grc' dir='ltr'>κατοικίσαι</span> <span class='ocrx_word' id='word_1_975' title='bbox 3669 4936 3768 4975; x_wconf 86' lang='grc' dir='ltr'>σω-</span> 
     </span>
    </p>
   </div>
   <div class='ocr_carea' id='block_1_120' title="bbox 2097 4995 3766 5073">
    <p class='ocr_par' dir='ltr' id='par_1_120' title="bbox 2097 4995 3766 5073">
     <span class='ocr_line' id='line_1_120' title="bbox 2097 4995 3766 5073; baseline -0.001 -19"><span class='ocrx_word' id='word_1_976' title='bbox 2097 5003 2352 5073; x_wconf 78' lang='grc' dir='ltr'>φρονέστε</span> <span class='ocrx_word' id='word_1_977' title='bbox 2364 5019 2453 5072; x_wconf 91' lang='grc' dir='ltr'>ρον</span> <span class='ocrx_word' id='word_1_978' title='bbox 2482 5001 2844 5072; x_wconf 79' lang='grc' dir='ltr'>ἐργαζόμενος</span> <span class='ocrx_word' id='word_1_979' title='bbox 2866 5001 2960 5054; x_wconf 70' lang='grc' dir='ltr'>καὶ</span> <span class='ocrx_word' id='word_1_980' title='bbox 2986 5004 3064 5063; x_wconf 84' lang='grc' dir='ltr'>εἰς</span> <span class='ocrx_word' id='word_1_981' title='bbox 3099 5001 3160 5053; x_wconf 84' lang='grc' dir='ltr'>τὸ</span> <span class='ocrx_word' id='word_1_982' title='bbox 3187 4999 3312 5070; x_wconf 76' lang='grc' dir='ltr'>ἑξῆς</span> <span class='ocrx_word' id='word_1_983' title='bbox 3341 4995 3766 5072; x_wconf 79' lang='grc' dir='ltr'>ἀσφαλέστερον,</span> 
     </span>
    </p>
   </div>
   <div class='ocr_carea' id='block_1_121' title="bbox 2095 5080 3770 5153">
    <p class='ocr_par' dir='ltr' id='par_1_121' title="bbox 2095 5080 3770 5153">
     <span class='ocr_line' id='line_1_121' title="bbox 2095 5080 3770 5153; baseline 0.001 -18"><span class='ocrx_word' id='word_1_984' title='bbox 2095 5085 2189 5136; x_wconf 70' lang='grc' dir='ltr'>καὶ</span> <span class='ocrx_word' id='word_1_985' title='bbox 2216 5082 2302 5136; x_wconf 79' lang='grc' dir='ltr'>διὰ</span> <span class='ocrx_word' id='word_1_986' title='bbox 2353 5083 2462 5135; x_wconf 88' lang='grc' dir='ltr'>τῶν</span> <span class='ocrx_word' id='word_1_987' title='bbox 2489 5083 2666 5153; x_wconf 76' lang='grc' dir='ltr'>ἔργων</span> <span class='ocrx_word' id='word_1_988' title='bbox 2693 5081 2855 5134; x_wconf 81' lang='grc' dir='ltr'>αὐτὸν</span> <span class='ocrx_word' id='word_1_989' title='bbox 2895 5082 3162 5134; x_wconf 86' lang='grc' dir='ltr'>διδάσκων</span> <span class='ocrx_word' id='word_1_990' title='bbox 3192 5080 3286 5133; x_wconf 87' lang='grc' dir='ltr'>τοῦ</span> <span class='ocrx_word' id='word_1_991' title='bbox 3323 5081 3636 5146; x_wconf 83' lang='grc' dir='ltr'>ἀπατεῶνος</span> <span class='ocrx_word' id='word_1_992' title='bbox 3666 5083 3770 5151; x_wconf 71' lang='grc' dir='ltr'>τὴν</span> 
     </span>
    </p>
   </div>
   <div class='ocr_carea' id='block_1_122' title="bbox 2095 5160 3768 5232">
    <p class='ocr_par' dir='ltr' id='par_1_122' title="bbox 2095 5160 3768 5232">
     <span class='ocr_line' id='line_1_122' title="bbox 2095 5160 3768 5232; baseline 0.001 -20"><span class='ocrx_word' id='word_1_993' title='bbox 2095 5161 2407 5232; x_wconf 76' lang='grc' dir='ltr'>ἐπιϐουλήν.</span> <span class='ocrx_word' id='word_1_994' title='bbox 2437 5162 2509 5214; x_wconf 83' lang='grc' dir='ltr'>Τὸ</span> <span class='ocrx_word' id='word_1_995' title='bbox 2529 5161 2584 5213; x_wconf 84' lang='grc' dir='ltr'>δὲ</span> <span class='ocrx_word' id='word_1_996' title='bbox 2607 5160 2700 5212; x_wconf 89' lang='grc' dir='ltr'>τοῦ</span> <span class='ocrx_word' id='word_1_997' title='bbox 2740 5161 2972 5213; x_wconf 87' lang='grc' dir='ltr'>θανάτου</span> <span class='ocrx_word' id='word_1_998' title='bbox 3006 5161 3278 5228; x_wconf 87' lang='grc' dir='ltr'>ἐπιτίμιον</span> <span class='ocrx_word' id='word_1_999' title='bbox 3303 5161 3463 5212; x_wconf 75' lang='grc' dir='ltr'>πάλιν</span> <span class='ocrx_word' id='word_1_1000' title='bbox 3491 5160 3576 5213; x_wconf 66' lang='grc' dir='ltr'>διὰ</span> <span class='ocrx_word' id='word_1_1001' title='bbox 3610 5161 3768 5214; x_wconf 77' lang='grc' dir='ltr'>τοῦτο</span> 
     </span>
    </p>
   </div>
   <div class='ocr_carea' id='block_1_123' title="bbox 2097 5238 3768 5310">
    <p class='ocr_par' dir='ltr' id='par_1_123' title="bbox 2097 5238 3768 5310">
     <span class='ocr_line' id='line_1_123' title="bbox 2097 5238 3768 5310; baseline 0 -19"><span class='ocrx_word' id='word_1_1002' title='bbox 2097 5242 2393 5310; x_wconf 84' lang='grc' dir='ltr'>ἐπήγαγεν,</span> <span class='ocrx_word' id='word_1_1003' title='bbox 2428 5241 2514 5292; x_wconf 83' lang='grc' dir='ltr'>ἵνα</span> <span class='ocrx_word' id='word_1_1004' title='bbox 2547 5238 2621 5310; x_wconf 82' lang='grc' dir='ltr'>μὴ</span> <span class='ocrx_word' id='word_1_1005' title='bbox 2645 5239 2830 5291; x_wconf 78' lang='grc' dir='ltr'>λοιπὸν</span> <span class='ocrx_word' id='word_1_1006' title='bbox 2862 5240 2948 5293; x_wconf 72' lang='grc' dir='ltr'>διὰ</span> <span class='ocrx_word' id='word_1_1007' title='bbox 2974 5240 3071 5307; x_wconf 79' lang='grc' dir='ltr'>τῆς</span> <span class='ocrx_word' id='word_1_1008' title='bbox 3106 5243 3392 5309; x_wconf 75' lang='grc' dir='ltr'>παρακοῆς</span> <span class='ocrx_word' id='word_1_1009' title='bbox 3421 5243 3485 5307; x_wconf 76' lang='grc' dir='ltr'>τῇ</span> <span class='ocrx_word' id='word_1_1010' title='bbox 3523 5241 3768 5310; x_wconf 72' lang='grc' dir='ltr'>ἁμαρτίᾳ</span> 
     </span>
    </p>
   </div>
   <div class='ocr_carea' id='block_1_124' title="bbox 2095 5317 3767 5391">
    <p class='ocr_par' dir='ltr' id='par_1_124' title="bbox 2095 5317 3767 5391">
     <span class='ocr_line' id='line_1_124' title="bbox 2095 5317 3767 5391; baseline -0.001 -18"><span class='ocrx_word' id='word_1_1011' title='bbox 2095 5322 2394 5384; x_wconf 84' lang='grc' dir='ltr'>ὑπεύθυνος</span> <span class='ocrx_word' id='word_1_1012' title='bbox 2448 5319 2684 5388; x_wconf 81' lang='grc' dir='ltr'>γεγονὼς</span> <span class='ocrx_word' id='word_1_1013' title='bbox 2727 5318 2971 5372; x_wconf 89' lang='grc' dir='ltr'>ἀθάνατα</span> <span class='ocrx_word' id='word_1_1014' title='bbox 3017 5319 3331 5391; x_wconf 70' lang='grc' dir='ltr'>ἁμαρτάνῃ.</span> <span class='ocrx_word' id='word_1_1015' title='bbox 3386 5320 3458 5371; x_wconf 88' lang='grc' dir='ltr'>Οὐ</span> <span class='ocrx_word' id='word_1_1016' title='bbox 3499 5319 3646 5372; x_wconf 90' lang='grc' dir='ltr'>δοκεί</span> <span class='ocrx_word' id='word_1_1017' title='bbox 3673 5317 3767 5373; x_wconf 76' lang='grc' dir='ltr'>οὖν</span> 
     </span>
    </p>
   </div>
   <div class='ocr_carea' id='block_1_125' title="bbox 2097 5395 3765 5468">
    <p class='ocr_par' dir='ltr' id='par_1_125' title="bbox 2097 5395 3765 5468">
     <span class='ocr_line' id='line_1_125' title="bbox 2097 5395 3765 5468; baseline -0.001 -16"><span class='ocrx_word' id='word_1_1018' title='bbox 2097 5418 2178 5453; x_wconf 85' lang='grc' dir='ltr'>σοι</span> <span class='ocrx_word' id='word_1_1019' title='bbox 2207 5400 2377 5452; x_wconf 84' lang='grc' dir='ltr'>ταῦτα</span> <span class='ocrx_word' id='word_1_1020' title='bbox 2410 5401 2583 5452; x_wconf 87' lang='grc' dir='ltr'>πάντα</span> <span class='ocrx_word' id='word_1_1021' title='bbox 2608 5399 2704 5467; x_wconf 83' lang='grc' dir='ltr'>τῆς</span> <span class='ocrx_word' id='word_1_1022' title='bbox 2739 5399 3000 5468; x_wconf 86' lang='grc' dir='ltr'>μεγίστης</span> <span class='ocrx_word' id='word_1_1023' title='bbox 3026 5395 3164 5452; x_wconf 82' lang='grc' dir='ltr'>εἶναι</span> <span class='ocrx_word' id='word_1_1024' title='bbox 3196 5398 3627 5467; x_wconf 84' lang='grc' dir='ltr'>φιλανθρωπίας,</span> <span class='ocrx_word' id='word_1_1025' title='bbox 3672 5400 3765 5450; x_wconf 77' lang='grc' dir='ltr'>καὶ</span> 
     </span>
    </p>
   </div>
   <div class='ocr_carea' id='block_1_126' title="bbox 2094 5475 3765 5548">
    <p class='ocr_par' dir='ltr' id='par_1_126' title="bbox 2094 5475 3765 5548">
     <span class='ocr_line' id='line_1_126' title="bbox 2094 5475 3765 5548; baseline -0.001 -19"><span class='ocrx_word' id='word_1_1026' title='bbox 2094 5479 2154 5529; x_wconf 77' lang='grc' dir='ltr'>το</span> <span class='ocrx_word' id='word_1_1027' title='bbox 2180 5478 2428 5531; x_wconf 78' lang='grc' dir='ltr'>ἐκϐαλεῖν</span> <span class='ocrx_word' id='word_1_1028' title='bbox 2468 5478 2561 5529; x_wconf 81' lang='grc' dir='ltr'>τοῦ</span> <span class='ocrx_word' id='word_1_1029' title='bbox 2613 5477 2967 5548; x_wconf 88' lang='grc' dir='ltr'>παραδείσου,</span> <span class='ocrx_word' id='word_1_1030' title='bbox 3010 5477 3103 5531; x_wconf 85' lang='grc' dir='ltr'>καὶ</span> <span class='ocrx_word' id='word_1_1031' title='bbox 3144 5477 3204 5528; x_wconf 80' lang='grc' dir='ltr'>τὸ</span> <span class='ocrx_word' id='word_1_1032' title='bbox 3247 5475 3765 5545; x_wconf 84' lang='grc' dir='ltr'>τιμωρήσασθαιτῷ</span> 
     </span>
    </p>
   </div>
   <div class='ocr_carea' id='block_1_127' title="bbox 2094 5553 3761 5626">
    <p class='ocr_par' dir='ltr' id='par_1_127' title="bbox 2094 5553 3761 5626">
     <span class='ocr_line' id='line_1_127' title="bbox 2094 5553 3761 5626; baseline -0.001 -18"><span class='ocrx_word' id='word_1_1033' title='bbox 2094 5557 2188 5608; x_wconf 88' lang='grc' dir='ltr'>τοῦ</span> <span class='ocrx_word' id='word_1_1034' title='bbox 2211 5557 2439 5610; x_wconf 90' lang='grc' dir='ltr'>θανάτου</span> <span class='ocrx_word' id='word_1_1035' title='bbox 2459 5556 2718 5626; x_wconf 85' lang='grc' dir='ltr'>ἐπιτιμίῳ</span> <span class='ocrx_word' id='word_1_1036' title='bbox 2740 5572 2754 5620; x_wconf 90' lang='grc'>;</span> <span class='ocrx_word' id='word_1_1037' title='bbox 2779 5557 2928 5624; x_wconf 82' lang='grc' dir='ltr'>Ἐχω</span> <span class='ocrx_word' id='word_1_1038' title='bbox 2950 5556 3004 5608; x_wconf 86' lang='grc' dir='ltr'>δὲ</span> <span class='ocrx_word' id='word_1_1039' title='bbox 3031 5557 3125 5608; x_wconf 73' lang='grc' dir='ltr'>καὶ</span> <span class='ocrx_word' id='word_1_1040' title='bbox 3145 5554 3330 5623; x_wconf 70' lang='grc' dir='ltr'>ἕτερον</span> <span class='ocrx_word' id='word_1_1041' title='bbox 3356 5571 3406 5605; x_wconf 88' lang='grc' dir='ltr'>τι</span> <span class='ocrx_word' id='word_1_1042' title='bbox 3429 5553 3761 5622; x_wconf 85' lang='grc' dir='ltr'>προσθεῖναι.</span> 
     </span>
    </p>
   </div>
   <div class='ocr_carea' id='block_1_128' title="bbox 2098 5631 3765 5709">
    <p class='ocr_par' dir='ltr' id='par_1_128' title="bbox 2098 5631 3765 5709">
     <span class='ocr_line' id='line_1_128' title="bbox 2098 5631 3765 5709; baseline -0.007 -19"><span class='ocrx_word' id='word_1_1043' title='bbox 2098 5636 2253 5709; x_wconf 68' lang='grc'>[245]</span> <span class='ocrx_word' id='word_1_1044' title='bbox 2286 5639 2442 5689; x_wconf 84' lang='grc' dir='ltr'>Ποῖον</span> <span class='ocrx_word' id='word_1_1045' title='bbox 2469 5637 2533 5707; x_wconf 82' lang='grc' dir='ltr'>δὴ</span> <span class='ocrx_word' id='word_1_1046' title='bbox 2563 5639 2756 5699; x_wconf 87' lang='grc' dir='ltr'>τοῦτο;</span> <span class='ocrx_word' id='word_1_1047' title='bbox 2783 5637 2903 5688; x_wconf 82' lang='grc' dir='ltr'>Ὅτι</span> <span class='ocrx_word' id='word_1_1048' title='bbox 2936 5637 3029 5688; x_wconf 75' lang='grc' dir='ltr'>καὶ</span> <span class='ocrx_word' id='word_1_1049' title='bbox 3050 5635 3251 5704; x_wconf 84' lang='grc' dir='ltr'>ταύτην</span> <span class='ocrx_word' id='word_1_1050' title='bbox 3280 5631 3426 5700; x_wconf 85' lang='grc' dir='ltr'>αύτῷ</span> <span class='ocrx_word' id='word_1_1051' title='bbox 3456 5631 3552 5701; x_wconf 74' lang='grc' dir='ltr'>τὴν</span> <span class='ocrx_word' id='word_1_1052' title='bbox 3571 5633 3765 5698; x_wconf 40' lang='lat' dir='ltr'>um,</span> 
     </span>
    </p>
   </div>
   <div class='ocr_carea' id='block_1_129' title="bbox 2098 5709 3762 5786">
    <p class='ocr_par' dir='ltr' id='par_1_129' title="bbox 2098 5709 3762 5786">
     <span class='ocr_line' id='line_1_129' title="bbox 2098 5709 3762 5786; baseline -0.004 -18"><span class='ocrx_word' id='word_1_1053' title='bbox 2098 5734 2291 5786; x_wconf 85' lang='grc' dir='ltr'>κτησιν</span> <span class='ocrx_word' id='word_1_1054' title='bbox 2335 5717 2642 5785; x_wconf 78' lang='grc' dir='ltr'>ἐπήγαγεν,</span> <span class='ocrx_word' id='word_1_1055' title='bbox 2697 5717 2794 5767; x_wconf 84' lang='grc' dir='ltr'>οὐκ</span> <span class='ocrx_word' id='word_1_1056' title='bbox 2823 5717 2901 5778; x_wconf 84' lang='grc' dir='ltr'>είς</span> <span class='ocrx_word' id='word_1_1057' title='bbox 2949 5713 3110 5765; x_wconf 77' lang='grc' dir='ltr'>αὐτὸν</span> <span class='ocrx_word' id='word_1_1058' title='bbox 3159 5713 3318 5782; x_wconf 83' lang='grc' dir='ltr'>μόνον</span> <span class='ocrx_word' id='word_1_1059' title='bbox 3365 5709 3659 5777; x_wconf 83' lang='grc' dir='ltr'>περιιστῶν</span> <span class='ocrx_word' id='word_1_1060' title='bbox 3699 5712 3762 5761; x_wconf 82' lang='grc' dir='ltr'>τὰ</span> 
     </span>
    </p>
   </div>
   <div class='ocr_carea' id='block_1_130' title="bbox 2101 5787 3769 5865">
    <p class='ocr_par' dir='ltr' id='par_1_130' title="bbox 2101 5787 3769 5865">
     <span class='ocr_line' id='line_1_130' title="bbox 2101 5787 3769 5865; baseline -0.01 -16"><span class='ocrx_word' id='word_1_1061' title='bbox 2101 5798 2199 5865; x_wconf 73' lang='grc' dir='ltr'>τῆς</span> <span class='ocrx_word' id='word_1_1062' title='bbox 2227 5796 2562 5862; x_wconf 80' lang='grc' dir='ltr'>εὐεργεσίας,</span> <span class='ocrx_word' id='word_1_1063' title='bbox 2589 5794 2721 5846; x_wconf 78' lang='grc' dir='ltr'>ἀλλὰ</span> <span class='ocrx_word' id='word_1_1064' title='bbox 2759 5795 2850 5846; x_wconf 69' lang='grc' dir='ltr'>καὶ</span> <span class='ocrx_word' id='word_1_1065' title='bbox 2888 5794 3008 5853; x_wconf 65' lang='grc' dir='ltr'>τοὺς</span> <span class='ocrx_word' id='word_1_1066' title='bbox 3034 5791 3158 5858; x_wconf 77' lang='grc' dir='ltr'>ἐξῆς</span> <span class='ocrx_word' id='word_1_1067' title='bbox 3192 5790 3512 5859; x_wconf 75' lang='grc' dir='ltr'>βουλόμενος</span> <span class='ocrx_word' id='word_1_1068' title='bbox 3544 5787 3628 5840; x_wconf 80' lang='grc' dir='ltr'>διὰ</span> <span class='ocrx_word' id='word_1_1069' title='bbox 3656 5788 3736 5840; x_wconf 81' lang='grc' dir='ltr'>τῶ</span> <span class='ocrx_word' id='word_1_1070' title='bbox 3755 5808 3769 5833; x_wconf 73' lang='grc' dir='ltr'>ι</span> 
     </span>
    </p>
   </div>
   <div class='ocr_carea' id='block_1_131' title="bbox 2103 5866 3763 5942">
    <p class='ocr_par' dir='ltr' id='par_1_131' title="bbox 2103 5866 3763 5942">
     <span class='ocr_line' id='line_1_131' title="bbox 2103 5866 3763 5942; baseline -0.008 -13"><span class='ocrx_word' id='word_1_1071' title='bbox 2103 5880 2177 5940; x_wconf 68' lang='lat' dir='ltr'>LE;</span> <span class='ocrx_word' id='word_1_1072' title='bbox 2211 5880 2413 5928; x_wconf 68' lang='grc' dir='ltr'>ἐκεῖνον</span> <span class='ocrx_word' id='word_1_1073' title='bbox 2467 5874 2844 5942; x_wconf 73' lang='grc' dir='ltr'>γεγενημένων</span> <span class='ocrx_word' id='word_1_1074' title='bbox 2895 5869 3349 5941; x_wconf 69' lang='grc' dir='ltr'>σωφρονίσαδοαι.</span> <span class='ocrx_word' id='word_1_1075' title='bbox 3413 5869 3471 5920; x_wconf 69' lang='grc' dir='ltr'>ΕΞ</span> <span class='ocrx_word' id='word_1_1076' title='bbox 3513 5866 3640 5934; x_wconf 70' lang='grc' dir='ltr'>γὰρ,</span> <span class='ocrx_word' id='word_1_1077' title='bbox 3675 5867 3763 5916; x_wconf 72' lang='grc' dir='ltr'>καὶ</span> 
     </span>
    </p>
   </div>
   <div class='ocr_carea' id='block_1_132' title="bbox 2172 5991 3348 6057">
    <p class='ocr_par' dir='ltr' id='par_1_132' title="bbox 2172 5991 3348 6057">
     <span class='ocr_line' id='line_1_132' title="bbox 2172 5991 3348 6057; baseline -0.011 -10"><span class='ocrx_word' id='word_1_1078' title='bbox 2172 6004 2188 6024; x_wconf 67' lang='grc' dir='ltr'><em>τ</em></span> <span class='ocrx_word' id='word_1_1079' title='bbox 2219 6001 2367 6048; x_wconf 68' lang='lat' dir='ltr'>Sum.</span> <span class='ocrx_word' id='word_1_1080' title='bbox 2397 6012 2444 6049; x_wconf 81' lang='grc' dir='ltr'>ιιι</span> <span class='ocrx_word' id='word_1_1081' title='bbox 2469 6003 2606 6046; x_wconf 74' lang='lat' dir='ltr'>textu</span> <span class='ocrx_word' id='word_1_1082' title='bbox 2633 6002 2678 6044; x_wconf 78' lang='lat' dir='ltr'>cl</span> <span class='ocrx_word' id='word_1_1083' title='bbox 2712 5995 2906 6057; x_wconf 79' lang='lat' dir='ltr'><strong>quidam</strong></span> <span class='ocrx_word' id='word_1_1084' title='bbox 2931 6006 3028 6041; x_wconf 73' lang='grc' dir='ltr'>ωδε</span> <span class='ocrx_word' id='word_1_1085' title='bbox 3081 5991 3348 6052; x_wconf 61' lang='grc' dir='ltr'>ἐπάγοντος.</span> 
     </span>
    </p>
   </div>
  </div>
