4070 6390
248 418 352 475 ’ΒΩ

246 538 455 585 niortes
491 522 827 597 quotidianas
871 516 1141 573 dicentem
1188 527 1203 565 :
1256 510 1378 566 Non
1418 517 1535 565 sunt
1586 505 1854 597 condigna:

248 595 519 684 passiones
547 609 808 682 prementis
834 603 1075 675 temporis
1102 600 1170 653 ad
1193 601 1418 671 futuram
1439 596 1656 670 gloriam
1682 595 1735 648 in
1763 607 1857 647 no-

242 706 317 768 bis
338 702 665 759 reselandam
692 696 937 767 (80:11.8.
966 690 1081 763 18).
1105 689 1326 747 Etiamsi
1351 685 1592 759 quotidie
1618 726 1644 751 ν
1662 684 1852 754 inquit,

250 795 415 849 morti
464 806 565 847 nos
604 800 1019 858 exponeremus,
1052 783 1105 839 id
1127 780 1269 853 quod
1311 790 1498 833 natura
1528 791 1637 831 non
1671 774 1852 844 capit,

251 884 376 940 licet
397 898 554 944 mens
581 880 800 933 vincens
830 887 1099 939 naturam,
1120 888 1213 943 per
1234 869 1615 940 benignitatem
1644 863 1854 919 Domini

244 980 538 1028 coronetur
556 1010 571 1036 ,
604 969 758 1035 nihil,
782 966 975 1037 inquit,
994 963 1259 1019 ferremus
1285 975 1379 1030 par
1401 958 1588 1023 tantis,
1608 970 1727 1027 qua:
1756 969 1856 1009 nos

244 1071 565 1132 accepturos
594 1072 897 1130 speramus,
919 1057 1098 1122 bonis,
1114 1054 1408 1124 gloriaeque
1435 1051 1489 1105 in
1512 1050 1665 1104 nobis
1696 1061 1856 1103 reve-

249 1152 445 1207 land.e.
472 1152 605 1207 Vide
629 1159 827 1221 quanta
852 1147 1040 1219 gloria:
1069 1142 1436 1214 magnitudine
1466 1141 1713 1195 fruantur
1742 1138 1852 1193 vir-

248 1244 377 1300 tutis
406 1243 646 1308 asseclm,
663 1242 735 1295 ita
761 1249 819 1295 ut
844 1238 934 1292 illa
955 1237 1123 1307 gloria
1144 1243 1361 1304 superet
1382 1232 1564 1287 omnia
1585 1244 1858 1301 quaecum-

246 1352 353 1407 que
381 1336 639 1391 exhibere
666 1332 787 1403 quis
816 1330 1013 1401 poterit
1056 1345 1070 1381 :
1119 1325 1331 1383 etiamsi
1357 1324 1501 1379 enim
1541 1323 1606 1377 ad
1637 1322 1853 1377 culmen

252 1428 505 1497 attingat,
525 1433 654 1479 tunc
675 1437 887 1493 quoque
919 1419 1143 1474 inferior
1168 1417 1291 1472 erit.
1320 1414 1458 1483 Quid
1486 1414 1626 1469 enim
1652 1421 1854 1466 tantum

249 1520 507 1575 exhibere
529 1526 708 1587 potest
737 1516 899 1569 homo
919 1556 934 1577 ,
958 1511 1100 1583 quod
1130 1518 1299 1565 certet
1325 1524 1448 1563 cum
1479 1507 1690 1561 Domini
1715 1507 1855 1562 libe-

250 1611 509 1667 ralitate?
539 1609 693 1677 Quod
726 1609 769 1663 si
800 1607 997 1662 Paulus
1028 1604 1153 1658 talis
1178 1613 1231 1659 et
1261 1610 1439 1656 tantus
1464 1602 1673 1656 dicebat
1693 1643 1707 1667 ,
1736 1599 1856 1653 Non

244 1708 365 1748 sunt
386 1694 659 1764 condigna:
672 1693 945 1760 passiones
964 1691 1123 1760 hujus
1139 1690 1386 1759 temporis
1406 1688 1475 1742 ad
1488 1688 1724 1758 futuram
1737 1690 1844 1759 glo-

245 1788 383 1840 riam
405 1801 525 1855 qua!
547 1784 865 1838 revelabitur
880 1783 935 1836 in
956 1782 1105 1835 nobis
1125 1779 1483 1850 (Rom.8.18),
1503 1777 1594 1848 qui
1616 1777 1751 1831 alias
1769 1776 1845 1829 di-

244 1880 339 1940 cit,
365 1877 613 1943 Quotidie
641 1876 840 1929 morior
869 1875 944 1943 (l.
972 1872 1099 1929 Cor.
1131 1873 1218 1928 15.
1247 1873 1337 1942 51)
1362 1888 1376 1937 ;
1404 1878 1693 1930 etrursus,
1720 1865 1853 1919 Plus

249 1969 495 2023 omnibus
520 1966 758 2021 laboravi
777 1965 1008 2036 (lbid.v.
1038 1963 1161 2034 {0):
1184 1961 1316 2034 quid
1342 1976 1445 2017 nos
1461 1960 1730 2020 dicemus,
1756 1954 1853 2026 qui

248 2075 433 2130 neque
461 2059 737 2130 vulgarem
767 2057 1009 2113 laborem
1033 2070 1131 2127 pro
1163 2058 1367 2108 virtute
1389 2050 1670 2120 suscipere
1700 2049 1855 2103 volu-

251 2168 400 2216 mus,
420 2150 513 2207 sed
537 2150 825 2206 remissam
849 2149 1019 2203 vitam
1047 2154 1345 2209 sectamur,
1366 2154 1422 2199 et
1448 2144 1551 2201 hoc
1570 2156 1739 2198 unum
1762 2155 1854 2197 ca-

253 2261 470 2311 vemus,
489 2258 558 2298 ne
580 2242 711 2313 quid
732 2242 888 2297 triste
910 2239 1071 2295 nobis
1091 2236 1592 2307 accidat,quamvis
1609 2234 1853 2289 sciamus

245 2356 356 2395 non
391 2353 517 2393 esse
546 2335 805 2407 possibile
835 2334 993 2388 aliter
1017 2332 1234 2402 assequi
1264 2329 1658 2386 beatitudinem
1687 2328 1853 2382 cmic-

247 2441 413 2494 stem,
456 2429 565 2486 nisi
602 2444 699 2499 per
738 2435 1039 2498 prmsentes
1076 2425 1401 2481 aﬂlictiones
1432 2424 1497 2478 ad
1528 2437 1649 2477 eam
1694 2420 1850 2491 prius

247 2519 963 2578 anhelemus?AIDictiones
994 2518 1140 2574 enim
1166 2517 1217 2571 id
1240 2517 1401 2571 nobis
1434 2514 1755 2574 conciliant.
1789 2521 1852 2569 ut

242 2615 357 2671 Deo
398 2616 539 2686 grati
592 2615 796 2680 simus;
828 2621 883 2667 et
917 2612 1004 2667 hic
1041 2612 1127 2667 vel
1166 2625 1361 2682 parum
1414 2609 1687 2673 laborare,
1737 2608 1850 2662 illic

244 2709 411 2763 nobis
442 2721 696 2778 magnam
724 2705 979 2760 fiduciam
1011 2704 1240 2774 praebet,
1277 2703 1578 2758 dummodo
1615 2702 1850 2758 velimus

242 2798 553 2856 secundum
580 2798 871 2853 consilium
906 2795 1055 2849 illius
1078 2796 1327 2865 magistri
1360 2795 1512 2849 orbis
1543 2792 1846 2848 ambulare.

246 2891 579 2952 Considera,
612 2890 832 2951 dilecte,
869 2889 996 2944 licet
1030 2888 1209 2943 tristia
1245 2889 1356 2943 sint
1393 2903 1513 2957 qua:
1563 2886 1847 2953 accidunt,

241 3000 369 3041 esse
405 2992 587 3038 tamen
613 2990 965 3051 temporanea
992 2998 1007 3033 :
1034 2980 1176 3033 bona
1211 2993 1340 3034 vero
1365 2993 1487 3049 qua:
1513 2978 1625 3032 illic
1653 2993 1844 3033 susce-

238 3076 389 3147 pturi
420 3090 637 3139 sumus,
676 3071 1007 3126 immortalia
1036 3085 1159 3125 esse
1189 3077 1241 3124 et
1275 3078 1500 3123 mterna.
1532 3068 1665 3135 Quae
1704 3071 1844 3123 enim

238 3168 510 3233 videntur,
538 3165 736 3233 inquit,
760 3163 1076 3232 temporalia
1111 3171 1270 3215 sunt:
1296 3179 1412 3232 qua:
1437 3171 1615 3215 autem
1643 3178 1745 3215 non
1771 3162 1845 3215 vi-

239 3260 458 3318 dentur,
478 3263 680 3307 retenta
712 3252 787 3321 (Ξ.
818 3251 946 3305 Cor.
971 3252 1024 3305 4.
1052 3250 1139 3318 18)
1178 3249 1443 3305 Feramus
1469 3264 1599 3319 ergo
1632 3249 1845 3303 fortiter

242 3347 355 3401 haec
390 3344 743 3414 temporalia,
785 3357 965 3412 neque
997 3341 1335 3397 desistamus
1367 3356 1396 3395 a
1429 3343 1693 3397 virtutum
1725 3350 1846 3397 stu-

242 3438 369 3500 diis,
387 3444 445 3490 ut
466 3434 692 3490 mternis
710 3442 764 3488 ct
780 3449 998 3502 semper
1019 3432 1371 3489 manentibus
1386 3432 1545 3489 bonis
1558 3433 1842 3491 fruamur:

241 3545 359 3599 qua:
384 3530 545 3582 nobis
574 3526 831 3581 omnibus
862 3526 1237 3580 concedantur
1258 3524 1429 3597 gratia
1454 3531 1507 3579 et
1530 3527 1844 3581 misericor—

248 3620 335 3673 dia
358 3618 577 3673 Domini
601 3617 773 3672 nostri
795 3615 924 3673 Jesu
953 3616 1181 3679 Christi,
1210 3631 1334 3670 cum
1358 3632 1467 3685 quo
1490 3615 1656 3679 l’atri,
1682 3617 1844 3671 simul

241 3719 292 3765 et
316 3708 550 3777 Spiritui
584 3714 776 3763 sancto
806 3710 877 3762 sit
907 3707 1105 3779 gloria,
1132 3705 1443 3777 imperium,
1478 3708 1673 3771 honor,
1699 3722 1845 3762 nunc

241 3814 295 3857 et
326 3815 570 3871 semper,
605 3806 659 3855 et
688 3799 743 3854 in
772 3799 972 3855 sarcula
1004 3797 1351 3854 saeculorum.
1379 3798 1574 3854 Amen.

796 3888 1077 3943 HOMILIA
1117 3888 1307 3945 XXVI.

252 4000 318 4056 Et
344 4000 643 4054 recordatus
668 4009 741 4053 est
770 3998 908 4053 Deus
938 3998 1052 4054 Noe
1073 4041 1089 4065 ,
1134 4010 1183 4054 et
1227 3999 1452 4054 omnium
1480 4001 1772 4069 bestiarum,
1806 4013 1853 4057 et

320 4091 551 4144 omnium
581 4092 952 4159 jumentorum,
993 4098 1038 4142 et
1076 4092 1299 4143 omnium
1328 4089 1629 4160 volatilium,
1656 4102 1704 4147 et
1745 4110 1853 4147 om-

321 4179 465 4231 nium
486 4178 766 4247 reptilium,
794 4193 1117 4247 quwcumque
1136 4189 1405 4231 erantcum
1426 4178 1517 4233 illo
1543 4183 1594 4232 in
1622 4196 1763 4233 arca.
1786 4181 1852 4235 Et

322 4268 537 4322 adduxit
565 4266 704 4321 Deus
729 4269 963 4337 spiritum
995 4284 1148 4337 super
1174 4277 1377 4332 terram,
1411 4280 1454 4321 et
1494 4272 1699 4324 cessauit
1720 4287 1853 4342 aqua

326 4359 484 4431 (Gen.
509 4360 562 4415 8.
600 4359 676 4431 ι).

324 4473 349 4525 1
364 4511 377 4523 .
421 4470 609 4539 Magna
631 4478 684 4523 et
710 4467 992 4523 ineffabilis
1012 4468 1106 4523 Dei
1128 4469 1451 4539 benignitas,
1471 4470 1856 4540 excellensque

253 4564 369 4632 ejus
393 4562 609 4617 benitas
628 4577 692 4613 ex
713 4559 822 4627 jam
848 4560 998 4613 lectis
1022 4560 1341 4624 ostenditur,
1355 4576 1513 4630 quam
1544 4577 1652 4615 non
1679 4562 1854 4616 solum

252 4668 378 4723 erga
424 4652 689 4707 rationale
739 4652 840 4704 hoc
893 4649 1127 4717 animal,
1158 4650 1428 4705 hominem
1468 4651 1626 4717 dico,
1659 4651 1755 4705 sed
1803 4664 1858 4707 et

255 4760 379 4815 erga
408 4745 693 4797 brutorum
742 4744 1053 4797 animalium
1088 4753 1330 4797 naturam
1376 4742 1684 4797 declaravit.
1722 4744 1855 4799 Nam

253 4844 377 4884 cum
400 4828 644 4881 omnium
670 4827 743 4879 sit
767 4826 1047 4891 Conditor,
1066 4842 1191 4896 erga
1221 4827 1422 4894 omnia,
1448 4843 1566 4897 quae
1587 4843 1614 4880 a
1646 4845 1704 4882 se
1734 4839 1859 4884 sunt

255 4917 497 4983 condita,
530 4930 683 4970 suam
711 4914 945 4969 ostendit
987 4916 1281 4970 bonitatem
1316 4935 1329 4969 :
1358 4932 1456 4985 per
1480 4918 1660 4971 omnia
1701 4920 1857 4973 nobis

254 5020 442 5064 notum
472 5006 696 5070 faciens,
721 5016 970 5076 quantam
999 5005 1215 5060 humani
1239 5009 1452 5073 generis
1477 5024 1660 5064 curam
1683 5022 1853 5080 gerat,

254 5113 318 5152 ac
341 5113 401 5153 sc
422 5097 603 5151 omnia
632 5096 758 5150 olim
787 5105 838 5150 et
865 5096 933 5149 ab
956 5096 1104 5149 initio
1127 5104 1342 5165 propter
1362 5098 1587 5152 salutem
1617 5109 1855 5155 nostram

257 5187 659 5256 fecisse.ltaque
683 5187 783 5240 etsi
807 5187 1010 5255 puniat,
1032 5187 1133 5241 etsi
1159 5188 1214 5240 in
1241 5201 1338 5241 nos
1366 5188 1772 5255 animadvertat,
1792 5209 1855 5246 ex

256 5279 442 5335 eadem
471 5279 710 5333 bonitate
733 5292 825 5330 sua
849 5278 960 5330 haec
982 5287 1036 5330 et
1053 5277 1138 5331 illa
1160 5277 1303 5331 facit.
1324 5277 1437 5332 Non
1454 5280 1597 5333 enim
1619 5282 1698 5334 vel
1732 5282 1860 5337 affe-

256 5372 434 5426 ctione
465 5369 551 5423 vel
576 5369 654 5421 ira
677 5384 889 5437 pmnam
919 5368 1078 5422 infert
1110 5369 1242 5422 :sed
1261 5370 1514 5423 malitiam
1545 5372 1860 5427 exscindere

258 5462 389 5528 vult,
419 5476 487 5513 ne
506 5459 639 5513 ultra
663 5459 1050 5528 progrediatur.
1067 5460 1198 5525 Quia
1222 5471 1274 5514 et
1298 5477 1458 5527 nunc,
1476 5462 1612 5516 sicut
1640 5463 1857 5528 auditis,

258 5550 519 5605 diluvium
547 5550 616 5602 ob
646 5549 779 5602 nihil
806 5550 946 5602 aliud
966 5550 1368 5619 induxit,quam
1390 5561 1445 5605 ut
1465 5568 1647 5607 curam
1678 5564 1863 5622 ageret

261 5657 444 5698 eorum
463 5640 554 5711 qui
582 5641 844 5709 iniquitati
876 5655 934 5696 se
960 5640 1294 5696 dediderant.
1323 5643 1388 5696 Et
1415 5644 1606 5712 qualis,
1631 5643 1859 5712 inquies,

262 5747 387 5787 cura
407 5730 548 5796 lucc,
576 5745 765 5785 omnes
788 5745 923 5800 aqua
961 5731 1209 5785 sullocari
1227 5734 1249 5785 ?
1270 5731 1345 5787 Nc
1374 5742 1573 5787 temere
1605 5733 1860 5802 loquaris,

263 5824 442 5891 homo,
484 5821 578 5880 sed
608 5831 757 5893 grato
789 5824 973 5878 animo
998 5824 1179 5894 accipe
1204 5840 1264 5879 ea
1288 5842 1405 5895 quae
1427 5840 1456 5879 a
1485 5826 1713 5881 Domino
1738 5837 1860 5882 sunt

1317 398 1383 456 ῐΝ
1409 392 1564 454 CAP.
1609 390 1742 453 Vill.
1773 386 2019 455 CENES.
2061 378 2277 446 ιιυιιεί,
2340 381 2531 446 XXVI.

3472 377 3578 435 9.30

1974 500 2132 566 facta,
2153 507 2207 553 et
2234 497 2373 553 scies
2392 497 2497 553 hoc
2519 496 2682 556 etiam
2710 507 2833 550 esse
2860 492 3107 549 maximae
3130 506 3275 548 cura:
3301 507 3577 563 arguuntu-

1968 602 2103 648 tum.
2132 590 2267 647 Nam
2300 605 2395 646 eos
2420 590 2511 661 qui
2543 590 2621 645 sic
2662 586 3035 643 incurabiliter
3065 593 3331 656 peccant,
3358 593 3414 639 et
3438 599 3574 655 quo-

1968 684 2097 740 tidie
2126 683 2348 737 vulnera
2378 682 2479 736 sibi
2512 681 2759 751 inﬂigunt
2780 721 2795 747 ,
2828 686 2884 733 ct
2924 679 3110 734 ulcera
3134 677 3236 732 sibi
3263 676 3413 732 omni
3446 691 3577 730 cura

1965 775 2243 845 superiora
2273 771 2545 838 inferunt,
2576 787 2642 827 ex
2676 780 2827 826 tanto
2870 770 3015 825 malo
3064 768 3360 835 liberasse,
3397 781 3579 823 nonne

1964 882 2191 925 summa:
2234 874 2353 921 erat
2392 862 2731 935 prudentize?
2763 861 2828 915 Et
2868 861 2985 931 ipse
3031 859 3288 930 puniendi
3338 858 3534 914 modus
3559 899 3579 927 ,
3621 854 3623 865 ⁴

1965 972 2147 1013 nonne
2189 956 2335 1011 omni
2389 955 2720 1027 benignitate
2764 953 2955 1024 plenus
2981 951 3110 1008 est?
3149 951 3261 1006 Eos
3310 951 3455 1006 enim
3486 951 3578 1022 qui

1965 1048 2204 1121 alioquin
2256 1057 2463 1103 natura:
2512 1047 2751 1103 debitum
2802 1045 3032 1100 soluturi
3073 1054 3249 1112 erant,
3278 1045 3358 1099 sic
3402 1059 3578 1114 poma:

1967 1141 2089 1196 loco
2116 1141 2279 1195 vitam
2296 1140 2597 1209 1leponere
2623 1178 2639 1204 ,
2670 1145 2729 1192 ut
2760 1153 2827 1191 ne
2864 1153 3083 1192 sensum
3126 1136 3343 1207 quidem
3387 1137 3579 1192 mortis

1968 1231 2268 1300 haberent,
2324 1230 2418 1287 sed
2463 1230 2665 1299 absque
2708 1228 2912 1283 doloris
2940 1228 3192 1299 cruciatu
3243 1228 3576 1298 supplicium

1963 1323 2225 1389 subirent,
2255 1331 2468 1392 quanta:
2508 1336 2619 1375 non
2660 1319 2821 1375 fuerit
2853 1318 3133 1389 sapientia:
3163 1327 3219 1374 et
3262 1318 3575 1374 bonitatis?

1963 1413 2102 1482 Quin
2128 1413 2175 1468 si
2200 1413 2322 1482 quis
2352 1412 2535 1465 animo
2567 1410 2660 1481 pio
2690 1408 2959 1480 expendat
2987 1409 3185 1464 factum
3207 1450 3221 1474 ,
3250 1424 3355 1462 non
3394 1409 3573 1463 solum

1963 1518 2158 1574 nempe
2186 1505 2253 1560 iis
2282 1504 2372 1573 qui
2414 1503 2583 1573 puniti
2614 1510 2740 1556 sunt
2767 1501 3024 1557 beneﬁcia
3052 1515 3175 1555 esse
3203 1500 3434 1567 collata,
3473 1500 3568 1555 sed

1963 1606 2019 1652 et
2060 1597 2311 1667 posteris,
2336 1596 2426 1666 qui
2471 1595 2580 1650 duo
2627 1595 2866 1649 maxima
2913 1592 3039 1649 inde
3082 1602 3440 1663 perceperunt
3476 1592 3573 1648 bo-

1962 1702 2029 1743 na
2051 1730 2066 1752 ,
2101 1686 2178 1759 (a)
2222 1686 2355 1759 [tum
2387 1686 2529 1757 quod
2559 1686 2748 1741 iisdem
2778 1687 2829 1740 in
2860 1686 3014 1740 malis
3045 1701 3150 1739 non
3183 1686 3294 1740 sint
3319 1685 3572 1752 involuti,

1962 1786 2075 1832 tum
2106 1778 2250 1847 quod
2280 1793 2347 1831 ex
2375 1776 2679 1847 hujusmodi
2709 1776 2859 1832 factis
2900 1777 3169 1831 cautiores
3210 1785 3265 1830 et
3305 1785 3572 1846 tempera-

1965 1872 2127 1926 tiorcs
2154 1869 2457 1945 evaserint]
2504 1881 2756 1942 quantam
2807 1873 3099 1942 gratiarum
3150 1872 3416 1926 actionem
3474 1888 3575 1942 pro

1962 1963 2069 2015 illis
2098 1962 2212 2017 Deo
2242 1977 2349 2017 non
2376 1962 2651 2017 debeant?
2675 1964 2884 2017 Etenim
2913 1963 3114 2033 posteri
3144 1977 3300 2033 poena
3329 1964 3568 2029 illorum,

1960 2062 2015 2106 et
2046 2062 2212 2115 metu,
2248 2069 2314 2106 ne
2336 2052 2522 2107 eadem
2550 2067 2670 2122 qua:
2700 2052 2775 2106 illi
2804 2061 3135 2121 paterentur,
3164 2053 3416 2107 meliores
3447 2053 3574 2109 facti

1960 2155 2113 2199 sunt:
2138 2159 2199 2198 ac
2226 2154 2483 2213 prmterea
2506 2160 2667 2199 omne
2693 2144 2908 2198 malitia:
2931 2142 3253 2199 fermentum
3276 2144 3566 2212 sublatum,

1962 2247 2016 2292 et
2046 2237 2225 2291 nullus
2250 2238 2472 2291 relictus
2498 2235 2596 2291 fuit
2626 2238 2705 2291 eis
2740 2236 2958 2290 malitire
2998 2246 3052 2290 et
3083 2236 3374 2304 iniquitatis
3402 2238 3570 2307 magi-

1960 2338 2090 2383 ster.
2121 2328 2583 2398 Vides‘quomodo
2613 2336 2668 2383 et
2699 2343 2873 2398 pruna:
2920 2336 2968 2382 et
3013 2328 3272 2397 supplicia
3309 2328 3568 2383 beneficia

1960 2420 2068 2473 sint
2089 2459 2104 2485 ,
2128 2429 2182 2473 et
2214 2419 2307 2474 Dei
2335 2434 2459 2489 erga
2492 2418 2761 2473 hominem
2810 2418 3201 2488 providentiam
3248 2420 3569 2475 declarent?

1960 2510 2027 2563 Et
2056 2510 2099 2563 si
2123 2510 2243 2579 quis
2274 2510 2410 2564 velit
2437 2508 2555 2564 lucc
2581 2524 2609 2562 a
2643 2509 2830 2579 primis
2857 2517 2911 2563 et
2933 2509 3002 2564 ab
3031 2509 3181 2563 initio
3211 2525 3530 2566 enumerare
3550 2554 3565 2580 ,

1961 2600 2196 2655 inveniet
2224 2613 2413 2656 omnes
2458 2614 2643 2669 pmnas
2671 2599 2772 2654 hac
2805 2599 2873 2653 de
2900 2615 3058 2654 causa
3092 2601 3461 2670 peccatoribus
3490 2604 3566 2657 in-

1959 2700 2213 2746 tentatas.
2240 2690 2372 2745 Nam
2406 2698 2461 2745 et
2488 2690 2657 2744 Adam
2691 2699 2999 2759 peccantem
3032 2706 3139 2744 non
3187 2691 3414 2759 puniens
3446 2701 3565 2745 tan-

1961 2790 2099 2848 tum,
2133 2781 2228 2835 sed
2260 2790 2314 2836 et
2341 2780 2605 2835 beneficio
2641 2796 2972 2852 prosequens
3002 2782 3250 2851 paradiso
3273 2768 3451 2853 eiecit.
3502 2784 3567 2839 Et

1958 2874 2116 2945 quale
2146 2872 2280 2928 dicis
2308 2872 2650 2939 beneficium,
2683 2856 2845 2928 etiam
2878 2872 3107 2942 paradisi
3139 2874 3241 2927 vita
3265 2873 3575 2929 excidisse?

1958 2962 2038 3019 Ne
2065 2963 2382 3032 simpliciter
2410 2955 2659 3017 at'tendas
2688 2961 2756 3017 ad
2783 2977 2844 3017 ea
2869 2977 2988 3033 quae
3014 2970 3277 3031 geruntur
3296 3005 3311 3030 ,
3349 2964 3563 3029 dilecte,

1958 3069 2134 3122 neque
2163 3053 2340 3107 obiter
2365 3068 2484 3122 quae
2515 3069 2543 3105 a
2577 3053 2692 3107 Deo
2734 3052 2868 3106 fiunt
2892 3052 3175 3109 addiscas:
3209 3053 3305 3110 sed
3343 3055 3583 3124 profun:

1958 3143 2084 3199 dum
2119 3143 2261 3198 illius
2286 3144 2544 3199 bonitatis
2574 3143 2802 3209 intuere,
2826 3152 2879 3198 et
2910 3144 3148 3200 invenies
3175 3146 3351 3200 omnia
3374 3145 3569 3202 eadem

1958 3235 2028 3290 de
2058 3227 2218 3289 causa
2243 3234 2311 3289 ab
2339 3236 2457 3305 ipso
2480 3235 2619 3290 fieri.
2647 3235 2742 3290 Dic
2768 3235 2912 3290 enim
2935 3235 3090 3301 mihi,
3113 3236 3158 3291 si
3183 3238 3377 3302 Adam,
3411 3250 3562 3308 post-

1956 3344 2115 3400 quam
2145 3328 2224 3383 sic
2250 3337 2618 3397 transgressus
2639 3336 2755 3391 est,
2792 3327 2981 3382 iisdem
3013 3327 3192 3384 adhuc
3224 3329 3325 3383 frui
3358 3332 3565 3401 potuis-

1908 3450 1911 3453 λ
1956 3427 2209 3489 set,quo
2256 3433 2366 3474 non
2422 3418 2913 3474 excidisset‘lNam
2969 3421 3012 3474 si
3072 3421 3233 3476 tantis
3286 3423 3565 3492 promissis

1963 3511 2224 3579 acceptis,
2259 3519 2564 3578 serpentem
2611 3509 2953 3579 deceptorum
3000 3511 3226 3577 audivit,
3252 3521 3307 3567 et
3345 3513 3563 3569 insidias

1956 3599 2194 3667 admisit,
2223 3614 2355 3669 quas
2384 3613 2479 3668 per
2504 3614 2627 3653 eum
2659 3598 2903 3655 diabolus
2949 3600 3159 3665 intulit,
3195 3616 3290 3671 Spe
3317 3602 3565 3659 videlicet

1958 3688 2272 3743 obtinenda:
2316 3688 2641 3757 mqualitatis
2686 3703 2807 3742 cum
2862 3690 2970 3744 Deo
3025 3689 3250 3753 inﬂans,
3284 3700 3446 3761 atque
3509 3693 3567 3746 in

1958 3778 2413 3849 praevaricationis
2443 3787 2723 3847 peccatum
2751 3780 2898 3833 illum
2924 3780 3189 3849 injiciens,
3221 3780 3345 3840 siin
3374 3781 3565 3837 eadem

1960 3871 2219 3942 dignitate
2242 3886 2305 3926 ac
2354 3872 2477 3926 vita:
2521 3871 2731 3927 ratione
2772 3872 3095 3939 mansisset,
3135 3874 3407 3943 quomodo
3456 3888 3569 3929 non

1960 3964 2131 4017 multo
2161 3962 2266 4016 fide
2291 3962 2588 4031 digniorem
2613 3972 2851 4031 putasset
2873 3964 3162 4033 malignum
3195 3965 3342 4019 illum
3362 3964 3566 4020 daemo—

1960 4069 2116 4118 nem,
2150 4069 2309 4123 quam
2365 4069 2545 4108 rerum
2593 4053 2833 4109 omnium
2880 4053 3260 4119 Conditorem,
3288 4055 3463 4126 deque
3507 4072 3573 4112 se

1959 4144 2299 4205 sublimiora,
2329 4158 2491 4214 quam
2520 4144 2751 4214 dignitas
2781 4160 2875 4199 sua
2910 4145 3139 4211 ferebat,
3162 4147 3343 4201 animo
3364 4162 3567 4203 conce-

1961 4234 2171 4303 pisset?
2224 4234 2437 4287 Etenim
2486 4234 2608 4287 talis
2664 4234 2939 4289 hominum
2999 4245 3189 4290 natura
3244 4246 3359 4304 est,
3415 4247 3471 4293 ut
3519 4239 3575 4293 si

1961 4324 2176 4393 quando
2220 4339 2451 4394 peccans
2504 4340 2611 4381 non
2660 4326 2997 4391 refrenatur,
3041 4326 3136 4382 sed
3184 4343 3374 4385 secure
3419 4330 3528 4401 agit
3546 4372 3574 4396 ,.

1962 4414 2187 4469 ulterius
2212 4415 2511 4483 procedens
2533 4416 2583 4469 in
2608 4430 2847 4485 praeceps
2870 4415 3091 4471 feratur.
3126 4418 3242 4472 Alia
3272 4427 3450 4474 tamen
3480 4422 3575 4475 via

1963 4518 2180 4573 possum
2210 4505 2496 4559 ostendere
2515 4547 2529 4569 ,
2553 4506 2693 4575 quod
2724 4506 3065 4561 clementiam
3097 4524 3206 4578 pra:
3241 4523 3300 4564 se
3345 4509 3523 4565 ferens
3547 4553 3577 4579 ,.

1964 4594 2227 4647 Adamnm
2253 4595 2498 4663 paradiso
2519 4596 2741 4664 jusserit
2767 4598 3053 4665 excedere,
3086 4609 3141 4654 et
3168 4602 3355 4654 mortis
3391 4617 3574 4671 preme

1964 4685 2154 4740 fecerit
2181 4686 2475 4740 obnoxium
2502 4705 2515 4741 :
2542 4702 2664 4741 nam
2695 4689 2960 4757 ejectione
2988 4699 3044 4744 et
3082 4693 3380 4763 propinqua
3412 4695 3565 4749 habi-

1967 4776 2167 4830 talione
2191 4776 2588 4845 castigatiorem
2613 4819 2626 4841 ,
2650 4787 2704 4831 et
2744 4778 2794 4831 in
2822 4788 3093 4847 pasterum
3137 4784 3465 4838 securiorem
3496 4785 3580 4839 far

1966 4866 2149 4933 ciens,
2173 4882 2233 4920 re
2265 4866 2376 4935 ipsa
2408 4867 2589 4921 docuit
2617 4881 2848 4939 quantus
2870 4870 3125 4940 deceptor
3150 4872 3307 4928 fuerit
3329 4875 3581 4931 daemon.—

1967 4957 2157 5012 Mortis
2186 4967 2365 5013 autem
2396 4960 2718 5028 supplicium
2758 4971 2978 5031 prepter
3004 4962 3105 5018 hoc
3146 4964 3328 5019 intulit
3354 5008 3367 5029 ,
3401 4978 3457 5020 ut
3502 4984 3570 5022 ne

1967 5048 2192 5117 posthac
2236 5062 2332 5117 per
2355 5048 2770 5104 inobedientiam
2796 5062 3014 5119 peccato
3045 5053 3313 5110 obnoxius
3343 5057 3570 5113 effectus

1970 5146 2234 5208 perpetuo
2261 5150 2529 5209 peccaret.
2558 5141 2675 5195 Non
2704 5141 2958 5197 videntur
2984 5145 3078 5199 tibi
3107 5144 3221 5201 lucc
3247 5162 3368 5204 eSSe
3394 5151 3572 5205 maxi-

1970 5244 2073 5285 ma:
2109 5230 2433 5298 clementiae,
2455 5239 2509 5285 et
2535 5231 2731 5300 ejicere
2758 5248 2786 5285 a
2818 5234 3069 5302 paradiso
3107 5246 3160 5289 et
3195 5251 3351 5305 poma
3383 5243 3591 5294 mortis-

1968 5322 2246 5389 plectere?
2275 5322 2499 5376 Possum
2529 5332 2705 5377 autem
2754 5334 2809 5379 et
2851 5326 2993 5379 aliud
3040 5338 3301 5396 praeterea
3350 5332 3565 5387 atl'erre.

1971 5411 2267 5479 Qualenam
2303 5412 2443 5467 hoc?
2478 5413 2623 5467 llanc
2670 5414 3088 5484 indignationem
3132 5418 3207 5471 illi
3252 5420 3531 5475 inferendo
3552 5464 3579 5485 ,η

1971 5517 2076 5556 non
2100 5502 2237 5571 apud
2267 5502 2437 5571 ipsum
2467 5503 2743 5559 dumtaxat
2774 5507 3031 5561 beneficia
3059 5510 3364 5578 collocavit,
3388 5514 3483 5567 sed
3514 5525 3571 5569 et

1972 5604 2222 5664 posteros
2273 5595 2440 5665 ipsius
2473 5598 2723 5667 exemplo
2772 5601 3041 5669 corrigere
3088 5604 3277 5657 voluit.
3309 5605 3442 5659 Nam
3496 5609 3566 5677 si,

2036 5775 2109 5837 (ιι)
2145 5782 2253 5825 tunc
2276 5789 2384 5837 qua!
2408 5779 2543 5827 uncis
2583 5778 2869 5826 clauduntur
2897 5793 2958 5827 ex
2987 5794 3084 5829 uno
3120 5789 3304 5832 tantum
3330 5790 3410 5834 \ls.
3439 5786 3570 5837 eruit

1971 5849 2096 5897 mus,
2122 5838 2211 5888 sed
2235 5838 2461 5889 videntur
2486 5842 2543 5889 att
2568 5842 2750 5890 seriem
2775 5842 3033 5903 quadrare.
