4070 6390
492 508 773 587 mm
818 495 1351 587 hae'eveneunt,is
1392 491 1497 587 qui
1525 504 1593 547 ex
1640 501 1710 545 eo
1745 490 1917 585 natus“
1944 486 2067 546 est.

488 578 891 671 Cainiinquant',
909 593 1007 666 qui.
1029 578 1335 663 praesulis
1360 583 1574 641 videbat
1598 587 1807 668 patrem
1823 582 1894 671 es
1906 587 2071 646 pars-

462 689 630 759 ..ιφ
653 667 931 768 quatit-'5,
960 675 1281 768 laudabilem
1328 676 1476 743 illam
1516 672 1737 768 gloriam
1779 667 2067 768 λειω-ὀ

480 757 1098 839 maledicum-illam
1124 761 1341 837 miram,
1368 782 1489 839 qua:
1514 762 1771 821 dicebat:
1797 757 1961 817 rem
1982 771 2070 824 α,

486 884 537 930 α
563 874 627 929 ιη
649 869 837 928 iam
853 867 1013 925 abibis
1036 862 1404 941 (σω.5.19).
1423 852 1616 915 melior
1640 853 1811 910 iactus
1840 868 1947 908 non
1966 856 2070 916 est,

486 956 957 1035 sed-gravioribus
1001 971 1063 1015 se
1099 953 1320 1013 involvit
1344 948 1511 1007 'tnaiis
1550 963 1566 1003 :
1606 946 1651 1002 si
1700 959 1809 1003 non
1851 942 2077 1035 vidisset

434 1104 441 1109 .
485 1066 613 1125 φε
633 1033 778 1123 patri
807 1046 1165 1121 contigerant,
1181 1045 1237 1101 in
1255 1055 1414 1114 quam
1442 1052 1551 1096 non
1583 1034 1912 1109 pervenisset
1934 1033 2079 1125 insa-

490 1123 675 1200 nisini
694 1140 766 1198 Et
784 1139 928 1215 quod
950 1152 1083 1195 sane
1110 1133 1465 1191 admiratione
1483 1129 1643 1187 fuerit
1668 1127 1911 1201 dignum,
1928 1123 2076 1180 tum

492 1232 656 1289 etiam
674 1231 765 1302 qui
786 1225 1179 1300 taliatpsecavit
1205 1233 1260 1280 et
1285 1221 1491 1279 nefario
1519 1217 1808 1276 homicidio
1834 1216 2077 1271 dextram

496 1310 687 1393 polluit
709 1318 937 1391 puniens
956 1357 975 1384 ,
1010 1312 1375 1372 misericordia
1397 1324 1612 1382 ponam
1635 1306 1873 1364 miscuit.
1924 1342 1930 1348 ι
1998 1335 2005 1343 -

562 1406 621 1465 2.
663 1408 731 1464 Et
757 1402 816 1464 ut
843 1405 1125 1464 manii'este
1163 1403 1306 1483 scias
1337 1400 1534 1457 divina
1559 1397 1848 1465 bonitatis,
1877 1410 1999 1467 qua:
2025 1402 2081 1451 et

495 1500 580 1557 isti
610 1498 993 1565 exhibitaest,
1037 1492 1450 1566 magnitudinem
1490 1499 1659 1547 :tum
1697 1486 1913 1560 quidem
1953 1500 2077 1542 eum

498 1593 664 1649 Deum
684 1589 830 1660 gravi
850 1576 1423 1645 eontmelia-atﬂeerel
1442 1578 1717 1636 oﬂerendo
1735 1576 2080 1643 sacriﬁcium,

499 1690 556 1736 et
582 1692 832 1751 maguum
862 1692 973 1749 pra
999 1689 1062 1734 se
1099 1670 1322 1732 feruido
1352 1680 1717 1741 contemptum
1764 1667 1910 1741 (non
1933 1667 2081 1724 enim

497 1769 765 1829 dividebat
792 1767 971 1838 iuste,
1020 1763 1118 1821 sed
1162 1760 1421 1819 olerebat
1446 1760 1760 1833 simpliciter
1799 1768 1855 1813 et
1881 1755 2084 1826 absque

499 1857 772 1927 deiectu),
801 1855 933 1920 nihil
952 1854 1035 1911 vel
1058 1867 1222 1926 grave
1241 1852 1323 1908 vel
1348 1850 1629 1921 molestum
1654 1848 1909 1905 adversus
1935 1846 2084 1901 illum

499 1953 750 2023 loquutus
796 1956 882 2003 est
922 1947 1101 2013 Dens,
1148 1944 1393 2015 quamvis
1437 1950 1712 2012 peceatum
1757 1940 1933 2011 ipsum
1978 1951 2087 1993 non

500 2048 647 2097 esset
669 2026 889 2110 parvum
918 2044 976 2092 et
1001 2034 1254 2106 vulgare,
1283 2032 1379 2089 sed
1404 2030 1558 2097 valde
1583 2044 1855 2100 magnum.
1882 2028 2013 2085 Nam
2039 2028 2087 2084 si

504 2129 544 2190 il
569 2132 660 2203 qui
690 2142 1020 2203 congesturos
1047 2127 1293 2184 homines
1322 2123 1571 2180 honorari
1602 2123 1806 2188 volunt,
1837 2122 2005 2193 prima
2033 2131 2091 2178 et

500 2220 770 2292 praecipua
786 2220 890 2279 illis
905 2218 1160 2283 tribuunt,
1182 2216 1377 2288 illaque
1392 2213 1587 2271 oil‘erre
1605 2214 1837 2268 maxime
1849 2210 2085 2279 student,

501 2330 623 2385 qua:
670 2309 919 2367 omnibus
966 2308 1285 2382 pretiosiora
1336 2306 1435 2362 sibi
1480 2304 1727 2361 ridentur
1768 2321 1783 2357 :
1821 2305 2089 2373 quomodo

503 2402 774 2461 hominem
806 2399 917 2456 Deo
950 2398 1266 2456 oll‘erentem
1308 2411 1415 2451 non
1444 2393 1724 2465 Oportebat
1754 2394 1863 2447 Deo
1890 2393 2089 2464 pretio-

503 2494 647 2549 siora
672 2504 727 2548 et
757 2490 1124 2560 praestantiora
1151 2484 1387 2543 oii'erre?
1415 2484 1577 2556 igitur
1596 2498 1721 2539 eum
1744 2490 1945 2538 tantum
1970 2495 2091 2551 pee-

504 2593 671 2670 earpt,
696 2589 751 2638 et
780 2590 983 2635 tantum
1012 2593 1120 2651 pra:
1148 2592 1209 2633 se
1234 2576 1397 2633 ferret
1420 2583 1793 2644 contemptum
1812 2574 1922 2638 ille,
1954 2572 2093 2627 Deus

508 2664 686 2728 tamen
718 2688 821 2727 non
870 2669 1053 2741 petivit
1082 2682 1293 2740 penam
1312 2707 1328 2733 ,
1373 2681 1549 2737 neque
1574 2679 1669 2735 pro
1713 2664 1863 2719 factis
1887 2664 2093 2732 suppli-

505 2764 648 2821 cium
675 2762 882 2833 exegit:
914 2760 1007 2817 sed
1030 2760 1180 2831 quasi
1208 2756 1410 2813 amicus
1428 2758 1622 2823 amico,
1649 2770 1773 2811 cum
1793 2755 1935 2810 omni
1964 2754 2094 2808 leni.

509 2862 618 2911 tato
645 2853 869 2923 loquens
896 2853 973 2905 sic
1016 2849 1148 2905 dixit
1174 2866 1189 2903 :
1223 2846 1471 2915 Peccasti,
1492 2846 1690 2916 quiesce
1720 2842 1886 2917 (Gen.
1916 2844 1967 2899 ι.
2000 2843 2031 2898 7
2048 2848 2091 2915 ).

511 2944 793 3009 Peccatum
824 2942 1100 2997 dumtaxat
1127 2941 1203 2996 illi
1233 2938 1513 3005 indicavit,
1542 2946 1597 2994 et
1620 2927 1889 2994 consuluit
1920 2950 1989 2992 ne
2014 2935 2096 2991 ul-

510 3036 676 3093 terius
706 3032 1135 3103 progrederetur.
1164 3029 1354 3086 Vidisti
1397 3028 1648 3085 bonitatis
1682 3024 2095 3083 excellentiam?

508 3127 615 3184 Sed
644 3126 765 3196 quia
796 3125 885 3179 ille
907 3139 1011 3180 non
1038 3125 1208 3177 solum
1242 3120 1368 3174 nihil
1396 3135 1459 3174 ex
1490 3129 1632 3173 tanta
1660 3118 1908 3189 patientia
1936 3116 2096 3171 lucri-

480 3199 483 3202 i
513 3217 671 3280 fecit,
700 3215 795 3272 sed
824 3224 881 3270 et
904 3214 1147 3285 graviora
1180 3212 1366 3282 primis
1392 3208 1608 3279 adjecit,
1636 3219 1795 3279 atque
1823 3206 1888 3262 ad
1919 3204 2096 3261 fratris

514 3324 700 3364 necem
728 3306 1068 3377 properavit,
1102 3304 1241 3359 Deus
1267 3301 1481 3373 quidem
1511 3302 1564 3355 in
1606 3315 1730 3357 eum
1772 3299 1944 3354 adhuc
1982 3313 2098 3352 ma-

512 3414 671 3470 gnam
697 3396 1014 3451 ostendebat
1038 3393 1330 3457 leuitatem,
1362 3392 1699 3461 interrogans
1722 3389 1867 3460 prius
1893 3400 1947 3443 et
1964 3391 2097 3444 dans

517 3489 592 3545 illi
629 3485 1008 3543 satisfactionis
1038 3484 1211 3539 locum
1239 3500 1253 3538 :
1283 3482 1375 3536 sed
1405 3482 1527 3552 quia
1558 3481 1752 3535 mansit
1794 3479 2095 3549 impudens,

513 3590 642 3635 tunc
662 3592 873 3648 pinnam
898 3575 1073 3630 intulit
1096 3574 1144 3629 ei
1169 3570 1557 3630 emendationis
1583 3570 1770 3639 gratia,
1793 3584 1912 3641 qua:
1936 3571 2097 3625 etiam

518 3673 631 3741 ipsa
660 3670 881 3724 multum
910 3667 1141 3723 habebat
1168 3665 1546 3721 misericordia:
1576 3663 1892 3719 admixtum.

596 3762 700 3828 Qui
739 3762 790 3814 in
834 3775 926 3814 nos
968 3769 1172 3827 peccat,
1221 3763 1455 3829 feratur;
1492 3758 1576 3828 qui
1620 3758 1672 3812 in
1699 3756 1863 3812 Deum
1906 3766 2098 3828 peccat,

524 3855 788 3927 puniatur.
811 3882 881 3892 --
905 3849 1066 3905 Vides
1102 3848 1369 3919 quomodo
1398 3849 1535 3903 Deus
1553 3888 1569 3913 ,
1608 3848 1820 3917 quando
1847 3849 1899 3902 in
1927 3848 2100 3918 ipsum

504 3944 784 4019 peccavit,
805 3949 1190 4014 peccatumque
1216 3952 1320 3993 non
1342 3937 1577 4008 vulgare,
1600 3937 1802 4003 dimisit
1826 3938 1874 3993 ei
1899 3955 1913 3991 :
1938 3953 2104 4006 quan-

521 4037 591 4092 do
616 4044 793 4089 autem
823 4032 874 4086 in
916 4030 1134 4086 fratrem
1173 4028 1399 4083 armavit
1436 4026 1679 4082 dextram
1704 4067 1722 4091 ,
1763 4024 2103 4083 maledictum

522 4126 699 4181 intulit
720 4135 773 4180 et
802 4119 1138 4189 increpuit?
1167 4118 1256 4174 Sic
1282 4133 1422 4172 nunc
1445 4125 1501 4172 et
1532 4131 1630 4171 nos
1657 4114 1911 4172 iaciamus
1932 4155 1945 4180 ,
1978 4115 2102 4170 imi-

526 4227 805 4285 tetnurque
832 4214 1112 4268 Dominum
1145 4219 1428 4275 nostrum;
1459 4218 1510 4263 et
1538 4211 1581 4263 si
1607 4207 1733 4278 quid
1774 4209 1826 4263 in
1856 4222 1952 4263 nos
1984 4222 2127 4279 pecs.

524 4317 704 4363 catum
730 4302 910 4366 fuerit,
938 4301 1144 4355 veniam
1171 4300 1383 4367 demus,
1411 4307 1468 4353 et
1494 4298 1825 4352 remittamus
1850 4298 1915 4352 iis
1935 4294 2024 4368 qui
2051 4296 2116 4352 int

528 4412 626 4453 nos
664 4395 1043 4463 deliquerunt:
1072 4389 1291 4461 quando
1332 4397 1510 4444 autem
1541 4388 1593 4442 in
1626 4386 1792 4442 Deum
1832 4396 2105 4456 peccatum
2148 4426 2151 4427 ν

528 4490 787 4552 refertur,
830 4493 957 4540 tunc
998 4497 1185 4554 pmuas
1227 4482 1519 4553 exigamus.
1564 4478 1673 4535 Sed
1702 4479 1885 4535 nescio
1910 4478 1999 4549 qui
2028 4477 2104 4542 lit,

534 4591 589 4632 ut
612 4580 790 4633 omnia
831 4590 984 4630 secus
1024 4573 1277 4629 iaciamus
1302 4613 1316 4636 ,
1361 4571 1579 4627 omnino
1622 4580 1836 4641 peccata
1878 4586 1998 4642 qua:
2041 4569 2108 4625 ad

534 4670 699 4724 Deum
727 4665 1026 4735 pertingunt
1047 4704 1063 4729 ,
1091 4662 1255 4718 inulta
1282 4674 1401 4716 esse
1426 4660 1649 4715 sinimus
1677 4677 1691 4714 :
1718 4661 1762 4715 si
1788 4660 1907 4729 quis
1932 4670 2109 4735 autem

534 4774 717 4827 parum
750 4756 872 4824 quiti
913 4755 965 4809 in
1009 4766 1109 4809 nos
1153 4740 1487 4823 peccaverit,
1536 4749 1652 4819 ejus
1692 4766 1879 4820 graves
1925 4766 2110 4807 sumus

531 4850 735 4902 ultores
776 4857 827 4899 et
876 4853 1252 4907 accusatores,
1305 4843 1610 4912 ignorantes
1655 4855 1753 4897 nos
1798 4858 1859 4897 ea
1905 4843 2111 4897 ratione

535 4934 929 4991 misericordem
950 4934 1228 4987 Demittunt
1249 4932 1416 5003 magis
1437 4930 1773 4987 exacerbare.
1798 4931 1947 4999 Quod
1968 4934 2109 4989 enim

535 5043 652 5083 mos
672 5028 741 5081 sit
762 5026 872 5081 Deo
896 5040 1039 5096 saepe
1058 5024 1327 5081 dimittere
1347 5040 1461 5095 qum
1488 5025 1539 5079 in
1566 5039 1623 5078 se
1650 5034 1866 5095 peccata
1895 5024 2108 5095 fuerint,

537 5137 719 5176 verum
749 5134 869 5190 quze
899 5120 951 5173 in
986 5118 1281 5188 proximum
1303 5160 1319 5185 ,
1363 5133 1426 5173 ea
1455 5134 1573 5173 cum
1604 5134 1793 5189 magna
1831 5122 2115 5177 severitate

536 5214 853 5283 exquirere,
887 5210 1010 5265 audi
1055 5210 1264 5263 beatum
1300 5210 1518 5264 Paulum
1560 5211 1825 5266 dicentem
1855 5228 1868 5264 :
1901 5211 1960 5267 Si
2001 5214 2115 5285 quis

542 5318 747 5357 uxorem
772 5298 916 5354 habet
942 5299 1217 5368 inﬁdelem,
1240 5310 1285 5353 et
1311 5300 1410 5368 ipsi
1432 5312 1629 5371 gratum
1654 5301 1806 5370 fuerit
1832 5302 2116 5359 cohabitare

538 5394 636 5457 illi,
670 5407 769 5445 non
805 5391 1024 5445 dimittat
1064 5389 1225 5443 illam.
1256 5389 1323 5444 Et
1363 5391 1407 5445 si
1444 5408 1541 5461 qua
1580 5392 1760 5445 mulier
1788 5393 1931 5447 habet
1956 5395 2113 5448 tirum

541 5486 813 5555 ἱηβιιιιίιοηι,
848 5498 893 5538 et
922 5485 1001 5537 hic
1027 5484 1267 5538 consentit
1298 5484 1519 5538 habitare
1546 5502 1658 5539 cum
1684 5485 1795 5546 illa,
1824 5503 1921 5541 non
1948 5488 2117 5542 dimit-

543 5588 611 5629 ιιιι
640 5576 783 5627 illum
812 5576 901 5644 (l.
924 5574 1041 5629 Cor.
1066 5576 1120 5627 7.
1148 5575 1232 5629 1‘2.
1262 5560 1328 5629 lii
1415 5575 1600 5629 Vidisti
1629 5585 1821 5646 quanta
1848 5578 1915 5631 ibi
1944 5580 2116 5633 ittdul-

540 5665 762 5735 gentia?
792 5666 1010 5720 Etiamsi
1034 5667 1244 5732 gentilis
1275 5666 1449 5730 fuerit,
1478 5667 1683 5721 etiamsi
1716 5668 1963 5733 intidelis,
1996 5685 2117 5738 pro-

544 5757 630 5813 lzet
659 5768 829 5810 autem
858 5757 1299 5812 eoitoltitationcm
1319 5798 1333 5820 ,
1374 5773 1477 5810 non
1509 5757 1753 5827 refugiat.
1790 5757 1855 5815 Et
1886 5759 2111 5816 iterum:

1202 378 1264 436 s.
1300 368 1584 434 luamus
1616 355 2095 427 common!
2130 312 2451 421 metuar.
2472 357 3025 421 'CONSTI‘ANTINOP.

3691 363 3759 422 39

2179 469 2298 534 Etsi
2320 475 2527 547 gentilis
2543 478 2699 548 fuerit
2722 477 2936 546 multa,
2975 477 3073 535 etsi
3095 477 3318 549 inﬁdelis
3337 522 3353 545 ,
3377 480 3581 551 vultque
3602 482 3755 538 eulm-

2176 563 2357 632 bitsre,
2379 565 2488 623 neu
2502 566 2738 638 repellat.
2765 567 2868 635 Qui
2886 568 3006 634 scis,
3029 558 3214 640 inquit,
3237 568 3436 632 mulier,
3460 587 3579 625 nisi
3600 573 3761 628 υὶηηε

2159 656 2437 712 .salsatura
2458 657 2689 713 sit!“
2710 658 2800 728 qui
2824 657 2945 726 scis,
2970 658 3068 728 vir,
3096 660 3220 714 usus
3247 660 3507 715 muliere»
3533 663 3764 718 utrau-

2158 761 2269 802 .m
2291 744 2462 822 ἀμ.
2481 746 2601 804 Ger.
2617 746 2829 819 τίων
2845 747 2979 805 Vide
3000 749 3272 821 quantodo
3286 766 3393 807 non
3412 751 3659 822 prohibet
3683 754 3764 807 in-

2177 836 2397 895 ildelem
2412 838 2725 910 quemp'um
2735 838 2824 894 vel
2838 838 3142 910 quampiam
3164 841 3219 897 in
3236 843 3570 922 conuiberttii
3592 842 3769 915 legem

2178 926 2399 1005 assumi.
2428 928 2577 991 Audi
2595 931 2791 986 ιιαω
2818 930 2988 1000 ipsum
3015 928 3290 988 Christum
3312 934 3581 992 dicentem
3606 935 3769 993 disci-

2166 1017 2361 1088 polis:
2400 1016 2699 1077 Dleo-enin
2724 1022 2902 1088 vobis.
2933 1022 3096 1079 omnis
3139 1023 3231 1096 qui
3269 1025 3519 1083 dimiserit
3556 1044 3771 1086 mrem

2176 1103 2355 1177 ruant,
2380 1122 2601 1194 excepta
2617 1128 2777 1170 causa
2796 1114 3167 1187 (fornicationis,
3196 1116 3318 1187 facit
3345 1116 3492 1175 illaut
3526 1121 3774 1177 mutuari

2181 1198 2204 1274 (
2228 1201 2414 1259 Ruth.
2441 1204 2499 1261 ὅ.
2528 1203 2601 1263 32
2622 1205 2664 1277 ).
2684 1200 2898 1277 ingens
2926 1207 3259 1279 benignitas!
3289 1210 3513 1268 Etiamsi
3540 1211 3774 1269 inﬁdelis

2184 1291 2365 1362 fuerit,
2397 1294 2482 1351 vel
2510 1296 2723 1379 gentilis
2743 1336 2763 1364 ,
2793 1296 2844 1352 'si
2869 1300 3236 1368 consenserit,
3281 1302 3454 1359 retine
3481 1319 3498 1358 :
3521 1303 3566 1359 si
3591 1315 3775 1361 autem

2185 1386 2237 1443 in
2265 1396 2318 1444 te
2343 1389 2675 1459 peccaverit,
2700 1396 2756 1445 et
2790 1383 3066 1462 pactorum
3099 1392 3480 1462 obliviscatur,
3512 1396 3775 1453 aliorum-

2186 1494 2290 1551 que
2318 1480 2610 1551 pmtuierit
2633 1478 2961 1538 consortium
2981 1525 2999 1550 ,
3037 1483 3162 1542 licet
3206 1486 3298 1541 tibi
3330 1487 3473 1542 illam
3497 1488 3697 1560 ejicere
3720 1502 3772 1544 et

2188 1568 2472 1640 repellere.
2502 1568 2627 1627 lima
2652 1572 2978 1643 cogitantes,
3008 1574 3321 1633 suadeamus
3346 1578 3508 1638 etiam
3548 1580 3782 1636 Dootino

2186 1673 2409 1736 propter
2449 1665 2586 1721 hanc
2614 1665 2667 1722 iu
2697 1652 2811 1723 nos
2848 1666 3271 1725 benevolentiam
3302 1656 3503 1738 pariter
3530 1669 3783 1730 referre:

2186 1764 2242 1810 et
2266 1754 2406 1812 sicut
2430 1754 2549 1835 ipse
2570 1757 2684 1812 vult
2704 1754 2976 1814 dimittere
2998 1750 3063 1815 ea
3086 1774 3206 1831 qua:
3226 1762 3285 1815 in
3308 1775 3367 1816 se
3391 1773 3605 1831 peccata
3629 1771 3779 1826 sunt.
3844 1800 3852 1805 -

2188 1860 2306 1916 quze
2332 1856 2508 1904 autem
2535 1846 2587 1901 iu
2617 1862 2737 1917 nos,
2760 1849 3049 1912 ulciscitur,
3077 1849 3233 1922 idque
3258 1866 3447 1922 magna
3472 1853 3780 1919 severitate.

2188 1930 2379 1994 eodem
2406 1953 2537 1995 sane
2576 1940 2739 1997 modo
2778 1950 2834 1997 et
2877 1942 2977 2011 ipsi
3016 1940 3272 1998 faciamus
3299 1960 3314 1998 :
3341 1959 3688 2017 qtuecumque
3723 1945 3782 2002 iu

2192 2042 2293 2083 nos
2322 2032 2544 2097 peccant
2573 2030 2799 2101 proximi
2840 2033 3177 2088 remittamus
3195 2075 3210 2097 ,
3239 2048 3357 2104 qua:
3386 2044 3563 2089 autem
3592 2046 3780 2091 contra

2195 2119 2387 2185 Deum,
2415 2134 2477 2176 es
2505 2135 2696 2191 magno
2718 2118 2901 2178 studio
2921 2137 3171 2195 curemus
3192 2124 3394 2181 ulcisci.
3427 2126 3578 2192 Quod
3606 2136 3657 2182 et
3685 2144 3783 2183 no-

2192 2211 2275 2267 bis
2320 2212 2550 2279 proderit
2580 2211 2864 2281 plurimum
2888 2255 2907 2281 ,
2936 2223 2989 2270 et
3030 2230 3127 2273 eos
3164 2217 3252 2287 qui
3295 2220 3634 2289 corriguntur
3672 2235 3785 2275 non

2195 2314 2380 2371 parum
2424 2302 2646 2371 juvabit.
2680 2303 2947 2362 Fortassis
2990 2305 3148 2362 hodie
3192 2308 3447 2377 prolixius
3473 2310 3616 2377 justo
3658 2326 3784 2380 pro-

2193 2392 2412 2449 oemium
2444 2392 2686 2448 ierimus.
2733 2395 2838 2451 Sed
2866 2396 2993 2466 quid
3034 2398 3232 2468 agam?
3271 2399 3383 2455 lloe
3422 2411 3616 2469 prtetcr
3659 2417 3789 2458 scn-

2196 2484 2570 2539 tentiamemibi
2600 2485 2850 2555 contigit,
2881 2486 3166 2543 verborum
3198 2487 3342 2543 ﬂuxu
3373 2502 3544 2561 rapto.

2268 2570 2446 2627 Pam:
2480 2591 2513 2627 a
2548 2573 2655 2629 Deo
2697 2575 2859 2629 illam
2893 2574 3176 2632 clementia
3211 2581 3514 2649 conjunctae.
3538 2612 3611 2623 —-
3636 2581 3786 2650 Quo-

2196 2663 2340 2717 niam
2372 2674 2549 2719 autem
2576 2667 2751 2721 omnis
2775 2682 2955 2723 sermo
2982 2677 3165 2725 noster
3188 2669 3255 2725 de
3281 2671 3482 2727 diluvio
3507 2682 3617 2739 est,
3651 2690 3789 2742 opus

2197 2754 2351 2809 nobis
2390 2765 2508 2810 erat
2545 2756 2753 2811 earitati
2800 2765 2991 2813 vestrm
3018 2760 3340 2826 estettdere,
3389 2776 3575 2832 pmnas
3604 2780 3635 2817 a
3678 2764 3791 2822 Deo

2199 2846 2356 2901 nobis
2386 2846 2559 2901 illatas
2587 2847 2968 2905 misericordia:
2998 2850 3165 2919 magis
3190 2866 3310 2906 esse
3328 2893 3344 2917 ,
3386 2868 3543 2924 quam
3571 2870 3748 2925 plena:
3773 2875 3788 2910 :

2197 2936 2275 2991 sic
2314 2951 2533 3007 quoque
2577 2946 2696 3013 erat
2741 2946 2797 2994 et
2836 2938 3115 2995 diluvium.
3165 2940 3299 2997 Nam
3346 2944 3478 2999 sicut
3526 2945 3792 3019 benignus

2196 3039 2319 3096 erga
2348 3025 2485 3083 ﬁlios
2510 3035 2694 3099 pater,
2726 3030 2903 3085 omnia
2943 3031 3013 3086 ob
3055 3046 3238 3087 curam
3271 3035 3321 3088 in
3347 3049 3521 3105 genus
3547 3050 3791 3097 nostrum

2201 3114 2344 3171 facit.
2375 3117 2443 3173 Ut
2468 3127 2643 3174 autem
2674 3136 2738 3175 ex
2767 3119 2832 3175 iis
2855 3162 2870 3187 ,
2914 3137 3036 3191 qua:
3064 3138 3206 3180 nunc
3237 3129 3505 3195 propesita
3532 3141 3587 3184 et
3632 3130 3796 3189 hodie

2202 3207 2337 3263 lecta
2365 3207 2578 3263 discatis
2608 3210 2948 3281 benignitatis
2973 3213 3120 3270 illius
3138 3217 3579 3286 magnitudinem,
3608 3222 3795 3276 audia-

2203 3313 2322 3353 tnus
2366 3299 2478 3368 ipsa
2525 3300 2717 3354 divina:
2761 3300 3051 3373 Scriptura:
3098 3307 3280 3361 verba.
3330 3306 3464 3363 Nam
3506 3310 3629 3380 quia
3675 3312 3793 3369 beri

2202 3388 2385 3445 docuit
2418 3406 2514 3447 nos
2550 3392 2739 3448 beatus
2762 3393 2937 3451 Moses
2960 3438 2975 3463 ,
3008 3397 3226 3465 dicens,
3272 3399 3515 3457 Emltata
3541 3415 3615 3459 est
3658 3422 3796 3476 aqu

2201 3497 2357 3553 super
2386 3492 2570 3537 terram
2595 3484 2773 3541 diebus
2797 3494 2995 3541 centum
3018 3490 3382 3560 quinquaginta
3409 3493 3576 3563 (Gen.
3604 3494 3657 3548 'l.
3685 3495 3792 3569 Ἡ)

2203 3570 2225 3641 (
2239 3581 2294 3627 et
2320 3587 2386 3627 eo
2412 3587 2578 3643 usque
2604 3575 2850 3631 docendo
2879 3579 3295 3650 processimus),
3326 3582 3483 3639 hodie
3504 3586 3574 3637 ait
3603 3601 3621 3641 :
3654 3587 3701 3640 i.
3729 3583 3796 3641 Et

2203 3664 2498 3720 recordatus
2524 3676 2598 3720 est
2625 3665 2768 3723 Deus
2789 3668 2907 3725 Noe
2928 3712 2944 3738 ,
2971 3681 3016 3725 et
3049 3673 3276 3727 omnium
3317 3678 3562 3745 ferarum,
3606 3689 3655 3733 et
3679 3694 3794 3734 om-

2205 3756 2343 3809 nium
2372 3758 2744 3828 jumentorum,
2786 3769 2831 3815 et
2871 3762 3097 3817 omnium
3135 3766 3415 3820 volatilium
3439 3810 3454 3835 ,
3486 3778 3534 3823 et
3570 3775 3798 3828 omnium

2207 3847 2463 3915 reptilium
2484 3890 2500 3912 ,
2526 3865 2853 3919 qua-cumque
2872 3862 3152 3908 eretricum
3178 3857 3266 3911 illo
3290 3859 3343 3911 in
3369 3876 3491 3912 arca
3518 3858 3671 3929 (Gen.
3697 3862 3778 3937 8).

2278 3937 2331 3991 '5.
2375 3937 2507 3995 Vide
2550 3940 2635 3996 hic
2671 3942 2862 3996 iterum
2888 3984 2902 4008 ,
2943 3959 3101 4014 quam
3142 3960 3201 4001 se
3240 3957 3558 4019 attempetet
3594 3964 3799 4010 nostra:

2210 4025 2500 4081 inﬁrmitati
2526 4029 2704 4085 divina
2733 4032 3024 4104 Scriptura.
3061 4034 3124 4089 Et
3150 4038 3446 4094 recordatus
3474 4052 3568 4106 est,
3604 4043 3797 4115 inquit,

2211 4118 2370 4175 Deus.
2397 4121 2754 4188 Dilectissitni,
2782 4125 3138 4197 intelligamus
3163 4127 3278 4185 inec
3304 4141 3360 4185 ut
3383 4132 3600 4201 dignum
3628 4148 3705 4189 est
3730 4138 3800 4192 de

2211 4209 2664 4283 Deciateiligere,
2690 4228 2753 4268 ac
2779 4230 2846 4269 ne
2872 4216 3163 4272 secundum
3190 4228 3393 4275 natura:
3422 4232 3621 4279 nostra:
3648 4224 3802 4281 inﬁr-

2212 4303 2452 4359 mitatem
2484 4301 2601 4358 haec
2640 4319 2818 4359 crassa
2858 4305 3018 4363 verba
3061 4307 3445 4378 intelligamus.
3467 4312 3601 4368 Nam
3625 4329 3804 4385 quan.

2210 4401 2323 4449 tum
2352 4392 2419 4450 ad
2449 4392 2775 4461 iueﬂ‘abilern
2805 4396 2947 4451 illam
2974 4406 3217 4455 naturam
3256 4402 3445 4459 attinet
3467 4442 3485 4470 ,
3524 4405 3803 4478 indignum

2215 4484 2402 4541 luisset
2428 4486 2529 4543 huc
2553 4486 2781 4543 verbum
2805 4505 2821 4542 :
2851 4496 3105 4558 quantum
3133 4500 3309 4547 autem
3335 4492 3402 4547 ad
3427 4504 3667 4552 nostram
3701 4500 3812 4555 im-

2216 4575 2591 4643 beeiliitatem,
2634 4578 2875 4648 apposite
2918 4587 3001 4634 est
3060 4579 3287 4637 dictum.
3334 4582 3646 4643 Recordatus
3692 4600 3805 4660 est,

2216 4665 2419 4736 inquit,
2464 4664 2607 4722 Deus
2645 4666 2780 4721 Noe.
2829 4667 3092 4737 Quoniam
3123 4675 3355 4728 narravit
3398 4676 3555 4733 nobis
3595 4679 3647 4733 in
3691 4680 3809 4751 jatu

2216 4757 2395 4824 dictis,
2438 4758 2573 4813 sicut
2614 4758 2761 4829 prius
2801 4762 3009 4815 caritati
3048 4772 3238 4818 vestra:
3276 4765 3524 4835 diximus,
3573 4771 3808 4842 quadra-

2216 4848 2359 4917 ginta
2381 4846 2567 4903 diebus
2587 4858 2643 4904 et
2661 4848 2879 4905 totidem
2902 4852 3146 4907 noctibus
3164 4852 3328 4911 fuisse
3350 4858 3598 4927 pluviam,
3616 4874 3671 4917 et
3690 4863 3813 4920 die-

2220 4937 2319 4993 bus
2349 4948 2566 4997 centum
2601 4941 2976 5022 quinquaginta
3012 4943 3255 5000 ramdem
3286 4950 3554 5011 mansisse
3586 4967 3806 5021 aquam.

2219 5030 2522 5100 quindecim
2568 5030 2762 5087 cubitis
2804 5048 2966 5104 super
2992 5043 3204 5091 montes
3239 5037 3549 5105 exaltatum,
3589 5051 3642 5095 et
3684 5058 3808 5099 omn

2223 5119 2337 5176 ltzec
2367 5121 2586 5186 tierent,
2625 5122 2827 5192 justum
2868 5123 3134 5181 resedisse
3159 5127 3209 5180 in
3237 5142 3361 5183 arca
3381 5169 3397 5195 ,
3430 5143 3600 5200 neque
3625 5148 3810 5191 aerem

2222 5212 2427 5281 spirare
2452 5212 2739 5278 valentem,
2768 5211 3236 5288 itabitanlibusque
3260 5233 3378 5273 cum
3406 5234 3471 5275 eo
3496 5220 3666 5277 brutis
3694 5227 3812 5279 uni-

2225 5304 2412 5372 versis,
2442 5304 2640 5361 idcirco
2706 5306 2915 5377 inquit,
2950 5300 3016 5361 Ei
3042 5312 3333 5365 recordatus
3374 5322 3448 5365 est
3489 5311 3629 5369 Deus
3670 5316 3809 5373 Noe.

2222 5394 2360 5463 Quid
2385 5405 2485 5462 est,
2520 5396 2839 5452 Recordatus
2880 5408 2951 5454 est
2974 5399 2999 5451 ?
3037 5400 3281 5467 Miserius
3318 5412 3418 5465 Cal,
3453 5406 3651 5473 inquit,
3678 5408 3809 5475 justi

2226 5488 2279 5541 iu
2306 5500 2425 5540 arca
2454 5488 2658 5555 agentis
2688 5506 2701 5541 :
2734 5490 2984 5544 misertus
3010 5501 3091 5543 est
3133 5490 3249 5556 ejus
3292 5492 3343 5544 in
3385 5500 3527 5547 tanta
3566 5497 3805 5564 angustia

2227 5588 2279 5632 et
2310 5594 2486 5633 rerum
2515 5578 2827 5635 difficultate
2863 5582 3134 5636 constituti
3161 5622 3175 5646 ,
3222 5583 3615 5654 ignorantisqne
3645 5605 3805 5657 quan-

2230 5669 2423 5724 donam
2456 5670 2710 5725 molestia:
2737 5671 2842 5726 illa:
2884 5672 3043 5727 linem
3092 5672 3349 5729 habitura:
3387 5690 3585 5730 essent.
3620 5679 3803 5734 Consi-

2229 5761 2351 5815 dera
2383 5760 2495 5815 hic.
2524 5776 2706 5832 quaeso
2726 5804 2738 5825 ,
2770 5765 2953 5841 quales
2984 5772 3106 5819 tunc
3156 5765 3273 5819 llius
3311 5767 3497 5820 ruerint
3536 5770 3781 5839 rogitatit'
