4070 6414
291 351 397 410 233

286 469 391 531 τὰς
423 464 834 538 τεσσαράκοντα
863 462 1084 532 νύκτας,
1131 461 1198 527 ἃς
1223 466 1257 535 ή
1285 463 1393 517 τῶν
1426 463 1633 519 ὑδάτων
1661 466 1804 538 φορὰ
1838 484 1968 520 κατ-

289 549 537 625 εφόρετο,
579 550 727 624 δρῶν
751 548 845 607 ἐπὶ
889 549 1085 605 ἐκατὸν
1132 550 1474 621 πεντήκοντα
1501 551 1716 625 ἡμέρας
1743 553 1837 606 ἐπὶ
1876 551 1969 605 τοῦ

288 637 457 694 αὑτοῦ
488 639 690 712 μέτρου
708 637 780 692 τὰ
800 627 968 692 ὕδατα
995 635 1245 709 μένοντα,
1269 636 1364 691 zeal
1388 634 1511 691 οὐδὲ
1539 638 1675 702 ὅλως
1696 638 1931 710 λήγοντα
1951 652 1966 670 ⁸

291 726 387 779 zeal
403 725 468 779 τὸ
493 725 559 799 δή
590 723 989 797 χαλεπώτερον,
1015 724 1097 777 δτι
1124 722 1247 778 οὑδὲ
1276 724 1461 788 αὑτοῖς
1489 723 1791 795 ὀφθαλμοῖς
1824 719 1969 794 εἶχεν

292 811 425 866 ίδεῖν
448 812 519 867 τά
545 810 910 885 γεγενημένα,
940 810 1058 865 ἀλλ’
1096 809 1568 882 ἐγκεκλεισμένος,
1603 810 1699 863 zeal
1726 810 1788 863 οὐ
1817 810 1971 865 δυνά-

294 898 455 970 μενός
479 900 645 953 ποθεν
669 900 735 969 τῇ
775 897 895 968 δψει
930 896 1226 952 ὑποϐαλεῖν
1269 896 1339 951 τά
1377 896 1743 967 κατειληφότα
1783 896 1966 962 δεινὰ,

294 986 517 1056 μείζονα
536 985 634 1057 τὴν
660 984 854 1057 ὀδύνην
878 983 1139 1056 ὑπέμενε,
1164 983 1258 1037 καὶ
1286 982 1562 1055 βαρύτερα
1588 983 1712 1039 καθ’
1732 983 1971 1057 ἑκάστην

291 1072 525 1142 ἁνελογίν
556 1089 655 1127 -το,
704 1070 851 1141 Ἐγὼ
882 1071 941 1124 δέ
986 1072 1079 1124 καὶ
1124 1067 1390 1141 θαυμάζω
1427 1070 1547 1135 πῶς
1574 1070 1679 1125 ὑπὸ
1704 1072 1805 1143 τῆς
1837 1071 1969 1126 ἀθυ-

295 1158 425 1229 μίας
447 1157 618 1228 αὑτῆς
654 1159 715 1211 οὑ
758 1157 1053 1228 κατεπόθη,
1084 1158 1163 1221 εἰς
1191 1155 1396 1211 ἐννοιαν
1420 1158 1712 1230 ἐρχόμενος
1741 1159 1836 1213 zeal
1863 1160 1964 1230 τῆς

292 1244 568 1309 ἀπωλείας
590 1245 685 1299 τοῦ
713 1246 820 1299 τῶν
846 1244 1146 1316 ἀνθρώπων
1180 1245 1392 1314 γένους,
1425 1246 1519 1300 καὶ
1550 1246 1649 1317 τῆς
1681 1246 1969 1318 μονώσεως

291 1332 390 1403 τῆς
406 1332 634 1397 οίκείας,
681 1331 777 1386 καὶ
812 1332 915 1401 τῆς
947 1331 1193 1403 χαλεπῆς
1234 1331 1452 1403 ἐκείνης
1482 1333 1780 1403 διαγωγῆς.
1829 1333 1969 1387 Ἀλλ’

290 1419 326 1488 ή
357 1418 506 1471 αἰτία
538 1419 757 1490 πάντων
780 1417 930 1489 αὐτῷ
961 1418 1069 1473 τῶν
1098 1418 1375 1491 ἀγαθῶνή
1407 1420 1587 1485 πίστις
1619 1416 1743 1493 ῆνή
1776 1422 1857 1484 είς
1878 1422 1969 1475 τὸν

294 1504 449 1571 Θεὸν,
475 1504 544 1558 δι’
575 1506 642 1576 ήν
675 1505 771 1559 zeal
793 1506 1006 1577 ἀντεῖχε
1026 1508 1121 1561 zeal
1152 1508 1332 1562 πάντα
1358 1506 1621 1575 γενναίως
1647 1507 1809 1580 ἐφερε
1826 1551 1842 1575 ,
1874 1508 1969 1562 zeal
2007 1548 2012 1553 .

291 1591 360 1660 τῇ
401 1587 579 1642 ἐλπίδι
623 1590 956 1661 τρεφόμενος
994 1589 1205 1653 οὐδενὸς
1248 1589 1517 1661 ἐπήσθετο
1545 1591 1654 1646 τῶν
1686 1591 1964 1664 λυπηρῶν.

303 1676 457 1731 Ἐπεὶ
492 1674 586 1731 οὖν
617 1678 687 1731 τά
726 1678 858 1747 παρ’
884 1676 1076 1730 ἐαυτοῦ
1106 1676 1375 1749 παρέσχε,
1416 1678 1510 1737 zeal
1550 1678 1658 1751 τὴν·
1691 1679 1969 1752 ὑπομονήν

294 1763 630 1831 ἐπεδείξατο,
652 1765 745 1818 καὶ
770 1763 968 1837 δαψιλῆ
989 1763 1087 1836 τήν
1109 1763 1293 1818 πίστιν
1313 1766 1622 1836 είσήνεγκε,
1648 1765 1852 1837 πολλὴν
1870 1767 1969 1838 τὴν

292 1852 590 1926 καρτερίαν
616 1851 1058 1923 ἐπιδειξάμενος,
1090 1851 1281 1907 σκόπει
1315 1851 1410 1907 τοῦ
1450 1852 1659 1922 ἀγαθοῦ
1695 1851 1837 1907 Θεοῦ
1869 1854 1971 1927 τήν

293 1938 495 2010 πολλὴν
516 1938 646 2011 περὶ
676 1938 840 1993 αὑτὸν
862 1937 1054 2008 φιλανθ
1063 1938 1297 2009 ρωπίαν.
1328 1938 1439 1995 Kal
1458 1938 1757 2009 ἐμνήσθη,
1782 1940 1968 2011 φησὶν,

292 2028 328 2083 ό
352 2025 499 2092 Θεὸς
521 2024 630 2080 τσῦ
663 2024 813 2080 Νῶε.
847 2024 960 2095 Οὑχ
988 2024 1175 2089 ἁπλῶς
1203 2020 1347 2091 εἶπε,
1380 2027 1494 2081 Kal
1517 2027 1792 2098 ἐμνήσθη
1813 2045 1826 2059 ·
1855 2028 1971 2084 ἀλλ’

296 2111 485 2185 ἐπειδὴ
534 2111 881 2183 προλαϐοῦσα
926 2112 961 2184 ή
1014 2110 1137 2167 θεία
1169 2112 1360 2185 Γραφὴ
1392 2114 1493 2191 τὴν
1537 2116 1844 2187 μαρτυρίαν
1874 2115 1971 2187 τὴν

297 2200 446 2273 παρὰ
473 2197 569 2254 τοῦ
612 2197 762 2255 Θεοῦ
803 2197 969 2270 δήλην
1005 2199 1139 2269 ἡμῖν
1169 2199 1395 2271 ἐποίησε
1434 2202 1561 2272 περὶ
1593 2204 1688 2255 τοῦ
1723 2202 1968 2267 δικαίου,

292 2288 563 2358 λέγοντος,
602 2287 861 2342 Εἵσελθε
889 2288 976 2353 είς
1008 2286 1122 2355 τὴν
1144 2286 1415 2355 κιϐωτὸν,
1454 2287 1545 2343 δτι
1589 2304 1664 2344 σε
1687 2286 1853 2345 εἶδον
1878 2289 1968 2346 δί-

289 2394 464 2432 καιον
490 2376 563 2431 ἐν
600 2374 677 2446 τῇ
719 2374 896 2445 γενεᾷ
935 2376 1124 2445 ταύτῃ
1146 2417 1163 2443 ,
1204 2375 1294 2431 διὰ
1320 2377 1480 2432 τοῦτο
1509 2379 1605 2441 νῦν
1648 2397 1819 2452 φησι·
1854 2380 1970 2436 Kal

288 2462 562 2534 ἐμνήσθη
590 2467 623 2519 ό
650 2464 797 2530 Θεὸς
818 2462 929 2533 τοῦ
958 2462 1107 2530 Νῶε,
1147 2461 1291 2517 τοῦτ’
1322 2464 1458 2530 εστι,
1494 2465 1593 2536 τῆς
1624 2469 1967 2542 μαρτυρίας,

289 2552 358 2623 ην
387 2552 515 2621 περὶ
547 2549 711 2607 αὑτοῦ
754 2550 1067 2620 ἐποιήσατο,
1099 2549 1435 2622 ἀνεμνήσθη,
1470 2552 1565 2604 καὶ
1594 2553 1657 2606 οὑ
1697 2554 1971 2625 περιεῖδεν

288 2639 386 2694 ἐπὶ
415 2638 548 2692 πολὺ
578 2636 670 2691 τὸν
719 2637 966 2703 δίκαιον,
1014 2636 1150 2691 ἀλλὰ
1185 2636 1350 2709 μέχρι
1387 2638 1647 2693 τοσούτου
1696 2642 1972 2712 μακροθυ-

292 2730 503 2800 μήσας,
529 2724 723 2797 μέχρις
758 2726 848 2779 ὅτε
877 2726 1149 2796 ἀντισχεῖν
1191 2724 1457 2796 ἠδύνατο,
1498 2728 1618 2782 τότε
1647 2727 1832 2785 λοιπὸν
1872 2731 1972 2801 τὴν

290 2816 424 2884 παρ’
455 2812 652 2867 ἐαυτοῦ
691 2812 949 2883 δωρεῖται
978 2811 1159 2883 χάριν.
1192 2812 1363 2876 Εἰδὼς
1395 2812 1504 2886 γάρ
1542 2814 1700 2886 ήμῶν
1728 2816 1829 2887 τῆς
1867 2817 1971 2891 φύ-

230 2944 240 2950 .
289 2916 431 2963 σεως
453 2900 554 2971 τὴν
575 2898 884 2963 ἀσθένειαν,
914 2899 1133 2952 ἐπειδάν
1159 2900 1490 2973 συγχωρήσῃ
1521 2903 1824 2973 πειρασμόν
1851 2921 1972 2958 τινα

288 2986 649 3058 ἐπενεχθῆναι
671 3024 685 3049 ,
732 2986 895 3057 μέχρι
944 2984 1201 3042 τοσούτου
1240 2985 1466 3058 ἀφίησι,
1508 2987 1704 3059 μέχρις
1742 2989 1832 3042 ὅτε
1863 2986 1973 3045 οἶδε

287 3074 648 3172 δυναμένους.
682 3074 1006 3172 ὑπενεγκεῖν
1029 3115 1044 3141 ,
1097 3073 1186 3127 ἵνα
1231 3073 1327 3127 zeal
1356 3074 1490 3145 ἡμῖν
1533 3074 1634 3146 τῆς
1675 3077 1974 3149 καρτερίας

289 3160 571 3233 ἀρκοῦσαν
597 3161 698 3234 τήν
723 3160 957 3233 ἀμοιϐὴν
987 3160 1303 3233 χαρίσηται,
1325 3162 1421 3215 zeal
1440 3161 1539 3233 τὴν
1562 3163 1763 3217 οἰκείαν
1786 3164 1975 3235 φιλανη

289 3249 539 3321 θρωπίαν
581 3248 949 3319 ἐπιδείξηται·
985 3247 1241 3321 καθάπερ
1283 3248 1380 3304 zeal
1420 3250 1635 3315 Παῦλος
1673 3270 1841 3325 φησι·
1872 3255 1975 3307 Πι-

288 3337 438 3402 στὸς
462 3335 532 3390 δὲ
551 3339 585 3391 ό
609 3335 778 3402 Θεὸς,
800 3335 869 3403 ὃς
893 3338 1006 3391 οὐκ
1023 3334 1190 3390 ἐάσει
1218 3334 1375 3405 ὑμᾶς
1399 3338 1795 3408 πειρασθῆναι
1818 3339 1973 3409 ὑπὲρ

290 3424 324 3479 δ
350 3422 635 3488 δύνασθε,
661 3424 823 3479 ἀλλὰ
846 3424 1089 3494 ποιήσει
1120 3423 1245 3479 σὺν
1267 3423 1349 3490 τῷ
1384 3425 1692 3495 πειρασμῷ
1725 3429 1827 3481 zeal
1857 3429 1972 3496 τὴν

288 3512 575 3578 ἔκϐασιν,
611 3510 718 3565 τοῦ
748 3510 1047 3567 δύνασθαι
1087 3510 1245 3582 ὑμᾶς
1270 3513 1644 3587 ὑπενεγκεῖν.
1692 3514 1845 3568 Ἐπεὶ
1876 3512 1971 3570 οὖν

294 3603 389 3656 zeal
429 3604 457 3656 ό
488 3600 697 3665 δίκαιος
738 3593 897 3665 οὗτος
936 3602 1037 3672 τήν
1092 3601 1391 3673 καρτερίαν
1426 3592 1520 3655 zeal
1546 3602 1644 3673 τὴν
1694 3602 1974 3675 ὑπομονὴν

293 3688 641 3755 ἐπεδείξατο,
675 3688 855 3742 πίστει
889 3690 954 3760 τῇ
1003 3689 1083 3751 είς
1119 3688 1210 3741 τὸν
1250 3687 1385 3741 Θεὸν
1425 3687 1521 3757 τὴν
1556 3688 1617 3741 ἐν
1653 3691 1719 3759 τῇ
1753 3689 1975 3761 κιϐωτῷ

292 3778 506 3847 οἴκησιν
545 3776 946 3847 ἀνασχόμενος,
993 3774 1147 3847 [248]
1186 3774 1295 3828 Kal
1331 3774 1643 3844 ἐμνήσθη,
1695 3778 1897 3847 φησὶν,
1940 3783 1975 3835 ό

296 3864 441 3930 Θεὸς
470 3863 577 3918 τοῦ
602 3861 749 3917 Νῶε.
780 3859 913 3915 Εἶτα
944 3862 1033 3915 ἵνα
1060 3862 1238 3933 μάθῃς
1262 3860 1423 3915 αὑτοῦ
1447 3862 1545 3932 τῆς
1566 3862 1973 3936 φιλανθρωπίας

291 3953 392 4023 τὴν
456 3951 713 4015 ἄϐυσσον,
746 3949 1092 4022 προσέθηκεν
1122 3951 1154 4020 ή
1199 3948 1321 4002 θεία
1348 3949 1570 4020 Γραφή·
1594 3950 1704 4004 Kal
1731 3950 1975 4006 πάντων

293 4037 412 4093 τῶν
441 4037 680 4106 θηριων,
716 4038 813 4092 καί
848 4037 1089 4092 πάντων
1134 4036 1254 4091 τῶν
1286 4036 1554 4105 κτηνῶν,
1595 4038 1692 4093 zeal
1731 4038 1974 4094 πάντων

293 4123 415 4179 τῶν
465 4120 785 4188 πετεινῶν,
834 4123 933 4176 καί
970 4122 1215 4201 πάντων
1258 4121 1379 4178 τῶν
1410 4122 1677 4193 ἑρπετῶν
1700 4164 1716 4191 ,
1749 4124 1867 4180 ὅσα
1894 4122 1973 4197 ἦν

288 4211 415 4283 μετ’
445 4209 632 4265 αὐτοῦ
669 4209 742 4263 ὲν
771 4208 846 4277 τῇ
876 4207 1120 4275 κιϐωτῷ.

366 4298 510 4368 Ὅρα
556 4297 675 4360 πῶς
721 4295 940 4350 ἀπαντα
974 4294 1063 4349 διὰ
1090 4294 1190 4366 τήν
1232 4296 1313 4360 είς
1354 4295 1447 4350 τὸν
1490 4296 1779 4367 ἄνθρωπον
1807 4297 1973 4369 τιμὴν

294 4385 605 4454 ἐργάζεται.
635 4382 905 4455 Καθάπερ
932 4383 1042 4453 γάρ
1072 4384 1166 4436 ἐπὶ
1204 4383 1315 4435 τῶν
1356 4382 1713 4437 ἀπολωλότων
1744 4384 1850 4439 ὑπὸ
1876 4384 1973 4438 τοῦ

294 4470 681 4542 κατακλυσμοῦ
712 4470 809 4525 ἀνθ
820 4471 1039 4542 ρώπων,
1074 4471 1192 4542 μετ’
1215 4470 1439 4525 ἐκείνων
1464 4471 1561 4525 zeal
1588 4471 1687 4543 τὴν
1708 4470 1820 4527 τῶν
1847 4472 1974 4527 άλό-

294 4576 409 4628 γων
440 4557 594 4624 ζώων
633 4557 796 4629 φύσιν
824 4559 1044 4613 ἃπασαν
1069 4556 1396 4629 διέφθειρεν,
1429 4556 1574 4612 οὑτω
1602 4560 1695 4613 καὶ
1740 4560 1976 4615 ἐνταῦθα

297 4650 508 4719 μέλλων
547 4647 648 4720 τὴν
685 4648 896 4702 οίκείαν
940 4647 1353 4718 φιλανθρωπίαν
1402 4647 1808 4703 ἐπιδείκνυσθαι
1847 4650 1976 4721 περὶ

293 4728 389 4783 τὸν
423 4729 649 4795 δίκαιον,
686 4728 776 4783 διὰ
806 4728 905 4800 τὴν
940 4729 1021 4792 είς
1042 4728 1202 4781 αὑτὸν
1227 4728 1425 4800 τιμὴν,
1459 4730 1554 4783 καὶ
1585 4730 1714 4800 περὶ
1739 4730 1839 4802 τὴν
1869 4731 1977 4787 τῶν

292 4815 507 4885 ἀλόγων
538 4815 720 4885 φύσιν,
754 4817 849 4870 καὶ
880 4817 949 4869 τά
982 4816 1149 4888 θηρία
1188 4817 1287 4871 zeal
1313 4816 1383 4871 τά
1412 4817 1639 4872 πετεινά
1667 4818 1761 4872 zeal
1785 4818 1855 4873 τά
1883 4820 1978 4893 ἐρ-

296 4902 442 4957 πετά
492 4903 723 4957 ἐκτείνει
765 4902 931 4957 αὑτοῦ
981 4903 1081 4974 τὴν
1135 4904 1470 4976 ἀγαθότητα.
1516 4906 1626 4961 Kal
1676 4906 1978 4978 ἐμνήσθη,

295 4989 484 5060 φησὶν,
524 4991 556 5044 ό
584 4989 729 5057 Θεὸς
760 4990 866 5045 τοῦ
900 4990 1048 5055 Νῶε,
1077 4991 1177 5045 καί
1202 4992 1447 5047 πάντων
1470 4992 1590 5048 τῶν
1614 4996 1855 5063 θηρίων,
1879 4996 1978 5051 zeal

300 5076 546 5131 πάντων
568 5075 687 5130 τῶν
711 5076 969 5146 κτηνῶν,
1004 5079 1101 5132 zeal
1137 5076 1257 5133 τῶν
1298 5079 1583 5148 ἑρπετῶν,
1618 5082 1718 5137 zeal
1757 5082 1875 5137 ὅσα
1901 5079 1981 5153 ἦν

297 5165 425 5236 μετ’
462 5164 651 5221 αὐτοῦ
700 5164 773 5218 ἐν
821 5164 896 5233 τῇ
939 5164 1183 5231 κιϐωτῷ.
1228 5167 1343 5221 Kal
1402 5167 1705 5239 ἐπήγαγεν
1752 5173 1786 5225 ό
1835 5170 1981 5235 Θεὸς

300 5252 540 5323 πνεῦμα
574 5252 673 5308 ἐπὶ
727 5251 845 5321 τὴν
880 5252 1021 5322 γῆν,
1060 5254 1159 5308 καί
1204 5254 1474 5310 ἐκόπασε
1518 5254 1585 5310 τὸ
1616 5256 1792 5326 ὕδωρ.
1820 5255 1982 5330 Μνη-

302 5339 479 5405 σθεὶς,
510 5340 667 5410 φησι,
701 5336 799 5393 τοῦ
828 5338 955 5393 Νῶε
974 5378 991 5404 ,
1027 5340 1123 5394 καὶ
1150 5340 1259 5395 τῶν
1293 5342 1413 5413 μετ’
1438 5341 1603 5396 αὑτοῦ
1636 5344 1805 5398 δντων
1826 5347 1885 5399 ἐν
1911 5346 1973 5419 τῇ

300 5426 518 5497 κιϐωτῷ
548 5426 880 5499 προσέταξεν
914 5427 1267 5500 ἐπισχεθῆναι
1295 5430 1403 5483 τῶν
1429 5428 1637 5485 ὑδάτων
1660 5431 1760 5504 τήν
1784 5431 1974 5504 φοράν,

302 5516 391 5569 ῖνα
419 5512 562 5568 κατά
597 5514 794 5585 μικρὸν
818 5513 919 5586 τὴν
944 5514 1150 5571 οίκείαν
1179 5516 1518 5589 ἐπιδείξηται
1540 5516 1975 5590 φιλανθρωπίαν,

299 5602 393 5655 zeal
423 5600 610 5654 λοιπὸν
636 5601 728 5655 τὸν
757 5601 965 5656 δίκαιον
988 5603 1326 5660 ἀναπνεῦσαι
1358 5607 1583 5681 ποιήσῃ,
1616 5606 1713 5661 zeal
1748 5608 1845 5677 τῆς
1872 5607 1976 5662 τῶν

298 5686 576 5758 λογισμῶν
609 5686 857 5758 ταραχῆς
881 5688 1265 5762 ἐλευθερώσας
1298 5694 1379 5757 είς
1409 5694 1654 5768 γαλήνην
1692 5695 1853 5750 αὑτὸν
1883 5712 1977 5749 κα-

300 5777 566 5849 ταστήσῃ,
600 5775 967 5847 χαρισάμενος
998 5777 1096 5831 zeal
1126 5777 1222 5834 τοῦ
1246 5779 1425 5851 φωτὸς
1444 5782 1542 5855 τὴν
1567 5782 1864 5837 ἀπόλαυσιν
1885 5782 1978 5837 zeal

301 5860 396 5914 τοῦ
430 5860 591 5933 ἀέρος
622 5861 721 5933 τήν
748 5862 1041 5935 ἀναπνοήν.
1070 5863 1183 5920 Kal
1206 5865 1511 5939 ἐπήγαγεν
1538 5870 1573 5926 ό
1607 5869 1772 5939 Θεὸς,
1804 5869 1938 5943 φησὶ
1958 5908 1976 5937 ο

364 5966 387 5992 ⁸
412 5964 564 6015 Savil.
591 5965 642 6015 in
674 5978 829 6033 marg.
855 5978 885 6017 ε
908 5979 1009 6018 var.
1037 5967 1158 6020 lect.
1194 5970 1419 6034 λέγουσα.

1086 349 1145 405 S.
1184 346 1475 405 JOANNIS
1512 347 2004 407 CIIRYSOSTOMI
2044 351 2369 408 ARCIIIEP.
2408 347 2960 407 CONSTANTINOP.

3646 346 3751 401 231

2073 467 2310 536 πνεῦμα
2335 466 2434 521 ἐπὶ
2460 465 2575 531 τὴν
2607 463 2747 535 γῆν,
2771 464 2867 519 καὶ
2887 462 3156 517 ἐκόπασε
3182 465 3247 519 τὸ
3288 462 3463 531 ὕδωρ.
3495 463 3605 519 Καὶ
3645 463 3759 517 έπ-

2068 556 2503 623 εκαλύφθησαν
2543 554 2604 606 al
2643 551 2828 621 πηγαὶ
2867 550 2976 619 τῆς
3012 550 3291 608 ἀϐύσσου
3326 551 3423 605 καί
3453 552 3509 605 οι
3540 550 3756 618 κατσῤ-

2064 636 2283 704 ίάκται
2334 638 2441 693 τοῦ
2489 636 2773 706 ούρανοῦ.
2834 636 2977 708 Ὀρα
3028 636 3147 701 πῶς
3200 634 3563 709 ἀνθρωπίνως
3621 635 3759 705 ήμῖν

2071 724 2287 780 ἅπαντα
2315 723 2648 793 διαλέγεται.
2695 724 3266 794 Ἐπεκαλύςοθησαν,
3306 723 3434 795 γὰρ,
3476 722 3665 794 φησὶν,
3694 722 3760 775 al

2078 810 2259 882 πηγαί
2282 810 2395 881 τῆς
2410 811 2695 867 ἀϐύσσου
2715 811 2815 865 zeal
2839 815 2893 865 οι
2916 811 3318 880 καταρράκται
3345 812 3451 866 τοῦ
3470 808 3755 879 οὐρανοῦ,

2078 900 2173 954 καί
2208 902 2552 970 συνεσχέθη
2594 900 2626 954 ό
2652 897 2828 964 ὑετὸς
2870 898 2978 953 τοῦ
3022 899 3317 967 ούρανοῦ,
3356 898 3641 970 μονονουχὶ
3663 894 3759 949 λέ-

2079 1004 2245 1056 γουσα
2272 989 2356 1043 ὅτι
2390 988 2534 1055 ἔδοξε
2566 987 2647 1058 τῷ
2674 986 2943 1060 Δεσπότῃ,
2975 985 3071 1040 καὶ
3105 976 3271 1041 πάλιν
3297 987 3390 1039 ἐπὶ
3425 986 3527 1055 τῆς
3548 984 3760 1047 οἰκείας

2068 1074 2263 1146 χώρας
2281 1074 2351 1129 τά
2383 1074 2553 1129 ὕδατα
2583 1074 2790 1146 ἔμεινε,
2811 1074 2906 1128 z'eal
2926 1060 3028 1128 οὑκ
3052 1072 3134 1127 ἐτι
3154 1072 3494 1143 πλεονασμὸς
3514 1071 3757 1139 ἐγένετο,

2077 1162 2215 1216 ἀλλά
2258 1161 2398 1217 κατά
2430 1162 2628 1233 μικρὸν
2657 1160 2841 1231 ἔληγε.
2883 1161 2993 1215 Kal
3032 1158 3307 1215 ἐνεδίδου
3343 1158 3410 1213 τὸ
3446 1158 3606 1227 ὕδωρ
3649 1172 3762 1235 πο·-

2066 1249 2399 1317 ρευόμενον
2421 1239 2538 1301 ago
2570 1246 2681 1316 τῆς
2704 1245 2835 1317 τῆς,
2857 1248 2955 1301 zeal
2979 1246 3314 1316 ἠλαττοῦτο
3336 1246 3404 1299 τὸ
3424 1244 3583 1313 ὕδωρ
3604 1243 3761 1312 μετὰ

2070 1333 2448 1402 πεντήκοντα
2467 1335 2564 1389 zeal
2592 1334 2814 1388 ἑκατὸν
2836 1333 3059 1404 ἡμέρας
3086 1371 3111 1395 ._
3131 1332 3291 1396 Ποῖος
3315 1332 3575 1404 λογισμὸς
3599 1331 3762 1385 τοῦτο

2071 1421 2397 1476 καταλαϐεῖν
2425 1421 2491 1477 ἂν
2506 1420 2761 1493 δυνηθείη
2788 1422 2956 1488 ποτές
2990 1420 3192 1503 Ἔστω,
3225 1420 3255 1473 ό
3284 1418 3439 1482 ὑετὸς
3460 1419 3759 1489 ἐπεσχέθη,

2070 1511 2129 1564 al
2159 1509 2335 1581 πηγαὶ
2358 1509 2539 1563 οὐκέτι
2567 1507 2907 1579 πλεονασμὸν
2929 1506 3286 1579 είργάσαντο,
3321 1508 3418 1561 καὶ
3446 1507 3506 1559 ol
3540 1507 3761 1576 zeata9-

2074 1597 2271 1667 ράκται
2302 1594 2397 1650 τοῦ
2419 1595 2652 1667 ούρανοῦ
2695 1593 3072 1665 ἐπεσχέθησαν
3092 1610 3107 1624 ·
3143 1592 3206 1646 τὸ
3239 1591 3386 1664 ὕδωρ
3413 1592 3475 1646 τὸ
3502 1589 3763 1645 τοσοῦτον

2073 1683 2191 1746 πῶς
2219 1681 2412 1753 Ξληξες
2442 1682 2627 1737 Πάντα
2651 1681 2887 1744 ἄϐυσσος
2911 1676 3000 1752 ἦν.
3028 1679 3153 1744 Πῶς
3173 1675 3267 1734 οὖν
3302 1680 3337 1750 ή
3368 1677 3607 1748 τοσαύτη
3646 1676 3762 1730 τῶν

2074 1770 2283 1825 ὑδάτων
2328 1768 2474 1841 ῥύμη
2530 1768 2727 1840 ἀθρόον
2773 1767 3014 1822 ἐλάττων
3066 1766 3311 1837 ἐγίνετο;
3358 1765 3459 1829 Τίς
3494 1764 3561 1818 ἂν
3598 1762 3763 1818 τοῦτο

2071 1855 2399 1927 ἀνθρωπίνῳ
2428 1854 2676 1927 λογισμῷ
2704 1855 2884 1928 εὑρεῖν
2906 1852 3163 1925 δυνηθείη
3196 1852 3359 1918 ποτέ;
3391 1851 3457 1904 Τί
3485 1847 3577 1904 οῦν
3609 1849 3763 1903 εστιν
3822 1844 3825 1847 ’

2072 1944 2280 2030 είπεῖν;
2314 1944 2387 1997 Τὸ
2417 1942 2512 1997 τοῦ
2542 1942 2679 1997 Θεοῦ
2708 1941 3041 2013 πρόσταγμα
3078 1935 3168 2013 ἦν,
3205 1938 3267 1993 τὸ
3295 1935 3661 2011 ἐργαζόμενον
3687 1937 3761 1990 τά

2073 2031 2272 2085 πάντα.

2141 2118 2201 2171 δ’.
2226 2118 2317 2189 Μὴ
2334 2118 2513 2172 τοίνυν
2526 2118 2689 2189 ήμεῖς
2704 2114 3198 2189 περιεργαζώμεθα
3212 2114 3274 2168 τὸ
3296 2113 3432 2178 πῶς,
3447 2112 3585 2168 ἀλλά
3597 2112 3761 2166 τοῦτο

2075 2204 2235 2275 μόνον
2268 2204 2634 2275 πιστεύωμεν,
2667 2205 2750 2258 δτι
2784 2204 3041 2258 ἐκέλευσε
3072 2203 3167 2257 καὶ
3196 2200 3386 2273 ὑψώθη
3416 2203 3451 2272 ή
3482 2200 3721 2264 ἄϐυσσος
3740 2214 3758 2231 ⁶

2072 2291 2395 2362 προσέταξε,
2443 2293 2538 2345 zeal
2587 2291 2753 2345 πάλιν
2787 2291 2886 2362 τὴν
2929 2288 3140 2343 οἰκείαν
3178 2288 3379 2357 ἐπέσχε
3418 2285 3624 2359 φορὰν,
3658 2284 3761 2337 zeal

2072 2376 2211 2450 πρὸς
2252 2378 2343 2433 τὸν
2383 2380 2581 2432 οἰκεῖον
2622 2378 2786 2431 τόπον
2833 2374 3287 2447 ὑπανεχώρησεν,
3325 2373 3386 2427 δν
3435 2372 3600 2435 αὑτὸς
3647 2365 3758 2424 οἶδε

2076 2466 2239 2535 μόνος
2274 2466 2303 2518 ό
2335 2463 2747 2535 δημιουργήσας
2793 2462 2963 2534 αὑτήν
3000 2462 3299 2533 Δεσπότης.
3332 2459 3441 2514 Kal
3471 2458 3720 2512 ἐκάθισε
3741 2496 3757 2518 ,

2073 2552 2259 2623 φησὶν,
2294 2551 2333 2619 ή
2355 2550 2601 2617 κιϐωτὸς
2631 2549 2701 2602 ἐν
2724 2549 2806 2615 τῷ
2837 2548 3068 2619 ἑϐδόμῳ
3080 2547 3265 2618 μηνί,
3297 2548 3518 2616 ἐϐδόμῃ
3548 2544 3648 2599 καί
3678 2545 3762 2598 ει-

2072 2638 2210 2693 κὰδι
2246 2638 2352 2692 τοῦ
2378 2635 2595 2707 μηνὸς,
2622 2635 2721 2689 ἐπὶ
2750 2636 2822 2690 τὰ
2848 2637 2954 2706 ὄρη
2982 2636 3054 2690 τὰ
3094 2633 3355 2704 Ἀραρὰτ.
3403 2635 3474 2688 Τὸ
3503 2631 3573 2685 δὲ
3599 2630 3763 2701 ὕδωρ

2072 2725 2407 2797 ἠλαττοῦτο
2436 2728 2545 2792 ἕως
2582 2726 2689 2780 τοῦ
2717 2724 2975 2779 δεκάτου
2995 2724 3191 2792 μηνός
3210 2740 3224 2755 ·
3255 2721 3355 2776 zeal
3380 2720 3673 2792 ὤφθησαν
3698 2722 3762 2773 al

2074 2815 2331 2885 κεφαλαί
2374 2815 2494 2869 τῶν
2522 2815 2709 2882 ὀρέων
2748 2813 2819 2866 έν
2853 2809 2933 2877 τῷ
2965 2809 3195 2875 δεκάτῳ
3218 2807 3402 2879 μηνί,
3446 2804 3523 2875 τῇ
3554 2804 3762 2877 πρώτη

2072 2904 2181 2959 τοῦ
2212 2903 2427 2973 μηνός.
2475 2902 2677 2956 Σκόπει
2718 2898 2837 2963 πῶς
2869 2898 2898 2940 δ
2932 2898 3128 2971 ἀθρόον
3160 2898 3194 2968 ή
3224 2894 3497 2968 μεταϐολὴ
3529 2894 3724 2963 γέγονε
3745 2934 3761 2959 ,

2072 2991 2167 3045 zeal
2198 2991 2363 3044 πόσον
2407 2988 2595 3059 ἔληξεν
2630 2990 2663 3059 ή
2702 2986 2812 3042 τῶν
2843 2985 3052 3039 ὑδάτων
3085 2983 3283 3053 φύσις,
3326 2982 3401 3047 ώς
3434 2980 3531 3035 ἐπὶ
3556 2980 3626 3034 τά
3656 2979 3764 3051 δρη

2058 3076 2170 3148 ’τὴν
2216 3076 2453 3149 κιϐωτὸν
2494 3074 2735 3129 καθίσαι.
2792 3070 3077 3142 Ἀνωτέρω
3120 3070 3231 3141 γὰρ
3262 3067 3412 3141 [249]
3454 3065 3691 3121 εἰποῦσα
3726 3066 3763 3137 ή

2075 3164 2287 3237 Γραφὴ,
2308 3165 2392 3217 ὄτι
2419 3163 2553 3217 δέκα
2590 3162 2750 3215 πέντε
2782 3161 2979 3231 πήχεις
3010 3158 3197 3211 ἐπάνω
3224 3155 3333 3209 τῶν
3360 3155 3534 3226 ὁρέων
3570 3151 3763 3224 ὑψώθη

2072 3254 2135 3307 τὸ
2160 3252 2324 3324 ὕδωρ,
2355 3248 2450 3304 νῦν
2482 3266 2646 3320 φησιν
2665 3288 2679 3312 ,
2707 3248 2789 3301 ὅτι
2816 3246 3071 3300 ἐκάθισεν
3099 3245 3134 3314 ή
3161 3242 3395 3306 κιϐωτὸς
3430 3244 3523 3295 ἐπὶ
3552 3240 3622 3294 τά
3654 3241 3767 3312 ὅρη

2072 3341 2142 3395 τὰ
2179 3339 2442 3410 Ἀραράτ,
2466 3337 2559 3390 zeal
2585 3335 2727 3389 κατά
2750 3334 2945 3407 μικρὸν
2977 3332 3166 3386 λοιπὸν
3203 3330 3366 3403 μέχρι
3394 3329 3490 3384 τοῦ
3531 3328 3765 3383 δεκάτου

2076 3427 2246 3499 μηνὸς
2277 3424 2595 3496 ἠλαττοῦτο,
2625 3424 2721 3477 καὶ
2747 3422 2869 3475 τότε
2897 3420 2975 3493 τῷ
3004 3421 3220 3490 δεκάτῳ
3256 3417 3387 3491 μηνὶ
3411 3416 3677 3487 ὤφθησαν
3704 3417 3765 3470 al

2072 3514 2309 3584 κεφαλαὶ
2329 3512 2438 3567 τῶν
2460 3512 2655 3581 ὀρέων.
2689 3510 2891 3563 Ἐννόει
2916 3526 3007 3580 μοι
3026 3508 3122 3563 τοῦ
3142 3506 3353 3561 δικαίου
3373 3504 3473 3576 τήν
3489 3503 3763 3569 εὐτονίαν,

2073 3605 2191 3667 πῶς
2222 3602 2511 3673 διήρκεσεν
2543 3602 2602 3653 ἐν
2630 3598 2905 3661 τοσούτοις
2932 3596 3066 3668 μησὶ
3099 3595 3350 3664 καθάπερ
3371 3595 3431 3648 ἐν
3460 3596 3638 3663 σκότῳ
3669 3609 3769 3645 κα-

2073 3685 2549 3755 τακεκλεισμένος.
2579 3681 2691 3736 Καὶ
2724 3679 2987 3750 ἐγένετο,
3020 3680 3176 3750 φησὶ,
3211 3678 3366 3748 μετὰ
3397 3678 3505 3743 τὰς
3532 3692 3765 3730 τεσσα-

2066 3768 2337 3835 ράκοντα
2372 3766 2621 3835 ἡμέρας,
2672 3763 2772 3817 zeal
2808 3761 3039 3827 ἀνέῳξε
3084 3759 3216 3817 Νῶε
3254 3759 3373 3829 τὴν
3409 3758 3623 3829 θυρίδα
3652 3757 3767 3827 τῆς

2076 3850 2327 3905 κιϐωτοῦ
2350 3889 2364 3914 ,
2407 3848 2488 3917 ἣν
2536 3847 2789 3913 ἐποίησε
2810 3884 2827 3912 ,
2866 3846 2964 3899 zeal
3011 3842 3336 3899 ἀπέστειλε
3374 3843 3484 3896 τὸν
3530 3842 3767 3910 κόρακα

2076 3933 2245 3997 ίδεῖν,
2280 3934 2335 3986 εί
2367 3930 2669 3985 κεκόπακε
2698 3928 2765 3982 τὸ
2798 3928 2981 3996 ὕδωρ.
3017 3928 3164 3998 ὐρα
3189 3927 3282 3981 τὸν
3317 3926 3525 3993 δίκαιον
3546 3925 3765 3979 οὐδέπω

2072 4013 2360 4086 τολμῶντα
2404 4009 2771 4066 κατοπτεῦσαι
2815 4010 2884 4062 δι’
2936 4008 3170 4073 ἐαυτοῦ,
3230 4008 3367 4063 ἀλλά
3412 4009 3505 4062 τὸν
3548 4008 3765 4078 κόρακα

2075 4096 2385 4160 ἀπέστειλε,
2413 4094 2479 4148 δι’
2513 4092 2724 4147 ἐκείνου
2768 4090 2963 4163 μαθεῖν
3000 4090 3349 4163 βουλόμενος,
3394 4090 3449 4144 ετ
3481 4107 3603 4142 τινα
3647 4091 3763 4143 ἐστι

2077 4180 2444 4252 προσδοκῆσαι
2474 4178 2721 4248 χρηστήν
2750 4175 3085 4247 μεταϐολήν
3116 4174 3228 4231 Kal
3258 4173 3547 4239 ἐξελθὼν,
3574 4171 3765 4242 φησιν,

2076 4268 2189 4319 οὐκ
2223 4262 2617 4329 ἀνέστρεψεν,
2647 4259 2759 4325 ἓως
2798 4258 2905 4312 τοῦ
2935 4257 3310 4327 ξηρανθῆναι
3348 4255 3415 4312 τὸ
3449 4256 3608 4324 ὕδωρ
3641 4255 3764 4309 ἀπὸ

2077 4346 2188 4415 τῆς
2216 4345 2348 4417 τῆς.
2378 4344 2492 4397 Οὐκ
2518 4341 2707 4413 ἐπειδὴ
2742 4340 2884 4414 μετά
2910 4340 3087 4394 τιῦτα
3117 4339 3440 4412 ἀνέστρεψε,
3468 4340 3548 4405 τὸ,
3583 4340 3762 4405 Ἕως.

2077 4430 2415 4502 προσέθηκεν
2445 4430 2479 4499 ή
2513 4426 2633 4481 θεία
2659 4426 2850 4498 Γραφή
2873 4442 2888 4456 ·
2923 4424 3043 4478 ἀλλ’
3078 4423 3280 4495 ίδίωμα
3312 4421 3476 4477 τοῦτό
3513 4424 3630 4475 ἐστι
3662 4424 3766 4492 τῆς

2077 4515 2229 4578 θείας
2251 4512 2491 4585 Γραφῆς.
2542 4511 2653 4563 Kal
2698 4508 2970 4581 πολλαχοῦ
3012 4508 3079 4562 ἄν
3100 4525 3185 4573 τις
3241 4505 3389 4577 εῦροι
3430 4503 3637 4575 ταύτην
3667 4505 3767 4576 τὴν

2079 4598 2363 4668 συνήθειαν
2382 4638 2399 4663 ,
2425 4596 2520 4648 zeal
2550 4594 2678 4663 ἐνῆν
2706 4592 2881 4645 πολλά
2910 4591 3137 4646 τοιαῦτα
3171 4591 3348 4663 εὑρεῖν
3377 4589 3473 4643 καὶ
3502 4603 3767 4658 παραγα-

2077 4684 2193 4751 γεῖν
2215 4682 2293 4743 είς
2322 4680 2516 4751 μέσον·
2545 4677 2662 4731 ἀλλ’
2690 4677 2777 4731 ἵνα
2804 4676 2879 4747 μὴ
2910 4675 3091 4729 πάντα
3119 4674 3250 4745 παρ’
3280 4672 3438 4745 ήμῶν
3471 4670 3769 4744 μανθάνον-

2076 4782 2169 4829 τες
2196 4762 2561 4835 ῥᾳθυμότεροι
2595 4758 2841 4829 γίνησθε.
2877 4758 3008 4829 ὑμῖν
3041 4756 3525 4828 καταλιμπάνομεν
3552 4753 3767 4823 διερευ-

2078 4848 2272 4904 νᾶσθαι
2294 4848 2393 4918 τὴν
2422 4845 2668 4917 Γραφὴν,
2709 4844 2803 4897 καὶ
2830 4844 3012 4914 εὑρεῖν
3051 4841 3186 4895 ὅπου
3224 4844 3334 4904 τοῖς
3365 4839 3620 4910 ίδιώμασι
3646 4838 3769 4890 τού-

2078 4950 2192 4996 τοις
2210 4931 2498 5001 κέχρηται.
2520 4929 2669 4990 Τέως
2687 4926 2745 4979 δέ
2761 4928 2909 4997 ἡμᾶς
2930 4926 3231 4993 ἀναγκαῖον
3254 4925 3420 4975 εἰπεῖν
3441 4920 3537 4992 τήν
3558 4918 3764 4986 αἰτίαν,

2077 5014 2143 5068 δι’
2175 5016 2243 5085 ἥν
2271 5014 2373 5065 οὑκ
2410 5009 2713 5081 ἀνέστρεψε
2758 5008 2818 5061 τὸ
2865 5008 3076 5081 δρνεον.
3130 5006 3290 5070 ἰσως
3330 5003 3610 5075 ληξάντων
3652 5003 3767 5056 τῶν

2082 5097 2290 5151 ὑδάτων
2334 5093 2647 5163 ἀκάθαρτον
2689 5090 2749 5145 δν
2777 5090 2839 5144 τὸ
2878 5092 3086 5163 ὄρνεον,
3114 5089 3209 5142 zeal
3249 5087 3496 5159 σώμασιν
3537 5087 3767 5157 ἐντυχὸν

2077 5182 2191 5243 τοῖς
2224 5195 2286 5231 τε
2312 5174 2697 5247 ἀνθρωπίνοις,
2722 5176 2835 5238 τοῖς
2871 5191 2931 5228 τε
2960 5173 3070 5227 τῶν
3102 5171 3335 5240 ἀλόγων,
3364 5170 3461 5225 zeal
3503 5170 3604 5241 τὴν
3628 5187 3767 5223 κατ-

2082 5259 2314 5331 άλληλον
2356 5258 2518 5330 εὑρὸν
2558 5255 2737 5327 ἐαυτῷ
2786 5256 3024 5327 τροφὴν,
3062 5256 3452 5326 ἐναπέμεινεν·
3484 5254 3623 5324 ὅπερ
3665 5256 3765 5306 καὶ

2082 5343 2299 5399 αὑτὸοὺ
2338 5341 2535 5413 μικρὸν
2569 5341 2779 5409 ἐγίνετο
2814 5340 2892 5411 τῷ
2915 5340 3113 5411 δικαίῳ
3140 5340 3439 5411 τεκμήριον
3473 5338 3575 5408 τῆς
3624 5354 3766 5410 χρη-

2083 5426 2215 5497 στῆς
2241 5426 2475 5487 ἐλπίδος.
2499 5425 2562 5477 Εἰ
2578 5424 2686 5495 γὰρ
2706 5421 2781 5493 μὴ
2807 5423 2965 5476 τοῦτο
2984 5417 3074 5493 ῆν,
3102 5423 3237 5493 μηδέ
3257 5416 3385 5492 εὗρε
3409 5423 3611 5492 μικράν
3638 5438 3766 5475 τινα

2086 5509 2463 5581 παραμυθίαν,
2497 5507 2838 5579 ὑπέστρεψεν
2870 5506 2955 5561 ἀν.
2990 5506 3101 5560 Kal
3128 5506 3211 5559 ὃτι
3249 5503 3405 5558 τοῦτό
3444 5505 3591 5556 ἐστιν
3637 5503 3769 5575 ἀλη-

2086 5592 2177 5657 θὲς
2197 5634 2213 5661 ,
2243 5592 2496 5647 ἐντεῦθεν
2532 5591 2718 5645 λοιπὸν
2751 5590 2851 5662 τὴν
2880 5589 3125 5662 χρηστὴν
3154 5587 3480 5659 προσδοκίαν
3512 5584 3767 5656 ἐσχηκὼς

2085 5678 2113 5732 ὑ
2145 5676 2353 5742 δίκαιος
2379 5676 2659 5747 ἐκπέμπει
2693 5674 2790 5746 τὴν
2820 5672 3179 5746 περιστερὰν,
3208 5671 3393 5741 δρνεον
3418 5670 3628 5741 ἥμερον
3670 5670 3768 5724 καὶ

2088 5761 2473 5835 φιλοσύνηθες,
2499 5761 2593 5815 zeal
2623 5760 2824 5832 πολλὴν
2852 5756 3271 5830 εὐγνωμοσύνην
3297 5753 3765 5825 ἐπιδεικνύμενον,

2087 5846 2181 5903 zeal
2212 5847 2315 5901 οὑκ
2355 5845 2679 5915 ἀνεχόμενον
2725 5842 2910 5916 ἔτερόν
2959 5854 3011 5901 τί
3065 5840 3328 5896 σιτεῖσθαι
3365 5838 3400 5911 ἢ
3436 5836 3763 5910 σπέρματαο

2157 5983 2183 6024 ιι
2212 5982 2348 6033 l'nus
2370 5979 2536 6027 σκόπει
2558 5978 2701 6034 πόση.
