4070 6394
278 342 377 401 23$

280 472 377 508 nos
432 463 551 522 post
597 449 941 521 quadraginta
1000 444 1115 501 dies
1162 455 1214 500 ct
1261 445 1609 515 quadraginta
1669 457 1880 509 noctes,

281 545 478 615 quibus
509 544 707 613 impetu
733 555 925 609 magno
952 537 1143 607 pluvia:
1168 534 1505 605 ingruebant,
1529 549 1650 589 cum
1678 537 1883 593 videret

281 634 474 689 diebus
502 641 716 688 centum
747 626 1127 699 quinquaginta
1158 626 1208 678 in
1240 623 1428 679 eadem
1456 625 1737 679 altitudine
1772 641 1886 678 ma-

284 740 411 779 nere
438 739 634 792 aquas,
666 736 841 790 neque
868 719 1088 773 omnino
1117 718 1377 772 desistere
1406 734 1419 770 :
1453 726 1506 770 et
1543 716 1684 786 quod
1719 716 1885 771 multo

283 817 522 886 gravius,
547 828 722 885 neque
748 813 919 866 oeulis
941 811 1123 865 videre
1145 809 1314 879 potuit
1342 823 1403 864 ea
1426 824 1543 878 qua:
1576 810 1708 863 facta
1736 818 1881 876 sunt,

280 906 375 960 sed
406 905 665 967 inclusus,
691 918 813 957 cum
846 918 950 956 non
981 909 1164 971 posset
1192 916 1443 971 umquam
1473 902 1645 955 oculis
1670 902 1880 971 assequi

279 1006 481 1063 quanta
524 1003 705 1049 essent
752 992 928 1057 mala,
975 991 1232 1059 majorem
1272 992 1571 1045 sustinebat
1615 992 1881 1060 dolorem,

282 1088 636 1157 gravioraque
657 1085 896 1156 quotidie
923 1084 1314 1153 suspicabatur.
1351 1083 1466 1152 Ego
1489 1099 1618 1138 vero
1644 1082 1883 1139 admiror

278 1179 553 1248 quomodo
604 1192 713 1246 prta
765 1177 977 1231 tristitia
1025 1190 1129 1229 non
1182 1174 1341 1229 fuerit
1387 1176 1711 1244 absorptus,
1758 1191 1879 1231 cum

283 1280 524 1325 mentem
552 1269 692 1323 illius
722 1268 962 1323 subirent
992 1266 1207 1320 humani
1239 1266 1450 1335 generis
1477 1267 1723 1321 interitus
1742 1308 1757 1333 ,
1787 1281 1880 1320 sua

279 1359 538 1422 solitudo,
567 1366 621 1412 et
656 1356 890 1411 difﬁcilis
917 1357 1003 1410 illa
1028 1357 1155 1409 vita.
1188 1356 1253 1409 At
1275 1370 1434 1409 causa
1461 1356 1726 1409 bonorum
1759 1372 1879 1410 om-

280 1451 429 1505 nium
467 1449 540 1502 illi
577 1448 673 1502 fuit
711 1464 805 1502 sua
839 1447 891 1501 in
920 1447 1085 1500 Deum
1111 1445 1264 1511 ﬁdes,
1292 1461 1387 1515 per
1408 1461 1565 1515 quam
1589 1456 1644 1501 et
1665 1447 1879 1511 restitit,

282 1550 337 1594 et
367 1540 547 1594 omnia
578 1538 784 1594 fortiter
817 1538 935 1591 tulit
965 1553 978 1589 :
1010 1551 1240 1606 cumque
1267 1552 1361 1605 spe
1388 1546 1718 1605 paseeretur,
1753 1537 1882 1591 nihil

278 1631 439 1684 triste
468 1628 748 1684 sentiebat.
778 1627 1041 1695 Quoniam
1070 1627 1231 1697 igitur
1255 1627 1395 1695 quod
1419 1643 1573 1681 suum
1603 1637 1718 1682 erat
1745 1642 1884 1698 prte-

278 1721 449 1785 stitit,
503 1730 609 1772 tam
663 1718 972 1786 patientiam
1022 1716 1404 1785 monstrando,
1454 1733 1613 1787 quam
1660 1719 1881 1772 multam

280 1811 443 1865 Iidem
474 1809 751 1864 afferendo
775 1849 789 1875 ,
818 1822 1028 1862 necnon
1058 1808 1245 1861 miram
1280 1806 1644 1863 fortitudinem
1690 1823 1798 1877 pra:
1824 1823 1883 1864 se

280 1898 537 1960 ferendo;
568 1897 689 1951 vide
717 1906 913 1967 quanta
945 1898 1013 1949 sit
1048 1896 1138 1949 Dei
1167 1911 1292 1965 erga
1340 1898 1511 1966 ipsum
1557 1896 1878 1967 benignitas.

280 1988 349 2041 Et
378 1988 671 2041 recordatus
700 1996 806 2050 est,
848 1987 1015 2056 inquit
1040 2027 1054 2049 ,
1084 1985 1223 2040 Deus
1255 1986 1390 2039 Noe.
1422 1986 1537 2041 Non
1567 1988 1881 2056 simpliciter

281 2087 335 2133 ct
364 2079 572 2145 absque
615 2092 772 2133 causa
806 2079 975 2143 dixit,
1019 2076 1087 2131 Et
1126 2079 1420 2133 recordatus
1448 2089 1520 2133 est
1558 2096 1577 2133 :
1615 2080 1709 2135 sed
1756 2082 1879 2150 quia

275 2170 429 2237 prius
450 2168 625 2222 divina
651 2168 924 2237 Scriptura
947 2168 1317 2224 deelaraverat
1339 2170 1490 2224 nobis
1515 2173 1878 2228 testimonium

276 2258 345 2311 de
372 2257 521 2327 justo
552 2258 658 2323 illo,
688 2257 875 2312 dicens
900 2298 914 2321 ,
948 2256 1222 2327 Ingredere
1249 2260 1302 2311 in
1330 2276 1523 2321 arcam,
1557 2262 1675 2330 quia
1703 2272 1751 2316 te
1778 2263 1881 2316 vidi

274 2350 469 2417 justum
494 2350 548 2402 in
574 2351 895 2420 generatione
924 2350 1020 2403 hac
1048 2350 1197 2416 (Gen.
1223 2352 1274 2405 7.
1306 2352 1391 2422 1),
1424 2364 1711 2423 eaprOpIer
1740 2372 1881 2411 nunc

277 2440 450 2511 inquit
476 2457 490 2494 :
526 2438 591 2493 Et
622 2440 915 2494 recordatus
944 2450 1016 2493 est
1050 2440 1187 2494 Deus
1216 2441 1330 2495 Noe
1352 2483 1365 2507 ,
1416 2444 1518 2498 hoc
1559 2455 1641 2498 est
1665 2486 1678 2509 ,
1725 2448 1879 2501 testi-

276 2532 444 2587 monii
472 2532 613 2601 quod
636 2531 704 2586 de
734 2532 825 2585 illo
849 2532 1217 2601 perhibuerat,
1247 2550 1419 2603 neque
1445 2536 1611 2591 multo
1639 2548 1880 2607 tempore

276 2626 516 2695 neglexit
554 2625 778 2694 justum,
814 2625 906 2678 sed
935 2626 1170 2691 distulit,
1205 2612 1457 2696 quamdiu
1492 2629 1579 2684 ille
1615 2632 1754 2685 ferre
1781 2648 1875 2700 po-

275 2720 399 2781 toit,
431 2726 484 2770 et
529 2725 656 2769 tunc
695 2715 742 2770 ei
782 2730 935 2769 suum
965 2716 1285 2771 beneﬁcium
1325 2728 1378 2773 et
1414 2721 1638 2789 gratiam
1676 2723 1879 2795 impar.

273 2808 403 2861 titus
447 2817 554 2862 est.
602 2806 733 2860 Nam
775 2808 954 2861 sciens
994 2807 1359 2863 inﬁrmitatem
1407 2820 1605 2866 nostra:
1649 2825 1874 2881 naturai,

240 2948 243 2949 ν
272 2897 540 2965 siquando
564 2897 828 2967 permittit
857 2899 1203 2953 tentationem
1229 2900 1436 2968 inferri,
1466 2919 1703 2973 eousque
1728 2909 1876 2976 sinit,

275 3001 558 3056 quousque
586 2988 687 3040 scit
730 3002 828 3042 nos
870 3003 1026 3057 posse
1066 2990 1351 3069 sustinere,
1397 3002 1535 3049 utet
1566 2997 1877 3051 retributio-

274 3083 399 3132 nem
426 3093 546 3147 qua:
571 3088 769 3133 nostra:
792 3090 1052 3149 congruat
1077 3066 1375 3139 fortitudini
1409 3086 1625 3154 tribuat,
1649 3099 1702 3144 et
1725 3107 1874 3146 suam

276 3167 706 3223 misericordiam
764 3168 1002 3225 declaret
1051 3188 1064 3224 :
1116 3174 1255 3226 sicut
1307 3184 1361 3228 et
1414 3176 1610 3231 Paulus
1660 3181 1874 3250 inquit:

278 3257 473 3312 Fidelis
497 3268 669 3312 autem
710 3259 843 3313 Deus
862 3301 876 3325 ,
911 3264 998 3330 qui
1026 3278 1125 3321 non
1164 3264 1292 3317 sinet
1320 3282 1407 3319 vos
1434 3271 1619 3322 tentari
1643 3287 1797 3339 supra
1824 3275 1879 3327 id

273 3350 407 3419 quod
437 3351 646 3419 potestis
673 3352 689 3381 ¹
712 3393 727 3416 ,
759 3352 847 3404 sed
892 3354 1041 3420 faciet
1082 3370 1196 3406 cum
1239 3358 1509 3412 tentatione
1558 3373 1874 3431 proventum,

266 3434 329 3492 ‘ut
357 3439 491 3508 ferre
519 3440 723 3509 possitis
752 3440 769 3511 (
796 3442 844 3494 1.
875 3441 993 3496 Cor.
1025 3444 1114 3499 l0.
1146 3447 1213 3499 15
1234 3446 1273 3516 ).
1304 3448 1564 3513 Quoniam
1599 3454 1757 3522 igitur
1785 3457 1875 3525 ju-

276 3539 391 3581 stus
422 3529 512 3582 ille
560 3528 927 3586 fortitudinem
967 3541 1020 3587 et
1052 3535 1359 3602 patientiam
1408 3555 1515 3608 pra:
1543 3556 1603 3597 se
1650 3546 1873 3613 ferebat,

276 3633 371 3673 sua
402 3619 456 3674 in
484 3620 651 3673 Deum
681 3622 784 3676 ﬁde
809 3639 948 3677 arca:
975 3626 1131 3680 sedes
1158 3636 1211 3681 et
1238 3629 1393 3684 taedia
1424 3634 1718 3702 sustinens,
1749 3654 1876 3707 pro-

276 3720 393 3778 pter
434 3709 539 3764 hoe
582 3712 790 3781 inquit,
823 3712 885 3765 Et
919 3718 1211 3771 recordatus
1241 3729 1315 3773 est
1347 3719 1483 3777 Deus
1508 3723 1640 3779 Noe.
1677 3728 1877 3786 Deinde

278 3811 333 3854 nt
356 3802 535 3856 discas
564 3804 817 3874 abyssum
858 3806 1051 3861 divina:
1094 3810 1475 3869 misericordia:
1500 3857 1514 3882 ,
1548 3816 1753 3872 addidit
1790 3822 1874 3875 di—

280 3892 402 3944 vina
434 3893 708 3961 Scriptura
744 3912 757 3949 :
790 3894 857 3948 Et
899 3899 1123 3951 onmium
1162 3904 1387 3971 ferarum
1408 3945 1424 3970 ,
1457 3915 1505 3959 et
1530 3910 1752 3963 omnium
1783 3914 1876 3981 ju-

275 3992 579 4049 mentorum,
608 3992 655 4037 et
681 3987 905 4039 omnium
933 3989 1230 4058 volatilium,
1263 4003 1310 4046 et
1338 3997 1563 4050 omnium
1593 4002 1871 4070 reptilium,

273 4090 600 4142 quecnntque
625 4088 767 4131 erant
798 4096 911 4133 cum
942 4082 1034 4135 illo
1063 4084 1114 4136 in
1140 4102 1282 4140 arca.

350 4164 536 4218 Omnia
562 4168 613 4220 in
643 4169 887 4223 honorem
919 4174 1137 4227 hominis
1168 4180 1323 4246 facta.
1350 4210 1421 4223 —-
1443 4182 1575 4238 Vide
1605 4190 1875 4255 quomodo

275 4258 455 4311 omnia
508 4258 559 4311 in
610 4258 871 4315 honorem
918 4263 1152 4320 hominis
1200 4268 1345 4323 facit.
1393 4272 1526 4328 Nam
1573 4278 1709 4332 sicut
1750 4298 1872 4337 cum

278 4348 584 4403 hominibus
629 4352 718 4420 qui
779 4353 979 4409 diluvio
1032 4361 1342 4427 perierunt,
1391 4380 1549 4421 omne
1592 4370 1873 4429 hrntorum

275 4441 583 4495 animalium
605 4458 775 4511 genus
816 4447 1067 4515 perdidit,
1114 4451 1183 4503 ita
1228 4452 1312 4507 hic
1341 4470 1489 4510 suam
1518 4475 1642 4530 erga
1669 4463 1873 4531 justum

275 4530 425 4585 illum
471 4533 890 4589 miscricordiam
933 4538 1206 4596 declarare
1239 4545 1461 4613 Volens,
1513 4551 1566 4605 in
1613 4552 1871 4612 honorem

273 4622 411 4691 ejus,
458 4636 610 4676 suam
651 4626 812 4679 etiam
858 4627 1149 4685 bonitatem
1190 4648 1254 4687 ac
1297 4651 1479 4692 curam
1525 4642 1576 4695 in
1622 4644 1771 4699 bruta
1819 4659 1876 4703 et

274 4715 446 4778 feras,
490 4723 548 4769 et
585 4717 816 4771 volatilia
862 4732 912 4774 et
962 4726 1169 4791 reptilia
1218 4743 1387 4797 usque
1426 4737 1641 4789 extendi
1684 4739 1871 4796 Voluit.

279 4804 345 4858 Et
376 4807 670 4860 recordatus
696 4818 790 4876 est,
826 4811 1027 4881 inquit,
1060 4812 1195 4869 Deus
1222 4816 1357 4887 Noe,
1391 4832 1437 4875 et
1475 4829 1700 4881 omnium
1732 4836 1873 4900 fera-

273 4915 422 4963 run,
467 4909 514 4952 et
557 4902 782 4953 omnium
819 4904 1189 4973 jumentorum,
1235 4920 1280 4963 et
1318 4916 1545 4969 onmium
1592 4923 1869 4992 reptilium,

272 5004 601 5057 quacumque
630 5004 771 5046 erant
812 5009 928 5047 cum
975 4997 1066 5050 illo
1110 5000 1161 5051 in
1200 5018 1341 5057 arca.
1391 5003 1459 5059 Et
1488 5010 1705 5066 adduxit
1738 5014 1874 5072 Deus

273 5081 510 5149 spiritum
540 5098 692 5151 super
720 5094 942 5152 terram,
989 5101 1038 5143 et
1080 5097 1292 5147 cessauit
1332 5114 1484 5167 aqua.
1520 5102 1873 5179 Recordatus,

275 5172 469 5240 inquit,
501 5170 634 5237 Noe,
670 5184 723 5228 et
753 5179 992 5234 omnium
1022 5196 1142 5251 qua:
1169 5199 1289 5237 eum
1336 5188 1426 5244 illo
1466 5205 1618 5250 erant
1650 5198 1699 5251 in
1727 5170 1871 5271 arca,

275 5263 532 5332 praecepit
560 5279 710 5333 aqua:
757 5267 1010 5337 impetum
1039 5273 1304 5343 detineri,
1355 5288 1694 5352 utpaulatim
1722 5263 1874 5351 suam

273 5365 726 5412 commOnstraret
749 5358 1163 5432 benignitatem;
1192 5379 1246 5425 et
1270 5383 1452 5441 postea
1475 5377 1677 5446 justum
1705 5390 1878 5457 respi-

275 5458 397 5496 rare
424 5455 659 5509 curaret,
692 5458 752 5503 et
788 5465 814 5501 a
849 5454 1152 5512 turbatione
1183 5462 1564 5531 cogitationum
1597 5454 1874 5534 liberatum

276 5548 330 5586 in
358 5535 650 5603 tranquillo
676 5548 817 5594 statu
843 5546 1217 5616 constitueret,
1245 5560 1503 5613 concesso
1524 5569 1578 5614 et
1616 5562 1749 5623 lucis
1778 5584 1875 5624 usu

354 5702 371 5732 ι
402 5698 554 5749 Savll.
580 5708 631 5750 et
657 5701 960 5773 Morel.,nos
985 5708 1174 5769 (ἡμᾶς),
1201 5716 1273 5769 et,
1299 5726 1557 5774 possumus
1584 5720 1879 5793 (δυνάμεθα).

1278 330 1342 388 IN
1381 331 1533 389 CAP.
1582 328 1712 385 Vlll.
1754 325 2003 383 GENES.
2048 323 2272 380 ΙΙΟΜΙΙ.Δ
2322 325 2511 380 XXVI.

3496 335 3594 392 231

1997 446 2051 491 et
2080 438 2220 491 aeris
2252 438 2626 507 respiratione.
2664 438 2726 492 Et
2753 442 2969 497 adduxit
3015 444 3182 509 Deus,
3218 446 3417 518 inquit,
3448 451 3603 515 spiri—

1996 537 2103 579 tum
2132 545 2286 599 super
2324 539 2531 596 terram,
2580 539 2627 584 et
2657 532 2868 585 cessavit
2912 550 3065 602 aqua.
3093 535 3147 588 2.
3180 534 3247 590 Et
3274 539 3455 593 obtecti
3482 553 3598 594 sunt

1995 623 2159 689 fontes
2189 621 2357 691 abyssi
2402 633 2449 675 et
2492 633 2768 678 cataractce
2802 625 2933 679 cazli.
2978 626 3104 682 Vide
3131 631 3403 699 quomodo
3449 648 3597 687 more

1998 708 2233 763 humano
2274 712 2509 779 loquitur
2549 714 2703 767 nobis
2733 716 2932 769 otntiia.
2968 715 3165 771 Obtecti
3201 729 3355 788 sunt,
3403 721 3594 792 inquit.

1993 803 2157 870 fontes
2188 801 2359 872 abyssi
2383 814 2428 855 et
2456 814 2726 859 cataracta:
2750 808 2882 872 creti,
2926 820 2973 861 et
3000 810 3218 864 cohibita
3247 814 3421 881 pluvia
3447 816 3559 869 εωιὸ
3581 833 3598 869 :

1993 892 2143 960 quasi
2172 892 2413 959 diceret,
2449 895 2712 963 placuisse
2743 898 2969 953 Domino
2998 909 3054 954 ut
3081 902 3271 958 iterum
3303 904 3355 958 in
3385 921 3479 960 sua
3508 924 3593 961 re-

1991 980 2151 1049 gione
2180 993 2465 1037 tnanercnt
2496 1002 2651 1055 aqua:
2674 1026 2690 1053 ,
2724 1003 2898 1057 neque
2925 990 3062 1045 ultra
3093 996 3460 1058 exundarent,
3504 1000 3595 1053 sed

1990 1072 2245 1142 paulatim
2291 1074 2624 1133 desinerent.
2670 1081 2727 1136 '5.
2770 1079 2840 1133 Et
2881 1083 3087 1137 cedebat
3132 1102 3266 1155 aqua
3309 1090 3497 1143 vadens
3536 1098 3597 1145 de

1991 1172 2165 1230 terra,
2209 1175 2256 1218 et
2301 1166 2623 1223 minuebatur
2664 1187 2798 1240 aqua
2839 1183 2951 1243 post
2990 1186 3189 1230 centum
3228 1180 3597 1252 quinquaginta

1992 1254 2118 1309 dies.
2147 1255 2279 1329 Qua:
2305 1259 2440 1312 ratio
2473 1262 2667 1328 poterit
2694 1262 2796 1319 hoc
2823 1282 3072 1335 umquam
3095 1271 3594 1341 comprehendere?

1993 1346 2142 1413 Esto,
2176 1351 2324 1403 stetit
2354 1352 2551 1420 pluvia,
2582 1354 2799 1409 cohibiti
2833 1356 3007 1412 fontes
3034 1376 3139 1415 non
3167 1365 3399 1431 amplius
3427 1381 3591 1421 esum

1994 1436 2222 1501 dabant,
2251 1448 2306 1492 et
2333 1450 2617 1497 cataracta:
2646 1446 2762 1498 caeli
2803 1446 3054 1502 cohibitae
3084 1459 3210 1504 sunt
3238 1469 3250 1503 :
3283 1468 3418 1522 aqua
3450 1465 3594 1511 tanta

2000 1530 2267 1596 quomodo
2289 1530 2490 1586 desiit?
2520 1533 2709 1586 Omnia
2738 1536 2961 1606 abyssus
2990 1550 3163 1594 erant.
3188 1541 3468 1608 Quomodo
3500 1546 3596 1615 igi-

1991 1628 2074 1673 tur
2103 1618 2280 1676 tantus
2324 1638 2581 1692 aquarum
2625 1625 2798 1679 ﬂuxus
2828 1628 3004 1683 subito
3050 1634 3228 1686 minor
3273 1636 3442 1692 factus
3468 1639 3597 1692 est?

1989 1708 2122 1775 Quis
2151 1709 2251 1763 hoc
2282 1711 2513 1766 humana
2548 1716 2756 1770 ratione
2799 1718 3043 1774 invenire
3074 1724 3266 1789 poterit
3298 1729 3595 1797 umquam?

1988 1796 2124 1866 Quid
2159 1801 2321 1869 igitur
2347 1802 2679 1858 dicendum?
2710 1804 2805 1860 Dei
2836 1819 3159 1879 przeceptum
3190 1796 3443 1885 estquod
3472 1816 3594 1873 facit

1987 1891 2188 1944 omnia.

2058 1981 2113 2036 4.
2156 1982 2233 2038 Ne
2278 1983 2441 2053 igitur
2483 2002 2581 2040 nos
2624 1989 2887 2045 curiosius
2926 1993 3275 2065 exploremus
3302 2001 3591 2069 quomodo,

1985 2075 2079 2128 sed
2114 2085 2315 2130 tantum
2346 2077 2670 2146 credamus;
2718 2098 2911 2153 nempe
2949 2084 3145 2155 jussit,
3176 2098 3230 2144 et
3254 2093 3486 2148 exaltata
3514 2106 3594 2150 est

1986 2166 2213 2238 aliyssus
2244 2187 2257 2222 :
2292 2172 2586 2240 praecepit,
2631 2181 2683 2227 et
2713 2174 2905 2229 iterum
2940 2192 3096 2233 suum
3125 2181 3389 2237 continuit
3421 2183 3594 2255 impe-

1986 2266 2134 2323 tum,
2178 2268 2230 2313 et
2260 2260 2324 2312 ad
2360 2262 2633 2330 prOprium
2678 2266 2945 2320 concessit
2994 2268 3191 2332 locum,
3242 2287 3402 2341 queat
3447 2277 3595 2332 solus

1988 2348 2100 2417 ipse
2132 2350 2390 2409 Dominus
2421 2354 2555 2420 scit,
2591 2356 2679 2424 qui
2720 2356 2979 2412 condidit.
3013 2360 3065 2413 4.
3102 2359 3168 2413 Et
3197 2364 3357 2430 sedit,
3402 2366 3593 2437 inquit,

1985 2457 2106 2493 arca
2129 2460 2297 2497 mense
2316 2446 2548 2513 septimo,
2577 2448 2811 2501 vicesima
2835 2452 3047 2520 septima
3070 2455 3253 2509 mensis
3274 2474 3427 2527 suptr
3452 2476 3595 2514 mon-

1984 2540 2058 2587 tes
2100 2533 2301 2587 Ararat.
2347 2537 2401 2590 5.
2431 2537 2577 2607 Aqua
2608 2549 2777 2594 autent
2823 2541 3140 2598 decrescebat
3170 2563 3328 2617 usque
3355 2550 3425 2601 ad
3454 2550 3594 2606 deci-

1985 2640 2122 2676 mum
2162 2641 2381 2679 mensem
2422 2642 2442 2681 :
2482 2639 2527 2681 et
2573 2644 2920 2699 apparuerunt
2964 2638 3227 2691 cacumina
3268 2642 3511 2696 montium
3542 2644 3593 2697 in

1984 2716 2181 2770 decimo
2234 2736 2403 2773 mense
2442 2761 2454 2783 ,
2512 2724 2681 2789 prima
2734 2727 2939 2780 mensis.
2992 2727 3125 2784 Vide
3162 2746 3322 2800 quam
3374 2745 3595 2804 repente

1984 2806 2119 2861 facta
2149 2812 2390 2875 mutatio,
2416 2822 2469 2867 et
2503 2822 2699 2882 quanta
2728 2817 2885 2872 simul
2912 2835 3172 2890 aquarum
3202 2834 3391 2881 natura
3418 2828 3594 2886 desie-

1984 2901 2073 2965 rit,
2114 2910 2171 2955 ut
2198 2917 2357 2971 supra
2388 2914 2601 2960 montes
2629 2922 2754 2961 arca
2788 2911 3067 2967 resideret.
3100 2914 3230 2981 Qua:
3256 2935 3414 2989 supra
3447 2921 3594 2978 dixe-

1985 3004 2065 3047 rat
2097 2993 2373 3063 Scriptura
2394 3038 2409 3061 ,
2444 2999 2750 3067 quindecim
2794 3004 2987 3057 cubitis
3017 3020 3182 3077 super
3209 3019 3417 3067 montes
3445 3016 3593 3070 exal-

1986 3090 2151 3137 tatam
2184 3083 2349 3139 fuisse
2380 3100 2572 3156 aquam
2606 3105 2621 3141 :
2656 3105 2797 3144 nunc
2826 3092 2955 3147 dicit
2986 3095 3193 3151 sedisse
3223 3113 3403 3154 arcam
3433 3119 3595 3173 super

1948 3232 1951 3233 ν
1984 3184 2195 3229 montes
2234 3178 2460 3245 Ararat,
2493 3188 2548 3233 et
2577 3181 2830 3249 paulatim
2866 3195 3051 3253 postea
3093 3202 3286 3259 aquam
3330 3208 3496 3265 uSqne
3526 3198 3594 3252 ad

1984 3263 2255 3320 decimum
2308 3284 2549 3324 mensem
2605 3271 2954 3344 decrevisse,
3010 3290 3065 3332 et
3118 3281 3330 3338 tandem
3380 3286 3595 3344 decimo

1986 3370 2170 3410 mense
2222 3357 2332 3411 visa
2388 3358 2551 3415 fuisse
2604 3366 2882 3419 cacumina
2936 3373 3219 3427 montium.
3273 3376 3592 3448 Considera,

1985 3462 2190 3516 quzeso,
2230 3450 2356 3519 justi
2391 3456 2748 3510 constantiam
2772 3500 2786 3523 ,
2822 3463 3092 3528 quomodo
3123 3466 3316 3523 durare
3362 3475 3595 3539 potuerit

1985 3547 2064 3592 tot
2092 3542 2367 3595 mensibus
2394 3584 2409 3609 ,
2453 3546 2543 3613 qui
2586 3549 2737 3616 quasi
2784 3549 2836 3603 in
2887 3554 3124 3610 tenebris
3170 3572 3285 3613 erat
3334 3562 3589 3620 inclusus.

1982 3629 2035 3682 6.
2070 3630 2137 3703 Et
2164 3634 2355 3700 factum
2384 3646 2475 3699 est,
2510 3637 2698 3706 inquit,
2730 3651 2841 3708 post
2867 3645 3209 3717 quadraginta
3234 3650 3360 3717 dies,
3392 3660 3593 3726 aperuit

1988 3717 2104 3772 Noe
2146 3722 2418 3789 fenestram
2444 3742 2611 3791 arcer,
2656 3746 2808 3790 quant
2836 3737 3058 3802 fecerat,
3092 3748 3138 3791 et
3168 3742 3331 3795 emisit
3363 3761 3590 3813 corvum,

1984 3818 2041 3861 ut
2070 3810 2258 3865 videret
2284 3830 2405 3865 nunt
2433 3830 2675 3872 cessasset
2701 3837 2853 3891 aqua.
2880 3824 3019 3880 Ecce
3040 3827 3217 3897 justus
3246 3833 3330 3886 ille
3355 3839 3589 3894 nondum

1984 3918 2079 3971 per
2111 3919 2168 3959 se
2196 3905 2357 3961 audet
2398 3911 2705 3978 reSpicet-e,
2747 3916 2842 3970 sed
2886 3932 3106 3975 corvum
3146 3923 3341 3994 mittit,
3388 3944 3452 3984 ac
3498 3947 3593 4001 per
3679 3925 3681 3927 ’

1985 3995 2136 4049 illum
2169 3998 2377 4054 discere
2404 4002 2536 4068 vult,
2566 4019 2632 4057 an
2668 4006 2806 4063 bona
2838 4024 3018 4065 rerum
3052 4016 3275 4071 mutatio
3308 3995 3595 4090 aliqua-sit

1983 4090 2363 4157 exspectanda.
2394 4094 2445 4147 7.
2473 4091 2543 4147 Et
2572 4112 2823 4167 egressus,
2854 4100 3047 4171 inquit,
3078 4121 3177 4159 non
3218 4110 3367 4163 rediit
3388 4152 3403 4176 ,
3433 4114 3593 4168 donec

1982 4180 2259 4236 siccaretur
2281 4201 2415 4253 aqua
2439 4203 2471 4239 a
2498 4197 2651 4242 terra.
2680 4191 2892 4258 Adjecit
2919 4196 3195 4272 Scriptura
3218 4206 3436 4259 verbum
3466 4206 3587 4274 hoc,

1982 4269 2179 4339 Donec,
2208 4289 2312 4329 non
2335 4277 2475 4347 quod
2505 4290 2687 4349 postea
2715 4284 2967 4352 redierit;
3000 4269 3095 4345 sed
3123 4292 3317 4348 idioma
3347 4308 3429 4352 est
3450 4269 3593 4356 Scri;

1985 4372 2155 4431 plura:
2185 4365 2399 4420 divina).
2448 4369 2510 4422 Et
2542 4369 2680 4426 hanc
2706 4380 3150 4436 consuetudinem
3180 4398 3323 4456 smpe
3352 4390 3473 4459 quis
3506 4393 3589 4447 iu-

1983 4454 2182 4519 veniet,
2209 4469 2538 4528 possemque
2563 4463 2728 4516 multa
2758 4466 2879 4520 talia
2910 4469 3155 4539 inveniri,
3180 4454 3324 4531 acvin
3355 4454 3590 4539 medium

1982 4545 2161 4599 afferri
2194 4563 2208 4599 :
2236 4548 2329 4602 sed
2372 4565 2441 4604 ne
2478 4554 2656 4607 omnia
2688 4570 2715 4608 a
2748 4558 2905 4612 nobis
2936 4560 3204 4620 discentes
3233 4570 3591 4641 negligentio-

1982 4649 2071 4689 rcs
2098 4637 2359 4704 evadatis,
2394 4642 2544 4696 vobis
2577 4645 2957 4716 relinquimus,
2990 4662 3045 4707 ut
3075 4637 3406 4726 Scriptorum
3434 4680 3588 4719 scru-

1985 4728 2205 4793 temini,
2239 4739 2292 4783 et
2338 4731 2624 4789 inveniatis
2667 4738 2882 4794 ubinam
2916 4748 3332 4813 proprietatibus
3360 4763 3413 4808 et
3453 4757 3590 4812 idio-

1983 4818 2213 4883 matibus
2242 4820 2609 4889 hujuscemodi
2652 4838 2846 4884 utatur.
2876 4832 2993 4888 Jam
3025 4846 3204 4893 autem
3243 4856 3423 4913 Opera:
3465 4865 3591 4916 pre-

1984 4909 2114 4963 tium
2150 4910 2336 4977 fuerit,
2356 4926 2442 4999 ⁸υι
2469 4917 2678 4973 dieatur
2705 4938 2866 4978 causa
2893 4943 3060 4996 quare
3092 4948 3195 4987 non
3226 4909 3448 4994 redierit
3467 4909 3607 4999 hand“

1981 5000 2117 5055 avis.
2148 4988 2417 5060 Fortassis
2443 5009 2559 5063 avis
2586 5011 2696 5077 illa,
2726 5016 2801 5069 uti
2825 5027 2907 5071 est
2930 5019 3223 5089 immunda,
3253 5042 3376 5084 cum
3400 5032 3592 5090 desiis-

1982 5103 2104 5146 sent
2130 5108 2301 5163 aquce,
2330 5098 2515 5154 incidit
2539 5103 2589 5154 in
2612 5106 2875 5163 cadavera
2900 5109 3179 5171 hominum
3206 5128 3261 5174 et
3283 5121 3586 5194 brutorum,

1985 5182 2177 5250 quibus
2198 5226 2213 5248 ,
2253 5186 2473 5244 invento
2511 5192 2613 5247 sibi
2640 5203 2956 5267 congruenti
2986 5204 3109 5261 cibo
3132 5248 3147 5274 ,
3178 5209 3373 5269 insedit
3400 5234 3414 5269 :
3446 5182 3589 5289 quod

1984 5273 2146 5328 etiam
2180 5276 2352 5345 ipsum
2385 5295 2489 5335 non
2515 5298 2738 5352 parvum
2768 5288 2921 5345 bona:
2950 5296 3066 5365 spei
3092 5273 3590 5370 argumentum'fui—t

1985 5364 2151 5434 justo.
2199 5367 2411 5438 Alioqui
2458 5375 2640 5442 enim,
2686 5378 2786 5435 nisi
2834 5388 3255 5448 consolationem
3299 5397 3591 5461 invenisset

1985 5456 2217 5526 aliquam
2242 5499 2257 5523 ,
2298 5475 2512 5519 reversa
2556 5468 2741 5538 utique
2778 5474 2983 5531 fuisset.
3011 5480 3188 5552 Atque
3228 5497 3286 5561 ut
3328 5490 3432 5549 hoc
3471 5456 3591 5553 esse

1984 5560 2174 5649 verum
2222 5551 2397 5621 scias,
2450 5570 2633 5624 postea
2677 5562 2856 5631 justus
2903 5551 3128 5629 meliore
3174 5552 3272 5647 spe
3310 5597 3595 5658 concepta,

1986 5639 2186 5695 emittit
2213 5643 2552 5715 columbam,
2581 5666 2735 5709 avem
2767 5659 2949 5715 mitem
2977 5673 3031 5718 et
3075 5639 3390 5731 familiarem
3417 5721 3432 5740 ,
3473 5639 3590 5749 qua:

1994 5733 2181 5789 miram
2214 5751 2323 5806 pra:
2354 5754 2414 5796 se
2447 5739 2548 5799 fert
2592 5753 3056 5812 mansuetudinem
3083 5800 3098 5825 ,
3143 5771 3197 5820 et
3224 5779 3341 5837 qua:
3367 5733 3593 5823 nonnisi
