4070 6414
495 380 599 434 ἓδῦ

489 487 782 546 seniiuibus
811 485 953 556 pasci
981 484 1154 549 solita,
1178 497 1243 536 ex
1276 478 1420 550 puris
1439 484 1522 532 est
1547 473 1750 530 avibus.
1780 471 1832 528 8.
1854 468 1921 525 Et
1938 469 2064 524 emi.

490 582 587 650 sit,
613 580 818 650 inquit,
855 576 1138 632 columbam
1163 589 1195 627 ιι
1218 587 1308 637 se,
1343 580 1399 624 ut
1433 568 1656 640 uideret,
1683 580 1806 620 num
1829 569 2067 650 cessasset

492 687 631 741 aqua
664 649 699 722 ιι
723 668 853 742 {acie
892 677 1057 722 terra.
1100 662 1156 720 9.
1183 661 1248 716 At
1279 659 1512 715 columba
1538 672 1641 711 non
1678 655 1874 708 iuuenta
1900 649 2071 718 requie

496 761 704 832 pedibus
731 759 860 827 suis,
885 757 1034 812 rediit
1063 756 1131 810 ad
1156 755 1323 825 ipsum
1350 752 1404 806 in
1427 765 1604 805 arcam
1623 789 1638 813 ,
1667 749 1786 820 quia
1810 760 1939 813 aqua
1962 748 2070 797 erat

498 869 650 924 super
677 866 873 906 omnem
897 848 1077 920 faciem
1099 855 1264 900 terra.
1287 843 1387 898 Par
1401 848 1506 906 est,
1522 848 1581 895 ιιι
1605 838 1691 893 hic
1715 836 2069 906 disquiramus

497 941 765 1014 quomodo
788 954 912 996 cum
938 953 1095 1009 supra
1125 934 1318 992 dixerit
1357 931 1631 1002 Scriptura
1669 936 1850 983 sancta
1869 966 1882 989 ,
1913 937 2071 980 cacu-

497 1033 637 1088 mina
678 1031 940 1086 montium
987 1029 1152 1083 inisse
1187 1025 1334 1089 visa,
1377 1037 1518 1077 nunc
1543 1020 1706 1088 dicit,
1747 1015 2068 1078 columbam.

496 1137 600 1175 non
627 1124 841 1174 inventa
867 1117 1073 1189 requie,
1103 1115 1171 1171 ad
1200 1115 1374 1184 ipsum
1397 1111 1452 1168 in
1477 1122 1656 1166 arcam
1682 1106 1923 1173 rediisse,
1949 1104 2075 1177 quia

494 1225 631 1282 aqua
656 1218 775 1266 erat
791 1222 954 1281 super
970 1221 1185 1263 omnem
1207 1203 1393 1260 faciem
1421 1210 1600 1257 terrai.
1629 1200 1916 1272 Diligenter
1933 1197 2075 1266 lcga-

495 1315 616 1355 tnus
642 1299 769 1371 quid
793 1299 866 1354 sit
902 1296 1121 1359 dictum,
1168 1302 1224 1349 et
1264 1293 1497 1352 sciemus
1520 1304 1758 1347 causam.
1789 1287 1904 1344 Non
1930 1287 2073 1343 enim

495 1390 810 1459 simpliciter
837 1387 1004 1456 disit,
1045 1384 1171 1440 Non
1209 1385 1410 1440 iuuenta
1442 1382 1645 1452 requie,
1685 1379 1782 1436 sed
1807 1377 2072 1448 apposuit,

500 1480 718 1536 Pedibus
757 1481 895 1544 suis,
939 1484 998 1534 ut
1036 1477 1229 1532 dvceat
1274 1489 1374 1532 nos
1393 1514 1410 1542 ,
1453 1471 1662 1528 umetsi
1705 1469 1974 1525 desierant
2007 1481 2076 1522 ex

499 1582 646 1642 parte
671 1572 842 1640 aliqua
882 1585 1054 1641 aqua,
1099 1576 1155 1623 et
1196 1565 1468 1622 cacumina
1511 1561 1771 1618 montium
1811 1572 2074 1630 apparue-

500 1647 655 1730 rant,
695 1662 867 1717 adhuc
899 1670 1076 1716 tamen
1103 1657 1174 1713 ob
1206 1653 1583 1711 abundantiam
1627 1665 1884 1723 aquarum
1913 1649 2075 1705 etiam

501 1753 758 1807 montium
783 1749 1060 1805 cacumina
1089 1747 1218 1803 limo
1244 1746 1399 1815 plena
1425 1743 1610 1799 fuisse.
1641 1741 1705 1796 Et
1732 1738 1852 1795 ideo
1874 1739 2078 1793 colum-

498 1842 562 1897 iia
592 1839 825 1902 nondum
843 1847 1040 1905 stare,
1087 1849 1264 1907 neque
1306 1832 1713 1890 convenientem
1754 1829 1857 1884 sibi
1900 1828 2077 1884 cibum

498 1933 736 1988 invenire
765 1931 985 1997 valens,
1025 1936 1239 1985 reversa
1266 1934 1383 1989 est,
1424 1926 1600 1981 reditu
1631 1937 1730 1978 suo
1769 1921 1969 1978 docens
1990 1920 2078 1990 ju-

498 2034 643 2078 stum
663 2062 680 2089 ,
711 2025 831 2076 esse
857 2019 1032 2074 adhuc
1068 2030 1313 2087 magnam
1349 2028 1608 2085 aquarum
1642 2010 1871 2082 copiam.
1903 2007 1969 2063 Et
1993 2025 2083 2064 ea-

508 2122 644 2167 tenta
664 2153 682 2179 ,
711 2109 913 2180 inquit,
943 2123 1096 2163 manu
1120 2108 1312 2175 accepit
1337 2105 1516 2168 illam,
1550 2111 1598 2157 et
1631 2100 1912 2156 introduxit
1939 2097 2080 2153 illam

499 2206 568 2258 ad
591 2221 644 2258 se
671 2204 722 2256 in
750 2197 944 2256 arcani.
970 2199 1159 2255 Vidisti
1187 2205 1379 2267 quanta
1402 2183 1517 2249 avis
1546 2189 1920 2256 mansuetudo,
1949 2203 2082 2258 quo-

489 2293 658 2350 modo
687 2291 902 2357 rediens
937 2291 1139 2360 justum
1168 2285 1394 2352 docuit,
1420 2293 1481 2340 ut
1501 2281 1884 2353 aliquantisper
1908 2279 2082 2335 adhuc

501 2382 954 2454 longanimitatcm
981 2376 1301 2436 exhiberet?
1343 2375 1504 2442 Ideo,
1540 2372 1629 2430 l0.
1680 2370 1750 2426 Et
1784 2387 1900 2426 cunt
1927 2371 2079 2424 susti-

500 2474 710 2537 nuisset,
740 2471 931 2540 inquit,
959 2467 1125 2523 adhuc
1148 2476 1338 2534 septem
1364 2465 1501 2528 dies.
1530 2462 1694 2519 emisit
1715 2460 1998 2516 columbam
2023 2475 2085 2513 ea:

501 2580 642 2618 arca.
669 2565 758 2618 11.
784 2559 850 2616 Ει
869 2574 1068 2631 reuersa
1085 2567 1156 2612 est
1182 2556 1250 2610 ad
1273 2558 1437 2628 ipsum
1463 2551 1696 2608 columba
1717 2552 1786 2604 ad
1807 2564 2081 2621 uesperam,

496 2666 549 2709 'et
579 2654 752 2708 habuit
771 2652 957 2724 {otium
984 2649 1130 2703 oliva:
1156 2646 1412 2702 surculum
1440 2645 1494 2697 in
1528 2658 1615 2698 ore
1641 2657 1756 2697 suo.
1803 2639 1919 2696 Non
1959 2639 2082 2694 abs-

503 2758 606 2816 que
646 2746 887 2810 ratione,
920 2725 1092 2812 neque
1135 2749 1336 2794 temere
1379 2735 1617 2805 adjunait
1639 2775 1654 2800 ,
1684 2732 1766 2788 Ad
1794 2745 2082 2801 uesperam:

500 2838 598 2892 sed
629 2847 687 2891 ut
725 2835 1026 2894 discamus.
1057 2844 1176 2886 eam
1205 2837 1309 2883 tota
1340 2827 1430 2882 die
1457 2834 1658 2901 pastam
1689 2821 1888 2886 fuisse.
1917 2829 1972 2877 et
1999 2823 2084 2874 in.

506 2935 664 2993 \(cnto
688 2924 790 2980 sibi
815 2920 1151 2979 convenienti
1179 2919 1321 2981 cibo,
1351 2915 1419 2972 ad
1450 2928 1728 2985 vesperam
1758 2910 2001 2971 rediisse.
2031 2910 2084 2965 in

502 3035 596 3074 ore
639 3016 897 3073 terentem
941 3011 1216 3068 surculum
1253 3008 1432 3062 olivae.
1481 3005 1610 3060 Tale
1653 3004 1850 3074 quippe
1890 3000 2084 3055 animal

502 3120 587 3164 cst
615 3107 767 3171 mile,
795 3113 851 3160 et
894 3114 1074 3159 nostra
1118 3100 1470 3155 familiaritate
1491 3096 1769 3168 gaudens;
1807 3103 1861 3148 et
1888 3093 2086 3148 idcirco

509 3199 662 3255 rediit
685 3237 703 3264 ,
731 3204 788 3250 et
812 3195 964 3248 oliva:
993 3192 1205 3248 surculo
1235 3189 1459 3244 multum
1489 3187 1662 3242 solatii
1705 3185 1852 3256 justo
1888 3182 2082 3238 attulit.

505 3291 611 3346 Sed
632 3288 826 3344 dixerit
853 3285 1077 3340 fortasse
1099 3281 1324 3351 aliquis:
1351 3279 1418 3336 Et
1440 3280 1654 3333 ubinam
1680 3277 1883 3332 invenit
1906 3275 2087 3330 iulium

503 3378 698 3433 lilii-te?
728 3375 919 3432 Tutum
953 3372 1055 3428 h::e
1094 3370 1289 3426 factum
1330 3378 1412 3424 cst
1450 3366 1850 3437 dispensatione
1887 3365 2083 3429 divina,

501 3481 554 3527 ιι
586 3466 725 3538 quod
755 3463 996 3520 columba
1043 3459 1342 3525 invenerit,
1373 3468 1426 3513 et
1452 3457 1594 3528 quod
1621 3471 1716 3511 ore
1745 3453 2004 3526 receperit
2035 3465 2087 3509 et

505 3560 569 3611 all
595 3559 794 3628 justum
823 3570 1037 3610 reversa
1069 3553 1139 3608 sit
1167 3569 1181 3607 :
1214 3551 1449 3621 alioquin
1477 3559 1531 3604 et
1554 3549 1714 3604 arbor
1739 3548 1855 3603 lucc
1878 3562 2090 3618 semper

510 3650 686 3702 \it'cns
710 3655 815 3710 est,
846 3644 1242 3712 terisitnileque
1267 3652 1371 3705 est,
1405 3649 1681 3711 postquam
1707 3653 1860 3710 aqua:
1885 3653 2092 3708 regres-

508 3755 581 3794 ευ
610 3745 765 3801 sunt,
801 3728 1042 3788 artiorem
1070 3732 1206 3786 banc
1238 3730 1414 3786 adhuc
1440 3729 1690 3785 habuisse
1719 3726 1966 3784 foliorum
1995 3742 2088 3783 σοι

514 3844 674 3882 mum.
709 3825 790 3882 l2.
820 3824 886 3878 Et
913 3835 964 3876 ut
991 3823 1315 3894 exspectavit,
1345 3821 1535 3890 inquit,
1563 3819 1730 3874 adhuc
1755 3829 1943 3890 septem
1963 3819 2091 3873 alios

511 3920 639 3982 dies,
669 3917 834 3972 emisit
854 3914 1134 3969 columbam
1163 3953 1178 3978 ,
1207 3922 1252 3966 et
1280 3929 1378 3966 non
1409 3911 1591 3982 adjecit
1621 3919 1675 3964 ut
1698 3911 1772 3964 ad
1797 3911 1948 3965 illum
1971 3911 2094 3981 red»

512 4012 621 4064 iret.
658 4007 786 4062 Vide
810 4004 1076 4075 quomodo
1107 4007 1276 4071 iustus
1305 4003 1358 4056 in
1388 4002 1638 4057 omnibus
1669 4001 2092 4060 consolationem

515 4096 1046 4164 idoneantaCcipiat.
1079 4093 1212 4148 Nam
1256 4103 1312 4147 ut
1356 4093 1494 4147 bona
1535 4105 1646 4160 spe
1676 4099 1946 4147 recreatus
1985 4101 2090 4158 est,

513 4205 635 4244 cum
681 4188 909 4249 rediret,
951 4193 1005 4239 et
1045 4185 1197 4239 olivae
1243 4182 1425 4237 folium
1478 4182 1532 4236 in
1574 4195 1668 4235 ore
1712 4181 1918 4238 ferret:
1948 4181 2017 4236 ita
2042 4191 2096 4235 et

517 4294 659 4334 nunc
688 4293 808 4332 cum
835 4290 1048 4345 egressa
1080 4292 1183 4329 non
1212 4273 1381 4338 redit,
1411 4273 1697 4326 maximum
1729 4272 1803 4325 illi
1843 4270 2093 4327 indicium

518 4371 633 4434 fuit,
674 4383 791 4423 cam
834 4365 1181 4419 sufﬁcientem
1231 4363 1496 4417 invenisse
1540 4360 2000 4427 retiicillationcm,
2040 4370 2096 4416 et

515 4475 677 4528 aquas
707 4458 757 4510 in
786 4458 1088 4509 universum
1119 4443 1359 4506 desiisse.
1395 4451 1459 4512 Et
1485 4453 1585 4505 hoc
1613 4450 1682 4505 ita
1709 4465 1850 4515 esse,
1880 4451 2003 4505 audi
2028 4432 2100 4506 ex.

518 4566 577 4605 se
598 4548 877 4619 mentibus.
915 4546 1002 4600 15.
1033 4543 1094 4597 Et
1123 4544 1310 4611 factum
1337 4551 1439 4606 est,
1473 4542 1670 4610 inquit,
1697 4541 1748 4594 ia
1780 4558 1879 4595 uno
1901 4549 1953 4604 et
1976 4557 2095 4595 sea:-

518 4641 783 4695 teutesimo
808 4654 942 4692 anno
967 4642 1083 4690 uitta
1119 4634 1262 4697 Noe,
1293 4635 1454 4705 primo
1493 4649 1660 4688 mense
1695 4634 1876 4702 defecit
1901 4648 2037 4702 aqua
2065 4649 2098 4687 a

521 4731 649 4801 {acie
688 4741 833 4784 terra:
885 4727 948 4781 Et
978 4728 1172 4796 aperuit
1204 4724 1527 4778 Neoterium
1551 4739 1685 4778 arcte
1716 4723 1848 4795 quod
1888 4730 2092 4794 iecerat,

520 4836 565 4880 et
590 4823 712 4878 vidit
737 4821 871 4892 quod
895 4821 1072 4892 defecit
1100 4834 1232 4883 aqua
1255 4833 1286 4870 a
1313 4817 1444 4889 [acie
1468 4824 1630 4870 teme.

591 4917 643 4970 5.
684 4914 878 4969 lterum
907 4911 990 4965 hic
1020 4926 1103 4965 mc
1129 4917 1314 4978 stupor
1339 4908 1557 4972 invadit,
1577 4915 1633 4960 ιιι
1658 4905 1906 4961 admirari
1938 4921 2117 4977 ιιι-επ.

515 5006 642 5078 justi
681 5003 838 5074 hujus
862 5002 1142 5065 virtutem,
1189 5012 1241 5054 et
1283 4999 1375 5054 Dei
1413 4999 1772 5056 clementiam.
1819 4998 2096 5066 Quomodo

519 5099 683 5161 enim,
720 5080 925 5164 quaeso,
956 5101 1075 5162 pust
1119 5100 1320 5144 tantum
1367 5095 1593 5159 tempus,
1641 5100 1695 5145 ut
1721 5105 1779 5145 se
1808 5089 1916 5145 aeri
1945 5104 2096 5144 com-

523 5189 684 5252 misit,
732 5196 783 5240 et
809 5184 991 5240 oculos
1015 5183 1080 5238 ad
1108 5184 1292 5239 cazlum
1322 5183 1665 5253 spectandum
1697 5184 1943 5250 intendit,
1988 5199 2094 5238 non

522 5291 707 5348 captus
736 5287 816 5330 t'sl
844 5275 1010 5349 oculis
1035 5283 1088 5330 et
1114 5275 1451 5329 excaecatus?
1477 5273 1648 5328 Probe
1673 5289 1900 5342 namque
1925 5275 2093 5340 scits,

524 5371 624 5425 huc
653 5368 958 5436 contingere
988 5364 1287 5418 hominibus
1316 5363 1517 5428 solere,
1559 5366 1718 5419 etiam
1767 5365 1831 5417 ad
1881 5379 2095 5432 parvam

523 5463 625 5516 dici
674 5471 874 5529 partem
919 5458 969 5512 in
1013 5457 1311 5512 tenebrosis
1338 5456 1746 5525 caliginosisque
1772 5454 1900 5510 locis
1928 5470 2091 5524 agen-

525 5553 680 5615 tibus,
729 5565 846 5605 cum
878 5550 1052 5605 subito
1091 5549 1146 5603 in
1181 5546 1313 5600 lucis
1340 5544 1597 5615 fulgorem
1624 5544 1862 5612 aspicere
1889 5546 2090 5599 volunt.

521 5641 701 5694 Justus
726 5647 900 5692 autem
949 5639 1042 5692 illc
1076 5652 1216 5694 anno
1263 5636 1488 5705 integro,
1524 5646 1576 5689 et
1609 5643 1687 5688 tot
1728 5634 1995 5689 mensibus
2039 5636 2090 5690 iu

525 5745 652 5788 arca
675 5773 689 5795 ,
734 5729 882 5803 quasi
929 5730 981 5785 in
1015 5729 1247 5788 tenebris
1272 5741 1458 5798 agens,
1504 5728 1664 5792 etiam
1700 5740 1837 5780 nunc
1872 5737 2092 5795 repente

1197 369 1251 426 S.
1292 361 1572 424 JOANNIS
1604 352 2083 437 οηιιιεοδτοιιι
2122 349 2442 410 ARCHIEP.
2481 344 3018 406 CONSTANTINOP.

3649 338 3771 392 255

2175 465 2287 521 viso
2320 441 2460 520 iocis
2487 461 2700 534 iubare,
2751 459 2884 515 nihil
2933 458 3038 514 tale
3065 462 3320 527 expertus
3353 462 3454 511 est.
3483 452 3579 509 Dei
3619 453 3764 508 enim

2169 555 2338 627 gratia
2388 559 2525 619 erat,
2573 560 2629 606 et
2675 547 2926 619 patientia
2976 545 3047 602 ab
3087 558 3155 600 eo
3193 543 3272 599 illi
3312 555 3592 609 concessa,
3641 553 3770 610 qua:

2170 647 2332 703 etiam
2379 642 2620 714 corporis
2668 653 2860 710 sensus
2909 637 3175 693 ﬁrmiores
3226 631 3550 697 reddiderat,
3581 638 3635 685 ct
3663 644 3768 699 po-

2173 736 2431 791 tentiores
2469 745 2626 802 quam
2672 729 2763 800 qui
2806 725 3174 797 corporalibus
3209 721 3613 779 necessitatibus
3653 719 3771 774 vin-

2171 839 2439 882 cerentur.
2485 824 2570 879 14.
2621 819 2686 874 ιιι
2727 833 2899 874 mense
2939 824 3110 871 autent
3149 813 3372 870 secundo
3418 814 3646 882 arefacta
3694 817 3777 864 est

2175 925 2328 984 terra,
2359 917 2590 970 uicesimo
2615 922 2663 968 et
2686 911 2900 982 septimo
2925 908 3008 963 die
3031 907 3236 962 mensis.
3276 905 3393 961 Non
3433 903 3634 974 absque
3678 916 3768 957 ra-

2176 1007 2320 1062 tione
2368 1015 2566 1060 tantam
2605 1000 2932 1071 diligentiam
2979 995 3199 1053 adhibet
3242 994 3418 1050 divina
3457 992 3777 1062 Scriptura,

2174 1098 2267 1154 sed
2307 1106 2364 1151 ut
2402 1095 2674 1151 discamus
2719 1105 2889 1163 usque
2929 1087 2998 1145 ad
3041 1087 3272 1160 primum
3299 1085 3440 1142 diem
3469 1085 3598 1139 asini
3625 1083 3780 1138 illius

2174 1186 2689 1245 consummationem
2719 1184 2942 1239 dilatam
2981 1179 3174 1244 fuisse.
3227 1192 3338 1250 quo
3376 1185 3783 1232 amasti-aretur

2170 1280 2302 1351 justi
2331 1277 2603 1349 patientia,
2628 1286 2684 1332 et
2713 1274 2879 1330 totius
2906 1272 3054 1328 orbis
3081 1270 3328 1342 purgatio
3363 1268 3537 1324 tieret.
3569 1265 3782 1322 Deinde

2178 1380 2458 1443 postquam
2510 1368 2663 1440 quasi
2714 1381 2746 1421 a
2792 1363 2954 1421 sorde
2988 1361 3218 1434 quadam
3258 1360 3439 1417 abluta
3477 1367 3561 1415 est
3597 1358 3785 1414 omnia

2177 1469 2443 1526 creatura,
2474 1469 2524 1516 et
2557 1456 2799 1529 deposuit
2827 1470 3041 1512 omnem
3073 1452 3357 1519 maculam,
3388 1467 3548 1523 quam
3573 1467 3637 1507 ea
3669 1449 3774 1505 lin.

2178 1566 2335 1606 mana
2361 1557 2703 1606 contraxerat
2729 1546 2947 1611 malitia,
2978 1543 3250 1615 faciesque
3287 1543 3339 1599 ei
3381 1558 3509 1613 pura
3556 1541 3773 1597 reddita

2177 1654 2259 1698 est
2304 1659 2318 1694 :
2367 1651 2493 1696 tunc
2527 1640 2757 1710 denique
2789 1637 3022 1707 pmipit
3049 1648 3107 1690 ιιι
3130 1635 3306 1705 justus
3335 1649 3399 1689 ex
3431 1646 3552 1688 arca
3577 1640 3782 1694 emt,-

2186 1736 2429 1805 libcrque
2449 1748 2480 1787 a
2508 1732 2656 1803 gravi
2687 1731 2777 1785 illo
2804 1743 3022 1784 carcere
3045 1727 3168 1791 tiat,
3197 1733 3253 1781 et
3277 1723 3448 1794 inquit
3475 1741 3491 1778 :
3522 1722 3612 1780 15.
3631 1721 3784 1777 Dicit

2181 1824 2431 1882 Dominus
2466 1823 2606 1880 Deus
2641 1821 2712 1877 ad
2740 1819 2857 1877 Noe
2886 1835 2906 1874 :
2930 1818 3020 1876 16.
3044 1817 3298 1889 Egredere
3322 1824 3401 1882 tu,
3423 1823 3472 1869 et
3500 1829 3630 1870 acor
3651 1824 3742 1868 tua
3763 1852 3782 1877 ,

2181 1929 2228 1973 et
2255 1917 2351 1988 ﬁlii
2373 1918 2468 1979 tui,
2515 1924 2564 1970 et
2606 1929 2788 1969 uxores
2835 1911 3060 1983 ﬁliorum
3099 1917 3307 1964 tuorum;
3333 1916 3496 1962 tecum
3539 1921 3558 1961 :
3604 1905 3697 1960 17.
3730 1914 3787 1960 et

2182 2023 2353 2061 omnes
2377 2005 2548 2060 bestia
2588 2018 2917 2076 quacumqu
2950 2009 3067 2056 sunt
3091 2006 3274 2063 ικιιιιι,
3308 2008 3356 2053 et
3381 1997 3546 2053 omnis
3583 2012 3707 2051 caro
3744 2012 3786 2050 ι

2183 2097 2471 2152 rolatilibus
2494 2110 2653 2166 usque
2668 2093 2738 2147 ad
2767 2107 2970 2161 pecora,
2995 2099 3046 2144 es
3089 2104 3239 2163 omne
3276 2088 3459 2158 reptile
3493 2089 3631 2159 quod
3663 2102 3783 2141 aro-

2183 2197 2326 2241 retur
2348 2201 2501 2258 super
2527 2195 2713 2239 terram
2736 2181 2864 2237 educ
2891 2191 3054 2236 tecum
3072 2216 3090 2244 ,
3129 2186 3177 2248 et
3217 2179 3427 2233 crescits
3448 2174 3780 2258 σιξαιήριιο

2183 2277 2368 2332 camini
2409 2253 2564 2347 super
2606 2284 2813 2328 tenam.
2873 2268 3129 2342 Expende
3169 2266 3261 2324 hic
3301 2265 3397 2324 Dei
3447 2253 3780 2334 ιιόυιι-ιεπι,

2183 2366 2454 2438 quomodo
2474 2379 2567 2436 per
2593 2364 2773 2418 omnia
2793 2361 3000 2433 justum
3025 2359 3349 2416 consolatur.
3379 2356 3514 2415 ﬂata
3532 2357 3656 2430 quia
3671 2357 3788 2438 im-

2188 2431 2390 2529 peravit
2418 2431 2517 2521 illi,
2558 2465 2619 2510 ut
2655 2431 2828 2511 exiret
2858 2467 2922 2508 ex
2967 2464 3091 2507 arca
3136 2449 3275 2521 ipse,
3311 2458 3370 2506 et
3390 2461 3548 2516 uxor,
3572 2431 3784 2515 utillii,

2186 2558 2241 2605 et
2276 2559 2470 2603 uxores
2510 2546 2761 2607 ﬁliorum.
2807 2551 2863 2599 et
2904 2541 3313 2599 bestiaaomnes
3339 2547 3357 2595 ξ
3382 2547 3440 2598 ιιι
3468 2543 3614 2597 ne-et
3638 2538 3784 2594 istud

2189 2637 2363 2710 ipsum
2410 2648 2700 2691 mmrorern
2726 2633 2960 2704 aliquem
2985 2631 3036 2687 ei
3062 2628 3300 2694 aﬂerret,
3345 2637 3403 2686 et
3441 2629 3659 2684 anxium
3685 2643 3784 2686 rc-

2186 2728 2456 2798 liuqueret
2480 2726 2804 2796 cogitantem
2833 2720 3102 2793 quomodo
3129 2721 3182 2776 in
3211 2719 3500 2777 solitudine
3521 2727 3666 2776 esset
3693 2717 3786 2775 fu-

2188 2797 2359 2884 turus,
2399 2824 2602 2871 tantam
2649 2823 2808 2870 terra:
2861 2811 3196 2869 latitudinem
3241 2812 3390 2867 solus
3440 2809 3782 2877 inhabitans,
3839 2797 3848 2801 ’

2189 2909 2336 2964 nullo
2367 2907 2479 2977 jam
2519 2905 2627 2960 alio
2654 2903 2874 2959 vivente
2903 2918 2921 2956 :
2951 2901 3073 2958 ideo
3097 2895 3382 2975 postqum
3407 2899 3547 2956 dixit
3571 2918 3587 2955 :
3615 2899 3788 2971 Egre-

2188 2999 2318 3053 dere
2358 3013 2424 3052 ex
2468 3009 2615 3060 arca,
2648 3001 2704 3051 et
2741 2992 2878 3049 edue
2905 2991 3087 3047 omnia
3109 2999 3310 3056 tecum,
3335 2989 3484 3046 addit
3515 3008 3536 3046 :
3558 2989 3781 3046 Crescite

2189 3101 2235 3146 et
2261 3087 2668 3160 multiplicamini
2695 3102 2849 3156 super
2877 3095 3085 3139 terram.

2263 3179 2378 3235 Noe
2419 3181 2716 3251 fermentum
2757 3174 2954 3229 ntuudl.
3003 3202 3078 3214 —
3126 3172 3260 3230 Vide
3301 3173 3573 3244 quomodo
3605 3172 3790 3242 justus

2192 3271 2279 3327 ille
2320 3269 2500 3325 denuo
2535 3280 2828 3339 supernam
2881 3265 3076 3333 accipit
3117 3263 3570 3332 benedictionem,
3621 3277 3789 3335 quam

2191 3374 2317 3420 ante
2366 3359 2846 3432 transgressionem
2894 3366 3177 3428 acceperat
3217 3355 3411 3413 Adam.
3454 3355 3588 3412 Nam
3646 3355 3792 3412 sicut

2191 3454 2405 3526 quando
2459 3453 2548 3508 ille
2589 3451 2851 3507 (amatus
2896 3457 3000 3516 est,
3053 3447 3259 3502 audivit
3293 3462 3308 3500 :
3345 3445 3410 3500 Et
3435 3446 3687 3502 benedixit
3711 3446 3792 3501 eis

2195 3545 2355 3615 Deus,
2386 3545 2558 3600 dicens
2593 3559 2611 3598 :
2650 3542 2870 3599 Crescite
2914 3548 2960 3596 el
2996 3537 3427 3610 multiplicamini,
3475 3545 3522 3592 et
3556 3537 3787 3615 dentian-

2193 3612 2324 3694 mini
2361 3648 2510 3693 terra:
2554 3635 2709 3706 (Gen.
2742 3635 2794 3690 1.
2825 3631 2922 3704 ιε)
2957 3651 2971 3688 :
3004 3633 3076 3688 ita
3118 3640 3174 3688 et
3217 3630 3343 3686 huic
3372 3643 3514 3684 nunc
3547 3612 3790 3685 dicitur:

2194 3731 2417 3784 Crescite
2449 3739 2493 3783 et
2533 3725 2940 3795 multiplicamini
2987 3739 3139 3793 super
3180 3731 3387 3775 terram.
3413 3720 3622 3790 Quippe
3649 3720 3795 3775 sicut

2195 3826 2284 3879 ille
2330 3823 2481 3893 origo
2524 3831 2581 3877 et
2630 3818 2778 3874 radix
2824 3818 2921 3872 fuit
2963 3815 3207 3871 omnium
3238 3813 3330 3885 qui
3357 3815 3465 3868 nati
3495 3821 3622 3868 sunt
3665 3821 3797 3868 ante

2196 3914 2446 3968 diluvium
2494 3928 2509 3966 :
2552 3912 2622 3964 ita
2660 3893 3052 3979 etjustusliic
3098 3903 3423 3959 fermentum
3471 3901 3745 3973 quoddam
3772 3943 3788 3964 ,

2195 4005 2365 4074 origo,
2393 4012 2451 4058 et
2478 4001 2628 4056 radix
2651 4009 2734 4056 est
2761 3999 3000 4054 omnium
3035 3996 3125 4067 qui
3153 4005 3276 4066 post
3308 3995 3563 4048 diluvium
3592 3991 3748 4049 fuere
3776 4011 3791 4048 :

2198 4103 2252 4147 ct
2289 4093 2415 4147 hinc
2457 4100 2636 4161 postea
2703 4090 2952 4144 humana:
3024 4086 3422 4141 constitution's
3469 4083 3790 4154 principium

2199 4182 2394 4236 factum
2456 4189 2558 4236 est.
2615 4178 2870 4233 Creatura
2920 4190 3132 4247 quoque
3169 4173 3348 4230 omnis
3389 4188 3543 4228 suum
3587 4173 3796 4242 accepit

2199 4279 2468 4334 ornatum,
2495 4278 2637 4323 terra
2665 4267 2735 4323 ad
2771 4264 3024 4321 ferendos
3064 4265 3266 4320 fructus
3292 4263 3485 4319 idonea
3515 4260 3654 4319 facta
3685 4273 3789 4326 est,

2199 4364 2411 4434 aliaque
2439 4361 2618 4418 omnia
2647 4374 2766 4430 qua:
2793 4366 3011 4428 propter
3033 4357 3266 4412 hominis
3285 4357 3642 4412 ministerium
3670 4367 3796 4413 sunt

2198 4455 2435 4517 condita.
2462 4452 2549 4509 18.
2578 4451 2642 4506 Et
2671 4467 2901 4522 egressus
2925 4461 2998 4506 est
3027 4449 3161 4515 Noe,
3187 4449 3375 4519 inquit,
3395 4458 3443 4503 et
3470 4464 3601 4504 ustor
3627 4449 3791 4512 illius.

2199 4555 2245 4599 et
2271 4529 2367 4614 ﬁlii
2386 4544 2546 4610 illius,
2587 4551 2633 4596 et
2675 4557 2857 4598 uxores
2889 4541 3112 4610 ﬁliorum
3154 4538 3298 4593 illius
3329 4556 3444 4593 cum
3475 4555 3571 4603 eo;
3616 4539 3704 4595 19.
3746 4551 3797 4594 et

2205 4651 2377 4690 omnes
2425 4634 2645 4699 bestias,
2675 4641 2723 4685 et
2776 4631 2949 4685 omnia
2987 4645 3207 4699 pecora,
3264 4639 3312 4683 et
3363 4645 3511 4682 omne
3564 4630 3792 4696 uolatile,

2201 4733 2246 4778 et
2285 4740 2432 4779 omne
2459 4722 2634 4794 reptile
2659 4721 2793 4791 quod
2825 4729 3050 4775 mouetur
3077 4734 3230 4788 super
3251 4727 3436 4773 terram
3451 4720 3608 4790 juxta
3635 4735 3796 4790 genus

2202 4831 2352 4870 suum
2393 4815 2620 4870 exierunt
2649 4828 2712 4868 ea:
2738 4827 2879 4866 arra.
2939 4811 3226 4880 Postquam
3253 4812 3457 4880 accepit
3483 4809 3793 4866 mandatum

2192 4923 2230 4962 ,a
2289 4907 2512 4961 Domino
2560 4915 2614 4960 et
2665 4902 3091 4960 benedictionem
3129 4901 3430 4963 dicentem.
3465 4902 3690 4958 Crescite
3740 4913 3792 4957 et

2203 4995 2642 5068 multiplicamini,
2709 4993 2839 5049 exiit
2868 5007 2950 5048 res
3005 4999 3127 5047 arca
3172 5006 3294 5047 cum
3346 4991 3467 5046 aliis
3519 4990 3792 5047 omnibus.

2206 5087 2272 5141 Et
2322 5086 2542 5156 posthac
2595 5087 2646 5139 in
2697 5093 2802 5138 tota
2855 5091 2996 5138 terra
3044 5083 3191 5137 solus
3230 5081 3440 5136 vivebat
3482 5081 3662 5151 justus
3705 5083 3795 5140 ille

2203 5195 2324 5234 cum
2379 5192 2564 5243 uxore,
2616 5187 2668 5232 ct
2716 5175 2858 5242 ﬁliis,
2902 5174 3246 5229 ct'usoribus
3291 5173 3518 5229 il'orum.
3557 5176 3674 5228 Mox
3700 5192 3796 5230 auc

2205 5283 2309 5332 tem
2358 5281 2412 5325 ut
2452 5283 2698 5340 egressus
2743 5255 2846 5330 est,
2898 5282 3052 5320 suum
3101 5267 3380 5320 declarans
3427 5274 3635 5336 gratum
3672 5268 3762 5322 aui

2204 5349 2346 5415 mum
2376 5401 2392 5427 ,
2444 5371 2549 5414 tam
2605 5375 2701 5429 pro
2741 5358 2804 5412 iis
2835 5373 2954 5425 qua:
3002 5355 3402 5425 prazterierant.
3455 5373 3614 5427 quam
3669 5373 3793 5427 quae

2202 5449 2374 5505 futura
2421 5460 2594 5513 erant,
2633 5449 2832 5518 gratias
2862 5448 3085 5501 Domino
3133 5447 3342 5515 agebat.
3379 5446 3572 5501 Verum
3604 5447 3647 5501 si
3672 5449 3788 5517 pla-

2201 5551 2306 5608 cet,
2351 5556 2417 5596 ne
2465 5555 2643 5595 sermo
2687 5541 2754 5592 sit
2794 5539 3021 5608 longior,
3071 5552 3408 5590 reservemus
3439 5537 3496 5590 in
3524 5538 3665 5592 diem
3695 5552 3790 5605 pu-

2202 5643 2404 5689 sterum
2460 5645 2580 5700 qua:
2634 5629 2699 5682 ad
2755 5641 2961 5699 gratum
3017 5627 3146 5697 justi
3201 5627 3436 5681 animum
3483 5628 3791 5698 peltincut,

2207 5725 2424 5781 missum
2485 5721 2571 5777 hic
2621 5721 2872 5776 iacientes
2928 5734 3230 5774 sermonem
3287 5737 3300 5773 :
3350 5731 3403 5775 ct
3447 5719 3792 5774 obsecrantes
