4070 6394
408 360 514 415 257

396 485 536 554 μεθα
556 484 620 537 τὰ
648 487 786 538 κατᾶ
808 483 903 554 τὴν
927 483 1340 556 εὐγνωμοσύνην
1357 485 1450 540 τοῦ
1476 486 1709 555 δικαίου,
1739 488 1902 562 μέχρι
1923 488 2047 542 τού-

393 589 484 624 του
510 571 804 640 στήσαντες
835 571 926 624 τὸν
957 571 1131 639 λόγον,
1159 573 1251 624 zeal
1272 573 1750 640 παρακαλέσαντες
1772 574 1924 644 ὑμῶν
1951 574 2049 646 τὴν

391 657 612 726 ἀγάπην
642 655 902 726 διηνεκῶς
939 657 1127 711 τοῦτον
1156 657 1245 710 τὸν
1268 659 1532 727 μακάριον
1567 660 1627 711 ὲν
1662 661 1867 730 διανοίᾳ
1893 676 2049 730 περι-

391 743 660 813 στρέφειν,
699 743 790 795 zeal
820 743 921 812 τῆς
954 744 1154 814 ἀρετῆς
1181 741 1344 796 αὐτοῦ
1373 744 1511 812 μετά
1536 744 1816 814 ἀκριϐείας
1839 746 1936 816 τὴν
1963 747 2048 798 εὐ-

392 829 628 898 μορφίαν
673 829 1130 898 καταμανθάνειν,
1169 830 1261 882 καὶ
1293 828 1538 898 ζηλωτὰς
1577 830 1742 884 αὐτοῦ
1783 822 2047 899 γίνεσθαι.

392 914 587 966 Σκόπει
612 914 720 985 γάρ
753 933 843 985 μοι
866 914 1032 979 πόσος
1066 913 1230 968 αὑτοῦ
1267 915 1370 983 τῆς
1404 916 1605 985 ἀρετῆς
1628 917 1658 968 ό
1685 915 1933 977 πλοῦτος,
1971 917 2046 970 δτι

393 1001 460 1068 σή
471 1017 634 1070 μερον
662 1003 719 1054 ἐν
745 1002 1032 1063 τοσαύταις
1066 1001 1297 1071 ἡμέραις
1322 1001 1390 1053 τά
1429 1003 1552 1054 κατ’
1581 1002 1742 1055 αὐτὸν
1763 1001 2052 1073 διηγούμε-

395 1102 496 1145 νοι,
525 1086 738 1138 οὐδέπω
766 1088 858 1140 zeal
880 1087 976 1140 νῦν
999 1088 1150 1150 τέλος
1176 1086 1324 1158 [εδε]
1363 1087 1628 1141 ἐπιθεῖναι
1661 1087 1956 1158 ἰσχύσαμεν
1983 1093 2047 1158 τῇ

392 1170 511 1223 κατ’
533 1171 695 1224 αὑτὸν
719 1171 994 1226 ὑποθέσει.
1019 1173 1125 1225 Καὶ
1160 1173 1211 1226 τί
1234 1173 1377 1240 λέγω
1397 1173 1549 1237 τέλος
1574 1174 1834 1227 ἐπιθεῖναι
1858 1192 1874 1242 ;
1911 1176 2050 1227 Ὅσα

390 1254 458 1308 ἀν
504 1256 769 1326 εἴπωμεν,
815 1259 876 1310 οὐ
912 1258 1184 1327 δυνάμεθα
1231 1258 1552 1326 ἐφικέσθαι·
1589 1259 1726 1312 ἀλλά
1765 1262 1870 1314 κᾶν
1891 1264 2049 1330 ἡμεῖς

390 1340 559 1393 πολλὰ
610 1341 925 1411 δυνηθῶμεν
956 1345 1150 1406 εἰπεῖν,
1196 1344 1302 1396 κᾶν
1330 1343 1380 1397 οι
1415 1344 1534 1413 μεθ’
1562 1347 1731 1416 ἡμᾶς.
1762 1345 1882 1399 οὐδὲ
1910 1346 2050 1399 οὕτω

389 1427 526 1497 πρὸς
550 1427 609 1481 τὸ
633 1429 780 1492 τέλος
799 1429 1001 1497 φθάσαι
1022 1430 1362 1500 δυνησόμεθα
1377 1448 1392 1464 ο
1415 1430 1668 1484 τοσοῦτόν
1689 1433 1837 1486 ἐστιν
1857 1433 2047 1503 ἀρετή.

401 1513 525 1568 Ἐάν
554 1515 661 1584 γάρ
694 1515 1065 1586 βουληθῶμεν,
1115 1518 1332 1570 ἃπασαν
1373 1516 1531 1586 ἡμῶν
1571 1515 1668 1586 τὴν
1699 1518 1860 1584 φύσιν
1897 1513 2051 1581 οὗτος

391 1599 680 1653 παιδεῦσαι
704 1602 993 1672 δυνήσεται
1016 1614 1064 1665 ⁸,
1100 1603 1191 1654 zeal
1217 1602 1354 1675 πρὸς
1387 1602 1476 1655 τὸν
1515 1602 1610 1672 τῆς
1651 1603 1848 1672 ἀρετῆς
1888 1603 2050 1672 ζῆλον

388 1684 698 1753 ὲναγαγεῖν.
737 1687 905 1740 Ὅταν
948 1687 1055 1755 7&9
1106 1688 1198 1738 zeal
1262 1686 1464 1756 μεταξύ
1495 1686 1762 1740 τοσούτων
1800 1690 2049 1759 πονηρῶν

388 1770 863 1842 ἀναστρεφόμενος
883 1765 1036 1834 οὗτος
1062 1773 1090 1824 ό
1112 1771 1334 1837 δίκαιος,
1358 1774 1449 1826 zeal
1479 1773 1686 1845 μηδένα
1709 1775 1849 1842 ἔχων
1870 1776 2050 1846 εὑρεῖν

387 1852 704 1924 ὁμότροπον,
761 1857 895 1927 πρὸς
940 1856 1190 1910 τοσοῦτον
1233 1857 1428 1928 μέτρον
1466 1858 1660 1930 εὑρέθη
1689 1859 1907 1926 φθάνων
1950 1862 2050 1932 τῆς

390 1936 608 2007 ἀρετῆς,
638 1938 721 2002 τίς
750 1940 881 2009 ημῖν
913 1938 1067 1992 ἔσται
1098 1939 1362 2008 ἀπολογία
1390 1941 1500 2003 τοῖς
1528 1941 1662 2010 μηδὲ
1689 1941 1926 1996 τοσαῦτα
1951 1960 2052 1996 κως

391 2021 602 2092 λύματα
630 2023 833 2093 έχουσι,
875 2026 968 2078 καὶ
995 2025 1301 2095 ῥᾳθυμοῦσι
1335 2026 1471 2095 πρὸς
1503 2026 1600 2096 τὴν
1628 2024 1831 2097 ταύτης
1854 2029 2052 2099 κατόρ-

390 2107 554 2161 θωσιν
578 2126 592 2170 ;
617 2109 708 2178 Μὴ
732 2111 838 2180 γάρ
864 2128 956 2180 μοι
987 2110 1086 2181 τὴν
1119 2112 1177 2163 ἐν
1221 2114 1335 2173 τοῖς
1368 2113 1739 2175 πεντακοσίοις
1759 2113 1902 2166 ἔτεσι
1930 2115 2048 2169 δια-

390 2193 571 2263 γωγὴν
599 2193 721 2262 λέγε
747 2195 925 2263 μόνον,
975 2195 1057 2246 ὅτι
1110 2194 1535 2265 κωμῳδούμενος
1569 2197 1676 2268 zeal
1725 2196 2050 2267 χλευαζόμε-

389 2297 476 2345 νος
499 2281 722 2334 διετέλει
757 2281 860 2334 ὑπδ
900 2281 1007 2334 τῶν
1055 2283 1156 2352 τὴν
1202 2282 1401 2335 κακίαν
1433 2283 1747 2352 μετιόντων,
1776 2284 1913 2338 ἀλλὰ
1953 2285 2049 2338 zeal

387 2368 486 2433 τὴν
533 2368 590 2417 ὲν
631 2370 696 2436 τῇ
736 2366 952 2436 κιϐωτῷ
984 2367 1282 2438 διατριϐήν.
1327 2367 1385 2421 '0
1417 2369 1525 2438 7&9
1563 2369 1805 2434 ἐνιαυτὸς
1845 2372 2048 2434 ἐκεῖνος

385 2450 709 2520 ἀντίρροπός
737 2447 874 2503 είναί
907 2468 996 2520 μοι
1027 2452 1174 2504 δοκεῖ
1216 2451 1310 2504 τοῦ
1356 2451 1556 2514 παντὸς
1584 2453 1776 2522 χρόνον
1801 2471 1813 2484 ⁸
1855 2454 2048 2507 τοσαύ-

387 2553 486 2605 την
512 2539 627 2590 ἐκεῖ
653 2538 755 2607 τὴν
779 2537 957 2605 θλίψιν
995 2538 1284 2609 ὑπομένειν
1310 2538 1340 2590 ό
1362 2537 1567 2601 δίκαιος
1602 2539 1963 2608 ἠναγκάζετο,
1989 2543 2050 2596 ἐν

388 2624 718 2694 στενοχωρίᾳ
753 2623 973 2695 τοιαύτῃ
1015 2623 1320 2692 τυγχάνων,
1365 2624 1459 2676 zeal
1511 2624 1644 2694 μηδέ
1675 2627 1930 2680 ἀναπνεῖν
1959 2626 2049 2680 δυ-

386 2707 641 2778 νάμενος,
670 2712 762 2762 καὶ
789 2710 886 2778 τῆς
914 2709 1056 2779 μετά
1078 2710 1186 2761 τῶν
1217 2709 1422 2780 θηρίων
1452 2710 1546 2762 καὶ
1563 2713 1669 2763 τῶν
1692 2712 1899 2780 ἀλόγων
1931 2713 2049 2768 δια-

386 2794 576 2864 γωγῆς
605 2795 946 2866 ἀνεχόμενος,
999 2797 1092 2848 καὶ
1122 2797 1209 2849 διὰ
1251 2797 1468 2850 πάντων
1512 2797 1724 2862 δεικνὺς
1756 2798 1922 2854 αὑτοῦ
1950 2802 2050 2870 τῆς

386 2879 612 2948 γνώμης
643 2881 702 2932 τὸ
724 2881 968 2950 στερρὸν,
993 2880 1168 2934 καὶτὸ
1184 2880 1396 2944 ἀκλινές
1425 2881 1524 2950 τῆς
1543 2884 1934 2953 προαιρέσεως,
1955 2887 2052 2940 καὶ

383 2965 483 3037 τὴν
514 2966 697 3018 πίστιν
723 2967 790 3036 ἢν
819 2967 945 3037 περὶ
976 2967 1068 3019 τὸν
1116 2966 1248 3021 Θεὸν
1277 2968 1644 3032 ἐπεδείκνυτο,
1687 2968 1755 3023 δι’
1785 2970 1851 3041 ἣν
1871 2972 2050 3027 πάντα

386 3051 579 3122 πράως
599 3052 695 3105 καὶ
718 3052 933 3119 κούφως
954 3052 1140 3122 ἔφερε.
1160 3052 1258 3105 Δία
1288 3068 1372 3105 τοι
1402 3052 1580 3117 τοῦτο,
1606 3054 1793 3125 ὶπειδὴ
1819 3055 1890 3110 τά
1915 3059 2054 3128 παρ’,

386 3135 552 3191 αὑτοῦ
568 3137 744 3190 πάντα
762 3137 1066 3206 είσήνεγκε,
1081 3138 1177 3191 zeal
1194 3138 1302 3192 τῶν
1317 3139 1467 3208 παρά
1480 3139 1572 3192 τοῦ
1594 3139 1730 3192 Θεοῦ
1749 3141 1884 3210 μετά
1894 3141 2051 3209 δαψι-

389 3223 542 3286 λείας
574 3225 909 3292 ἀπήλαυσεν.
933 3225 994 3277 Εί
1030 3224 1138 3294 γὰρ
1162 3225 1256 3277 zeal
1300 3225 1662 3295 στενοχωρίαν
1717 3226 1916 3298 πολλὴν
1948 3228 2051 3280 ὑπ-

389 3309 583 3379 έμενεν
607 3311 665 3362 ἐν
696 3313 761 3380 τῇ
778 3310 1021 3380 διαγωγῇ
1051 3311 1148 3380 τῆς
1175 3309 1428 3374 κιϐωτοῦ,
1453 3310 1569 3363 ἀλλ’
1601 3312 1749 3379 δμως
1773 3313 1835 3366 τὸ
1849 3314 2050 3368 κλυδώ-

385 3412 496 3449 νιον
525 3395 587 3448 τὸ
606 3395 834 3466 φοϐερὸν
865 3397 956 3450 καὶ
1005 3396 1102 3465 τὴν
1149 3396 1521 3468 πανωλεθρίαν
1547 3396 1766 3468 ἐκείνην
1801 3399 2045 3469 διέφυγε.

385 3482 496 3535 Καὶ
527 3481 614 3534 διὰ
646 3480 802 3535 τοῦτο
860 3480 999 3552 μετὰ
1036 3481 1134 3552 τὴν
1169 3483 1530 3551 στενοχωρίαν
1560 3483 1776 3555 ἐκείνην
1802 3485 1896 3539 καὶ
1950 3485 2049 3556 τὴν

384 3568 655 3639 ἀφόρητον
672 3568 914 3639 είρκτὴν,
935 3569 1027 3622 zeal
1065 3569 1248 3631 ἀδείας
1269 3569 1366 3621 zeal
1395 3570 1631 3634 ἀνέσεως
1661 3571 1928 3644 ἀπήλαυε,
1955 3576 2049 3628 καὶ

383 3655 485 3724 τῆς
518 3655 670 3725 παρά
696 3654 791 3709 τοῦ
819 3655 953 3709 Θεοῦ
985 3655 1233 3723 εὐλογίας
1256 3655 1495 3725 ἠξιοῦτο,
1535 3658 1629 3710 καὶ
1652 3658 1815 3712 πάλιν
1841 3659 1942 3731 τὴν
1967 3665 2048 3715 ol-

386 3743 541 3795 κείαν
560 3741 973 3812 εὐγνωμοσύνην
1004 3741 1090 3796 διά
1109 3741 1216 3796 τῶν
1241 3741 1417 3812 ῑργων
1434 3741 1690 3814 ἐπλήρου·
1722 3746 1816 3798 καὶ
1840 3762 2046 3802 παντα-

387 3828 484 3896 χοῦ
505 3828 754 3898 εὑρήσεις
766 3825 863 3889 τάς
883 3825 1056 3896 άρχάς
1077 3828 1204 3897 παρ’
1231 3826 1395 3880 αὐτοῦ
1419 3829 2048 3904 είσφερομένας.Ὦσπερ

384 3913 442 3964 δέ
465 3912 564 3982 τὴν
586 3911 806 3982 πρώτην
842 3911 1059 3965 ἃπασαν
1085 3911 1304 3982 ἠλικίαν
1326 3911 1426 3984 τὴν
1461 3913 1661 3985 ἀρετὴν
1692 3917 2046 3986 μεταδιώξας,

386 3997 481 4052 καὶ
512 3997 609 4067 τῆς
637 3997 834 4053 κακίας
862 3996 1085 4050 ἐκείνων
1111 3997 1267 4061 ἐκτὸς
1287 3997 1609 4066 γεγονὼς,οὐ
1640 4002 2050 4074 συναπήλαυσεν

385 4086 565 4147 αὐτοῖς
591 4085 692 4153 τῆς
715 4084 1009 4155 τιμωρίας,
1050 4083 1186 4139 ἀλλὰ
1213 4085 1432 4140 πάντων
1459 4085 1805 4159 ὑποϐρυχίων
1828 4092 2048 4163 γινομέ-

385 4182 490 4218 νων
519 4165 675 4229 αὐτδς
713 4167 872 4236 μόνος
899 4164 1204 4230 διεσώζετοο
1242 4167 1385 4221 οὕτω
1422 4167 1585 4223 πάλιν
1611 4169 1799 4244 ἐπειδὴ
1848 4173 2047 4246 πολλὴν

383 4251 484 4320 τὴν
511 4250 688 4303 πίστιν
718 4253 1022 4322 είσήνεγκε,
1077 4252 1170 4306 καὶ
1202 4253 1319 4324 μετ’
1347 4253 1700 4326 εὐχαριστίας
1727 4257 1828 4329 τῆς
1872 4259 1932 4315 ἐν
1976 4264 2046 4333 τῇ

386 4335 599 4406 κιϐωτῷ
628 4338 893 4408 οίκήσεως
923 4338 1196 4408 ἠνέσχετο,
1250 4338 1410 4393 πάλιν
1454 4339 1524 4394 τά
1572 4343 1721 4413 παρά
1776 4345 1870 4400 τοῦ
1910 4346 2046 4401 Θεοῦ

382 4419 709 4490 ἠκολούθησε
734 4423 872 4490 μετά
923 4422 1124 4490 πολλῆς
1149 4425 1245 4494 τῆς
1267 4424 1596 4494 φιλοτιμίας,
1627 4427 1720 4480 zeal
1745 4427 2046 4503 ἐξενεχθεὶς

381 4505 480 4572 τῆς
512 4504 763 4570 κιϐωτοῦ,
796 4508 890 4560 zeal
925 4507 1005 4570 είς
1031 4509 1130 4578 τὴν
1163 4509 1432 4581 προτέραν
1462 4510 1738 4584 διαγωγὴν
1766 4515 2044 4574 ἀποκατα-

384 4589 621 4651 σταθεὶς,
656 4591 852 4654 εὐθέως
903 4594 1152 4660 εὐλογίας
1179 4595 1445 4660 ἀξιοῦται,
1506 4599 1601 4650 καὶ
1634 4599 1797 4654 πάλιν
1827 4602 1927 4672 τὴν
1963 4607 2042 4658 οί-

382 4675 536 4727 κείαν
563 4674 980 4745 εὐγνωμοσύνην
1017 4677 1441 4748 ἐπιδειξάμενος,
1482 4681 1573 4733 zeal
1591 4683 1690 4751 τὴν
1719 4686 1857 4739 κατά
1882 4687 2041 4742 δύναο

383 4776 476 4827 μιν
503 4759 846 4830 εὐχαριστίαν
873 4762 1256 4831 ποιησάμενος,
1285 4765 1382 4817 καὶ
1409 4765 1553 4819 οὕτω
1582 4768 1844 4837 μειζόνων
1865 4772 2043 4838 ἀξιοῦ-

377 4862 465 4899 ται
493 4846 640 4916 παρὰ
668 4847 762 4899 τοῦ
787 4845 1164 4918 φιλανθρώπου
1185 4850 1338 4903 Θεοῦ.
1376 4851 1485 4904 Kal
1506 4853 1614 4922 7&9
1645 4852 1765 4918 ἔθος
1790 4857 1948 4912 τοῦτο
1966 4861 2045 4931 τῷ

377 4933 518 5002 Θεῷ,
546 4935 762 4988 ἐπειδὰν
805 4936 976 5004 μικρὰ
1030 4938 1125 4989 καὶ
1151 4937 1340 5006 εὐτελῆ
1375 4937 1503 5008 παρ’
1535 4940 1694 5009 ἡμῶν
1739 4945 2041 5018 είσενεχθῇ,

376 5021 526 5088 ὅμως
555 5020 599 5073 δ’
625 5018 719 5074 οὖν
744 5021 1045 5092 είσενεχθῇ,
1096 5022 1292 5093 πολλὴν
1312 5026 1442 5094 ἡμῖν
1461 5026 1560 5096 τὴν
1595 5031 1723 5099 παρ’
1752 5031 1916 5084 αὐτοῦ
1940 5033 2043 5088 δω-

378 5101 589 5173 ρεῖσθαι
622 5102 949 5173 φιλοτιμίαν.
975 5105 1084 5158 Kal
1105 5105 1190 5158 ἵνα
1217 5106 1393 5176 μάθῃς
1444 5108 1540 5160 καὶ
1570 5110 1668 5179 τῆς
1697 5111 2044 5186 ἀνθρωπίνης

377 5187 647 5252 εὐτελείας
676 5188 774 5260 τὴν
808 5191 1131 5262 ὑπερϐολὴν,
1158 5193 1250 5245 καὶ
1273 5192 1367 5245 τοῦ
1404 5193 1672 5248 Δεσπότου
1705 5212 1799 5250 σου
1818 5199 1916 5268 τὴν
1949 5217 2041 5268 φι-

377 5273 647 5342 λοτιμίαν,
681 5277 872 5330 σκόπει
907 5294 997 5346 μοι
1025 5277 1279 5331 ἐνταῦθα.
1306 5278 1424 5332 Κᾶν
1458 5279 1566 5349 γὰρ
1604 5279 1952 5355 βουληθῶμέν
1985 5305 2038 5340 τι

378 5359 723 5426 εἰσενεγκεῖν,
742 5363 794 5413 τί
825 5361 1076 5415 τοσοῦτον
1101 5363 1458 5432 δυνησόμεθα,
1486 5364 1519 5434 ἢ
1540 5365 1664 5419 ὅσον
1695 5367 1792 5438 τὴν
1812 5369 1898 5424 διὰ
1931 5373 2040 5426 τῶν

375 5446 547 5511 λόγων
577 5446 924 5515 εὐχαριστίαν
945 5447 1311 5513 ἑπιδείξασθαι
1338 5465 1353 5512 ;
1385 5449 1467 5502 Τὰ
1491 5451 1591 5519 μέν
1614 5467 1695 5504 τοι
1709 5457 1847 5525 παρ’
1875 5457 2038 5512 αὐτοῦ

375 5530 468 5583 διά
500 5531 604 5582 τῶν
633 5532 808 5600 ἔργων
845 5533 924 5595 εἰς
958 5533 1104 5604 ἡμᾶς
1132 5533 1518 5604 ἐκπληροῦται.
1550 5536 1660 5590 Ποῦ
1708 5535 1801 5594 οὖν
1828 5540 1895 5595 ἂν
1927 5543 2038 5598 ῐσον

441 5719 465 5747 ⁸
494 5714 631 5770 Multi
657 5733 766 5769 mss.
789 5723 913 5771 οὕτω
932 5723 1179 5773 παιδεῦσαι
1202 5724 1510 5788 δυνησόμεθα.

1142 368 1201 422 S.
1245 363 1525 424 IOA‘NNIS
1559 368 2047 428 CIIRYSOSTOMI
2096 373 2416 432 ARCHIEP.
2458 370 3002 432 CONSTANTINOP.

2159 493 2364 560 γένοιτο
2387 495 2521 564 ἔργα
2559 493 2651 546 zeal
2681 492 2860 560 λόγοι;
2904 487 3178 559 Ἀνενδεὴς
3207 485 3315 557 7&9
3351 486 3426 540 ῶν
3448 486 3593 559 [953]
3621 485 3774 556 ἡμῶν
3796 484 3834 539 ὁ

2159 577 2455 647 Δεσπότης,
2489 574 2698 636 οὐδενὸς
2712 573 2882 627 δεῖται
2907 572 3014 626 τῶν
3043 574 3169 644 παρ’
3192 570 3372 640 ἡμῶν,
3405 572 3453 623 εί
3486 571 3560 640 μὴ
3588 569 3698 622 τῶν
3726 572 3831 640 ρη-

2162 657 2349 725 μάτων
2387 658 2565 728 μόνον·
2608 656 2700 709 καὶ
2729 654 2898 725 αὐτὴν
2928 655 2985 707 δὲ
3011 653 3111 724 τὴν
3137 652 3226 706 διὰ
3251 653 3359 706 τῶν
3391 652 3566 722 λόγων
3605 652 3834 723 εὐχαρι-

2159 738 2315 791 στίαν
2341 739 2594 799 ἀπαιτεῖ,
2623 738 2722 807 οὐχ
2753 737 2828 798 ὡς
2851 737 3057 806 ταύτης
3115 735 3331 806 χρῄζων
3361 735 3541 795 αὐτὸς,
3577 733 3691 786 ἀλλ’
3738 732 3831 785 ἵνα

2158 823 2306 890 ἡμᾶς
2344 820 2606 893 παιδεύσῃ
2633 819 2981 888 εὐγνώμονας
3008 815 3168 882 εἶναι,
3201 819 3296 870 zeal
3329 815 3707 882 ἐπιγινώσκειν
3732 812 3833 867 τὸν

2157 903 2265 956 τῶν
2311 903 2534 972 ἀγαθῶν
2570 902 2822 974 χορηγόν.
2876 901 2974 954 Διά
3014 901 3170 954 τοῦτο
3217 903 3309 953 καὶ
3354 899 3562 962 Παῦλος
3599 897 3830 968 γράφων

2158 985 2362 1052 ἔλεγεν,
2393 973 2752 1052 Εὐχάριστοι
2781 984 3017 1053 γίνεσθε
3057 981 3221 1035 Οὐδὲν
3250 981 3360 1051 γάρ
3385 973 3556 1044 οὕτως
3579 977 3832 1049 ἐπιζητεῖ

2159 1065 2286 1136 παρ’
2313 1065 2468 1136 ἡμῶν
2499 1069 2527 1117 ὁ
2569 1067 2862 1135 Δεσπότης,
2919 1065 2994 1128 ὡς
3045 1063 3205 1117 τοῦτο
3237 1063 3300 1115 τὸ
3343 1062 3688 1133 κατόρθωμα.
3732 1061 3829 1131 Μὴ

2158 1149 2333 1202 τοίνυν
2372 1146 2683 1218 ἀγνώμονες
2713 1147 3010 1217 γινώμεθα,
3050 1146 3182 1217 μηδὲ
3209 1146 3274 1198 δι’
3311 1144 3486 1215 έργων
3511 1143 3836 1214 εὐεργετούο

2161 1247 2311 1300 μενοι
2345 1230 2520 1293 αὐτοὶ,
2559 1229 2804 1299 όκνῶμεν
2849 1229 2944 1298 τὴν
2993 1229 3079 1282 διά
3124 1228 3230 1280 τῶν
3260 1227 3431 1294 λόγων
3477 1226 3836 1297 εὐχαριστίαν

2159 1310 2448 1381 ἀναφέρειν
2499 1309 2574 1380 τῷ
2608 1311 2870 1381 Δεσπότῃ·
2927 1308 3090 1360 πάλιν
3121 1309 3229 1380 7&9
3267 1311 3346 1372 είς
3377 1310 3523 1379 ἡμᾶς
3552 1308 3613 1360 τὸ
3639 1307 3838 1376 κέρδος

2161 1392 2522 1463 περιίσταται.
2589 1392 2712 1445 Ἐὰν
2748 1393 2858 1462 γὰρ
2891 1391 2982 1443 ἐπὶ
3030 1393 3140 1452 τοῖς
3195 1392 3462 1458 φθάσασιν
3515 1391 3834 1460 εὐχάριστοι

2159 1478 2454 1546 γινώμεθα,
2485 1477 2727 1548 καὶπρὸς
2748 1477 2807 1530 τὺ
2827 1477 2932 1530 τῶν
2963 1476 3222 1547 μειζόνων
3252 1479 3434 1545 τυχεῖν
3461 1479 3673 1538 ἑαυτοῖς
3699 1473 3837 1528 πολ-

2159 1564 2255 1631 λὴν
2277 1564 2771 1636 προευτρεπίζομεν
2791 1565 2889 1634 τὴν
2911 1563 3241 1634 παρρησίαν.
3270 1563 3463 1624 Μόνον,
3499 1560 3831 1628 παρακαλῶ,

2159 1651 2278 1704 καθ’
2311 1652 2545 1721 ἑκάστην
2595 1653 2810 1724 ἡμέραν
2844 1652 2934 1704 καί⁵
2961 1651 3128 1722 ὥραν,
3169 1653 3216 1703 εί
3249 1644 3358 1702 οἷόν
3387 1667 3466 1708 τε,
3499 1647 3836 1716 άναλογιζώο

2163 1736 2299 1806 μεθα
2335 1735 2456 1789 καθ’
2481 1739 2707 1800 ἑαυτοὺς
2739 1738 2812 1807 μὴ
2841 1737 2940 1800 τὰς
2965 1737 3148 1800 κοινὰς
3203 1731 3362 1808 μόνον
3395 1735 3732 1806 εὐεργεσίας,
3759 1732 3835 1795 ἀς

2160 1823 2305 1894 πάσῃ
2331 1825 2396 1893 τῇ
2425 1822 2582 1891 φύσει
2614 1827 2642 1876 ό
2666 1824 2774 1876 τῶν
2806 1823 2941 1876 ὅλων
2971 1823 3295 1896 δημιουργὸς
3325 1823 3665 1893 κεχάρισται,
3691 1820 3835 1876 ἀλλὰ

2159 1910 2252 1963 zeal
2278 1910 2371 1972 τάς
2395 1909 2500 1981 ίδίᾳ
2535 1911 2626 1964 zeal
2653 1909 2772 1963 καθ’
2793 1910 3021 1963 ἕκαστον
3049 1911 3178 1978 ἡμῖν
3205 1909 3603 1979 παρεχομένας.

2230 2013 2339 2066 Kal
2363 2014 2414 2065 τί
2439 2012 2580 2080 λέγω
2603 2011 2700 2075 τάς
2729 2011 2833 2082 ίδία
2864 2011 2956 2064 zeal
2986 2011 3103 2064 καθ’
3135 2012 3364 2064 ἕκαστον
3409 2007 3827 2080 παρεχομέναςς

2160 2103 2267 2154 Kal
2295 2098 2433 2170 ὑπὲρ
2454 2093 2528 2152 ὦν
2557 2097 2875 2166 ἀγνοοῦντες
2916 2097 3364 2168 εὑεργετούμεθα,
3402 2097 3497 2149 καὶ
3530 2097 3670 2167 ὑπὲρ
3699 2096 3833 2150 τού-

2158 2205 2265 2241 των
2289 2185 2718 2258 εὑχαριστῶμεν.
2766 2183 2983 2255 Ἐπειδὴ
3035 2185 3143 2255 γὰρ
3173 2184 3390 2253 κήδεται
3421 2183 3519 2252 τῆς
3551 2184 3835 2254 ἡμετέρας

2159 2274 2449 2344 σωτηρίας,
2508 2271 2676 2324 πολλά
2704 2270 2796 2324 καὶ
2831 2269 2904 2341 μὴ
2951 2271 3155 2334 εἰδότας
3183 2271 3332 2340 ἡμᾶς
3378 2271 3676 2342 εὐεργετεῖ,
3732 2273 3836 2325 καὶ

2157 2359 2415 2422 πολλάκις
2441 2357 2532 2412 καὶ
2557 2355 2813 2411 κινδύνων
2838 2357 3154 2427 ἐξαρπάζει,
3178 2358 3272 2409 zeal
3296 2356 3485 2426 ἑτέρας
3507 2357 3836 2425 εὐεργεσίας

2157 2449 2236 2508 είς
2265 2448 2411 2517 ἡμᾶς
2432 2443 2798 2499 κατατίθεται.
2822 2444 2979 2515 Πηγη
2996 2444 3104 2516 γάρ
3129 2445 3244 2497 ἔστι
3276 2443 3708 2513 φιλανθρωπίας,
3731 2444 3835 2498 καὶ

2155 2533 2406 2586 οὐδέποτε
2436 2530 2668 2586 παύεται
2705 2531 2773 2583 τὰ
2799 2530 3009 2583 ἐκεῖθεν
3037 2530 3254 2600 νάματα
3289 2533 3355 2600 τῇ
3385 2529 3494 2583 τῶν
3523 2530 3835 2602 ἀνθρώπων

2160 2619 2316 2691 φύσει
2351 2619 2678 2692 προχέουσα.
2719 2620 2814 2671 ‘Av
2865 2618 3046 2670 τοίνυν
3093 2616 3264 2670 ταῦτα
3321 2615 3683 2687 λογιζώμεθα,
3733 2615 3839 2673 καὶ

2159 2705 2548 2776 σπουδάζωμεν
2572 2706 2667 2758 zeal
2699 2703 2840 2775 ὑπὲρ
2860 2703 2968 2756 τῶν
3001 2703 3324 2772 φθασάντων
3352 2703 3452 2765 τάς
3479 2703 3837 2774 εὐχαριστίας

2156 2794 2450 2864 ἀναφέρειν
2501 2791 2578 2862 τῷ
2604 2793 2868 2862 Δεσπότῃ,
2916 2792 3012 2845 καὶ⁸
3037 2790 3179 2862 ὐπὲρ
3215 2790 3323 2844 τῶν
3379 2791 3504 2860 ἐξῆς
3553 2789 3836 2856 τοιούτους

2157 2881 2381 2944 ἐαυτοὺς
2409 2878 2864 2945 κατασκευάζειν,
2896 2876 3037 2931 ὥστε
3066 2877 3140 2948 μὴ
3183 2877 3435 2941 ἀναξίους
3458 2877 3691 2948 φανῆναι
3719 2879 3835 2933 τῶν

2157 2965 2289 3036 παρ’
2315 2963 2480 3018 αὑτοῦ
2507 2962 2858 3035 εὐεργεσιῶν,
2887 2961 3226 3034 δυνησόμεθα
3272 2963 3368 3016 καὶ
3399 2962 3673 3017 πολιτείαν
3702 2961 3836 3036 ἀρί-

2159 3068 2293 3122 στην
2331 3049 2721 3115 ἐπιδείξασθαι,
2770 3049 2868 3103 καὶ
2899 3049 2998 3119 τῆς
3031 3049 3230 3112 κακίας
3258 3048 3359 3119 τὴν
3403 3051 3596 3120 πεῖραν
3637 3050 3837 3120 διαφυ-

2157 3141 2296 3207 γεῖν.
2334 3137 2400 3191 Ἦ
2445 3136 2556 3208 7&9
2591 3137 2780 3207 μνήμη
2812 3133 2921 3188 τῶν
2947 3135 3272 3205 εὐεργεσιῶν
3306 3136 3462 3206 ίκανὴ
3507 3136 3836 3202 διδάσκαλος

2158 3227 2288 3294 ἡμῖν
2319 3223 2469 3277 ἔσται
2495 3222 2596 3291 τῆς
2623 3223 2742 3275 κατ’
2771 3221 2971 3292 ἀρετὴν
2995 3221 3287 3286 πολιτείας,
3315 3223 3416 3277 οὐκ
3439 3224 3664 3292 ἀφιείσά
3698 3241 3834 3280 ποτε

2157 3313 2238 3375 είς
2261 3309 2531 3382 ρᾳθυμίαν
2578 3309 2915 3379 ἐμπεσόντας
2939 3308 3033 3362 zeal
3063 3309 3252 3380 λήθην,
3290 3308 3427 3380 πρὸς
3478 3309 3575 3380 τὴν
3628 3311 3834 3367 κακίαν

2157 3396 2541 3468 αὐτομολῆσαι.
2577 3395 2640 3448 Ἥ
2667 3395 2776 3466 7&9
2809 3396 3053 3465 νήφουσα
3084 3396 3177 3449 καὶ
3225 3398 3559 3467 ὲγρηγορυῖα
3583 3397 3732 3469 ψυχὴ
3764 3399 3835 3453 οὐ

2155 3486 2276 3540 τότε
2308 3484 2467 3556 μόνον
2493 3483 2711 3536 ἐπειδάν
2762 3482 2902 3535 κατά
2935 3481 3062 3552 ῥοῦν
3112 3483 3346 3555 φέρηται
3378 3483 3448 3538 τά
3498 3485 3832 3555 πράγματα,

2155 3569 2574 3641 εὐγνωμοσύνην
2595 3569 2976 3633 ἐπιδείκνυται,
3008 3568 3143 3622 ἀλλά
3173 3569 3276 3622 κᾶν
3302 3569 3521 3625 ἐναντία
3563 3587 3650 3633 τις
3683 3589 3836 3644 τερα.

2155 3655 2380 3725 γμάτων
2425 3652 2746 3726 περίστασις
2779 3651 3255 3725 παρακολουθήσῃ.
3289 3651 3384 3705 zeal
3403 3653 3522 3707 τότε
3553 3653 3653 3724 τὴν
3707 3655 3835 3726 ῖσην

2156 3741 2505 3814 εὐχαριστίαν
2543 3739 2826 3810 ἀναφέρει,
2859 3738 3014 3791 οὐδὲν
3064 3738 3174 3792 ἀπὸ
3201 3739 3300 3810 τῆς
3332 3737 3442 3792 τῶν
3486 3740 3835 3810 πραγμάτων

2159 3828 2459 3898 μεταϐολῆς
2484 3825 2840 3897 χαυνουμένη,
2873 3824 3008 3878 ἀλλά
3038 3824 3208 3897 ταύτῃ
3241 3825 3440 3896 μᾶλλον
3467 3828 3833 3900 νευρουμένη,

2157 3915 2250 3968 καὶ
2272 3913 2370 3985 τὴν
2399 3914 2602 3982 ἀφατον
2631 3911 2723 3965 τοῦ
2754 3910 2889 3964 Θεοῦ
2913 3911 3236 3982 κηδεμονίαν
3257 3911 3606 3984 λογιζομένη,
3632 3915 3730 3969 καὶ
3751 3915 3834 3980 ὠς

2157 3998 2386 4070 εὔπορος
2415 3997 2490 4052 ὢν
2540 3998 2636 4053 καὶ
2692 3998 2998 4068 εὐμήχανος
3045 3997 3268 4052 δύναται
3310 3999 3402 4054 καὶ
3455 3999 3524 4053 δι’
3566 4000 3833 4056 ἐναντίων

2158 4085 2496 4158 πραγμάτων
2519 4124 2534 4150 ,
2592 4086 2642 4138 εί
2673 4085 2765 4138 καῖ
2797 4086 2957 4156 ἡμεῖς
2995 4085 3095 4157 τὴν
3143 4087 3348 4159 ἀκριϐῆ
3401 4087 3704 4158 κατάληψιν
3749 4091 3830 4161 μὴ

2159 4170 2431 4243 ἰσχὺωμεν
2463 4172 2712 4235 συνιδεῖν,
2734 4171 2832 4242 τὴν
2855 4171 3048 4226 ἐαυτοῦ
3071 4171 3399 4244 κηδεμονίαν
3426 4173 3828 4239 ἐπιδείξασθαι.

2227 4265 2300 4323 ς’.
2338 4257 2494 4312 Οὐτω
2533 4257 2714 4312 τοίνυν
2744 4259 2961 4313 ᾶπαντα
2995 4259 3067 4312 τά
3093 4260 3219 4314 καθ’
3256 4261 3406 4331 ἡμᾶς
3435 4261 3827 4332 παραχωροῦν-

2152 4361 2264 4409 τες,
2281 4347 2427 4409 ὂπως
2444 4345 2508 4399 ἀν
2524 4345 2754 4415 φέρηται
2779 4344 2844 4398 τὰ
2872 4345 3192 4416 πράγματα,
3214 4348 3374 4418 ἡμεῖς
3401 4345 3460 4401 ἓν
3480 4349 3640 4418 μόνον
3664 4349 3829 4420 ιργον

2154 4429 2389 4501 ἔχωμεν,
2416 4430 2475 4483 τὸ
2500 4430 2762 4501 διηνεκῶς
2795 4430 2944 4500 αὐτῷ
2991 4431 3332 4502 εὐχαριστεῖν
3376 4433 3516 4505 ὑπέρ
3543 4435 3824 4490 ἀπάντων.

2153 4520 2252 4573 Διά
2276 4519 2385 4590 7&9
2417 4518 2574 4572 τοῦτο
2601 4517 2806 4586 λογικοί
2831 4534 2976 4581 τινες
3015 4520 3341 4590 γεγόναμεν,
3372 4522 3468 4574 καὶ
3492 4521 3665 4592 ταύτῃ
3713 4522 3827 4576 τῶν

2152 4607 2362 4675 ἀλόγων
2387 4606 2767 4677 διεστήκαμεν,
2808 4605 2895 4659 ἴνα
2925 4606 3022 4670 τὰς
3045 4608 3317 4677 εὐφημίας
3342 4609 3436 4663 zeal
3465 4611 3590 4674 τοὺς
3618 4609 3824 4680 ῦμνους

2153 4695 2247 4748 zeal
2269 4694 2532 4763 διηνεκεῖς
2561 4693 2868 4760 δοξολογίας
2921 4693 3282 4766 ἀναφέρωμεν
3331 4696 3408 4765 τῷ
3438 4697 3546 4750 τῶν
3569 4697 3706 4750 ὅλων
3729 4698 3823 4771 δη·

2157 4779 2419 4849 μιουργῷ.
2449 4779 2546 4832 Διά
2568 4779 2726 4831 τοῦτο
2749 4780 2843 4833 καὶ
2864 4779 3040 4851 ψυχὴν
3067 4783 3199 4850 ἡμῖν
3217 4783 3632 4846 ἐνέπνευσε,καὶ
3651 4784 3822 4852 γλῶσο

2156 4881 2250 4918 σαν
2276 4866 2584 4936 ἐχαρίσατο,
2628 4866 2714 4918 ἵνα
2732 4865 2841 4918 τῶν
2866 4866 2996 4938 παρ’
3021 4867 3185 4921 αὐτοῦ
3223 4871 3302 4931 είς
3321 4870 3468 4938 ἡμᾶς
3490 4870 3830 4940 εὐεργεσιῶν

2151 4953 2229 5013 είς
2255 4952 2505 5021 αἴσθησιν
2532 4952 2834 5022 ἐρχόμενοι,
2873 4952 2967 5005 zeal
2997 4953 3094 5020 τὴν
3117 4953 3432 5008 δεσποτείαν
3453 4957 3821 5023 ἐπιγινώσκωο

2154 5054 2273 5106 μεν,
2293 5040 2385 5092 zeal
2404 5039 2502 5108 τὴν
2529 5037 2948 5109 εὐγνωμοσύνην
2976 5036 3125 5108 [εει]
3151 5038 3568 5111 ἐπιδειξώμεθα,
3609 5045 3706 5096 καὶ
3723 5043 3821 5114 τὴν

2151 5125 2290 5179 κατά
2325 5125 2552 5195 δύναμιν
2580 5124 2928 5195 εὐχαριστίαν
2952 5125 3311 5197 ἀναφέρωμεν
3339 5127 3417 5196 τῷ
3445 5129 3712 5199 Δεσπότη.
3754 5129 3819 5185 Et

2149 5212 2257 5281 7&9
2303 5211 2578 5282 ἄνθρωποι
2637 5213 2684 5263 ol
2711 5212 2812 5280 τῆς
2838 5211 3006 5282 αὐτῆς
3037 5213 3167 5286 ἡμῖν
3187 5213 3398 5282 φύσεως
3413 5214 3817 5281 κοινωνοῦντες,

2154 5299 2353 5369 μικράν
2382 5316 2501 5352 τινα
2533 5297 2790 5358 πολλάκις
2832 5297 2926 5350 καὶ
2952 5297 3143 5369 εὐτελῆ
3190 5301 3270 5362 είς
3299 5301 3445 5370 ημᾶς
3495 5303 3816 5373 εὐεργεσίαν

2149 5384 2522 5452 καταθέμενοι,
2549 5382 2840 5435 ἀπαιτοῦσι
2867 5382 2965 5453 τὴν
2997 5379 3235 5455 ὑπὲρλῶν
3283 5386 3630 5457 πεπόνθαμεν
3655 5390 3815 5458 εὐχα-

2151 5469 2389 5539 ριστίαν,
2425 5469 2485 5522 οὐ
2515 5468 2603 5520 διὰ
2644 5468 2742 5538 τὴν
2767 5470 3042 5541 ἡμετέραν
3073 5470 3508 5542 εὐγνωμοσύνην,
3569 5471 3686 5524 ἀλλ’
3726 5474 3813 5526 ἵνα

2147 5556 2240 5608 zeal
2265 5555 2417 5608 αὐτοὶ
2441 5554 2689 5608 ἐντεῦθεν
2719 5555 3081 5627 λαμπρότεροι
3112 5557 3424 5625 φαίνωνταιο
3457 5557 3636 5628 πολλῷ
3671 5561 3811 5630 μᾶλ-

2145 5641 2234 5694 λον
2263 5643 2355 5695 ἐπὶ
2379 5641 2475 5694 τοῦ
2501 5640 2881 5711 φιλανθρώπου
2902 5643 3036 5695 Θεοῦ
3074 5643 3233 5696 τοῦτο
3273 5644 3443 5698 πλείω
3469 5647 3640 5698 ποιεῖν
3662 5647 3807 5716 ἡμᾶς

2145 5728 2272 5799 χρὴ,
2303 5729 2399 5782 τοῦ
2423 5729 2508 5781 διὰ
2533 5727 2628 5798 τὴν
2653 5730 2928 5798 ἡμετέραν
2967 5731 3231 5798 ὠφέλειαν
3273 5732 3432 5802 μόνον
3487 5733 3642 5787 τοῦτο
3665 5734 3804 5800 γίνε-
