4070 6386
305 347 419 409 237

281 482 516 525 vestram
566 469 867 539 caritatem,
929 481 984 526 ut
1033 471 1286 526 continuo
1335 471 1546 524 beatum
1596 470 1758 523 istum
1811 466 1868 520 in

285 562 546 616 memoria
601 573 776 616 vestra
819 563 1053 632 geratis,
1106 571 1160 616 et
1214 562 1358 616 illius
1396 560 1608 614 virtutis
1643 556 1876 628 pulchri-

283 651 522 706 tudinem
567 652 706 707 bene
754 653 1005 716 discatis,
1044 663 1149 723 quo
1186 667 1311 708 eum
1354 650 1655 705 imitemini.
1684 648 1872 703 Anim-

280 741 501 800 adverte
541 744 682 799 enim
706 785 722 809 ,
759 747 984 800 obsecro
1005 787 1018 809 ,
1054 752 1287 813 quantus
1321 742 1533 795 virtutis
1587 739 1727 792 illius
1758 739 1875 791 the-

279 850 491 899 saurus,
541 838 666 904 quia
705 851 824 891 cum
881 853 977 906 per
1030 844 1104 889 tot
1147 835 1263 889 dies
1303 833 1373 888 de
1411 832 1502 887 illo
1555 829 1874 884 disserueri-

279 941 420 987 nius,
469 924 701 979 nondum
746 925 904 980 ﬁnem
955 926 1237 994 imponere
1277 920 1573 975 narrationi
1601 922 1872 988 potuimus

279 1030 465 1069 eorum
495 1031 613 1083 quae
655 1016 720 1069 ad
767 1017 913 1069 illum
943 1016 1188 1069 attinent.
1219 1013 1356 1080 Quid
1400 1013 1520 1066 dico
1558 1011 1718 1065 ﬁnem
1767 1009 1872 1062 im-

280 1105 530 1172 ponere?
571 1115 994 1174 quantacumque
1039 1103 1364 1166 dixerimus,
1415 1115 1520 1153 non
1581 1097 1874 1168 peterimus

278 1193 344 1246 ad
365 1196 578 1248 culmen
599 1195 899 1263 pertingere
932 1212 944 1247 :
975 1193 1070 1249 sed
1100 1178 1415 1261 quamvis'et
1445 1203 1542 1244 nos
1569 1197 1625 1243 et
1647 1187 1868 1256 posteri,

277 1286 446 1339 multa
478 1285 545 1338 de
573 1286 665 1338 illo
693 1286 871 1339 dicere
899 1285 1193 1348 valeamus,
1250 1300 1354 1335 non
1403 1292 1577 1334 tamen
1617 1278 1681 1331 ad
1713 1277 1873 1330 ﬁnem

279 1377 565 1444 pervenire
596 1376 886 1442 poterimus
920 1393 931 1429 :
968 1383 1108 1428 tanta
1153 1389 1238 1428 res
1281 1382 1364 1427 est
1412 1352 1598 1426 virtus.
1649 1368 1702 1424 Si
1732 1369 1871 1422 enim

280 1466 608 1519 voluerimus
631 1505 646 1527 ,
703 1466 893 1534 poterit
920 1464 1004 1517 hic
1031 1465 1332 1518 universam
1362 1472 1594 1516 nostram
1633 1469 1872 1513 naturam

281 1554 560 1608 instituere
589 1555 630 1617 ί,
657 1562 710 1607 et
737 1554 800 1606 ad
829 1553 1038 1606 virtutis
1068 1551 1412 1606 imitationem
1441 1548 1711 1604 inducere.
1741 1546 1872 1600 Nam

280 1645 324 1695 si
349 1644 442 1698 ille
469 1645 607 1697 inter
634 1653 711 1696 tot
741 1643 1016 1712 improbos
1055 1654 1274 1696 versans
1297 1681 1313 1706 ,
1343 1653 1514 1708 neque
1549 1637 1752 1691 habens
1793 1635 1873 1688 fa-

285 1735 551 1789 miliarem
579 1733 832 1804 aliquem,
882 1735 935 1788 in
964 1744 1169 1788 tantum
1197 1732 1410 1788 virtutis
1440 1730 1704 1799 fastigium
1751 1740 1874 1798 per-

281 1832 493 1885 venisse
523 1831 767 1884 inventus
793 1839 874 1882 est
905 1846 919 1880 :
951 1843 1077 1896 qua:
1098 1836 1284 1879 nostra
1306 1825 1410 1879 erit
1437 1823 1730 1884 excusatio,
1753 1835 1874 1874 cum

281 1933 384 1972 nec
408 1918 532 1973 talia
561 1919 714 1972 nobis
741 1918 847 1972 sint
877 1915 1277 1986 impedimenta,
1304 1922 1359 1968 et
1386 1922 1564 1967 tamen
1600 1911 1875 1980 negligen-

284 2021 368 2066 tes
405 2012 574 2065 simus
629 2012 696 2064 ad
750 2011 886 2076 bona
942 2007 1146 2076 Opera?
1179 2006 1315 2061 Nolo
1366 2004 1510 2059 enim
1555 2002 1700 2056 dicas
1747 1999 1877 2054 milii

281 2101 452 2154 solam
483 2101 625 2155 illam
667 2103 1079 2170 quingentorum
1119 2111 1379 2151 annorum
1425 2095 1611 2156 vitam,
1663 2092 1877 2163 quando

282 2192 710 2245 siibsannabatur
779 2199 834 2244 et
900 2189 1254 2254 irriilebatur,
1337 2187 1752 2255 versabaturqiie
1821 2186 1876 2238 in

283 2281 464 2336 medio
513 2281 892 2351 ﬂagitiosorum
943 2297 956 2335 :
1005 2277 1101 2333 sed
1152 2286 1208 2332 et
1244 2291 1440 2330 annum
1494 2275 1664 2340 illum,
1716 2289 1876 2342 quem

292 2383 463 2426 10111111
511 2372 563 2425 111
615 2386 738 2424 arca
782 2370 1057 2438 transegit,
1101 2368 1190 2436 qui
1218 2381 1346 2420 sane
1371 2363 1725 2418 confereiidus
1749 2363 1876 2416 mihi

289 2465 504 2518 videtur
551 2463 646 2517 toti
696 2461 922 2531 tempori
963 2457 1224 2528 superiori
1256 2473 1272 2509 :
1305 2465 1504 2510 tantam
1540 2454 1610 2508 ibi
1639 2452 1880 2507 afﬂictio-

284 2571 408 2610 iiem
463 2554 601 2610 ferre
642 2555 932 2622 cogebatur
963 2553 1139 2616 justus
1185 2549 1303 2614 ille,
1352 2549 1403 2601 in
1446 2545 1609 2601 tantis
1656 2559 1878 2598 versans

281 2646 565 2714 angustiis,
617 2658 788 2712 neque
827 2643 1090 2711 respirare
1117 2640 1321 2702 valens,
1352 2649 1406 2692 et
1436 2638 1666 2690 ferarum
1697 2635 1879 2687 bruto-

280 2751 511 2805 rumque
538 2735 836 2788 convictum
868 2731 1048 2784 ferens
1078 2748 1092 2783 :
1120 2730 1208 2798 qui
1230 2737 1283 2783 et
1305 2728 1357 2781 in
1382 2725 1630 2781 omnibus
1643 2732 1878 2778 mentem

283 2840 436 2878 suam
483 2823 707 2877 solidam
751 2820 1076 2882 declarabat,
1125 2826 1182 2872 et
1227 2817 1550 2870 voluntatem
1597 2812 1736 2866 ﬂecti
1783 2827 1878 2866 ne-

281 2919 473 2981 sciant,
528 2925 584 2970 et
625 2915 781 2969 ﬁdem
834 2927 960 2981 erga
991 2910 1177 2972 Deum,
1208 2923 1304 2978 per
1329 2921 1488 2977 quam
1521 2904 1673 2960 facile
1711 2914 1760 2959 et
1794 2903 1873 2957 Ie—

281 3008 421 3060 viier
462 3006 641 3059 omnia
678 3005 992 3058 sustinebat.
1032 3002 1205 3070 Atque
1233 2999 1454 3063 ideirco,
1485 2995 1735 3066 quoniam
1761 3009 1882 3064 qua:

279 3109 377 3148 sua
407 3104 562 3149 erant
589 3093 764 3147 omnia
792 3091 1070 3154 alferebat,
1117 3103 1307 3143 eorum
1349 3087 1510 3142 etiam
1547 3099 1667 3155 quae
1713 3099 1742 3136 a
1774 3084 1880 3138 Deo

281 3193 461 3248 erant,
486 3183 699 3237 abunde
727 3183 925 3251 potitus
942 3189 1044 3234 est.
1067 3179 1321 3246 Quamvis
1347 3177 1490 3230 enim
1521 3175 1741 3229 multam
1773 3172 1881 3227 fer-

282 3286 369 3331 ret
399 3277 451 3329 111
477 3289 600 3328 arca
630 3274 948 3343 angustiam,
993 3280 1226 3324 attamen
1259 3267 1551 3322 terribilem
1593 3273 1881 3333 tempesta-

282 3380 390 3422 tem
420 3378 472 3423 et
503 3379 843 3422 communem
871 3363 1108 3416 omnium
1135 3360 1554 3414 internecionem
1574 3355 1878 3424 ellugiebai.

284 3459 352 3513 Et
399 3467 682 3527 propterea
725 3462 846 3524 post
881 3453 1178 3522 angustiam
1227 3449 1372 3502 illam
1413 3458 1468 3502 et
1494 3445 1881 3501 intblerabilem

283 3564 577 3612 carcerein,
625 3545 964 3601 securitatem
1010 3552 1064 3597 et
1108 3541 1340 3609 quietem
1393 3538 1617 3606 adeptus
1653 3546 1736 3590 est
1777 3551 1881 3589 una

282 3657 405 3695 cum
436 3641 613 3695 divina
641 3636 1051 3699 benedictione;
1086 3635 1385 3701 iterumque
1417 3641 1627 3700 graium
1646 3629 1880 3682 animum

282 3734 538 3801 operibus
577 3730 849 3793 iudicavit,
892 3736 949 3781 et
994 3726 1193 3794 ubique
1247 3725 1487 3778 invenies
1530 3722 1675 3774 illum
1713 3720 1881 3789 prima

282 3826 596 3880 contulisse.
637 3822 770 3877 Nam
819 3821 959 3875 sicut
1003 3819 1054 3872 in
1097 3817 1265 3887 prima
1291 3826 1448 3868 :etate
1476 3827 1691 3867 omnem
1719 3813 1883 3866 virtu-

283 3927 394 3970 teni
423 3925 655 3970 sectatus
683 3920 785 3976 est,
833 3920 885 3964 et
913 3925 943 3963 a
971 3910 1114 3963 vitiis
1153 3922 1211 3961 se
1240 3905 1510 3984 alienavit,
1556 3903 1748 3973 quibus
1786 3903 1876 3971 qui

286 4019 414 4061 tunc
462 4005 723 4065 vivebant,
777 4000 957 4056 infecti
987 4008 1141 4054 erant
1173 4014 1187 4052 :
1221 3996 1364 4050 unde
1401 4007 1576 4063 neque
1606 4007 1882 4061 pinnarum

288 4099 556 4170 particeps
603 4097 720 4160 fuit,
762 4103 965 4148 etcum
1014 4091 1104 4144 alii
1151 4102 1340 4143 omnes
1387 4086 1880 4153 submergerentur,

287 4192 404 4259 ipse
455 4189 598 4242 Solus
644 4195 884 4241 servatus
929 4191 1051 4236 est:
1088 4182 1156 4233 ita
1189 4191 1372 4232 rursus
1399 4177 1522 4245 quia
1564 4173 1720 4227 ﬁdem
1751 4186 1884 4241 quo-

286 4295 396 4348 que
446 4278 656 4339 habuit,
705 4286 759 4331 et
801 4289 922 4327 cum
947 4271 1236 4342 gratiarum
1265 4268 1475 4321 actione
1505 4279 1655 4318 suam
1681 4264 1734 4316 iii
1760 4275 1883 4315 arca

289 4371 672 4426 habitationem
718 4366 869 4428 tulit,
915 4364 1103 4417 iterum
1144 4358 1320 4413 divina
1363 4357 1502 4410 dona
1548 4353 1764 4423 cepiose
1811 4352 1883 4405 illi

287 4444 548 4516 concessa
579 4467 739 4521 sunt,
781 4463 834 4508 et
870 4469 990 4508 cum
1034 4465 1284 4522 egressus
1324 4465 1386 4502 ex
1417 4461 1560 4510 arca,
1605 4449 1739 4499 etin
1777 4444 1885 4512 prio

287 4555 488 4606 stiuuiii
516 4561 708 4603 statum
736 4547 1010 4601 restitutus
1039 4553 1212 4604 esset,
1242 4541 1418 4593 statim
1447 4537 1871 4592 benedictionem

287 4649 649 4710 consequutus
680 4647 781 4700 est,
818 4646 872 4689 et
919 4637 1108 4687 iterum
1150 4632 1358 4685 solitam
1385 4644 1492 4697 prie
1521 4643 1579 4681 se
1612 4627 1729 4679 tulit
1748 4626 1883 4694 grati

289 4731 455 4786 animi
476 4729 813 4799 probitatem,
842 4726 1140 4792 emissaque
1170 4723 1456 4790 gratiarum
1485 4718 1694 4770 actione
1722 4717 1884 4770 etiam

293 4837 421 4878 tunc
452 4821 738 4886 majoribus
771 4815 1042 4868 beneﬁciis
1067 4829 1096 4864 a
1143 4813 1253 4864 Deo
1292 4807 1588 4862 cumulatus
1628 4815 1730 4860 est.
1773 4805 1887 4859 Mos

292 4915 439 4968 enim
489 4913 576 4964 Dei
618 4925 719 4969 est,
767 4917 825 4960 ut
871 4907 916 4958 si
948 4919 1045 4956 nos
1075 4902 1250 4956 tenuia
1278 4900 1520 4969 quaedam
1551 4907 1605 4952 et
1630 4899 1751 4951 vilia
1782 4897 1882 4951 ob-

293 5003 603 5060 tuleriiniis.
640 5000 734 5055 scd
778 5009 953 5051 tamen
981 4994 1352 5057 obtulerimus,
1382 4993 1544 5046 multa
1573 4991 1887 5047 liberalitate

294 5111 394 5150 nos
423 5100 745 5148 remuneret.
794 5089 859 5142 Et
885 5098 940 5141 ut
971 5086 1147 5140 discas
1174 5095 1368 5154 quanta
1411 5083 1480 5137 sit
1533 5083 1760 5135 humana
1807 5091 1886 5133 te-

296 5188 494 5250 nuitas,
546 5193 739 5252 quanta
790 5182 879 5234 Dei
923 5176 1333 5247 magniﬁcentia,
1382 5175 1471 5227 hic
1509 5184 1740 5227 mentem
1790 5171 1887 5225 ad-

296 5281 444 5333 liibe.
499 5277 605 5331 Nos
633 5277 773 5329 enim
802 5274 844 5326 si
877 5271 1001 5339 quid
1029 5270 1356 5322 Vulnerimus
1380 5266 1593 5330 oil‘erre,
1619 5265 1745 5334 quid
1776 5281 1889 5318 am-

298 5373 438 5439 plius
465 5368 660 5422 offerre
692 5379 995 5434 possumus,
1042 5377 1198 5430 quam
1239 5369 1494 5428 quantum
1550 5358 1725 5410 verbis
1770 5372 1890 5425 gra-

298 5465 401 5513 tias
451 5456 875 5513 101111111111δῖ1⁴211
915 5468 1044 5507 sane
1094 5467 1213 5517 quin
1268 5449 1381 5517 ipse
1427 5447 1677 5510 exhibet,
1727 5461 1889 5514 Opere

298 5551 454 5607 nobis
495 5556 731 5615 praestat.
776 5547 943 5612 Quam
995 5542 1213 5610 imparia
1258 5549 1438 5593 autem
1477 5546 1600 5592 sunt
1642 5536 1799 5590 verba
1833 5543 1890 5589 et

367 5709 380 5736 ι
421 5705 543 5751 1111111
580 5711 707 5757 tiss.,
733 5699 780 5749 si
797 5697 922 5748 enim
959 5694 1266 5756 voluerimus,
1312 5693 1574 5757 poterimus
1618 5689 1886 5742 universam

299 5775 524 5820 naturam
547 5770 756 5813 nostram
789 5760 858 5810 sic
876 5760 1139 5809 instituere.

1309 347 1373 406 IN
1413 347 1563 406 CAP.
1608 346 1734 404 \‘lll.
1782 339 2028 404 CENES.
2071 346 2298 406 llOMlL.
2345 347 2532 408 XXVI.

3460 349 3571 414 £33

1980 466 2183 535 Opera?
2221 477 2274 522 et
2306 469 2557 523 Dominus
2585 462 2846 523 nullarum
2872 477 3050 524 rerum
3081 469 3293 541 indigns
3320 479 3423 534 est,
3453 471 3570 524 nuta-

1987 559 2136 626 'aque
2185 573 2367 613 rerum
2405 571 2706 614 nostrarum
2754 568 2895 629 eget,
2947 569 3302 630 praeterquam
3343 559 3569 615 verbis:

1977 663 2136 718 atque
2163 648 2301 704 hanc
2321 650 2486 718 ipsam
2515 651 2690 705 verbis
2718 652 2975 718 prolatam
3001 651 3287 720 gratiarum
3306 651 3572 705 actionem

1978 739 2160 808 exigit,
2211 754 2316 794 non
2357 739 2499 808 quod
2555 755 2616 794 ea
2663 740 2778 809 ipse
2819 755 2955 809 opus
3000 739 3212 800 habeat.
3243 739 3341 795 sed
3373 749 3430 794 ut
3474 754 3571 794 nos

1977 829 2165 883 doceat
2204 841 2382 898 gratos
2426 846 2569 891 esse,
2611 839 2984 909 etagnoscere
3011 841 3279 886 tantorum
3308 831 3574 885 bonorum

1978 922 2452 989 suppeditatorem.
2506 924 2570 977 Et
2620 920 2762 979 illam
2792 924 2862 977 ob
2885 935 3104 978 causam
3138 923 3332 978 Paulus
3359 937 3573 993 quoque

1982 1014 2220 1068 scribens
2247 1013 2456 1068 dicebat
2487 1037 2503 1069 :
2533 1014 2682 1069 Grati
2706 1026 2860 1070 estote
2904 1014 3128 1083 (Colon.
3165 1011 3217 1071 3.
3249 1014 3380 1082 15).
3425 1013 3574 1068 Nihil

1977 1104 2119 1156 enim
2166 1105 2243 1158 sic
2270 1106 2489 1173 requirit
2524 1121 2553 1160 a
2592 1107 2746 1160 nobis
2787 1107 3060 1170 Dominus,
3103 1113 3162 1159 ut
3199 1103 3339 1160 istud
3377 1105 3574 1174 ipsum.

1980 1195 2208 1249 Proinde
2254 1212 2321 1251 ne
2365 1197 2535 1252 simus
2565 1198 2778 1267 ingrati,
2827 1213 3000 1265 neque
3025 1193 3150 1251 dum
3181 1213 3240 1250 re
3267 1196 3378 1265 ipsa
3412 1195 3578 1249 bene-

1979 1282 2095 1339 licia
2142 1287 2480 1356 experimur,
2554 1298 2843 1357 gravemiir
2881 1287 3075 1342 offerre
3117 1286 3344 1341 Domino
3393 1282 3576 1339 verbis

1980 1377 2176 1429 nostris
2201 1378 2488 1445 gratiarum
2539 1379 2801 1434 actionem
2839 1397 2850 1431 :
2884 1380 3074 1433 iterum
3101 1378 3242 1432 enim
3269 1379 3474 1431 lucrum
3520 1377 3574 1428 iii

1980 1480 2078 1518 nos
2106 1466 2382 1521 redundat.
2409 1466 2559 1535 Quod
2586 1469 2632 1522 si
2658 1468 2727 1522 de
2750 1469 2932 1536 primis
2957 1468 3092 1538 grati
3121 1466 3398 1529 fuerimus,
3441 1481 3577 1532 prai-

1980 1564 2217 1625 terqiiam
2257 1556 2399 1625 quod
2441 1558 2642 1622 majora
2685 1558 3061 1622 nanciscimur,
3129 1556 3287 1609 etiam
3322 1555 3573 1609 ﬁduciam

1981 1646 2132 1700 nobis
2175 1660 2418 1716 magnam
2462 1659 2857 1715 comparamus.
2893 1641 3066 1702 Unum
3120 1646 3258 1712 hoc,
3313 1647 3574 1709 obsecro,

1979 1732 2200 1805 singulis
2241 1735 2430 1790 diebus
2459 1744 2516 1791 et
2544 1735 2711 1800 horis,
2767 1738 2811 1791 si
2850 1735 2960 1790 ﬁeri
3000 1745 3196 1804 potest,
3230 1745 3580 1803 supputemus

1980 1825 2278 1888 nobiscum,
2331 1840 2438 1879 non
2481 1826 2780 1880 communia
2811 1834 3016 1878 tantum
3045 1825 3301 1880 beneﬁcia
3331 1836 3450 1893 qua:
3483 1825 3578 1877 toti

1981 1927 2182 1972 naturae
2229 1920 2465 1972 omnium
2502 1917 2687 1987 Opilex
2732 1917 2992 1984 contulit,
3036 1916 3131 1972 sed
3177 1925 3233 1970 et
3272 1917 3476 1986 privata
3525 1923 3578 1970 et

1980 2007 2305 2076 quotidiana.

2052 2095 2307 2166 Beneﬁcia
2349 2097 2482 2151 Dens
2523 2099 2665 2151 nobis
2693 2097 3088 2167 coniunctium
3116 2097 3319 2152 nesciis.
3346 2116 3416 2137 -έ-
3436 2094 3575 2162 Qitid

1981 2190 2102 2243 dico
2148 2190 2348 2256 privata
2379 2199 2434 2243 et
2462 2190 2812 2259 quotidiana?
2844 2189 3014 2243 Etiam
3041 2204 3104 2244 ea
3129 2203 3250 2259 quze
3285 2188 3582 2257 ignoranti-

1983 2279 2080 2332 bus
2106 2279 2258 2332 nohis
2284 2277 2512 2344 confert,
2541 2294 2742 2349 proque
2781 2278 2861 2333 his
2891 2280 3089 2349 gratias
3131 2291 3371 2348 agamus.
3396 2276 3580 2344 Quan-

1981 2368 2265 2437 doquidem
2295 2369 2437 2422 enim
2467 2384 2560 2438 pro
2588 2371 2760 2424 salute
2786 2378 2966 2424 nostra
2993 2368 3251 2422 sollicitus
3277 2375 3378 2431 est,
3412 2364 3577 2419 multa

1983 2461 2140 2512 etiam
2173 2459 2224 2513 in
2265 2474 2361 2513 nos
2393 2459 2602 2514 nescios
2649 2457 2905 2514 beneﬁcia
2941 2458 3182 2522 conten,
3227 2472 3371 2527 s:epe
3413 2460 3578 2510 etiam

1983 2567 2012 2603 e
2044 2551 2293 2620 periculis
2320 2551 2498 2619 eripit,
2529 2560 2689 2620 atque
2725 2552 2825 2604 alia
2863 2549 3119 2606 benelicia
3150 2558 3382 2620 praestat.
3435 2542 3581 2602 Fons

1983 2645 2124 2697 enim
2154 2653 2234 2698 est
2274 2643 2597 2708 clementiai,
2630 2657 2724 2698 sua
2757 2641 2952 2697 tluenta
2979 2655 3191 2711 semper
3219 2641 3454 2696 humano
3481 2655 3576 2709 ge.

1984 2736 2099 2790 neri
2141 2735 2487 2804 111-111⁵1111άο119.
2519 2736 2682 2806 Igitur
2723 2736 2767 2791 si
2809 2735 2927 2790 haec
2967 2737 3282 2806 cogitemus,
3327 2746 3579 2802 Operam-

1983 2843 2086 2897 qne
2115 2827 2302 2882 demus
2328 2837 2388 2881 ut
2416 2836 2473 2883 et
2500 2843 2596 2897 pro
2625 2828 2813 2898 primis
2863 2828 2975 2881 suis
3006 2828 3161 2882 donis
3197 2827 3395 2896 gratias
3435 2825 3540 2878 111111

1985 2935 2164 2974 ramus
2215 2920 2459 2984 Domino,
2513 2929 2567 2974 et
2600 2935 2697 2988 pro
2726 2919 2916 2973 futuris
2943 2917 3022 2974 sic
3051 2932 3148 2971 nos
3179 2930 3539 2986 pneparemiis
3560 2956 3577 2978 ,

1986 3019 2041 3063 ut
2071 3025 2176 3064 non
2206 3010 2478 3064 videamur
2518 3009 2717 3080 indigni
2743 3010 2859 3080 ejus
2884 3009 3176 3073 beneflciis,
3203 3009 3384 3063 Statim
3412 3009 3572 3061 vitam

1985 3101 2249 3169 egregiam
2300 3101 2595 3166 instituere,
2649 3107 2706 3154 et
2750 3099 2970 3153 malitia:
3011 3100 3305 3168 periculum
3342 3094 3579 3168 ell‘ngere
3649 3156 3668 3162 _,

1987 3189 2298 3258 poterimus.
2334 3189 2715 3244 Beneﬁciorum
2746 3190 2889 3244 enim
2923 3190 3182 3244 memoria
3205 3188 3394 3243 idonea
3425 3189 3582 3242 nobis

1986 3291 2070 3336 est
2097 3282 2346 3351 magistra
2379 3281 2444 3333 ad
2470 3282 2634 3335 vitam
2681 3282 2876 3334 virtute
2912 3280 3211 3350 prinilitam,
3264 3294 3371 3335 non
3396 3281 3582 3335 sinens

1985 3387 2085 3426 nos
2113 3371 2164 3426 in
2183 3382 2451 3441 torporem
2477 3373 2908 3442 oblivionemque
2928 3371 3186 3438 incidere,
3209 3380 3267 3428 et
3294 3372 3358 3425 ad
3379 3372 3580 3426 malum

1985 3464 2273 3519 declinare.
2320 3463 2468 3518 Mens
2494 3465 2637 3518 enim
2664 3462 2843 3518 sobria
2871 3471 2930 3518 et
2962 3463 3207 3532 vigilans,
3258 3476 3362 3515 non
3393 3462 3572 3515 solum

1985 3569 2105 3609 cum
2127 3555 2351 3610 feliciter
2373 3570 2462 3610 res
2495 3553 2812 3620 succedunt,
2841 3553 2936 3609 sed
2966 3556 3126 3607 etiam
3147 3552 3361 3623 quando
3386 3561 3581 3620 praeter

1986 3645 2302 3699 sententiam
2356 3655 2593 3698 nostram
2639 3645 2863 3698 adversa
2909 3644 3196 3706 eveniunt,
3248 3655 3357 3696 11011
3404 3642 3584 3696 minus

1986 3736 2182 3805 gratias
2211 3736 2340 3806 agit,
2381 3735 2653 3805 nihiloque
2687 3749 2752 3788 ex
2787 3749 2964 3788 rerum
2995 3732 3364 3787 vicissitudine
3388 3731 3579 3786 remis.

1986 3826 2097 3879 sior
2140 3825 2198 3879 ﬁt
2240 3841 2254 3877 :
2297 3823 2393 3879 sed
2437 3826 2607 3894 magis
2649 3823 2969 3889 rebantur,
3021 3833 3077 3878 et
3117 3819 3436 3877 ineﬂabilem
3480 3819 3580 3875 Del

1988 3915 2372 3985 providentiam
2391 3914 2714 3981 considerat,
2736 3915 2825 3985 qui
2855 3928 2977 3968 cum
3003 3915 3072 3967 sit
3095 3913 3244 3968 dives
3261 3922 3319 3969 et
3341 3914 3581 3984 sapiens.

1987 4006 2146 4059 etiam
2181 4021 2273 4073 per
2295 4020 2383 4061 res
2407 4005 2695 4070 adversas,
2747 4004 2991 4074 quamvis
3012 4004 3114 4057 hoc
3145 4003 3443 4073 intelligere
3472 4016 3579 4055 non

1988 4098 2276 4167 possimus,
2323 4113 2474 4152 suam
2504 4097 2780 4152 declarare
2810 4105 2984 4165 potest
3012 4095 3418 4165 providentiam.

2059 4190 2113 4244 6.
2157 4186 2374 4242 Muralis
2415 4187 2720 4242 exhortatio.
2776 4216 2848 4226 —
2889 4186 3055 4256 Igitur
3077 4186 3156 4239 sic
3179 4194 3234 4239 et
3263 4199 3361 4238 nos
3398 4185 3578 4238 omnia

1989 4291 2170 4337 nostra
2215 4279 2507 4342 faciamus,
2558 4289 2616 4332 ut
2676 4277 3132 4347 qualitercumque
3173 4275 3398 4340 cadant,
3464 4276 3582 4327 uni-

1989 4388 2109 4426 cum
2131 4381 2371 4426 nostrum
2397 4383 2529 4440 opus
2556 4371 2624 4424 sit
2650 4369 2904 4423 continuo
2932 4383 3027 4437 pro
3057 4369 3161 4421 illis
3181 4368 3374 4437 gratias
3397 4378 3578 4435 agerc.

1991 4463 2214 4532 Propter
2243 4463 2343 4515 hoc
2389 4463 2531 4515 enim
2564 4460 2854 4514 rationales
2880 4455 3002 4513 facti
3033 4473 3239 4525 sumus,
3266 4467 3322 4513 et
3351 4473 3378 4508 a
3411 4457 3581 4511 brutis

1988 4552 2301 4614 iliﬂ'erimns,
2349 4561 2405 4604 iit
2448 4550 2762 4615 laudemus,
2798 4550 3166 4612 celebremus,
3219 4548 3576 4616 gloriﬁcemus

1986 4644 2182 4712 jngiter
2215 4642 2496 4695 Dominum
2528 4642 2764 4694 omnium
2795 4639 3147 4710 conditorem.
3189 4631 3483 4707 Eapropter
3525 4644 3582 4690 et

1991 4735 2220 4786 animam
2269 4733 2421 4784 nobis
2456 4731 2751 4800 inspiravit,
2798 4741 2854 4784 et
2892 4729 3123 4799 linguam
3173 4728 3341 4793 dedit,
3384 4729 3578 4795 utcjus

1994 4824 2044 4876 in
2078 4839 2176 4876 nos
2210 4823 2464 4876 bcin-ﬁiia
2492 4835 2650 4875 sensu
2677 4820 3051 4890 percipientcs,
3082 4818 3376 4872 dominium
3411 4833 3580 4885 agno-

1992 4930 2223 4977 scamus,
2254 4925 2308 4968 et
2351 4928 2445 4966 nos
2485 4921 2667 4980 gratos
2712 4909 3086 4972 exltibeamns,
3133 4921 3197 4962 ac
3245 4923 3339 4977 pro
3381 4908 3581 4960 viribus

1997 5007 2218 5058 nomine
2254 5005 2452 5072 gratias
2498 5015 2738 5068 agamus.
2784 4999 2914 5053 Nam
2965 5000 3006 5051 si
3059 4997 3330 5062 homines,
3389 4998 3581 5065 quibus

1993 5099 2177 5153 eadem
2206 5106 2286 5150 est
2316 5103 2499 5147 natura
2530 5093 2827 5150 nobiscum,
2875 5105 2994 5142 cum
3039 5104 3262 5156 parvum
3296 5088 3582 5157 aliquando

1993 5207 2054 5244 ac
2084 5191 2186 5243 vile
2213 5189 2365 5241 nobis
2400 5183 2713 5239 beneﬁcium
2743 5181 3102 5250 prmstitcrittl,
3129 5180 3343 5248 exigunt
3369 5193 3397 5231 a
3429 5178 3582 5230 nobis

1993 5282 2282 5350 gratiarum
2315 5276 2598 5335 actionem,
2642 5286 2745 5325 non
2793 5268 2937 5338 quod
2967 5279 3204 5322 nostrum
3245 5277 3434 5321 curent
3461 5281 3575 5334 grai

1997 5384 2104 5425 iuni
2153 5369 2425 5428 animum,
2467 5361 2562 5417 sed
2617 5371 2675 5414 ut
2731 5360 2832 5428 ipsi
2880 5358 2999 5411 inde
3042 5356 3365 5410 celebriores
3403 5354 3533 5407 ﬁant
3562 5373 3579 5406 -.

1994 5471 2190 5530 quanto
2230 5458 2397 5527 magis
2442 5455 2491 5508 id
2529 5452 2682 5505 nobis
2712 5450 3008 5504 faciendum
3052 5450 3105 5501 in
3155 5449 3216 5500 iis
3254 5463 3371 5516 quae
3410 5462 3439 5498 a
3471 5445 3582 5499 Deo

1994 5553 2331 5620 accepimus,
2381 5547 2469 5616 qui
2526 5544 2628 5598 hoc
2671 5543 2843 5596 solum
2894 5540 2964 5593 ob
3017 5548 3252 5592 iio~tram
3302 5537 3581 5589 utilitatem

1995 5645 2108 5697 vult
2146 5641 2300 5695 ﬁeri?
2355 5638 2485 5692 Nam
2534 5634 2672 5688 sicut
2719 5646 2837 5684 cum
2884 5631 3016 5698 grati
3047 5643 3228 5681 sumus
3253 5625 3586 5686 hominibus,

1993 5738 2081 5806 qui
2126 5733 2277 5786 nobis
2319 5727 2735 5787 bcnelecerunt,
2805 5720 2925 5774 illos
2969 5718 3224 5774 clariores
3267 5714 3570 5774 reddimus;
