4070 6390
532 396 643 454 (239

538 502 609 555 ita
654 507 710 554 et
760 499 805 554 si
845 498 900 553 in
948 493 1228 566 benignum
1276 491 1440 545 Deum
1481 486 1735 542 fuerimus
1775 481 1947 555 grati,
2004 490 2103 532 nos

541 591 685 660 ipsos
722 588 1040 643 illustriores
1085 582 1346 645 facimus;
1386 578 1634 647 qttoniam
1685 589 1790 629 non
1838 580 1896 626 ut
1930 575 2107 660 nostra

544 657 899 736 celebratione
932 690 1080 746 opus
1122 671 1342 734 habens,
1394 668 1495 723 hoc
1540 666 1652 721 fieri
1696 663 1809 718 vult
1847 679 1861 715 :
1904 657 1999 714 sed
2050 665 2109 712 ut

545 769 795 841 quidquid
843 768 895 823 id
942 765 1075 821 lucri
1125 770 1229 827 est,
1260 763 1449 815 iterum
1487 758 1553 812 ad
1588 770 1685 811 nos
1725 754 1926 815 redeat,
1948 747 2107 804 etdi-

540 874 675 930 gnos
701 857 956 913 faciamus
982 869 1077 910 nos
1108 853 1253 922 ipsos
1292 848 1582 918 majoribus
1617 844 1885 901 subsidiis.
1912 842 2109 908 Quam.

543 951 625 1004 vis
664 959 836 1003 autem
883 960 989 1002 non
1032 945 1297 1014 possimus
1339 941 1389 996 id
1426 940 1617 1003 facere,
1664 944 1722 992 ut
1744 935 1958 1005 dignum
1986 939 2103 986 est:

542 1041 629 1109 qui
672 1038 811 1093 enim
851 1035 953 1093 hoc
999 1034 1115 1090 fieri
1145 1040 1346 1105 posset,
1395 1046 1515 1085 cum
1560 1037 1668 1082 tam
1699 1025 1864 1095 fragili
1905 1031 2108 1077 natura:

537 1130 734 1199 alligati
786 1125 990 1183 simus?
1045 1133 1101 1180 et
1144 1122 1268 1194 quid
1314 1121 1434 1176 dico
1486 1119 1767 1173 humanam
1823 1109 2107 1168 naturam?

536 1220 718 1287 Neque
775 1219 902 1288 ipsa:
948 1218 1271 1283 incorporea:
1316 1221 1370 1266 et
1414 1207 1707 1265 invisibiles
1744 1205 1998 1265 virtutes,
2052 1208 2138 1257 et.

537 1307 858 1378 principatus
885 1314 937 1360 et
965 1311 1281 1374 potestates,
1306 1309 1361 1356 et
1382 1297 1697 1361 Cherubim,
1723 1301 1776 1349 et
1802 1291 2101 1360 Seraphim,

538 1408 597 1452 ut
645 1397 875 1467 dignum,
906 1405 1018 1461 est,
1084 1394 1356 1449 celebrare
1420 1390 1570 1445 illum
1619 1393 1859 1457 possunt,
1899 1380 2104 1437 etiamsi

537 1503 635 1559 pro
658 1487 856 1543 viribus
882 1486 1101 1557 gloriam
1130 1485 1201 1539 illi
1231 1481 1455 1538 offerant
1487 1495 1505 1535 :
1544 1474 1885 1532 nihilominus
1905 1471 2104 1541 justum

539 1580 697 1638 fuerit
742 1594 840 1650 pro
889 1577 1088 1633 viribus
1133 1576 1418 1646 gratiarum
1458 1569 1718 1624 actionem
1773 1563 1964 1619 ollerre
1986 1602 2001 1626 ,
2050 1571 2105 1615 et

540 1671 917 1726 indesinenter
949 1665 1220 1722 celebrare
1270 1660 1550 1718 Dominum
1601 1665 1859 1719 nostrum,
1916 1662 1969 1707 et
2016 1663 2109 1720 per

540 1759 750 1814 laudum
779 1771 958 1821 voces,
1005 1764 1059 1809 et
1095 1770 1188 1825 per
1207 1754 1366 1808 vitam
1407 1749 1682 1819 optimam.
1726 1744 1829 1799 ista
1857 1742 2000 1797 enim
2026 1748 2110 1795 est

542 1847 834 1904 clarissima
863 1844 955 1900 Dei
975 1841 1283 1907 celebratio,
1310 1836 1523 1910 quando
1550 1849 1645 1905 per
1674 1834 1978 1888 innumeras
1998 1829 2103 1884 lin-

540 1952 668 2006 guas
690 1935 914 2007 gloriam
960 1933 1060 2004 ipsi
1097 1931 1385 1987 offerimus.
1432 1926 1564 1983 Nam
1612 1925 1701 1995 qui
1736 1924 1933 1977 virtute
1974 1935 2111 1989 prae-

542 2030 685 2082 ditus
727 2033 829 2091 est,
875 2025 926 2080 id
964 2023 1129 2078 efllcit
1165 2030 1226 2077 ut
1264 2033 1473 2081 omnes,
1519 2017 1607 2087 qui
1653 2016 1923 2069 intuentur
1964 2026 2105 2075 cum,

545 2119 821 2174 Dominum
870 2116 987 2186 ejus
1034 2113 1291 2167 laudent:
1321 2120 1376 2164 et
1419 2106 1707 2163 celebratio
1750 2106 1863 2158 haec
1904 2102 1975 2165 ei,
2014 2102 2107 2170 qui

541 2207 874 2263 occasionem
931 2203 1186 2273 prtebuit,
1252 2213 1496 2270 magnam
1543 2206 1597 2250 et
1638 2192 1957 2249 ineﬂabilem
2016 2189 2107 2244 Dei

541 2295 959 2351 benevolentiam
1004 2291 1269 2347 conciliat.
1322 2287 1457 2356 Quid
1513 2285 1668 2356 igitur
1711 2282 1864 2336 nobis
1904 2280 2109 2335 beatius

545 2388 705 2449 foret,
753 2387 797 2441 si
846 2399 949 2439 non
997 2383 1167 2439 solum
1211 2380 1405 2437 nostris
1449 2379 1639 2447 linguis
1695 2375 1889 2429 bonum
1942 2371 2107 2425 Deum

543 2477 707 2548 gloria
756 2476 1121 2539 afficeremus,
1189 2470 1282 2527 sed
1333 2478 1388 2524 et
1428 2469 1698 2538 proximos
1734 2478 1979 2534 quoque,
2055 2470 2112 2514 ut

545 2576 726 2622 nostro
765 2565 978 2619 nomine
1020 2577 1142 2620 eum
1184 2561 1533 2623 celebrarent,
1566 2554 1944 2611 incitaremus?
1968 2553 2109 2607 Tan-

544 2672 654 2715 tum
692 2660 833 2714 enim
879 2656 1089 2711 virtutis
1137 2657 1297 2711 robur
1343 2665 1440 2714 cst,
1489 2659 1550 2706 ut
1600 2650 1892 2705 innumeris
1919 2646 2112 2718 linguis

543 2730 906 2803 Conditorem
934 2744 1152 2801 laudare
1195 2753 1372 2813 queat.
1436 2740 1577 2794 Nihil
1615 2740 1796 2809 utique
1833 2738 1955 2792 vitae
2005 2738 2110 2791 vir-

541 2840 667 2895 tutis
701 2837 951 2893 studiosze
997 2836 1290 2903 comparari
1342 2840 1537 2901 potest,
1588 2829 1801 2884 dilecte.
1852 2826 2000 2883 Unde
2056 2834 2110 2880 et

544 2930 797 2986 Dominus
819 2927 1026 2982 dicebat
1057 2943 1071 2978 :
1101 2923 1285 2979 Luceat
1314 2923 1402 2977 lux
1427 2931 1589 2975 vestra
1615 2935 1785 2974 caram
1806 2916 2107 2979 hominibus,

547 3029 599 3073 ut
636 3021 834 3073 videant
868 3032 1021 3085 opera
1064 3024 1225 3067 uestra
1272 3013 1430 3075 bona,
1474 3020 1520 3064 et
1569 3009 1850 3081 gloriﬁcent
1904 3005 2109 3058 Patrem

545 3116 759 3161 vestrum
800 3107 890 3176 qui
917 3114 989 3159 est
1029 3104 1084 3157 in
1118 3102 1253 3156 aclis
1282 3099 1489 3170 (Matth.
1518 3098 1570 3155 5.
1606 3099 1718 3166 ili).
1751 3095 1937 3151 Vidisti
1978 3110 2109 3163 quo-

550 3195 710 3249 modo
761 3197 935 3249 lumen
977 3208 1098 3248 cum
1140 3182 1480 3261 apparuerit,
1528 3188 1774 3258 dispellat
1822 3185 2111 3241 tenebras?

548 3287 618 3340 Ita
643 3294 697 3340 et
723 3286 906 3347 virtus,
946 3285 990 3338 si
1042 3282 1326 3351 conspicua
1373 3280 1551 3345 fuerit,
1600 3288 1652 3334 et
1693 3277 1946 3331 malitiam
1971 3275 2113 3345 fugat

543 3388 597 3434 et
639 3377 834 3432 erroris
873 3375 1127 3429 tenebras
1178 3372 1382 3443 abigit,
1428 3379 1768 3438 mentemque
1816 3367 2107 3422 videntium

544 3468 741 3524 excitat
776 3464 841 3519 ad
882 3465 1044 3519 Deum
1089 3462 1487 3519 celebrandum.
1528 3456 1783 3526 Quocirca
1812 3466 2113 3527 satagamus

547 3569 603 3611 ιιι
643 3555 720 3610 sic
753 3555 962 3609 luceant
998 3568 1158 3621 Opera
1203 3560 1404 3617 nostra,
1456 3564 1563 3619 quo
1607 3556 1664 3605 et
1708 3548 1964 3603 Dominus
2016 3561 2116 3602 no-

546 3658 656 3703 ster
680 3645 999 3703 celebretur.
1032 3644 1158 3700 Haec
1210 3654 1383 3698 autem
1430 3642 1563 3698 dixit
1600 3641 1861 3707 Christus,
1912 3654 2015 3694 non
2058 3647 2115 3694 ut

547 3737 613 3790 ad
659 3736 1065 3791 ostentationem
1108 3734 1304 3803 aliquid
1347 3733 1639 3798 faciamus;
1686 3732 1825 3787 absit
1864 3749 1879 3786 :
1921 3730 2017 3786 sed
2061 3737 2117 3782 ut

551 3827 847 3895 diligenter,
872 3834 927 3879 et
951 3835 1011 3878 ut
1056 3824 1154 3891 ipsi
1201 3825 1471 3891 probatur,
1518 3824 1678 3876 vitam
1727 3836 1965 3891 agamus,
2009 3834 2114 3874 non

555 3915 893 3985 blasphemiae
917 3914 1143 3982 cuipiam
1189 3913 1359 3967 locum
1388 3912 1759 3977 concedentes,
1808 3912 1901 3967 sed
1924 3912 1973 3965 id
2000 3911 2112 3965 elli-

552 4009 794 4071 cientcs,
844 4014 900 4058 ιιι
964 4005 1116 4057 bonis
1179 4003 1431 4071 operibus
1488 4006 1539 4056 in
1594 4003 1801 4057 laudem
1859 4004 1949 4056 Dei
1998 4016 2119 4070 pro-

557 4103 799 4151 rumnaut
839 4108 1027 4169 omnes
1060 4095 1149 4164 qui
1200 4108 1296 4147 nos
1342 4093 1542 4147 vident.
1595 4093 1743 4147 Tune
1778 4094 1951 4154 enim,
1998 4102 2121 4147 tunc

551 4186 723 4255 ipsius
745 4182 897 4237 nobis
920 4184 1141 4252 gratiam
1169 4182 1421 4252 majorem
1448 4181 1877 4243 conciliabimus,
1916 4192 1969 4235 et
2012 4196 2123 4248 poe-

553 4288 676 4327 nam
703 4271 954 4340 effugere,
974 4271 1219 4340 bonaque
1256 4271 1538 4325 ineffabilia
1561 4271 1780 4339 adipisci
1808 4271 2120 4338 poterimus,

556 4362 721 4431 gratia
764 4370 816 4415 ct
859 4360 1219 4415 misericordia
1267 4361 1471 4415 Domini
1528 4361 1692 4415 nostri
1732 4359 1858 4414 Jesu
1896 4358 2123 4425 Christi,

558 4465 678 4504 cum
717 4464 822 4519 quo
866 4450 1007 4505 Patri
1052 4450 1205 4504 simul
1246 4459 1301 4505 et
1341 4450 1558 4519 Spiritui
1596 4461 1781 4505 sancto
1824 4452 1894 4505 sit
1932 4450 2122 4519 gloria,

561 4541 877 4609 imperium,
928 4540 1118 4605 honor,
1176 4555 1313 4595 nunc
1362 4549 1417 4592 ct
1455 4555 1687 4610 semper,
1732 4551 1786 4596 et
1836 4542 1887 4595 in
1935 4541 2125 4595 swcula

559 4632 891 4686 sarculorum.
942 4630 1131 4685 Amen.

1077 4717 1350 4774 HOMILIA
1390 4717 1601 4771 XXV“.

563 4813 631 4865 Et
657 4811 923 4880 wdiﬁcuvit
958 4809 1068 4864 Noe
1107 4810 1268 4863 altare
1300 4807 1559 4881 Domino,
1593 4818 1639 4860 et
1668 4809 1857 4876 accepit
1884 4809 1947 4861 de
1967 4810 2131 4862 omni-

636 4905 727 4955 bus
776 4899 1031 4971 pecoribus
1078 4900 1316 4963 mundis,
1382 4908 1427 4952 et
1475 4901 1540 4953 de
1580 4899 1808 4953 omnibus
1854 4900 2134 4955 volucribus

637 4992 872 5056 mundis,
913 5000 957 5042 et
1002 4990 1176 5043 obtulit
1223 4989 1563 5042 holocaustum
1602 5006 1753 5057 super
1789 4990 1949 5042 altare
1977 4990 2129 5060 (Gen.

637 5085 689 5136 8.
721 5081 848 5146 20).
1360 5082 1363 5085 ’

643 5174 695 5226 1.
726 5170 1088 5237 Beneﬁciorum
1114 5166 1212 5222 Dei
1238 5167 1496 5222 memoria.
1522 5197 1593 5208 ——
1636 5168 1855 5223 Vidistis
1887 5170 1998 5223 heri
2025 5171 2134 5223 cle-

575 5262 767 5317 mentis
793 5259 995 5313 Domini
1026 5257 1311 5311 bonitatem
1339 5299 1352 5323 ,
1399 5259 1670 5326 quomodo
1699 5274 1761 5313 ex
1790 5273 1911 5313 arca
1936 5260 2135 5328 justum

576 5353 775 5414 eduxit,
804 5351 870 5403 ab
895 5348 1010 5417 ejus
1040 5347 1360 5402 habitatione
1385 5349 1661 5411 liberavit,
1691 5365 1756 5404 ex
1796 5350 1886 5404 illo
1913 5351 2047 5403 tristi
2079 5365 2142 5403 ac

577 5441 802 5493 molesto
820 5451 1035 5491 carcere
1059 5436 1273 5505 eripuit,
1317 5443 1371 5490 et
1401 5436 1704 5506 patientiam
1728 5437 1867 5491 illius
1895 5452 2140 5492 remune-

574 5530 735 5593 ravit,
783 5524 966 5579 dicens
1000 5543 1012 5578 :
1051 5522 1267 5578 Crescite
1298 5533 1346 5578 et
1390 5524 1815 5591 multiplicamini.
1870 5526 2141 5581 Discamus

580 5620 740 5675 hodie
772 5628 928 5680 quam
967 5612 1287 5679 benevolus,
1319 5622 1368 5667 et
1398 5629 1551 5682 quam
1580 5623 1740 5683 gratae
1768 5617 1959 5669 anima:
1988 5616 2144 5673 fuerit

584 5705 717 5772 Nec,
780 5703 900 5758 inde
927 5708 1037 5774 ipse
1066 5708 1230 5759 multo
1267 5706 1561 5762 uberiorem
1607 5707 1697 5762 Dei
1737 5721 1859 5777 erga
1895 5724 1952 5762 se
1982 5709 2145 5765 hence

1244 383 1300 439 s.
1339 376 1612 436 .lOANNlS
1645 360 2117 430 cunvsosrout
2153 362 2470 426 ARClllEP.
2498 328 3022 429 cex-summer.

3676 376 3787 435 21.0

2213 477 2496 536 volentiam
2540 482 2641 537 sibi
2688 484 3065 537 conciliaverit.
3118 481 3247 537 Nam
3299 483 3435 538 Solet
3477 484 3614 541 Deus
3659 502 3784 543 cum

2209 570 2438 639 aliquem
2467 570 2609 625 videt
2649 570 2737 639 qui
2774 581 2958 640 gratus
3006 574 3074 625 sit
3116 571 3184 625 de
3233 571 3496 640 prioribus
3520 612 3535 638 ,
3585 574 3785 645 largius

2210 671 2263 716 et
2291 662 2605 717 cumulatius
2632 676 2725 717 sua
2749 661 2885 716 dona
2922 662 2982 716 in
3020 662 3169 716 illum
3210 661 3550 731 profundere.
3582 664 3787 718 Demus

2212 750 2368 820 igitur
2404 759 2460 806 et
2503 766 2601 804 nos
2628 764 2843 819 operam
2869 791 2884 814 ,
2916 759 2972 805 ut
2997 752 3285 821 gratiarum
3326 753 3561 806 actiones
3585 767 3681 821 pro
3705 755 3784 807 vi—

2210 838 2293 893 rili
2321 838 2544 894 Domino
2572 838 2854 894 aderamus
2891 854 2987 907 pro
3030 840 3183 894 donis
3212 854 3331 909 qua:
3374 841 3443 894 ab
3471 856 3537 896 eo
3575 842 3786 910 pridem

2209 929 2362 983 nobis
2391 930 2623 997 pnestita
2669 940 2813 994 sunt,
2843 939 2897 983 ut
2920 940 2973 983 et
2995 930 3192 998 majora
3221 931 3344 985 inde
3366 945 3781 1001 consequamur,

2207 1025 2264 1069 et
2304 1032 2590 1087 numquam
2631 1017 3005 1071 obliviscamur
3034 1018 3125 1072 Dei
3174 1018 3429 1074 beneficia
3461 1022 3516 1075 in
3546 1035 3646 1075 nos
3673 1021 3787 1075 eol-

2211 1105 2336 1169 Iata,
2367 1107 2459 1162 sed
2486 1121 2697 1175 semper
2720 1123 2782 1161 ea
2809 1108 2860 1161 in
2892 1117 3069 1163 mente
3095 1118 3273 1163 nostra
3299 1125 3597 1176 versemus,
3626 1119 3684 1166 ut
3711 1110 3783 1164 ad

2207 1196 2509 1249 continuam
2534 1195 2819 1265 gratiarum
2844 1196 3109 1250 actionem
3138 1212 3322 1252 eorum
3351 1199 3607 1253 memoria
3636 1213 3792 1255 como

2203 1285 2465 1353 pellantur
2486 1324 2502 1349 ,
2544 1287 2750 1339 tametsi
2787 1294 2867 1340 tot
2891 1286 3016 1351 sint,
3053 1296 3109 1339 ut
3137 1303 3291 1342 mens
3317 1300 3495 1342 nostra
3535 1305 3637 1344 non
3669 1291 3792 1345 suf-

2211 1374 2349 1428 liciat
2364 1374 2429 1428 ad
2453 1375 3009 1443 comprehendendum
3025 1389 3078 1430 et
3096 1378 3515 1433 enumerandum
3539 1394 3790 1449 magnam

2208 1478 2327 1530 qua:
2375 1463 2525 1517 nobis
2559 1464 2774 1535 contigit
2800 1481 2864 1519 ex
2899 1468 3015 1535 ejus
3045 1466 3357 1521 liberalitate
3381 1467 3610 1537 copiam.
3642 1468 3796 1535 Quo—

2211 1550 2368 1605 modo
2393 1553 2534 1606 cuim
2565 1553 2681 1622 quis
2722 1553 2953 1623 cogitare
2980 1564 3162 1623 posset
3184 1569 3245 1608 ea
3277 1570 3395 1624 qua:
3438 1557 3492 1610 in
3531 1572 3631 1610 nos
3672 1558 3792 1625 jam

2210 1648 2332 1693 sunt
2371 1640 2561 1694 collata
2586 1681 2600 1703 ,
2644 1656 2762 1711 qll;l'
2798 1643 2922 1696 item
2962 1643 3221 1712 promissa
3249 1685 3265 1709 ,
3306 1658 3424 1713 qua:
3459 1653 3512 1698 et
3546 1646 3796 1715 quotidie

2209 1722 2551 1785 confeﬁuntur
2582 1745 2595 1784 :
2622 1729 2762 1799 quod
2785 1748 2850 1785 ex
2880 1731 3047 1786 nihilo
3083 1732 3392 1800 produxerit
3430 1744 3484 1788 ιιι
3520 1748 3793 1798 essemus,

2211 1819 2349 1889 quod
2377 1834 2570 1889 corpus
2592 1828 2648 1875 et
2667 1822 2897 1875 animam
2935 1821 3170 1887 dederit,
3205 1823 3347 1891 quod
3377 1824 3662 1878 rationales
3688 1840 3796 1880 nos

2213 1908 2533 1974 formaverit,
2558 1910 2699 1980 quod
2724 1924 2901 1965 aerem
2931 1912 3264 1981 respirationi
3282 1916 3626 1976 concesserit,
3642 1916 3795 1985 quod

2212 2006 2507 2053 creaturam
2533 2012 2745 2052 omnem
2772 2007 2989 2068 propter
3015 2001 3301 2055 humanum
3328 2017 3497 2071 genus
3522 2004 3795 2072 produxeo

2211 2088 2316 2151 rit,
2348 2087 2491 2157 quod
2532 2089 2645 2156 ipse
2669 2090 2879 2157 quidem
2909 2091 2976 2143 ab
3002 2090 3153 2145 initio
3180 2091 3410 2146 voluerit
3434 2092 3704 2148 hominem
3735 2095 3796 2148 in

2213 2179 2458 2247 paradiso
2486 2181 2647 2234 vitam
2689 2193 2849 2249 agere
2886 2181 3021 2261 citra
3048 2197 3259 2237 omnem
3288 2183 3526 2239 dolorem
3555 2193 3609 2238 et
3636 2183 3796 2238 Iaho-

2212 2282 2323 2322 rem
2341 2309 2357 2334 ,
2391 2278 2447 2324 et
2482 2269 2609 2324 nihil
2636 2270 2812 2325 minus
2839 2271 3119 2328 habentem
3148 2275 3353 2344 angelis
3380 2285 3435 2331 et
3462 2275 3800 2344 incorporeis

2214 2361 2321 2415 illis
2349 2363 2653 2428 virtutibus,
2681 2364 3026 2419 essistentem
3056 2364 3108 2418 in
3131 2380 3376 2434 corpore,
3404 2365 3499 2421 sed
3524 2375 3577 2420 et
3601 2381 3802 2436 corpo-

2213 2452 2409 2506 ralibus
2434 2453 2835 2509 necessitatibus
2853 2468 2959 2507 non
2984 2454 3315 2508 obnoxium?
3346 2454 3547 2509 Deinde
3572 2456 3795 2524 quando

2213 2544 2282 2597 ob
2312 2544 2681 2613 negligentiam
2718 2544 3033 2612 deceptione
3072 2544 3332 2599 diabolica
3367 2561 3460 2614 per
3485 2558 3794 2614 serpentem

2213 2634 2370 2688 allata
2394 2635 2759 2702 supplantatus
2786 2634 2914 2699 fuit,
2945 2649 3117 2702 neque
3144 2636 3224 2691 sic
3250 2636 3453 2691 destitit
3480 2638 3798 2706 prmvarica-

2215 2724 2317 2777 tori
2366 2722 2675 2778 benefacere
2707 2742 2718 2778 :
2746 2724 2837 2777 sed
2882 2734 2937 2777 et
2979 2739 3073 2792 per
3118 2724 3207 2778 illa
3242 2726 3384 2792 ipsa,
3432 2740 3671 2795 perqum
3696 2740 3798 2793 ptt-

2216 2814 2383 2869 nierat
2405 2853 2422 2880 ,
2454 2814 2591 2868 sicut
2618 2814 2730 2869 heri
2755 2814 3008 2879 diximus,
3036 2814 3396 2871 excellentem
3427 2832 3577 2869 suam
3604 2815 3799 2869 Imma-

2215 2903 2429 2957 nitatem
2457 2894 2778 2983 declaravit,
2809 2914 2967 2974 atque
2998 2906 3191 2959 multas
3215 2904 3345 2960 alias
3376 2906 3798 2975 innumerasque

2214 2994 2591 3050 beneficiorum
2615 2996 2824 3065 species
2866 2997 2919 3050 in
2950 2997 3096 3050 illum
3142 2997 3445 3051 collocavit.
3500 2997 3565 3051 Et
3610 3006 3797 3064 postea

2215 3085 2535 3154 procedente
2560 3094 2798 3155 tempore
2822 3095 2873 3141 et
2888 3095 3164 3141 crescente
3181 3101 3396 3156 genere,
3423 3101 3486 3142 ac
3511 3087 3561 3139 in
3578 3102 3798 3143 omnem

2215 3176 2470 3230 malitiam
2499 3186 2772 3247 vergente,
2813 3178 2936 3247 quia
2958 3176 3169 3231 videbat
3192 3176 3501 3231 incurabilia
3528 3191 3650 3232 esse
3676 3178 3803 3233 vnl-

2218 3282 2365 3335 nera,
2393 3268 2637 3335 nequitice.
2666 3277 2975 3337 operatores
3000 3310 3014 3331 ,
3062 3269 3215 3336 quasi
3262 3267 3584 3324 fermentum
3613 3268 3761 3338 quod
3780 3298 3795 3310 -

2214 3357 2337 3412 dam
2382 3358 2577 3411 malum
2617 3357 2848 3422 delevit,
2880 3356 3068 3413 relicto
3105 3358 3250 3426 justo
3293 3358 3385 3412 illo
3428 3359 3517 3426 qui
3565 3359 3715 3413 radix
3744 3367 3802 3414 et

2216 3452 2366 3521 origo
2397 3451 2547 3505 fieret
2569 3451 2777 3521 generis
2805 3450 3042 3504 humani.
3072 3449 3140 3503 Et
3158 3449 3279 3503 vide
3301 3451 3514 3512 iterum,
3541 3439 3799 3519 quantam

2216 3558 2339 3615 erga
2362 3544 2563 3613 justum
2596 3544 2740 3597 illum
2768 3542 3008 3596 declaret
3030 3542 3424 3597 liberalitatem.
3468 3540 3661 3596 Totum
3692 3541 3798 3595 hn-

2217 3648 2430 3687 manum
2457 3647 2625 3701 genus
2652 3632 2719 3686 ab
2749 3646 2816 3685 eo
2838 3640 2894 3686 et
2938 3630 3059 3685 filiis
3086 3632 3200 3701 ejus
3252 3631 3601 3694 instauravit,
3648 3639 3705 3684 et
3742 3630 3800 3685 in

2219 3732 2420 3778 tantam
2461 3722 2858 3778 multitudinem
2892 3736 3201 3777 excrescere
3226 3723 3473 3785 curavit,
3517 3722 3806 3791 paulatim-

2218 3830 2321 3882 que
2341 3798 2513 3883 jnstos
2542 3815 2763 3882 eligens,
2794 3812 3122 3881 patriarchas
3148 3810 3289 3874 dico,
3318 3822 3678 3880 prteceptores
3703 3810 3805 3866 de-

2222 3905 2298 3959 dit
2333 3904 2537 3972 reliquo
2577 3903 2850 3957 hominum
2883 3902 3106 3971 generi,
3135 3902 3222 3969 qui
3252 3916 3347 3955 sua
3380 3902 3577 3955 virtute
3610 3907 3807 3957 omnes

2224 4011 2321 4050 nos
2347 3996 2624 4051 instituere
2654 4038 2667 4061 ,
2690 4006 2743 4050 et
2764 4036 2779 4060 ,
2825 3996 2973 4065 quasi
3002 3994 3193 4049 medici
3218 4034 3232 4059 ,
3261 4005 3584 4063 aegrotantes
3609 4009 3810 4049 curare

2227 4090 2450 4158 possint.
2493 4089 2558 4143 Et
2581 4087 2741 4143 modo
2769 4102 2863 4143 eos
2892 4089 2942 4140 in
2973 4086 3310 4140 Palrestinam
3331 4127 3345 4150 ,
3375 4085 3536 4139 modo
3558 4087 3609 4139 in
3631 4084 3805 4156 Aigy—

2227 4186 2373 4245 ptum
2396 4175 2638 4241 deducit,
2678 4176 2911 4229 simulet
2949 4188 3225 4228 servorum
3251 4182 3466 4227 suarum
3495 4172 3803 4241 patientiori:

2229 4278 2485 4319 exercens
2512 4305 2525 4329 ,
2571 4274 2625 4319 et
2673 4278 2820 4318 suam
2856 4265 3105 4316 virtutem
3142 4262 3427 4317 clariorem
3471 4273 3804 4328 monstrans,

2231 4353 2528 4421 mansitque
2563 4366 2773 4419 semper
2802 4351 2992 4406 eodem
3021 4349 3183 4404 modo
3211 4350 3456 4404 humanas
3498 4350 3687 4405 salutis
3712 4367 3809 4405 cu-

2230 4457 2342 4495 ram
2370 4457 2557 4511 gerens
2586 4457 2603 4494 :
2633 4442 2874 4496 exhibuit
2911 4443 3198 4510 prophetas
3220 4482 3233 4506 ,
3269 4450 3327 4497 et
3359 4456 3458 4512 per
3497 4442 3619 4497 illos
3656 4444 3809 4513 signa

2231 4540 2285 4586 et
2313 4530 2545 4600 prodigia
2572 4530 2758 4587 edidit.
2806 4531 2999 4600 Atque,
3029 4542 3087 4585 ut
3117 4531 3331 4587 brevius
3363 4530 3535 4588 dicam
3570 4550 3584 4584 :
3615 4549 3808 4603 quem-

2233 4621 2516 4674 admodum
2546 4622 2688 4675 enim
2709 4623 2869 4676 maris
2899 4621 3089 4675 ﬂuctus
3108 4659 3124 4683 ,
3153 4623 3400 4691 quamvis
3425 4625 3726 4679 sexcenties
3760 4626 3812 4679 id

2233 4724 2510 4774 conemur,
2533 4726 2845 4764 enumerare
2869 4725 3153 4779 numquam
3171 4713 3462 4778 poterimus
3490 4734 3504 4767 :
3537 4714 3607 4767 ita
3636 4729 3816 4785 neque

2238 4799 2613 4854 benelieiorum
2648 4800 2773 4866 Dei,
2802 4816 2922 4868 quis
2945 4800 2998 4853 in
3026 4812 3261 4855 nostram
3292 4803 3514 4856 contulit
3540 4814 3811 4870 naturam,

2238 4890 2566 4946 varietatem.
2594 4890 2830 4945 Tandem
2860 4889 2947 4945 ubi
2972 4890 3103 4944 vidit
3130 4900 3249 4959 post
3277 4899 3475 4945 tantam
3506 4907 3656 4947 suam
3690 4909 3819 4963 pro-

2238 4980 2521 5036 videntiam
2561 4981 2735 5037 adhuc
2765 4981 2929 5035 multa
2955 4989 3010 5034 et
3048 4978 3297 5035 inell‘abili
3338 4982 3702 5038 misericordia
3735 4985 3818 5038 in-

2240 5076 2420 5145 digere
2476 5074 2763 5128 humanum
2810 5086 3016 5142 genus,
3064 5080 3118 5125 ct
3156 5072 3284 5125 nihil
3332 5073 3449 5140 plus
3495 5072 3684 5129 fecisse
3731 5076 3817 5130 vel

2239 5164 2588 5234 patriarchas,
2620 5164 2703 5218 vel
2733 5163 3039 5231 prophetas,
3071 5162 3152 5216 vel
3183 5163 3329 5232 signa
3348 5163 3699 5231 admirabilia,
3733 5169 3818 5222 vel

2245 5270 2461 5324 poenas,
2507 5254 2588 5308 vel
2633 5252 3023 5306 admonitiones
3056 5252 3170 5306 illas
3212 5252 3638 5322 frequentissime
3668 5258 3811 5312 adhi-

2244 5349 2379 5403 bitas
2403 5386 2419 5411 ,
2454 5354 2507 5400 et
2530 5344 2859 5415 captivitates
2886 5343 3002 5397 illas
3031 5343 3138 5396 sibi
3173 5344 3395 5397 invicem
3423 5345 3773 5400 succedentes
3806 5364 3821 5398 :

2245 5439 2395 5507 quasi
2422 5438 2704 5492 miseratus
2729 5448 2895 5502 genus
2919 5444 3155 5488 nostrum
3178 5475 3191 5498 ,
3224 5436 3365 5489 misit
3404 5434 3470 5489 ad
3502 5449 3599 5489 nos
3625 5435 3801 5491 anima

2247 5544 2364 5582 rum
2413 5536 2800 5594 corporumque
2847 5524 3108 5577 medicum
3132 5565 3149 5590 ,
3201 5524 3526 5592 unigenitum
3556 5539 3710 5579 suum
3741 5526 3826 5581 Fi-

2250 5619 2375 5671 lium
2398 5657 2413 5679 ,
2456 5632 2517 5669 ex
2548 5614 2813 5683 paternis,
2855 5622 2913 5667 ut
2952 5613 3018 5666 ita
3047 5611 3215 5666 dicam
3248 5655 3261 5676 ,
3312 5615 3516 5667 sinibus
3544 5611 3793 5666 excitans
3818 5628 3842 5678 ,ξ

2257 5710 2417 5763 voluit
2439 5715 2681 5776 suscepta
2710 5706 2846 5760 servi
2879 5703 3047 5758 forma
3075 5719 3105 5759 e
3134 5703 3347 5775 Virgine
3379 5706 3544 5770 nasci,
3584 5718 3637 5763 et
3653 5703 3785 5761 nobi
3801 5733 3840 5783 .-
