4070 6386
254 382 364 438 εει)

258 506 388 561 σθαι
421 505 771 578 βουλομένου.
807 508 1021 581 Ὠσπερ
1054 508 1166 580 γάρ
1192 508 1286 562 ἐπὶ
1323 507 1432 562 τῶν
1463 506 1771 578 ἀνθρώπων
1800 508 1834 576 ή
1865 522 1949 574 γι-

255 588 464 662 νομένη
514 592 835 663 εὐχαριστία
883 593 964 655 εἰς
1013 593 1140 655 τοὺς
1197 591 1656 665 εὐεργετηκότας,
1710 588 1950 650 ἐκείνους

257 671 677 745 λαμπροτέρους
715 674 1028 746 ἐργάζεται,
1058 674 1230 738 οὕτως
1278 677 1372 728 ἐπὶ
1413 673 1512 727 τοῦ
1562 669 1949 742 φιλανθρώπου

256 760 397 815 Θεοῦ
422 762 551 816 ὅταν
583 762 740 816 τοῦτο
770 761 1033 834 ποιῶμεν,
1084 763 1308 826 ἑαυτοὺς
1338 760 1754 832 λαμπροτέρους
1781 762 1953 830 ἀπερ-

260 845 564 916 γαζόμεθαε
591 845 776 916 ἐπειδὴ
799 847 921 917 οὐχί
948 846 1048 917 τῆς
1074 848 1199 917 παρ’
1217 847 1374 917 ήμῶν
1400 846 1652 917 δεόμενος
1674 843 1948 916 εὐφημίας

258 926 422 981 τοῦτο
458 928 706 998 βούλεται
730 929 997 997 γίνεσθαι,
1033 929 1146 982 ἀλλ’
1178 930 1266 985 ἵνα
1294 930 1458 984 πάλιν
1491 931 1570 992 εἰς
1617 929 1764 999 ἡμᾶς
1798 943 1954 996 περι-

262 1014 365 1082 στῇ
399 1013 461 1066 16
489 1013 703 1082 κέρδος,
731 1015 826 1067 καὶ
858 1014 1105 1084 μείζονος
1133 1014 1452 1084 συμμαχίας
1507 1013 1733 1074 ἑαυτοὺς
1767 1009 1952 1077 ἀξίους

261 1101 718 1168 καταστήσωμεν.
747 1101 812 1153 Εἰ
837 1102 947 1171 γὰρ
968 1101 1061 1154 καὶ
1089 1099 1161 1171 μὴ
1185 1099 1465 1170 δυνάμεθα
1487 1100 1610 1154 κατ’
1640 1098 1796 1164 ἀξίαν
1822 1095 1951 1149 ποτέ

261 1179 423 1233 τοῦτο
451 1181 696 1252 ποιῆσαι·
731 1182 848 1245 πῶς
884 1183 1018 1255 γὰρ,
1044 1183 1279 1254 τοσαύτῃ
1297 1183 1554 1254 ἀσθενείᾳ
1585 1181 1804 1252 φύσεως
1825 1196 1952 1232 συν-

260 1263 575 1334 δεδεμένοις
611 1266 704 1318 καὶ
725 1265 776 1318 τί
795 1264 939 1334 λέγω
966 1266 1063 1336 τὴν
1092 1265 1445 1337 ἀνθρωπίνην
1467 1264 1629 1334 φύσιν
1653 1283 1669 1330 ;
1697 1263 1811 1317 ἀλλ’
1831 1262 1950 1316 οὐδὲ

263 1347 426 1401 αὐταί
445 1350 502 1402 αἰ
520 1349 798 1420 ἀσώματοι
820 1349 917 1403 καὶ
938 1350 1160 1420 ἀόρατοι
1182 1349 1460 1418 δυνάμεις,
1475 1349 1571 1402 καὶ
1594 1349 1650 1400 αἰ
1670 1345 1954 1419 ἀρχαὶκαὶ

265 1434 322 1484 αἱ
348 1433 608 1498 ἐξουσίαι,
633 1434 728 1486 καὶ
757 1433 826 1487 τά
853 1433 1155 1506 Χερουϐὶμ,
1185 1433 1369 1485 καὶτὰ
1391 1433 1671 1503 Σεραφεὶμ
1697 1431 1796 1501 τὴν
1831 1429 1952 1483 κατ’

265 1515 426 1581 ἀξίαν
456 1517 763 1585 δοξολογίαν
788 1517 1083 1589 ἀναφέρειν
1129 1515 1578 1588 εὐχαριστοῦντες
1611 1515 1949 1584 δυνήσονται·

265 1599 382 1652 ἀλλ’
419 1601 569 1670 ὅμως
587 1601 686 1671 τήν
713 1600 853 1654 κατὰ
881 1599 1112 1671 δύναμιν
1146 1601 1458 1668 ἀνενεγκεῖν
1485 1598 1840 1669 εὐχαριστίαν
1877 1596 1954 1648 δί-

264 1699 422 1736 κανων
449 1683 514 1736 ἂν
539 1684 646 1754 εἴη,
669 1687 761 1736 καὶ
789 1684 1055 1754 διηνεκῶς
1085 1683 1328 1750 δοξάζειν
1346 1684 1439 1736 τὸν
1467 1682 1737 1754 ἡμέτερον
1759 1681 1956 1733 Δεσπό-

262 1780 366 1834 την
409 1766 502 1819 καί
522 1765 612 1818 διά
633 1767 736 1835 τῆς
760 1765 870 1820 τῶν
899 1765 1074 1836 λόγων
1118 1767 1411 1837 εὐφημίας,
1447 1766 1540 1820 καί
1560 1765 1648 1817 διά
1685 1764 1786 1834 τῆς
1836 1765 1954 1836 ἀρί-

268 1862 404 1917 στης
453 1847 750 1912 πολιτείας.
809 1847 958 1919 Αὕτη
1008 1849 1118 1920 γὰρ
1173 1849 1407 1919 μάλιστα
1463 1850 1557 1902 καὶ
1595 1847 1954 1919 λαμπροτέρα

265 1932 480 1998 γένοιτο
502 1935 536 2004 ή
570 1932 835 2004 εὐφημία,
871 1935 1001 1987 ὅταν
1028 1933 1117 2010 διὰ
1153 1933 1362 2004 μυρίων
1392 1931 1652 2000 γλωσσῶν
1677 1931 1774 2004 τὴν
1805 1933 1954 1999 δοξο-

265 2012 458 2082 λογίαν
480 2016 864 2085 ἀναφέρωμεν.
913 2016 970 2069 '0
1014 2015 1125 2085 γάρ
1164 2015 1420 2084 ἐνάρετος
1447 2014 1681 2068 ἕκαστον
1720 2015 1829 2067 τῶν
1876 2015 1952 2079 εἰς

264 2097 433 2151 αὐτὸν
460 2097 710 2169 ὁρώντων
762 2098 1173 2167 παρασκευάζει
1203 2098 1294 2150 τὸν
1324 2097 1490 2151 αὐτοῦ
1521 2097 1799 2167 Δεσπότην
1864 2097 1956 2149 άν-

264 2187 484 2255 υμνεῖνο
517 2186 612 2239 καὶ
641 2187 674 2257 ή
710 2187 839 2258 παρ’
870 2186 1096 2240 ἐκείνων
1149 2185 1426 2252 δοξολογία
1464 2185 1665 2256 πολλὴν
1697 2186 1792 2238 καί¹
1813 2186 1954 2253 ἀφα-

265 2286 360 2322 τον
384 2268 466 2339 τῷ
502 2269 602 2340 τὴν
644 2271 823 2322 αἰτίαν
867 2271 1160 2341 παρέχοντι
1214 2270 1496 2340 χαρίζεται
1544 2269 1644 2339 τὴν
1674 2269 1827 2339 παρά
1858 2269 1952 2322 τοῦ

267 2353 544 2406 Δεσπότου
577 2352 809 2408 εὔνοιαν.
849 2353 916 2406 Τί
941 2351 1035 2406 οῦν
1065 2354 1132 2408 ἂν
1177 2355 1333 2424 ἡμῶν
1363 2353 1829 2425 μακαριστὸτερον
1857 2352 1954 2421 γέ-

265 2455 430 2501 νοιτο,
459 2439 508 2490 εί
528 2437 812 2508 μέλλοιμεν
843 2437 918 2509 μὴ
951 2440 1112 2508 μόνον
1143 2439 1296 2491 αὐτοὶ
1322 2437 1409 2491 διά
1433 2439 1532 2508 τῆς
1557 2437 1762 2501 οἰκείας
1785 2436 1956 2506 γλώτ-

263 2535 365 2590 της
405 2518 652 2586 δοξάζειν
700 2520 793 2573 τὸν
846 2519 1053 2588 ἀγαθὸν
1080 2520 1233 2585 Θεὸν,
1261 2521 1397 2573 ἀλλά
1441 2521 1535 2574 καλ⁸
1572 2521 1781 2585 πάντας
1827 2523 1955 2586 τούς

263 2603 553 2670 ὁμογενεῖς
605 2600 896 2671 διεγείρειν
936 2604 1018 2664 εἰς
1074 2602 1173 2673 τὴν
1227 2605 1368 2674 ὑπὲρ
1404 2603 1564 2676 ήμῶν
1602 2603 1952 2673 δοξολογίαν;

263 2684 517 2755 Τοσαύτη
541 2684 651 2755 γάρ
671 2686 771 2756 τῆς
799 2685 1005 2757 ἀρετῆς
1035 2686 1068 2755 ἡ
1107 2687 1260 2756 ίσχὺς
1285 2727 1298 2751 ,
1348 2687 1425 2751 ὼς
1476 2687 1692 2758 μυρίοις
1725 2687 1954 2758 στόμασι

261 2766 527 2820 δύνασθαι
551 2767 643 2820 τὸν
663 2767 994 2838 δημιουργὸν
1037 2769 1314 2838 ἀνυμνεῖν.
1348 2769 1513 2823 Οὐδὲν
1567 2770 1676 2841 γὰρ
1726 2771 1955 2841 ἀρίστης

264 2851 548 2915 πολιτείας
581 2852 694 2905 ίσον
724 2851 965 2920 γένοιτο,
1010 2851 1283 2920 ἀγαπητέ.
1337 2852 1437 2906 Διὰ
1485 2853 1644 2905 τοῦτο
1673 2853 1766 2907 καὶ
1785 2857 1815 2907 6
1846 2853 1956 2907 Κύ-

267 2950 384 3002 ριος
427 2933 609 3002 ελεγεο
658 2932 962 3003 Ααμψάτω
1016 2934 1084 2987 τὸ
1126 2932 1252 3003 φῶς
1280 2934 1447 3003 ὑμῶν
1475 2937 1817 3005 ἔμπροσθεν
1839 2937 1958 2992 τῶν

261 3012 616 3082 ἀνθρώπων,
661 3014 823 3081 ὅπως
865 3014 1079 3069 ἴδωσιν
1117 3015 1288 3085 ὑμῶν
1330 3018 1404 3070 τὰ
1465 3021 1626 3072 καλὰ
1655 3020 1822 3090 ἔργα,
1857 3021 1955 3074 καί

263 3093 575 3160 δοξάσωσι
598 3097 706 3150 τόν
745 3097 980 3165 Πατέρα
1008 3097 1178 3165 ὑμῶν
1232 3098 1343 3152 τόν
1369 3100 1440 3153 ἐν
1487 3100 1616 3167 τοῖς
1652 3101 1953 3170 οὐρανοῖς.

262 3173 422 3241 Εἶδες
451 3179 569 3241 πῶς
607 3179 859 3250 καθάπερ
888 3179 948 3233 τὸ
972 3180 1088 3248 φῶς
1114 3179 1282 3248 φανὲν
1328 3181 1623 3235 ἀπελαύνει
1652 3183 1715 3236 τὸ
1742 3185 1953 3250 σκότος,

263 3260 412 3315 οὕτω
439 3262 535 3315 καὶ
568 3264 602 3332 ἡ
623 3261 794 3332 ἀρετὴ
808 3262 1039 3331 ὀφθεῖσα
1060 3263 1155 3316 καὶ
1177 3261 1276 3334 τὴν
1299 3264 1500 3317 κακίαν
1529 3265 1842 3334 φυγαδεύει,
1862 3270 1957 3323 καὶ

262 3344 366 3415 τῆς
399 3344 612 3416 πλάνης
643 3346 706 3399 16
727 3347 918 3412 σκότος
944 3345 1266 3400 ἀπελάσασα
1295 3347 1435 3416 πρὸς
1461 3346 1770 3416 δοξολογίαν
1820 3355 1960 3405 κινεί

263 3429 375 3483 τῶν
405 3429 660 3501 ὁρώντων
696 3428 797 3500 τήν
842 3429 1118 3494 διάνοιαν;
1151 3428 1304 3483 Οὕτω
1357 3430 1536 3482 τοίνυν
1570 3431 1957 3505 σπουδάζωμεν

263 3512 426 3581 ἡμῶν
455 3512 694 3582 λάμπειν
721 3511 792 3564 τά
818 3511 978 3581 ἔργα,
1016 3513 1093 3576 ὼς
1126 3511 1217 3565 τὸν
1238 3513 1505 3582 ἡμέτερον
1526 3512 1843 3578 δοξάζεσθαι
1863 3522 1959 3570 Δε-

269 3599 497 3666 σπότην.
533 3595 719 3648 Ταῦτα
742 3595 798 3647 δὲ
827 3594 1014 3664 ἐλεγεν
1062 3596 1090 3648 6
1125 3595 1388 3666 Χριστὸς,
1430 3599 1530 3666 οὐχ
1566 3599 1651 3650 ἵνα
1670 3600 1806 3670 πρὸς
1843 3603 1960 3654 ἐπί-

266 3678 440 3745 δειξίν
467 3697 519 3733 τι
550 3679 902 3750 πράττωμεν·
941 3679 1017 3748 μὴ
1066 3679 1295 3747 γένοιτο⁶
1324 3679 1440 3732 ἀλλ’
1481 3682 1567 3735 ἵνα
1627 3683 1766 3753 μετά
1797 3686 1956 3756 ἀκρι-

264 3761 422 3826 ϐείας
449 3762 546 3818 καὶ
563 3761 706 3816 κατά
730 3761 792 3814 16
816 3759 966 3831 αὐτῷ
984 3760 1175 3814 δοκοῦν
1200 3760 1609 3831 πολιτευόμενοι
1625 3765 1762 3836 μήτε
1791 3767 1956 3836 βλασ-

271 3844 460 3917 φημίᾳ
525 3846 634 3900 τινὶ
684 3845 870 3916 χώραν
903 3843 1256 3915 παρέχωμεν,
1313 3846 1407 3900 καὶ
1435 3847 1524 3901 διά
1553 3847 1654 3918 τῆς
1693 3849 1801 3903 τῶν
1822 3852 1960 3917 ἀγαο

267 3929 378 3982 θῶν
399 3929 582 4002 ἔργων
615 3927 871 4000 πράξεως
908 3929 1419 4000 παρασκευάζωμεν
1447 3931 1572 3994 τοὺς
1594 3932 1837 4004 ὁρῶντας
1877 3934 1961 3987 δο-

268 4013 456 4078 ξάζειν
478 4013 572 4066 τὸν
615 4013 726 4066 τῶν
754 4012 891 4065 ὅλων
911 4011 1067 4065 Θεόν.
1093 4011 1227 4065 Τότε
1252 4013 1383 4085 γάρ,
1413 4015 1538 4068 τότε
1569 4017 1663 4070 καὶ
1691 4017 1792 4087 τὴν
1826 4017 1958 4087 παρ’

265 4095 434 4151 αὐτοῦ
469 4095 684 4149 εὐνοιαν
711 4092 976 4165 μειζόνως
1008 4094 1452 4164 ἐπισπασόμεθα,
1488 4097 1584 4148 καὶ
1616 4095 1715 4168 τήν
1737 4097 1960 4154 κόλασιν

264 4181 554 4251 διαφυγεῖν
578 4177 942 4250 δυνησόμεθα,
966 4175 1192 4230 καὶτῶν
1218 4177 1550 4250 ἀπορρήτων
1573 4179 1796 4248 ἀγαθῶν
1835 4183 1961 4233 ἐπι-

266 4269 471 4337 τυχεῖν,
503 4265 686 4336 χάριτι
717 4263 812 4316 καὶ
845 4259 1228 4331 φιλανθρωπία
1254 4261 1347 4314 τοῦ
1375 4263 1582 4334 Κυρίου
1606 4264 1766 4335 ἡμῶν
1781 4263 1958 4334 Ἰησοῦ

267 4348 424 4420 Γὲ55]
462 4345 722 4418 Χριστοῦ,
786 4344 905 4415 μεθ’
935 4338 996 4398 οὗ
1031 4342 1110 4414 τῷ
1160 4343 1339 4412 Πατρὶ
1375 4343 1491 4414 ἅμα
1553 4345 1650 4399 καὶ
1687 4347 1768 4417 τῷ
1820 4347 1961 4418 ἀγίῳ

270 4431 554 4501 Πνεύματι
585 4429 732 4492 δόξα,
764 4427 985 4498 κράτος,
1007 4426 1164 4496 τιμὴ,
1192 4426 1286 4479 νῦν
1323 4428 1418 4480 καὶ
1463 4428 1571 4493 ἀεὶ,
1600 4431 1696 4484 καὶ
1729 4431 1807 4493 είς
1832 4434 1960 4496 τοὺς

267 4514 473 4577 αἰῶνας
491 4511 601 4566 τῶν
623 4510 852 4566 αἰώνων.
895 4511 1087 4581 Ἂμήν.

869 4674 1116 4727 ΟΜΙΛΙΑ
1151 4675 1241 4728 ΚΖ
1256 4682 1270 4696 ⁸

269 4818 379 4874 Καὶ
402 4815 755 4885 ᾠκοδόμησε
789 4812 919 4867 Νῶε
969 4814 1410 4881 θυσιαστήριον
1460 4812 1541 4878 τῷ
1579 4817 1794 4883 Κυρίῳ,
1860 4820 1958 4873 καὶ

339 4903 561 4958 ἅλαϐεν
582 4897 703 4954 ἀπὸ
728 4895 970 4951 πάντων
998 4895 1118 4950 τῶν
1146 4897 1385 4964 κτηνῶν
1406 4897 1526 4950 τῶν
1550 4900 1846 4968 καθαρῶν,
1861 4904 1962 4957 καί

338 4985 460 5043 ἀπὸ
477 4983 722 5038 πάντων
745 4977 864 5033 τῶν
886 4978 1174 5033 πετεινῶν
1189 4978 1487 5047 καθαρῶν,
1503 4980 1601 5034 καί
1626 4980 1962 5053 ἀνήνεγκεν

341 5065 771 5135 όλοκάρπωσιν
807 5064 895 5128 είς
932 5062 1000 5116 τό
1031 5061 1486 5130 θυσιαστήριον.

340 5180 413 5228 α’.
430 5171 614 5224 Εῐδετε
645 5168 773 5240 χθές
801 5165 896 5220 τοῦ
931 5166 1313 5237 φιλανθρώπου
1343 5168 1617 5222 Δεσπότου
1647 5169 1744 5241 τὴν
1767 5173 1964 5240 ἀγαθό-

265 5274 430 5326 τητα,
464 5256 613 5315 ὅπως
631 5252 724 5304 τὸν
771 5249 978 5303 δίκαιον
1007 5250 1274 5320 ἐξήγαγεν
1305 5252 1369 5304 ἐκ
1388 5252 1487 5322 τῆς
1525 5254 1782 5320 κιὸωτοῦ,
1820 5258 1964 5312 ἐλευ-

269 5342 522 5418 θερὼσας
559 5341 653 5394 καὶ
681 5338 782 5408 τῆς
805 5340 923 5390 ἐκεῖ
945 5335 1246 5405 διαγωγῆς,
1273 5337 1366 5389 καὶ
1396 5338 1713 5404 ἀπαλλάξας
1737 5342 1831 5394 τοῦ
1859 5363 1960 5414 χα-

267 5426 440 5480 λεποῦ
473 5424 684 5478 ἐκείνου
707 5422 800 5474 καὶ
827 5420 976 5484 ξένου
1003 5419 1399 5490 δεσμωτηρίου,
1433 5423 1527 5474 καὶ
1549 5423 1648 5492 τῆς
1681 5424 1961 5498 ὑπομονῆς

268 5515 423 5585 αὐτῷ
445 5514 544 5576 τὰς
563 5509 801 5582 ἀμοιϐάς
835 5506 1174 5561 ἀποδέδωκεν
1222 5507 1412 5560 εἰπών·
1445 5508 1793 5574 Αὺξάνεσθε
1860 5516 1960 5568 καὶ

268 5598 680 5665 κληθύνεσθε.
711 5591 990 5660 Μάθωμεν
1033 5592 1275 5661 σήμερον
1325 5589 1418 5644 τοῦ
1463 5591 1588 5644 Νῶε
1622 5591 1720 5665 τὴν
1752 5593 1960 5663 εὐγνω-

274 5680 537 5756 μοσύνην,
562 5681 657 5732 καὶ
686 5676 788 5747 τὴν
816 5674 1135 5744 εὐχάριστον
1156 5672 1353 5743 ψυχὴν,
1371 5673 1437 5725 δι’
1455 5667 1522 5744 ἧς
1543 5675 1706 5728 πάλιν
1739 5675 1960 5732 πλείονα

271 5767 368 5822 καὶ
392 5762 572 5832 πολλῷ
604 5759 827 5831 μείζονα
850 5757 1210 5822 ἐξεκαλέσατο
1230 5757 1321 5810 τοῦ
1342 5757 1478 5819 Θεοῦ
1510 5760 1608 5830 τὴν
1642 5761 1768 5831 περὶ
1797 5761 1959 5815 αὐτὸν

270 5846 504 5907 εὖνοιαν.
531 5843 642 5902 Καὶ
664 5844 771 5915 γὰρ
803 5841 1044 5906 τοιοῦτος
1071 5843 1098 5894 ό
1137 5840 1288 5904 Θεός·
1317 5839 1533 5897 ἐπειδὰν
1577 5842 1660 5912 ἴδῃ
1707 5844 1797 5899 ἐπὶ
1844 5847 1955 5907 τοῖς

1406 391 1473 448 ΙΝ
1506 389 1661 447 CAP.
1711 388 1824 443 VIII
1861 385 2102 441 GENES.
2140 383 2371 442 HOMIL.
2416 383 2626 441 XXVII.

2059 502 2331 572 φθάσασιν
2360 500 2711 572 εὐγνώμονας
2737 498 3158 570 γεγενημένους,
3192 494 3630 566 mammam
3648 499 3749 558 τάς

2059 586 2188 656 παρ’
2221 584 2417 639 ἑαυτοῦ
2438 584 2667 656 δωρεάς.
2688 580 3087 651 Σπουδάζωμεν
3118 578 3297 632 τοίνυν
3315 577 3408 632 καί.
3433 579 3596 648 ἡμεῖς
3651 578 3750 646 τὴν

2060 671 2200 723 κατά
2233 668 2462 738 δύναμιν
2489 667 2842 737 εὐχαριστίαν
2877 665 3172 735 ἀναφέρειν
3211 657 3565 733 τῷΔεσπότῃ
3606 660 3749 730 ὑπὲρ

2059 752 2166 805 τῶν
2194 750 2554 823 ὑπαρξάντων
2573 753 2705 822 ἡμῖν
2743 749 2874 820 παρ’
2895 745 3067 801 αὐτοῦ
3096 745 3339 816 ἀγαθῶν,
3367 746 3461 798 ἵνα
3495 744 3589 796 καὶ
3625 759 3746 814 μει-

2060 836 2230 899 ζόνων
2253 833 2596 902 ἀξιωθῶμεν,
2646 832 2742 886 καὶ
2796 830 3069 902 μηδέποτε
3103 826 3595 898 ἐπιλανθανώμεθα
3639 824 3750 879 τῶν

2061 918 2213 988 παρὰ
2235 917 2329 970 τοῦ
2356 915 2493 969 Θεοῦ
2528 915 2862 986 εὐεργεσιῶν
2886 915 2967 976 είς
2996 913 3144 984 ἡμᾶς
3171 910 3577 981 γεγενημένων,
3612 906 3752 961 ἀλλά

2060 1000 2148 1052 ἀεὶ
2176 999 2350 1052 ταῦτα
2386 997 2710 1069 στρέφωμεν
2736 996 2830 1050 ἐπὶ
2844 995 2945 1066 τῆς
2970 994 3209 1058 διανοίας
3223 995 3322 1063 τῆς
3347 992 3645 1062 ἡμετέρας,
3665 989 3753 1041 ἵνα

2063 1087 2167 1138 ὑπὸ
2199 1087 2302 1154 τῆς
2327 1086 2552 1156 μνήμης
2577 1081 2975 1153 συνωθούμενοι
3010 1081 3233 1151 διηνεκῆ
3272 1081 3368 1150 τὴν
3401 1072 3753 1156 εὐχαριστίαν

2064 1168 2365 1239 ποιώμεθα,
2408 1170 2456 1220 εἰ
2485 1155 2578 1221 καὶ
2606 1165 2863 1220 τοσαῦται
2886 1165 2948 1218 τὸ
2973 1163 3178 1234 πλῆθός
3206 1165 3362 1221 εἰσιν,
3397 1161 3472 1223 ὡς
3504 1157 3638 1230 μηδὲ
3654 1155 3757 1228 ἀρ-

2061 1259 2180 1310 κεῖν
2217 1256 2308 1309 τὸν
2345 1256 2604 1325 λογισμὸν
2623 1255 2716 1308 τὸν
2739 1253 3024 1324 ήμέτερον’
3051 1247 3523 1322 ἐξαριθμήσασθαι
3549 1244 3651 1316 τὴν
3672 1244 3753 1307 εἰς

2063 1345 2212 1415 ἡμᾶς
2243 1341 2560 1414 φιλοτιμίαν
2590 1341 2761 1394 αὐτοῦ
2784 1338 3182 1408 γεγενημένην.
3219 1335 3285 1387 Τί
3315 1335 3422 1406 γάρ
3462 1333 3526 1387 ἀν
3559 1331 3758 1415 τιςγλο-

2063 1414 2276 1494 γίσαιτο
2306 1426 2372 1478 τὰ
2393 1426 2494 1495 ἤδη
2525 1425 2605 1486 εἰς
2636 1425 2788 1494 ἡμᾶς
2834 1421 3200 1490 γεγενημένα,
3252 1418 3320 1472 τά
3345 1414 3752 1486 ἐπηγγελμένα,

2062 1506 2130 1559 τά
2166 1507 2287 1561 καθ’
2321 1508 2561 1578 ἐκάστην
2585 1506 2796 1576 ἡμέραν
2827 1503 3109 1573 γινόμεναο
3139 1503 3220 1555 ὅτι
3253 1503 3317 1553 ἐκ
3363 1498 3458 1552 τοῦ
3495 1498 3570 1569 μὴ
3602 1497 3757 1562 ὄντος

2064 1591 2144 1651 εἰς
2162 1591 2222 1641 16
2245 1584 2382 1642 εἶναι
2411 1591 2753 1660 παρήγαγεν,
2783 1587 2865 1640 δτι
2889 1587 2984 1639 καὶ
3020 1584 3178 1656 σῶμα
3233 1585 3330 1637 καὶ
3363 1582 3542 1653 ψυχὴν
3577 1583 3759 1653 ἐχαρί-

2068 1673 2323 1736 σατο,ὃτι
2351 1672 2602 1740 λογικοὺς
2657 1671 2806 1740 ἡμᾶς
2853 1667 3313 1741 ἐδημιούργησεν.
3361 1667 3445 1720 ὅτι
3499 1664 3590 1718 τὸν
3617 1664 3756 1735 ἀέρα

2063 1755 2252 1807 τοῦτον
2287 1756 2548 1808 ἀναπνεῖν
2596 1753 2911 1823 ἐχαρίσατο,
2947 1753 3029 1804 ὅτι
3067 1751 3166 1820 τὴν
3202 1749 3379 1802 κτίσιν
3416 1748 3637 1801 ἃπασαν
3669 1747 3760 1800 διά

2063 1839 2162 1909 τὴν
2189 1836 2539 1909 ἀνθρωπίνην
2593 1836 2755 1905 φύσιν
2783 1835 3129 1906 παρήγαγεν,
3154 1833 3236 1886 ὅτι
3269 1830 3434 1894 αὐτὸς
3477 1829 3576 1901 μὲν
3601 1829 3761 1882 £600-

2063 1922 2202 1994 λήθη
2224 1924 2288 1975 ἐκ
2315 1921 2619 1992 προοιμίων
2637 1922 2733 1989 τῆς
2750 1918 2844 1972 τοῦ
2873 1920 3204 1989 παραδείσου
3223 1917 3433 1987 διαίτης
3461 1912 3758 1969 ἀπολαύειν

2062 2005 2153 2058 τὸν
2188 2005 2495 2076 ἄνθρωπον,
2548 2003 2644 2057 καὶ
2702 2002 2971 2056 ἀνώδυνον
3015 2001 3127 2071 βίον
3174 2001 3340 2070 ἔχειν,
3398 2001 3493 2052 καὶ
3552 1994 3747 2069 μόχθοι

2063 2093 2266 2156 παντὸς
2300 2090 2743 2163 ἀπηλλαγμένον,
2784 2090 2876 2143 καὶ
2902 2089 3071 2161 μηδὲν
3096 2089 3317 2142 έλαττον
3345 2085 3493 2157 ἔχειν
3519 2085 3630 2140 τῶν
3659 2086 3752 2156 ἀγ-

2064 2176 2237 2244 γέλων
2257 2175 2352 2228 καὶ
2379 2174 2486 2228 τῶν
2518 2175 2831 2243 ἀσωμάτων
2871 2175 3097 2227 ἐκείνων
3150 2173 3432 2242 δυνάμεων
3456 2173 3514 2227 ἐν
3545 2170 3759 2240 σώματι

2061 2259 2422 2329 τυγχάνοντα,
2459 2257 2598 2313 ἀλλά
2635 2258 2728 2311 καὶ
2767 2257 3038 2330 ἀνώτερον
3093 2253 3231 2310 εἶναι
3262 2255 3370 2309 τῶν
3429 2251 3760 2323 σωματικῶν

2063 2343 2318 2410 ἀναγκῶν
2343 2359 2358 2408 ;
2393 2336 2527 2394 Εἶτα
2557 2340 2745 2411 ἐπειδὴ
2775 2340 2863 2393 διὰ
2889 2340 3166 2411 ρᾳθυμίαν
3188 2337 3409 2408 ὑπήχθη
3455 2337 3521 2406 τῇ
3573 2337 3758 2407 ἀπάτῃ

2063 2421 2156 2474 τοῦ
2185 2421 2433 2475 διαϐόλου
2463 2423 2530 2491 τῇ
2557 2419 2648 2473 διά
2678 2419 2773 2472 τοῦ
2819 2420 2998 2490 ὄφεως
3032 2418 3427 2490 προσαχθείσῃ,
3456 2415 3578 2468 ούδέ
3616 2413 3760 2468 οὕτω

2063 2504 2268 2559 διέλιπε
2304 2505 2394 2558 τὸν
2417 2504 2801 2576 ἡμαρτηκότα,
2836 2504 2927 2557 τὸν
2965 2502 3394 2574 παραϐεϐηκότα
3430 2499 3757 2570 εὐεργετῶν,

2063 2593 2320 2648 ἀλλὰκαὶ
2348 2592 2413 2645 δι’
2433 2586 2508 2646 ὧν
2539 2592 2945 2662 ἐτιμωρήσατο,
3007 2589 3263 2660 καθάπερ
3319 2590 3413 2641 καὶ
3461 2587 3590 2657 χθὲς
3641 2585 3759 2639 ἐλέ-

2064 2699 2253 2752 γομεν,
2304 2681 2403 2752 τῆς
2439 2680 2651 2742 οἰκείας
2703 2678 3120 2749 φιλανθρωπίας
3147 2677 3244 2747 τὴν
3307 2673 3613 2744 ὑπερϐολὴν
3665 2674 3760 2725 ἐπ-

2066 2769 2324 2835 εδείξατο,
2373 2768 2469 2821 καὶ
2501 2765 2674 2820 πολλά
2708 2765 2874 2837 ἐτερα
2908 2765 3001 2819 καὶ
3028 2763 3378 2835 ἀναρίθμητα
3424 2758 3762 2831 εὐεργεσιῶν

2065 2857 2185 2927 είδη
2213 2858 2294 2921 είς
2321 2855 2486 2911 αὐτὸν
2520 2855 2802 2908 κατέθετο.
2843 2854 2950 2907 Καὶ
3006 2853 3191 2906 λοιπὸν
3221 2852 3317 2905 τοῦ
3376 2850 3569 2922 χρόνου
3624 2864 3760 2919 προ-

2063 2945 2269 3009 ϊόντος,
2315 2943 2409 2996 καὶ
2456 2942 2551 2996 τοῦ
2605 2943 2798 3011 γένους
2820 2941 3187 3011 αὐξανομένου
3219 2978 3235 3004 ,
3290 2939 3384 2992 καὶ
3432 2940 3511 3001 εἰς
3559 2938 3763 2990 κακίαν

2064 3030 2476 3093 ἀποκλίνοντος,
2530 3028 2718 3098 ἐπειδὴ
2761 3027 2908 3099 ἐώρα
2940 3028 3136 3081 ἀνίατα
3180 3027 3440 3097 γινόμενα
3488 3023 3556 3078 τά
3587 3023 3758 3095 τραύ-

2069 3136 2237 3192 ματα,
2258 3116 2515 3188 καθάπερ
2549 3115 2730 3187 ζύμην
2778 3113 2902 3169 τινά
2949 3111 3216 3186 πονηρὰν,
3252 3115 3381 3177 τοὺς
3422 3112 3519 3183 τῆς
3558 3112 3760 3175 κακίας

2067 3208 2305 3277 ἐργάτας
2326 3206 2592 3273 ἠφάνισε,
2683 3200 3004 3256 καταλιπὼν
3081 3202 3174 3254 τὸν
3244 3201 3453 3254 δίκε-εον
3529 3201 3760 3266 τοῦτον,

2068 3293 2225 3363 ῥίζαν
2259 3293 2356 3346 καὶ
2399 3292 2573 3362 ἀρχὴν
2607 3289 2861 3361 γενέσθαι
2902 3289 2995 3342 τοῦ
3039 3288 3149 3342 τῶν
3194 3288 3498 3360 ἀνθρώπων
3541 3287 3757 3356 γένους.

2067 3381 2176 3434 Καὶ
2221 3380 2381 3434 πάλιν
2416 3379 2610 3431 σκόπει
2661 3378 2834 3446 πόσην
2871 3377 3003 3448 περὶ
3043 3376 3206 3429 αὐτὸν
3254 3376 3622 3428 ἐπιδείκνυται
3657 3376 3761 3446 τὴν

2067 3467 2399 3538 φιλοτιμίαν.
2437 3468 2490 3518 Ἀ
2501 3465 2569 3518 1:6
2589 3464 2684 3517 τοῦ
2705 3465 2915 3518 δικαίου
2939 3463 3132 3517 τούτου
3156 3465 3251 3516 καὶ
3280 3463 3389 3517 τῶν
3410 3462 3600 3516 τούτου
3623 3463 3758 3515 υἱῶν

2068 3556 2289 3610 ἃπασαν
2336 3555 2437 3624 τὴν
2470 3553 2579 3606 τῶν
2624 3551 2932 3624 ἀνθρώπων
2975 3550 3140 3619 φύσιν
3178 3552 3259 3614 εἰς
3307 3549 3562 3604 τοσοῦτον
3606 3549 3759 3623 [256ι

2068 3643 2273 3714 πλῆθος
2317 3641 2614 3695 ἐπιδιδόναι
2647 3640 3053 3711 παρεσκεύασε,
3085 3640 3182 3693 καὶ
3224 3642 3369 3694 κατά
3402 3640 3598 3711 μικρὸν
3631 3639 3761 3702 τούς

2066 3730 2306 3793 δικαίους
2341 3728 2724 3799 ἐκλεξάμενος,
2757 3727 2884 3791 τοὺς
2917 3728 3269 3798 πατριάρχας
3299 3727 3464 3796 λέγω,
3504 3726 3762 3782 διδασκά-

2067 3817 2191 3879 λους
2227 3816 2498 3886 ἐπέστησε
2539 3816 2617 3886 τῷ
2645 3814 2822 3886 λοιπῷ
2856 3815 2966 3869 τῶν
2995 3813 3303 3888 ἀνθρώπων
3334 3815 3505 3884 γένει,
3541 3813 3629 3869 διά
3663 3815 3763 3885 τῆς

2067 3905 2273 3969 οίκείας
2323 3903 2528 3976 ἀρετῆς
2581 3903 2828 3966 ἀπαντας
2892 3904 3186 3972 ἐναγαγεῖν
3244 3903 3604 3973 δυναμένους,
3663 3904 3761 3956 καὶ

2068 3992 2324 4063 καθάπερ
2360 3992 2602 4063 ἰατροὺς,
2622 3991 2751 4053 τοὺς
2783 3991 3148 4062 νενοσηκότας
3179 3989 3507 4062 θεραπεύειν
3527 3989 3766 4060 δυναμέ-

2068 4097 2211 4142 νους.
2245 4079 2383 4133 Ποτέ
2415 4079 2516 4150 μέν
2551 4079 2632 4142 εἰς
2666 4079 2766 4150 τὴν
2799 4078 3189 4148 Παλαιστίνην,
3223 4079 3353 4132 ποτέ
3390 4078 3447 4132 δέ
3483 4079 3562 4141 είς
3595 4079 3764 4145 Αἰγυ-

2068 4185 2202 4222 πτον
2234 4168 2485 4236 κατάγει,
2520 4165 2658 4237 όμοῦ
2687 4165 2782 4221 καὶ
2805 4165 2917 4219 τῶν
2957 4164 3125 4220 αὐτοῦ
3157 4165 3360 4220 δούλων
3400 4166 3763 4236 ἐγγυμνάζων

2068 4256 2167 4326 τὴν
2197 4254 2498 4325 ὑπομονὴν,
2536 4254 2632 4307 καί
2654 4252 2754 4326 τὴν
2780 4253 2989 4307 οἰκείαν
3028 4253 3260 4324 δύναμιν
3294 4255 3763 4325 περιφανεστέραν

2068 4339 2317 4404 δεικνύς·
2356 4340 2449 4393 καὶ
2501 4339 2769 4409 διηνεκῶς
2819 4339 2966 4394 οὕτω
3010 4340 3276 4394 διετέλεσε
3328 4341 3631 4410 φροντίζων
3662 4341 3761 4409 τῆς

2068 4428 2176 4482 τῶν
2232 4426 2536 4493 ἀνθρώπων
2586 4426 2883 4498 σωτηρίας,
2932 4429 3220 4496 προφήτας
3269 4427 3608 4489 ἀναδεικνὺς,
3668 4427 3757 4479 καὶ

2069 4517 2272 4586 σημεῖα
2298 4515 2392 4566 καὶ⁸
2419 4512 2676 4581 θαύματα
2701 4513 2769 4565 δι’
2791 4512 2971 4566 αὐτῶν
2992 4513 3358 4566 ἐπιτελεῖσθαι
3389 4515 3574 4567 ποιῶν.
3607 4510 3754 4580 Εἶτα,

2069 4604 2157 4656 ἵνα
2187 4600 2468 4672 συντεμὼν
2499 4601 2641 4653 εἰπω
2666 4614 2680 4627 ⁸
2711 4600 2966 4670 καθάπερ
2995 4600 3104 4670 γὰρ
3137 4601 3237 4670 τῆς
3271 4601 3544 4672 θαλάττης
3573 4603 3644 4657 τά
3672 4602 3768 4656 κύ-

2072 4707 2238 4762 ματα,
2272 4689 2377 4742 κᾶν
2409 4687 2669 4759 μυριάκις
2707 4686 3046 4758 βιασώμεθα,
3081 4688 3182 4740 οὐκ
3217 4688 3280 4742 ἀν
3309 4705 3439 4741 ποτε
3473 4689 3761 4761 δυνηθείη-

2073 4795 2172 4848 μεν
2199 4774 2635 4847 ἐξαριθμεῖσθαι,
2671 4775 2846 4838 οὕτως
2880 4775 3004 4829 οὐδὲ.
3029 4775 3091 4827 τὸ
3134 4775 3379 4830 ποικίλον
3403 4776 3512 4832 τῶν
3539 4779 3758 4848 εὐεργε-

2072 4865 2204 4917 σιῶν
2231 4863 2324 4916 τοῦ
2353 4862 2513 4928 Θεοῦ,
2536 4856 2611 4915 ὧν
2639 4864 2768 4933 περὶ
2799 4863 2897 4933 τὴν
2927 4862 3202 4934 ἡμετέραν
3227 4864 3391 4934 φύσιν
3423 4865 3759 4930 ἐπεδείξατο.

2070 4951 2143 5003 T6
2170 4950 2227 5003 δὲ
2258 4950 2586 5014 τελευταῖον,
2635 4948 2829 5019 ἐπειδὴ
2859 4946 2967 5003 εἶδε
3015 4950 3156 5020 μετά
3202 4951 3472 5022 τοσαύτην
3503 4954 3763 5024 πρόνοιαν

2070 5037 2151 5091 ἐτι
2179 5036 2384 5106 πολλῆς
2417 5037 2511 5088 καὶ
2545 5036 2755 5104 ἀφάτου
2782 5037 3194 5108 φιλανθρωπίας
3223 5039 3488 5110 δεομένην
3521 5040 3619 5111 τὴν
3653 5039 3764 5094 τῶν

2071 5124 2376 5195 ἀνθρώπων
2408 5121 2592 5186 φύσιν,
2622 5123 2715 5175 καὶ
2747 5123 2898 5177 οὐδὲν
2937 5123 3099 5179 πλέον
3143 5125 3494 5195 ἰσχύσαντας,
3529 5127 3589 5179 οὐ
3634 5129 3763 5191 τοὺς

2072 5212 2438 5282 πατριάρχας,
2482 5211 2543 5262 οὐ
2574 5211 2700 5273 τοὺς
2742 5212 3047 5282 προφήτας,
3082 5213 3144 5266 οὐ
3178 5213 3248 5266 τά
3291 5213 3546 5284 θαύματα
3580 5217 3759 5270 ἐκεῖνα

2068 5298 2139 5352 τὰ
2170 5297 2468 5367 παράδοξα,
2520 5297 2582 5349 οὐ
2622 5297 2723 5359 τὰς
2758 5297 3030 5369 τιμωρίας
3074 5301 3170 5354 καὶ
3207 5301 3306 5364 τάς
3347 5301 3629 5366 νουθεσίας
3661 5305 3762 5367 τὰς

2071 5385 2192 5438 καθ’
2216 5385 2445 5438 ἕκαστον
2473 5383 2841 5454 ἐπαγομένας,
2874 5386 2969 5437 καὶ
2995 5387 3096 5450 τάς
3138 5388 3518 5458 αἰχμαλωσίας
3545 5391 3761 5459 ἐκείνας

2070 5475 2166 5538 τὰς
2199 5472 2556 5543 ἐπαλλήλους,
2581 5471 2773 5542 ὥσπερ
2792 5472 3069 5546 οἰκτείρας
3100 5475 3160 5529 16
3190 5477 3344 5545 γένος
3377 5478 3437 5529 τὸ
3468 5479 3758 5551 ἡμέτερον,

2069 5563 2179 5614 τῶν
2208 5559 2399 5631 ψυχῶν
2441 5560 2536 5615 καὶ
2579 5560 2691 5614 τῶν
2721 5560 2990 5631 σωμάτων
3036 5562 3241 5633 ίατρδν,
3280 5563 3370 5615 τὸν
3413 5564 3542 5618 Υἱὸν
3593 5566 3757 5620 αὐτοῦ

2070 5650 2162 5702 16v
2203 5647 2470 5719 μονογενῆ
2523 5649 2589 5700 ἐκ
2633 5648 2741 5702 τῶν
2783 5646 3003 5703 κόλπων
3047 5649 3382 5718 ἀναστήσας,
3435 5651 3509 5714 ῶς
3559 5653 3757 5714 εἰπεῖν,

2069 5736 2178 5788 τῶν
2206 5733 2508 5805 πατρικῶν,
2534 5733 2720 5789 δούλου
2747 5735 2964 5807 μορφὴν
2985 5736 3324 5791 ἀναλαϐόντα
3345 5741 3761 5807 παρεσκεύασεν

2072 5827 2134 5880 ἐκ
2164 5821 2436 5896 παρθένου
2473 5822 2749 5894 τεχθῆναι,
2785 5824 2874 5876 καὶ
2915 5820 3010 5884 σὺν
3046 5824 3175 5896 ἡμῖν
3202 5823 3630 5899 ἀναστραφῆναι,
3662 5826 3756 5884 καὶ
