  <div class='ocr_page' id='page_1' title='image "/cluster/home/n/w/nwhite01/storage/ocr_20150623/53/ien.35556001660802/244.png"; bbox 0 0 4070 6388; ppageno 0'>
   <div class='ocr_carea' id='block_1_1' title="bbox 258 377 355 437">
    <p class='ocr_par' dir='ltr' id='par_1_1' title="bbox 258 377 355 437">
     <span class='ocr_line' id='line_1_1' title="bbox 258 377 355 437; baseline -0.031 0"><span class='ocrx_word' id='word_1_1' title='bbox 258 377 355 437; x_wconf 71' lang='grc' dir='ltr'><strong>ιιι</strong></span> 
     </span>
    </p>
   </div>
   <div class='ocr_carea' id='block_1_2' title="bbox 250 473 1851 549">
    <p class='ocr_par' dir='ltr' id='par_1_2' title="bbox 250 473 1851 549">
     <span class='ocr_line' id='line_1_2' title="bbox 250 473 1851 549; baseline -0.017 -1"><span class='ocrx_word' id='word_1_2' title='bbox 250 507 380 549; x_wconf 83' lang='lat' dir='ltr'><strong>cum</strong></span> <span class='ocrx_word' id='word_1_3' title='bbox 433 485 778 548; x_wconf 88' lang='lat' dir='ltr'><strong>conversari,</strong></span> <span class='ocrx_word' id='word_1_4' title='bbox 824 491 878 537; x_wconf 90' lang='lat' dir='ltr'><strong>et</strong></span> <span class='ocrx_word' id='word_1_5' title='bbox 905 477 1083 535; x_wconf 86' lang='lat' dir='ltr'><strong>omnia</strong></span> <span class='ocrx_word' id='word_1_6' title='bbox 1132 485 1313 530; x_wconf 88' lang='lat' dir='ltr'><strong>nostra</strong></span> <span class='ocrx_word' id='word_1_7' title='bbox 1359 473 1535 535; x_wconf 89' lang='lat' dir='ltr'><strong>ferre,</strong></span> <span class='ocrx_word' id='word_1_8' title='bbox 1590 477 1646 523; x_wconf 92' lang='lat' dir='ltr'><strong>ut</strong></span> <span class='ocrx_word' id='word_1_9' title='bbox 1681 481 1851 537; x_wconf 85' lang='lat' dir='ltr'><strong>genus</strong></span> 
     </span>
    </p>
   </div>
   <div class='ocr_carea' id='block_1_3' title="bbox 254 558 1850 649">
    <p class='ocr_par' dir='ltr' id='par_1_3' title="bbox 254 558 1850 649">
     <span class='ocr_line' id='line_1_3' title="bbox 254 558 1850 649; baseline -0.018 -12"><span class='ocrx_word' id='word_1_10' title='bbox 254 592 499 638; x_wconf 75' lang='lat' dir='ltr'><strong>nostrum</strong></span> <span class='ocrx_word' id='word_1_11' title='bbox 529 578 758 649; x_wconf 84' lang='lat' dir='ltr'><strong>peccatis</strong></span> <span class='ocrx_word' id='word_1_12' title='bbox 790 584 1105 643; x_wconf 73' lang='lat' dir='ltr'><strong>oppressum</strong></span> <span class='ocrx_word' id='word_1_13' title='bbox 1129 567 1315 637; x_wconf 89' lang='lat' dir='ltr'><strong>jacens</strong></span> <span class='ocrx_word' id='word_1_14' title='bbox 1335 580 1365 617; x_wconf 92' lang='lat' dir='ltr'><strong>a</strong></span> <span class='ocrx_word' id='word_1_15' title='bbox 1398 561 1554 617; x_wconf 90' lang='lat' dir='ltr'><strong>terris</strong></span> <span class='ocrx_word' id='word_1_16' title='bbox 1582 560 1632 613; x_wconf 86' lang='lat' dir='ltr'><strong>iu</strong></span> <span class='ocrx_word' id='word_1_17' title='bbox 1663 558 1850 612; x_wconf 61' lang='lat' dir='ltr'><strong>caelum</strong></span> 
     </span>
    </p>
   </div>
   <div class='ocr_carea' id='block_1_4' title="bbox 256 648 1847 737">
    <p class='ocr_par' dir='ltr' id='par_1_4' title="bbox 256 648 1847 737">
     <span class='ocr_line' id='line_1_4' title="bbox 256 648 1847 737; baseline -0.018 -10"><span class='ocrx_word' id='word_1_18' title='bbox 256 648 559 728; x_wconf 69' lang='lat' dir='ltr'><strong>sul-vehere</strong></span> <span class='ocrx_word' id='word_1_19' title='bbox 589 668 771 737; x_wconf 82' lang='lat' dir='ltr'><strong>possit.</strong></span> <span class='ocrx_word' id='word_1_20' title='bbox 801 664 869 718; x_wconf 80' lang='lat' dir='ltr'><strong>Et</strong></span> <span class='ocrx_word' id='word_1_21' title='bbox 896 663 999 717; x_wconf 88' lang='lat' dir='ltr'><strong>hoc</strong></span> <span class='ocrx_word' id='word_1_22' title='bbox 1027 660 1411 727; x_wconf 78' lang='lat' dir='ltr'><strong>obstupescens</strong></span> <span class='ocrx_word' id='word_1_23' title='bbox 1442 649 1660 705; x_wconf 86' lang='lat' dir='ltr'><strong>tonitrui</strong></span> <span class='ocrx_word' id='word_1_24' title='bbox 1690 648 1847 711; x_wconf 88' lang='lat' dir='ltr'><strong>ﬁlius,</strong></span> 
     </span>
    </p>
   </div>
   <div class='ocr_carea' id='block_1_5' title="bbox 253 741 1850 827">
    <p class='ocr_par' dir='ltr' id='par_1_5' title="bbox 253 741 1850 827">
     <span class='ocr_line' id='line_1_5' title="bbox 253 741 1850 827; baseline -0.018 -10"><span class='ocrx_word' id='word_1_25' title='bbox 253 763 714 827; x_wconf 77' lang='lat' dir='ltr'><strong>consideransque</strong></span> <span class='ocrx_word' id='word_1_26' title='bbox 743 751 1042 809; x_wconf 79' lang='lat' dir='ltr'><strong>dilectionis</strong></span> <span class='ocrx_word' id='word_1_27' title='bbox 1063 748 1255 803; x_wconf 83' lang='lat' dir='ltr'><strong>divime</strong></span> <span class='ocrx_word' id='word_1_28' title='bbox 1274 741 1667 804; x_wconf 71' lang='lat' dir='ltr'><strong>excellentiam,</strong></span> <span class='ocrx_word' id='word_1_29' title='bbox 1691 752 1850 808; x_wconf 90' lang='lat' dir='ltr'><strong>quam</strong></span> 
     </span>
    </p>
   </div>
   <div class='ocr_carea' id='block_1_6' title="bbox 256 828 1850 920">
    <p class='ocr_par' dir='ltr' id='par_1_6' title="bbox 256 828 1850 920">
     <span class='ocr_line' id='line_1_6' title="bbox 256 828 1850 920; baseline -0.016 -15"><span class='ocrx_word' id='word_1_30' title='bbox 256 866 383 919; x_wconf 79' lang='lat' dir='ltr'><strong>erga</strong></span> <span class='ocrx_word' id='word_1_31' title='bbox 410 863 580 920; x_wconf 88' lang='lat' dir='ltr'><strong>genus</strong></span> <span class='ocrx_word' id='word_1_32' title='bbox 611 853 848 899; x_wconf 81' lang='lat' dir='ltr'><strong>nostrum</strong></span> <span class='ocrx_word' id='word_1_33' title='bbox 880 838 1202 901; x_wconf 77' lang='lat' dir='ltr'><strong>declaravit,</strong></span> <span class='ocrx_word' id='word_1_34' title='bbox 1229 833 1493 890; x_wconf 85' lang='lat' dir='ltr'><strong>clamabat</strong></span> <span class='ocrx_word' id='word_1_35' title='bbox 1520 839 1575 885; x_wconf 89' lang='lat' dir='ltr'><strong>et</strong></span> <span class='ocrx_word' id='word_1_36' title='bbox 1599 828 1813 883; x_wconf 84' lang='lat' dir='ltr'><strong>dicebat</strong></span> <span class='ocrx_word' id='word_1_37' title='bbox 1836 842 1850 879; x_wconf 89' lang='lat'><strong>:</strong></span> 
     </span>
    </p>
   </div>
   <div class='ocr_carea' id='block_1_7' title="bbox 256 921 1854 998">
    <p class='ocr_par' dir='ltr' id='par_1_7' title="bbox 256 921 1854 998">
     <span class='ocr_line' id='line_1_7' title="bbox 256 921 1854 998; baseline -0.013 -3"><span class='ocrx_word' id='word_1_38' title='bbox 256 944 351 996; x_wconf 64' lang='lat' dir='ltr'><strong>Sic</strong></span> <span class='ocrx_word' id='word_1_39' title='bbox 375 942 509 995; x_wconf 81' lang='lat' dir='ltr'><strong>enim</strong></span> <span class='ocrx_word' id='word_1_40' title='bbox 550 938 693 993; x_wconf 79' lang='lat' dir='ltr'><strong>Deus</strong></span> <span class='ocrx_word' id='word_1_41' title='bbox 739 936 917 990; x_wconf 81' lang='lat' dir='ltr'><strong>dilca&#39;it</strong></span> <span class='ocrx_word' id='word_1_42' title='bbox 965 931 1211 985; x_wconf 74' lang='lat' dir='ltr'><strong>mundam</strong></span> <span class='ocrx_word' id='word_1_43' title='bbox 1254 926 1437 998; x_wconf 84' lang='lat' dir='ltr'><strong>(Joan.</strong></span> <span class='ocrx_word' id='word_1_44' title='bbox 1471 926 1523 978; x_wconf 71' lang='grc' dir='ltr'><strong>ὅ.</strong></span> <span class='ocrx_word' id='word_1_45' title='bbox 1557 923 1668 993; x_wconf 78' lang='grc'><strong>16).</strong></span> <span class='ocrx_word' id='word_1_46' title='bbox 1720 921 1854 974; x_wconf 83' lang='lat' dir='ltr'><strong>Vide</strong></span> 
     </span>
    </p>
   </div>
   <div class='ocr_carea' id='block_1_8' title="bbox 255 1013 1855 1101">
    <p class='ocr_par' dir='ltr' id='par_1_8' title="bbox 255 1013 1855 1101">
     <span class='ocr_line' id='line_1_8' title="bbox 255 1013 1855 1101; baseline -0.012 -17"><span class='ocrx_word' id='word_1_47' title='bbox 255 1043 459 1101; x_wconf 87' lang='lat' dir='ltr'><strong>quanto</strong></span> <span class='ocrx_word' id='word_1_48' title='bbox 484 1029 745 1084; x_wconf 90' lang='lat' dir='ltr'><strong>miraculo</strong></span> <span class='ocrx_word' id='word_1_49' title='bbox 776 1026 932 1096; x_wconf 87' lang='lat' dir='ltr'><strong>plena</strong></span> <span class='ocrx_word' id='word_1_50' title='bbox 961 1023 1077 1076; x_wconf 72' lang='lat' dir='ltr'><strong>haec</strong></span> <span class='ocrx_word' id='word_1_51' title='bbox 1101 1020 1265 1076; x_wconf 86' lang='lat' dir='ltr'><strong>dictio</strong></span> <span class='ocrx_word' id='word_1_52' title='bbox 1293 1036 1306 1072; x_wconf 89' lang='lat'><strong><em>:</em></strong></span> <span class='ocrx_word' id='word_1_53' title='bbox 1338 1017 1429 1073; x_wconf 84' lang='lat' dir='ltr'><strong>Sic</strong></span> <span class='ocrx_word' id='word_1_54' title='bbox 1447 1057 1466 1080; x_wconf 92' lang='lat'><strong>,</strong></span> <span class='ocrx_word' id='word_1_55' title='bbox 1493 1014 1562 1069; x_wconf 89' lang='lat' dir='ltr'><strong>ait</strong></span> <span class='ocrx_word' id='word_1_56' title='bbox 1588 1056 1601 1078; x_wconf 91' lang='lat'><strong>,</strong></span> <span class='ocrx_word' id='word_1_57' title='bbox 1632 1013 1707 1067; x_wconf 86' lang='lat' dir='ltr'><strong>rei</strong></span> <span class='ocrx_word' id='word_1_58' title='bbox 1740 1028 1855 1067; x_wconf 85' lang='lat' dir='ltr'><strong>ma-</strong></span> 
     </span>
    </p>
   </div>
   <div class='ocr_carea' id='block_1_9' title="bbox 252 1111 1852 1195">
    <p class='ocr_par' dir='ltr' id='par_1_9' title="bbox 252 1111 1852 1195">
     <span class='ocr_line' id='line_1_9' title="bbox 252 1111 1852 1195; baseline -0.013 -18"><span class='ocrx_word' id='word_1_59' title='bbox 252 1122 591 1195; x_wconf 84' lang='lat' dir='ltr'><strong>gnitudinem</strong></span> <span class='ocrx_word' id='word_1_60' title='bbox 619 1117 951 1188; x_wconf 85' lang='lat' dir='ltr'><strong>expendens,</strong></span> <span class='ocrx_word' id='word_1_61' title='bbox 979 1128 1136 1182; x_wconf 88' lang='lat' dir='ltr'><strong>quam</strong></span> <span class='ocrx_word' id='word_1_62' title='bbox 1160 1111 1399 1165; x_wconf 84' lang='lat' dir='ltr'><strong>dicturus</strong></span> <span class='ocrx_word' id='word_1_63' title='bbox 1418 1116 1534 1163; x_wconf 90' lang='lat' dir='ltr'><strong>erat</strong></span> <span class='ocrx_word' id='word_1_64' title='bbox 1567 1123 1580 1159; x_wconf 89' lang='lat'><strong>:</strong></span> <span class='ocrx_word' id='word_1_65' title='bbox 1611 1113 1852 1174; x_wconf 84' lang='lat' dir='ltr'><strong>propter-</strong></span> 
     </span>
    </p>
   </div>
   <div class='ocr_carea' id='block_1_10' title="bbox 256 1194 1855 1267">
    <p class='ocr_par' dir='ltr' id='par_1_10' title="bbox 256 1194 1855 1267">
     <span class='ocr_line' id='line_1_10' title="bbox 256 1194 1855 1267; baseline -0.013 0"><span class='ocrx_word' id='word_1_66' title='bbox 256 1194 319 1267; x_wconf 79' lang='lat' dir='ltr'><strong>ea</strong></span> <span class='ocrx_word' id='word_1_67' title='bbox 359 1212 427 1266; x_wconf 88' lang='lat' dir='ltr'><strong>ad</strong></span> <span class='ocrx_word' id='word_1_68' title='bbox 473 1210 613 1265; x_wconf 89' lang='lat' dir='ltr'><strong>hunc</strong></span> <span class='ocrx_word' id='word_1_69' title='bbox 652 1207 869 1262; x_wconf 86' lang='lat' dir='ltr'><strong>modum</strong></span> <span class='ocrx_word' id='word_1_70' title='bbox 931 1216 1160 1259; x_wconf 82' lang='lat' dir='ltr'><strong>exorsus</strong></span> <span class='ocrx_word' id='word_1_71' title='bbox 1196 1209 1326 1256; x_wconf 85' lang='lat' dir='ltr'><strong>est:</strong></span> <span class='ocrx_word' id='word_1_72' title='bbox 1368 1198 1459 1254; x_wconf 86' lang='lat' dir='ltr'><strong>Sic</strong></span> <span class='ocrx_word' id='word_1_73' title='bbox 1508 1196 1705 1250; x_wconf 66' lang='lat' dir='ltr'><strong>dilexit.</strong></span> <span class='ocrx_word' id='word_1_74' title='bbox 1759 1194 1855 1248; x_wconf 90' lang='lat' dir='ltr'><strong>Dic</strong></span> 
     </span>
    </p>
   </div>
   <div class='ocr_carea' id='block_1_11' title="bbox 258 1284 1853 1373">
    <p class='ocr_par' dir='ltr' id='par_1_11' title="bbox 258 1284 1853 1373">
     <span class='ocr_line' id='line_1_11' title="bbox 258 1284 1853 1373; baseline -0.014 -16"><span class='ocrx_word' id='word_1_75' title='bbox 258 1302 421 1373; x_wconf 77' lang='lat' dir='ltr'><strong>igitur</strong></span> <span class='ocrx_word' id='word_1_76' title='bbox 442 1301 623 1365; x_wconf 87' lang='lat' dir='ltr'><strong>nobis,</strong></span> <span class='ocrx_word' id='word_1_77' title='bbox 655 1299 811 1353; x_wconf 82' lang='lat' dir='ltr'><strong>beate</strong></span> <span class='ocrx_word' id='word_1_78' title='bbox 835 1295 1072 1349; x_wconf 77' lang='lat' dir='ltr'><strong>Joannes</strong></span> <span class='ocrx_word' id='word_1_79' title='bbox 1091 1333 1107 1359; x_wconf 89' lang='lat'><strong>,</strong></span> <span class='ocrx_word' id='word_1_80' title='bbox 1132 1289 1401 1362; x_wconf 89' lang='lat' dir='ltr'><strong>quomodo</strong></span> <span class='ocrx_word' id='word_1_81' title='bbox 1426 1286 1563 1342; x_wconf 83' lang='lat' dir='ltr'><strong>Sic?</strong></span> <span class='ocrx_word' id='word_1_82' title='bbox 1586 1284 1675 1340; x_wconf 92' lang='lat' dir='ltr'><strong>dic</strong></span> <span class='ocrx_word' id='word_1_83' title='bbox 1700 1299 1853 1337; x_wconf 90' lang='lat' dir='ltr'><strong>men-</strong></span> 
     </span>
    </p>
   </div>
   <div class='ocr_carea' id='block_1_12' title="bbox 257 1375 1850 1459">
    <p class='ocr_par' dir='ltr' id='par_1_12' title="bbox 257 1375 1850 1459">
     <span class='ocr_line' id='line_1_12' title="bbox 257 1375 1850 1459; baseline -0.014 -12"><span class='ocrx_word' id='word_1_84' title='bbox 257 1406 440 1447; x_wconf 85' lang='lat' dir='ltr'><strong>suram</strong></span> <span class='ocrx_word' id='word_1_85' title='bbox 464 1433 480 1459; x_wconf 89' lang='lat'><strong>,</strong></span> <span class='ocrx_word' id='word_1_86' title='bbox 523 1391 612 1446; x_wconf 89' lang='lat' dir='ltr'><strong>dic</strong></span> <span class='ocrx_word' id='word_1_87' title='bbox 651 1385 1070 1459; x_wconf 67' lang='lat' dir='ltr'><strong>magnitudinem</strong></span> <span class='ocrx_word' id='word_1_88' title='bbox 1093 1426 1111 1448; x_wconf 90' lang='lat'><strong>,</strong></span> <span class='ocrx_word' id='word_1_89' title='bbox 1157 1382 1293 1436; x_wconf 88' lang='lat' dir='ltr'><strong>doce</strong></span> <span class='ocrx_word' id='word_1_90' title='bbox 1324 1392 1424 1433; x_wconf 91' lang='lat' dir='ltr'><strong>nos</strong></span> <span class='ocrx_word' id='word_1_91' title='bbox 1450 1375 1850 1432; x_wconf 79' lang='lat' dir='ltr'><strong>excellentiam.</strong></span> 
     </span>
    </p>
   </div>
   <div class='ocr_carea' id='block_1_13' title="bbox 259 1464 1854 1539">
    <p class='ocr_par' dir='ltr' id='par_1_13' title="bbox 259 1464 1854 1539">
     <span class='ocr_line' id='line_1_13' title="bbox 259 1464 1854 1539; baseline -0.014 -1"><span class='ocrx_word' id='word_1_92' title='bbox 259 1483 353 1539; x_wconf 79' lang='lat' dir='ltr'><strong>Sic</strong></span> <span class='ocrx_word' id='word_1_93' title='bbox 379 1484 509 1537; x_wconf 81' lang='lat' dir='ltr'><strong>enim</strong></span> <span class='ocrx_word' id='word_1_94' title='bbox 536 1480 711 1534; x_wconf 72' lang='lat' dir='ltr'><strong>dilexit</strong></span> <span class='ocrx_word' id='word_1_95' title='bbox 742 1477 880 1531; x_wconf 75' lang='lat' dir='ltr'><strong>Deus</strong></span> <span class='ocrx_word' id='word_1_96' title='bbox 913 1474 1162 1529; x_wconf 75' lang='lat' dir='ltr'><strong>mundum</strong></span> <span class='ocrx_word' id='word_1_97' title='bbox 1184 1511 1201 1536; x_wconf 84' lang='lat'><strong>,</strong></span> <span class='ocrx_word' id='word_1_98' title='bbox 1243 1481 1299 1525; x_wconf 77' lang='lat' dir='ltr'><strong>ut</strong></span> <span class='ocrx_word' id='word_1_99' title='bbox 1336 1467 1383 1522; x_wconf 69' lang='grc' dir='ltr'><em>Ρ</em></span> <span class='ocrx_word' id='word_1_100' title='bbox 1385 1470 1531 1522; x_wconf 77' lang='lat' dir='ltr'><strong>ilium</strong></span> <span class='ocrx_word' id='word_1_101' title='bbox 1558 1481 1705 1520; x_wconf 78' lang='lat' dir='ltr'><strong>suum</strong></span> <span class='ocrx_word' id='word_1_102' title='bbox 1734 1464 1854 1517; x_wconf 79' lang='lat' dir='ltr'><strong>uni-</strong></span> 
     </span>
    </p>
   </div>
   <div class='ocr_carea' id='block_1_14' title="bbox 255 1560 1851 1645">
    <p class='ocr_par' dir='ltr' id='par_1_14' title="bbox 255 1560 1851 1645">
     <span class='ocr_line' id='line_1_14' title="bbox 255 1560 1851 1645; baseline -0.013 -17"><span class='ocrx_word' id='word_1_103' title='bbox 255 1575 482 1645; x_wconf 70' lang='lat' dir='ltr'><strong>genitum</strong></span> <span class='ocrx_word' id='word_1_104' title='bbox 510 1573 674 1637; x_wconf 88' lang='lat' dir='ltr'><strong>daret,</strong></span> <span class='ocrx_word' id='word_1_105' title='bbox 706 1578 760 1623; x_wconf 74' lang='lat' dir='ltr'><strong>ut</strong></span> <span class='ocrx_word' id='word_1_106' title='bbox 785 1569 949 1623; x_wconf 82' lang='lat' dir='ltr'><strong>omnis</strong></span> <span class='ocrx_word' id='word_1_107' title='bbox 967 1566 1054 1638; x_wconf 77' lang='lat' dir='ltr'><strong>qui</strong></span> <span class='ocrx_word' id='word_1_108' title='bbox 1073 1563 1232 1619; x_wconf 80' lang='lat' dir='ltr'><strong>credit</strong></span> <span class='ocrx_word' id='word_1_109' title='bbox 1255 1562 1309 1616; x_wconf 84' lang='lat' dir='ltr'><strong>in</strong></span> <span class='ocrx_word' id='word_1_110' title='bbox 1337 1560 1506 1623; x_wconf 73' lang='lat' dir='ltr'><strong>illum,</strong></span> <span class='ocrx_word' id='word_1_111' title='bbox 1538 1574 1641 1612; x_wconf 79' lang='lat' dir='ltr'><strong>non</strong></span> <span class='ocrx_word' id='word_1_112' title='bbox 1660 1565 1851 1626; x_wconf 88' lang='lat' dir='ltr'><strong>pereat,</strong></span> 
     </span>
    </p>
   </div>
   <div class='ocr_carea' id='block_1_15' title="bbox 256 1662 1023 1718">
    <p class='ocr_par' dir='ltr' id='par_1_15' title="bbox 256 1662 1023 1718">
     <span class='ocr_line' id='line_1_15' title="bbox 256 1662 1023 1718; baseline -0.012 0"><span class='ocrx_word' id='word_1_113' title='bbox 256 1665 348 1718; x_wconf 78' lang='lat' dir='ltr'><strong>sed</strong></span> <span class='ocrx_word' id='word_1_114' title='bbox 373 1662 552 1717; x_wconf 68' lang='lat' dir='ltr'><strong>habent</strong></span> <span class='ocrx_word' id='word_1_115' title='bbox 579 1662 734 1714; x_wconf 80' lang='lat' dir='ltr'><strong>vitam</strong></span> <span class='ocrx_word' id='word_1_116' title='bbox 759 1669 1023 1713; x_wconf 68' lang='lat' dir='ltr'><strong>cateruam.</strong></span> 
     </span>
    </p>
   </div>
   <div class='ocr_carea' id='block_1_16' title="bbox 332 1741 1856 1809">
    <p class='ocr_par' dir='ltr' id='par_1_16' title="bbox 332 1741 1856 1809">
     <span class='ocr_line' id='line_1_16' title="bbox 332 1741 1856 1809; baseline -0.012 0"><span class='ocrx_word' id='word_1_117' title='bbox 332 1754 501 1809; x_wconf 73' lang='lat' dir='ltr'><strong>Causa</strong></span> <span class='ocrx_word' id='word_1_118' title='bbox 524 1754 765 1805; x_wconf 80' lang='lat' dir='ltr'><strong>adventus</strong></span> <span class='ocrx_word' id='word_1_119' title='bbox 791 1748 999 1804; x_wconf 83' lang='lat' dir='ltr'><strong>Christi.</strong></span> <span class='ocrx_word' id='word_1_120' title='bbox 1023 1775 1097 1787; x_wconf 92' lang='lat'><strong>-—</strong></span> <span class='ocrx_word' id='word_1_121' title='bbox 1121 1743 1307 1799; x_wconf 81' lang='lat' dir='ltr'><strong>Vidisti</strong></span> <span class='ocrx_word' id='word_1_122' title='bbox 1334 1756 1550 1797; x_wconf 81' lang='lat' dir='ltr'><strong>causam</strong></span> <span class='ocrx_word' id='word_1_123' title='bbox 1591 1741 1856 1794; x_wconf 86' lang='lat' dir='ltr'><strong>adventus</strong></span> 
     </span>
    </p>
   </div>
   <div class='ocr_carea' id='block_1_17' title="bbox 258 1830 1852 1910">
    <p class='ocr_par' dir='ltr' id='par_1_17' title="bbox 258 1830 1852 1910">
     <span class='ocr_line' id='line_1_17' title="bbox 258 1830 1852 1910; baseline -0.013 -8"><span class='ocrx_word' id='word_1_124' title='bbox 258 1845 381 1902; x_wconf 75' lang='lat' dir='ltr'><strong>Filii</strong></span> <span class='ocrx_word' id='word_1_125' title='bbox 425 1848 562 1899; x_wconf 85' lang='lat' dir='ltr'><strong>hanc</strong></span> <span class='ocrx_word' id='word_1_126' title='bbox 588 1858 730 1909; x_wconf 88' lang='lat' dir='ltr'><strong>esse,</strong></span> <span class='ocrx_word' id='word_1_127' title='bbox 761 1849 821 1895; x_wconf 90' lang='lat' dir='ltr'><strong>ut</strong></span> <span class='ocrx_word' id='word_1_128' title='bbox 863 1855 961 1910; x_wconf 89' lang='lat' dir='ltr'><strong>per</strong></span> <span class='ocrx_word' id='word_1_129' title='bbox 988 1836 1148 1893; x_wconf 81' lang='lat' dir='ltr'><strong>ﬁdem</strong></span> <span class='ocrx_word' id='word_1_130' title='bbox 1176 1836 1229 1890; x_wconf 91' lang='lat' dir='ltr'><strong>in</strong></span> <span class='ocrx_word' id='word_1_131' title='bbox 1254 1835 1402 1889; x_wconf 91' lang='lat' dir='ltr'><strong>illum</strong></span> <span class='ocrx_word' id='word_1_132' title='bbox 1434 1833 1469 1887; x_wconf 90' lang='lat' dir='ltr'><strong>ii</strong></span> <span class='ocrx_word' id='word_1_133' title='bbox 1506 1832 1597 1903; x_wconf 91' lang='lat' dir='ltr'><strong>qui</strong></span> <span class='ocrx_word' id='word_1_134' title='bbox 1629 1830 1852 1901; x_wconf 85' lang='lat' dir='ltr'><strong>perituri</strong></span> 
     </span>
    </p>
   </div>
   <div class='ocr_carea' id='block_1_18' title="bbox 258 1922 1848 2003">
    <p class='ocr_par' dir='ltr' id='par_1_18' title="bbox 258 1922 1848 2003">
     <span class='ocr_line' id='line_1_18' title="bbox 258 1922 1848 2003; baseline -0.011 -10"><span class='ocrx_word' id='word_1_135' title='bbox 258 1948 434 2003; x_wconf 85' lang='lat' dir='ltr'><strong>eram,</strong></span> <span class='ocrx_word' id='word_1_136' title='bbox 466 1936 656 1991; x_wconf 91' lang='lat' dir='ltr'><strong>salutis</strong></span> <span class='ocrx_word' id='word_1_137' title='bbox 676 1934 1012 1989; x_wconf 89' lang='lat' dir='ltr'><strong>occasionem</strong></span> <span class='ocrx_word' id='word_1_138' title='bbox 1045 1926 1391 1984; x_wconf 79' lang='lat' dir='ltr'><strong>invenirent?</strong></span> <span class='ocrx_word' id='word_1_139' title='bbox 1418 1922 1701 1993; x_wconf 83' lang='lat' dir='ltr'><strong>Quomodo</strong></span> <span class='ocrx_word' id='word_1_140' title='bbox 1727 1922 1848 1991; x_wconf 83' lang='lat' dir='ltr'><strong>quis</strong></span> 
     </span>
    </p>
   </div>
   <div class='ocr_carea' id='block_1_19' title="bbox 258 2014 1853 2097">
    <p class='ocr_par' dir='ltr' id='par_1_19' title="bbox 258 2014 1853 2097">
     <span class='ocr_line' id='line_1_19' title="bbox 258 2014 1853 2097; baseline -0.013 -12"><span class='ocrx_word' id='word_1_141' title='bbox 258 2039 438 2085; x_wconf 70' lang='lat' dir='ltr'><strong>meane</strong></span> <span class='ocrx_word' id='word_1_142' title='bbox 476 2026 783 2097; x_wconf 79' lang='lat' dir='ltr'><strong>conceperit</strong></span> <span class='ocrx_word' id='word_1_143' title='bbox 824 2037 1074 2094; x_wconf 88' lang='lat' dir='ltr'><strong>magnam</strong></span> <span class='ocrx_word' id='word_1_144' title='bbox 1109 2030 1164 2075; x_wconf 92' lang='lat' dir='ltr'><strong>et</strong></span> <span class='ocrx_word' id='word_1_145' title='bbox 1189 2017 1561 2074; x_wconf 78' lang='lat' dir='ltr'><strong>admirabilem</strong></span> <span class='ocrx_word' id='word_1_146' title='bbox 1590 2014 1773 2079; x_wconf 92' lang='lat' dir='ltr'><strong>illam,</strong></span> <span class='ocrx_word' id='word_1_147' title='bbox 1801 2022 1853 2067; x_wconf 91' lang='lat' dir='ltr'><strong>et</strong></span> 
     </span>
    </p>
   </div>
   <div class='ocr_carea' id='block_1_20' title="bbox 258 2107 1856 2191">
    <p class='ocr_par' dir='ltr' id='par_1_20' title="bbox 258 2107 1856 2191">
     <span class='ocr_line' id='line_1_20' title="bbox 258 2107 1856 2191; baseline -0.009 -19"><span class='ocrx_word' id='word_1_148' title='bbox 258 2134 382 2191; x_wconf 69' lang='lat' dir='ltr'><strong>quas</strong></span> <span class='ocrx_word' id='word_1_149' title='bbox 428 2133 643 2173; x_wconf 84' lang='lat' dir='ltr'><strong>omnem</strong></span> <span class='ocrx_word' id='word_1_150' title='bbox 686 2116 948 2171; x_wconf 85' lang='lat' dir='ltr'><strong>rationem</strong></span> <span class='ocrx_word' id='word_1_151' title='bbox 986 2113 1185 2177; x_wconf 89' lang='lat' dir='ltr'><strong>vincit,</strong></span> <span class='ocrx_word' id='word_1_152' title='bbox 1240 2107 1652 2172; x_wconf 83' lang='lat' dir='ltr'><strong>liberalitatem,</strong></span> <span class='ocrx_word' id='word_1_153' title='bbox 1697 2118 1856 2175; x_wconf 88' lang='lat' dir='ltr'><strong>quam</strong></span> 
     </span>
    </p>
   </div>
   <div class='ocr_carea' id='block_1_21' title="bbox 259 2197 1852 2278">
    <p class='ocr_par' dir='ltr' id='par_1_21' title="bbox 259 2197 1852 2278">
     <span class='ocr_line' id='line_1_21' title="bbox 259 2197 1852 2278; baseline -0.012 -12"><span class='ocrx_word' id='word_1_154' title='bbox 259 2220 469 2266; x_wconf 62' lang='lat' dir='ltr'><strong>natura</strong></span> <span class='ocrx_word' id='word_1_155' title='bbox 494 2218 691 2264; x_wconf 73' lang='lat' dir='ltr'><strong>nostm</strong></span> <span class='ocrx_word' id='word_1_156' title='bbox 712 2210 805 2278; x_wconf 86' lang='lat' dir='ltr'><strong>per</strong></span> <span class='ocrx_word' id='word_1_157' title='bbox 822 2206 1018 2261; x_wconf 89' lang='lat' dir='ltr'><strong>donum</strong></span> <span class='ocrx_word' id='word_1_158' title='bbox 1042 2201 1290 2273; x_wconf 80' lang='lat' dir='ltr'><strong>baptismi</strong></span> <span class='ocrx_word' id='word_1_159' title='bbox 1308 2198 1593 2259; x_wconf 81' lang='lat' dir='ltr'><strong>concessit,</strong></span> <span class='ocrx_word' id='word_1_160' title='bbox 1614 2197 1852 2250; x_wconf 91' lang='lat' dir='ltr'><strong>omnium</strong></span> 
     </span>
    </p>
   </div>
   <div class='ocr_carea' id='block_1_22' title="bbox 260 2287 1858 2373">
    <p class='ocr_par' dir='ltr' id='par_1_22' title="bbox 260 2287 1858 2373">
     <span class='ocr_line' id='line_1_22' title="bbox 260 2287 1858 2373; baseline -0.011 -16"><span class='ocrx_word' id='word_1_161' title='bbox 260 2314 607 2373; x_wconf 84' lang='lat' dir='ltr'><strong>peccatorum</strong></span> <span class='ocrx_word' id='word_1_162' title='bbox 654 2309 960 2355; x_wconf 88' lang='lat' dir='ltr'><strong>nostrorum</strong></span> <span class='ocrx_word' id='word_1_163' title='bbox 1003 2296 1125 2351; x_wconf 88' lang='lat' dir='ltr'><strong>data</strong></span> <span class='ocrx_word' id='word_1_164' title='bbox 1168 2290 1529 2349; x_wconf 72' lang='lat' dir='ltr'><strong>remissione?</strong></span> <span class='ocrx_word' id='word_1_165' title='bbox 1581 2288 1686 2343; x_wconf 84' lang='lat' dir='ltr'><strong>Sed</strong></span> <span class='ocrx_word' id='word_1_166' title='bbox 1732 2287 1858 2358; x_wconf 91' lang='lat' dir='ltr'><strong>quid</strong></span> 
     </span>
    </p>
   </div>
   <div class='ocr_carea' id='block_1_23' title="bbox 258 2381 1860 2462">
    <p class='ocr_par' dir='ltr' id='par_1_23' title="bbox 258 2381 1860 2462">
     <span class='ocr_line' id='line_1_23' title="bbox 258 2381 1860 2462; baseline -0.01 -15"><span class='ocrx_word' id='word_1_167' title='bbox 258 2391 479 2447; x_wconf 74' lang='lat' dir='ltr'><strong>dicam?</strong></span> <span class='ocrx_word' id='word_1_168' title='bbox 506 2405 677 2462; x_wconf 88' lang='lat' dir='ltr'><strong>neque</strong></span> <span class='ocrx_word' id='word_1_169' title='bbox 708 2404 859 2443; x_wconf 79' lang='lat' dir='ltr'><strong>luens</strong></span> <span class='ocrx_word' id='word_1_170' title='bbox 887 2386 1083 2442; x_wconf 89' lang='lat' dir='ltr'><strong>sufﬁcit</strong></span> <span class='ocrx_word' id='word_1_171' title='bbox 1106 2426 1121 2449; x_wconf 95' lang='lat'><strong>,</strong></span> <span class='ocrx_word' id='word_1_172' title='bbox 1168 2399 1342 2453; x_wconf 89' lang='lat' dir='ltr'><strong>neque</strong></span> <span class='ocrx_word' id='word_1_173' title='bbox 1369 2395 1548 2438; x_wconf 84' lang='lat' dir='ltr'><strong>sermo</strong></span> <span class='ocrx_word' id='word_1_174' title='bbox 1573 2381 1711 2434; x_wconf 83' lang='lat' dir='ltr'><strong>valet</strong></span> <span class='ocrx_word' id='word_1_175' title='bbox 1752 2394 1860 2432; x_wconf 77' lang='lat' dir='ltr'><strong>cm-</strong></span> 
     </span>
    </p>
   </div>
   <div class='ocr_carea' id='block_1_24' title="bbox 260 2470 1859 2556">
    <p class='ocr_par' dir='ltr' id='par_1_24' title="bbox 260 2470 1859 2556">
     <span class='ocr_line' id='line_1_24' title="bbox 260 2470 1859 2556; baseline -0.011 -18"><span class='ocrx_word' id='word_1_176' title='bbox 260 2494 373 2538; x_wconf 76' lang='lat' dir='ltr'><strong>tera</strong></span> <span class='ocrx_word' id='word_1_177' title='bbox 400 2493 742 2556; x_wconf 77' lang='lat' dir='ltr'><strong>enumerare.</strong></span> <span class='ocrx_word' id='word_1_178' title='bbox 770 2478 902 2534; x_wconf 82' lang='lat' dir='ltr'><strong>Nam</strong></span> <span class='ocrx_word' id='word_1_179' title='bbox 922 2476 1261 2547; x_wconf 84' lang='lat' dir='ltr'><strong>quantumvis</strong></span> <span class='ocrx_word' id='word_1_180' title='bbox 1286 2473 1495 2538; x_wconf 83' lang='lat' dir='ltr'><strong>dixero,</strong></span> <span class='ocrx_word' id='word_1_181' title='bbox 1518 2471 1688 2524; x_wconf 90' lang='lat' dir='ltr'><strong>multo</strong></span> <span class='ocrx_word' id='word_1_182' title='bbox 1711 2470 1859 2539; x_wconf 84' lang='lat' dir='ltr'><strong>plura</strong></span> 
     </span>
    </p>
   </div>
   <div class='ocr_carea' id='block_1_25' title="bbox 255 2561 1862 2645">
    <p class='ocr_par' dir='ltr' id='par_1_25' title="bbox 255 2561 1862 2645">
     <span class='ocr_line' id='line_1_25' title="bbox 255 2561 1862 2645; baseline -0.011 -14"><span class='ocrx_word' id='word_1_183' title='bbox 255 2576 419 2631; x_wconf 88' lang='lat' dir='ltr'><strong>dictis</strong></span> <span class='ocrx_word' id='word_1_184' title='bbox 466 2583 746 2645; x_wconf 78' lang='lat' dir='ltr'><strong>przetereo.</strong></span> <span class='ocrx_word' id='word_1_185' title='bbox 797 2571 915 2627; x_wconf 83' lang='lat' dir='ltr'><strong>Jam</strong></span> <span class='ocrx_word' id='word_1_186' title='bbox 957 2570 1076 2640; x_wconf 88' lang='lat' dir='ltr'><strong>quis</strong></span> <span class='ocrx_word' id='word_1_187' title='bbox 1120 2566 1451 2639; x_wconf 63' lang='lat' dir='ltr'><strong>pmuitentia</strong></span> <span class='ocrx_word' id='word_1_188' title='bbox 1492 2564 1631 2617; x_wconf 91' lang='lat' dir='ltr'><strong>viam</strong></span> <span class='ocrx_word' id='word_1_189' title='bbox 1660 2561 1862 2631; x_wconf 84' lang='lat' dir='ltr'><strong>cogita-</strong></span> 
     </span>
    </p>
   </div>
   <div class='ocr_carea' id='block_1_26' title="bbox 260 2650 1859 2735">
    <p class='ocr_par' dir='ltr' id='par_1_26' title="bbox 260 2650 1859 2735">
     <span class='ocr_line' id='line_1_26' title="bbox 260 2650 1859 2735; baseline -0.011 -16"><span class='ocrx_word' id='word_1_190' title='bbox 260 2668 419 2731; x_wconf 86' lang='lat' dir='ltr'><strong>verit,</strong></span> <span class='ocrx_word' id='word_1_191' title='bbox 473 2679 634 2735; x_wconf 88' lang='lat' dir='ltr'><strong>quam</strong></span> <span class='ocrx_word' id='word_1_192' title='bbox 683 2663 916 2718; x_wconf 86' lang='lat' dir='ltr'><strong>humano</strong></span> <span class='ocrx_word' id='word_1_193' title='bbox 961 2659 1143 2730; x_wconf 77' lang='lat' dir='ltr'><strong>generi</strong></span> <span class='ocrx_word' id='word_1_194' title='bbox 1195 2665 1378 2710; x_wconf 85' lang='lat' dir='ltr'><strong>nostro</strong></span> <span class='ocrx_word' id='word_1_195' title='bbox 1421 2653 1492 2709; x_wconf 90' lang='lat' dir='ltr'><strong>ob</strong></span> <span class='ocrx_word' id='word_1_196' title='bbox 1537 2650 1859 2707; x_wconf 83' lang='lat' dir='ltr'><strong>ineffabilem</strong></span> 
     </span>
    </p>
   </div>
   <div class='ocr_carea' id='block_1_27' title="bbox 262 2742 1864 2815">
    <p class='ocr_par' dir='ltr' id='par_1_27' title="bbox 262 2742 1864 2815">
     <span class='ocr_line' id='line_1_27' title="bbox 262 2742 1864 2815; baseline -0.013 -2"><span class='ocrx_word' id='word_1_197' title='bbox 262 2755 688 2813; x_wconf 88' lang='lat' dir='ltr'><strong>misericordiam</strong></span> <span class='ocrx_word' id='word_1_198' title='bbox 721 2768 873 2808; x_wconf 85' lang='lat' dir='ltr'><strong>suam</strong></span> <span class='ocrx_word' id='word_1_199' title='bbox 902 2749 1196 2811; x_wconf 87' lang='lat' dir='ltr'><strong>concessit,</strong></span> <span class='ocrx_word' id='word_1_200' title='bbox 1227 2757 1281 2800; x_wconf 89' lang='lat' dir='ltr'><strong>et</strong></span> <span class='ocrx_word' id='word_1_201' title='bbox 1312 2755 1434 2815; x_wconf 89' lang='lat' dir='ltr'><strong>post</strong></span> <span class='ocrx_word' id='word_1_202' title='bbox 1463 2742 1711 2812; x_wconf 86' lang='lat' dir='ltr'><strong>baptismi</strong></span> <span class='ocrx_word' id='word_1_203' title='bbox 1741 2754 1864 2809; x_wconf 88' lang='lat' dir='ltr'><strong>gra-</strong></span> 
     </span>
    </p>
   </div>
   <div class='ocr_carea' id='block_1_28' title="bbox 262 2832 1861 2912">
    <p class='ocr_par' dir='ltr' id='par_1_28' title="bbox 262 2832 1861 2912">
     <span class='ocr_line' id='line_1_28' title="bbox 262 2832 1861 2912; baseline -0.013 -8"><span class='ocrx_word' id='word_1_204' title='bbox 262 2850 391 2904; x_wconf 83' lang='lat' dir='ltr'><strong>tiam</strong></span> <span class='ocrx_word' id='word_1_205' title='bbox 411 2889 427 2912; x_wconf 82' lang='lat'><strong>.</strong></span> <span class='ocrx_word' id='word_1_206' title='bbox 468 2845 733 2902; x_wconf 88' lang='lat' dir='ltr'><strong>mirabilia</strong></span> <span class='ocrx_word' id='word_1_207' title='bbox 778 2844 867 2898; x_wconf 89' lang='lat' dir='ltr'><strong>illa</strong></span> <span class='ocrx_word' id='word_1_208' title='bbox 910 2841 1157 2897; x_wconf 87' lang='lat' dir='ltr'><strong>mandata</strong></span> <span class='ocrx_word' id='word_1_209' title='bbox 1188 2880 1202 2904; x_wconf 94' lang='lat'><strong>,</strong></span> <span class='ocrx_word' id='word_1_210' title='bbox 1234 2853 1328 2907; x_wconf 89' lang='lat' dir='ltr'><strong>per</strong></span> <span class='ocrx_word' id='word_1_211' title='bbox 1354 2850 1474 2906; x_wconf 74' lang='lat' dir='ltr'><strong>qua:</strong></span> <span class='ocrx_word' id='word_1_212' title='bbox 1494 2874 1510 2900; x_wconf 91' lang='lat'><strong>,</strong></span> <span class='ocrx_word' id='word_1_213' title='bbox 1540 2834 1584 2887; x_wconf 89' lang='lat' dir='ltr'><strong>si</strong></span> <span class='ocrx_word' id='word_1_214' title='bbox 1610 2832 1861 2898; x_wconf 89' lang='lat' dir='ltr'><strong>velimus,</strong></span> 
     </span>
    </p>
   </div>
   <div class='ocr_carea' id='block_1_29' title="bbox 266 2925 1478 3012">
    <p class='ocr_par' dir='ltr' id='par_1_29' title="bbox 266 2925 1478 3012">
     <span class='ocr_line' id='line_1_29' title="bbox 266 2925 1478 3012; baseline -0.013 -18"><span class='ocrx_word' id='word_1_215' title='bbox 266 2939 564 3012; x_wconf 87' lang='lat' dir='ltr'><strong>poterimus</strong></span> <span class='ocrx_word' id='word_1_216' title='bbox 589 2937 707 3007; x_wconf 84' lang='lat' dir='ltr'><strong>ejus</strong></span> <span class='ocrx_word' id='word_1_217' title='bbox 732 2932 888 2989; x_wconf 88' lang='lat' dir='ltr'><strong>nobis</strong></span> <span class='ocrx_word' id='word_1_218' title='bbox 904 2932 1126 3004; x_wconf 86' lang='lat' dir='ltr'><strong>gratiam</strong></span> <span class='ocrx_word' id='word_1_219' title='bbox 1150 2927 1438 2984; x_wconf 89' lang='lat' dir='ltr'><strong>conciliare</strong></span> <span class='ocrx_word' id='word_1_220' title='bbox 1453 2925 1478 2977; x_wconf 79' lang='lat' dir='ltr'><strong>‘l</strong></span> 
     </span>
    </p>
   </div>
   <div class='ocr_carea' id='block_1_30' title="bbox 332 3011 1864 3097">
    <p class='ocr_par' dir='ltr' id='par_1_30' title="bbox 332 3011 1864 3097">
     <span class='ocr_line' id='line_1_30' title="bbox 332 3011 1864 3097; baseline -0.013 -12"><span class='ocrx_word' id='word_1_221' title='bbox 332 3030 392 3085; x_wconf 69' lang='grc'><strong>2.</strong></span> <span class='ocrx_word' id='word_1_222' title='bbox 423 3028 615 3084; x_wconf 80' lang='lat' dir='ltr'><strong>Vidisti</strong></span> <span class='ocrx_word' id='word_1_223' title='bbox 640 3068 657 3097; x_wconf 90' lang='lat'><strong>,</strong></span> <span class='ocrx_word' id='word_1_224' title='bbox 706 3027 900 3082; x_wconf 84' lang='lat' dir='ltr'><strong>dilecte</strong></span> <span class='ocrx_word' id='word_1_225' title='bbox 920 3064 935 3087; x_wconf 90' lang='lat'><strong>,</strong></span> <span class='ocrx_word' id='word_1_226' title='bbox 982 3024 1235 3093; x_wconf 84' lang='lat' dir='ltr'><strong>abyssum</strong></span> <span class='ocrx_word' id='word_1_227' title='bbox 1265 3019 1406 3074; x_wconf 91' lang='lat' dir='ltr'><strong>illius</strong></span> <span class='ocrx_word' id='word_1_228' title='bbox 1430 3014 1814 3072; x_wconf 85' lang='lat' dir='ltr'><strong>beneﬁciorum</strong></span> <span class='ocrx_word' id='word_1_229' title='bbox 1840 3011 1864 3065; x_wconf 67' lang='grc' dir='ltr'><strong>ἲ</strong></span> 
     </span>
    </p>
   </div>
   <div class='ocr_carea' id='block_1_31' title="bbox 264 3105 1863 3190">
    <p class='ocr_par' dir='ltr' id='par_1_31' title="bbox 264 3105 1863 3190">
     <span class='ocr_line' id='line_1_31' title="bbox 264 3105 1863 3190; baseline -0.013 -14"><span class='ocrx_word' id='word_1_230' title='bbox 264 3121 446 3176; x_wconf 80' lang='lat' dir='ltr'><strong>vidisti</strong></span> <span class='ocrx_word' id='word_1_231' title='bbox 474 3129 673 3190; x_wconf 89' lang='lat' dir='ltr'><strong>quanta</strong></span> <span class='ocrx_word' id='word_1_232' title='bbox 698 3113 1199 3172; x_wconf 85' lang='lat' dir='ltr'><strong>enumeraverimus</strong></span> <span class='ocrx_word' id='word_1_233' title='bbox 1218 3152 1232 3173; x_wconf 89' lang='lat'><strong>,</strong></span> <span class='ocrx_word' id='word_1_234' title='bbox 1261 3108 1356 3165; x_wconf 84' lang='lat' dir='ltr'><strong>sed</strong></span> <span class='ocrx_word' id='word_1_235' title='bbox 1385 3105 1622 3161; x_wconf 90' lang='lat' dir='ltr'><strong>nondum</strong></span> <span class='ocrx_word' id='word_1_236' title='bbox 1644 3116 1863 3173; x_wconf 88' lang='lat' dir='ltr'><strong>parvam</strong></span> 
     </span>
    </p>
   </div>
   <div class='ocr_carea' id='block_1_32' title="bbox 264 3193 1862 3280">
    <p class='ocr_par' dir='ltr' id='par_1_32' title="bbox 264 3193 1862 3280">
     <span class='ocr_line' id='line_1_32' title="bbox 264 3193 1862 3280; baseline -0.017 -9"><span class='ocrx_word' id='word_1_237' title='bbox 264 3226 458 3270; x_wconf 84' lang='lat' dir='ltr'><strong>eorum</strong></span> <span class='ocrx_word' id='word_1_238' title='bbox 486 3218 688 3280; x_wconf 86' lang='lat' dir='ltr'><strong>partem</strong></span> <span class='ocrx_word' id='word_1_239' title='bbox 711 3208 893 3262; x_wconf 90' lang='lat' dir='ltr'><strong>dicere</strong></span> <span class='ocrx_word' id='word_1_240' title='bbox 924 3204 1192 3274; x_wconf 86' lang='lat' dir='ltr'><strong>potuimus</strong></span> <span class='ocrx_word' id='word_1_241' title='bbox 1217 3200 1241 3253; x_wconf 88' lang='lat'><strong>?</strong></span> <span class='ocrx_word' id='word_1_242' title='bbox 1283 3195 1563 3264; x_wconf 81' lang='lat' dir='ltr'><strong>Quomodo</strong></span> <span class='ocrx_word' id='word_1_243' title='bbox 1590 3195 1732 3250; x_wconf 90' lang='lat' dir='ltr'><strong>enim</strong></span> <span class='ocrx_word' id='word_1_244' title='bbox 1762 3193 1862 3245; x_wconf 90' lang='lat' dir='ltr'><strong>hu-</strong></span> 
     </span>
    </p>
   </div>
   <div class='ocr_carea' id='block_1_33' title="bbox 267 3292 1868 3371">
    <p class='ocr_par' dir='ltr' id='par_1_33' title="bbox 267 3292 1868 3371">
     <span class='ocr_line' id='line_1_33' title="bbox 267 3292 1868 3371; baseline -0.012 -12"><span class='ocrx_word' id='word_1_245' title='bbox 267 3318 427 3361; x_wconf 87' lang='lat' dir='ltr'><strong>mana</strong></span> <span class='ocrx_word' id='word_1_246' title='bbox 459 3302 635 3371; x_wconf 89' lang='lat' dir='ltr'><strong>lingua</strong></span> <span class='ocrx_word' id='word_1_247' title='bbox 662 3314 780 3370; x_wconf 64' lang='lat' dir='ltr'><strong>qua:</strong></span> <span class='ocrx_word' id='word_1_248' title='bbox 800 3313 829 3351; x_wconf 88' lang='lat' dir='ltr'><strong>a</strong></span> <span class='ocrx_word' id='word_1_249' title='bbox 855 3298 963 3351; x_wconf 89' lang='lat' dir='ltr'><strong>Deo</strong></span> <span class='ocrx_word' id='word_1_250' title='bbox 994 3296 1147 3350; x_wconf 87' lang='lat' dir='ltr'><strong>nobis</strong></span> <span class='ocrx_word' id='word_1_251' title='bbox 1173 3292 1367 3347; x_wconf 86' lang='lat' dir='ltr'><strong>collata</strong></span> <span class='ocrx_word' id='word_1_252' title='bbox 1392 3297 1517 3343; x_wconf 87' lang='lat' dir='ltr'><strong>sunt</strong></span> <span class='ocrx_word' id='word_1_253' title='bbox 1545 3295 1868 3356; x_wconf 88' lang='lat' dir='ltr'><strong>pertractare</strong></span> 
     </span>
    </p>
   </div>
   <div class='ocr_carea' id='block_1_34' title="bbox 269 3378 1866 3466">
    <p class='ocr_par' dir='ltr' id='par_1_34' title="bbox 269 3378 1866 3466">
     <span class='ocr_line' id='line_1_34' title="bbox 269 3378 1866 3466; baseline -0.014 -14"><span class='ocrx_word' id='word_1_254' title='bbox 269 3394 492 3466; x_wconf 54' lang='lat' dir='ltr'><strong>posset?</strong></span> <span class='ocrx_word' id='word_1_255' title='bbox 537 3395 608 3448; x_wconf 77' lang='lat' dir='ltr'><strong>At</strong></span> <span class='ocrx_word' id='word_1_256' title='bbox 630 3392 754 3447; x_wconf 85' lang='lat' dir='ltr'><strong>licet</strong></span> <span class='ocrx_word' id='word_1_257' title='bbox 785 3390 868 3444; x_wconf 87' lang='lat' dir='ltr'><strong>illa</strong></span> <span class='ocrx_word' id='word_1_258' title='bbox 899 3395 1042 3443; x_wconf 88' lang='lat' dir='ltr'><strong>tanta</strong></span> <span class='ocrx_word' id='word_1_259' title='bbox 1064 3401 1131 3441; x_wconf 90' lang='lat' dir='ltr'><strong>ac</strong></span> <span class='ocrx_word' id='word_1_260' title='bbox 1155 3384 1279 3439; x_wconf 89' lang='lat' dir='ltr'><strong>talia</strong></span> <span class='ocrx_word' id='word_1_261' title='bbox 1311 3383 1439 3448; x_wconf 91' lang='lat' dir='ltr'><strong>sint,</strong></span> <span class='ocrx_word' id='word_1_262' title='bbox 1468 3380 1637 3434; x_wconf 88' lang='lat' dir='ltr'><strong>multo</strong></span> <span class='ocrx_word' id='word_1_263' title='bbox 1666 3378 1866 3446; x_wconf 82' lang='lat' dir='ltr'><strong>majora</strong></span> 
     </span>
    </p>
   </div>
   <div class='ocr_carea' id='block_1_35' title="bbox 268 3469 1870 3546">
    <p class='ocr_par' dir='ltr' id='par_1_35' title="bbox 268 3469 1870 3546">
     <span class='ocr_line' id='line_1_35' title="bbox 268 3469 1870 3546; baseline -0.014 -3"><span class='ocrx_word' id='word_1_264' title='bbox 268 3497 326 3543; x_wconf 90' lang='lat' dir='ltr'><strong>ct</strong></span> <span class='ocrx_word' id='word_1_265' title='bbox 363 3486 715 3541; x_wconf 84' lang='lat' dir='ltr'><strong>ineﬁ‘abiliora</strong></span> <span class='ocrx_word' id='word_1_266' title='bbox 746 3490 872 3536; x_wconf 89' lang='lat' dir='ltr'><strong>sunt</strong></span> <span class='ocrx_word' id='word_1_267' title='bbox 902 3479 1157 3536; x_wconf 89' lang='lat' dir='ltr'><strong>bcnelicia</strong></span> <span class='ocrx_word' id='word_1_268' title='bbox 1184 3518 1199 3543; x_wconf 95' lang='lat'><strong>,</strong></span> <span class='ocrx_word' id='word_1_269' title='bbox 1232 3490 1352 3546; x_wconf 70' lang='lat' dir='ltr'><strong>qua:</strong></span> <span class='ocrx_word' id='word_1_270' title='bbox 1379 3475 1430 3528; x_wconf 92' lang='lat' dir='ltr'><strong>in</strong></span> <span class='ocrx_word' id='word_1_271' title='bbox 1462 3471 1642 3525; x_wconf 92' lang='lat' dir='ltr'><strong>futuro</strong></span> <span class='ocrx_word' id='word_1_272' title='bbox 1670 3469 1870 3523; x_wconf 71' lang='lat' dir='ltr'><strong>srccnlo</strong></span> 
     </span>
    </p>
   </div>
   <div class='ocr_carea' id='block_1_36' title="bbox 272 3561 1869 3651">
    <p class='ocr_par' dir='ltr' id='par_1_36' title="bbox 272 3561 1869 3651">
     <span class='ocr_line' id='line_1_36' title="bbox 272 3561 1869 3651; baseline -0.014 -16"><span class='ocrx_word' id='word_1_273' title='bbox 272 3593 370 3651; x_wconf 80' lang='lat' dir='ltr'><strong>per</strong></span> <span class='ocrx_word' id='word_1_274' title='bbox 394 3580 649 3633; x_wconf 89' lang='lat' dir='ltr'><strong>virtutum</strong></span> <span class='ocrx_word' id='word_1_275' title='bbox 677 3575 815 3629; x_wconf 87' lang='lat' dir='ltr'><strong>viam</strong></span> <span class='ocrx_word' id='word_1_276' title='bbox 843 3570 1212 3628; x_wconf 85' lang='lat' dir='ltr'><strong>incedentibus</strong></span> <span class='ocrx_word' id='word_1_277' title='bbox 1231 3610 1248 3635; x_wconf 91' lang='lat'><strong>,</strong></span> <span class='ocrx_word' id='word_1_278' title='bbox 1278 3576 1334 3622; x_wconf 90' lang='lat' dir='ltr'><strong>et</strong></span> <span class='ocrx_word' id='word_1_279' title='bbox 1365 3566 1488 3619; x_wconf 90' lang='lat' dir='ltr'><strong>hinc</strong></span> <span class='ocrx_word' id='word_1_280' title='bbox 1515 3561 1869 3632; x_wconf 77' lang='lat' dir='ltr'><strong>migrantibus</strong></span> 
     </span>
    </p>
   </div>
   <div class='ocr_carea' id='block_1_37' title="bbox 270 3656 1873 3737">
    <p class='ocr_par' dir='ltr' id='par_1_37' title="bbox 270 3656 1873 3737">
     <span class='ocr_line' id='line_1_37' title="bbox 270 3656 1873 3737; baseline -0.013 -13"><span class='ocrx_word' id='word_1_281' title='bbox 270 3671 522 3734; x_wconf 70' lang='lat' dir='ltr'><strong>daturum</strong></span> <span class='ocrx_word' id='word_1_282' title='bbox 548 3683 605 3721; x_wconf 86' lang='lat' dir='ltr'><strong>se</strong></span> <span class='ocrx_word' id='word_1_283' title='bbox 629 3666 897 3737; x_wconf 81' lang='lat' dir='ltr'><strong>promisit.</strong></span> <span class='ocrx_word' id='word_1_284' title='bbox 938 3663 1175 3730; x_wconf 86' lang='lat' dir='ltr'><strong>Quorum</strong></span> <span class='ocrx_word' id='word_1_285' title='bbox 1204 3656 1623 3727; x_wconf 76' lang='lat' dir='ltr'><strong>magnitudinem</strong></span> <span class='ocrx_word' id='word_1_286' title='bbox 1657 3661 1713 3706; x_wconf 92' lang='lat' dir='ltr'><strong>ut</strong></span> <span class='ocrx_word' id='word_1_287' title='bbox 1741 3667 1873 3721; x_wconf 83' lang='lat' dir='ltr'><strong>pau-</strong></span> 
     </span>
    </p>
   </div>
   <div class='ocr_carea' id='block_1_38' title="bbox 272 3745 1869 3817">
    <p class='ocr_par' dir='ltr' id='par_1_38' title="bbox 272 3745 1869 3817">
     <span class='ocr_line' id='line_1_38' title="bbox 272 3745 1869 3817; baseline -0.013 0"><span class='ocrx_word' id='word_1_288' title='bbox 272 3764 353 3817; x_wconf 88' lang='lat' dir='ltr'><strong>cis</strong></span> <span class='ocrx_word' id='word_1_289' title='bbox 376 3761 553 3816; x_wconf 83' lang='lat' dir='ltr'><strong>verbis</strong></span> <span class='ocrx_word' id='word_1_290' title='bbox 580 3759 733 3813; x_wconf 91' lang='lat' dir='ltr'><strong>nobis</strong></span> <span class='ocrx_word' id='word_1_291' title='bbox 761 3754 1164 3811; x_wconf 85' lang='lat' dir='ltr'><strong>commendaret</strong></span> <span class='ocrx_word' id='word_1_292' title='bbox 1191 3750 1379 3805; x_wconf 88' lang='lat' dir='ltr'><strong>beatus</strong></span> <span class='ocrx_word' id='word_1_293' title='bbox 1410 3746 1603 3802; x_wconf 89' lang='lat' dir='ltr'><strong>Paulus</strong></span> <span class='ocrx_word' id='word_1_294' title='bbox 1626 3786 1642 3811; x_wconf 94' lang='lat'><strong>,</strong></span> <span class='ocrx_word' id='word_1_295' title='bbox 1671 3745 1869 3814; x_wconf 87' lang='lat' dir='ltr'><strong>inquit:</strong></span> 
     </span>
    </p>
   </div>
   <div class='ocr_carea' id='block_1_39' title="bbox 278 3838 1875 3917">
    <p class='ocr_par' dir='ltr' id='par_1_39' title="bbox 278 3838 1875 3917">
     <span class='ocr_line' id='line_1_39' title="bbox 278 3838 1875 3917; baseline -0.01 -12"><span class='ocrx_word' id='word_1_296' title='bbox 278 3853 407 3917; x_wconf 74' lang='lat' dir='ltr'><strong>Qua</strong></span> <span class='ocrx_word' id='word_1_297' title='bbox 432 3851 609 3905; x_wconf 72' lang='lat' dir='ltr'><strong>oculus</strong></span> <span class='ocrx_word' id='word_1_298' title='bbox 638 3865 736 3902; x_wconf 84' lang='lat' dir='ltr'><strong>non</strong></span> <span class='ocrx_word' id='word_1_299' title='bbox 772 3848 892 3900; x_wconf 82' lang='lat' dir='ltr'><strong>vidit</strong></span> <span class='ocrx_word' id='word_1_300' title='bbox 915 3886 931 3913; x_wconf 91' lang='lat'><strong>,</strong></span> <span class='ocrx_word' id='word_1_301' title='bbox 978 3854 1024 3899; x_wconf 87' lang='lat' dir='ltr'><strong>et</strong></span> <span class='ocrx_word' id='word_1_302' title='bbox 1050 3843 1192 3896; x_wconf 80' lang='lat' dir='ltr'><strong>auris</strong></span> <span class='ocrx_word' id='word_1_303' title='bbox 1215 3857 1315 3895; x_wconf 83' lang='lat' dir='ltr'><strong>non</strong></span> <span class='ocrx_word' id='word_1_304' title='bbox 1341 3838 1533 3893; x_wconf 73' lang='lat' dir='ltr'><strong>audivit</strong></span> <span class='ocrx_word' id='word_1_305' title='bbox 1558 3877 1574 3903; x_wconf 91' lang='lat'><strong>,</strong></span> <span class='ocrx_word' id='word_1_306' title='bbox 1620 3846 1667 3890; x_wconf 87' lang='lat' dir='ltr'><strong>et</strong></span> <span class='ocrx_word' id='word_1_307' title='bbox 1707 3839 1761 3889; x_wconf 83' lang='lat' dir='ltr'><strong>in</strong></span> <span class='ocrx_word' id='word_1_308' title='bbox 1788 3851 1875 3889; x_wconf 88' lang='lat' dir='ltr'><strong>car</strong></span> 
     </span>
    </p>
   </div>
   <div class='ocr_carea' id='block_1_40' title="bbox 276 3926 1875 4004">
    <p class='ocr_par' dir='ltr' id='par_1_40' title="bbox 276 3926 1875 4004">
     <span class='ocr_line' id='line_1_40' title="bbox 276 3926 1875 4004; baseline -0.01 -8"><span class='ocrx_word' id='word_1_309' title='bbox 276 3942 497 3997; x_wconf 78' lang='lat' dir='ltr'><strong>hominis</strong></span> <span class='ocrx_word' id='word_1_310' title='bbox 522 3957 623 3994; x_wconf 84' lang='lat' dir='ltr'><strong>non</strong></span> <span class='ocrx_word' id='word_1_311' title='bbox 650 3938 1016 3998; x_wconf 85' lang='lat' dir='ltr'><strong>ascenderunt,</strong></span> <span class='ocrx_word' id='word_1_312' title='bbox 1056 3950 1170 4004; x_wconf 72' lang='lat' dir='ltr'><strong>qua:</strong></span> <span class='ocrx_word' id='word_1_313' title='bbox 1200 3930 1505 4002; x_wconf 72' lang='lat' dir='ltr'><strong>prazparauit</strong></span> <span class='ocrx_word' id='word_1_314' title='bbox 1535 3926 1671 3981; x_wconf 86' lang='lat' dir='ltr'><strong>Deus</strong></span> <span class='ocrx_word' id='word_1_315' title='bbox 1699 3928 1762 3979; x_wconf 88' lang='lat' dir='ltr'><strong>iis</strong></span> <span class='ocrx_word' id='word_1_316' title='bbox 1787 3927 1875 3996; x_wconf 83' lang='lat' dir='ltr'><strong>qui</strong></span> 
     </span>
    </p>
   </div>
   <div class='ocr_carea' id='block_1_41' title="bbox 276 4017 1874 4106">
    <p class='ocr_par' dir='ltr' id='par_1_41' title="bbox 276 4017 1874 4106">
     <span class='ocr_line' id='line_1_41' title="bbox 276 4017 1874 4106; baseline -0.013 -16"><span class='ocrx_word' id='word_1_317' title='bbox 276 4038 497 4106; x_wconf 81' lang='lat' dir='ltr'><strong>diligunt</strong></span> <span class='ocrx_word' id='word_1_318' title='bbox 534 4049 588 4086; x_wconf 87' lang='lat' dir='ltr'><strong>se</strong></span> <span class='ocrx_word' id='word_1_319' title='bbox 625 4034 703 4101; x_wconf 87' lang='lat' dir='ltr'><strong>(l.</strong></span> <span class='ocrx_word' id='word_1_320' title='bbox 736 4029 855 4084; x_wconf 85' lang='lat' dir='ltr'><strong>Cor.</strong></span> <span class='ocrx_word' id='word_1_321' title='bbox 883 4027 938 4082; x_wconf 66' lang='grc' dir='ltr'><strong>Ξ.</strong></span> <span class='ocrx_word' id='word_1_322' title='bbox 962 4028 1039 4097; x_wconf 82' lang='grc'><strong>9).</strong></span> <span class='ocrx_word' id='word_1_323' title='bbox 1099 4025 1286 4079; x_wconf 85' lang='lat' dir='ltr'><strong>Vidisti</strong></span> <span class='ocrx_word' id='word_1_324' title='bbox 1330 4023 1469 4077; x_wconf 88' lang='lat' dir='ltr'><strong>dona</strong></span> <span class='ocrx_word' id='word_1_325' title='bbox 1515 4017 1874 4074; x_wconf 78' lang='lat' dir='ltr'><strong>excellentia?</strong></span> 
     </span>
    </p>
   </div>
   <div class='ocr_carea' id='block_1_42' title="bbox 279 4111 1874 4183">
    <p class='ocr_par' dir='ltr' id='par_1_42' title="bbox 279 4111 1874 4183">
     <span class='ocr_line' id='line_1_42' title="bbox 279 4111 1874 4183; baseline -0.013 0"><span class='ocrx_word' id='word_1_326' title='bbox 279 4127 457 4183; x_wconf 83' lang='lat' dir='ltr'><strong>vidisti</strong></span> <span class='ocrx_word' id='word_1_327' title='bbox 487 4122 746 4179; x_wconf 88' lang='lat' dir='ltr'><strong>beneﬁcia</strong></span> <span class='ocrx_word' id='word_1_328' title='bbox 776 4122 918 4175; x_wconf 88' lang='lat' dir='ltr'><strong>illius</strong></span> <span class='ocrx_word' id='word_1_329' title='bbox 940 4133 1153 4174; x_wconf 90' lang='lat' dir='ltr'><strong>omnem</strong></span> <span class='ocrx_word' id='word_1_330' title='bbox 1186 4116 1474 4169; x_wconf 83' lang='lat' dir='ltr'><strong>humanam</strong></span> <span class='ocrx_word' id='word_1_331' title='bbox 1497 4111 1874 4181; x_wconf 79' lang='lat' dir='ltr'><strong>cogitationem</strong></span> 
     </span>
    </p>
   </div>
   <div class='ocr_carea' id='block_1_43' title="bbox 280 4202 1875 4273">
    <p class='ocr_par' dir='ltr' id='par_1_43' title="bbox 280 4202 1875 4273">
     <span class='ocr_line' id='line_1_43' title="bbox 280 4202 1875 4273; baseline -0.013 0"><span class='ocrx_word' id='word_1_332' title='bbox 280 4213 761 4273; x_wconf 75' lang='lat' dir='ltr'><strong>transcendentia?</strong></span> <span class='ocrx_word' id='word_1_333' title='bbox 792 4211 930 4266; x_wconf 89' lang='lat' dir='ltr'><strong>Dicit</strong></span> <span class='ocrx_word' id='word_1_334' title='bbox 947 4209 1111 4272; x_wconf 90' lang='lat' dir='ltr'><strong>enim,</strong></span> <span class='ocrx_word' id='word_1_335' title='bbox 1143 4206 1208 4260; x_wconf 85' lang='lat' dir='ltr'><strong>In</strong></span> <span class='ocrx_word' id='word_1_336' title='bbox 1233 4222 1320 4259; x_wconf 91' lang='lat' dir='ltr'><strong>cor</strong></span> <span class='ocrx_word' id='word_1_337' title='bbox 1339 4202 1558 4257; x_wconf 80' lang='lat' dir='ltr'><strong>hominis</strong></span> <span class='ocrx_word' id='word_1_338' title='bbox 1584 4218 1685 4254; x_wconf 85' lang='lat' dir='ltr'><strong>non</strong></span> <span class='ocrx_word' id='word_1_339' title='bbox 1709 4216 1875 4254; x_wconf 84' lang='lat' dir='ltr'><strong>ascen-</strong></span> 
     </span>
    </p>
   </div>
   <div class='ocr_carea' id='block_1_44' title="bbox 280 4293 1879 4374">
    <p class='ocr_par' dir='ltr' id='par_1_44' title="bbox 280 4293 1879 4374">
     <span class='ocr_line' id='line_1_44' title="bbox 280 4293 1879 4374; baseline -0.011 -12"><span class='ocrx_word' id='word_1_340' title='bbox 280 4310 483 4362; x_wconf 81' lang='lat' dir='ltr'><strong>derunt.</strong></span> <span class='ocrx_word' id='word_1_341' title='bbox 514 4306 568 4361; x_wconf 89' lang='lat' dir='ltr'><strong>Si</strong></span> <span class='ocrx_word' id='word_1_342' title='bbox 598 4305 757 4374; x_wconf 84' lang='lat' dir='ltr'><strong>igitur</strong></span> <span class='ocrx_word' id='word_1_343' title='bbox 784 4302 1030 4356; x_wconf 90' lang='lat' dir='ltr'><strong>volumus</strong></span> <span class='ocrx_word' id='word_1_344' title='bbox 1058 4298 1142 4353; x_wconf 90' lang='lat' dir='ltr'><strong>illa</strong></span> <span class='ocrx_word' id='word_1_345' title='bbox 1173 4297 1351 4351; x_wconf 88' lang='lat' dir='ltr'><strong>animo</strong></span> <span class='ocrx_word' id='word_1_346' title='bbox 1375 4293 1678 4354; x_wconf 83' lang='lat' dir='ltr'><strong>revolvere.</strong></span> <span class='ocrx_word' id='word_1_347' title='bbox 1705 4300 1759 4346; x_wconf 90' lang='lat' dir='ltr'><strong>et</strong></span> <span class='ocrx_word' id='word_1_348' title='bbox 1780 4305 1879 4361; x_wconf 90' lang='lat' dir='ltr'><strong>pro</strong></span> 
     </span>
    </p>
   </div>
   <div class='ocr_carea' id='block_1_45' title="bbox 281 4383 1880 4464">
    <p class='ocr_par' dir='ltr' id='par_1_45' title="bbox 281 4383 1880 4464">
     <span class='ocr_line' id='line_1_45' title="bbox 281 4383 1880 4464; baseline -0.012 -10"><span class='ocrx_word' id='word_1_349' title='bbox 281 4400 486 4454; x_wconf 87' lang='lat' dir='ltr'><strong>viribus</strong></span> <span class='ocrx_word' id='word_1_350' title='bbox 530 4396 727 4450; x_wconf 86' lang='lat' dir='ltr'><strong>nostris</strong></span> <span class='ocrx_word' id='word_1_351' title='bbox 773 4394 971 4464; x_wconf 87' lang='lat' dir='ltr'><strong>gratias</strong></span> <span class='ocrx_word' id='word_1_352' title='bbox 1009 4405 1201 4461; x_wconf 84' lang='lat' dir='ltr'><strong>agere,</strong></span> <span class='ocrx_word' id='word_1_353' title='bbox 1252 4386 1546 4458; x_wconf 87' lang='lat' dir='ltr'><strong>poterimus</strong></span> <span class='ocrx_word' id='word_1_354' title='bbox 1572 4383 1740 4439; x_wconf 90' lang='lat' dir='ltr'><strong>multo</strong></span> <span class='ocrx_word' id='word_1_355' title='bbox 1769 4397 1880 4436; x_wconf 89' lang='lat' dir='ltr'><strong>ma-</strong></span> 
     </span>
    </p>
   </div>
   <div class='ocr_carea' id='block_1_46' title="bbox 279 4474 1877 4561">
    <p class='ocr_par' dir='ltr' id='par_1_46' title="bbox 279 4474 1877 4561">
     <span class='ocr_line' id='line_1_46' title="bbox 279 4474 1877 4561; baseline -0.009 -22"><span class='ocrx_word' id='word_1_356' title='bbox 279 4493 456 4561; x_wconf 73' lang='lat' dir='ltr'><strong>jorem</strong></span> <span class='ocrx_word' id='word_1_357' title='bbox 486 4488 630 4541; x_wconf 89' lang='lat' dir='ltr'><strong>illius</strong></span> <span class='ocrx_word' id='word_1_358' title='bbox 655 4486 879 4556; x_wconf 88' lang='lat' dir='ltr'><strong>gratiam</strong></span> <span class='ocrx_word' id='word_1_359' title='bbox 911 4481 1065 4537; x_wconf 88' lang='lat' dir='ltr'><strong>nobis</strong></span> <span class='ocrx_word' id='word_1_360' title='bbox 1090 4478 1375 4535; x_wconf 87' lang='lat' dir='ltr'><strong>conciliare</strong></span> <span class='ocrx_word' id='word_1_361' title='bbox 1397 4517 1413 4542; x_wconf 92' lang='lat'><strong>,</strong></span> <span class='ocrx_word' id='word_1_362' title='bbox 1440 4484 1493 4531; x_wconf 90' lang='lat' dir='ltr'><strong>et</strong></span> <span class='ocrx_word' id='word_1_363' title='bbox 1519 4474 1586 4528; x_wconf 90' lang='lat' dir='ltr'><strong>ad</strong></span> <span class='ocrx_word' id='word_1_364' title='bbox 1628 4475 1877 4527; x_wconf 86' lang='lat' dir='ltr'><strong>virtutem</strong></span> 
     </span>
    </p>
   </div>
   <div class='ocr_carea' id='block_1_47' title="bbox 283 4561 1881 4651">
    <p class='ocr_par' dir='ltr' id='par_1_47' title="bbox 283 4561 1881 4651">
     <span class='ocr_line' id='line_1_47' title="bbox 283 4561 1881 4651; baseline -0.013 -14"><span class='ocrx_word' id='word_1_365' title='bbox 283 4582 454 4651; x_wconf 87' lang='lat' dir='ltr'><strong>magis</strong></span> <span class='ocrx_word' id='word_1_366' title='bbox 499 4578 681 4634; x_wconf 87' lang='lat' dir='ltr'><strong>idonei</strong></span> <span class='ocrx_word' id='word_1_367' title='bbox 728 4576 864 4634; x_wconf 89' lang='lat' dir='ltr'><strong>ﬁeri.</strong></span> <span class='ocrx_word' id='word_1_368' title='bbox 916 4572 1169 4629; x_wconf 74' lang='lat' dir='ltr'><strong>Memoria</strong></span> <span class='ocrx_word' id='word_1_369' title='bbox 1198 4570 1340 4625; x_wconf 88' lang='lat' dir='ltr'><strong>enim</strong></span> <span class='ocrx_word' id='word_1_370' title='bbox 1372 4565 1754 4622; x_wconf 89' lang='lat' dir='ltr'><strong>beneﬁciorum</strong></span> <span class='ocrx_word' id='word_1_371' title='bbox 1787 4561 1881 4617; x_wconf 89' lang='lat' dir='ltr'><strong>Dei</strong></span> 
     </span>
    </p>
   </div>
   <div class='ocr_carea' id='block_1_48' title="bbox 284 4656 1881 4738">
    <p class='ocr_par' dir='ltr' id='par_1_48' title="bbox 284 4656 1881 4738">
     <span class='ocr_line' id='line_1_48' title="bbox 284 4656 1881 4738; baseline -0.014 -9"><span class='ocrx_word' id='word_1_372' title='bbox 284 4672 560 4729; x_wconf 83' lang='lat' dir='ltr'><strong>sufﬁciens</strong></span> <span class='ocrx_word' id='word_1_373' title='bbox 583 4676 686 4735; x_wconf 88' lang='lat' dir='ltr'><strong>est,</strong></span> <span class='ocrx_word' id='word_1_374' title='bbox 713 4682 830 4738; x_wconf 79' lang='lat' dir='ltr'><strong>qua:</strong></span> <span class='ocrx_word' id='word_1_375' title='bbox 848 4665 914 4720; x_wconf 91' lang='lat' dir='ltr'><strong>ad</strong></span> <span class='ocrx_word' id='word_1_376' title='bbox 935 4666 1186 4718; x_wconf 89' lang='lat' dir='ltr'><strong>virtutum</strong></span> <span class='ocrx_word' id='word_1_377' title='bbox 1203 4661 1410 4715; x_wconf 85' lang='lat' dir='ltr'><strong>labores</strong></span> <span class='ocrx_word' id='word_1_378' title='bbox 1432 4672 1528 4711; x_wconf 91' lang='lat' dir='ltr'><strong>nos</strong></span> <span class='ocrx_word' id='word_1_379' title='bbox 1543 4656 1881 4721; x_wconf 78' lang='lat' dir='ltr'><strong>adhortetur,</strong></span> 
     </span>
    </p>
   </div>
   <div class='ocr_carea' id='block_1_49' title="bbox 284 4744 1884 4833">
    <p class='ocr_par' dir='ltr' id='par_1_49' title="bbox 284 4744 1884 4833">
     <span class='ocr_line' id='line_1_49' title="bbox 284 4744 1884 4833; baseline -0.014 -14"><span class='ocrx_word' id='word_1_380' title='bbox 284 4773 344 4819; x_wconf 85' lang='lat' dir='ltr'><strong>et</strong></span> <span class='ocrx_word' id='word_1_381' title='bbox 369 4768 629 4833; x_wconf 70' lang='lat' dir='ltr'><strong>praeparet</strong></span> <span class='ocrx_word' id='word_1_382' title='bbox 651 4768 710 4811; x_wconf 92' lang='lat' dir='ltr'><strong>ut</strong></span> <span class='ocrx_word' id='word_1_383' title='bbox 736 4756 1016 4826; x_wconf 64' lang='lat' dir='ltr'><strong>praisentia</strong></span> <span class='ocrx_word' id='word_1_384' title='bbox 1044 4754 1222 4807; x_wconf 89' lang='lat' dir='ltr'><strong>omnia</strong></span> <span class='ocrx_word' id='word_1_385' title='bbox 1247 4749 1605 4818; x_wconf 88' lang='lat' dir='ltr'><strong>despiciamus</strong></span> <span class='ocrx_word' id='word_1_386' title='bbox 1628 4787 1643 4811; x_wconf 88' lang='lat'><strong>,</strong></span> <span class='ocrx_word' id='word_1_387' title='bbox 1672 4754 1807 4800; x_wconf 90' lang='lat' dir='ltr'><strong>etut</strong></span> <span class='ocrx_word' id='word_1_388' title='bbox 1834 4744 1884 4799; x_wconf 91' lang='lat' dir='ltr'><strong>ci</strong></span> 
     </span>
    </p>
   </div>
   <div class='ocr_carea' id='block_1_50' title="bbox 286 4836 1881 4926">
    <p class='ocr_par' dir='ltr' id='par_1_50' title="bbox 286 4836 1881 4926">
     <span class='ocr_line' id='line_1_50' title="bbox 286 4836 1881 4926; baseline -0.014 -18"><span class='ocrx_word' id='word_1_389' title='bbox 286 4855 377 4926; x_wconf 89' lang='lat' dir='ltr'><strong>qui</strong></span> <span class='ocrx_word' id='word_1_390' title='bbox 428 4862 572 4907; x_wconf 84' lang='lat' dir='ltr'><strong>tanta</strong></span> <span class='ocrx_word' id='word_1_391' title='bbox 623 4849 675 4902; x_wconf 90' lang='lat' dir='ltr'><strong>in</strong></span> <span class='ocrx_word' id='word_1_392' title='bbox 731 4861 828 4900; x_wconf 91' lang='lat' dir='ltr'><strong>nos</strong></span> <span class='ocrx_word' id='word_1_393' title='bbox 872 4843 1126 4897; x_wconf 84' lang='lat' dir='ltr'><strong>beneﬁcia</strong></span> <span class='ocrx_word' id='word_1_394' title='bbox 1181 4840 1436 4902; x_wconf 88' lang='lat' dir='ltr'><strong>contulit,</strong></span> <span class='ocrx_word' id='word_1_395' title='bbox 1491 4836 1881 4900; x_wconf 61' lang='lat' dir='ltr'><strong>adhaereamus,</strong></span> 
     </span>
    </p>
   </div>
   <div class='ocr_carea' id='block_1_51' title="bbox 286 4926 1882 5007">
    <p class='ocr_par' dir='ltr' id='par_1_51' title="bbox 286 4926 1882 5007">
     <span class='ocr_line' id='line_1_51' title="bbox 286 4926 1882 5007; baseline -0.016 -2"><span class='ocrx_word' id='word_1_396' title='bbox 286 4961 526 5005; x_wconf 87' lang='lat' dir='ltr'><strong>amorem</strong></span> <span class='ocrx_word' id='word_1_397' title='bbox 556 4945 608 4997; x_wconf 90' lang='lat' dir='ltr'><strong>in</strong></span> <span class='ocrx_word' id='word_1_398' title='bbox 640 4942 786 4996; x_wconf 90' lang='lat' dir='ltr'><strong>illum</strong></span> <span class='ocrx_word' id='word_1_399' title='bbox 823 4937 1043 5007; x_wconf 83' lang='lat' dir='ltr'><strong>singulis</strong></span> <span class='ocrx_word' id='word_1_400' title='bbox 1070 4934 1257 4987; x_wconf 86' lang='lat' dir='ltr'><strong>diebus</strong></span> <span class='ocrx_word' id='word_1_401' title='bbox 1296 4940 1510 4985; x_wconf 89' lang='lat' dir='ltr'><strong>auctum</strong></span> <span class='ocrx_word' id='word_1_402' title='bbox 1546 4926 1882 4982; x_wconf 84' lang='lat' dir='ltr'><strong>exhibentes.</strong></span> 
     </span>
    </p>
   </div>
   <div class='ocr_carea' id='block_1_52' title="bbox 288 5016 1883 5095">
    <p class='ocr_par' dir='ltr' id='par_1_52' title="bbox 288 5016 1883 5095">
     <span class='ocr_line' id='line_1_52' title="bbox 288 5016 1883 5095; baseline -0.017 -2"><span class='ocrx_word' id='word_1_403' title='bbox 288 5038 425 5095; x_wconf 76' lang='lat' dir='ltr'><strong>Hinc</strong></span> <span class='ocrx_word' id='word_1_404' title='bbox 453 5033 653 5090; x_wconf 88' lang='lat' dir='ltr'><strong>etenim</strong></span> <span class='ocrx_word' id='word_1_405' title='bbox 687 5030 874 5084; x_wconf 87' lang='lat' dir='ltr'><strong>beatus</strong></span> <span class='ocrx_word' id='word_1_406' title='bbox 900 5028 1001 5081; x_wconf 87' lang='lat' dir='ltr'><strong>iste</strong></span> <span class='ocrx_word' id='word_1_407' title='bbox 1032 5032 1228 5079; x_wconf 88' lang='lat' dir='ltr'><strong>tantam</strong></span> <span class='ocrx_word' id='word_1_408' title='bbox 1264 5021 1356 5074; x_wconf 90' lang='lat' dir='ltr'><strong>Dei</strong></span> <span class='ocrx_word' id='word_1_409' title='bbox 1384 5018 1607 5088; x_wconf 87' lang='lat' dir='ltr'><strong>gratiam</strong></span> <span class='ocrx_word' id='word_1_410' title='bbox 1634 5025 1691 5071; x_wconf 88' lang='lat' dir='ltr'><strong>et</strong></span> <span class='ocrx_word' id='word_1_411' title='bbox 1712 5016 1883 5068; x_wconf 85' lang='lat' dir='ltr'><strong>bono-</strong></span> 
     </span>
    </p>
   </div>
   <div class='ocr_carea' id='block_1_53' title="bbox 292 5104 1888 5188">
    <p class='ocr_par' dir='ltr' id='par_1_53' title="bbox 292 5104 1888 5188">
     <span class='ocr_line' id='line_1_53' title="bbox 292 5104 1888 5188; baseline -0.018 -3"><span class='ocrx_word' id='word_1_412' title='bbox 292 5144 406 5185; x_wconf 89' lang='lat' dir='ltr'><strong>rem</strong></span> <span class='ocrx_word' id='word_1_413' title='bbox 436 5126 539 5181; x_wconf 85' lang='lat' dir='ltr'><strong>sibi</strong></span> <span class='ocrx_word' id='word_1_414' title='bbox 566 5120 901 5183; x_wconf 78' lang='lat' dir='ltr'><strong>conciliavit,</strong></span> <span class='ocrx_word' id='word_1_415' title='bbox 939 5118 1059 5188; x_wconf 89' lang='lat' dir='ltr'><strong>quia</strong></span> <span class='ocrx_word' id='word_1_416' title='bbox 1088 5115 1154 5169; x_wconf 90' lang='lat' dir='ltr'><strong>de</strong></span> <span class='ocrx_word' id='word_1_417' title='bbox 1185 5110 1452 5183; x_wconf 88' lang='lat' dir='ltr'><strong>prioribus</strong></span> <span class='ocrx_word' id='word_1_418' title='bbox 1479 5106 1679 5178; x_wconf 88' lang='lat' dir='ltr'><strong>gratias</strong></span> <span class='ocrx_word' id='word_1_419' title='bbox 1710 5104 1888 5160; x_wconf 87' lang='lat' dir='ltr'><strong>reddi-</strong></span> 
     </span>
    </p>
   </div>
   <div class='ocr_carea' id='block_1_54' title="bbox 291 5200 1887 5274">
    <p class='ocr_par' dir='ltr' id='par_1_54' title="bbox 291 5200 1887 5274">
     <span class='ocr_line' id='line_1_54' title="bbox 291 5200 1887 5274; baseline -0.017 0"><span class='ocrx_word' id='word_1_420' title='bbox 291 5219 389 5274; x_wconf 91' lang='lat' dir='ltr'><strong>dit.</strong></span> <span class='ocrx_word' id='word_1_421' title='bbox 439 5216 542 5271; x_wconf 86' lang='lat' dir='ltr'><strong>Sed</strong></span> <span class='ocrx_word' id='word_1_422' title='bbox 590 5222 647 5267; x_wconf 91' lang='lat' dir='ltr'><strong>ut</strong></span> <span class='ocrx_word' id='word_1_423' title='bbox 675 5211 1010 5265; x_wconf 85' lang='lat' dir='ltr'><strong>manifestior</strong></span> <span class='ocrx_word' id='word_1_424' title='bbox 1045 5207 1196 5261; x_wconf 89' lang='lat' dir='ltr'><strong>nobis</strong></span> <span class='ocrx_word' id='word_1_425' title='bbox 1224 5204 1312 5258; x_wconf 89' lang='lat' dir='ltr'><strong>ille</strong></span> <span class='ocrx_word' id='word_1_426' title='bbox 1346 5214 1527 5255; x_wconf 87' lang='lat' dir='ltr'><strong>sermo</strong></span> <span class='ocrx_word' id='word_1_427' title='bbox 1558 5200 1682 5263; x_wconf 86' lang='lat' dir='ltr'><strong>ﬁat,</strong></span> <span class='ocrx_word' id='word_1_428' title='bbox 1709 5211 1887 5265; x_wconf 75' lang='lat' dir='ltr'><strong>opera:</strong></span> 
     </span>
    </p>
   </div>
   <div class='ocr_carea' id='block_1_55' title="bbox 295 5288 1885 5379">
    <p class='ocr_par' dir='ltr' id='par_1_55' title="bbox 295 5288 1885 5379">
     <span class='ocr_line' id='line_1_55' title="bbox 295 5288 1885 5379; baseline -0.014 -19"><span class='ocrx_word' id='word_1_429' title='bbox 295 5308 524 5379; x_wconf 79' lang='lat' dir='ltr'><strong>pretium</strong></span> <span class='ocrx_word' id='word_1_430' title='bbox 548 5313 670 5368; x_wconf 85' lang='lat' dir='ltr'><strong>est,</strong></span> <span class='ocrx_word' id='word_1_431' title='bbox 702 5311 758 5357; x_wconf 90' lang='lat' dir='ltr'><strong>ut</strong></span> <span class='ocrx_word' id='word_1_432' title='bbox 785 5300 992 5355; x_wconf 87' lang='lat' dir='ltr'><strong>initium</strong></span> <span class='ocrx_word' id='word_1_433' title='bbox 1021 5313 1206 5352; x_wconf 83' lang='lat' dir='ltr'><strong>eorum</strong></span> <span class='ocrx_word' id='word_1_434' title='bbox 1234 5310 1353 5364; x_wconf 62' lang='lat' dir='ltr'><strong>qua:</strong></span> <span class='ocrx_word' id='word_1_435' title='bbox 1384 5291 1545 5345; x_wconf 86' lang='lat' dir='ltr'><strong>hodie</strong></span> <span class='ocrx_word' id='word_1_436' title='bbox 1574 5288 1710 5342; x_wconf 86' lang='lat' dir='ltr'><strong>lecta</strong></span> <span class='ocrx_word' id='word_1_437' title='bbox 1737 5294 1885 5351; x_wconf 88' lang='lat' dir='ltr'><strong>sunt,</strong></span> 
     </span>
    </p>
   </div>
   <div class='ocr_carea' id='block_1_56' title="bbox 294 5387 1887 5460">
    <p class='ocr_par' dir='ltr' id='par_1_56' title="bbox 294 5387 1887 5460">
     <span class='ocr_line' id='line_1_56' title="bbox 294 5387 1887 5460; baseline -0.015 -5"><span class='ocrx_word' id='word_1_438' title='bbox 294 5398 503 5455; x_wconf 76' lang='lat' dir='ltr'><strong>caritati</strong></span> <span class='ocrx_word' id='word_1_439' title='bbox 557 5406 751 5448; x_wconf 73' lang='lat' dir='ltr'><strong>chtra:</strong></span> <span class='ocrx_word' id='word_1_440' title='bbox 795 5404 1109 5460; x_wconf 72' lang='lat' dir='ltr'><strong>proponam.</strong></span> <span class='ocrx_word' id='word_1_441' title='bbox 1166 5387 1299 5441; x_wconf 83' lang='lat' dir='ltr'><strong>Nam</strong></span> <span class='ocrx_word' id='word_1_442' title='bbox 1352 5391 1631 5454; x_wconf 86' lang='lat' dir='ltr'><strong>postquam</strong></span> <span class='ocrx_word' id='word_1_443' title='bbox 1660 5392 1725 5432; x_wconf 79' lang='lat' dir='ltr'><strong>ex</strong></span> <span class='ocrx_word' id='word_1_444' title='bbox 1765 5390 1887 5431; x_wconf 86' lang='lat' dir='ltr'><strong>arca</strong></span> 
     </span>
    </p>
   </div>
   <div class='ocr_carea' id='block_1_57' title="bbox 295 5470 1891 5548">
    <p class='ocr_par' dir='ltr' id='par_1_57' title="bbox 295 5470 1891 5548">
     <span class='ocr_line' id='line_1_57' title="bbox 295 5470 1891 5548; baseline -0.016 -2"><span class='ocrx_word' id='word_1_445' title='bbox 295 5492 461 5548; x_wconf 81' lang='lat' dir='ltr'><strong>exivit</strong></span> <span class='ocrx_word' id='word_1_446' title='bbox 497 5487 792 5543; x_wconf 86' lang='lat' dir='ltr'><strong>secundum</strong></span> <span class='ocrx_word' id='word_1_447' title='bbox 835 5482 1142 5538; x_wconf 87' lang='lat' dir='ltr'><strong>mandatum</strong></span> <span class='ocrx_word' id='word_1_448' title='bbox 1172 5478 1377 5534; x_wconf 86' lang='lat' dir='ltr'><strong>Domini</strong></span> <span class='ocrx_word' id='word_1_449' title='bbox 1408 5517 1421 5541; x_wconf 91' lang='lat'><strong>,</strong></span> <span class='ocrx_word' id='word_1_450' title='bbox 1471 5488 1594 5529; x_wconf 92' lang='lat' dir='ltr'><strong>cum</strong></span> <span class='ocrx_word' id='word_1_451' title='bbox 1642 5470 1765 5524; x_wconf 81' lang='lat' dir='ltr'><strong>ﬁliis</strong></span> <span class='ocrx_word' id='word_1_452' title='bbox 1788 5509 1803 5534; x_wconf 94' lang='lat'><strong>,</strong></span> <span class='ocrx_word' id='word_1_453' title='bbox 1835 5477 1891 5523; x_wconf 91' lang='lat' dir='ltr'><strong>et</strong></span> 
     </span>
    </p>
   </div>
   <div class='ocr_carea' id='block_1_58' title="bbox 297 5561 1890 5647">
    <p class='ocr_par' dir='ltr' id='par_1_58' title="bbox 297 5561 1890 5647">
     <span class='ocr_line' id='line_1_58' title="bbox 297 5561 1890 5647; baseline -0.016 -7"><span class='ocrx_word' id='word_1_454' title='bbox 297 5598 393 5640; x_wconf 81' lang='lat' dir='ltr'><strong>sua</strong></span> <span class='ocrx_word' id='word_1_455' title='bbox 422 5596 620 5647; x_wconf 83' lang='lat' dir='ltr'><strong>uxore,</strong></span> <span class='ocrx_word' id='word_1_456' title='bbox 653 5588 708 5634; x_wconf 89' lang='lat' dir='ltr'><strong>et</strong></span> <span class='ocrx_word' id='word_1_457' title='bbox 734 5576 988 5633; x_wconf 85' lang='lat' dir='ltr'><strong>uxoribus</strong></span> <span class='ocrx_word' id='word_1_458' title='bbox 1018 5574 1246 5628; x_wconf 89' lang='lat' dir='ltr'><strong>liliorum</strong></span> <span class='ocrx_word' id='word_1_459' title='bbox 1286 5584 1529 5634; x_wconf 89' lang='lat' dir='ltr'><strong>suorum,</strong></span> <span class='ocrx_word' id='word_1_460' title='bbox 1561 5574 1616 5619; x_wconf 92' lang='lat' dir='ltr'><strong>et</strong></span> <span class='ocrx_word' id='word_1_461' title='bbox 1642 5561 1890 5618; x_wconf 89' lang='lat' dir='ltr'><strong>omnibus</strong></span> 
     </span>
    </p>
   </div>
   <div class='ocr_carea' id='block_1_59' title="bbox 301 5651 1891 5735">
    <p class='ocr_par' dir='ltr' id='par_1_59' title="bbox 301 5651 1891 5735">
     <span class='ocr_line' id='line_1_59' title="bbox 301 5651 1891 5735; baseline -0.016 -5"><span class='ocrx_word' id='word_1_462' title='bbox 301 5675 431 5730; x_wconf 80' lang='lat' dir='ltr'><strong>leris</strong></span> <span class='ocrx_word' id='word_1_463' title='bbox 455 5682 509 5727; x_wconf 91' lang='lat' dir='ltr'><strong>et</strong></span> <span class='ocrx_word' id='word_1_464' title='bbox 535 5670 840 5726; x_wconf 83' lang='lat' dir='ltr'><strong>volatilibus</strong></span> <span class='ocrx_word' id='word_1_465' title='bbox 864 5710 877 5733; x_wconf 87' lang='lat'><strong>,</strong></span> <span class='ocrx_word' id='word_1_466' title='bbox 924 5676 978 5721; x_wconf 92' lang='lat' dir='ltr'><strong>et</strong></span> <span class='ocrx_word' id='word_1_467' title='bbox 1026 5673 1147 5735; x_wconf 87' lang='lat' dir='ltr'><strong>post</strong></span> <span class='ocrx_word' id='word_1_468' title='bbox 1188 5674 1466 5733; x_wconf 87' lang='lat' dir='ltr'><strong>egressum</strong></span> <span class='ocrx_word' id='word_1_469' title='bbox 1493 5654 1698 5726; x_wconf 85' lang='lat' dir='ltr'><strong>accepit</strong></span> <span class='ocrx_word' id='word_1_470' title='bbox 1724 5666 1753 5706; x_wconf 91' lang='lat' dir='ltr'><strong>a</strong></span> <span class='ocrx_word' id='word_1_471' title='bbox 1779 5651 1891 5707; x_wconf 91' lang='lat' dir='ltr'><strong>Deo</strong></span> 
     </span>
    </p>
   </div>
   <div class='ocr_carea' id='block_1_60' title="bbox 303 5745 1890 5821">
    <p class='ocr_par' dir='ltr' id='par_1_60' title="bbox 303 5745 1890 5821">
     <span class='ocr_line' id='line_1_60' title="bbox 303 5745 1890 5821; baseline -0.016 -1"><span class='ocrx_word' id='word_1_472' title='bbox 303 5759 732 5821; x_wconf 72' lang='lat' dir='ltr'><strong>benedictionem</strong></span> <span class='ocrx_word' id='word_1_473' title='bbox 780 5758 921 5813; x_wconf 83' lang='lat' dir='ltr'><strong>illam</strong></span> <span class='ocrx_word' id='word_1_474' title='bbox 963 5764 1165 5810; x_wconf 90' lang='lat' dir='ltr'><strong>tantum</strong></span> <span class='ocrx_word' id='word_1_475' title='bbox 1210 5752 1309 5807; x_wconf 89' lang='lat' dir='ltr'><strong>sibi</strong></span> <span class='ocrx_word' id='word_1_476' title='bbox 1356 5749 1663 5804; x_wconf 81' lang='lat' dir='ltr'><strong>aﬁ‘ercntem</strong></span> <span class='ocrx_word' id='word_1_477' title='bbox 1690 5745 1890 5802; x_wconf 63' lang='lat' dir='ltr'><strong>solatii:</strong></span> 
     </span>
    </p>
   </div>
   <div class='ocr_carea' id='block_1_61' title="bbox 1280 346 2522 416">
    <p class='ocr_par' dir='ltr' id='par_1_61' title="bbox 1280 346 2522 416">
     <span class='ocr_line' id='line_1_61' title="bbox 1280 346 2522 416; baseline -0.014 1"><span class='ocrx_word' id='word_1_478' title='bbox 1280 360 1348 415; x_wconf 77' lang='lat' dir='ltr'><strong>IN</strong></span> <span class='ocrx_word' id='word_1_479' title='bbox 1387 357 1539 416; x_wconf 72' lang='lat' dir='ltr'><strong>CAP.</strong></span> <span class='ocrx_word' id='word_1_480' title='bbox 1584 354 1716 410; x_wconf 89' lang='lat' dir='ltr'><strong>Vlll.</strong></span> <span class='ocrx_word' id='word_1_481' title='bbox 1758 350 2001 409; x_wconf 71' lang='lat' dir='ltr'><strong>GENES.</strong></span> <span class='ocrx_word' id='word_1_482' title='bbox 2044 348 2276 407; x_wconf 73' lang='lat' dir='ltr'><strong>HOMIL.</strong></span> <span class='ocrx_word' id='word_1_483' title='bbox 2305 346 2522 404; x_wconf 77' lang='lat' dir='ltr'><strong>XXVII.</strong></span> 
     </span>
    </p>
   </div>
   <div class='ocr_carea' id='block_1_62' title="bbox 3456 341 3562 395">
    <p class='ocr_par' dir='ltr' id='par_1_62' title="bbox 3456 341 3562 395">
     <span class='ocr_line' id='line_1_62' title="bbox 3456 341 3562 395; baseline 0.009 -1"><span class='ocrx_word' id='word_1_484' title='bbox 3456 341 3562 395; x_wconf 70' lang='grc'><strong>212</strong></span> 
     </span>
    </p>
   </div>
   <div class='ocr_carea' id='block_1_63' title="bbox 1966 456 3557 529">
    <p class='ocr_par' dir='ltr' id='par_1_63' title="bbox 1966 456 3557 529">
     <span class='ocr_line' id='line_1_63' title="bbox 1966 456 3557 529; baseline -0.006 -11"><span class='ocrx_word' id='word_1_485' title='bbox 1966 464 2048 518; x_wconf 88' lang='lat' dir='ltr'><strong>his</strong></span> <span class='ocrx_word' id='word_1_486' title='bbox 2069 462 2248 518; x_wconf 85' lang='lat' dir='ltr'><strong>verbis</strong></span> <span class='ocrx_word' id='word_1_487' title='bbox 2273 480 2287 517; x_wconf 92' lang='lat'>:</span> <span class='ocrx_word' id='word_1_488' title='bbox 2305 459 2521 518; x_wconf 85' lang='lat' dir='ltr'><strong>Crescite</strong></span> <span class='ocrx_word' id='word_1_489' title='bbox 2542 468 2588 515; x_wconf 84' lang='lat' dir='ltr'><strong>et</strong></span> <span class='ocrx_word' id='word_1_490' title='bbox 2610 456 3036 529; x_wconf 81' lang='lat' dir='ltr'><strong>multiplicamini,</strong></span> <span class='ocrx_word' id='word_1_491' title='bbox 3056 456 3258 512; x_wconf 75' lang='lat' dir='ltr'><strong>docens</strong></span> <span class='ocrx_word' id='word_1_492' title='bbox 3286 470 3387 512; x_wconf 82' lang='lat' dir='ltr'><strong>nos</strong></span> <span class='ocrx_word' id='word_1_493' title='bbox 3410 456 3557 511; x_wconf 84' lang='lat' dir='ltr'><strong>Scri-</strong></span> 
     </span>
    </p>
   </div>
   <div class='ocr_carea' id='block_1_64' title="bbox 1963 545 3563 622">
    <p class='ocr_par' dir='ltr' id='par_1_64' title="bbox 1963 545 3563 622">
     <span class='ocr_line' id='line_1_64' title="bbox 1963 545 3563 622; baseline -0.004 -18"><span class='ocrx_word' id='word_1_494' title='bbox 1963 565 2115 622; x_wconf 85' lang='lat' dir='ltr'><strong>p:ura</strong></span> <span class='ocrx_word' id='word_1_495' title='bbox 2159 551 2287 620; x_wconf 81' lang='lat' dir='ltr'><strong>justi</strong></span> <span class='ocrx_word' id='word_1_496' title='bbox 2329 558 2537 620; x_wconf 90' lang='lat' dir='ltr'><strong>gratum</strong></span> <span class='ocrx_word' id='word_1_497' title='bbox 2566 549 2802 603; x_wconf 88' lang='lat' dir='ltr'><strong>animum</strong></span> <span class='ocrx_word' id='word_1_498' title='bbox 2824 588 2839 611; x_wconf 90' lang='lat'><strong>,</strong></span> <span class='ocrx_word' id='word_1_499' title='bbox 2881 547 3009 602; x_wconf 89' lang='lat' dir='ltr'><strong>dicit</strong></span> <span class='ocrx_word' id='word_1_500' title='bbox 3043 545 3175 601; x_wconf 76' lang='lat'><strong>2‘20.</strong></span> <span class='ocrx_word' id='word_1_501' title='bbox 3210 546 3563 614; x_wconf 67' lang='lat' dir='ltr'><strong>litaediﬁcmsit</strong></span> 
     </span>
    </p>
   </div>
   <div class='ocr_carea' id='block_1_65' title="bbox 1972 637 3562 705">
    <p class='ocr_par' dir='ltr' id='par_1_65' title="bbox 1972 637 3562 705">
     <span class='ocr_line' id='line_1_65' title="bbox 1972 637 3562 705; baseline -0.004 -9"><span class='ocrx_word' id='word_1_502' title='bbox 1972 643 2087 696; x_wconf 79' lang='lat' dir='ltr'><strong>Noe</strong></span> <span class='ocrx_word' id='word_1_503' title='bbox 2112 643 2275 695; x_wconf 86' lang='lat' dir='ltr'><strong>altare</strong></span> <span class='ocrx_word' id='word_1_504' title='bbox 2306 640 2559 704; x_wconf 84' lang='lat' dir='ltr'><strong>Domino,</strong></span> <span class='ocrx_word' id='word_1_505' title='bbox 2602 649 2647 691; x_wconf 85' lang='lat' dir='ltr'><strong>et</strong></span> <span class='ocrx_word' id='word_1_506' title='bbox 2683 638 2877 705; x_wconf 86' lang='lat' dir='ltr'><strong>accepit</strong></span> <span class='ocrx_word' id='word_1_507' title='bbox 2918 639 2980 692; x_wconf 88' lang='lat' dir='ltr'><strong>de</strong></span> <span class='ocrx_word' id='word_1_508' title='bbox 3021 637 3252 691; x_wconf 80' lang='lat' dir='ltr'><strong>omnibus</strong></span> <span class='ocrx_word' id='word_1_509' title='bbox 3302 637 3562 705; x_wconf 76' lang='lat' dir='ltr'><strong>pecoribus</strong></span> 
     </span>
    </p>
   </div>
   <div class='ocr_carea' id='block_1_66' title="bbox 1964 727 3551 797">
    <p class='ocr_par' dir='ltr' id='par_1_66' title="bbox 1964 727 3551 797">
     <span class='ocr_line' id='line_1_66' title="bbox 1964 727 3551 797; baseline -0.004 -14"><span class='ocrx_word' id='word_1_510' title='bbox 1964 732 2187 797; x_wconf 80' lang='lat' dir='ltr'><strong>mundis,</strong></span> <span class='ocrx_word' id='word_1_511' title='bbox 2210 741 2257 783; x_wconf 89' lang='lat' dir='ltr'><strong>et</strong></span> <span class='ocrx_word' id='word_1_512' title='bbox 2287 731 2349 783; x_wconf 90' lang='lat' dir='ltr'><strong>de</strong></span> <span class='ocrx_word' id='word_1_513' title='bbox 2368 728 2597 783; x_wconf 85' lang='lat' dir='ltr'><strong>omnibus</strong></span> <span class='ocrx_word' id='word_1_514' title='bbox 2626 728 2912 781; x_wconf 82' lang='lat' dir='ltr'><strong>volatilibus</strong></span> <span class='ocrx_word' id='word_1_515' title='bbox 2932 727 3156 792; x_wconf 84' lang='lat' dir='ltr'><strong>mundis,</strong></span> <span class='ocrx_word' id='word_1_516' title='bbox 3186 736 3231 780; x_wconf 86' lang='lat' dir='ltr'><strong>et</strong></span> <span class='ocrx_word' id='word_1_517' title='bbox 3259 727 3438 780; x_wconf 60' lang='lat' dir='ltr'><strong>obtuiit</strong></span> <span class='ocrx_word' id='word_1_518' title='bbox 3463 728 3551 778; x_wconf 74' lang='lat' dir='ltr'><strong>lio</strong></span> 
     </span>
    </p>
   </div>
   <div class='ocr_carea' id='block_1_67' title="bbox 1968 817 3560 891">
    <p class='ocr_par' dir='ltr' id='par_1_67' title="bbox 1968 817 3560 891">
     <span class='ocr_line' id='line_1_67' title="bbox 1968 817 3560 891; baseline -0.002 -17"><span class='ocrx_word' id='word_1_519' title='bbox 1968 823 2245 876; x_wconf 83' lang='lat' dir='ltr'><strong>locaustum</strong></span> <span class='ocrx_word' id='word_1_520' title='bbox 2285 838 2437 891; x_wconf 82' lang='lat' dir='ltr'><strong>super</strong></span> <span class='ocrx_word' id='word_1_521' title='bbox 2465 818 2648 873; x_wconf 86' lang='lat' dir='ltr'><strong>altare.</strong></span> <span class='ocrx_word' id='word_1_522' title='bbox 2706 819 3001 888; x_wconf 85' lang='lat' dir='ltr'><strong>Diligenter</strong></span> <span class='ocrx_word' id='word_1_523' title='bbox 3037 817 3320 872; x_wconf 84' lang='lat' dir='ltr'><strong>considera</strong></span> <span class='ocrx_word' id='word_1_524' title='bbox 3347 859 3363 885; x_wconf 90' lang='lat'><strong>,</strong></span> <span class='ocrx_word' id='word_1_525' title='bbox 3391 819 3560 873; x_wconf 87' lang='lat' dir='ltr'><strong>caris-</strong></span> 
     </span>
    </p>
   </div>
   <div class='ocr_carea' id='block_1_68' title="bbox 1963 908 3559 982">
    <p class='ocr_par' dir='ltr' id='par_1_68' title="bbox 1963 908 3559 982">
     <span class='ocr_line' id='line_1_68' title="bbox 1963 908 3559 982; baseline -0.005 -15"><span class='ocrx_word' id='word_1_526' title='bbox 1963 916 2138 980; x_wconf 88' lang='lat' dir='ltr'><strong>sime,</strong></span> <span class='ocrx_word' id='word_1_527' title='bbox 2184 928 2252 968; x_wconf 86' lang='lat' dir='ltr'><strong>ex</strong></span> <span class='ocrx_word' id='word_1_528' title='bbox 2294 912 2646 982; x_wconf 77' lang='lat' dir='ltr'><strong>praesentibus</strong></span> <span class='ocrx_word' id='word_1_529' title='bbox 2676 911 2892 974; x_wconf 86' lang='lat' dir='ltr'><strong>verbis,</strong></span> <span class='ocrx_word' id='word_1_530' title='bbox 2945 908 3216 980; x_wconf 88' lang='lat' dir='ltr'><strong>quomodo</strong></span> <span class='ocrx_word' id='word_1_531' title='bbox 3266 908 3320 963; x_wconf 89' lang='lat' dir='ltr'><strong>in</strong></span> <span class='ocrx_word' id='word_1_532' title='bbox 3371 918 3559 964; x_wconf 64' lang='lat' dir='ltr'><strong>natura</strong></span> 
     </span>
    </p>
   </div>
   <div class='ocr_carea' id='block_1_69' title="bbox 1965 1000 3564 1058">
    <p class='ocr_par' dir='ltr' id='par_1_69' title="bbox 1965 1000 3564 1058">
     <span class='ocr_line' id='line_1_69' title="bbox 1965 1000 3564 1058; baseline -0.004 -1"><span class='ocrx_word' id='word_1_533' title='bbox 1965 1013 2144 1057; x_wconf 76' lang='lat' dir='ltr'><strong>nostra</strong></span> <span class='ocrx_word' id='word_1_534' title='bbox 2169 1005 2410 1058; x_wconf 87' lang='lat' dir='ltr'><strong>omnium</strong></span> <span class='ocrx_word' id='word_1_535' title='bbox 2427 1001 2686 1058; x_wconf 87' lang='lat' dir='ltr'><strong>Conditor</strong></span> <span class='ocrx_word' id='word_1_536' title='bbox 2712 1001 2905 1056; x_wconf 88' lang='lat' dir='ltr'><strong>insevit</strong></span> <span class='ocrx_word' id='word_1_537' title='bbox 2927 1011 3130 1056; x_wconf 89' lang='lat' dir='ltr'><strong>certam</strong></span> <span class='ocrx_word' id='word_1_538' title='bbox 3154 1000 3371 1055; x_wconf 87' lang='lat' dir='ltr'><strong>virtutis</strong></span> <span class='ocrx_word' id='word_1_539' title='bbox 3397 1001 3564 1054; x_wconf 66' lang='lat' dir='ltr'><strong>scient.</strong></span> 
     </span>
    </p>
   </div>
   <div class='ocr_carea' id='block_1_70' title="bbox 1965 1090 3560 1162">
    <p class='ocr_par' dir='ltr' id='par_1_70' title="bbox 1965 1090 3560 1162">
     <span class='ocr_line' id='line_1_70' title="bbox 1965 1090 3560 1162; baseline -0.002 -13"><span class='ocrx_word' id='word_1_540' title='bbox 1965 1093 2113 1149; x_wconf 87' lang='lat' dir='ltr'><strong>liam.</strong></span> <span class='ocrx_word' id='word_1_541' title='bbox 2142 1094 2294 1149; x_wconf 83' lang='lat' dir='ltr'><strong>Unde</strong></span> <span class='ocrx_word' id='word_1_542' title='bbox 2323 1095 2463 1148; x_wconf 85' lang='lat' dir='ltr'><strong>enim</strong></span> <span class='ocrx_word' id='word_1_543' title='bbox 2493 1136 2506 1158; x_wconf 92' lang='lat'><strong>,</strong></span> <span class='ocrx_word' id='word_1_544' title='bbox 2549 1093 2633 1147; x_wconf 91' lang='lat' dir='ltr'><strong>dic</strong></span> <span class='ocrx_word' id='word_1_545' title='bbox 2653 1134 2667 1157; x_wconf 89' lang='lat'><strong>,</strong></span> <span class='ocrx_word' id='word_1_546' title='bbox 2696 1106 2816 1159; x_wconf 86' lang='lat' dir='ltr'><strong>oro,</strong></span> <span class='ocrx_word' id='word_1_547' title='bbox 2843 1090 2990 1162; x_wconf 82' lang='lat' dir='ltr'><strong>justo</strong></span> <span class='ocrx_word' id='word_1_548' title='bbox 3014 1090 3087 1146; x_wconf 87' lang='lat' dir='ltr'><strong>illi</strong></span> <span class='ocrx_word' id='word_1_549' title='bbox 3121 1091 3221 1145; x_wconf 87' lang='lat' dir='ltr'><strong>hoc</strong></span> <span class='ocrx_word' id='word_1_550' title='bbox 3249 1093 3303 1146; x_wconf 85' lang='lat' dir='ltr'><strong>in</strong></span> <span class='ocrx_word' id='word_1_551' title='bbox 3327 1103 3560 1146; x_wconf 78' lang='lat' dir='ltr'><strong>mentum</strong></span> 
     </span>
    </p>
   </div>
   <div class='ocr_carea' id='block_1_71' title="bbox 1962 1181 3563 1253">
    <p class='ocr_par' dir='ltr' id='par_1_71' title="bbox 1962 1181 3563 1253">
     <span class='ocr_line' id='line_1_71' title="bbox 1962 1181 3563 1253; baseline 0.001 -18"><span class='ocrx_word' id='word_1_552' title='bbox 1962 1182 2239 1238; x_wconf 81' lang='lat' dir='ltr'><strong>venisset?</strong></span> <span class='ocrx_word' id='word_1_553' title='bbox 2280 1182 2467 1238; x_wconf 86' lang='lat' dir='ltr'><strong>Nullus</strong></span> <span class='ocrx_word' id='word_1_554' title='bbox 2505 1194 2621 1237; x_wconf 90' lang='lat' dir='ltr'><strong>erat</strong></span> <span class='ocrx_word' id='word_1_555' title='bbox 2650 1181 2785 1237; x_wconf 86' lang='lat' dir='ltr'><strong>alius</strong></span> <span class='ocrx_word' id='word_1_556' title='bbox 2814 1197 2972 1253; x_wconf 88' lang='lat' dir='ltr'><strong>quem</strong></span> <span class='ocrx_word' id='word_1_557' title='bbox 3002 1181 3227 1235; x_wconf 83' lang='lat' dir='ltr'><strong>videret.</strong></span> <span class='ocrx_word' id='word_1_558' title='bbox 3273 1182 3378 1238; x_wconf 88' lang='lat' dir='ltr'><strong>Sed</strong></span> <span class='ocrx_word' id='word_1_559' title='bbox 3420 1183 3563 1238; x_wconf 89' lang='lat' dir='ltr'><strong>sicut</strong></span> 
     </span>
    </p>
   </div>
   <div class='ocr_carea' id='block_1_72' title="bbox 1963 1271 3561 1342">
    <p class='ocr_par' dir='ltr' id='par_1_72' title="bbox 1963 1271 3561 1342">
     <span class='ocr_line' id='line_1_72' title="bbox 1963 1271 3561 1342; baseline -0.001 -16"><span class='ocrx_word' id='word_1_560' title='bbox 1963 1272 2017 1326; x_wconf 93' lang='lat' dir='ltr'><strong>in</strong></span> <span class='ocrx_word' id='word_1_561' title='bbox 2049 1273 2312 1342; x_wconf 89' lang='lat' dir='ltr'><strong>principio</strong></span> <span class='ocrx_word' id='word_1_562' title='bbox 2340 1273 2475 1329; x_wconf 84' lang='lat' dir='ltr'><strong>Abel</strong></span> <span class='ocrx_word' id='word_1_563' title='bbox 2521 1274 2609 1328; x_wconf 90' lang='lat' dir='ltr'><strong>ille</strong></span> <span class='ocrx_word' id='word_1_564' title='bbox 2642 1273 2795 1341; x_wconf 83' lang='lat' dir='ltr'><strong>primi</strong></span> <span class='ocrx_word' id='word_1_565' title='bbox 2839 1271 3069 1327; x_wconf 79' lang='lat' dir='ltr'><strong>hominis</strong></span> <span class='ocrx_word' id='word_1_566' title='bbox 3114 1272 3287 1335; x_wconf 80' lang='lat' dir='ltr'><strong>ﬁlius,</strong></span> <span class='ocrx_word' id='word_1_567' title='bbox 3321 1287 3350 1326; x_wconf 89' lang='lat' dir='ltr'><strong>a</strong></span> <span class='ocrx_word' id='word_1_568' title='bbox 3383 1273 3561 1342; x_wconf 90' lang='lat' dir='ltr'><strong>seipso</strong></span> 
     </span>
    </p>
   </div>
   <div class='ocr_carea' id='block_1_73' title="bbox 1963 1360 3557 1433">
    <p class='ocr_par' dir='ltr' id='par_1_73' title="bbox 1963 1360 3557 1433">
     <span class='ocr_line' id='line_1_73' title="bbox 1963 1360 3557 1433; baseline -0.002 -16"><span class='ocrx_word' id='word_1_569' title='bbox 1963 1364 2322 1418; x_wconf 84' lang='lat' dir='ltr'><strong>commonitus</strong></span> <span class='ocrx_word' id='word_1_570' title='bbox 2344 1402 2362 1430; x_wconf 87' lang='lat'><strong>,</strong></span> <span class='ocrx_word' id='word_1_571' title='bbox 2407 1376 2595 1432; x_wconf 83' lang='lat' dir='ltr'><strong>magna</strong></span> <span class='ocrx_word' id='word_1_572' title='bbox 2625 1362 2899 1433; x_wconf 85' lang='lat' dir='ltr'><strong>diligentia</strong></span> <span class='ocrx_word' id='word_1_573' title='bbox 2928 1360 3254 1417; x_wconf 81' lang='lat' dir='ltr'><strong>obiationem</strong></span> <span class='ocrx_word' id='word_1_574' title='bbox 3285 1361 3511 1431; x_wconf 80' lang='lat' dir='ltr'><strong>perfecit</strong></span> <span class='ocrx_word' id='word_1_575' title='bbox 3544 1378 3557 1414; x_wconf 90' lang='lat'><strong>:</strong></span> 
     </span>
    </p>
   </div>
   <div class='ocr_carea' id='block_1_74' title="bbox 1964 1452 3559 1525">
    <p class='ocr_par' dir='ltr' id='par_1_74' title="bbox 1964 1452 3559 1525">
     <span class='ocr_line' id='line_1_74' title="bbox 1964 1452 3559 1525; baseline -0.003 -16"><span class='ocrx_word' id='word_1_576' title='bbox 1964 1455 2043 1509; x_wconf 87' lang='lat' dir='ltr'><strong>sic</strong></span> <span class='ocrx_word' id='word_1_577' title='bbox 2071 1456 2255 1524; x_wconf 89' lang='lat' dir='ltr'><strong>utique</strong></span> <span class='ocrx_word' id='word_1_578' title='bbox 2284 1470 2425 1510; x_wconf 86' lang='lat' dir='ltr'><strong>nunc</strong></span> <span class='ocrx_word' id='word_1_579' title='bbox 2450 1464 2505 1509; x_wconf 90' lang='lat' dir='ltr'><strong>et</strong></span> <span class='ocrx_word' id='word_1_580' title='bbox 2539 1455 2719 1525; x_wconf 86' lang='lat' dir='ltr'><strong>justus</strong></span> <span class='ocrx_word' id='word_1_581' title='bbox 2749 1455 2837 1509; x_wconf 92' lang='lat' dir='ltr'><strong>ille</strong></span> <span class='ocrx_word' id='word_1_582' title='bbox 2860 1495 2877 1521; x_wconf 91' lang='lat'><strong>,</strong></span> <span class='ocrx_word' id='word_1_583' title='bbox 2906 1470 3002 1509; x_wconf 87' lang='lat' dir='ltr'><strong>sua</strong></span> <span class='ocrx_word' id='word_1_584' title='bbox 3030 1456 3308 1508; x_wconf 80' lang='lat' dir='ltr'><strong>voluntate</strong></span> <span class='ocrx_word' id='word_1_585' title='bbox 3331 1461 3387 1508; x_wconf 89' lang='lat' dir='ltr'><strong>et</strong></span> <span class='ocrx_word' id='word_1_586' title='bbox 3414 1452 3559 1506; x_wconf 84' lang='lat' dir='ltr'><strong>arbi-</strong></span> 
     </span>
    </p>
   </div>
   <div class='ocr_carea' id='block_1_75' title="bbox 1965 1545 3562 1616">
    <p class='ocr_par' dir='ltr' id='par_1_75' title="bbox 1965 1545 3562 1616">
     <span class='ocr_line' id='line_1_75' title="bbox 1965 1545 3562 1616; baseline 0 -19"><span class='ocrx_word' id='word_1_587' title='bbox 1965 1546 2069 1598; x_wconf 89' lang='lat' dir='ltr'><strong>trio</strong></span> <span class='ocrx_word' id='word_1_588' title='bbox 2094 1560 2268 1609; x_wconf 86' lang='lat' dir='ltr'><strong>sano,</strong></span> <span class='ocrx_word' id='word_1_589' title='bbox 2313 1554 2569 1616; x_wconf 90' lang='lat' dir='ltr'><strong>quantmn</strong></span> <span class='ocrx_word' id='word_1_590' title='bbox 2615 1545 2865 1601; x_wconf 85' lang='lat' dir='ltr'><strong>humanis</strong></span> <span class='ocrx_word' id='word_1_591' title='bbox 2895 1545 3096 1601; x_wconf 80' lang='lat' dir='ltr'><strong>viribus</strong></span> <span class='ocrx_word' id='word_1_592' title='bbox 3140 1546 3350 1612; x_wconf 89' lang='lat' dir='ltr'><strong>potuit,</strong></span> <span class='ocrx_word' id='word_1_593' title='bbox 3399 1555 3562 1613; x_wconf 91' lang='lat' dir='ltr'><strong>utque</strong></span> 
     </span>
    </p>
   </div>
   <div class='ocr_carea' id='block_1_76' title="bbox 1965 1633 3560 1705">
    <p class='ocr_par' dir='ltr' id='par_1_76' title="bbox 1965 1633 3560 1705">
     <span class='ocr_line' id='line_1_76' title="bbox 1965 1633 3560 1705; baseline -0.003 -16"><span class='ocrx_word' id='word_1_594' title='bbox 1965 1634 2265 1690; x_wconf 88' lang='lat' dir='ltr'><strong>faciendum</strong></span> <span class='ocrx_word' id='word_1_595' title='bbox 2311 1638 2548 1705; x_wconf 83' lang='lat' dir='ltr'><strong>putavit,</strong></span> <span class='ocrx_word' id='word_1_596' title='bbox 2582 1636 2811 1691; x_wconf 87' lang='lat' dir='ltr'><strong>Domino</strong></span> <span class='ocrx_word' id='word_1_597' title='bbox 2840 1650 2936 1705; x_wconf 88' lang='lat' dir='ltr'><strong>per</strong></span> <span class='ocrx_word' id='word_1_598' title='bbox 2964 1633 3225 1690; x_wconf 60' lang='lat' dir='ltr'><strong>sacriﬁcia</strong></span> <span class='ocrx_word' id='word_1_599' title='bbox 3268 1635 3560 1703; x_wconf 84' lang='lat' dir='ltr'><strong>gratiarum</strong></span> 
     </span>
    </p>
   </div>
   <div class='ocr_carea' id='block_1_77' title="bbox 1964 1724 3561 1796">
    <p class='ocr_par' dir='ltr' id='par_1_77' title="bbox 1964 1724 3561 1796">
     <span class='ocr_line' id='line_1_77' title="bbox 1964 1724 3561 1796; baseline -0.003 -17"><span class='ocrx_word' id='word_1_600' title='bbox 1964 1726 2229 1781; x_wconf 82' lang='lat' dir='ltr'><strong>actionem</strong></span> <span class='ocrx_word' id='word_1_601' title='bbox 2258 1726 2461 1781; x_wconf 88' lang='lat' dir='ltr'><strong>retulit.</strong></span> <span class='ocrx_word' id='word_1_602' title='bbox 2483 1725 2551 1780; x_wconf 83' lang='lat' dir='ltr'><strong>Et</strong></span> <span class='ocrx_word' id='word_1_603' title='bbox 2580 1726 2701 1781; x_wconf 92' lang='lat' dir='ltr'><strong>vide</strong></span> <span class='ocrx_word' id='word_1_604' title='bbox 2727 1734 2925 1795; x_wconf 84' lang='lat' dir='ltr'><strong>quanta</strong></span> <span class='ocrx_word' id='word_1_605' title='bbox 2956 1724 3220 1796; x_wconf 80' lang='lat' dir='ltr'><strong>sapientia</strong></span> <span class='ocrx_word' id='word_1_606' title='bbox 3247 1724 3561 1792; x_wconf 70' lang='lat' dir='ltr'><strong>exsequitur</strong></span> 
     </span>
    </p>
   </div>
   <div class='ocr_carea' id='block_1_78' title="bbox 1964 1813 3560 1888">
    <p class='ocr_par' dir='ltr' id='par_1_78' title="bbox 1964 1813 3560 1888">
     <span class='ocr_line' id='line_1_78' title="bbox 1964 1813 3560 1888; baseline -0.004 -17"><span class='ocrx_word' id='word_1_607' title='bbox 1964 1820 2164 1872; x_wconf 90' lang='lat' dir='ltr'><strong>omnia.</strong></span> <span class='ocrx_word' id='word_1_608' title='bbox 2197 1817 2381 1888; x_wconf 83' lang='lat' dir='ltr'><strong>Neque</strong></span> <span class='ocrx_word' id='word_1_609' title='bbox 2402 1819 2544 1873; x_wconf 90' lang='lat' dir='ltr'><strong>enim</strong></span> <span class='ocrx_word' id='word_1_610' title='bbox 2575 1815 2859 1887; x_wconf 87' lang='lat' dir='ltr'><strong>splendido</strong></span> <span class='ocrx_word' id='word_1_611' title='bbox 2882 1828 3021 1886; x_wconf 85' lang='lat' dir='ltr'><strong>opus</strong></span> <span class='ocrx_word' id='word_1_612' title='bbox 3052 1815 3278 1869; x_wconf 85' lang='lat' dir='ltr'><strong>habebat</strong></span> <span class='ocrx_word' id='word_1_613' title='bbox 3308 1813 3560 1877; x_wconf 80' lang='lat' dir='ltr'><strong>:cdiﬁcio,</strong></span> 
     </span>
    </p>
   </div>
   <div class='ocr_carea' id='block_1_79' title="bbox 1966 1902 3560 1978">
    <p class='ocr_par' dir='ltr' id='par_1_79' title="bbox 1966 1902 3560 1978">
     <span class='ocr_line' id='line_1_79' title="bbox 1966 1902 3560 1978; baseline -0.006 -17"><span class='ocrx_word' id='word_1_614' title='bbox 1966 1922 2140 1978; x_wconf 91' lang='lat' dir='ltr'><strong>neque</strong></span> <span class='ocrx_word' id='word_1_615' title='bbox 2196 1908 2431 1978; x_wconf 90' lang='lat' dir='ltr'><strong>templo,</strong></span> <span class='ocrx_word' id='word_1_616' title='bbox 2488 1922 2669 1977; x_wconf 88' lang='lat' dir='ltr'><strong>neque</strong></span> <span class='ocrx_word' id='word_1_617' title='bbox 2721 1906 2884 1961; x_wconf 88' lang='lat' dir='ltr'><strong>domo</strong></span> <span class='ocrx_word' id='word_1_618' title='bbox 2922 1904 3183 1975; x_wconf 86' lang='lat' dir='ltr'><strong>quapiam</strong></span> <span class='ocrx_word' id='word_1_619' title='bbox 3234 1902 3560 1963; x_wconf 73' lang='lat' dir='ltr'><strong>admirabili,</strong></span> 
     </span>
    </p>
   </div>
   <div class='ocr_carea' id='block_1_80' title="bbox 1966 1992 3560 2068">
    <p class='ocr_par' dir='ltr' id='par_1_80' title="bbox 1966 1992 3560 2068">
     <span class='ocr_line' id='line_1_80' title="bbox 1966 1992 3560 2068; baseline -0.004 -16"><span class='ocrx_word' id='word_1_620' title='bbox 1966 2014 2140 2068; x_wconf 90' lang='lat' dir='ltr'><strong>neque</strong></span> <span class='ocrx_word' id='word_1_621' title='bbox 2161 1998 2269 2052; x_wconf 88' lang='lat' dir='ltr'><strong>alio</strong></span> <span class='ocrx_word' id='word_1_622' title='bbox 2295 1998 2485 2067; x_wconf 88' lang='lat' dir='ltr'><strong>quovis</strong></span> <span class='ocrx_word' id='word_1_623' title='bbox 2517 2016 2530 2050; x_wconf 90' lang='lat'><strong>:</strong></span> <span class='ocrx_word' id='word_1_624' title='bbox 2564 1996 2770 2053; x_wconf 87' lang='lat' dir='ltr'><strong>sciebat</strong></span> <span class='ocrx_word' id='word_1_625' title='bbox 2797 1996 2939 2052; x_wconf 90' lang='lat' dir='ltr'><strong>enim</strong></span> <span class='ocrx_word' id='word_1_626' title='bbox 2965 2036 2980 2062; x_wconf 90' lang='lat'><strong>,</strong></span> <span class='ocrx_word' id='word_1_627' title='bbox 3007 1994 3212 2050; x_wconf 87' lang='lat' dir='ltr'><strong>sciebat</strong></span> <span class='ocrx_word' id='word_1_628' title='bbox 3242 1994 3424 2064; x_wconf 86' lang='lat' dir='ltr'><strong>utique</strong></span> <span class='ocrx_word' id='word_1_629' title='bbox 3452 1992 3560 2046; x_wconf 90' lang='lat' dir='ltr'><strong>Do-</strong></span> 
     </span>
    </p>
   </div>
   <div class='ocr_carea' id='block_1_81' title="bbox 1964 2088 3561 2159">
    <p class='ocr_par' dir='ltr' id='par_1_81' title="bbox 1964 2088 3561 2159">
     <span class='ocr_line' id='line_1_81' title="bbox 1964 2088 3561 2159; baseline -0.006 -12"><span class='ocrx_word' id='word_1_630' title='bbox 1964 2092 2167 2147; x_wconf 87' lang='lat' dir='ltr'><strong>minum</strong></span> <span class='ocrx_word' id='word_1_631' title='bbox 2205 2100 2446 2146; x_wconf 89' lang='lat' dir='ltr'><strong>mentem</strong></span> <span class='ocrx_word' id='word_1_632' title='bbox 2480 2090 2650 2145; x_wconf 86' lang='lat' dir='ltr'><strong>solam</strong></span> <span class='ocrx_word' id='word_1_633' title='bbox 2693 2088 3006 2159; x_wconf 87' lang='lat' dir='ltr'><strong>requirere;</strong></span> <span class='ocrx_word' id='word_1_634' title='bbox 3053 2095 3111 2143; x_wconf 92' lang='lat' dir='ltr'><strong>et</strong></span> <span class='ocrx_word' id='word_1_635' title='bbox 3153 2097 3430 2142; x_wconf 78' lang='lat' dir='ltr'><strong>exstructo</strong></span> <span class='ocrx_word' id='word_1_636' title='bbox 3476 2095 3561 2138; x_wconf 87' lang='lat' dir='ltr'><strong>tu-</strong></span> 
     </span>
    </p>
   </div>
   <div class='ocr_carea' id='block_1_82' title="bbox 1965 2177 3560 2251">
    <p class='ocr_par' dir='ltr' id='par_1_82' title="bbox 1965 2177 3560 2251">
     <span class='ocr_line' id='line_1_82' title="bbox 1965 2177 3560 2251; baseline -0.003 -15"><span class='ocrx_word' id='word_1_637' title='bbox 1965 2182 2249 2237; x_wconf 86' lang='lat' dir='ltr'><strong>multuaria</strong></span> <span class='ocrx_word' id='word_1_638' title='bbox 2290 2196 2453 2251; x_wconf 83' lang='lat' dir='ltr'><strong>opera</strong></span> <span class='ocrx_word' id='word_1_639' title='bbox 2496 2181 2689 2247; x_wconf 88' lang='lat' dir='ltr'><strong>altari,</strong></span> <span class='ocrx_word' id='word_1_640' title='bbox 2731 2195 2853 2235; x_wconf 89' lang='lat' dir='ltr'><strong>cum</strong></span> <span class='ocrx_word' id='word_1_641' title='bbox 2898 2179 3197 2248; x_wconf 86' lang='lat' dir='ltr'><strong>accepisset</strong></span> <span class='ocrx_word' id='word_1_642' title='bbox 3222 2177 3469 2249; x_wconf 69' lang='lat' dir='ltr'><strong>quedam</strong></span> <span class='ocrx_word' id='word_1_643' title='bbox 3496 2193 3560 2232; x_wconf 88' lang='lat' dir='ltr'><strong>es</strong></span> 
     </span>
    </p>
   </div>
   <div class='ocr_carea' id='block_1_83' title="bbox 1965 2268 3549 2337">
    <p class='ocr_par' dir='ltr' id='par_1_83' title="bbox 1965 2268 3549 2337">
     <span class='ocr_line' id='line_1_83' title="bbox 1965 2268 3549 2337; baseline -0.003 -9"><span class='ocrx_word' id='word_1_644' title='bbox 1965 2275 2284 2329; x_wconf 84' lang='lat' dir='ltr'><strong>animalibus</strong></span> <span class='ocrx_word' id='word_1_645' title='bbox 2312 2273 2524 2329; x_wconf 89' lang='lat' dir='ltr'><strong>mundis</strong></span> <span class='ocrx_word' id='word_1_646' title='bbox 2549 2314 2563 2336; x_wconf 87' lang='lat'><strong>.</strong></span> <span class='ocrx_word' id='word_1_647' title='bbox 2610 2282 2666 2329; x_wconf 90' lang='lat' dir='ltr'><strong>et</strong></span> <span class='ocrx_word' id='word_1_648' title='bbox 2701 2288 2771 2327; x_wconf 85' lang='lat' dir='ltr'><strong>ex</strong></span> <span class='ocrx_word' id='word_1_649' title='bbox 2814 2270 3001 2326; x_wconf 85' lang='lat' dir='ltr'><strong>avibus</strong></span> <span class='ocrx_word' id='word_1_650' title='bbox 3027 2270 3278 2337; x_wconf 87' lang='lat' dir='ltr'><strong>mundis,</strong></span> <span class='ocrx_word' id='word_1_651' title='bbox 3308 2268 3549 2323; x_wconf 86' lang='lat' dir='ltr'><strong>holocau-</strong></span> 
     </span>
    </p>
   </div>
   <div class='ocr_carea' id='block_1_84' title="bbox 1966 2360 3566 2435">
    <p class='ocr_par' dir='ltr' id='par_1_84' title="bbox 1966 2360 3566 2435">
     <span class='ocr_line' id='line_1_84' title="bbox 1966 2360 3566 2435; baseline -0.006 -15"><span class='ocrx_word' id='word_1_652' title='bbox 1966 2375 2109 2420; x_wconf 86' lang='lat' dir='ltr'><strong>stum</strong></span> <span class='ocrx_word' id='word_1_653' title='bbox 2146 2365 2375 2430; x_wconf 92' lang='lat' dir='ltr'><strong>obtulit,</strong></span> <span class='ocrx_word' id='word_1_654' title='bbox 2423 2373 2740 2435; x_wconf 87' lang='lat' dir='ltr'><strong>gratamque</strong></span> <span class='ocrx_word' id='word_1_655' title='bbox 2788 2377 2939 2417; x_wconf 87' lang='lat' dir='ltr'><strong>suam</strong></span> <span class='ocrx_word' id='word_1_656' title='bbox 2988 2360 3320 2416; x_wconf 80' lang='lat' dir='ltr'><strong>voluntatem</strong></span> <span class='ocrx_word' id='word_1_657' title='bbox 3368 2366 3566 2429; x_wconf 86' lang='lat' dir='ltr'><strong>quanta</strong></span> 
     </span>
    </p>
   </div>
   <div class='ocr_carea' id='block_1_85' title="bbox 1968 2448 3566 2528">
    <p class='ocr_par' dir='ltr' id='par_1_85' title="bbox 1968 2448 3566 2528">
     <span class='ocr_line' id='line_1_85' title="bbox 1968 2448 3566 2528; baseline -0.003 -20"><span class='ocrx_word' id='word_1_658' title='bbox 1968 2458 2138 2528; x_wconf 86' lang='lat' dir='ltr'><strong>putuit</strong></span> <span class='ocrx_word' id='word_1_659' title='bbox 2182 2458 2315 2511; x_wconf 80' lang='lat' dir='ltr'><strong>lacu&#39;</strong></span> <span class='ocrx_word' id='word_1_660' title='bbox 2348 2464 2430 2512; x_wconf 75' lang='lat' dir='ltr'><strong>ate</strong></span> <span class='ocrx_word' id='word_1_661' title='bbox 2472 2456 2749 2511; x_wconf 81' lang='lat' dir='ltr'><strong>ostendit:</strong></span> <span class='ocrx_word' id='word_1_662' title='bbox 2791 2468 2950 2524; x_wconf 88' lang='lat' dir='ltr'><strong>quam</strong></span> <span class='ocrx_word' id='word_1_663' title='bbox 3001 2451 3309 2523; x_wconf 75' lang='lat' dir='ltr'><strong>approbatis</strong></span> <span class='ocrx_word' id='word_1_664' title='bbox 3356 2448 3566 2504; x_wconf 84' lang='lat' dir='ltr'><strong>miseri-</strong></span> 
     </span>
    </p>
   </div>
   <div class='ocr_carea' id='block_1_86' title="bbox 1967 2544 3566 2608">
    <p class='ocr_par' dir='ltr' id='par_1_86' title="bbox 1967 2544 3566 2608">
     <span class='ocr_line' id='line_1_86' title="bbox 1967 2544 3566 2608; baseline -0.004 -6"><span class='ocrx_word' id='word_1_665' title='bbox 1967 2562 2088 2602; x_wconf 88' lang='lat' dir='ltr'><strong>cors</strong></span> <span class='ocrx_word' id='word_1_666' title='bbox 2111 2547 2252 2602; x_wconf 91' lang='lat' dir='ltr'><strong>Deus</strong></span> <span class='ocrx_word' id='word_1_667' title='bbox 2280 2557 2334 2602; x_wconf 90' lang='lat' dir='ltr'><strong>et</strong></span> <span class='ocrx_word' id='word_1_668' title='bbox 2362 2547 2690 2601; x_wconf 86' lang='lat' dir='ltr'><strong>voluntatem</strong></span> <span class='ocrx_word' id='word_1_669' title='bbox 2725 2544 3005 2599; x_wconf 79' lang='lat' dir='ltr'><strong>coronavit</strong></span> <span class='ocrx_word' id='word_1_670' title='bbox 3028 2584 3043 2608; x_wconf 90' lang='lat'><strong>,</strong></span> <span class='ocrx_word' id='word_1_671' title='bbox 3090 2552 3144 2597; x_wconf 91' lang='lat' dir='ltr'><strong>et</strong></span> <span class='ocrx_word' id='word_1_672' title='bbox 3187 2544 3384 2598; x_wconf 88' lang='lat' dir='ltr'><strong>iterum</strong></span> <span class='ocrx_word' id='word_1_673' title='bbox 3414 2554 3566 2595; x_wconf 82' lang='lat' dir='ltr'><strong>suam</strong></span> 
     </span>
    </p>
   </div>
   <div class='ocr_carea' id='block_1_87' title="bbox 1969 2630 3566 2709">
    <p class='ocr_par' dir='ltr' id='par_1_87' title="bbox 1969 2630 3566 2709">
     <span class='ocr_line' id='line_1_87' title="bbox 1969 2630 3566 2709; baseline -0.007 -14"><span class='ocrx_word' id='word_1_674' title='bbox 1969 2640 2339 2696; x_wconf 86' lang='lat' dir='ltr'><strong>liberalitatem</strong></span> <span class='ocrx_word' id='word_1_675' title='bbox 2368 2654 2495 2709; x_wconf 89' lang='lat' dir='ltr'><strong>erga</strong></span> <span class='ocrx_word' id='word_1_676' title='bbox 2525 2638 2677 2692; x_wconf 89' lang='lat' dir='ltr'><strong>illum</strong></span> <span class='ocrx_word' id='word_1_677' title='bbox 2705 2637 3019 2693; x_wconf 86' lang='lat' dir='ltr'><strong>declaravit.</strong></span> <span class='ocrx_word' id='word_1_678' title='bbox 3070 2634 3209 2689; x_wconf 90' lang='lat' dir='ltr'><strong>Dicit</strong></span> <span class='ocrx_word' id='word_1_679' title='bbox 3243 2634 3388 2688; x_wconf 91' lang='lat' dir='ltr'><strong>enim</strong></span> <span class='ocrx_word' id='word_1_680' title='bbox 3420 2630 3566 2686; x_wconf 83' lang='lat' dir='ltr'><strong>Scri-</strong></span> 
     </span>
    </p>
   </div>
   <div class='ocr_carea' id='block_1_88' title="bbox 1971 2725 3567 2801">
    <p class='ocr_par' dir='ltr' id='par_1_88' title="bbox 1971 2725 3567 2801">
     <span class='ocr_line' id='line_1_88' title="bbox 1971 2725 3567 2801; baseline -0.007 -15"><span class='ocrx_word' id='word_1_681' title='bbox 1971 2743 2124 2801; x_wconf 90' lang='lat' dir='ltr'><strong>ptura</strong></span> <span class='ocrx_word' id='word_1_682' title='bbox 2157 2749 2172 2786; x_wconf 91' lang='lat'><strong>:</strong></span> <span class='ocrx_word' id='word_1_683' title='bbox 2212 2731 2303 2786; x_wconf 75' lang='lat' dir='ltr'><strong>2i.</strong></span> <span class='ocrx_word' id='word_1_684' title='bbox 2335 2731 2402 2785; x_wconf 82' lang='lat' dir='ltr'><strong>Et</strong></span> <span class='ocrx_word' id='word_1_685' title='bbox 2441 2730 2682 2784; x_wconf 80' lang='lat' dir='ltr'><strong>odoratus</strong></span> <span class='ocrx_word' id='word_1_686' title='bbox 2711 2738 2783 2783; x_wconf 81' lang='lat' dir='ltr'><strong>est</strong></span> <span class='ocrx_word' id='word_1_687' title='bbox 2812 2726 3061 2782; x_wconf 71' lang='lat' dir='ltr'><strong>Dominus</strong></span> <span class='ocrx_word' id='word_1_688' title='bbox 3088 2725 3296 2780; x_wconf 82' lang='lat' dir='ltr'><strong>odorem</strong></span> <span class='ocrx_word' id='word_1_689' title='bbox 3324 2728 3567 2794; x_wconf 78' lang='lat' dir='ltr'><strong>fragran-</strong></span> 
     </span>
    </p>
   </div>
   <div class='ocr_carea' id='block_1_89' title="bbox 1970 2815 3567 2891">
    <p class='ocr_par' dir='ltr' id='par_1_89' title="bbox 1970 2815 3567 2891">
     <span class='ocr_line' id='line_1_89' title="bbox 1970 2815 3567 2891; baseline -0.004 -17"><span class='ocrx_word' id='word_1_690' title='bbox 1970 2824 2072 2876; x_wconf 67' lang='lat' dir='ltr'><strong>tia.</strong></span> <span class='ocrx_word' id='word_1_691' title='bbox 2130 2822 2262 2877; x_wconf 88' lang='lat' dir='ltr'><strong>Vide</strong></span> <span class='ocrx_word' id='word_1_692' title='bbox 2308 2821 2577 2891; x_wconf 86' lang='lat' dir='ltr'><strong>quomodo</strong></span> <span class='ocrx_word' id='word_1_693' title='bbox 2624 2820 2836 2874; x_wconf 89' lang='lat' dir='ltr'><strong>animus</strong></span> <span class='ocrx_word' id='word_1_694' title='bbox 2885 2818 3162 2873; x_wconf 72' lang='lat' dir='ltr'><strong>offerentis</strong></span> <span class='ocrx_word' id='word_1_695' title='bbox 3218 2815 3464 2878; x_wconf 82' lang='lat' dir='ltr'><strong>fumum,</strong></span> <span class='ocrx_word' id='word_1_696' title='bbox 3513 2823 3567 2868; x_wconf 90' lang='lat' dir='ltr'><strong>et</strong></span> 
     </span>
    </p>
   </div>
   <div class='ocr_carea' id='block_1_90' title="bbox 1972 2908 3564 2983">
    <p class='ocr_par' dir='ltr' id='par_1_90' title="bbox 1972 2908 3564 2983">
     <span class='ocr_line' id='line_1_90' title="bbox 1972 2908 3564 2983; baseline -0.006 -16"><span class='ocrx_word' id='word_1_697' title='bbox 1972 2914 2213 2969; x_wconf 90' lang='lat' dir='ltr'><strong>nidorem</strong></span> <span class='ocrx_word' id='word_1_698' title='bbox 2240 2954 2255 2980; x_wconf 92' lang='lat'><strong>,</strong></span> <span class='ocrx_word' id='word_1_699' title='bbox 2294 2923 2349 2969; x_wconf 92' lang='lat' dir='ltr'><strong>et</strong></span> <span class='ocrx_word' id='word_1_700' title='bbox 2373 2927 2589 2968; x_wconf 88' lang='lat' dir='ltr'><strong>omnem</strong></span> <span class='ocrx_word' id='word_1_701' title='bbox 2616 2926 2737 2983; x_wconf 69' lang='lat' dir='ltr'><strong>qua:</strong></span> <span class='ocrx_word' id='word_1_702' title='bbox 2767 2912 2891 2965; x_wconf 89' lang='lat' dir='ltr'><strong>inde</strong></span> <span class='ocrx_word' id='word_1_703' title='bbox 2922 2911 3161 2965; x_wconf 85' lang='lat' dir='ltr'><strong>nascitur</strong></span> <span class='ocrx_word' id='word_1_704' title='bbox 3186 2908 3564 2963; x_wconf 87' lang='lat' dir='ltr'><strong>insuavitatcm</strong></span> 
     </span>
    </p>
   </div>
   <div class='ocr_carea' id='block_1_91' title="bbox 1972 2998 3571 3074">
    <p class='ocr_par' dir='ltr' id='par_1_91' title="bbox 1972 2998 3571 3074">
     <span class='ocr_line' id='line_1_91' title="bbox 1972 2998 3571 3074; baseline -0.006 -15"><span class='ocrx_word' id='word_1_705' title='bbox 1972 3005 2135 3059; x_wconf 90' lang='lat' dir='ltr'><strong>multa</strong></span> <span class='ocrx_word' id='word_1_706' title='bbox 2165 3003 2455 3073; x_wconf 87' lang='lat' dir='ltr'><strong>fragrantia</strong></span> <span class='ocrx_word' id='word_1_707' title='bbox 2484 3003 2743 3074; x_wconf 87' lang='lat' dir='ltr'><strong>implevit.</strong></span> <span class='ocrx_word' id='word_1_708' title='bbox 2787 3001 2993 3057; x_wconf 83' lang='lat' dir='ltr'><strong>idcirco</strong></span> <span class='ocrx_word' id='word_1_709' title='bbox 3021 3010 3077 3055; x_wconf 90' lang='lat' dir='ltr'><strong>et</strong></span> <span class='ocrx_word' id='word_1_710' title='bbox 3101 2998 3299 3054; x_wconf 86' lang='lat' dir='ltr'><strong>Paulus</strong></span> <span class='ocrx_word' id='word_1_711' title='bbox 3327 2998 3571 3052; x_wconf 85' lang='lat' dir='ltr'><strong>scribens</strong></span> 
     </span>
    </p>
   </div>
   <div class='ocr_carea' id='block_1_92' title="bbox 1969 3088 3569 3158">
    <p class='ocr_par' dir='ltr' id='par_1_92' title="bbox 1969 3088 3569 3158">
     <span class='ocr_line' id='line_1_92' title="bbox 1969 3088 3569 3158; baseline -0.005 -8"><span class='ocrx_word' id='word_1_712' title='bbox 1969 3095 2183 3151; x_wconf 88' lang='lat' dir='ltr'><strong>dicebat</strong></span> <span class='ocrx_word' id='word_1_713' title='bbox 2212 3111 2225 3148; x_wconf 89' lang='lat'>:</span> <span class='ocrx_word' id='word_1_714' title='bbox 2254 3093 2431 3148; x_wconf 83' lang='lat' dir='ltr'><strong>Bonus</strong></span> <span class='ocrx_word' id='word_1_715' title='bbox 2458 3094 2585 3148; x_wconf 83' lang='lat' dir='ltr'><strong>odor</strong></span> <span class='ocrx_word' id='word_1_716' title='bbox 2612 3092 2800 3148; x_wconf 78' lang='lat' dir='ltr'><strong>Christi</strong></span> <span class='ocrx_word' id='word_1_717' title='bbox 2831 3108 3009 3146; x_wconf 72' lang='lat' dir='ltr'><strong>sumus</strong></span> <span class='ocrx_word' id='word_1_718' title='bbox 3032 3132 3048 3158; x_wconf 93' lang='lat'><strong>,</strong></span> <span class='ocrx_word' id='word_1_719' title='bbox 3080 3092 3135 3144; x_wconf 79' lang='lat' dir='ltr'><strong>in</strong></span> <span class='ocrx_word' id='word_1_720' title='bbox 3158 3091 3221 3145; x_wconf 89' lang='lat' dir='ltr'><strong>iis</strong></span> <span class='ocrx_word' id='word_1_721' title='bbox 3247 3090 3332 3158; x_wconf 73' lang='lat' dir='ltr'><strong>qui</strong></span> <span class='ocrx_word' id='word_1_722' title='bbox 3359 3088 3569 3144; x_wconf 72' lang='lat' dir='ltr'><strong>salsau-</strong></span> 
     </span>
    </p>
   </div>
   <div class='ocr_carea' id='block_1_93' title="bbox 1973 3180 3573 3256">
    <p class='ocr_par' dir='ltr' id='par_1_93' title="bbox 1973 3180 3573 3256">
     <span class='ocr_line' id='line_1_93' title="bbox 1973 3180 3573 3256; baseline -0.005 -15"><span class='ocrx_word' id='word_1_723' title='bbox 1973 3199 2090 3254; x_wconf 85' lang='lat' dir='ltr'><strong>tur,</strong></span> <span class='ocrx_word' id='word_1_724' title='bbox 2129 3197 2176 3242; x_wconf 87' lang='lat' dir='ltr'><strong>et</strong></span> <span class='ocrx_word' id='word_1_725' title='bbox 2217 3188 2271 3240; x_wconf 79' lang='lat' dir='ltr'><strong>in</strong></span> <span class='ocrx_word' id='word_1_726' title='bbox 2301 3188 2363 3240; x_wconf 90' lang='lat' dir='ltr'><strong>iis</strong></span> <span class='ocrx_word' id='word_1_727' title='bbox 2392 3188 2478 3255; x_wconf 80' lang='lat' dir='ltr'><strong>qui</strong></span> <span class='ocrx_word' id='word_1_728' title='bbox 2508 3195 2716 3256; x_wconf 78' lang='lat' dir='ltr'><strong>pereunt</strong></span> <span class='ocrx_word' id='word_1_729' title='bbox 2742 3199 2763 3239; x_wconf 88' lang='lat'><strong><em>:</em></strong></span> <span class='ocrx_word' id='word_1_730' title='bbox 2800 3194 2847 3239; x_wconf 89' lang='lat' dir='ltr'><strong>et</strong></span> <span class='ocrx_word' id='word_1_731' title='bbox 2888 3185 2951 3238; x_wconf 88' lang='lat' dir='ltr'><strong>iis</strong></span> <span class='ocrx_word' id='word_1_732' title='bbox 2993 3183 3198 3252; x_wconf 78' lang='lat' dir='ltr'><strong>quidem</strong></span> <span class='ocrx_word' id='word_1_733' title='bbox 3234 3181 3365 3236; x_wconf 87' lang='lat' dir='ltr'><strong>odor</strong></span> <span class='ocrx_word' id='word_1_734' title='bbox 3394 3180 3573 3234; x_wconf 85' lang='lat' dir='ltr'><strong>mortis</strong></span> 
     </span>
    </p>
   </div>
   <div class='ocr_carea' id='block_1_94' title="bbox 1972 3272 3569 3344">
    <p class='ocr_par' dir='ltr' id='par_1_94' title="bbox 1972 3272 3569 3344">
     <span class='ocr_line' id='line_1_94' title="bbox 1972 3272 3569 3344; baseline -0.008 -9"><span class='ocrx_word' id='word_1_735' title='bbox 1972 3283 2025 3335; x_wconf 87' lang='lat' dir='ltr'><strong>in</strong></span> <span class='ocrx_word' id='word_1_736' title='bbox 2053 3290 2286 3344; x_wconf 86' lang='lat' dir='ltr'><strong>mortem,</strong></span> <span class='ocrx_word' id='word_1_737' title='bbox 2315 3279 2419 3331; x_wconf 82' lang='lat' dir='ltr'><strong>illis</strong></span> <span class='ocrx_word' id='word_1_738' title='bbox 2442 3288 2613 3331; x_wconf 76' lang='lat' dir='ltr'><strong>autem</strong></span> <span class='ocrx_word' id='word_1_739' title='bbox 2638 3276 2764 3331; x_wconf 91' lang='lat' dir='ltr'><strong>odor</strong></span> <span class='ocrx_word' id='word_1_740' title='bbox 2792 3276 2903 3329; x_wconf 69' lang='lat' dir='ltr'><strong>vita</strong></span> <span class='ocrx_word' id='word_1_741' title='bbox 2927 3276 2979 3328; x_wconf 84' lang='lat' dir='ltr'><strong>in</strong></span> <span class='ocrx_word' id='word_1_742' title='bbox 3005 3276 3179 3328; x_wconf 76' lang='lat' dir='ltr'><strong>vitam.</strong></span> <span class='ocrx_word' id='word_1_743' title='bbox 3207 3272 3430 3327; x_wconf 85' lang='lat' dir='ltr'><strong>Odorem</strong></span> <span class='ocrx_word' id='word_1_744' title='bbox 3458 3275 3569 3342; x_wconf 75' lang='lat' dir='ltr'><strong>fra-</strong></span> 
     </span>
    </p>
   </div>
   <div class='ocr_carea' id='block_1_95' title="bbox 1972 3366 2717 3445">
    <p class='ocr_par' dir='ltr' id='par_1_95' title="bbox 1972 3366 2717 3445">
     <span class='ocr_line' id='line_1_95' title="bbox 1972 3366 2717 3445; baseline -0.008 -21"><span class='ocrx_word' id='word_1_745' title='bbox 1972 3372 2221 3445; x_wconf 74' lang='lat' dir='ltr'><strong>grantiaz‘</strong></span> <span class='ocrx_word' id='word_1_746' title='bbox 2253 3370 2329 3443; x_wconf 72' lang='lat'><strong>(2.</strong></span> <span class='ocrx_word' id='word_1_747' title='bbox 2362 3369 2481 3423; x_wconf 87' lang='lat' dir='ltr'><strong>Cor.</strong></span> <span class='ocrx_word' id='word_1_748' title='bbox 2514 3367 2571 3423; x_wconf 63' lang='grc' dir='ltr'><strong>Ω.</strong></span> <span class='ocrx_word' id='word_1_749' title='bbox 2600 3366 2717 3436; x_wconf 77' lang='grc'><strong>15.)</strong></span> 
     </span>
    </p>
   </div>
   <div class='ocr_carea' id='block_1_96' title="bbox 2045 3456 3575 3531">
    <p class='ocr_par' dir='ltr' id='par_1_96' title="bbox 2045 3456 3575 3531">
     <span class='ocr_line' id='line_1_96' title="bbox 2045 3456 3575 3531; baseline -0.008 -11"><span class='ocrx_word' id='word_1_750' title='bbox 2045 3466 2149 3520; x_wconf 82' lang='lat' dir='ltr'><strong>Cur</strong></span> <span class='ocrx_word' id='word_1_751' title='bbox 2177 3463 2315 3518; x_wconf 77' lang='lat' dir='ltr'><strong>Deus</strong></span> <span class='ocrx_word' id='word_1_752' title='bbox 2342 3462 2598 3530; x_wconf 78' lang='lat' dir='ltr'><strong>sacriﬁcia</strong></span> <span class='ocrx_word' id='word_1_753' title='bbox 2626 3459 2863 3531; x_wconf 69' lang='lat' dir='ltr'><strong>exegerit.</strong></span> <span class='ocrx_word' id='word_1_754' title='bbox 2891 3457 3217 3513; x_wconf 78' lang='lat' dir='ltr'><strong>Circumcisio</strong></span> <span class='ocrx_word' id='word_1_755' title='bbox 3247 3456 3377 3510; x_wconf 82' lang='lat' dir='ltr'><strong>nihil</strong></span> <span class='ocrx_word' id='word_1_756' title='bbox 3420 3456 3575 3527; x_wconf 78' lang='lat' dir='ltr'><strong>per/i-</strong></span> 
     </span>
    </p>
   </div>
   <div class='ocr_carea' id='block_1_97' title="bbox 1975 3549 3575 3629">
    <p class='ocr_par' dir='ltr' id='par_1_97' title="bbox 1975 3549 3575 3629">
     <span class='ocr_line' id='line_1_97' title="bbox 1975 3549 3575 3629; baseline -0.008 -16"><span class='ocrx_word' id='word_1_757' title='bbox 1975 3575 2086 3613; x_wconf 87' lang='lat' dir='ltr'><strong>cere</strong></span> <span class='ocrx_word' id='word_1_758' title='bbox 2112 3565 2274 3629; x_wconf 81' lang='lat' dir='ltr'><strong>potest</strong></span> <span class='ocrx_word' id='word_1_759' title='bbox 2299 3556 2368 3609; x_wconf 91' lang='lat' dir='ltr'><strong>ad</strong></span> <span class='ocrx_word' id='word_1_760' title='bbox 2392 3556 2625 3608; x_wconf 86' lang='lat' dir='ltr'><strong>salutem.</strong></span> <span class='ocrx_word' id='word_1_761' title='bbox 2661 3582 2734 3593; x_wconf 94' lang='lat'><strong>--</strong></span> <span class='ocrx_word' id='word_1_762' title='bbox 2784 3550 2861 3607; x_wconf 83' lang='lat' dir='ltr'><strong>Ne</strong></span> <span class='ocrx_word' id='word_1_763' title='bbox 2891 3549 3182 3605; x_wconf 84' lang='lat' dir='ltr'><strong>olfendaris</strong></span> <span class='ocrx_word' id='word_1_764' title='bbox 3222 3549 3391 3604; x_wconf 87' lang='lat' dir='ltr'><strong>verbo</strong></span> <span class='ocrx_word' id='word_1_765' title='bbox 3430 3562 3575 3603; x_wconf 82' lang='lat' dir='ltr'><strong>cras-</strong></span> 
     </span>
    </p>
   </div>
   <div class='ocr_carea' id='block_1_98' title="bbox 1976 3643 3573 3719">
    <p class='ocr_par' dir='ltr' id='par_1_98' title="bbox 1976 3643 3573 3719">
     <span class='ocr_line' id='line_1_98' title="bbox 1976 3643 3573 3719; baseline -0.009 -13"><span class='ocrx_word' id='word_1_766' title='bbox 1976 3652 2118 3706; x_wconf 89' lang='lat' dir='ltr'><strong>siore</strong></span> <span class='ocrx_word' id='word_1_767' title='bbox 2148 3664 2164 3703; x_wconf 89' lang='lat'><strong>:</strong></span> <span class='ocrx_word' id='word_1_768' title='bbox 2193 3648 2288 3704; x_wconf 89' lang='lat' dir='ltr'><strong>sed</strong></span> <span class='ocrx_word' id='word_1_769' title='bbox 2320 3647 2479 3719; x_wconf 82' lang='lat' dir='ltr'><strong>hujus</strong></span> <span class='ocrx_word' id='word_1_770' title='bbox 2506 3646 2651 3701; x_wconf 88' lang='lat' dir='ltr'><strong>verbi</strong></span> <span class='ocrx_word' id='word_1_771' title='bbox 2698 3653 3105 3713; x_wconf 77' lang='lat' dir='ltr'><strong>attemperatam</strong></span> <span class='ocrx_word' id='word_1_772' title='bbox 3156 3643 3419 3697; x_wconf 87' lang='lat' dir='ltr'><strong>rationem</strong></span> <span class='ocrx_word' id='word_1_773' title='bbox 3471 3652 3573 3694; x_wconf 68' lang='lat' dir='ltr'><strong>tum</strong></span> 
     </span>
    </p>
   </div>
   <div class='ocr_carea' id='block_1_99' title="bbox 1978 3734 3575 3808">
    <p class='ocr_par' dir='ltr' id='par_1_99' title="bbox 1978 3734 3575 3808">
     <span class='ocr_line' id='line_1_99' title="bbox 1978 3734 3575 3808; baseline -0.008 -9"><span class='ocrx_word' id='word_1_774' title='bbox 1978 3742 2274 3799; x_wconf 85' lang='lat' dir='ltr'><strong>inﬁrmitati</strong></span> <span class='ocrx_word' id='word_1_775' title='bbox 2302 3741 2616 3797; x_wconf 85' lang='lat' dir='ltr'><strong>adscribens</strong></span> <span class='ocrx_word' id='word_1_776' title='bbox 2639 3739 2873 3808; x_wconf 87' lang='lat' dir='ltr'><strong>intellige</strong></span> <span class='ocrx_word' id='word_1_777' title='bbox 2903 3738 3045 3803; x_wconf 89' lang='lat' dir='ltr'><strong>hinc,</strong></span> <span class='ocrx_word' id='word_1_778' title='bbox 3097 3746 3371 3806; x_wconf 89' lang='lat' dir='ltr'><strong>acceptam</strong></span> <span class='ocrx_word' id='word_1_779' title='bbox 3414 3734 3575 3787; x_wconf 85' lang='lat' dir='ltr'><strong>fuisse</strong></span> 
     </span>
    </p>
   </div>
   <div class='ocr_carea' id='block_1_100' title="bbox 1981 3825 3579 3905">
    <p class='ocr_par' dir='ltr' id='par_1_100' title="bbox 1981 3825 3579 3905">
     <span class='ocr_line' id='line_1_100' title="bbox 1981 3825 3579 3905; baseline -0.009 -12"><span class='ocrx_word' id='word_1_780' title='bbox 1981 3839 2093 3893; x_wconf 91' lang='lat' dir='ltr'><strong>Deo</strong></span> <span class='ocrx_word' id='word_1_781' title='bbox 2118 3837 2446 3893; x_wconf 89' lang='lat' dir='ltr'><strong>oblationem</strong></span> <span class='ocrx_word' id='word_1_782' title='bbox 2492 3834 2643 3905; x_wconf 89' lang='lat' dir='ltr'><strong>justi.</strong></span> <span class='ocrx_word' id='word_1_783' title='bbox 2698 3831 2768 3887; x_wconf 92' lang='lat' dir='ltr'><strong>Ut</strong></span> <span class='ocrx_word' id='word_1_784' title='bbox 2791 3831 2933 3887; x_wconf 90' lang='lat' dir='ltr'><strong>enim</strong></span> <span class='ocrx_word' id='word_1_785' title='bbox 2972 3845 3069 3901; x_wconf 89' lang='lat' dir='ltr'><strong>per</strong></span> <span class='ocrx_word' id='word_1_786' title='bbox 3095 3844 3186 3883; x_wconf 87' lang='lat' dir='ltr'><strong>res</strong></span> <span class='ocrx_word' id='word_1_787' title='bbox 3207 3828 3351 3899; x_wconf 88' lang='lat' dir='ltr'><strong>ipsas</strong></span> <span class='ocrx_word' id='word_1_788' title='bbox 3378 3825 3579 3881; x_wconf 84' lang='lat' dir='ltr'><strong>sciatur</strong></span> 
     </span>
    </p>
   </div>
   <div class='ocr_carea' id='block_1_101' title="bbox 1981 3915 3579 3995">
    <p class='ocr_par' dir='ltr' id='par_1_101' title="bbox 1981 3915 3579 3995">
     <span class='ocr_line' id='line_1_101' title="bbox 1981 3915 3579 3995; baseline -0.009 -11"><span class='ocrx_word' id='word_1_789' title='bbox 1981 3929 2268 3984; x_wconf 90' lang='lat' dir='ltr'><strong>Dominum</strong></span> <span class='ocrx_word' id='word_1_790' title='bbox 2300 3928 2495 3982; x_wconf 88' lang='lat' dir='ltr'><strong>nullius</strong></span> <span class='ocrx_word' id='word_1_791' title='bbox 2524 3925 2783 3995; x_wconf 89' lang='lat' dir='ltr'><strong>indigere,</strong></span> <span class='ocrx_word' id='word_1_792' title='bbox 2813 3933 2867 3979; x_wconf 90' lang='lat' dir='ltr'><strong>et</strong></span> <span class='ocrx_word' id='word_1_793' title='bbox 2887 3930 3104 3992; x_wconf 87' lang='lat' dir='ltr'><strong>propter</strong></span> <span class='ocrx_word' id='word_1_794' title='bbox 3125 3918 3260 3974; x_wconf 90' lang='lat' dir='ltr'><strong>nihil</strong></span> <span class='ocrx_word' id='word_1_795' title='bbox 3288 3916 3432 3973; x_wconf 89' lang='lat' dir='ltr'><strong>aliud</strong></span> <span class='ocrx_word' id='word_1_796' title='bbox 3462 3915 3579 3970; x_wconf 73' lang='lat' dir='ltr'><strong>lucc</strong></span> 
     </span>
    </p>
   </div>
   <div class='ocr_carea' id='block_1_102' title="bbox 1982 4008 3579 4088">
    <p class='ocr_par' dir='ltr' id='par_1_102' title="bbox 1982 4008 3579 4088">
     <span class='ocr_line' id='line_1_102' title="bbox 1982 4008 3579 4088; baseline -0.009 -14"><span class='ocrx_word' id='word_1_797' title='bbox 1982 4021 2097 4076; x_wconf 85' lang='lat' dir='ltr'><strong>ﬁeri</strong></span> <span class='ocrx_word' id='word_1_798' title='bbox 2127 4019 2434 4088; x_wconf 84' lang='lat' dir='ltr'><strong>permisisse</strong></span> <span class='ocrx_word' id='word_1_799' title='bbox 2461 4060 2475 4084; x_wconf 92' lang='lat'><strong>,</strong></span> <span class='ocrx_word' id='word_1_800' title='bbox 2502 4032 2660 4087; x_wconf 90' lang='lat' dir='ltr'><strong>quam</strong></span> <span class='ocrx_word' id='word_1_801' title='bbox 2680 4024 2739 4071; x_wconf 89' lang='lat' dir='ltr'><strong>ut</strong></span> <span class='ocrx_word' id='word_1_802' title='bbox 2760 4014 3005 4069; x_wconf 88' lang='lat' dir='ltr'><strong>homines</strong></span> <span class='ocrx_word' id='word_1_803' title='bbox 3024 4012 3089 4067; x_wconf 92' lang='lat' dir='ltr'><strong>ad</strong></span> <span class='ocrx_word' id='word_1_804' title='bbox 3106 4021 3317 4081; x_wconf 88' lang='lat' dir='ltr'><strong>gratum</strong></span> <span class='ocrx_word' id='word_1_805' title='bbox 3340 4008 3579 4064; x_wconf 88' lang='lat' dir='ltr'><strong>animum</strong></span> 
     </span>
    </p>
   </div>
   <div class='ocr_carea' id='block_1_103' title="bbox 1980 4102 3578 4179">
    <p class='ocr_par' dir='ltr' id='par_1_103' title="bbox 1980 4102 3578 4179">
     <span class='ocr_line' id='line_1_103' title="bbox 1980 4102 3578 4179; baseline -0.009 -13"><span class='ocrx_word' id='word_1_806' title='bbox 1980 4111 2274 4166; x_wconf 85' lang='lat' dir='ltr'><strong>adduceret</strong></span> <span class='ocrx_word' id='word_1_807' title='bbox 2307 4127 2319 4163; x_wconf 92' lang='lat'>:</span> <span class='ocrx_word' id='word_1_808' title='bbox 2357 4116 2639 4179; x_wconf 87' lang='lat' dir='ltr'><strong>propterea</strong></span> <span class='ocrx_word' id='word_1_809' title='bbox 2689 4106 2959 4161; x_wconf 87' lang='lat' dir='ltr'><strong>concessit</strong></span> <span class='ocrx_word' id='word_1_810' title='bbox 2999 4109 3059 4157; x_wconf 92' lang='lat' dir='ltr'><strong>ut</strong></span> <span class='ocrx_word' id='word_1_811' title='bbox 3115 4102 3237 4172; x_wconf 87' lang='lat' dir='ltr'><strong>igne</strong></span> <span class='ocrx_word' id='word_1_812' title='bbox 3283 4114 3578 4155; x_wconf 88' lang='lat' dir='ltr'><strong>consume-</strong></span> 
     </span>
    </p>
   </div>
   <div class='ocr_carea' id='block_1_104' title="bbox 1984 4191 3576 4270">
    <p class='ocr_par' dir='ltr' id='par_1_104' title="bbox 1984 4191 3576 4270">
     <span class='ocr_line' id='line_1_104' title="bbox 1984 4191 3576 4270; baseline -0.01 -11"><span class='ocrx_word' id='word_1_813' title='bbox 1984 4214 2191 4270; x_wconf 87' lang='lat' dir='ltr'><strong>rentur,</strong></span> <span class='ocrx_word' id='word_1_814' title='bbox 2215 4212 2273 4259; x_wconf 89' lang='lat' dir='ltr'><strong>ut</strong></span> <span class='ocrx_word' id='word_1_815' title='bbox 2300 4218 2365 4258; x_wconf 80' lang='lat' dir='ltr'><strong>ex</strong></span> <span class='ocrx_word' id='word_1_816' title='bbox 2401 4203 2464 4257; x_wconf 87' lang='lat' dir='ltr'><strong>iis</strong></span> <span class='ocrx_word' id='word_1_817' title='bbox 2512 4215 2634 4270; x_wconf 65' lang='lat' dir='ltr'><strong>quas</strong></span> <span class='ocrx_word' id='word_1_818' title='bbox 2680 4198 2853 4261; x_wconf 90' lang='lat' dir='ltr'><strong>ﬁunt,</strong></span> <span class='ocrx_word' id='word_1_819' title='bbox 2882 4195 3093 4250; x_wconf 88' lang='lat' dir='ltr'><strong>discant</strong></span> <span class='ocrx_word' id='word_1_820' title='bbox 3121 4194 3158 4248; x_wconf 91' lang='lat' dir='ltr'><strong>ii</strong></span> <span class='ocrx_word' id='word_1_821' title='bbox 3185 4192 3275 4263; x_wconf 90' lang='lat' dir='ltr'><strong>qui</strong></span> <span class='ocrx_word' id='word_1_822' title='bbox 3320 4191 3576 4255; x_wconf 73' lang='lat' dir='ltr'><strong>offerunt,</strong></span> 
     </span>
    </p>
   </div>
   <div class='ocr_carea' id='block_1_105' title="bbox 1983 4287 3576 4367">
    <p class='ocr_par' dir='ltr' id='par_1_105' title="bbox 1983 4287 3576 4367">
     <span class='ocr_line' id='line_1_105' title="bbox 1983 4287 3576 4367; baseline -0.009 -13"><span class='ocrx_word' id='word_1_823' title='bbox 1983 4301 2161 4354; x_wconf 87' lang='lat' dir='ltr'><strong>omnia</strong></span> <span class='ocrx_word' id='word_1_824' title='bbox 2194 4309 2408 4367; x_wconf 86' lang='lat' dir='ltr'><strong>propter</strong></span> <span class='ocrx_word' id='word_1_825' title='bbox 2432 4310 2617 4352; x_wconf 90' lang='lat' dir='ltr'><strong>eorum</strong></span> <span class='ocrx_word' id='word_1_826' title='bbox 2646 4293 2930 4348; x_wconf 91' lang='lat' dir='ltr'><strong>utilitatem</strong></span> <span class='ocrx_word' id='word_1_827' title='bbox 2966 4290 3105 4345; x_wconf 90' lang='lat' dir='ltr'><strong>ﬁeri.</strong></span> <span class='ocrx_word' id='word_1_828' title='bbox 3132 4287 3311 4356; x_wconf 87' lang='lat' dir='ltr'><strong>Quare</strong></span> <span class='ocrx_word' id='word_1_829' title='bbox 3355 4298 3534 4342; x_wconf 90' lang='lat' dir='ltr'><strong>autem</strong></span> <span class='ocrx_word' id='word_1_830' title='bbox 3562 4329 3576 4351; x_wconf 90' lang='lat'><strong>,</strong></span> 
     </span>
    </p>
   </div>
   <div class='ocr_carea' id='block_1_106' title="bbox 1985 4375 3580 4460">
    <p class='ocr_par' dir='ltr' id='par_1_106' title="bbox 1985 4375 3580 4460">
     <span class='ocr_line' id='line_1_106' title="bbox 1985 4375 3580 4460; baseline -0.011 -15"><span class='ocrx_word' id='word_1_831' title='bbox 1985 4392 2091 4457; x_wconf 90' lang='lat' dir='ltr'><strong>dic,</strong></span> <span class='ocrx_word' id='word_1_832' title='bbox 2122 4403 2327 4460; x_wconf 66' lang='lat' dir='ltr'><strong>quaeso,</strong></span> <span class='ocrx_word' id='word_1_833' title='bbox 2360 4388 2476 4441; x_wconf 82' lang='lat' dir='ltr'><strong>b:cc</strong></span> <span class='ocrx_word' id='word_1_834' title='bbox 2527 4386 2643 4440; x_wconf 89' lang='lat' dir='ltr'><strong>ﬁeri</strong></span> <span class='ocrx_word' id='word_1_835' title='bbox 2683 4382 2903 4439; x_wconf 90' lang='lat' dir='ltr'><strong>omnino</strong></span> <span class='ocrx_word' id='word_1_836' title='bbox 2951 4380 3210 4450; x_wconf 90' lang='lat' dir='ltr'><strong>permittit</strong></span> <span class='ocrx_word' id='word_1_837' title='bbox 3236 4379 3259 4432; x_wconf 86' lang='lat'><strong>?</strong></span> <span class='ocrx_word' id='word_1_838' title='bbox 3286 4378 3353 4431; x_wconf 86' lang='lat' dir='ltr'><strong>Et</strong></span> <span class='ocrx_word' id='word_1_839' title='bbox 3394 4376 3446 4429; x_wconf 88' lang='lat' dir='ltr'><strong>iu</strong></span> <span class='ocrx_word' id='word_1_840' title='bbox 3478 4375 3580 4428; x_wconf 89' lang='lat' dir='ltr'><strong>hoc</strong></span> 
     </span>
    </p>
   </div>
   <div class='ocr_carea' id='block_1_107' title="bbox 1990 4466 3582 4538">
    <p class='ocr_par' dir='ltr' id='par_1_107' title="bbox 1990 4466 3582 4538">
     <span class='ocr_line' id='line_1_107' title="bbox 1990 4466 3582 4538; baseline -0.013 -1"><span class='ocrx_word' id='word_1_841' title='bbox 1990 4494 2188 4538; x_wconf 66' lang='lat' dir='ltr'><strong>nostra:</strong></span> <span class='ocrx_word' id='word_1_842' title='bbox 2219 4479 2543 4535; x_wconf 89' lang='lat' dir='ltr'><strong>inﬁrmitatis</strong></span> <span class='ocrx_word' id='word_1_843' title='bbox 2567 4476 2794 4529; x_wconf 89' lang='lat' dir='ltr'><strong>habetur</strong></span> <span class='ocrx_word' id='word_1_844' title='bbox 2817 4472 2973 4526; x_wconf 88' lang='lat' dir='ltr'><strong>ratio.</strong></span> <span class='ocrx_word' id='word_1_845' title='bbox 2998 4469 3131 4535; x_wconf 88' lang='lat' dir='ltr'><strong>Quia</strong></span> <span class='ocrx_word' id='word_1_846' title='bbox 3164 4468 3311 4524; x_wconf 89' lang='lat' dir='ltr'><strong>enim</strong></span> <span class='ocrx_word' id='word_1_847' title='bbox 3332 4466 3582 4521; x_wconf 86' lang='lat' dir='ltr'><strong>homines</strong></span> 
     </span>
    </p>
   </div>
   <div class='ocr_carea' id='block_1_108' title="bbox 1987 4555 3579 4647">
    <p class='ocr_par' dir='ltr' id='par_1_108' title="bbox 1987 4555 3579 4647">
     <span class='ocr_line' id='line_1_108' title="bbox 1987 4555 3579 4647; baseline -0.014 -17"><span class='ocrx_word' id='word_1_848' title='bbox 1987 4575 2238 4647; x_wconf 89' lang='lat' dir='ltr'><strong>paulatim</strong></span> <span class='ocrx_word' id='word_1_849' title='bbox 2267 4587 2295 4625; x_wconf 91' lang='lat' dir='ltr'><strong>a</strong></span> <span class='ocrx_word' id='word_1_850' title='bbox 2319 4585 2448 4625; x_wconf 89' lang='lat' dir='ltr'><strong>vero</strong></span> <span class='ocrx_word' id='word_1_851' title='bbox 2477 4567 2568 4623; x_wconf 91' lang='lat' dir='ltr'><strong>Dei</strong></span> <span class='ocrx_word' id='word_1_852' title='bbox 2596 4565 2740 4621; x_wconf 90' lang='lat' dir='ltr'><strong>cultu</strong></span> <span class='ocrx_word' id='word_1_853' title='bbox 2768 4562 3025 4618; x_wconf 89' lang='lat' dir='ltr'><strong>defecturi</strong></span> <span class='ocrx_word' id='word_1_854' title='bbox 3054 4566 3231 4623; x_wconf 85' lang='lat' dir='ltr'><strong>erant,</strong></span> <span class='ocrx_word' id='word_1_855' title='bbox 3249 4566 3306 4612; x_wconf 88' lang='lat' dir='ltr'><strong>et</strong></span> <span class='ocrx_word' id='word_1_856' title='bbox 3324 4557 3425 4611; x_wconf 85' lang='lat' dir='ltr'><strong>sibi</strong></span> <span class='ocrx_word' id='word_1_857' title='bbox 3446 4555 3579 4610; x_wconf 88' lang='lat' dir='ltr'><strong>deos</strong></span> 
     </span>
    </p>
   </div>
   <div class='ocr_carea' id='block_1_109' title="bbox 1986 4648 3582 4737">
    <p class='ocr_par' dir='ltr' id='par_1_109' title="bbox 1986 4648 3582 4737">
     <span class='ocr_line' id='line_1_109' title="bbox 1986 4648 3582 4737; baseline -0.014 -14"><span class='ocrx_word' id='word_1_858' title='bbox 1986 4665 2312 4737; x_wconf 87' lang='lat' dir='ltr'><strong>cooptaturi,</strong></span> <span class='ocrx_word' id='word_1_859' title='bbox 2340 4662 2535 4733; x_wconf 86' lang='lat' dir='ltr'><strong>quibus</strong></span> <span class='ocrx_word' id='word_1_860' title='bbox 2559 4657 2818 4713; x_wconf 87' lang='lat' dir='ltr'><strong>sacriﬁcia</strong></span> <span class='ocrx_word' id='word_1_861' title='bbox 2842 4654 3205 4717; x_wconf 89' lang='lat' dir='ltr'><strong>immolarent,</strong></span> <span class='ocrx_word' id='word_1_862' title='bbox 3240 4650 3388 4720; x_wconf 88' lang='lat' dir='ltr'><strong>prius</strong></span> <span class='ocrx_word' id='word_1_863' title='bbox 3411 4648 3582 4703; x_wconf 86' lang='lat' dir='ltr'><strong>voluit</strong></span> 
     </span>
    </p>
   </div>
   <div class='ocr_carea' id='block_1_110' title="bbox 1989 4742 3581 4816">
    <p class='ocr_par' dir='ltr' id='par_1_110' title="bbox 1989 4742 3581 4816">
     <span class='ocr_line' id='line_1_110' title="bbox 1989 4742 3581 4816; baseline -0.014 -3"><span class='ocrx_word' id='word_1_864' title='bbox 1989 4768 2046 4813; x_wconf 89' lang='lat' dir='ltr'><strong>ut</strong></span> <span class='ocrx_word' id='word_1_865' title='bbox 2071 4758 2171 4813; x_wconf 90' lang='lat' dir='ltr'><strong>sibi</strong></span> <span class='ocrx_word' id='word_1_866' title='bbox 2204 4755 2344 4810; x_wconf 91' lang='lat' dir='ltr'><strong>dona</strong></span> <span class='ocrx_word' id='word_1_867' title='bbox 2367 4751 2714 4814; x_wconf 79' lang='lat' dir='ltr'><strong>olferrentur,</strong></span> <span class='ocrx_word' id='word_1_868' title='bbox 2738 4760 2848 4816; x_wconf 91' lang='lat' dir='ltr'><strong>quo</strong></span> <span class='ocrx_word' id='word_1_869' title='bbox 2874 4744 2958 4799; x_wconf 90' lang='lat' dir='ltr'><strong>vel</strong></span> <span class='ocrx_word' id='word_1_870' title='bbox 2983 4744 3061 4797; x_wconf 88' lang='lat' dir='ltr'><strong>sic</strong></span> <span class='ocrx_word' id='word_1_871' title='bbox 3082 4742 3377 4811; x_wconf 86' lang='lat' dir='ltr'><strong>depelleret</strong></span> <span class='ocrx_word' id='word_1_872' title='bbox 3398 4754 3428 4793; x_wconf 89' lang='lat' dir='ltr'><strong>a</strong></span> <span class='ocrx_word' id='word_1_873' title='bbox 3459 4754 3581 4809; x_wconf 88' lang='lat' dir='ltr'><strong>per-</strong></span> 
     </span>
    </p>
   </div>
   <div class='ocr_carea' id='block_1_111' title="bbox 1989 4829 3576 4910">
    <p class='ocr_par' dir='ltr' id='par_1_111' title="bbox 1989 4829 3576 4910">
     <span class='ocr_line' id='line_1_111' title="bbox 1989 4829 3576 4910; baseline -0.014 -6"><span class='ocrx_word' id='word_1_874' title='bbox 1989 4850 2193 4904; x_wconf 84' lang='lat' dir='ltr'><strong>nicioso</strong></span> <span class='ocrx_word' id='word_1_875' title='bbox 2218 4858 2401 4900; x_wconf 87' lang='lat' dir='ltr'><strong>errore</strong></span> <span class='ocrx_word' id='word_1_876' title='bbox 2430 4855 2523 4896; x_wconf 90' lang='lat' dir='ltr'><strong>eos</strong></span> <span class='ocrx_word' id='word_1_877' title='bbox 2548 4840 2741 4910; x_wconf 89' lang='lat' dir='ltr'><strong>quibus</strong></span> <span class='ocrx_word' id='word_1_878' title='bbox 2767 4836 2890 4890; x_wconf 85' lang='lat' dir='ltr'><strong>inde</strong></span> <span class='ocrx_word' id='word_1_879' title='bbox 2920 4832 3214 4903; x_wconf 88' lang='lat' dir='ltr'><strong>periculum</strong></span> <span class='ocrx_word' id='word_1_880' title='bbox 3241 4829 3576 4884; x_wconf 90' lang='lat' dir='ltr'><strong>imminebat.</strong></span> 
     </span>
    </p>
   </div>
   <div class='ocr_carea' id='block_1_112' title="bbox 1990 4920 3579 5005">
    <p class='ocr_par' dir='ltr' id='par_1_112' title="bbox 1990 4920 3579 5005">
     <span class='ocr_line' id='line_1_112' title="bbox 1990 4920 3579 5005; baseline -0.015 -10"><span class='ocrx_word' id='word_1_881' title='bbox 1990 4942 2057 4995; x_wconf 86' lang='lat' dir='ltr'><strong>Et</strong></span> <span class='ocrx_word' id='word_1_882' title='bbox 2102 4948 2161 4994; x_wconf 92' lang='lat' dir='ltr'><strong>ut</strong></span> <span class='ocrx_word' id='word_1_883' title='bbox 2213 4936 2478 5005; x_wconf 86' lang='lat' dir='ltr'><strong>intelligas</strong></span> <span class='ocrx_word' id='word_1_884' title='bbox 2537 4933 2651 4986; x_wconf 62' lang='lat' dir='ltr'><strong>haec</strong></span> <span class='ocrx_word' id='word_1_885' title='bbox 2690 4928 2874 4983; x_wconf 89' lang='lat' dir='ltr'><strong>omnia</strong></span> <span class='ocrx_word' id='word_1_886' title='bbox 2918 4937 3175 4981; x_wconf 88' lang='lat' dir='ltr'><strong>concessa</strong></span> <span class='ocrx_word' id='word_1_887' title='bbox 3203 4921 3367 4976; x_wconf 87' lang='lat' dir='ltr'><strong>fuisse</strong></span> <span class='ocrx_word' id='word_1_888' title='bbox 3390 4920 3459 4977; x_wconf 91' lang='lat' dir='ltr'><strong>ob</strong></span> <span class='ocrx_word' id='word_1_889' title='bbox 3480 4936 3579 4974; x_wconf 89' lang='lat' dir='ltr'><strong>no-</strong></span> 
     </span>
    </p>
   </div>
   <div class='ocr_carea' id='block_1_113' title="bbox 1989 5017 3583 5089">
    <p class='ocr_par' dir='ltr' id='par_1_113' title="bbox 1989 5017 3583 5089">
     <span class='ocr_line' id='line_1_113' title="bbox 1989 5017 3583 5089; baseline -0.014 0"><span class='ocrx_word' id='word_1_890' title='bbox 1989 5044 2156 5089; x_wconf 87' lang='lat' dir='ltr'><strong>stram</strong></span> <span class='ocrx_word' id='word_1_891' title='bbox 2188 5028 2587 5089; x_wconf 87' lang='lat' dir='ltr'><strong>inﬁrmitatem,</strong></span> <span class='ocrx_word' id='word_1_892' title='bbox 2628 5021 2842 5077; x_wconf 88' lang='lat' dir='ltr'><strong>attende</strong></span> <span class='ocrx_word' id='word_1_893' title='bbox 2886 5017 3156 5089; x_wconf 92' lang='lat' dir='ltr'><strong>quomodo</strong></span> <span class='ocrx_word' id='word_1_894' title='bbox 3206 5025 3394 5087; x_wconf 86' lang='lat' dir='ltr'><strong>postea</strong></span> <span class='ocrx_word' id='word_1_895' title='bbox 3441 5026 3583 5071; x_wconf 89' lang='lat' dir='ltr'><strong>tem-</strong></span> 
     </span>
    </p>
   </div>
   <div class='ocr_carea' id='block_1_114' title="bbox 1994 5108 3584 5197">
    <p class='ocr_par' dir='ltr' id='par_1_114' title="bbox 1994 5108 3584 5197">
     <span class='ocr_line' id='line_1_114' title="bbox 1994 5108 3584 5197; baseline -0.011 -16"><span class='ocrx_word' id='word_1_896' title='bbox 1994 5141 2123 5197; x_wconf 91' lang='lat' dir='ltr'><strong>pore</strong></span> <span class='ocrx_word' id='word_1_897' title='bbox 2152 5121 2492 5194; x_wconf 87' lang='lat' dir='ltr'><strong>procedente,</strong></span> <span class='ocrx_word' id='word_1_898' title='bbox 2526 5115 2754 5172; x_wconf 86' lang='lat' dir='ltr'><strong>voluerit</strong></span> <span class='ocrx_word' id='word_1_899' title='bbox 2809 5110 3272 5167; x_wconf 86' lang='lat' dir='ltr'><strong>circumcisionem</strong></span> <span class='ocrx_word' id='word_1_900' title='bbox 3318 5123 3417 5177; x_wconf 90' lang='lat' dir='ltr'><strong>pro</strong></span> <span class='ocrx_word' id='word_1_901' title='bbox 3469 5108 3584 5176; x_wconf 78' lang='lat' dir='ltr'><strong>lege</strong></span> 
     </span>
    </p>
   </div>
   <div class='ocr_carea' id='block_1_115' title="bbox 1993 5196 3586 5281">
    <p class='ocr_par' dir='ltr' id='par_1_115' title="bbox 1993 5196 3586 5281">
     <span class='ocr_line' id='line_1_115' title="bbox 1993 5196 3586 5281; baseline -0.013 -8"><span class='ocrx_word' id='word_1_902' title='bbox 1993 5196 2174 5280; x_wconf 83' lang='lat' dir='ltr'><strong>statui,</strong></span> <span class='ocrx_word' id='word_1_903' title='bbox 2204 5230 2309 5268; x_wconf 88' lang='lat' dir='ltr'><strong>non</strong></span> <span class='ocrx_word' id='word_1_904' title='bbox 2337 5210 2479 5281; x_wconf 91' lang='lat' dir='ltr'><strong>quod</strong></span> <span class='ocrx_word' id='word_1_905' title='bbox 2525 5208 2589 5261; x_wconf 91' lang='lat' dir='ltr'><strong>ad</strong></span> <span class='ocrx_word' id='word_1_906' title='bbox 2638 5207 2831 5260; x_wconf 76' lang='lat' dir='ltr'><strong>anima:</strong></span> <span class='ocrx_word' id='word_1_907' title='bbox 2881 5203 3107 5255; x_wconf 88' lang='lat' dir='ltr'><strong>salutem</strong></span> <span class='ocrx_word' id='word_1_908' title='bbox 3160 5196 3420 5268; x_wconf 89' lang='lat' dir='ltr'><strong>perﬁcere</strong></span> <span class='ocrx_word' id='word_1_909' title='bbox 3468 5198 3586 5252; x_wconf 68' lang='lat' dir='ltr'><strong>haec</strong></span> 
     </span>
    </p>
   </div>
   <div class='ocr_carea' id='block_1_116' title="bbox 1992 5288 3579 5380">
    <p class='ocr_par' dir='ltr' id='par_1_116' title="bbox 1992 5288 3579 5380">
     <span class='ocr_line' id='line_1_116' title="bbox 1992 5288 3579 5380; baseline -0.016 -17"><span class='ocrx_word' id='word_1_910' title='bbox 1992 5303 2379 5380; x_wconf 87' lang='lat' dir='ltr'><strong>possitaliquid</strong></span> <span class='ocrx_word' id='word_1_911' title='bbox 2408 5334 2423 5359; x_wconf 84' lang='lat'><strong>,</strong></span> <span class='ocrx_word' id='word_1_912' title='bbox 2467 5296 2563 5351; x_wconf 87' lang='lat' dir='ltr'><strong>sed</strong></span> <span class='ocrx_word' id='word_1_913' title='bbox 2602 5303 2662 5348; x_wconf 85' lang='lat' dir='ltr'><strong>ut</strong></span> <span class='ocrx_word' id='word_1_914' title='bbox 2682 5298 2790 5353; x_wconf 89' lang='lat' dir='ltr'><strong>hoc</strong></span> <span class='ocrx_word' id='word_1_915' title='bbox 2859 5293 3003 5366; x_wconf 83' lang='lat' dir='ltr'><strong>grati</strong></span> <span class='ocrx_word' id='word_1_916' title='bbox 3072 5289 3234 5344; x_wconf 90' lang='lat' dir='ltr'><strong>animi</strong></span> <span class='ocrx_word' id='word_1_917' title='bbox 3277 5288 3530 5342; x_wconf 89' lang='lat' dir='ltr'><strong>indicium</strong></span> <span class='ocrx_word' id='word_1_918' title='bbox 3560 5327 3579 5353; x_wconf 92' lang='lat'><strong>,</strong></span> 
     </span>
    </p>
   </div>
   <div class='ocr_carea' id='block_1_117' title="bbox 1993 5376 3582 5474">
    <p class='ocr_par' dir='ltr' id='par_1_117' title="bbox 1993 5376 3582 5474">
     <span class='ocr_line' id='line_1_117' title="bbox 1993 5376 3582 5474; baseline -0.016 -18"><span class='ocrx_word' id='word_1_919' title='bbox 1993 5376 2144 5474; x_wconf 78' lang='lat' dir='ltr'><strong>quasi</strong></span> <span class='ocrx_word' id='word_1_920' title='bbox 2174 5399 2383 5469; x_wconf 89' lang='lat' dir='ltr'><strong>signum</strong></span> <span class='ocrx_word' id='word_1_921' title='bbox 2416 5401 2470 5448; x_wconf 89' lang='lat' dir='ltr'><strong>ct</strong></span> <span class='ocrx_word' id='word_1_922' title='bbox 2498 5388 2729 5457; x_wconf 86' lang='lat' dir='ltr'><strong>sigillum</strong></span> <span class='ocrx_word' id='word_1_923' title='bbox 2755 5385 3164 5439; x_wconf 87' lang='lat' dir='ltr'><strong>eiremnlerrent</strong></span> <span class='ocrx_word' id='word_1_924' title='bbox 3188 5376 3360 5434; x_wconf 74' lang='lat' dir='ltr'><strong>Judaei</strong></span> <span class='ocrx_word' id='word_1_925' title='bbox 3385 5418 3401 5445; x_wconf 87' lang='lat'><strong>,</strong></span> <span class='ocrx_word' id='word_1_926' title='bbox 3430 5387 3486 5433; x_wconf 91' lang='lat' dir='ltr'><strong>et</strong></span> <span class='ocrx_word' id='word_1_927' title='bbox 3511 5390 3582 5431; x_wconf 86' lang='lat' dir='ltr'><strong>nc</strong></span> 
     </span>
    </p>
   </div>
   <div class='ocr_carea' id='block_1_118' title="bbox 1986 5470 3335 5549">
    <p class='ocr_par' dir='ltr' id='par_1_118' title="bbox 1986 5470 3335 5549">
     <span class='ocr_line' id='line_1_118' title="bbox 1986 5470 3335 5549; baseline -0.021 0"><span class='ocrx_word' id='word_1_928' title='bbox 1986 5470 2169 5549; x_wconf 80' lang='lat' dir='ltr'><strong>liceret</strong></span> <span class='ocrx_word' id='word_1_929' title='bbox 2195 5490 2275 5546; x_wconf 90' lang='lat' dir='ltr'><strong>eis</strong></span> <span class='ocrx_word' id='word_1_930' title='bbox 2301 5477 2641 5543; x_wconf 86' lang='lat' dir='ltr'><strong>commisceri</strong></span> <span class='ocrx_word' id='word_1_931' title='bbox 2672 5475 2909 5547; x_wconf 88' lang='lat' dir='ltr'><strong>gentium</strong></span> <span class='ocrx_word' id='word_1_932' title='bbox 2934 5470 3335 5540; x_wconf 87' lang='lat' dir='ltr'><strong>congressibus.</strong></span> 
     </span>
    </p>
   </div>
   <div class='ocr_carea' id='block_1_119' title="bbox 2040 5658 3582 5727">
    <p class='ocr_par' dir='ltr' id='par_1_119' title="bbox 2040 5658 3582 5727">
     <span class='ocr_line' id='line_1_119' title="bbox 2040 5658 3582 5727; baseline -0.008 -3"><span class='ocrx_word' id='word_1_933' title='bbox 2040 5678 2056 5709; x_wconf 86' lang='grc'>¹</span> <span class='ocrx_word' id='word_1_934' title='bbox 2094 5672 2257 5725; x_wconf 69' lang='lat' dir='ltr'><strong>Morel.</strong></span> <span class='ocrx_word' id='word_1_935' title='bbox 2285 5679 2337 5721; x_wconf 90' lang='lat' dir='ltr'><strong>et</strong></span> <span class='ocrx_word' id='word_1_936' title='bbox 2357 5667 2498 5719; x_wconf 78' lang='lat' dir='ltr'><strong>savii.</strong></span> <span class='ocrx_word' id='word_1_937' title='bbox 2524 5666 2604 5716; x_wconf 89' lang='lat' dir='ltr'><strong>hic</strong></span> <span class='ocrx_word' id='word_1_938' title='bbox 2626 5670 2886 5727; x_wconf 59' lang='lat' dir='ltr'><strong>repetunt,</strong></span> <span class='ocrx_word' id='word_1_939' title='bbox 2916 5664 2962 5711; x_wconf 92' lang='lat' dir='ltr'><strong>et</strong></span> <span class='ocrx_word' id='word_1_940' title='bbox 2983 5659 3212 5712; x_wconf 84' lang='lat' dir='ltr'><strong>odoratus</strong></span> <span class='ocrx_word' id='word_1_941' title='bbox 3236 5666 3307 5712; x_wconf 77' lang='lat' dir='ltr'><strong>cst</strong></span> <span class='ocrx_word' id='word_1_942' title='bbox 3330 5658 3582 5713; x_wconf 74' lang='lat' dir='ltr'><strong>Dominus</strong></span> 
     </span>
    </p>
   </div>
   <div class='ocr_carea' id='block_1_120' title="bbox 1976 5724 3055 5801">
    <p class='ocr_par' dir='ltr' id='par_1_120' title="bbox 1976 5724 3055 5801">
     <span class='ocr_line' id='line_1_120' title="bbox 1976 5724 3055 5801; baseline -0.019 -10"><span class='ocrx_word' id='word_1_943' title='bbox 1976 5740 2173 5791; x_wconf 85' lang='lat' dir='ltr'><strong>odorem</strong></span> <span class='ocrx_word' id='word_1_944' title='bbox 2194 5731 2494 5801; x_wconf 75' lang='lat' dir='ltr'><strong>fragrantite,</strong></span> <span class='ocrx_word' id='word_1_945' title='bbox 2519 5741 2629 5792; x_wconf 77' lang='lat' dir='ltr'><strong>qua:</strong></span> <span class='ocrx_word' id='word_1_946' title='bbox 2653 5724 2703 5777; x_wconf 83' lang='lat' dir='ltr'><strong>in</strong></span> <span class='ocrx_word' id='word_1_947' title='bbox 2727 5734 2834 5775; x_wconf 73' lang='lat' dir='ltr'><strong>Mss.</strong></span> <span class='ocrx_word' id='word_1_948' title='bbox 2858 5724 3055 5773; x_wconf 77' lang='lat' dir='ltr'><strong>desunt.</strong></span> 
     </span>
    </p>
   </div>
  </div>
