4070 6386
542 378 647 440 eis

600 485 651 537 3.
684 481 812 535 Iliuc
837 478 1021 532 beatus
1051 473 1245 529 Paulus
1274 472 1478 539 signum
1525 469 1626 521 hoc
1655 475 1843 531 vocat,
1866 468 2050 519 dicens
2080 482 2093 516 :

533 571 596 624 Et
616 572 812 640 signum
842 565 975 620 dedit
1004 560 1410 640 circumcisionis,
1439 558 1657 627 sigillum
1688 557 1861 627 (Rom.
1890 554 1942 607 4.
1965 554 2020 607 Η
2054 553 2092 621 ).

532 634 827 729 Nam-quod
852 656 918 709 ad
962 634 1216 724 justitiam
1271 648 1401 702 nihil
1456 645 1740 709 conducat,
1776 658 1903 699 ecce
1931 651 1985 697 et
2010 641 2095 695 hic

530 740 699 816 iusius
723 788 740 811 ,
767 744 995 800 nondum
1045 748 1237 795 statuta
1281 736 1707 799 circumcisiOue,
1738 734 1804 787 ad
1858 732 2095 786 eamdem

534 840 771 905 pervenit
818 836 1085 888 virtutem.
1138 831 1205 884 Et
1248 828 1371 897 quid
1429 826 1593 905 dico?
1639 824 1755 894 Ipse
1805 821 2096 892 patriarcha

535 931 818 990 Abraham,
847 925 1146 995 priusquam
1178 917 1637 974 circumcisionem
1668 915 1961 982 acciperet,
1992 911 2096 965 lide

531 1020 640 1073 sola
662 1016 980 1085 justifieatus
1017 1020 1118 1065 est.
1153 1008 1282 1061 Nam
1314 1016 1436 1061 ante
1486 1002 1943 1059 circumcisionem
1972 1041 1987 1064 ,
2018 1001 2096 1051 in-

530 1109 661 1175 quit,
694 1104 916 1159 Credidit
946 1102 1197 1154 Abraham
1234 1098 1340 1151 Deo
1370 1138 1383 1159 ,
1419 1106 1470 1162 et
1491 1102 1770 1163 reputatum
1801 1100 1872 1144 est
1915 1090 1992 1142 illi
2029 1088 2096 1141 ad

530 1197 770 1259 iustitium
798 1194 968 1261 (Rom.
1000 1193 1053 1245 4.
1086 1191 1165 1258 3).
1197 1188 1333 1255 Quid
1388 1187 1548 1254 igitur
1575 1182 1819 1259 superbis
1847 1222 1862 1247 ,
1890 1178 2093 1243 Judac,

531 1289 582 1339 iu
613 1280 1053 1339 circumcisione?
1081 1278 1236 1332 Disce
1265 1286 1387 1329 ante
1417 1275 1551 1328 hanc
1578 1272 1739 1326 fuisse
1760 1273 1930 1339 justos
1954 1269 2093 1320 mul-

529 1383 631 1427 tos.
657 1372 865 1426 Etenim
891 1367 1019 1422 Abel
1036 1367 1133 1420 fide
1154 1365 1474 1419 oblationem
1493 1362 1636 1425 fecit,
1654 1356 2095 1427 quemadmodum

537 1472 590 1514 et
618 1461 810 1514 Paulus
835 1458 965 1511 dicit
997 1472 1011 1507 :
1044 1453 1174 1508 Fide
1214 1454 1486 1506 uberiorem
1515 1450 1726 1502 hostiam
1772 1446 1948 1499 obtulit
1975 1445 2098 1498 Abel

543 1550 669 1615 Deo,
693 1565 843 1618 quant
866 1546 991 1602 Cain
1026 1546 1047 1617 (
1072 1544 1227 1598 Hebr.
1256 1544 1345 1599 il.
1371 1542 1405 1596 4
1433 1539 1486 1610 );
1515 1550 1569 1593 et
1602 1536 1783 1591 Eroch
1815 1536 2097 1589 translatus

530 1649 706 1705 est,et
742 1637 855 1692 Noe
895 1636 964 1689 ob
990 1634 1202 1688 multam
1230 1631 1485 1701 justitiam
1531 1633 1897 1695 tempestatem
1952 1624 2095 1678 illam

530 1728 893 1795 gravissimam
950 1724 1132 1791 effugit
1160 1739 1176 1786 ;
1204 1730 1258 1775 et
1308 1718 1572 1773 Abraham
1630 1723 1751 1768 ante
1796 1709 1978 1773 hanc,
2026 1713 2096 1765 ob

535 1832 683 1869 suam
715 1815 766 1869 in
791 1815 954 1869 Deum
1001 1812 1157 1866 ﬁdem
1200 1810 1499 1864 celebratus
1540 1807 1660 1861 fuit.
1693 1806 1784 1859 Sic
1830 1805 1897 1857 ab
1948 1803 2097 1855 initio

532 1921 632 1972 per
661 1904 817 1959 fidem
849 1906 1135 1956 humanum
1158 1914 1324 1969 genus
1350 1900 1572 1951 salutem
1607 1903 1949 1963 assequuntum
1994 1902 2093 1945 est.

530 1999 672 2050 Sane
708 2003 988 2064 propterea
1017 1992 1255 2061 permisit
1283 1990 1540 2056 benignus
1567 1986 1819 2039 Dominus
1839 1983 2094 2037 sacriﬁcia

528 2086 626 2137 sibi
650 2084 850 2149 offerri,
874 2093 931 2137 ut
959 2082 1205 2149 quoniam
1231 2089 1417 2133 natura
1447 2087 1625 2131 nostra
1657 2075 2015 2143 imperfectius
2041 2088 2098 2127 se

529 2174 793 2235 habebat,
820 2172 978 2226 simul
1023 2180 1080 2225 et
1125 2184 1274 2223 suam
1302 2177 1507 2236 gratam
1553 2166 1877 2221 voluntatem
1923 2163 2097 2217 decla-

534 2277 672 2324 rare,
704 2271 761 2315 et
787 2260 1046 2314 idolorum
1082 2258 1440 2328 perniciosum
1472 2256 1675 2309 cultum
1707 2254 1940 2322 effugere
1970 2266 2094 2319 pos-

527 2352 616 2405 sit.
648 2351 779 2407 Nam
803 2352 868 2414 si,
895 2365 1016 2405 cum
1044 2358 1245 2403 tantum
1272 2346 1423 2401 nobis
1453 2345 1725 2398 indulserit
1757 2344 1914 2405 Deus,
1945 2341 2094 2396 multi

525 2451 702 2496 tamen
741 2456 770 2493 a
803 2440 951 2494 ruina
994 2439 1094 2493 sibi
1134 2452 1238 2491 non
1268 2446 1563 2492 caverunt:
1603 2434 1647 2487 si
1678 2434 1779 2487 hoc
1811 2448 1916 2485 non
1961 2431 2091 2485 fuis-

525 2540 607 2585 set
631 2531 822 2584 factum
849 2570 865 2593 ,
908 2544 1013 2597 quo
1049 2538 1199 2596 pacto
1235 2526 1353 2597 quis
1378 2526 1628 2579 damnum
1654 2524 1756 2578 hoc
1780 2522 2093 2593 etfugisset?

528 2617 594 2671 Bt
629 2620 866 2672 odoratus
899 2626 971 2671 est
1004 2616 1253 2670 Dominus
1281 2600 1418 2669 Deus
1456 2616 1656 2668 odorem
1683 2614 1995 2683 fragrantia.
2024 2613 2093 2666 At

524 2725 630 2762 non
661 2710 729 2763 ita
766 2719 847 2763 est
873 2708 940 2761 de
970 2708 1185 2776 ingratis
1208 2705 1405 2761 Judzeis
1432 2721 1447 2757 :
1476 2703 1570 2758 sed
1608 2703 1909 2773 quomodo?
1955 2701 2092 2755 Audi

523 2798 833 2867 prophetam
872 2796 1135 2849 dicentem
1178 2812 1193 2847 :
1236 2793 1536 2861 Thymiama
1578 2792 1633 2843 in
1674 2790 2093 2843 abominationem

520 2887 645 2937 mihi
672 2895 742 2938 est
769 2883 919 2953 (lsai.
954 2884 1003 2936 l.
1034 2882 1119 2951 15)
1153 2898 1167 2935 :
1201 2880 1349 2949 quasi
1378 2879 1625 2934 ostendat
1650 2879 1933 2931 voluntatis
1960 2876 2091 2931 oll‘e-

521 2974 747 3026 rentium
769 2972 1036 3025 malitiam.
1069 2968 1523 3036 Quemadmodum
1554 2970 1693 3022 enim
1726 2966 1809 3019 hic
1830 2966 1953 3034 justi
1984 2966 2092 3019 vir-

521 3070 610 3116 tus
644 3062 845 3115 fumum
873 3070 928 3116 et
969 3060 1209 3114 nidorem
1251 3058 1373 3112 fecit
1396 3057 1615 3111 odorem
1646 3054 1947 3125 fragrantia;
1974 3071 1988 3107 :
2015 3054 2091 3107 sic

520 3152 660 3221 apud
692 3151 810 3206 illos
839 3150 1170 3207 merentium
1206 3149 1437 3217 nequitia
1467 3147 1605 3201 bene
1633 3147 1780 3199 olens
1806 3144 2089 3215 thymiama

525 3242 581 3294 in
627 3239 1032 3295 abominabilem
1083 3238 1302 3293 odorem
1352 3236 1632 3291 convertit.
1692 3233 1850 3303 Igitur
1899 3235 2091 3301 ubique

517 3330 842 3393 studeamus,
868 3344 1067 3398 quaeso,
1090 3338 1322 3382 mentem
1348 3326 1537 3381 atl'erre
1564 3326 1944 3394 incorruptam.
1966 3326 2090 3380 lla'c

517 3419 659 3473 enim
688 3433 841 3473 causa
874 3428 955 3472 cst
988 3418 1227 3472 omnium
1271 3417 1549 3470 bonorum.
1596 3414 1776 3468 Bonus
1803 3414 1943 3468 enim
1979 3416 2087 3469 Do-

518 3509 693 3562 minus
735 3523 839 3562 non
885 3508 1161 3564 consuevit
1203 3507 1479 3562 attendere
1520 3505 1586 3560 ad
1625 3520 1687 3559 ea
1730 3521 1847 3574 quae
1875 3519 1905 3559 a
1935 3504 2087 3559 nobis

516 3599 667 3663 tlunt,
684 3596 775 3653 sed
792 3597 857 3651 ad
878 3597 1136 3652 internam
1154 3606 1402 3661 mentem,
1422 3611 1449 3648 a
1466 3610 1587 3665 qua,
1607 3603 1663 3649 ut
1678 3594 1793 3649 base
1812 3594 2083 3659 faciamus,

517 3690 858 3759 impellimur,
886 3698 939 3744 et
965 3690 1029 3742 ad
1059 3689 1192 3741 hanc
1220 3697 1463 3756 spectans
1493 3687 1575 3740 vel
1604 3685 1861 3756 approbat
1879 3700 1940 3738 ea
1966 3698 2085 3754 qua:

516 3796 546 3831 a
575 3779 727 3834 nobis
754 3778 881 3832 ﬁunt
906 3818 923 3842 ,
963 3779 1043 3833 vel
1072 3787 1367 3832 aversatur.
1424 3778 1605 3846 Itaque
1645 3780 1757 3831 sive
1785 3790 2081 3845 precemur,

514 3870 627 3924 sive
665 3869 1006 3938 jejunemus,
1050 3868 1163 3923 sive
1204 3870 1593 3938 elecmosyuam
1625 3866 1877 3946 faciamus
1920 3867 2086 3934 (ipsae

512 3958 653 4013 enim
704 3965 827 4011 sunt
878 3956 1177 4026 spirituales
1225 3966 1418 4011 nostra:
1467 3956 1737 4024 hostias),
1785 3954 1898 4008 sive
1943 3952 2084 4007 aliud

513 4048 783 4116 spirituale
808 4046 1072 4116 quoddam
1091 4061 1224 4116 opus
1250 4046 1520 4109 faciamus,
1550 4046 1651 4099 hoc
1670 4044 1926 4100 faciamus
1946 4043 2083 4098 bona

516 4146 696 4192 mente
737 4137 935 4190 incitati
966 4152 980 4190 :
1010 4144 1065 4189 ut
1110 4146 1164 4189 et
1214 4136 1485 4190 laboribus
1526 4136 1737 4204 dignam
1791 4134 2083 4189 referamus

513 4239 785 4280 coronam.
809 4225 964 4280 Esset
993 4227 1134 4279 enim
1163 4226 1561 4292 perabsurdum,
1582 4226 1813 4279 laborem
1841 4240 1936 4279 nos
1958 4240 2078 4279 suso

512 4317 705 4382 linere,
738 4325 793 4372 et
830 4315 1075 4371 mercede
1114 4314 1379 4380 fraudari,
1424 4317 1467 4369 si
1496 4318 1707 4385 quidem
1738 4330 1843 4371 non
1887 4331 2079 4371 secun-

512 4407 639 4460 dum
680 4406 824 4475 leges
865 4405 934 4459 ab
977 4405 1071 4458 illo
1117 4405 1266 4459 nobis
1293 4405 1444 4459 datas
1474 4408 1719 4459 virtutem
1749 4419 2077 4461 exercemus.

514 4493 655 4548 Fieri
694 4504 867 4547 autem
900 4504 1072 4562 potest
1091 4494 1159 4546 ob
1188 4510 1427 4563 magnam
1453 4495 1547 4548 Dei
1578 4495 1953 4565 benignitatem
1979 4536 1995 4562 ,
2026 4506 2081 4550 ut

512 4598 672 4653 opere
718 4585 952 4639 nondum
996 4585 1302 4654 completo,
1353 4601 1602 4640 coronam
1647 4589 1763 4655 quis
1792 4589 2017 4656 accipiat
2048 4604 2079 4642 a

509 4676 624 4731 sola
654 4675 738 4744 pia
764 4685 959 4729 mente.
1007 4676 1070 4728 Et
1096 4682 1153 4728 ut
1180 4674 1279 4728 hoc
1306 4675 1481 4731 discas
1504 4717 1517 4737 ,
1548 4678 1765 4729 adverte
1788 4716 1802 4741 ,
1833 4677 2077 4742 obsecro,

510 4765 612 4820 hoc
654 4765 705 4817 in
748 4764 1103 4834 eleemosyna.
1148 4764 1280 4818 Nam
1325 4766 1365 4818 si
1411 4765 1622 4833 quando
1645 4765 1793 4819 vides
1817 4766 2078 4834 jacentem

510 4857 565 4910 in
589 4855 703 4909 foro
722 4895 737 4918 ,
764 4866 817 4909 et
844 4865 1078 4909 extrema
1110 4856 1283 4925 inapia
1312 4856 1609 4922 detentum,
1634 4866 1687 4911 et
1712 4857 1982 4924 condoles,
2015 4874 2079 4913 ac

510 4955 688 5003 tuente
714 4947 766 5001 in
794 4946 981 5001 cretum
1018 4947 1225 5002 sublata
1266 4948 1460 5016 gratias
1499 4963 1613 5017 agis
1655 4949 1913 5012 Domino,
1966 4958 2077 5003 tum

511 5046 729 5106 propter
753 5050 815 5090 ea
841 5052 958 5105 qua:
987 5036 1080 5089 tibi
1106 5050 1360 5091 concessa
1392 5046 1549 5100 sunt,
1582 5046 1690 5092 tum
1742 5049 1957 5107 propter
1998 5040 2078 5093 in-

507 5126 625 5194 opis
653 5125 958 5195 patientiam
981 5143 993 5178 :
1020 5126 1226 5179 etiamsi
1251 5140 1354 5178 non
1378 5128 1547 5194 possis
1573 5128 1785 5195 explere
1810 5136 1863 5181 et
1889 5129 2075 5182 sedare

508 5215 646 5268 illius
675 5215 889 5279 famem,
918 5227 1134 5284 propter
1163 5215 1356 5269 bonum
1388 5218 1712 5283 propositum
1740 5234 2076 5273 consumma-

509 5314 616 5357 tam
656 5303 879 5371 recipies
923 5302 1241 5357 mercedem.
1298 5304 1365 5357 Et
1406 5320 1468 5359 ea
1507 5306 1574 5359 de
1619 5321 1776 5361 causa
1821 5308 2075 5363 Dominus

505 5408 713 5463 quoque
741 5393 947 5447 dicebat
981 5410 995 5446 :
1027 5393 1088 5447 Si
1131 5396 1240 5461 quis
1270 5406 1440 5463 potum
1476 5398 1667 5451 dederit
1695 5399 1899 5451 calicem
1932 5416 2076 5466 aqua

508 5483 709 5552 frigidae
736 5492 927 5536 tantum
952 5484 1005 5536 in
1046 5485 1245 5537 nomine
1277 5486 1547 5556 discipuli,
1586 5504 1731 5540 amen
1766 5488 1876 5542 dico
1914 5491 2070 5553 vobis,

506 5590 611 5633 non
639 5576 807 5639 perdet
838 5573 1111 5626 mercedem
1136 5590 1278 5628 suam
1306 5575 1511 5646 (Matth.
1536 5580 1619 5631 lO.
1644 5580 1755 5644 ιε).
1791 5578 1921 5632 Num
1951 5579 2074 5647 quid

516 5666 706 5743 poculo
734 5682 879 5739 aqua:
908 5668 1104 5742 frigida:
1136 5671 1384 5726 tenuius?
1421 5671 1525 5727 Sed
1554 5672 1760 5727 animus
1790 5672 1905 5743 pius
1927 5688 2063 5729 mer-

1297 374 1354 429 S.
1396 365 1675 426 JOANNIS
1712 360 2177 418 CHRYSOSTOMI
2216 362 2527 418 AllCHlEP.
2570 360 3096 421 CONSTANTINOP.

3671 354 3780 411 ΞΗ

2196 474 2380 527 cedem
2414 475 2534 530 inde
2572 476 2671 529 sibi
2710 476 2976 530 conciliat.
3030 473 3139 529 lloc
3169 482 3223 528 et
3262 474 3314 528 in
3341 473 3584 544 opposito
3613 474 3767 528 inve-

2196 566 2418 619 niemus.
2448 566 2634 634 Opera:
2658 567 2885 635 pretium
2911 567 3049 619 enim
3075 574 3157 618 est
3176 605 3190 630 ,
3223 572 3280 616 ut
3308 564 3376 619 de
3401 564 3465 618 iis
3489 567 3773 631 loquamur

2193 656 2399 710 caritati
2446 666 2670 721 vestrae,
2720 671 2828 725 quo
2867 656 3015 709 vobis
3053 656 3166 709 haec
3195 662 3441 710 accurate
3474 654 3773 709 scientibus

2195 746 2470 813 probitatis
2511 756 2742 799 tutamen
2771 746 3109 815 comparetis.
3138 745 3274 800 Audi
3301 745 3441 799 enim
3474 743 3597 813 quid
3624 745 3775 798 dicat

2190 835 2433 891 Christus
2470 854 2485 891 :
2518 838 2617 901 Qui
2659 838 2860 905 respicit
2905 837 3160 890 mulierem
3206 836 3277 890 ad
3314 836 3774 904 concupiscendum

2190 941 2300 977 eam
2327 965 2340 985 ,
2380 928 2494 995 jam
2524 927 2797 981 maritatas
2835 936 2904 979 est
2936 943 3045 980 eam
3082 928 3136 979 in
3171 927 3323 980 corde
3347 943 3437 978 suo
3469 925 3682 993 (Matth.
3712 925 3765 977 5.

2188 1013 2302 1079 28).
2335 1013 2492 1068 Vides
2518 1024 2573 1068 et
2616 1014 2700 1069 hic
2737 1015 2928 1069 iterum
2955 1016 3144 1067 malam
3187 1022 3418 1069 mentem
3450 1015 3598 1082 sequi
3628 1029 3768 1066 con-

2190 1102 2583 1158 demnationem
2609 1145 2623 1169 ,
2656 1114 2711 1159 et
2733 1106 2802 1160 ob
2827 1105 3269 1159 inconsideratum
3297 1104 3541 1157 intuitum
3568 1145 3581 1166 ,
3614 1104 3768 1171 quasi

2190 1194 2509 1262 completum
2537 1202 2680 1247 esset
2704 1193 2950 1249 adulterii
2972 1210 3127 1263 opus,
3161 1209 3367 1263 pinnam
3399 1194 3625 1248 inferri?
3659 1195 3766 1247 Ita-

2190 1298 2294 1351 que
2322 1298 2443 1338 cum
2485 1284 2598 1337 haec
2640 1285 2913 1348 sciamus,
2966 1284 3198 1353 undique
3242 1296 3476 1338 mentem
3527 1295 3769 1338 nostram

2191 1372 2328 1427 bene
2358 1375 2656 1428 muniamus
2678 1416 2692 1438 ,
2728 1382 2785 1426 ut
2822 1388 2917 1441 per
2941 1386 3057 1427 eam
3089 1371 3219 1426 flant
3249 1383 3465 1441 accepta
3493 1387 3611 1442 qua:
3638 1372 3769 1426 faci-

2191 1476 2329 1513 mus.
2379 1461 2509 1515 Nam
2551 1463 2597 1514 si
2645 1461 2843 1515 fumum
2873 1471 2925 1515 et
2962 1461 3202 1516 nidorem
3248 1462 3403 1516 vertit
3446 1462 3497 1514 in
3541 1462 3770 1515 odorem

2192 1548 2509 1619 fragrantiaz,
2536 1551 2660 1619 quid
2688 1566 2792 1604 non
2819 1567 2849 1603 e
2874 1552 3135 1619 spirituali
3160 1561 3343 1605 nostro
3371 1552 3567 1605 faceret
3591 1552 3765 1605 cultu.

2190 1646 2244 1691 et
2271 1649 2518 1706 quantam
2556 1654 2661 1691 non
2708 1641 2928 1707 gratiam
2976 1641 3180 1693 etelitus
3218 1640 3371 1693 nobis
3417 1642 3771 1708 procuraret?

2191 1727 2255 1779 Et
2271 1716 2508 1780 odoratus
2534 1738 2627 1792 est,
2659 1729 2843 1796 inquit,
2878 1729 3124 1781 Dominus
3145 1727 3282 1781 Deus
3303 1732 3503 1781 odorem
3527 1732 3772 1797 fragran-

2190 1817 2288 1870 τίω.
2341 1816 2523 1870 Vidisti
2560 1832 2677 1886 qua:
2704 1818 2888 1872 fecerit
2908 1819 3084 1883 justus
3113 1858 3127 1881 ,
3172 1818 3437 1887 quomodo
3460 1860 3474 1881 ,
3506 1828 3770 1887 quantum

2189 1905 2254 1958 ad
2298 1914 2575 1959 externum
2623 1908 2980 1975 spectaculum
3032 1908 3293 1976 pertinet,
3341 1922 3452 1960 rem
3500 1922 3765 1975 parvam;

2188 2002 2441 2061 quantum
2469 2004 2644 2048 autem
2690 1996 2753 2047 ad
2797 1997 3064 2059 animum,
3106 1996 3491 2066 permagnam?
3532 1997 3769 2051 Attende

2192 2091 2367 2137 autem
2392 2084 2643 2151 deinceps
2670 2086 2980 2139 immensam
3007 2087 3286 2140 clementis
3315 2086 3520 2139 Domini
3551 2085 3777 2139 δοιιῆξῇ

2190 2177 2313 2223 lem.
2365 2168 2429 2222 Et
2457 2171 2586 2224 dixit
2616 2171 2859 2225 Dominus
2896 2172 3031 2225 Deus
3059 2175 3114 2226 in
3152 2183 3313 2226 mente
3335 2191 3427 2226 su:
3465 2190 3484 2227 :
3520 2174 3612 2228 21.
3640 2174 3767 2228 Non

2185 2258 2423 2327 adjiciam
2461 2261 2595 2312 ultra
2639 2270 2692 2312 ut
2735 2262 3033 2314 maledicam
3073 2272 3220 2316 terra:
3261 2272 3463 2330 propter
3490 2279 3644 2330 opera
3671 2264 3765 2317 ho-

2186 2349 2409 2412 minum,
2456 2350 2573 2417 quia
2613 2351 2851 2402 incumbit
2888 2367 3024 2404 mens
3060 2352 3276 2404 hominis
3306 2353 3493 2405 intente
3530 2355 3583 2404 in
3621 2354 3764 2405 mala

2184 2454 2336 2506 opera
2363 2455 2393 2490 α
2418 2440 2693 2508 juventute.
2742 2438 2860 2492 Non
2896 2442 3050 2510 igitur
3088 2442 3358 2510 adjiciam,
3404 2452 3456 2494 ut
3485 2444 3765 2507 percutiant

2184 2544 2379 2580 omnem
2402 2544 2601 2581 carnem
2630 2531 2869 2583 viventem
2891 2571 2905 2590 ,
2937 2535 3066 2584 sicut
3094 2532 3195 2598 feci
3212 2572 3228 2597 ,
3270 2530 3360 2584 22.
3392 2531 3621 2586 omnibus
3645 2534 3759 2586 die-

2184 2617 2275 2670 bus
2300 2627 2461 2673 teme.

2261 2786 2314 2839 4.
2342 2784 2580 2855 Magnum
2604 2785 2964 2840 beneficentiae
2990 2785 3225 2853 pondus;
3257 2790 3440 2855 ingens
3466 2786 3769 2841 clementia:

2187 2874 2535 2943 magnitudo;
2568 2875 2849 2929 ineffabilis
2900 2877 3192 2930 tolerantiae
3242 2877 3634 2945 exsuperantia.
3698 2876 3768 2930 Et

2189 2961 2315 3014 dixit
2341 2961 2585 3016 Dominus
2614 2963 2750 3019 Deus
2775 2966 2827 3017 in
2855 2975 3016 3017 mente
3042 2982 3152 3017 sua.
3188 2964 3339 3027 Illud,
3369 2965 3435 3018 In
3465 2975 3625 3018 mente
3644 2982 3766 3031 sua,

2190 3051 2379 3107 iterum
2404 3054 2637 3109 humano
2659 3071 2806 3110 more
2835 3056 2981 3121 dicit,
3013 3066 3069 3111 et
3088 3057 3235 3125 quasi
3263 3066 3503 3110 naturam
3526 3066 3765 3111 nostum

2192 3146 2498 3214 respiciens.
2558 3146 2679 3200 Non
2726 3148 2966 3214 adjiciam
3000 3148 3137 3201 ultra
3176 3158 3231 3201 ut
3278 3149 3573 3202 maledicam
3616 3159 3768 3202 terra:

2190 3244 2392 3303 propter
2426 3252 2578 3304 opera
2607 3236 2884 3289 hominum.
2942 3238 3009 3291 Et
3033 3237 3269 3304 homini,
3307 3239 3397 3307 qui
3425 3239 3627 3307 primus
3650 3238 3769 3293 for-

2182 3331 2359 3377 matus
2385 3334 2506 3387 est,
2554 3326 2762 3379 dicebat
2785 3366 2800 3391 ,
2833 3341 2952 3380 cum
2983 3327 3055 3381 illi
3083 3326 3422 3381 malediceret
3449 3344 3461 3380 :
3494 3328 3686 3395 Spinas
3715 3338 3765 3383 et

2188 3415 2395 3469 tribulos
2440 3418 2737 3486 germinabit
2781 3418 2868 3470 tibi
2900 3416 3117 3489 (Genes.
3148 3420 3201 3473 3.
3239 3419 3326 3472 18.
3361 3427 3410 3473 et
3436 3419 3491 3474 4.
3520 3419 3662 3491 12);
3706 3430 3768 3475 et

2184 3504 2351 3557 Caino
2371 3506 2633 3560 similiter.
2662 3507 2793 3574 Quia
2815 3518 2988 3561 autem
3003 3523 3144 3562 nunc
3166 3523 3502 3564 communem
3517 3510 3763 3565 omnium

2185 3594 2454 3649 invexerat
2495 3596 2764 3651 interitum
2791 3636 2807 3661 ,
2856 3607 2912 3649 ut
2938 3598 3355 3653 consolationem
3397 3600 3488 3654 det
3522 3599 3668 3669 justo
3706 3612 3765 3655 et

2186 3684 2429 3737 fiduciam
2458 3686 2505 3739 ei
2530 3684 2726 3750 addat,
2778 3701 2846 3739 ne
2886 3683 3023 3741 forte
3065 3687 3261 3755 Cogitet
3306 3688 3443 3753 apud
3489 3702 3582 3752 se,
3628 3687 3763 3754 Quae

2183 3774 2377 3827 utilitas
2402 3773 2540 3827 datze
2569 3774 3002 3828 benedictionis?
3030 3784 3083 3829 et
3108 3776 3248 3845 quod
3278 3775 3502 3841 dixerit,
3542 3775 3766 3832 σηπίης

2188 3872 2233 3913 et
2254 3862 2660 3931 multiplicamini
2689 3862 2844 3929 (Gen.
2878 3866 2929 3918 1.
2958 3864 3054 3934 28)
3074 3905 3090 3926 ,
3135 3864 3180 3918 si
3211 3865 3399 3919 iterum
3418 3904 3435 3930 ,
3464 3866 3550 3921 ubi
3579 3866 3761 3921 multi-

2184 3950 2357 4018 plirati
2386 3950 2641 4007 fuerimus
2660 3994 2675 4017 ,
2707 3953 3037 4022 pereundum
3064 3955 3133 4008 sit
3162 3955 3358 4009 nobis?
3398 3954 3527 4009 Nam
3550 3958 3678 4012 olim
3705 3968 3760 4013 et

2183 4039 2388 4093 Adamo
2415 4041 2618 4095 dixerat
2648 4059 2660 4094 :
2696 4044 2913 4096 Crescite
2937 4052 2985 4097 et
3010 4044 3413 4113 multiplicamin
3441 4061 3459 4098 :
3488 4053 3545 4099 et
3570 4061 3767 4116 super—

2181 4132 2327 4185 venit
2354 4141 2528 4186 tamen
2573 4132 2848 4186 diluvium.
2906 4133 2974 4188 Ut
3003 4150 3130 4203 ergo
3170 4150 3238 4190 ne
3266 4136 3754 4204 cogitandnsccum

2183 4221 2303 4275 talia
2347 4222 2399 4275 in
2450 4230 2703 4289 perpetuo
2746 4236 2943 4289 angore
2974 4232 3155 4289 esset,
3213 4222 3335 4278 vide
3379 4226 3760 4294 benignitatem

2184 4312 2411 4365 Domini.
2437 4310 2559 4363 Non
2590 4311 2829 4380 adjiciam
2848 4353 2862 4377 ,
2890 4312 3096 4381 inquit,
3129 4314 3265 4367 ultra
3292 4317 3587 4370 maledicere
3612 4330 3764 4373 terra!

2180 4412 2384 4471 prapter
2424 4416 2576 4470 Opera
2602 4401 2881 4455 hominum.
2914 4402 3044 4457 Vide
3072 4405 3339 4472 quomodo
3361 4406 3668 4473 declaravit,
3699 4425 3762 4465 se

2181 4503 2399 4564 propter
2448 4494 2633 4547 horum
2685 4495 2937 4549 malitiam
2986 4496 3412 4551 maledictionem
3464 4507 3622 4553 terra:
3672 4501 3761 4555 in-

2179 4586 2407 4637 vexisse.
2438 4583 2635 4637 Deinde
2656 4594 2713 4637 ut
2741 4599 2808 4638 ne
2846 4594 3090 4651 putemus
3117 4587 3285 4654 ipsum
3314 4586 3432 4641 ideo
3460 4587 3595 4643 lianc
3628 4605 3759 4658 pro--

2180 4674 2487 4727 missionem
2532 4672 2721 4727 fecisse
2744 4713 2759 4738 ,
2810 4674 2931 4742 quia
2962 4674 3064 4742 ipsi
3100 4674 3210 4743 jam
3244 4676 3293 4729 in
3326 4678 3513 4732 melius
3538 4694 3597 4733 se
3626 4696 3762 4735 con-

2180 4773 2467 4829 verterant,
2491 4762 2660 4831 inquit
2689 4781 2700 4817 :
2732 4763 2862 4827 Quia
2904 4764 3138 4818 incumbit
3164 4782 3302 4819 mens
3322 4767 3540 4822 hominis
3569 4770 3761 4825 intente

2179 4855 2231 4908 in
2252 4858 2384 4909 mala
2414 4872 2568 4924 opera
2594 4872 2626 4908 a
2641 4857 2919 4924 juventute.
2968 4856 3103 4909 Rara
3149 4857 3485 4928 benignitatis
3526 4863 3755 4928 species.

2182 4948 2332 5012 Quia,
2366 4947 2553 5015 inquit,
2581 4947 2819 4999 incumbit
2847 4964 2983 5002 mens
3013 4950 3230 5003 hominis
3259 4952 3522 5022 diligenter
3542 4956 3595 5007 in
3620 4959 3761 5011 mala

2178 5054 2329 5106 Opera
2352 5053 2383 5088 a
2400 5038 2661 5107 juventute
2680 5080 2694 5104 ,
2727 5049 2941 5105 propter
2970 5040 3091 5102 hoc,
3124 5040 3244 5095 Non
3271 5046 3410 5097 ultra
3430 5045 3669 5115 adjiciam
3704 5060 3759 5101 nt

2177 5126 2476 5180 maledicam
2518 5137 2681 5180 terra'.
2714 5128 2824 5198 Ego
2853 5130 2992 5183 enim
3009 5170 3026 5195 ,
3054 5131 3262 5201 inquit,
3289 5149 3407 5203 qua
3434 5135 3499 5189 ad
3524 5152 3608 5191 me
3632 5154 3761 5207 pcr-

2180 5216 2347 5270 tiuent
2368 5257 2383 5281 ,
2416 5217 2581 5271 semel
2619 5227 2778 5285 atque
2820 5219 3009 5273 iterum
3038 5221 3291 5276 exhibui:
3322 5225 3442 5293 quia
3467 5236 3642 5281 autem
3671 5230 3756 5282 vi-

2177 5304 2279 5359 deo
2316 5305 2571 5359 malitiam
2605 5306 2671 5357 ita
2714 5307 3016 5364 increscere
3039 5350 3053 5373 ,
3084 5313 3335 5380 promitto
3362 5328 3448 5368 me
3476 5330 3579 5368 non
3613 5320 3753 5372 ultra

2179 5396 2579 5450 maledictorum
2611 5405 2787 5452 terrzc.
2821 5398 3018 5454 Deinde
3042 5402 3329 5456 ostendens
3365 5419 3474 5459 suae
3504 5405 3748 5475 benigni-

2181 5489 2299 5541 tatis
2329 5488 2743 5557 magnitudincm
2768 5531 2781 5555 ,
2818 5493 3088 5561 subjunxit
3115 5511 3128 5547 :
3164 5494 3281 5548 Non
3313 5497 3550 5565 adjiciam
3589 5501 3750 5568 igitur

2181 5576 2315 5629 ultra
2343 5585 2396 5630 ut
2426 5577 2701 5645 percutiam
2728 5595 2923 5633 omnem
2953 5598 3152 5635 carnem
3181 5585 3419 5637 viventem
3441 5626 3455 5649 ,
3481 5587 3607 5639 sicut
3628 5591 3751 5655 feri,

2183 5667 2409 5723 omnibus
2438 5667 2632 5721 diebus.
2686 5668 2815 5725 Vide
2839 5711 2853 5734 ,
2878 5671 3120 5738 obsecro,
3158 5684 3402 5743 quantam
3431 5677 3750 5733 consolatio»
