4070 6382
256 388 361 443 2G3

328 508 399 565 γ’,
441 498 542 553 Διά
577 497 735 553 τοῦτο
764 500 859 551 καὶ
900 500 928 551 6
977 496 1244 568 μακάριος
1291 494 1502 557 Παῦλος
1533 495 1758 563 σημεῖον
1799 491 1933 544 αὑτὸ

257 589 409 641 καλεῖ
426 585 624 655 λέγων’
646 585 754 639 Καὶ
770 584 1025 654 σημεῖον
1045 583 1230 635 ἔδωκε
1250 580 1593 648 περιτομῆς,
1612 578 1933 648 σφραγῖδα.

263 673 383 728 '01:
417 674 529 745 γάρ
563 674 698 741 πρὸς
744 673 843 742 τὴν
891 669 1237 739 δικαιοσύνην
1282 669 1435 722 οὐδὲν
1485 668 1622 737 αὑτὴ
1672 667 1938 731 συντελεῖ,

264 761 368 815 ίδοῦ
401 762 497 815 καὶ
526 756 678 824 οὗτος
700 763 728 814 6
749 760 956 822 δίκαιος
989 758 1214 828 μηδέπω
1240 759 1340 828 τῆς
1380 757 1685 830 περιτομῆς
1712 758 1939 826 νομοθε-

260 848 520 917 τηθείσης
556 848 691 921 πρὸς
723 845 990 915 τοσαύτην
1019 844 1251 914 ἔφθασεν
1288 845 1512 916 ἀρετήν.
1544 845 1651 897 Kal
1680 844 1731 897 τί
1759 844 1939 912 λέγως

262 934 433 998 Αὑτδς
474 936 503 986 6
554 934 899 1005 πατριάρχης
941 932 1213 1003 Ἀϐραάμ,
1256 934 1386 1003 πρὶν
1435 934 1465 1001 ἢ
1504 932 1605 1000 τὴν
1636 931 1941 1003 περιτομὴν

263 1024 537 1089 δέξασθαι,
570 1023 676 1076 άπὸ
711 1023 811 1092 τῆς
846 1020 1081 1085 πίστεως
1118 1021 1285 1090 μόνης
1331 1018 1646 1089 ἐδικαιώθη.
1689 1019 1803 1089 Πρὸ
1833 1019 1943 1089 γάρ

261 1113 361 1180 τῆς
396 1110 715 1182 περιτομῆς,
756 1110 911 1179 φησὶ,
938 1111 1033 1162 καὶ
1073 1110 1430 1163 Ἐπίστευσε
1468 1107 1537 1160 δὲ
1580 1108 1837 1175 Ἀϐραὰμ
1868 1106 1948 1171 τῷ

264 1198 409 1263 Θεῷ,
444 1198 542 1252 καί
578 1197 865 1265 ἐλογίσθη
902 1194 1062 1260 αὑτῷ
1098 1199 1188 1260 είς
1215 1195 1630 1263 δικαιοσύνην.
1667 1194 1733 1246 Τί
1763 1194 1944 1247 τοίνυν

267 1287 407 1356 μέγα
437 1289 674 1355 φρονεῖς,
708 1279 752 1338 ὦ
803 1284 1046 1342 Ἰουδαῖε.
1093 1285 1185 1337 ἐπὶ
1219 1287 1283 1356 τῇ
1322 1287 1627 1355 περιτομῆς
1664 1281 1942 1344 Μάνθανε,

263 1377 346 1428 ὃτι
391 1375 496 1447 πρὸ
554 1375 756 1441 ταύτης
804 1372 989 1427 πολλοὶ
1046 1372 1241 1426 δίκαιοι
1288 1373 1562 1439 γεγόνασι.
1614 1371 1725 1424 Καὶ
1754 1370 1864 1439 γὰρ
1918 1374 1947 1424 6

269 1462 437 1515 Ἀϐελ
466 1465 530 1515 ἐκ
560 1463 790 1524 πίστεως
815 1448 914 1531 τῆν
947 1460 1311 1534 προσαγωγὴν
1346 1461 1663 1529 ἐποιήσατο,
1689 1458 1940 1526 καθάπερ

264 1551 361 1602 καὶ
408 1549 620 1613 Παῦλός
667 1566 867 1618 φησιν·
928 1551 1133 1602 Πίστει
1189 1548 1443 1601 πλείονα
1503 1546 1726 1601 θυσίαν
1777 1546 1945 1597 Ἅϐελ

263 1638 425 1703 παρὰ
448 1637 598 1689 Κάτν
630 1636 1008 1705 προσήνεγκε
1033 1634 1113 1700 τῷ
1140 1634 1263 1698 Θεῷ
1287 1650 1299 1664 ·
1334 1634 1426 1686 καὶ
1461 1631 1634 1701 Ἑνὼχ
1658 1630 1944 1701 μετετέθη,

263 1724 362 1776 καὶ
386 1726 416 1776 6
442 1723 566 1777 Νῶε
612 1724 753 1776 κατὰ
780 1722 879 1793 τὴν
916 1722 1117 1790 πολλὴν
1168 1721 1516 1789 δικαιοσύνην
1547 1720 1611 1773 16
1657 1719 1948 1773 κλυδώνιον

263 1814 447 1865 ἐκεῖνο
478 1811 538 1865 τὸ
576 1811 811 1880 χαλεπὸν
847 1808 998 1880 [259]
1036 1809 1288 1877 διέφυγεν
1339 1810 1431 1862 καὶ
1474 1811 1503 1861 6
1542 1806 1796 1876 ’Δϐραάμ
1839 1806 1948 1876 πρὸ

261 1897 471 1967 ταύτης
509 1896 617 1950 ἀπὸ
648 1896 748 1966 τῆς
772 1898 851 1959 είς
874 1897 967 1948 τὸν
1001 1896 1131 1948 Θεὸν
1164 1894 1399 1957 πίστεως
1432 1892 1805 1963 ἀνεκηρύχθη.
1846 1892 1950 1943 Οὑ-

262 2001 373 2047 τως
402 1984 609 2037 ἄνωθεν
640 1984 736 2036 καὶ
776 1982 836 2047 ἐξ
870 1982 1048 2053 ἀρχῆς
1083 1982 1191 2035 ἀπὸ
1233 1982 1467 2045 πίστεως
1504 1981 1566 2033 τὸ
1599 1979 1951 2051 τῶνάνθρώ-

266 2086 386 2122 πων
423 2068 578 2137 γένος
630 2069 729 2139 τῆς
782 2068 1059 2139 σωτηρίας
1092 2070 1345 2137 ἐπέτυχε.
1391 2070 1490 2122 Διά
1534 2084 1618 2120 τοι
1647 2067 1808 2119 τοῦτο
1856 2066 1955 2119 καὶ¹

262 2157 366 2219 τάς
393 2156 584 2219 θυσίας
622 2154 1004 2225 συνεχώρησεν
1032 2157 1061 2206 ό
1094 2156 1473 2225 φιλάνθρωπος
1498 2154 1776 2223 Δεσπότης
1800 2153 1951 2223 αὑτῷ

263 2244 660 2316 προσάγεσθαι,
694 2244 779 2296 ἶνα
818 2242 1006 2313 ἐπειδὴ
1037 2243 1112 2295 ἐτι
1144 2243 1499 2314 ἀτελέστερον
1527 2242 1757 2295 διέκειτο
1787 2243 1819 2310 ἡ
1851 2241 1951 2311 φύ-

266 2350 352 2396 σις
382 2335 417 2403 η
451 2332 718 2403 ἡμετέρα,
747 2331 884 2400 ὁμοῦ
914 2333 1006 2385 καὶ
1038 2332 1136 2402 τὴν
1169 2331 1374 2384 οἰκείαν
1406 2330 1828 2401 εὐγνωμοσύνην
1853 2330 1952 2401 ἔχῃ

264 2418 695 2481 ἐπιδείκνυσθαι,
721 2420 816 2471 καὶ
844 2418 942 2489 τῆς
974 2418 1109 2490 πρὸς
1132 2417 1199 2471 τά
1230 2417 1424 2471 εἴδωλα
1452 2417 1750 2489 θεραπείας
1773 2417 1948 2489 πάντη

261 2505 505 2578 διαφύγῃ
557 2504 654 2575 τὴν
693 2505 890 2576 λύμην.
932 2505 999 2558 EI
1037 2505 1166 2575 γάρ,
1209 2505 1302 2558 καὶ
1340 2505 1610 2575 τοσαύτης
1650 2504 1954 2575 γενομένης

267 2593 752 2661 συγκαταϐάσεως,
789 2588 940 2661 ὅμως
988 2592 1037 2643 οἱ
1077 2591 1262 2644 πολλοὶ
1306 2591 1365 2645 οὐ
1415 2592 1671 2660 διέφυγον
1720 2592 1811 2645 τὸν
1844 2592 1953 2645 6).:-

266 2680 412 2744 σθον,
440 2682 489 2733 εί
533 2680 609 2751 μὴ
651 2678 809 2733 τοῦτο
852 2679 1065 2749 γέγονε,
1100 2681 1217 2743 πῶς
1264 2680 1328 2733 άν
1363 2698 1449 2744 τις
1478 2682 1575 2751 τὴν
1624 2681 1835 2734 ἐκεῖθεν
1868 2681 1950 2734 δι-

263 2770 432 2839 έφυγε
468 2768 703 2840 βλάϐην;
744 2768 855 2823 Καὶ
879 2767 1205 2837 ώσφριίνθη
1238 2768 1458 2838 Κύριος
1496 2772 1529 2822 d
1564 2770 1707 2835 Θεὸς
1750 2768 1953 2839 ὀσμὴν

261 2856 536 2923 εὐωδίας.
580 2856 719 2911 Ἀλλ’
757 2856 856 2910 οὑκ
882 2856 976 2909 ἐπὶ
1020 2856 1129 2910 τῶν
1169 2856 1502 2927 ἀγνωμόνων
1555 2856 1823 2909 Ἰουδαίων
1861 2857 1953 2909 οῦ-

260 2964 370 3010 τως
393 2962 409 2977 °
440 2946 575 3000 άλλά
602 2947 684 3010 τίς
717 2948 915 2999 ’Δκουε
936 2946 1030 2999 τοῦ
1058 2947 1339 3017 προφήτου
1371 2947 1642 3015 λέγοντος,
1679 2948 1954 3015 Θυμίαμα

260 3036 352 3100 εἰς
398 3032 721 3103 βδέλυτμά
770 3051 871 3103 μοι
930 3033 1084 3099 ἐστὶ,
1130 3035 1412 3104 μονονουχὶ
1461 3031 1799 3095 δεικνύοντος
1854 3037 1953 3102 τῆς

261 3121 638 3193 προαιρέσεως
684 3120 792 3174 τῶν
831 3120 1219 3191 προσαγόντων
1251 3123 1351 3190 τὴν
1406 3118 1730 3190 μοχθηρίαν.
1766 3119 1951 3172 Καθάι

261 3222 373 3279 περ
406 3208 517 3278 γάρ
558 3205 793 3260 ἐνταῦθα
822 3210 856 3277 ή
902 3207 998 3260 τοῦ
1026 3207 1237 3260 δικαίου
1286 3207 1459 3278 ἀρετὴ
1487 3206 1579 3259 16v
1621 3206 1827 3259 καπνὸν
1858 3208 1951 3260 καὶ

259 3296 363 3367 τὴν
400 3295 626 3348 κνίσσαν
663 3294 839 3364 ὀσμὴν
877 3291 1102 3357 εὐωδίας
1140 3293 1457 3363 εἰργάσατο,
1484 3292 1658 3356 οὕτως
1696 3293 1781 3345 ἐπ’
1806 3294 1949 3345 ἐκεί-

260 3402 368 3439 νων
398 3385 433 3453 η
460 3383 568 3438 τῶν
600 3382 987 3453 προσαγόντων
1022 3381 1257 3453 πονηρία
1286 3382 1348 3434 16
1380 3381 1634 3451 θυμίαμα
1660 3382 1721 3433 τὸ
1752 3382 1949 3444 εὑῶδες

261 3471 344 3533 είς
383 3468 664 3541 βδέλυγμα
715 3467 1085 3539 όσφρανθῆναι
1136 3480 1163 3509 ι
1210 3467 1615 3540 παρεσκεύασε.
1666 3467 1947 3538 Πανταχοῦ

260 3557 445 3612 τοίνυν
491 3556 903 3627 σπουδάξωμεν,
942 3554 1269 3625 παρακαλῶ,
1299 3555 1527 3627 γνώμην
1572 3555 1701 3626 ὑγιῆ
1747 3556 1950 3609 ἐπιδεί-

264 3644 518 3700 κνυσθαι.
559 3643 709 3714 Αὕτη
747 3644 858 3716 γάρ
886 3643 1038 3697 αίτία
1067 3644 1276 3712 γίνεται
1311 3643 1530 3697 πάντων
1561 3642 1671 3696 τῶν
1707 3642 1948 3711 ἀγαθῶν.

274 3731 335 3784 '0
362 3731 473 3802 γάρ
505 3730 711 3800 ἀγαθὸς
739 3731 1019 3802 Δεσπότης
1052 3732 1112 3783 οὑ
1146 3732 1263 3795 τοῖς
1293 3732 1423 3801 παρ’
1450 3730 1609 3800 ἡμῶν
1646 3730 1955 3800 γινομένοις

266 3820 556 3889 προσέχειν
580 3819 770 3873 εἴωθεν
794 3818 871 3883 ῶς
891 3822 959 3890 τῇ
991 3818 1203 3873 ἔνδοθεν
1223 3819 1454 3890 διανοίᾳ,
1476 3819 1571 3885 ἀφ’
1596 3813 1663 3889 ἦς
1692 3818 1953 3889 ὁρμώμε-

264 3924 347 3959 νοι
389 3906 567 3960 ταῦτα
593 3906 1063 3977 διαπραττόμεθα,
1108 3906 1203 3960 καὶ
1237 3905 1377 3977 πρὸς
1424 3906 1642 3975 ἐκείνην
1675 3905 1886 3976 βλέπων
1918 3908 1951 3977 ἢ

267 3993 555 4067 προσίεται
589 3994 659 4049 τά
689 3996 779 4064 ὑφ’
808 3993 969 4067 ἡμῶν
1006 3995 1292 4066 γινόμενα,
1320 3996 1353 4066 ἢ
1380 3996 1812 4067 ἀποστρέφεται.
1833 3997 1950 4049 Κᾶν

264 4098 323 4137 τε
353 4080 449 4137 οὖν
494 4082 804 4154 εὐχώμεθα,
839 4086 942 4139 κάν
981 4103 1039 4139 τε
1071 4084 1444 4156 νηστεύωμεν,
1492 4085 1593 4139 κάν
1621 4102 1681 4138 τε
1726 4086 1954 4157 ἐλεημο-

267 4168 438 4242 σύνην
474 4171 835 4241 ἐργαζώμεθα
861 4168 1043 4240 (αὗται
1080 4172 1191 4243 γάρ
1220 4174 1376 4243 ἡμῶν
1406 4174 1542 4227 εἰσιν
1572 4174 1628 4226 αἱ
1656 4190 1955 4243 πνευματι-

266 4260 363 4312 καὶ
399 4258 625 4326 θυσίαι),
653 4259 756 4312 κάν
786 4274 847 4311 τε
886 4257 1073 4329 ἕτερόν
1100 4277 1151 4312 τι
1182 4260 1550 4331 πνευματικὸν
1583 4259 1743 4330 ἔργον
1772 4263 1956 4312 ἐπιτε-

266 4345 471 4416 λῶμεν,
501 4346 611 4399 ἀπὸ
654 4346 882 4417 γνώμης
921 4345 1106 4415 ὑγιοῦς
1140 4346 1450 4417 ὁρμώμενοι
1488 4348 1646 4400 τοῦτο
1689 4348 1953 4416 διαπρατ-

266 4434 511 4503 τώμεθα,
549 4433 635 4485 ἵνα
666 4434 760 4486 xal
796 4434 905 4486 τῶν
944 4434 1205 4503 καμάτων
1234 4434 1382 4499 ἄξιον
1413 4436 1504 4487 16v
1551 4435 1816 4503 στέφανον
1864 4452 1956 4487 κο-

270 4519 581 4590 μισώμεθα.
612 4520 721 4573 Kal
765 4519 873 4590 γάρ
923 4519 985 4574 ἂν
1036 4522 1120 4592 εῐη
1154 4522 1262 4574 τῶν
1312 4523 1677 4575 ἀτοπωτάτων
1729 4523 1818 4575 τὸν
1857 4523 1954 4592 μὲν

268 4608 433 4661 πόνον
463 4607 611 4677 ἡμᾶς
650 4607 961 4676 ὑπομένειν,
1005 4608 1106 4678 τῆς
1138 4609 1194 4662 δὲ
1238 4608 1475 4680 ἀμοιϐῆς
1510 4609 1952 4680 ἀποστερεῖσθαι,

268 4695 400 4748 ὅταν
428 4692 504 4765 μὴ
538 4694 680 4747 κατά
715 4694 839 4757 τοὺς
872 4696 961 4748 ὑπ’
996 4696 1161 4749 αὑτοῦ
1190 4696 1442 4761 δοθέντας
1474 4698 1671 4768 νόμους
1699 4699 1797 4767 τὴν
1828 4699 1957 4768 ἁρε-

268 4780 371 4850 τὴν
408 4781 703 4852 μετίωμεν.
740 4780 899 4833 Ἐστι
922 4782 1051 4853 γάρ,
1084 4783 1198 4835 ἐστι
1229 4783 1317 4836 διὰ
1340 4784 1439 4854 τὴν
1471 4783 1680 4853 ἄφατον
1702 4784 1797 4837 τοῦ
1820 4784 1955 4837 Θεοῦ

272 4867 686 4938 φιλανθρωπίαν
725 4869 820 4921 καὶ
846 4868 909 4922 16
946 4868 1105 4937 ἔργον
1139 4868 1212 4938 μὴ
1247 4869 1685 4932 ἐπιτελέσαντας,
1721 4870 1831 4921 ἀπὸ
1860 4870 1957 4937 τῆς

272 4954 501 5025 γνώμης
534 4956 693 5025 μόνον
730 4956 820 5009 τὸν
872 4957 1133 5023 στέφανον
1168 4955 1534 5026 κομίσασθαι·
1585 4958 1679 5010 καὶ
1728 4956 1814 5009 ἵνα
1851 4959 1955 5025 μά-

270 5043 393 5113 θῃς,
433 5044 626 5096 σκόπει
661 5060 749 5113 μοι
794 5043 954 5097 τοῦτο
991 5044 1084 5096 ἐπὶ
1124 5043 1224 5113 τῆς
1261 5043 1659 5115 ἐλεημοσύνης·
1694 5043 1822 5096 ὅταν
1849 5044 1956 5112 γὰρ

272 5130 393 5201 ἴδῃς
415 5130 505 5183 τδν
533 5130 625 5183 ἐπὶ
657 5131 757 5199 τῆς
790 5129 997 5199 ἀγορᾶς
1042 5129 1375 5200 ἐρριμμένον
1420 5131 1511 5182 καὶ
1550 5131 1755 5203 ἐσχάτῃ
1799 5129 1961 5200 πενίᾳ

274 5212 658 5282 κατεχόμενον,
692 5212 786 5265 καὶ
829 5212 1121 5282 ωναλγῇς,
1167 5212 1349 5273 τείνας
1381 5228 1442 5265 τε
1472 5212 1569 5283 τὴν
1610 5214 1848 5268 διάνοιαν
1880 5217 1960 5277 είς

272 5300 367 5353 τὴν
406 5299 635 5369 οὐρανὸν
688 5299 1089 5369 εὑχαριστήσῃς
1133 5297 1209 5367 τῷ
1244 5300 1488 5367 Δεσπότῃ
1532 5300 1625 5350 καὶ
1676 5301 1814 5370 ὑπὲρ
1849 5299 1958 5353 τῶν

274 5386 421 5439 κατά
456 5385 670 5449 σαυτὸν,
702 5386 797 5438 καὶ
821 5384 959 5457 ὑπὲρ
1000 5384 1100 5454 τῆς
1130 5385 1408 5455 ὑπομονῆς
1433 5384 1524 5437 τοῦ
1571 5385 1820 5456 πένητος,
1857 5384 1959 5438 κάν

277 5475 358 5544 μὴ
383 5471 566 5525 δύναιο
590 5472 894 5543 ἐπαρκέσαι
925 5474 1019 5524 καὶ
1041 5472 1200 5525 λῦσαι
1230 5472 1321 5524 τὸν
1361 5472 1539 5542 λιμὸν,
1568 5474 1676 5524 ἀπὸ
1704 5473 1801 5542 τῆς
1828 5472 1961 5540 γνώ-

280 5575 392 5629 μης
442 5558 853 5629 άπηρτισμένον
893 5556 1086 5619 ἔλαϐες
1133 5558 1225 5609 τὸν
1271 5558 1483 5627 μισθόν.
1518 5559 1615 5611 Διά
1670 5558 1773 5627 γὰρ
1807 5557 1962 5613 τοῦτο

277 5645 377 5699 καὶ
413 5645 442 5697 ὁ
470 5646 745 5707 Δεσπότης
774 5644 958 5713 ἔλεγεν
983 5660 995 5672 ·
1033 5646 1133 5708 Ὃς
1159 5645 1266 5697 ἐὰν
1290 5646 1509 5711 ποτίσῃ
1538 5646 1823 5713 ποτήριον
1849 5649 1964 5713 ψυ-

278 5729 432 5801 κροῦ
460 5731 653 5799 μόνον
691 5734 779 5796 είς
818 5732 1007 5799 ὄνομα
1054 5732 1345 5800 μαθητοῦ,
1389 5733 1551 5801 ἀμὴν
1582 5732 1737 5800 λέγω
1796 5734 1959 5800 ὑμῖν,

274 5820 351 5874 οὐ
379 5817 466 5886 μὴ
492 5817 769 5886 ἀπολέσῃ
810 5820 913 5874 τὸν
937 5822 1159 5890 μισθὸν
1187 5820 1389 5875 αὐτοῦ.
1423 5822 1510 5891 Μή

344 5942 369 5971 ⁸
396 5941 496 5993 Δίὶί
522 5942 734 6003 ὀφθῆναι.

1551 5838 1595 5871 τι
1624 5820 1832 5892 ψυχροῦ
1864 5840 1952 5876 περ*

1399 379 1464 434 ΙΝ
1504 378 1659 433 CAP.
1706 376 1812 430 VIII
1841 374 2089 431 GENES.
2124 374 2358 433 IIOMIL.
2391 378 2599 436 XXVII.

2037 491 2227 579 θηρίου
2266 494 2690 568 εὐτελέστερονς
2738 499 2878 553 Ἀλλ’
2914 501 2947 572 η
2988 499 3183 573 γνώμη
3223 500 3316 555 τὸν
3369 503 3559 574 μισθὸν
3592 506 3745 579 αὑτῷ

2042 578 2397 664 προεξένησε.
2438 582 2512 635 Τὸ
2557 584 2689 637 αὑτὸ
2735 586 2831 638 καὶ
2863 587 2957 641 ἐπὶ⁵
2998 586 3094 642 τοῦ
3135 589 3379 642 ἐναντίου
3411 578 3740 664 εὑρήσομεν.

2053 663 2193 716 Ἀλλ’
2224 666 2526 735 ἀναγκαῖον
2573 668 2705 737 γοῦν
2750 671 2927 725 ταῦτα
2982 676 3154 727 κινεῖν
3186 675 3279 730 ἐπὶ
3328 676 3430 747 τῆς
3472 677 3743 748 ὑμετέρας

2040 750 2285 823 ἀγάπης,
2322 754 2411 809 ἵνα
2454 756 2663 810 τούτων
2697 757 2798 828 τὴν
2841 760 3132 831 ἀκρίϐειαν
3165 761 3367 827 ειδότες
3400 763 3603 835 πολλὴν
3645 768 3747 837 τῆς

2042 839 2465 913 εὐγνωμοσύνης
2517 844 2751 915 ποιῆσθε
2802 847 2901 919 την
2951 850 3277 919 ἀσφάλειαν.
3316 854 3516 907 ’Ἄκουε
3555 854 3666 927 γὰρ
3692 855 3745 909 τί

2043 944 2207 998 φησιν
2239 930 2267 981 ό
2296 930 2533 995 Χριστός
2556 948 2569 962 υ
2616 932 2670 984 '0
2702 933 3015 1003 ἐμϐλέψας
3049 937 3308 1007 γυναῖκα
3341 940 3493 1007 πρὸς
3526 940 3593 994 τὸ
3615 941 3746 994 ἐπι-

2043 1014 2311 1083 θυμῆσαι
2338 1017 2551 1084 αὐτῆς,
2583 1017 2702 1087 ήδη
2756 1020 3121 1090 ἐμοίχευσεν
3145 1024 3343 1092 αὐτὴν
3376 1026 3447 1080 ἐν
3488 1027 3563 1095 τῇ
3603 1044 3747 1096 καρ-

2043 1102 2144 1170 δίᾳ
2172 1105 2383 1159 αὐτοῦ.
2428 1106 2592 1176 Ὁρᾷς
2615 1108 2711 1161 καὶ
2744 1108 2979 1162 ἐνταῦθα
3011 1110 3174 1165 πάλιν
3204 1112 3314 1165 ἀπὸ
3336 1113 3436 1184 τῆς
3459 1115 3748 1187 μοχθηρᾶς

2043 1189 2272 1261 γνώμης
2299 1194 2393 1246 καὶ
2414 1193 2512 1264 τὴν
2537 1196 2864 1267 κατάκρισιν
2882 1198 3179 1269 ἑπομένην,
3204 1202 3301 1253 καὶ
3320 1200 3408 1254 διὰ
3430 1201 3533 1272 τὴν
3551 1203 3745 1274 ἀπερίι

2048 1294 2281 1331 σκεπτον
2296 1280 2441 1348 ὄψιν,
2467 1281 2619 1353 [2601
2640 1283 2717 1346 ὡς
2741 1286 2822 1347 εἰς
2844 1283 3004 1355 ἔργον
3018 1288 3117 1356 τῆς
3145 1287 3394 1358 μοιχείας
3419 1289 3748 1362 ἐξελθούσης

2046 1366 2216 1435 αὐτῷ,
2235 1366 2332 1436 τὴν
2360 1368 2584 1422 κόλασιν
2610 1373 3034 1444 ὲπηρτημένην;
3063 1374 3249 1427 Ταῦτα
3288 1376 3471 1429 τοίνυν
3498 1376 3746 1431 ἐννοοῦν-

2046 1470 2157 1516 τες,
2181 1456 2457 1525 πανταχοῦ
2474 1457 2579 1529 τὴν
2596 1457 2823 1529 γνώμην
2842 1460 3002 1530 ἡμῶν
3018 1461 3472 1532 ἀσφαλισώμεθα,
3494 1466 3581 1518 ἵνα
3604 1466 3745 1537 αῦτη

2047 1540 2117 1592 τά
2148 1542 2280 1611 παρ’
2310 1542 2468 1611 ἡμῶν
2507 1544 2770 1613 γινόμενα
2804 1547 3201 1619 παρασκευάσῃ
3252 1548 3627 1619 εὑπρόσδεκτα
3658 1552 3747 1617 γί-

2049 1626 2257 1680 νεσθαι.
2292 1629 2356 1681 EI
2383 1629 2493 1700 γὰρ
2522 1631 2614 1684 τὸν
2643 1632 2849 1685 καπνὸν
2878 1636 2973 1687 καὶ
3004 1634 3099 1705 τὴν
3143 1636 3373 1689 κνίσσαν
3400 1636 3580 1707 ὀσμὴν
3614 1637 3749 1690 εὐω-

2048 1713 2166 1778 δίας
2193 1716 2442 1785 ἐποίησε,
2468 1718 2520 1770 τί
2537 1718 2635 1771 οὑκ
2658 1719 2723 1771 ἂν
2742 1715 3045 1790 ἐργάσηται
3067 1721 3165 1785 1'1;
3189 1723 3565 1791 πνευματικὰς
3589 1723 3749 1795 ἡμῶν
3852 1734 3854 1737 ’

2050 1801 2256 1865 ταύτας
2285 1804 2562 1874 λατρείας,
2588 1806 2680 1858 καὶ
2704 1806 2879 1875 πόσης
2909 1809 3054 1877 ἡμᾶς
3081 1808 3142 1860 οὑ
3182 1809 3580 1881 παρασκευάσῃ
3612 1810 3747 1865 ἀπο-

2051 1888 2247 1943 λαῦσαι
2270 1891 2370 1961 τῆς
2406 1890 2613 1944 ἄνωθεν
2644 1892 2892 1959 εὑνοίας;
2923 1894 3033 1948 Καὶ
3060 1894 3411 1964 ώσφράνθη,
3450 1900 3604 1968 φησὶ,
3634 1899 3747 1952 Κύ-

2044 1993 2177 2042 ριος
2210 1978 2242 2031 ό
2271 1976 2417 2041 Θεὸς
2439 1977 2643 2047 ὀσμὴν
2663 1978 2936 2046 εὐωδίας.
2967 1979 3122 2045 Εἶδες
3139 1982 3207 2036 τά
3241 1983 3391 2052 παρά
3415 1984 3509 2036 τοῦ
3534 1985 3748 2039 δικαίου

2050 2066 2412 2135 γεγενημένα,
2440 2067 2575 2132 πῶς,
2604 2067 2729 2120 ὅσον
2748 2067 2847 2137 μὲν
2879 2068 3015 2139 πρὸς
3035 2069 3134 2141 τὴν
3154 2069 3275 2139 ὄψιν
3295 2072 3403 2125 τῶν
3419 2074 3746 2139 γεγονότων,

2053 2150 2243 2221 εὑτελῆ
2273 2153 2552 2222 τυγχάνει,
2599 2154 2707 2207 ἀπὸ
2736 2155 2793 2207 δὲ
2821 2154 2923 2225 τῆς
2956 2156 3145 2224 ὑγιοῦς
3162 2192 3167 2197 ι
3183 2157 3348 2211 αὑτοῦ
3388 2159 3616 2231 γνώμης
3651 2162 3747 2215 καὶ

2051 2237 2195 2289 πάνυ
2234 2237 2451 2306 μεγάλα
2483 2239 2797 2306 δείκνυται;
2828 2242 3029 2295 Σκόπει
3076 2261 3167 2313 μοι
3196 2243 3383 2298 λοιπὸν
3425 2244 3519 2299 τοῦ
3560 2247 3746 2313 φιλανο

2051 2322 2271 2393 θρώπου
2332 2327 2608 2381 Δεσπότου
2644 2326 2745 2399 τὴν
2795 2327 3022 2400 ἄπειρον
3067 2330 3404 2401 ἀγαθότητα.
3458 2332 3567 2386 Καὶ
3615 2330 3746 2387 εἷπε

2050 2410 2269 2477 Κύριος
2324 2414 2356 2464 ό
2392 2412 2539 2479 Θεὸς
2578 2413 2950 2481 διανοηθείς·
3000 2418 3083 2470 Οὐ
3136 2419 3468 2485 προσθήσω
3496 2421 3579 2473 ἔτι
3638 2421 3747 2475 τοῦ

2052 2497 2509 2564 καταράσασθαι
2548 2500 2665 2569 τὴν
2685 2500 2806 2571 γῆν
2836 2500 2937 2555 διὰ
2964 2504 3035 2557 τὰ
3072 2502 3218 2573 ἔργα
3246 2504 3363 2557 τῶν
3394 2506 3745 2575 ἀνθρώπων,

2050 2582 2140 2636 ὅτι
2175 2584 2436 2652 ἔγκειται
2464 2588 2500 2653 ἡ
2537 2586 2773 2641 διάνοια
2808 2589 2918 2642 τοῦ
2955 2589 3275 2657 ἀνθρώπου
3307 2592 3603 2661 ἐπιμελῶς
3646 2592 3749 2649 ἐπὶ

2050 2672 2124 2725 τὰ
2153 2674 2389 2741 πονηρὰ
2414 2675 2482 2727 ἐκ
2516 2676 2822 2743 νεότητος.
2868 2679 2953 2730 Οὐ
2986 2678 3317 2746 προσθήσω
3341 2675 3457 2735 οὖν
3485 2682 3749 2746 πατάξαι

2052 2757 2261 2812 πᾶσαν
2304 2761 2505 2829 σάρκα
2550 2761 2743 2822 ζῶσαν
2810 2765 3004 2831 καθὼς
3054 2765 3336 2834 ἐποίησα,
3395 2767 3484 2822 ἐτι
3539 2767 3749 2838 πάσας

2052 2843 2158 2910 τὰς
2183 2844 2410 2914 ἡμέρας
2439 2846 2549 2917 τῆς
2580 2847 2716 2917 τῆς-

2121 2934 2181 2985 δ’.
2218 2935 2393 2998 Πολὺς
2433 2936 2535 3006 τῆς
2566 2937 2893 3007 εὐεργεσίας
2920 2941 2948 2991 6
2980 2938 3170 3007 ὄγκος,
3200 2941 3295 2993 καὶ
3332 2941 3467 2995 πολὺ
3496 2942 3598 3013 τῆς
3625 2943 3751 3011 φιλ-

2051 3020 2370 3090 ανθρωπίας
2417 3021 2478 3073 16
2514 3020 2765 3091 μέγεθος,
2815 3024 2911 3077 καί¹
2945 3024 3151 3093 άφατος
3181 3027 3279 3095 τῆς
3308 3026 3667 3093 ἀνεξικακίας
3710 3032 3745 3101 ή

2051 3106 2347 3177 ὑπερϐολή.
2386 3107 2499 3159 Καὶ
2547 3104 2681 3161 εἶπε
2716 3110 2934 3177 Κύριος
2983 3114 3018 3165 ὁ
3062 3113 3210 3179 Θεὸς
3242 3112 3604 3183 διανοηθείς.
3649 3118 3746 3186 Τὸ,

2049 3194 2418 3261 Διιινοηθεὶς,
2458 3194 2623 3248 πάλιν
2655 3195 3037 3267 ἀνθρωπίνως,
3070 3199 3165 3252 καὶ
3192 3200 3269 3263 ὡς
3313 3202 3451 3273 πρὸς
3475 3204 3575 3275 τὴν
3604 3206 3747 3275 ἡμε-

2049 3281 2216 3352 τέραν
2242 3281 2425 3351 φύσιν.
2450 3285 2534 3337 Οὐ
2560 3285 2893 3352 προσθήσω
2912 3284 2999 3338 ἔτι
3021 3285 3127 3340 τοῦ
3152 3288 3609 3356 καταράσασθαι
3631 3292 3752 3363 τὴν

2049 3367 2169 3436 γῆν
2190 3368 2286 3421 διὰ
2311 3368 2381 3421 τὰ
2402 3368 2547 3438 ἔργα
2572 3368 2691 3423 τῶν
2713 3370 3062 3437 ἀνθρώπων.
3088 3374 3199 3426 Kal
3225 3375 3335 3447 γάρ
3358 3376 3452 3429 ἐπὶ
3472 3377 3567 3431 τοῦ
3594 3396 3751 3451 πρωο

2048 3455 2351 3508 τοπλάστου
2382 3458 2735 3527 κατηράσατο
2765 3460 2955 3523 εἰπὼν,
2998 3459 3284 3529 Ἀκάνθας
3309 3463 3408 3517 καί
3434 3467 3748 3535 τριϐόλους

2050 3543 2355 3597 ἀνατελεῦ
2392 3544 2487 3597 καὶ
2532 3546 2626 3597 ἐπὶ
2661 3544 2757 3597 τοῦ
2810 3547 2948 3599 Κάῖν
2992 3547 3154 3601 πάλιν
3200 3551 3422 3621 ὁμοίως.
3468 3554 3620 3607 Ἐπεὶ
3652 3550 3749 3609 οὖν

2051 3631 2147 3682 καὶ
2177 3630 2271 3684 νῦν
2300 3630 2401 3701 τὴν
2434 3631 2706 3703 τοσαύτην
2753 3631 3135 3705 πανωλεθρίαν
3168 3637 3475 3709 ἐπήγαγεν,
3521 3641 3606 3695 ἵνα
3635 3658 3745 3696 11a—

2054 3715 2444 3789 ραμυθήσηται
2488 3719 2582 3772 τὸν
2626 3718 2855 3785 δίκαιον,
2908 3720 3005 3774 καὶ
3044 3722 3267 3795 θαρρεῖν
3320 3733 3747 3805 παρασκευάσῃ,

2052 3807 2148 3860 καὶ
2185 3807 2260 3877 μὴ
2303 3806 2473 3881 μέλλῃ
2502 3807 2814 3877 λογίζεσθαι
2855 3809 2977 3864 καθ’
3004 3812 3217 3877 ἑαυτὸν,
3246 3812 3301 3867 τί
3328 3814 3391 3868 16
3428 3816 3620 3887 κέρδος
3644 3818 3749 3888 τῆς

2051 3896 2429 3967 γεγενημένης
2457 3897 2738 3965 εὑλογίας;
2774 3899 2867 3952 καὶ
2907 3898 3002 3951 τοῦ
3037 3902 3603 3967 είπεῖν,Αὐξάνεσθε
3642 3909 3744 3961 καί

2051 3985 2458 4052 πληθύνεσθε,
2490 3988 2539 4039 εί
2574 3986 2864 4058 μέλλοιμεν
2894 3988 3055 4043 πάλιν
3085 3991 3167 4052 είς
3192 3990 3397 4061 πλῆθος
3419 3993 3749 4061 ἐπιδιδόντες

2051 4071 2439 4143 ἀπόλλυσθαιςι
2474 4073 2588 4127 Kal
2626 4074 2737 4144 γὰρ
2767 4075 2861 4129 καὶ
2893 4075 2994 4147 ήδη
3049 4070 3204 4132 εἶπεν
3258 4078 3353 4131 ἐπὶ
3399 4078 3493 4133 τοῦ
3548 4082 3746 4154 Ἀδὰμ,

2043 4158 2394 4223 Αῠξάνεσθε
2450 4160 2550 4214 καί
2591 4162 3004 4228 πληθύνεσθε,
3053 4163 3148 4215 καὶ
3183 4165 3432 4235 ἐπήγαγε
3467 4169 3748 4223 κατακλυ-

2054 4245 2211 4315 σμόν.
2248 4247 2367 4299 ’Ὶνα
2400 4243 2494 4299 οὑν
2527 4246 2602 4317 μὴ
2648 4246 2824 4300 ταῦτα
2869 4247 3222 4319 λογιζόμενος
3262 4252 3357 4305 καὶ
3402 4256 3654 4325 στρέφων
3684 4257 3748 4313 ὲν

2050 4337 2116 4404 τῇ
2144 4333 2352 4404 διανοίᾳ
2379 4333 2641 4404 διηνεκῶς
2666 4334 2768 4402 τὴν
2792 4334 3033 4402 ἀγωνίαν
3054 4336 3174 4409 ἔχῃ,
3204 4338 3306 4407 δρα
3334 4339 3748 4411 φιλανθρωπίαν

2052 4422 2347 4475 Δεσπότου.
2398 4424 2481 4475 Οὐ
2516 4421 2864 4487 προσθήσω,
2912 4425 3097 4493 φησὶν,
3144 4421 3235 4478 ἐτι
3288 4428 3746 4495 καταράσασθαι

2052 4508 2169 4577 τὴν
2196 4508 2316 4578 γῆν
2348 4509 2445 4562 διὰ
2466 4510 2539 4562 τὰ
2569 4510 2713 4578 ἔργα
2754 4510 2875 4562 τῶν
2913 4510 3265 4579 ἀνθρώπων.
3297 4513 3440 4583 Ὅρα
3490 4517 3610 4579 πῶς
3648 4520 3749 4571 ἐπ-

2054 4596 2389 4665 εσημήνατο,
2426 4595 2508 4647 ὅτι
2544 4592 2630 4646 διά
2664 4593 2763 4664 τὴν
2794 4594 2999 4647 τούτων
3025 4595 3332 4668 μοχθηρίαν
3356 4600 3456 4667 τὴν
3496 4601 3748 4674 κατάραν

2054 4683 2304 4751 ἐπήγαγε
2330 4683 2395 4752 τῇ
2429 4682 2521 4751 γῇ.
2556 4676 2690 4733 Εἶτα
2718 4678 2809 4733 ἴνα
2847 4681 2923 4751 μὴ
2957 4681 3291 4753 νομίσωμεν,
3326 4684 3406 4737 δτι
3435 4687 3624 4759 ἐπειδὴ
3651 4690 3745 4743 ἐπὶ

2053 4768 2114 4820 τὸ
2145 4767 2355 4838 βέλτιον
2387 4766 2767 4837 μετεϐάλοντο,
2798 4767 2885 4820 διὰ
2920 4768 3078 4821 τοῦτο
3113 4769 3276 4834 αὐτὸς
3306 4771 3510 4842 ταύτην
3553 4776 3745 4847 ἐποιή-

2056 4872 2188 4909 σατο
2223 4855 2321 4925 τὴν
2353 4855 2669 4924 ὑπόσχεσιν,
2720 4854 2915 4924 φησίν·
2952 4854 3073 4907 Ὅτι
3118 4854 3378 4923 ἔγκειται
3420 4858 3460 4923 ἡ
3510 4860 3745 4916 διάνοια

2055 4940 2161 4993 τοῦ
2185 4940 2503 5008 ἀνθρώπου
2526 4938 2824 5008 ἐπιμελῶς
2848 4940 2946 4993 ἐπὶ
2975 4939 3047 4993 τὰ
3068 4942 3308 5009 πονηρὰ
3343 4944 3412 4997 ἐκ
3434 4947 3743 5015 νεότητος.

2053 5027 2217 5081 Ξένον
2250 5027 2666 5099 φιλανθρωπίας
2694 5022 2854 5089 εἶδος.
2903 5025 3146 5095 Ἐπειδὴ
3174 5028 3452 5095 ἔγκειται,
3490 5033 3677 5101 φησὶν,
3701 5034 3742 5101 ἡ

2053 5114 2289 5167 διάνοια
2318 5115 2423 5169 τοῦ
2454 5114 2770 5182 ἀνθρώπου
2818 5112 3115 5183 ἐπιμελῶς
3150 5114 3251 5169 ἐπὶ
3304 5117 3379 5170 τὰ
3408 5118 3644 5187 πονηρὰ
3673 5120 3744 5175 ἐκ

2056 5204 2365 5267 νεότητος,
2393 5200 2483 5255 διά
2511 5201 2689 5265 τοῦτο,
2721 5200 2936 5255 Οὐκέτι
2965 5201 3297 5269 προσθήσω
3334 5203 3443 5257 τοῦ
3490 5206 3739 5275 καταρά-

2055 5296 2277 5343 σασθαι
2308 5291 2425 5358 τὴν
2458 5289 2595 5359 γῆν.
2644 5288 2787 5355 Ἐγὼ
2829 5288 2927 5358 μὲν
2960 5288 3089 5359 γάρ,
3134 5292 3290 5360 φησὶ,
3321 5290 3390 5345 τά
3419 5293 3550 5363 παρ’
3570 5295 3745 5364 ἐμαυ-

2055 5377 2149 5430 τοῦ
2180 5377 2275 5429 xal
2302 5377 2449 5443 ἅπαξ
2483 5376 2578 5428 καὶ
2608 5375 2865 5445 δεύτερον
2909 5375 3273 5448 ἐπεδειξάμην
3292 5394 3307 5409 ο
3342 5378 3528 5449 ἐπειδὴ
3553 5380 3610 5433 δέ
3631 5376 3744 5449 όρῶ

2056 5465 2155 5534 τὴν
2196 5463 2392 5516 κακίαν
2443 5460 2841 5531 αὐξανομένην,
2877 5462 3285 5531 ἐπαγγέλλομαι
3336 5464 3533 5533 μηκέτι
3574 5480 3744 5517 κατα-

2059 5550 2329 5621 ράσασθαι
2356 5548 2455 5619 τὴν
2493 5548 2618 5618 γῆν.
2671 5544 2802 5601 Εἶτα
2851 5548 3067 5610 δεικνὺς
3095 5548 3261 5601 αὑτοῦ
3294 5550 3392 5618 τῆς
3430 5548 3743 5622 φιλανθρω-

2056 5634 2188 5701 πίας
2230 5640 2292 5690 16
2326 5638 2577 5706 μέγεθος,
2636 5637 2917 5705 ἐπήγαγεν
2944 5653 2957 5666 ο
2998 5638 3082 5689 Οὐ
3113 5634 3445 5704 προσθήσω
3487 5632 3604 5692 οὖν
3655 5639 3745 5692 ἔτι

2058 5726 2315 5789 πατάξαι
2341 5722 2546 5778 πᾶσαν
2564 5724 2762 5791 σάρκα
2785 5721 3000 5787 ζῶσαν,
3021 5722 3215 5789 καθὼς
3233 5723 3513 5791 ἐποίησα,
3538 5724 3742 5791 πάσης

2067 5816 2170 5879 τὰς
2195 5814 2438 5882 ἡμέρας.
2469 5814 2612 5882 Ὅρα
2645 5829 2734 5881 μοι
2773 5813 2890 5873 πῶς
2918 5812 3007 5863 διά
3037 5810 3255 5865 πάντων
3290 5812 3555 5881 μεγίστην
3588 5813 3742 5882 χαρί-

2068 5900 2211 5963 ζεξαι
2244 5900 2317 5968 τῷ
2355 5900 2545 5960 ὃςκαὶῳ
2590 5898 2681 5968 τὴν
2719 5898 3097 5969 παραμυθίαν·
3133 5897 3331 5969 μᾶλλον
3359 5898 3412 5950 δὲ
3455 5898 3513 5951 οὐ
3547 5897 3627 5967 τῷ
3659 5901 3742 5953 δι-
