4070 6428
322 559 449 601 tmn
473 545 636 600 aliert
659 544 807 616 justo
830 560 847 600 :
872 543 987 600 imo
1004 556 1113 597 non
1137 540 1284 613 justo
1310 549 1517 598 tantum
1538 581 1554 607 ,
1582 540 1677 595 scd
1717 552 1772 595 ct
1803 555 1926 609 pro-

324 647 628 706 pter-suam
655 636 946 690 bonitatem
971 633 1137 689 etiam
1163 633 1418 688 universo
1442 631 1718 685 hominum
1740 630 1926 700 generi

320 736 449 797 wit
468 726 623 781 illum
652 726 849 781 futuro.
873 724 1004 779 Nam
1021 724 1162 794 quod
1184 724 1333 788 dicit,
1366 721 1488 775 Non
1509 721 1753 792 adjiciam
1772 721 1929 789 igitur

320 824 377 870 ut
398 812 689 886 percutiam
711 830 909 867 omnem
942 830 1147 869 carnem
1186 817 1425 868 viventem
1446 853 1461 877 ,
1492 822 1547 866 ct
1574 810 1716 881 quod
1749 811 1918 874 addit,

318 909 468 963 Sicut
496 908 620 980 feci.
656 906 780 961 item
811 905 963 973 illud,
1001 905 1248 961 Omnibus
1271 904 1468 970 diebus,
1500 903 1740 958 declarat
1767 902 1924 955 nobis

317 1012 424 1053 non
453 988 593 1053 ultra
620 997 727 1053 tale
744 996 1002 1052 diluvium
1029 1004 1312 1051 venturum
1335 1009 1479 1060 esse,
1514 1008 1691 1063 neque
1718 1001 1919 1046 tantum

316 1088 611 1159 perniciem
630 1103 882 1159 diuquam
897 1096 1068 1142 totum
1084 1086 1268 1140 orbem
1289 1086 1591 1139 invasuram
1606 1097 1728 1137 esse
1769 1082 1920 1137 licin-

313 1177 556 1234 deetiam
574 1176 771 1233 indicat
787 1176 1149 1232 beneﬁcentia:
1161 1189 1272 1230 sua:
1289 1175 1694 1247 perpetuitatem
1714 1191 1727 1228 :
1747 1172 1918 1228 Omni-

312 1269 423 1334 bus,
440 1271 634 1342 inquit,
651 1270 847 1336 diebus,
878 1269 981 1324 hoc
997 1278 1080 1324 est
1098 1287 1111 1322 :
1137 1269 1190 1323 In
1212 1284 1372 1323 omne
1388 1268 1642 1323 smcnlum
1659 1269 1917 1338 promitto

310 1376 401 1417 me
426 1377 537 1417 non
568 1361 909 1416 inducturum
940 1361 1243 1430 huiusmodi
1275 1360 1715 1430 indignationem,
1735 1375 1914 1430 neque

308 1452 573 1507 iacturum
619 1461 819 1506 tantum
867 1452 1237 1507 confusionem
1285 1466 1385 1507 nec
1431 1451 1485 1505 in
1534 1460 1912 1520 tempestatum

307 1542 541 1607 ratione,
575 1557 676 1597 nec
701 1543 755 1597 in
795 1542 1185 1597 elementorum
1230 1543 1359 1596 situ.
1400 1541 1526 1597 Ideo
1563 1542 1777 1597 subdit:
1807 1543 1911 1597 Se-

304 1632 489 1686 ntentis
532 1643 581 1688 et
626 1634 825 1701 messis,
856 1634 1021 1705 frigus
1067 1644 1116 1688 et
1159 1645 1331 1700 aestus,
1360 1642 1512 1689 testas
1549 1643 1597 1687 et
1626 1648 1710 1687 ver
1737 1634 1820 1687 die
1848 1650 1909 1687 ac

301 1734 450 1777 nocte
475 1739 580 1778 non
606 1724 938 1794 requiescenl.
972 1722 1289 1791 lmmobilis,
1318 1724 1509 1794 inquit,
1539 1728 1643 1780 erit
1670 1723 1785 1779 ha~c
1811 1741 1905 1778 or-

298 1816 511 1872 dinatio
559 1834 572 1872 :
620 1825 762 1872 terra
807 1832 1101 1888 numquam
1141 1817 1355 1872 desinet
1392 1817 1740 1888 suppeditare
1782 1832 1906 1886 quae

298 1905 580 1961 hominum
606 1908 791 1978 generi
821 1908 1147 1972 necessaria,
1172 1922 1351 1976 neque
1384 1907 1617 1967 cessabit
1656 1908 1905 1977 proferre

297 1996 545 2053 laborum
586 2007 642 2054 et
683 2000 1026 2069 agricultura:
1057 2000 1297 2069 pnnmia,
1328 2014 1502 2064 neque
1543 2000 1672 2052 anni
1720 2009 1905 2069 partes

292 2087 418 2143 aliis
463 2090 909 2144 conversionibus
955 2090 1352 2144 mutabuntur:
1395 2089 1491 2144 sed
1535 2097 1590 2144 et
1642 2089 1807 2159 frigus
1848 2098 1902 2144 et

291 2179 465 2243 clior,
497 2190 555 2234 et
595 2190 756 2235 uastas
795 2189 853 2235 et
899 2195 996 2235 ver
1048 2180 1099 2233 in
1147 2195 1471 2249 unoquoque
1521 2182 1647 2234 anni
1696 2180 1900 2236 circulo

291 2278 473 2325 erunt.
501 2269 636 2325 Nam
681 2273 805 2342 quia
852 2288 949 2342 per
995 2272 1189 2327 diluvii
1236 2282 1445 2341 tempus
1500 2271 1598 2326 fuit
1652 2271 1898 2328 conlusio

289 2363 540 2432 quaedam
583 2364 748 2419 totius
792 2365 947 2420 istius
978 2366 1205 2431 ordinis,
1233 2374 1289 2419 et
1322 2364 1503 2433 justus
1542 2364 1632 2419 ille
1670 2365 1724 2419 in
1770 2377 1894 2419 arca

287 2469 337 2507 et
351 2462 408 2509 at
429 2462 545 2509 toto
572 2454 668 2509 illo
690 2464 933 2524 tempore
952 2456 1103 2526 quasi
1131 2458 1382 2510 continua
1411 2464 1587 2521 nocte,
1609 2455 1733 2510 ideo
1753 2471 1894 2510 nunc

288 2545 463 2615 inquit
492 2564 506 2600 :
537 2545 722 2616 Neque
752 2562 881 2614 nox,
900 2563 1078 2618 neque
1106 2548 1224 2604 dies
1253 2563 1411 2602 suum
1440 2550 1746 2618 relinquent
1770 2563 1893 2603 cur-

284 2650 431 2702 sum,
451 2635 549 2691 sed
580 2652 749 2707 usque
767 2636 833 2691 ad
861 2640 1042 2693 saeculi
1065 2640 1583 2693 consummationem
1610 2639 1890 2694 immotum

283 2724 506 2781 illorum
538 2727 875 2795 permanebit
900 2728 1280 2783 ministerium.
1304 2728 1493 2784 Vidisti
1515 2728 1732 2799 dignam
1762 2744 1892 2784 con-

281 2816 632 2885 solationem,
663 2833 782 2889 quae
824 2819 997 2889 potuit
1016 2819 1146 2890 justi
1172 2821 1411 2875 animum
1433 2820 1681 2890 erigere?
1710 2820 1889 2875 vidiin

278 2908 497 2977 qualem
537 2910 951 2967 retributionem
995 2913 1263 2982 acceperit
1296 2912 1427 2981 justi
1468 2912 1745 2980 probitas?
1782 2912 1888 2967 Sed

276 3009 335 3054 et
362 3014 428 3054 ex
460 3002 813 3070 sequentibus
838 3002 1031 3057 iterum
1071 3002 1195 3057 audi
1240 3001 1562 3058 ineffabilem
1593 3002 1888 3057 liberalita-

278 3101 409 3145 tem.
434 3092 487 3147 1.
510 3091 659 3163 (Cap.
677 3091 732 3163 9)
754 3092 821 3147 Et
845 3092 1118 3155 benedixit,
1137 3093 1327 3164 inquit,
1348 3092 1485 3147 Deus
1512 3092 1647 3155 Noe.
1679 3103 1726 3146 et
1750 3094 1887 3161 filios

274 3182 437 3237 illius.
484 3182 552 3236 Et
590 3183 719 3238 dixit
758 3185 828 3238 eis
864 3201 883 3237 :
922 3184 976 3238 2.
1007 3183 1226 3239 Crescite
1270 3194 1317 3239 et
1361 3184 1809 3255 multiplicamini,
1838 3195 1886 3238 et

274 3271 482 3342 implete
512 3283 717 3335 terram.
756 3284 803 3328 et
837 3275 1171 3328 dominamini
1204 3276 1270 3329 ei.
1311 3273 1382 3327 Et
1417 3284 1607 3329 tremor
1639 3275 1888 3344 timorque

282 3363 436 3415 vestri
461 3362 555 3415 erit
573 3379 728 3429 super
753 3379 925 3415 omnes
954 3363 1136 3417 bestias
1159 3373 1326 3428 terra,
1349 3373 1396 3419 et
1419 3381 1573 3434 super
1599 3381 1773 3418 omnes
1797 3381 1885 3419 vo-

281 3450 452 3503 lucres
477 3452 609 3515 (teli,
630 3463 675 3503 et
704 3468 856 3521 super
877 3454 1053 3506 onmia
1068 3469 1185 3523 qua:
1210 3463 1473 3507 moventur
1494 3470 1649 3523 super
1671 3463 1881 3521 terram,

274 3552 323 3595 et
358 3559 514 3610 super
558 3559 733 3597 omnes
758 3545 922 3611 pisces
965 3546 1121 3597 maris
1152 3560 1170 3599 .'
1194 3545 1250 3597 in
1277 3561 1458 3598 tuanus
1493 3556 1680 3599 vestras
1710 3546 1883 3598 omnia

273 3632 414 3687 dedi.
444 3634 498 3688 5.
530 3632 599 3686 Et
625 3651 773 3687 omne
806 3636 1005 3703 reptile,
1034 3635 1171 3703 quod
1199 3645 1272 3689 est
1313 3637 1500 3701 vivens,
1529 3636 1668 3691 vobis
1706 3637 1799 3691 erit
1829 3638 1883 3692 in

273 3725 464 3781 cibum.
499 3725 663 3793 Quasi
681 3728 822 3781 olera
863 3728 1133 3781 herbarum
1159 3729 1277 3782 dedi
1297 3729 1434 3783 vobis
1460 3729 1650 3782 omnia.
1682 3729 1737 3782 4.
1782 3728 1881 3783 Ve-

274 3827 561 3871 rumtamen
606 3833 811 3871 carnem
862 3819 914 3871 in
960 3820 1205 3889 sanguine
1246 3820 1432 3873 anima!
1480 3836 1543 3873 ne
1584 3820 1877 3874 comedetis.

275 3908 503 3979 Dignum
533 3918 619 3963 est
668 3918 725 3964 nt
768 3908 857 3964 hic
904 3910 1234 3965 admiremur
1260 3910 1614 3966 excellentem
1670 3912 1879 3967 Domini

274 3998 594 4054 bonitatem.
626 3997 763 4055 Vide
782 4001 925 4055 enim
950 4002 1038 4055 hic
1057 4000 1328 4071 quomodo
1349 4001 1527 4070 justus
1569 4002 1657 4056 ille
1686 4004 1877 4056 iterum

272 4091 520 4143 eatndem
540 4090 968 4146 benedictionem
984 4093 1350 4162 consequitur,
1366 4108 1523 4161 quam
1542 4093 1668 4147 olim
1685 4093 1877 4158 Adam,

272 4192 328 4235 ct
369 4190 613 4250 ereptum
652 4193 934 4252 recuperat
978 4185 1331 4254 principatum
1378 4186 1579 4239 virtute
1621 4200 1738 4248 sua.
1772 4185 1880 4238 inm

273 4272 533 4327 inell'abili
555 4273 765 4328 Domini
787 4275 1093 4329 cletnentia.
1117 4274 1249 4328 Nam
1270 4276 1412 4329 sicut
1434 4276 1501 4329 de
1526 4275 1618 4329 illo
1644 4276 1876 4344 dicebat,

274 4362 496 4417 Crescite
520 4373 568 4417 et
603 4365 1033 4433 multiplicamini,
1071 4376 1117 4420 et
1147 4366 1482 4421 dominamini
1508 4379 1676 4433 tet-rw,
1708 4378 1755 4422 et
1780 4370 1879 4421 im-

271 4467 447 4525 perute
472 4458 696 4525 piscibus
726 4460 900 4523 maris,
925 4469 970 4511 et
1007 4460 1288 4529 reptilibus,
1323 4469 1367 4513 et
1390 4461 1699 4523 volatilibus.
1723 4471 1771 4514 et
1797 4465 1877 4531 fc-

271 4548 343 4602 ris
374 4546 535 4615 (Gen.
566 4549 617 4601 i.
646 4548 738 4616 28)
772 4566 784 4601 :
829 4550 907 4603 sic
934 4565 1073 4604 nunc
1104 4551 1310 4619 inquit:
1349 4550 1411 4603 Et
1440 4561 1627 4604 tremor
1653 4562 1699 4604 et
1726 4552 1880 4604 timor

268 4639 423 4692 vestri
448 4638 542 4690 erit
567 4655 720 4707 super
745 4656 917 4694 omnes
937 4641 1119 4693 bestias
1142 4651 1309 4702 terrm,
1338 4651 1388 4695 et
1414 4657 1569 4709 super
1592 4656 1766 4694 omnes
1795 4659 1878 4694 vo-

269 4729 453 4782 lucris.
487 4729 556 4781 Et
582 4746 729 4783 omne
752 4731 934 4799 reptile
960 4734 1099 4801 quod
1124 4741 1193 4785 est
1229 4733 1416 4797 vivens,
1441 4733 1576 4785 vobis
1600 4734 1693 4785 erit
1729 4732 1781 4784 in
1802 4734 1877 4784 ci-

271 4826 407 4875 bum.
460 4822 622 4888 Quasi
660 4824 800 4878 olera
831 4825 1101 4877 herbarum
1125 4826 1242 4878 dedi
1271 4825 1406 4878 vobis
1432 4826 1618 4877 omnia.
1665 4824 1878 4879 l'ernm-

269 4925 439 4967 tamen
465 4930 670 4968 carnem
689 4916 742 4967 in
762 4916 1009 4985 sanguine
1031 4919 1219 4969 ammte
1241 4931 1303 4968 ne
1326 4918 1623 4969 comedatis.
1647 4918 1880 4973 Attende

269 5008 515 5061 εειιιιιίειη
550 5006 809 5076 regulam,
842 5008 1000 5063 aliter
1028 5007 1346 5061 servandam
1390 5018 1566 5061 tamen
1608 5022 1727 5062 eant
1755 5024 1876 5078 qua}

273 5101 448 5169 primo
473 5100 677 5155 homini
712 5100 835 5154 data
861 5099 977 5155 fuit.
994 5101 1144 5155 Sicut
1167 5100 1311 5155 enim
1343 5112 1489 5164 tunc,
1520 5111 1798 5171 postquam
1827 5102 1876 5157 ei

273 5193 528 5246 traditum
558 5201 642 5246 est
670 5191 966 5247 dominium
999 5192 1053 5247 in
1084 5193 1286 5256 omnia,
1317 5201 1375 5246 ut
1414 5192 1514 5246 frui
1548 5204 1728 5262 posset
1758 5210 1874 5248 om-

271 5283 428 5337 nibus
470 5299 593 5351 qua:
628 5287 785 5345 erant
830 5284 883 5338 in
933 5285 1199 5353 paradiso,
1246 5285 1517 5338 abstinere
1562 5296 1766 5340 tantum
1812 5288 1881 5341 ab

272 5378 433 5431 unico
454 5378 599 5447 ligno
618 5378 798 5447 jussus
823 5388 940 5432 est:
965 5379 1036 5431 ita
1066 5386 1123 5431 et
1154 5379 1237 5431 hic
1270 5387 1389 5446 post
1420 5378 1875 5445 benedictionem,

270 5479 325 5523 ct
356 5479 639 5538 postquam
669 5470 923 5525 terribilis
956 5470 1128 5523 factus
1157 5480 1239 5524 est
1271 5470 1479 5537 bestiis,
1508 5480 1561 5523 et
1590 5470 1691 5523 sub
1718 5486 1878 5525 manu

269 5563 389 5629 eius
431 5562 617 5631 positu:
664 5570 788 5617 sunt
816 5576 943 5617 aves
968 5572 1021 5616 et
1047 5562 1303 5627 volatilia,
1340 5562 1510 5632 inquit
1540 5580 1553 5615 :
1590 5562 1753 5615 Omne
1794 5580 1877 5617 re-

270 5657 393 5724 ptile
423 5656 590 5708 vivens
616 5655 753 5709 vobis
779 5656 872 5709 erit
894 5655 946 5708 in
973 5657 1135 5708 cibum
1157 5666 1246 5709 :ut
1274 5656 1413 5709 olera
1441 5656 1711 5709 herbarum
1738 5656 1877 5711 vobis

268 5746 387 5800 dedi
418 5747 611 5800 omnia.
654 5746 789 5801 llinc
816 5747 1023 5801 initium
1052 5747 1270 5801 ductum
1296 5756 1377 5801 est
1402 5747 1730 5802 edendorum
1762 5758 1880 5802 car-

269 5841 419 5899 uium
454 5857 465 5894 :
498 5854 604 5894 non
638 5848 693 5893 ut
722 5838 866 5909 ipsos
892 5840 958 5894 ad
989 5840 1187 5894 ventris
1220 5839 1512 5910 ingluviem
1538 5852 1689 5912 paret
1717 5850 1770 5895 et
1800 5842 1878 5895 in-

1354 425 1420 481 IN
1460 423 1613 481 CAP.
1654 423 1743 479 ιι.
1784 422 2027 480 GENES.
2071 425 2302 483 HOMIL.
2347 426 2563 485 XXVII.

2038 548 2231 606 struat,
2260 541 2355 597 scd
2379 543 2503 613 quia
2531 559 2597 598 es
2639 543 2771 614 ipsis
2798 541 3046 598 homines
3079 552 3235 599 erant
3259 544 3639 612 sacriﬁcaturi,

2034 639 2085 687 et
2118 630 2230 685 Deo
2258 634 2459 699 gratias
2483 634 2675 699 acturi,
2709 643 2765 687 ut
2796 648 2863 687 ne
2905 634 3215 689 viderentur
3238 635 3389 705 quasi
3436 651 3465 689 a
3506 653 3639 689 ron-

2032 722 2258 776 secretis
2282 723 2555 778 abstinere
2585 740 2601 776 :
2646 723 2848 777 idcirco
2873 723 3067 778 edendi
3107 724 3408 779 facultatem
3440 742 3634 784 cunam

2031 810 2112 863 dit
2142 822 2205 864 et
2243 811 2467 865 mnium
2495 811 2588 866 dat
2616 811 2798 867 utendi
2842 812 3131 867 licentiam.
3164 814 3326 879 Quasi
3353 816 3494 868 otrra
3526 818 3642 870 Iter-

2030 900 2211 954 barum
2258 900 2399 955 vobis
2443 902 2561 955 dedi
2614 902 2787 955 omnia
2843 900 2998 974 (Gen.
3051 902 3105 955 2.
3160 903 3270 974 l7).
3318 904 3451 958 Dein
3499 906 3639 960 sicut

2029 993 2201 1045 Adam
2231 992 2442 1047 cmteris
2470 993 2656 1047 fruens
2681 992 2860 1063 lignis,
2889 993 3074 1063 jus-ns
3102 1004 3184 1047 est
3222 995 3290 1048 ab
3337 1010 3443 1048 uno
3472 998 3637 1049 absti-

2026 1096 2206 1136 nere:
2239 1081 2309 1136 ita
2358 1080 2446 1136 hic
2486 1082 2686 1138 dictum
2730 1093 2833 1148 est,
2865 1098 2988 1137 cum
3041 1084 3114 1138 illi
3144 1085 3322 1139 omnia
3367 1086 3433 1140 ad
3480 1102 3634 1141 esum

2025 1170 2194 1227 libere
2214 1173 2478 1227 sumenda
2509 1174 2769 1243 perspisso
2798 1184 3018 1229 essent:
3045 1175 3098 1228 4.
3144 1174 3495 1232 Verumtamen
3520 1195 3639 1231 car-

2022 1278 2136 1315 nem
2165 1264 2219 1316 in
2246 1266 2496 1335 sanguine
2515 1266 2703 1319 anima:
2726 1283 2789 1319 ne
2808 1267 3105 1320 comedutis.
3146 1267 3287 1332 Quid
3313 1278 3399 1323 est
3424 1285 3555 1326 caro
3576 1271 3630 1326 in

2019 1354 2280 1423 sanguine
2322 1354 2556 1410 animm?
2605 1355 2718 1411 Hoc
2753 1367 2863 1423 est,
2894 1358 3235 1413 διιιΐοιειιιιιιιι.
3288 1359 3434 1414 Bruti
3479 1362 3626 1417 cnim

2017 1447 2196 1501 anima
2225 1447 2445 1517 sanguis
2465 1456 2568 1502 est.
2876 1454 2881 1459 '

2091 1538 2145 1591 5.
2185 1536 2319 1602 Quia
2348 1537 2508 1607 igitur
2527 1537 2787 1593 sacriﬁcia
2832 1539 3119 1608 perl'vcturi
3147 1549 3303 1595 erant
3330 1556 3396 1595 ex
3434 1541 3625 1602 brutis.

2017 1624 2121 1681 hoc
2150 1624 2263 1681 fere
2289 1626 2453 1681 modo
2485 1628 2641 1681 docet
2670 1627 2810 1693 illos,
2840 1628 3061 1683 dicens:
3091 1631 3226 1695 Quia
3254 1631 3475 1699 sanguis
3495 1632 3624 1686 mihi

2012 1727 2324 1788 segregatus
2361 1728 2467 1785 est,
2497 1719 2651 1774 vobis
2673 1733 2823 1773 caro.
2865 1719 2979 1774 lloc
3007 1729 3189 1775 autem
3232 1720 3357 1776 ideo
3386 1721 3533 1788 facit,
3564 1732 3624 1777 ut

2014 1809 2202 1878 primis
2230 1807 2338 1864 illis
2380 1809 2712 1878 temporibus
2752 1809 3073 1879 comprimat
3103 1810 3319 1865 illorum
3364 1812 3625 1881 impetmn

2010 1908 2062 1954 et
2094 1899 2509 1969 propensionem
2536 1901 2603 1954 ad
2648 1900 2961 1956 homicidia.
3011 1901 3076 1955 Et
3110 1901 3253 1972 quod
3299 1901 3404 1956 hoc
3428 1904 3500 1957 sit
3524 1919 3621 1959 ve-

2011 2006 2153 2057 rum,
2188 2007 2382 2062 nempe
2420 1992 2565 2063 quod
2596 1994 2720 2049 hinc
2750 2006 2847 2051 eos
2885 1995 3056 2064 nugis
3096 1994 3215 2064 pios
3256 1994 3483 2051 reddcre
3523 2011 3623 2051 ro—

2009 2083 2188 2149 luerit,
2214 2083 2339 2138 audi
2371 2099 2494 2154 qua:
2528 2094 2854 2154 scqnmnur.
2894 2084 2950 2140 5.
3002 2083 3205 2139 Etenim
3253 2098 3471 2140 vestrum
3499 2104 3626 2142 san-

2004 2176 2226 2245 guinem,
2278 2174 2481 2245 inquit,
2527 2176 2816 2229 cannarum
2854 2175 3158 2239 vesirarum,
3189 2179 3457 2247 exquiram
3500 2197 3616 2233 eum

2004 2267 2068 2319 de
2093 2281 2248 2318 manu
2289 2266 2517 2319 omnium
2544 2265 2835 2319 bestiarum.
2872 2263 2943 2320 Et
2968 2268 3033 2320 de
3059 2284 3216 2321 manu
3260 2270 3483 2325 hominis
3511 2272 3620 2341 [rae

2003 2356 2097 2409 tris
2136 2356 2398 2425 etquirtnn
2435 2356 2663 2409 animam
2692 2356 2932 2412 nominis.
2980 2356 3120 2425 Quid
3160 2359 3329 2428 ergo?
3370 2360 3621 2417 animant:

2005 2446 2241 2501 hoininis
2280 2448 2501 2517 sanguis
2532 2450 2653 2501 est?
2692 2447 2812 2501 Non
2853 2448 2958 2501 hoc
2986 2449 3141 2515 dicit,
3167 2450 3343 2504 absit:
3375 2451 3471 2505 sed
3506 2432 3616 2505 Ibu-

2002 2550 2161 2589 mana
2198 2537 2588 2590 consuetudine
2620 2552 2750 2592 usus
2770 2548 2877 2604 est,
2906 2553 2972 2592 ac
2996 2538 3042 2592 si
3069 2540 3190 2609 quis
3229 2540 3375 2595 dicat
3416 2542 3613 2598 alicui:

1998 2627 2324 2696 Sanguinem
2371 2635 2523 2682 tuum
2570 2637 2724 2697 porto
2768 2627 2821 2682 in
2866 2630 3115 2685 manibus
3162 2631 3343 2685 meis:
3376 2634 3609 2696 hoeest,

2001 2730 2322 2790 potestatem
2352 2719 2528 2777 habeo
2573 2721 2929 2777 interﬁciendi
2963 2732 3036 2777 te.
3080 2721 3213 2777 Nam
3242 2725 3386 2794 quod
3429 2727 3612 2781 anitna

1998 2813 2235 2868 hominis
2278 2828 2383 2869 non
2426 2814 2498 2868 sit
2539 2816 2777 2884 sanguis,
2818 2816 2945 2869 andi
2987 2815 3261 2872 Christum
3303 2817 3610 2875 dicentem:

1999 2905 2052 2959 Ν
2056 2923 2083 2959 e
2108 2905 2378 2958 timueritis
2401 2905 2464 2958 ab
2490 2905 2561 2958 eis
2584 2906 2672 2974 qui
2698 2907 2938 2959 occidunt
2964 2924 3172 2975 corpus,
3187 2910 3412 2961 animum
3440 2920 3612 2964 autem

1994 2998 2227 3051 occidere
2264 2988 2367 3052 non
2400 3008 2613 3068 possunt
2651 2997 2872 3067 (Matth.
2906 2999 2994 3053 ω.
3028 2998 3142 3071 28).
3175 3000 3243 3054 Et
3273 3000 3396 3057 vide
3433 3017 3606 3073 quan-

1995 3097 2103 3143 tam
2150 3088 2555 3144 distinctiouem
2603 3087 2815 3144 fecerit.
2866 3091 2923 3144 ϐ.
2972 3089 3075 3157 Qui
3120 3089 3379 3158 eludi-rit.
3411 3093 3607 3164 inquit,

1992 3179 2293 3250 sariguincm
2321 3178 2560 3242 hominis,
2596 3196 2691 3249 pro
2731 3182 2981 3251 sanguine
3020 3182 3135 3250 eius
3182 3186 3393 3255 sanguis
3444 3186 3609 3255 ipsius

1992 3268 2283 3336 (fundatur
2306 3284 2328 3325 .°
2352 3271 2473 3340 quia
2498 3271 2550 3324 in
2583 3272 2803 3342 imagine
2826 3271 2922 3327 Dei
2951 3275 3051 3345 feci
3079 3276 3357 3329 hominem.
3390 3276 3607 3346 Cogita,

1991 3360 2241 3427 obsecro,
2272 3370 2536 3431 quantum
2567 3374 2828 3417 terrorem
2860 3363 2962 3418 hoc
2990 3363 3155 3417 verbo
3188 3365 3440 3425 incussit.
3468 3366 3534 3421 Et
3558 3385 3605 3419 si

1991 3454 2134 3523 quod
2155 3454 2399 3525 ejusdem
2418 3465 2627 3509 natura:
2648 3456 2738 3521 sit,
2760 3457 2952 3526 inquit,
2978 3475 3083 3511 non
3113 3468 3165 3512 te
3191 3470 3402 3525 avocat,
3426 3476 3603 3531 neque

1991 3559 2020 3598 a
2047 3554 2155 3599 tam
2182 3559 2441 3614 perverso
2456 3553 2649 3599 conatu
2678 3546 2889 3615 repellit
2914 3556 3120 3603 natura:
3135 3552 3483 3604 cotntnnnio:
3508 3551 3603 3606 sed

1989 3635 2034 3690 si
2064 3636 2537 3692 commiseratione
2577 3636 2812 3692 fraterna
2839 3637 3063 3707 depulsa
3091 3648 3236 3695 touts
3256 3640 3309 3695 in
3336 3639 3441 3697 hoc
3468 3640 3600 3696 laci-

1990 3742 2092 3783 nns
2123 3728 2451 3799 prorumpis,
2466 3729 2639 3800 cogita
2658 3744 2785 3784 eum
2804 3730 2871 3785 ad
2894 3730 3179 3801 imaginem
3197 3731 3293 3787 Dei
3311 3731 3603 3786 formnnnn

1988 3833 2130 3884 esse.
2159 3828 2215 3873 et
2243 3819 2456 3889 quantis
2491 3836 2615 3875 eum
2649 3819 2792 3876 Deus
2815 3821 3064 3891 dignatus
3104 3821 3178 3877 sit
3207 3837 3303 3891 pru
3322 3825 3603 3893 rcgativis,

1987 3921 2042 3965 ct
2067 3911 2212 3980 quod
2257 3912 2405 3966 omni
2449 3922 2696 3967 creatura
2748 3915 3035 3981 prxfectus
3076 3916 3169 3980 sit,
3202 3929 3265 3969 ac
3306 3917 3525 3984 quiesce
3572 3933 3603 3972 a

1989 4002 2129 4056 mala
2160 4002 2455 4056 voluntate.
2501 4003 2638 4070 Quid
2668 4018 2797 4074 ergo
2826 4004 2870 4058 si
2930 4004 3247 4060 innumeras
3272 4006 3390 4074 quis
3421 4018 3599 4077 palm-

1991 4094 2124 4148 verit
2151 4095 2351 4159 caades,
2384 4104 2439 4148 et
2482 4104 2691 4149 tantum
2722 4096 3001 4166 sanguinis
3031 4095 3302 4163 effuderit,
3332 4099 3607 4167 quomodo

1988 4185 2202 4253 dignam
2228 4184 2378 4239 dabit
2405 4200 2618 4254 poenam
2654 4185 2827 4240 eﬂ’uso
2855 4187 2974 4241 solo
3000 4202 3099 4241 suo
3142 4188 3444 4257 sanguine?
3486 4189 3606 4245 Non

1989 4275 2089 4331 hoc
2133 4276 2449 4341 considera,
2500 4276 2694 4342 homo,
2745 4270 2862 4332 sed:
2890 4278 3126 4349 intellige
3168 4294 3291 4333 eum
3343 4282 3445 4333 tale
3494 4296 3605 4334 non

1989 4367 2159 4421 multo
2198 4378 2320 4437 post
2354 4379 2699 4437 accepturum
2738 4383 2941 4437 corpus
2990 4368 3426 4440 incorruptibile.
3460 4374 3603 4439 quod

1988 4461 2183 4531 poterit
2202 4463 2510 4515 continuam
2535 4472 2587 4515 et
2607 4471 2863 4515 aeternum
2889 4476 3101 4531 pmnam
3128 4462 3293 4517 ferre.
3317 4462 3446 4516 Illud
3473 4464 3600 4517 item

1988 4552 2283 4622 perpende,
2331 4569 2491 4623 quam
2534 4552 2820 4621 diligenter
2867 4565 3195 4624 praeceptum
3227 4557 3317 4609 sit.
3367 4556 3499 4609 Nam
3532 4557 3605 4612 de

1988 4645 2229 4709 homine,
2259 4646 2467 4714 inquit,
2512 4642 2592 4699 Ne
2633 4644 2879 4699 ellundas
2921 4646 3279 4715 sanguinem:
3322 4646 3391 4700 de
3434 4648 3604 4702 brutis

1986 4750 2167 4793 autem
2207 4753 2315 4793 non
2346 4737 2503 4803 dixit,
2536 4737 2614 4793 Ne
2645 4736 2913 4803 ell‘undas,
2943 4738 3061 4800 sed,
3105 4736 3459 4792 Verumtamen
3485 4757 3602 4793 car-

1987 4848 2104 4885 nem
2131 4831 2185 4884 in
2212 4831 2460 4901 sanguine
2488 4830 2677 4882 anima:
2723 4845 2786 4881 ne
2832 4828 3129 4885 comedatis.
3179 4828 3293 4883 Illic
3338 4830 3491 4895 dicit,
3522 4829 3601 4889 Ne

1986 4922 2269 4985 ell'undns;
2307 4923 2413 4988 hic,
2450 4921 2529 4976 Ne
2561 4920 2837 4975 comedas.

2058 5015 2163 5069 Cur
2194 5033 2310 5069 esus
2335 5015 2601 5085 sanguinis
2628 5014 2830 5066 vetitus.
2854 5010 3104 5066 —Vides
3131 5027 3293 5081 quam
3326 5011 3457 5066 nihil
3480 5028 3597 5066 [ηοε-

1984 5104 2179 5161 lt-stum
2214 5106 2449 5161 habeant
2476 5104 2595 5172 eius
2627 5104 2817 5176 leges?
2857 5102 3130 5174 quomodo
3175 5103 3307 5158 levia
3338 5112 3393 5157 et
3424 5104 3600 5157 hicilia

1986 5192 2275 5252 mandata?
2316 5196 2591 5267 quomodo
2632 5196 2761 5249 nihil
2791 5209 2954 5267 grave
2984 5209 3157 5265 neque
3198 5210 3486 5250 onerosum
3517 5211 3597 5249 re~

1985 5289 2149 5360 qnirit
2171 5305 2200 5342 a
2223 5299 2407 5343 nostra
2440 5288 2669 5342 natura?
2702 5286 2891 5341 Dicunt
2920 5286 3063 5340 enim
3092 5286 3274 5354 aliqui,
3312 5286 3593 5341 brutorum

1985 5384 2326 5453 sanguinem,
2358 5396 2598 5451 gravem,
2648 5388 2980 5441 terrestrem,
3024 5390 3075 5431 et
3108 5380 3400 5432 multarum
3433 5381 3593 5449 aegri-

1988 5473 2231 5526 tudinum
2283 5486 2500 5526 causam
2552 5488 2564 5523 :
2619 5479 2674 5524 at
2716 5485 2815 5524 nos
2853 5486 2957 5523 non
3014 5480 3233 5539 propter
3289 5470 3602 5539 pra-dictum

1986 5577 2294 5618 sermonem
2340 5562 2510 5632 magis
2553 5561 2619 5615 ad
2666 5561 3064 5631 philosophiam
3103 5563 3593 5625 accounnodatnm,

1986 5655 2080 5711 sed
2114 5664 2332 5725 propter
2354 5654 2563 5709 Domini
2588 5652 2896 5706 mandatum
2926 5650 2977 5704 id
3000 5652 3290 5706 observare
3309 5652 3593 5707 debemus.

1989 5745 2193 5802 Deinde
2225 5756 2281 5801 ut
2306 5746 2579 5801 discamus
2603 5760 2773 5814 quare
2796 5754 2919 5797 tam-
2936 5742 3221 5812 diligenter
3263 5742 3367 5797 hoc
3397 5759 3603 5812 praece-

1992 5848 2139 5911 ptum
2179 5838 2385 5904 statuit,
2419 5852 2612 5907 nempe
2657 5846 2715 5891 ut
2740 5834 3019 5891 cohiberet
3064 5833 3343 5890 hominum
3374 5835 3591 5906 sangui-
