4070 6388
476 382 602 444 .N'I
1239 381 1294 438 S.
1335 380 1611 437 JOANNIS
1647 376 2123 436 CIIRYSOSTOMI
2162 376 2479 436 ARCHIEP.
2518 376 3056 437 CONSTANTINOP.
3657 375 3779 434 ιιι

498 496 703 551 narium
730 495 988 562 animum,
1009 495 1174 550 dicit:
1202 495 1254 548 7.
1297 492 1395 565 Vos
1420 502 1584 547 autem
1623 494 1844 556 παρίω,
1873 504 1918 548 et
1944 494 2075 548 mat-
2181 492 2386 562 gnitas!
2412 491 2544 548 Nam
2562 493 2649 548 ubi
2674 494 2865 549 viderit
2888 494 3173 550 voluntatis
3197 502 3396 549 nostra:
3413 494 3621 550 ﬁrmum
3645 510 3765 567 pro-

497 585 819 653 tiplieamiui,
849 595 896 639 et
939 586 1141 656 implete
1183 592 1386 646 terram,
1420 593 1469 636 et
1499 582 1829 636 dominamini
1860 584 1905 636 ci
1927 597 1945 636 :
1974 596 2079 636 non
2186 583 2415 651 positum
2445 624 2462 650 ,
2510 594 2561 637 et
2590 584 2812 639 ferventi
2834 598 2934 638 nos
2955 585 3225 640 desiderio
3252 583 3316 640 ad
3358 600 3417 641 se
3467 585 3726 641 accedere
3750 623 3772 649 .

498 652 721 739 temere,
749 686 803 731 et
844 652 1045 746 absque
1071 652 1229 730 causa
1266 672 1420 739 dixit,
1456 671 1553 726 Vos
1580 664 1780 737 autem,
1810 672 1902 726 sed
1932 671 2081 742 quasi
2187 687 2297 726 non
2334 672 2541 737 tardat,
2585 689 2757 743 neque
2795 676 2974 730 dili‘ert
3002 694 3012 728 :
3038 676 3131 731 sed
3174 676 3437 731 accelerat
3468 718 3483 744 ,
3511 690 3775 746 suamque

498 763 722 831 diceret,
744 764 850 819 Vos
869 766 958 835 qui
982 765 1154 833 pauci,
1178 771 1233 817 et
1256 776 1422 832 parvo
1451 777 1674 815 numero
1697 763 1848 825 estis,
1866 777 2078 816 omnem
2184 766 2393 817 solitam
2425 764 2794 819 liberalitatem
2823 766 3104 833 exhibens,
3134 767 3298 822 dicit:
3332 767 3510 822 Adhuc
3538 769 3776 837 loquente

502 861 702 909 terram
754 856 991 924 implete,
1020 864 1073 908 ct
1111 853 1457 908 dominamini
1484 853 1532 906 ei
1564 871 1578 905 :
1628 854 1730 907 hoc
1772 862 1874 919 est,
1907 852 2081 908 donti-
2186 861 2232 906 te
2252 853 2418 953 dicam
2450 869 2469 907 :
2492 853 2997 953 Εεσεηοάεωηυδιιί.
3021 856 3108 910 58.
3142 856 3221 953 9i.
3283 948 3296 953 _
3400 947 3412 953 Α
3562 948 3567 953 ι

501 943 645 997 nium
675 943 884 1008 habete,
914 954 968 999 et
1013 952 1350 1012 potestatem,
1375 951 1431 997 et
1458 941 1709 997 fructum.
1738 942 1891 1003 Vide.
1922 944 2080 999 obse-
2257 939 2441 1013 Itaque
2465 945 2808 999 cxauditurus
2830 955 2912 1000 est
2935 954 2988 1000 et
3008 961 3126 1013 nos,
3150 947 3194 1001 si
3213 947 3537 1005 voluerimus
3559 948 3613 1003 in
3642 962 3775 1017 pan-

500 1048 616 1097 cro,
642 1034 734 1089 Dei
775 1035 1171 1104 benignitatem,
1204 1034 1471 1103 quomodo
1498 1035 1646 1103 prius
1685 1049 1873 1105 magna
1918 1034 2081 1090 bene-
2183 1033 2263 1088 cis
2283 1034 2474 1090 diebus
2504 1036 2619 1091 iSIis
2662 1037 2822 1091 studii
2849 1038 3121 1106 specimen
3148 1037 3413 1107 quoddam
3443 1038 3671 1104 aﬂerre,
3720 1049 3778 1093 et

507 1124 625 1178 ticia
650 1124 833 1193 donat,
857 1136 911 1181 et
936 1136 1063 1181 tunc
1087 1127 1299 1181 unicum
1327 1134 1384 1181 et
1409 1125 1524 1181 leve
1549 1127 1855 1181 mandatum
1881 1126 1991 1182 dat.
2018 1126 2085 1181 Et

499 1214 637 1269 sicut
660 1215 889 1285 Adamo,
916 1224 1192 1287 postquam
1219 1217 1489 1272 concessit
1517 1227 1575 1271 ut
1598 1217 1865 1272 habitaret
1894 1219 1947 1272 in
1989 1233 2084 1287 pa-

506 1303 721 1373 radiso,
754 1315 807 1361 ct
850 1316 927 1363 tot
954 1323 1017 1362 ac
1060 1308 1222 1362 tantis
1247 1307 1532 1375 frueretur,
1556 1309 1769 1363 tandem
1814 1310 2081 1379 praecepit,

505 1407 561 1448 ut
599 1398 666 1450 ab
705 1397 863 1452 unico
907 1398 1050 1468 ligno
1096 1400 1429 1456 abstineret:
1461 1400 1535 1455 ita
1573 1408 1628 1456 et
1679 1400 1763 1455 hic
1807 1410 2082 1470 pestquam

503 1487 745 1555 promisit
773 1502 881 1543 non
906 1490 1041 1545 ultra
1064 1490 1222 1547 talem
1250 1505 1309 1545 se
1332 1491 1598 1545 illaturum
1620 1491 1922 1561 generalem
1951 1499 2085 1545 stra-

502 1594 649 1648 gem,
683 1595 855 1651 neque
884 1582 954 1637 ita
998 1597 1058 1637 se
1086 1583 1495 1653 indignatumm,
1526 1583 1620 1640 sed
1650 1599 1819 1654 usque
1854 1586 1922 1639 ad
1950 1600 2076 1640 con-

499 1668 912 1723 summationem
969 1671 1154 1725 mundi
1220 1670 1436 1725 immota
1505 1688 1853 1740 permansura
1904 1677 2082 1730 omnia

500 1757 798 1822 elementa,
833 1759 905 1813 ita
936 1770 995 1815 ut
1035 1776 1262 1831 quaeque
1288 1778 1445 1818 suum
1492 1779 1705 1819 cursum
1749 1775 1805 1821 et
1840 1767 2082 1823 ordinem

500 1846 786 1915 impleant;
815 1858 871 1905 et
896 1859 1176 1921 postquam
1208 1852 1309 1921 ipsi
1338 1852 1761 1912 benedictionem
1803 1868 1927 1913 sunt
1955 1874 2085 1913 con-

500 1938 735 2006 sequuti,
761 1937 1049 2010 donatique
1090 1943 1311 2011 pristina
1341 1958 1503 2013 super
1542 1944 1695 2001 bruta
1726 1950 1903 2002 omnia
1931 1958 2085 2019 pote-

501 2034 659 2091 state,
691 2041 756 2082 ac
791 2029 1029 2083 carnium
1070 2046 1165 2085 esu
1191 2047 1379 2088 secure
1424 2035 1708 2103 permisso,
1738 2046 1862 2092 tunc
1891 2038 2083 2108 inquit,

518 2114 869 2171 Verumtamen
893 2133 1095 2173 carnem
1120 2120 1174 2173 in
1220 2124 1467 2193 sanguine
1491 2129 1678 2181 animo:
1700 2143 1764 2180 ne
1789 2130 2087 2184 comedetis.

504 2196 692 2258 Vidisti
715 2206 985 2275 quomodo
1026 2209 1175 2278 prius
1207 2210 1530 2281 benignitate
1555 2231 1618 2270 ac
1661 2216 1913 2273 ineﬂ'abili
1944 2220 2082 2275 libe-

502 2294 715 2349 ralitate
766 2298 948 2361 utitur,
1002 2308 1058 2354 et
1108 2302 1496 2359 tunc-demum
1550 2308 1824 2378 praecipit?
1874 2311 2085 2364 tametsi

504 2397 789 2454 numquam
837 2388 975 2443 istud
1016 2390 1154 2446 inter
1173 2391 1427 2466 homines
1458 2393 1570 2450 ﬁeri
1610 2397 1803 2454 soleat.
1832 2398 2087 2454 Homines

501 2475 643 2528 enim
674 2480 899 2546 primum
925 2481 1108 2535 volunt
1137 2497 1220 2544 ea.
1240 2497 1359 2553 qua:
1389 2486 1725 2555 praecipiunt,
1752 2502 1914 2556 opere
1940 2503 2087 2543 com-

505 2566 661 2634 pleri,
692 2582 912 2639 eosque,
935 2573 1022 2640 qui
1055 2574 1300 2629 mandata
1329 2576 1598 2645 excipiunt
1625 2588 1679 2632 et
1700 2585 2083 2649 exsequuntur,

506 2673 751 2727 inagnam
776 2662 1031 2719 ekhibere
1060 2664 1508 2735 benevolentiam,
1536 2684 1601 2725 ac
1627 2678 1750 2725 tunc
1778 2674 1957 2740 utique
1996 2688 2087 2726 co-

501 2748 673 2815 gitant
699 2749 767 2804 de
797 2754 1204 2808 remunerandis
1245 2756 1310 2809 iis
1336 2756 1426 2825 qui
1472 2759 1691 2814 multam
1729 2761 2085 2817 obedientiam

503 2850 614 2902 pra:
654 2852 715 2893 se
745 2838 983 2894 tulerint.
1011 2840 1206 2897 Contra
1236 2858 1365 2897 vero
1390 2849 1687 2902 communis
1711 2851 1948 2904 omnium
1979 2852 2087 2905 Do-

506 2925 683 2981 minus
713 2943 730 2980 :
760 2928 909 2999 prius
936 2931 1078 2986 enim
1126 2932 1407 3000 benefacit,
1437 2944 1492 2991 et
1516 2937 1855 2993 multitudine
1884 2940 2082 2995 bencllo

507 3016 716 3073 ciorum
748 3030 985 3075 nostram
1026 3034 1271 3077 naturam
1300 3024 1366 3079 ad
1388 3041 1448 3080 se
1484 3027 1669 3092 allicit,
1696 3038 1751 3084 et
1776 3039 1959 3100 postea
1985 3031 2088 3086 im-

504 3118 656 3177 perat
687 3108 859 3165 facilia
887 3120 1045 3181 atque
1074 3114 1229 3178 levia,
1263 3124 1321 3170 ut
1347 3114 1599 3173 facilitate
1636 3120 2008 3177 mandatorum
2036 3132 2092 3178 et

504 3199 775 3254 beneﬂciis
793 3202 1057 3271 prioribus
1066 3204 1301 3270 excitati,
1318 3206 1386 3261 ad
1399 3222 1461 3263 ea
1478 3208 1743 3278 implenda
1756 3210 2087 3267 inducamur.

575 3285 787 3341 Moratis
806 3290 1127 3361 epilogus.——
1140 3292 1217 3347 Ne
1242 3293 1403 3362 igitur
1427 3297 1753 3367 negligentes
1793 3300 1981 3363 simus,
2012 3299 2094 3353 di-

500 3377 644 3444 lecti,
676 3393 847 3447 neque
889 3381 1021 3450 pigri
1069 3381 1135 3436 ad
1176 3382 1423 3439 mandata
1476 3387 1743 3455 implenda
1777 3406 1791 3442 :
1830 3388 2089 3445 beneficia

499 3468 674 3535 priora
690 3468 1001 3538 cogitantes.
1024 3480 1079 3525 et
1097 3471 1467 3528 mandatorum
1491 3475 1819 3542 facilitatem,
1844 3480 2091 3548 praemin-

498 3570 723 3627 rumque
754 3569 872 3626 post
900 3559 1115 3629 impleta
1142 3562 1391 3617 mandata
1419 3566 1733 3633 promissam
1763 3570 2084 3639 magnitudi-

500 3664 623 3701 nem
655 3664 672 3702 :
701 3647 797 3703 sed
836 3649 1132 3720 vigilemus,
1183 3662 1237 3707 et
1283 3652 1598 3713 festinemus
1640 3658 1706 3712 ad
1750 3662 2088 3732 exsequenda

501 3737 750 3793 litandata
776 3752 808 3793 a
838 3738 947 3795 Deo
976 3740 1129 3796 nobis
1158 3744 1349 3799 tradita
1380 3763 1393 3799 :
1418 3753 1475 3800 et
1502 3762 1570 3803 ne
1596 3747 1925 3808 dimittamus
1953 3754 2085 3821 vias,

504 3841 641 3896 quas
684 3827 751 3882 ad
779 3829 1153 3897 perﬁciendam
1193 3834 1491 3889 animarum
1518 3847 1820 3895 nostrarum
1861 3842 2087 3899 salutem

504 3918 964 3987 pncscripsit,sed
994 3930 1234 3991 tempore
1268 3925 1391 3980 vitae
1427 3938 1623 3981 nostra:
1648 3932 1789 3999 quod
1829 3933 2092 4002 reliquum

500 4018 616 4074 est,
642 4008 777 4063 bene
815 4017 1046 4077 utamur,
1076 4022 1130 4068 et
1160 4025 1373 4082 peccata
1408 4016 1705 4086 abluamus,
1745 4029 1801 4075 et
1845 4037 2089 4093 magnam

502 4100 658 4154 nobis
683 4099 929 4157 ﬁduciam
987 4104 1130 4173 prius
1179 4107 1534 4175 acquiramus,
1566 4112 1905 4183 maximeque
1950 4130 2092 4171 nunc

498 4206 621 4245 cum
649 4191 821 4249 adhuc
843 4194 1053 4255 residua
1082 4204 1164 4251 est
1188 4197 1611 4268 Qnadragesimte
1642 4216 1782 4271 pars.

574 4283 629 4337 ϐ.
661 4283 922 4339 Modicum
951 4296 1147 4355 tempus
1170 4290 1348 4359 suﬁcit
1386 4293 1452 4344 ad
1501 4294 1862 4361 paenitendum.
1894 4296 2088 4352 Manlio

507 4373 567 4439 fit
604 4373 668 4427 de
695 4374 1024 4444 confessione.
1053 4405 1123 4416 -
1159 4376 1343 4447 Neque
1371 4380 1511 4433 enim
1542 4397 1736 4451 parvus
1772 4394 1856 4439 est
1880 4384 2085 4443 dierum

512 4477 766 4518 numerus
805 4465 895 4534 qni
940 4475 1146 4532 restat,
1186 4469 1230 4521 si
1283 4470 1611 4526 voluerimus
1661 4487 1949 4545 parumper
1995 4492 2083 4532 re-

507 4550 781 4619 sipiscere.
834 4553 947 4608 Hoc
978 4565 1157 4609 autem
1201 4556 1353 4623 dixi,
1404 4575 1507 4613 non
1559 4562 1700 4631 quod
1722 4564 1894 4618 solum
1937 4575 2085 4621 tanto

502 4650 743 4711 tempore
787 4658 922 4713 opus
961 4643 1156 4700 haheat
1193 4656 1529 4715 peccatorum
1561 4660 1862 4708 nostrorum
1905 4670 2083 4712 corre-

498 4732 628 4799 ctio,
660 4734 752 4789 sed
783 4739 904 4805 quia
924 4734 1203 4791 Dominum
1226 4736 1483 4795 habemus
1507 4741 1824 4799 clementem
1849 4753 1906 4800 et
1931 4746 2083 4802 beni-

500 4838 661 4892 gnum
690 4824 780 4893 qui
809 4840 915 4880 non
956 4826 1155 4897 indiget
1185 4829 1354 4883 multo
1385 4838 1661 4900 tempore;
1688 4834 1733 4890 si
1772 4837 1931 4891 modo
1959 4853 2079 4893 cum

502 4930 696 4985 magno
723 4915 930 4973 fervore
956 4926 1011 4973 et
1038 4919 1304 4988 vigilantia
1329 4921 1396 4976 ad
1426 4922 1595 4991 ipsum
1623 4927 1957 4994 accedamus,
1988 4945 2078 4986 re-

499 5003 660 5073 jectis
694 5006 1037 5061 saecularibus
1062 5009 1204 5063 curis
1227 5009 1475 5066 omnibus
1499 5054 1513 5076 ,
1544 5022 1597 5067 et
1625 5029 1856 5084 superno
1880 5018 2079 5075 auxilio

502 5092 633 5146 nisi.
663 5092 794 5147 Nam
836 5102 890 5149 et
931 5094 1173 5149 Ninivita
1200 5106 1343 5151 tanta
1376 5110 1711 5167 peccatorum
1739 5105 2079 5162 multitudine

497 5184 764 5254 aggravati
789 5225 806 5251 ,
854 5185 975 5255 quia
1001 5200 1245 5256 magnam
1272 5196 1327 5243 et
1349 5204 1529 5245 veram
1562 5194 1927 5260 paenitentiam
1949 5211 2075 5267 ege-

500 5283 626 5328 runt
672 5274 691 5339 (
716 5273 841 5329 Jon.
874 5276 1057 5345 3.10)
1089 5317 1104 5341 ,
1138 5293 1241 5333 non
1286 5294 1419 5347 epus
1463 5280 1761 5338 habuerunt
1815 5288 2075 5356 ampliore

500 5379 659 5434 quam
680 5366 836 5420 trium
853 5365 1057 5422 dierum
1087 5377 1324 5437 tempore
1347 5371 1412 5426 ad
1445 5375 1831 5441 provocandam
1860 5377 1955 5433 Dei
1982 5378 2076 5433 bo-

497 5453 737 5521 nitatem,
769 5464 824 5511 et
846 5456 1049 5511 irritam
1075 5458 1419 5525 reddendam,
1444 5478 1563 5533 qua:
1586 5464 1867 5521 adversum
1892 5481 1952 5522 se
1972 5468 2074 5523 lata

501 5554 616 5599 erat
638 5586 654 5609 ,
684 5546 1025 5602 sententiam.
1056 5548 1122 5603 Et
1148 5549 1274 5620 quid
1304 5550 1427 5607 dico
1458 5594 1473 5618 ,
1510 5552 1757 5610 Ninivita:
1783 5557 1807 5609 ?
1834 5556 1994 5613 Latro
2021 5560 2074 5615 in

501 5650 660 5691 cnice
686 5651 859 5706 neque
888 5655 996 5694 uno
1016 5639 1103 5695 die
1127 5655 1260 5710 opus
1280 5642 1482 5699 habuit.
1527 5645 1595 5700 Et
1618 5648 1744 5717 quid
1783 5648 1905 5704 dico
1936 5692 1951 5716 ,
1983 5650 2073 5707 die

503 5726 652 5784 uno?
668 5722 853 5797 Neque
866 5726 1013 5786 brevi
1028 5730 1181 5792 hora.
1206 5731 1381 5792 Tanta
1428 5747 1510 5794 est
1538 5738 1628 5796 Dei
1657 5755 1779 5812 erga
1802 5756 1899 5799 nos
1924 5742 2076 5802 beni-

2181 1125 2369 1192 jejunii
2391 1126 2630 1181 subsidio
2653 1142 2758 1182 non
2778 1128 2947 1193 abuti,
2960 1139 3117 1199 atque
3131 1131 3351 1184 exeussa
3373 1130 3619 1185 socordia
3638 1145 3773 1186 cono

2186 1212 2348 1267 tinnis
2366 1214 2611 1282 precibus
2629 1217 2839 1283 placare
2857 1217 3138 1273 Dominum
3155 1259 3171 1285 ,
3197 1218 3424 1274 fervidus
3446 1219 3772 1289 profundere

2186 1300 2470 1374 lacrymas,
2484 1304 2674 1359 delicta
2699 1315 2877 1361 nostra
2898 1307 3085 1363 sedulo
3108 1308 3368 1375 conﬁteri,
3388 1310 3538 1379 quasi
3560 1309 3778 1366 medico

2189 1406 2486 1461 proponere
2510 1405 2691 1449 nostra
2722 1397 2959 1461 vulnera,
2982 1405 3038 1451 ct
3059 1399 3354 1453 animarum
3383 1400 3559 1455 ulcera
3584 1400 3774 1455 decla-

2189 1500 2308 1540 rare
2336 1526 2351 1549 ,
2377 1501 2480 1541 nec
2505 1487 2739 1556 abjicerc
2768 1503 2925 1559 quam
2944 1488 3030 1545 ille
3055 1490 3149 1545 dat
3174 1491 3511 1558 medicinam,
3539 1507 3639 1547 nec
3666 1507 3773 1547 non

2186 1583 2240 1629 et
2267 1576 2369 1630 alia
2408 1592 2525 1646 quae
2565 1592 2593 1630 a
2634 1578 2786 1633 nobis
2814 1579 3099 1650 exiguntur
3128 1580 3361 1637 alferre:
3395 1583 3775 1638 contritionem

2186 1666 2384 1728 cordis.
2406 1670 2870 1736 compunctionem
2896 1686 3097 1735 veram,
3126 1672 3323 1741 largam
3345 1672 3775 1745 eleemosynam;

2188 1757 2497 1814 affectiones
2523 1775 2641 1830 quae
2672 1769 2904 1816 mentem
2934 1770 3169 1818 nostram
3206 1762 3562 1819 interturbant
3602 1765 3774 1822 refre-

2189 1864 2336 1913 nare,
2363 1859 2415 1905 et
2440 1865 2506 1904 ex
2536 1852 2709 1905 anima
2736 1852 3047 1919 eliminare;
3076 1854 3145 1909 ita
3177 1862 3236 1909 ut
3265 1870 3437 1926 neque
3463 1856 3776 1914 divitiarum

2188 1940 2478 2009 cupiditate
2504 1927 2866 2013 cxpugnemur
2884 1986 2899 2010 ,
2927 1962 3099 2015 neque
3137 1948 3357 2017 injurias
3394 1949 3569 2005 illatas
3594 1950 3777 2005 vindi-

2189 2045 2313 2085 care
2336 2032 2613 2100 cupiamus
2637 2075 2651 2096 ,
2678 2050 2850 2104 neque
2878 2034 3143 2092 hostiliter
3171 2038 3221 2091 in
3263 2039 3563 2107 proximum
3600 2040 3785 2098 allecti

2189 2123 2377 2176 simus.
2404 2122 2547 2178 Nihil
2571 2124 2737 2191 enim,
2765 2126 2897 2181 nihil
2923 2129 3101 2198 utique
3124 2130 3361 2185 omnium
3390 2130 3529 2186 Deus
3559 2131 3632 2187 ita
3667 2131 3786 2187 odit

2186 2220 2241 2266 et
2261 2222 2555 2281 aversatur,
2580 2222 2640 2269 ut
2664 2216 2932 2272 hominem
2957 2218 3172 2274 ultionis
3189 2219 3424 2285 avidum,
3448 2223 3574 2277 etin
3596 2223 3793 2279 animo

2188 2315 2286 2355 suo
2314 2312 2596 2371 perpetuas
2622 2302 2879 2360 adversus
2915 2307 3215 2376 proximum
3254 2320 3556 2367 servantem
3597 2314 3785 2368 inimi-

2186 2390 2359 2445 citias.
2387 2390 2619 2447 Tantum
2643 2395 2789 2449 enim
2813 2396 2929 2464 ejus
2956 2398 3155 2465 peccati
3184 2398 3435 2454 damnum
3465 2411 3568 2469 est,
3597 2411 3657 2458 ut
3682 2405 3789 2458 mi-

2189 2482 2536 2538 scricordiam
2581 2486 2673 2540 Dei
2715 2498 2931 2543 revocet
2956 2530 2970 2553 ,
3016 2504 3116 2545 nec
3159 2492 3333 2547 locum
3377 2492 3576 2549 habere
3612 2497 3785 2553 sinat.

2189 2570 2341 2639 Quod
2370 2582 2430 2627 ut
2455 2576 2657 2642 sciatis,
2680 2580 3039 2648 evangelicam
3070 2582 3223 2637 vobis
3250 2583 3552 2652 parabolam
3578 2587 3784 2656 refero,

2189 2664 2459 2730 quomodo
2490 2664 2581 2719 ille
2609 2665 2793 2721 decem
2832 2669 3055 2724 millium
3088 2672 3406 2730 talentorum
3434 2674 3665 2745 debitor,
3698 2696 3788 2735 re-

2191 2752 2499 2810 missionem
2517 2758 2753 2811 omnium
2769 2774 2798 2812 a
2811 2758 3028 2815 domino
3047 2773 3406 2833 consequutus
3425 2766 3513 2830 sit,
3530 2770 3785 2838 procidit,

2191 2851 2245 2897 et
2262 2845 2468 2899 oravit.
2511 2845 2861 2902 Misericordia
2900 2851 3043 2906 enim
3083 2864 3277 2918 motus,
3314 2855 3517 2925 inquit,
3546 2859 3788 2916 dominus

2192 2933 2301 3003 ejus
2322 2973 2339 3000 ,
2370 2936 2521 2989 etiam
2544 2936 2760 2991 debitam
2788 2940 2835 2993 ei
2861 2942 3050 2997 remisit
3078 2941 3289 3010 (Matth.
3324 2946 3411 3000 18.
3443 2947 3558 3017 27).
3588 2948 3786 3008 Vidisti

2191 3024 2609 3082 misericordiam
2630 3029 2831 3085 domini
2848 3032 2873 3084 Ῥ
2898 3032 2993 3087 llle
3018 3037 3262 3103 procidit,
3285 3046 3338 3091 et
3366 3040 3572 3109 ηερε-ἧι
3598 3052 3655 3097 ut
3676 3043 3789 3100 lon-

2190 3113 2306 3182 gius
2336 3114 2437 3171 sibi
2462 3124 2669 3195 tempus
2696 3123 3067 3188 praefiniretur.
3101 3123 3407 3182 Patientia»:
3432 3130 3560 3184 trabe
3582 3134 3639 3187 in
3667 3150 3748 3189 me
3765 3176 3787 3202 ,

2194 3204 2394 3271 inquit,
2424 3216 2471 3259 et
2496 3210 2665 3263 omnia
2690 3210 2779 3263 tibi
2801 3214 3028 3268 reddam.
3059 3214 3165 3271 Sed
3194 3217 3365 3272 bonus
3388 3219 3659 3287 dominus,
3691 3224 3790 3279 ml-

2192 3294 2423 3350 sericors
2445 3336 2461 3360 ,
2489 3300 2764 3369 nostrique
2791 3316 2973 3357 curam
2999 3318 3162 3373 agens
3181 3347 3195 3370 ,
3225 3307 3448 3377 supplici
3480 3312 3744 3381 propitius
3765 3354 3788 3381 ,

2194 3401 2298 3440 non
2341 3389 2511 3443 solum
2550 3402 2803 3461 quantum
2835 3396 3009 3463 petiit,
3042 3398 3137 3452 sed
3164 3409 3420 3469 quantum
3454 3418 3523 3457 ne
3548 3408 3789 3476 cogitare

2194 3478 2409 3546 quidem
2451 3494 2612 3537 ausus
2641 3482 2774 3551 fuit,
2805 3486 2969 3541 dedit.
3002 3487 3050 3542 Is
3078 3490 3225 3544 enim
3266 3491 3383 3561 ejus
3424 3508 3541 3550 mos
3574 3505 3695 3560 est,
3726 3507 3788 3555 ut

2194 3567 2407 3633 vincat,
2441 3578 2498 3625 et
2535 3575 2831 3641 praeveniat
2870 3578 3153 3646 petitiones
3191 3591 3421 3638 nostras.
3471 3583 3563 3640 Illo
3602 3587 3788 3658 itaque

2192 3666 2380 3713 orante
2407 3666 2466 3714 ut
2489 3664 2829 3720 severitatem
2857 3666 3102 3724 dominus
3131 3671 3458 3736 remitteret.
3482 3683 3537 3732 et
3561 3678 3788 3747 promit-

2194 3756 2338 3803 tente
2363 3749 2661 3806 soluturum
2690 3769 2750 3810 se
2771 3758 2972 3823 omnia,
3005 3758 3255 3817 dominus
3281 3761 3518 3821 bonitate
3539 3779 3637 3822 sua
3666 3768 3788 3823 vin-

2184 3852 2321 3892 cens
2342 3850 2519 3895 nostra
2546 3842 2758 3910 delicta,
2790 3846 3153 3904 misericordia
3178 3861 3373 3919 motus,
3402 3853 3607 3912 dimisit
3631 3872 3786 3927 eum,

2193 3926 2539 4000 debitumque
2568 3941 2734 3989 totum
2758 3936 2808 3991 ei
2834 3938 3056 3993 remisit.
3086 3940 3275 3996 Vidisti
3302 3943 3426 4012 quid
3455 3939 3643 4003 servus
3661 3926 3788 4005 ora;-

2194 4019 2350 4085 verit,
2373 4029 2427 4075 et
2446 4032 2696 4090 quantum
2716 4025 2767 4079 ei
2788 4024 3035 4083 dominus
3051 4028 3349 4087 dimiserit?
3370 4035 3499 4091 Vide
3517 4051 3549 4092 e
3568 4037 3786 4096 diverso

2194 4117 2250 4163 ct
2288 4112 2429 4165 servi
2471 4113 2803 4170 insolentiam
2835 4134 2851 4173 :
2879 4133 3000 4173 cum
3043 4120 3263 4178 deberet
3301 4125 3443 4180 cnim
3486 4129 3782 4187 secundum

2195 4208 2395 4259 tantam
2422 4203 2800 4274 benignitatem
2822 4219 2875 4263 et
2902 4211 3218 4269 ineffabilem
3247 4216 3650 4276 beneﬁcentiam
3678 4224 3782 4280 sibi

2192 4294 2502 4361 exhibitam,
2533 4307 2587 4351 et
2612 4299 2724 4367 ipse
2748 4315 2874 4371 erga
2901 4304 3198 4372 proximum
3225 4307 3363 4366 bene
3389 4311 3612 4371 allectus
3634 4331 3780 4385 esse,

2191 4390 2461 4442 contrario
2491 4405 2709 4459 prorsus
2734 4394 2893 4449 modo
2918 4410 2977 4450 se
3001 4398 3182 4466 gessit.
3210 4398 3457 4470 Egressus
3480 4407 3623 4460 enim
3646 4448 3663 4473 ,
3694 4409 3781 4465 in-

2190 4480 2301 4548 quit
2326 4520 2342 4545 ,
2370 4480 2458 4534 ille
2484 4480 2606 4552 (Ib.
2632 4498 2681 4536 ν.
2707 4484 2778 4539 28
2798 4484 2833 4555 ),
2865 4487 2953 4555 qui
2984 4486 3167 4544 decem
3204 4491 3425 4547 millium
3454 4495 3779 4555 talentorum

2192 4570 2558 4626 remissionem
2588 4585 2906 4643 assequutus
2944 4585 3078 4632 erat.
3105 4578 3329 4646 Audite,
3359 4582 3586 4641 obsecro
3609 4626 3625 4650 ,
3651 4588 3779 4643 dili-

2189 4671 2376 4727 genter
2402 4677 2415 4713 :
2442 4676 2561 4730 quae
2585 4661 2661 4715 illi
2688 4663 3016 4727 acciderunt.
3038 4667 3301 4724 sufficiunt
3323 4670 3388 4725 ad
3409 4676 3780 4744 corripiendas

2190 4749 2395 4803 animas
2425 4761 2633 4806 nostras
2652 4792 2667 4818 ,
2696 4765 2752 4808 et
2780 4754 2844 4808 ad
2881 4757 3304 4824 persuadendum
3334 4770 3391 4817 ut
3415 4764 3633 4821 tollatur
3656 4783 3780 4838 gra-

2188 4841 2267 4893 vis
2303 4839 2389 4895 ille
2433 4842 2653 4896 morbus
2693 4859 2724 4898 c
2761 4854 2941 4901 mente
2979 4857 3180 4917 nostra.
3210 4850 3312 4905 Hic
3337 4852 3532 4924 igitur,
3561 4857 3776 4932 inquit,

2183 4947 2414 5003 egressus
2449 4933 2634 4987 invenit
2671 4952 2829 4990 unum
2856 4953 2883 4991 c
2910 4942 3159 4996 conservis
3202 4945 3307 4997 suis
3328 4985 3345 5010 ,
3377 4947 3465 5015 qui
3497 4947 3704 5005 debebat
3730 4954 3779 5008 si

2184 5031 2382 5075 centra
2416 5023 2670 5079 denarios.
2704 5024 2838 5083 Vide
2864 5039 3118 5098 quantum
3150 5031 3389 5088 interest.
3431 5034 3528 5092 Hic
3554 5053 3775 5096 conser-

2187 5127 2281 5166 vns
2314 5110 2546 5167 debebat
2581 5125 2793 5170 centum
2825 5116 3073 5174 denarios
3093 5162 3105 5184 ,
3138 5120 3246 5177 illic
3268 5124 3520 5180 dominus
3543 5139 3661 5185 erat
3682 5132 3772 5202 qui

2187 5202 2457 5269 repetebat
2483 5203 2667 5260 decem
2695 5207 2859 5261 millia
2887 5209 3204 5265 talentorum
3231 5231 3245 5265 :
3272 5214 3621 5275 nihilominus
3648 5214 3780 5291 quid

2186 5290 2315 5345 vidit
2340 5292 2726 5362 supplicantem
2748 5308 2802 5351 rt
2826 5308 3086 5367 orantem,
3114 5296 3330 5358 dimitit.
3357 5309 3425 5360 At
3451 5313 3551 5363 iste
3574 5290 3772 5379 Appu-

2186 5381 2394 5435 hensum
2422 5400 2620 5438 servum
2642 5385 2925 5451 suIIOiabat
2944 5431 2956 5450 ,
2987 5390 3155 5445 dicens
3183 5410 3201 5446 :
3228 5392 3404 5452 Redde
3431 5401 3555 5452 milii
3579 5402 3624 5455 si
3651 5406 3774 5475 quid

2184 5470 2348 5527 debes.
2376 5473 2513 5541 Quid
2555 5476 2744 5545 igitur?
2778 5474 3087 5547 Procidens,
3118 5483 3319 5555 inquit,
3359 5505 3625 5546 causam
3662 5470 3771 5565 ejus

2182 5560 2346 5630 (Ibid.
2375 5579 2423 5617 υ.
2452 5563 2569 5634 29).
2595 5564 2731 5622 Vide
2753 5570 3018 5637 quomodo
3044 5575 3268 5632 subinde
3294 5582 3620 5651 evangelista
3647 5560 3767 5642 ver-

2183 5655 2329 5723 hum,
2360 5656 2660 5722 Conserous,
2687 5670 2877 5724 versat.
2907 5679 3012 5719 non
3047 5674 3266 5735 temere,
3296 5672 3389 5727 sed
3419 5682 3476 5728 ut
3500 5675 3767 5734 discamus

2184 5745 2301 5802 illos
2336 5760 2493 5815 pares
2518 5750 2737 5808 omnino
2768 5750 2945 5810 fuisse.
2987 5754 3356 5818 Verumtamen
3396 5778 3689 5826 conservus
3717 5770 3764 5829 ei
