4070 6382
274 376 380 436 εις)

273 492 609 562 Supplicabat
632 484 819 544 eodem
847 484 1006 541 modo
1026 525 1039 544 ,
1072 497 1178 553 quo
1208 482 1297 536 ille
1321 490 1474 534 antea
1502 477 1721 531 domino
1739 514 1755 542 ,
1788 473 1869 529 di-

274 600 409 640 cons
434 623 448 636 .
487 581 791 635 Patientiunt
812 576 938 630 habe
957 576 1008 627 iu
1032 590 1129 635 me,
1152 581 1198 625 et
1217 572 1386 624 omnia
1411 570 1498 621 tibi
1524 567 1754 621 reddam.
1778 564 1881 619 Ille

278 686 468 739 autem,
501 674 689 740 inquit,
712 684 964 739 egressus.
994 664 1209 731 coniecit
1236 664 1381 715 illum
1408 662 1461 713 in
1485 674 1761 721 cttrcerem,
1786 657 1879 709 do-

282 782 371 818 nrc
390 781 539 815 omne
562 762 775 815 debitum
800 758 893 810 sibi
918 766 1199 809 numeraret
1218 751 1424 820 (Matth.
1452 752 1535 805 i8.
1559 751 1675 818 '50).
1699 749 1743 802 0
1765 748 1880 800 ani-

283 872 427 907 mum
451 868 662 906 summe
695 849 991 917 ingratum!
1020 847 1193 898 adhuc
1222 842 1424 897 recenti
1451 841 1706 893 memoria
1734 848 1883 891 tene-

283 946 394 1009 bat,
427 953 625 1012 quinta
656 941 904 995 dominus
931 936 1247 991 liberalitate
1269 949 1451 987 secum
1479 940 1682 999 egerat,
1708 944 1880 997 neque

282 1037 359 1090 sic
387 1037 562 1101 aliqua
595 1032 1063 1086 commiseratione
1104 1036 1279 1080 motus
1308 1034 1390 1078 est
1422 1042 1434 1077 :
1469 1023 1563 1076 sed
1597 1023 1741 1083 prius
1765 1020 1883 1089 qui-

280 1128 405 1183 dem
434 1124 751 1184 sull'ocabat,
780 1137 924 1175 nunc
948 1133 1079 1172 vero
1105 1119 1156 1171 in
1183 1131 1455 1171 carcerem
1483 1114 1735 1181 conjccit.

356 1217 407 1270 7.
441 1216 706 1270 Caeterum
748 1212 864 1265 vide
894 1211 1018 1279 quid
1058 1218 1310 1276 sequatur
1342 1224 1353 1259 :
1392 1205 1458 1259 Ut
1488 1206 1754 1261 viderunt,
1795 1203 1880 1255 in-

284 1310 419 1377 quit,
448 1306 675 1360 conservi
699 1306 857 1368 illius,
892 1302 1171 1355 contristati
1210 1308 1324 1353 sunt
1351 1314 1369 1351 :
1394 1309 1442 1351 et
1470 1310 1527 1349 ut
1554 1305 1793 1350 venerunt
1817 1296 1883 1347 ad

284 1398 548 1451 dominum
574 1412 739 1458 suum,
773 1411 877 1447 rem
904 1409 1100 1445 omnem
1130 1392 1456 1443 declararunt
1484 1390 1501 1454 (
1516 1386 1654 1442 Ibid.
1685 1403 1733 1440 υ.
1765 1386 1879 1452 51).

284 1490 399 1544 Non
430 1489 520 1542 ille
543 1487 758 1555 quidem
791 1486 877 1552 qui
908 1486 975 1537 ita
1006 1484 1143 1535 male
1170 1482 1389 1535 allectus
1414 1488 1563 1545 erat,
1595 1478 1889 1551 (quomodo

284 1581 429 1634 enim
459 1580 738 1648 potuisset.
774 1577 826 1629 in
856 1590 1125 1629 carcerem
1155 1574 1425 1641 conjectus
1443 1572 1491 1637 ἲ)
1518 1573 1609 1625 sed
1638 1572 1725 1625 alii
1751 1586 1883 1625 eon-

288 1672 454 1731 servi,
478 1678 535 1725 et
560 1670 649 1738 qui
680 1668 822 1721 nulla
854 1667 1043 1735 injuria
1068 1665 1263 1731 al'l‘ecti,
1289 1666 1436 1734 quasi
1468 1664 1657 1730 injuria
1686 1662 1884 1727 allecti,

288 1762 359 1814 ita
388 1761 565 1816 tutati
598 1770 747 1813 erant
769 1800 785 1823 ,
815 1757 1197 1825 dominumque
1225 1756 1484 1809 adeuntes
1507 1795 1522 1821 ,
1557 1770 1669 1808 rem
1703 1770 1887 1808 naria-

292 1862 501 1905 vcrunt.
536 1849 651 1904 Jatn
686 1848 805 1902 vide
830 1847 1031 1901 domini
1074 1846 1510 1915 indignationem.
1542 1844 1684 1897 Tunc
1712 1862 1886 1897 arcet-

286 1944 385 1995 sito
410 1959 489 2004 eo,
521 1941 713 2008 inquit,
744 1940 906 1992 dicit:
932 1938 1087 1993 Serve
1113 1954 1323 2006 nequam
1348 1937 1506 2007 (Ibid.
1531 1952 1577 1989 υ.
1610 1936 1722 2006 52).
1751 1936 1889 1991 Vero

289 2033 374 2085 hic
402 2032 585 2085 videre
626 2031 745 2083 licet
774 2045 933 2097 quam
971 2030 1325 2098 pemiciosum
1355 2029 1424 2081 sit
1455 2027 1764 2094 injuriarum
1799 2044 1887 2079 re-

290 2122 521 2176 minisci.
544 2122 806 2189 Quoniam
833 2136 956 2175 cum
987 2120 1175 2174 decem
1210 2120 1368 2171 millia
1400 2120 1591 2171 talenta
1621 2120 1886 2188 exigebat,

290 2228 397 2266 non
443 2212 653 2265 vocavit
699 2226 822 2266 eum
863 2210 1057 2263 malum
1089 2226 1103 2262 :
1136 2209 1229 2262 sed
1265 2223 1439 2271 nunc,
1476 2223 1597 2261 cum
1628 2223 1892 2262 conservo

287 2301 523 2356 Crudelis
563 2302 681 2361 fuit,
719 2301 875 2356 Serve
902 2317 1136 2370 nequam.
1170 2299 1362 2368 inquit,
1391 2315 1536 2351 omne
1563 2299 1779 2353 debitum
1811 2316 1891 2353 re-

290 2396 406 2447 misi
436 2396 562 2459 tibi,
589 2395 709 2463 quia
737 2396 925 2463 rogasti
955 2411 1052 2447 nte.
1082 2393 1215 2447 Vide
1243 2394 1513 2462 quomodo
1542 2393 1777 2447 declarat
1807 2392 1889 2445 iu-

295 2493 512 2552 gentem
542 2487 657 2552 ejus
697 2486 973 2539 malitiam.
1010 2484 1145 2538 Num
1179 2484 1377 2553 aliquid
1414 2484 1642 2553 amplius
1682 2483 1891 2539 fecisti?

290 2574 481 2641 inquit.
513 2573 699 2628 Nonne
726 2576 948 2643 paucula
981 2586 1183 2628 tantum
1214 2575 1375 2628 verba
1398 2575 1599 2637 dixisti.
1627 2584 1682 2630 et
1710 2590 1893 2629 susce-

290 2672 377 2731 pta
418 2666 677 2730 petitione
715 2674 804 2717 tua
842 2674 1008 2718 totum
1052 2666 1179 2719 illud
1226 2665 1429 2734 grande
1469 2674 1524 2719 et
1565 2667 1888 2720 immensum

286 2755 529 2809 debitum
553 2756 766 2809 remisi?
793 2754 845 2808 Ν
850 2772 980 2809 onue
1000 2765 1049 2808 et
1069 2766 1114 2809 te
1139 2758 1367 2810 misereri
1385 2756 1642 2826 oportebat
1666 2758 1890 2809 conservi

287 2846 395 2910 tui,
427 2849 559 2899 sicut
582 2857 629 2899 et
658 2863 749 2915 ego
779 2847 853 2899 tui
892 2848 1125 2900 misertus
1162 2863 1273 2899 sum
1312 2849 1331 2915 (
1352 2845 1487 2899 Ibid.
1521 2862 1568 2900 υ.
1601 2848 1751 2918 53)?
1775 2849 1889 2913 Qua

286 2938 484 3007 dignus
510 2940 617 2992 eris
646 2939 818 3002 venia,
847 2939 891 2992 si
911 2954 1013 3009 ego
1036 2939 1282 2994 dominus
1310 2950 1431 2994 tuus
1451 2951 1653 2994 tantum
1680 2942 1891 3012 pondus

290 3028 595 3081 debitorum
632 3039 851 3098 propter
889 3030 976 3084 illa
1015 3030 1153 3083 nuda
1184 3030 1342 3084 verba
1369 3030 1545 3085 dimisi
1579 3049 1592 3085 :
1624 3042 1680 3085 tu
1709 3041 1887 3086 autem

286 3119 536 3171 conservi
570 3119 640 3171 lui
660 3160 674 3181 ,
709 3120 798 3187 qui
830 3129 913 3173 est
937 3120 1175 3188 ejusdem
1209 3130 1413 3186 naturai
1432 3162 1445 3184 ,
1475 3137 1581 3175 non
1609 3137 1669 3175 es
1696 3123 1888 3176 miser-

289 3218 375 3261 tus
395 3249 412 3271 ,
444 3223 617 3277 neque
647 3208 844 3263 inﬂecti
878 3210 1092 3277 pomiin
1119 3251 1134 3275 ,
1165 3225 1335 3279 neque
1365 3213 1674 3266 recordatus
1700 3228 1887 3267 corum

286 3313 411 3365 quze
440 3311 471 3349 a
500 3312 585 3350 me
611 3297 701 3350 tibi
727 3312 982 3352 concessa
1013 3309 1158 3365 sunt,
1183 3301 1340 3353 ulhm
1363 3301 1889 3358 commiserationent

292 3404 403 3456 pne
436 3399 487 3442 te
516 3388 711 3454 tulisti,
741 3390 835 3445 sed
868 3390 1189 3445 inhumanus
1215 3392 1355 3447 luisti
1382 3404 1435 3447 et
1460 3395 1692 3449 crudelis
1711 3438 1724 3457 ,
1756 3412 1890 3451 con-

289 3479 544 3547 servique
567 3480 807 3534 misereri
835 3482 1091 3534 noluisti?
1120 3481 1318 3537 Idcirco
1341 3482 1428 3537 hic
1452 3485 1663 3541 tandem
1693 3503 1751 3542 re
1774 3489 1887 3556 ipsa

290 3570 470 3625 disces
489 3580 813 3640 quantorum
845 3572 936 3626 tibi
966 3573 1065 3642 ipsi
1098 3575 1358 3628 malorum
1390 3586 1576 3631 auctor
1606 3578 1789 3633 fueris.
1822 3579 1890 3633 Et

290 3665 451 3715 iratus
479 3662 714 3715 dominus
740 3665 882 3732 ejus,
912 3664 1123 3716 tradidit
1159 3665 1303 3718 illum
1342 3668 1611 3722 tortoribus
1638 3668 1657 3733 (
1673 3667 1808 3722 Ibid.
1839 3686 1889 3723 ν.

292 3752 410 3821 34).
461 3752 592 3807 Vide
634 3764 690 3808 et
735 3771 875 3810 nunc
922 3757 1092 3825 ipsum
1144 3758 1297 3812 irasci
1338 3758 1409 3812 ob
1450 3759 1889 3817 inhumanitatcm

291 3856 415 3910 erga
439 3856 651 3896 servum
670 3853 723 3897 et
744 3844 1034 3899 tortoribus
1061 3846 1206 3900 illum
1230 3849 1439 3903 tradere
1464 3867 1477 3903 :
1507 3851 1559 3904 id
1579 3854 1720 3921 quod
1745 3854 1889 3920 prius

293 3945 402 3984 non
441 3932 594 3995 fecit,
631 3948 752 3987 cum
785 3943 862 3987 tot
895 3934 1196 3991 debitorum
1227 3953 1353 3993 reus
1385 3950 1562 4006 esset,
1595 3958 1735 3997 nunc
1776 3944 1888 3998 lieri

294 4020 461 4086 jubet.
494 4020 724 4076 Tradidit
748 4026 891 4078 enim
920 4026 1067 4079 illum
1096 4030 1398 4093 tortoribus,
1425 4034 1587 4085 donec
1620 4051 1767 4087 omne
1798 4036 1889 4089 de-

292 4112 450 4165 bittuu
480 4113 711 4168 redderet
734 4132 757 4168 .'
780 4116 951 4171 donec
970 4156 986 4179 ,
1020 4119 1220 4186 inquit,
1249 4120 1434 4175 decem
1462 4122 1625 4177 millia
1657 4126 1851 4181 talenta
1873 4167 1892 4192 ,

292 4216 413 4267 qua!
437 4200 549 4270 jam
582 4206 801 4259 remissa
829 4216 1015 4273 erant,
1042 4208 1426 4265 dinumeraret.
1460 4212 1644 4284 Magna
1674 4224 1729 4269 et
1757 4216 1892 4271 inef-

295 4289 471 4344 fabilis
503 4291 593 4346 Dei
620 4294 901 4351 clementia
936 4313 949 4348 :
981 4313 1102 4352 cum
1145 4300 1257 4366 ipse
1284 4301 1499 4369 quidem
1526 4304 1763 4358 debitum
1808 4322 1891 4359 re-

294 4389 536 4446 peteret,
552 4383 616 4435 ad
644 4384 813 4437 nudas
844 4394 1044 4440 tantum
1076 4404 1262 4456 preces
1290 4399 1456 4444 totum
1482 4395 1704 4447 remittit
1730 4412 1743 4447 :
1768 4412 1887 4449 cum

293 4479 474 4523 autem
502 4472 555 4524 in
582 4487 895 4527 conservum
936 4476 1080 4531 videt
1116 4478 1386 4533 crudelem
1416 4490 1470 4535 et
1498 4483 1845 4539 inhumanum
1872 4528 1890 4549 ,

295 4570 448 4611 suam
480 4570 699 4615 revocat
728 4563 1094 4621 liberalitatem
1118 4608 1132 4631 ,
1161 4579 1464 4625 monstrans
1493 4572 1565 4625 illi
1596 4590 1660 4627 ex
1695 4590 1753 4629 re
1777 4577 1887 4644 ipsa

293 4662 404 4713 quo
432 4658 586 4715 pacto
614 4666 717 4704 non
748 4666 853 4707 tam
884 4656 1055 4722 illum,
1082 4673 1239 4727 quam
1267 4676 1325 4713 se
1357 4660 1527 4729 ipsum
1555 4664 1886 4720 oli'endisset.

296 4737 363 4791 Et
391 4738 530 4791 sicut
572 4740 659 4795 ille
685 4757 1004 4799 conservum
1040 4748 1094 4800 in
1131 4764 1402 4803 carcerem
1433 4756 1689 4821 conjecit,
1719 4756 1891 4813 donec

296 4827 537 4881 debitum
565 4830 809 4884 redderet
834 4851 847 4885 :
878 4834 943 4886 ita
970 4844 1023 4888 et
1054 4838 1166 4903 ip~c
1194 4842 1484 4895 tortoribus
1515 4846 1759 4909 traditur,
1789 4848 1889 4900 do-

296 4933 398 4971 nec
432 4920 573 4986 quod
610 4920 836 4975 debebat
874 4937 1197 4980 numeraret.
1230 4928 1355 4983 ιιυο
1381 4940 1556 4986 autem
1586 4950 1695 4988 non
1719 4936 1786 4989 de
1812 4945 1892 4989 ta-

298 5007 462 5062 lentis
481 5016 535 5062 et
553 5010 787 5064 denariis
806 5014 1116 5081 simpliciter
1138 5018 1290 5084 dixit,
1314 5021 1407 5073 sed
1428 5022 1497 5074 de
1524 5027 1753 5091 peccatis
1776 5036 1891 5081 erat

296 5111 480 5151 sermo
504 5108 560 5152 et
586 5098 903 5155 delictorum
944 5108 1305 5170 magnitudine
1324 5150 1340 5173 ,
1369 5119 1425 5162 ut
1452 5112 1720 5168 discamus
1743 5157 1759 5181 ,
1794 5131 1891 5170 nos

298 5190 513 5253 quidem
548 5192 871 5245 inlinitorum
918 5207 1255 5259 peccatorum
1302 5214 1484 5265 pennas
1532 5202 1755 5258 Domino
1791 5206 1889 5261 de-

301 5282 517 5342 bentes.
550 5294 764 5351 propter
796 5286 1116 5341 ineliabiletn
1150 5289 1287 5342 illius
1315 5295 1732 5349 miscricordiam
1754 5340 1769 5363 ,
1803 5316 1890 5354 re-

302 5371 613 5425 missionem
656 5376 723 5426 ab
763 5374 879 5441 ipso
918 5379 1180 5445 accipere.
1212 5379 1267 5433 Si
1297 5396 1423 5434 vero
1452 5400 1571 5452 erga
1603 5400 1893 5444 conservos

301 5471 353 5512 et
385 5464 679 5529 proximos,
706 5475 760 5519 et
788 5481 903 5528 eos,
933 5467 1020 5535 qui
1060 5470 1300 5523 eamdem
1331 5487 1490 5540 quam
1524 5491 1619 5529 nos
1651 5487 1889 5532 naturam

300 5554 474 5608 sortiti
502 5564 662 5619 sunt,
690 5556 937 5611 crudeles
965 5568 1019 5612 et
1058 5558 1329 5615 inhumani
1376 5563 1628 5622 fuerimus
1652 5609 1665 5631 ,
1697 5578 1751 5623 et
1773 5586 1892 5637 qua:

302 5648 357 5698 in
390 5662 487 5697 nos
518 5649 800 5701 commissa
831 5661 951 5704 sunt
994 5667 1099 5705 non
1128 5652 1490 5711 dimiserimus
1513 5700 1525 5718 ,
1560 5660 1653 5714 sed
1697 5675 1794 5729 pro
1834 5678 1891 5716 re

303 5740 487 5793 frivola
515 5741 723 5797 molesti
751 5741 1004 5803 fuerinms
1032 5746 1305 5814 (quantum
1338 5750 1478 5803 enim
1509 5750 1727 5807 interest
1752 5753 1890 5809 inter

1331 365 1393 423 IN
1432 362 1584 422 ωτι.
1631 360 1720 417 tx.
1748 359 1993 417 cenes.
2038 318 2265 413 ilOMiL.
2312 352 2524 412 xxvn.

3480 346 3589 401 950

1985 482 2200 526 centum
2228 470 2477 523 denarios
2499 508 2515 531 ,
2547 476 2601 522 et
2627 466 2813 520 decem
2844 462 3008 518 millia
3037 463 3235 516 talenta
3261 504 3274 526 ,
3304 471 3507 515 tantum
3533 472 3589 515 et

1987 566 2127 618 inter
2149 579 2208 617 ca
2237 579 2355 631 qum
2386 578 2482 615 nos
2511 560 2561 613 in
2595 559 2878 613 Dominum
2898 600 2913 621 ,
2942 566 2997 611 et
3022 572 3082 610 ea
3108 571 3225 625 qua:
3255 569 3591 626 congenercs

1988 658 2039 711 in
2070 670 2166 709 nos
2191 654 2573 723 deliquerunt),
2601 662 2723 704 tunc
2750 659 2803 705 et
2833 664 2931 703 nos
2958 649 3009 702 in
3041 648 3456 717 indignationem
3486 645 3593 699 D0-

1988 746 2116 799 mini
2148 744 2473 805 incidemus,
2503 751 2556 797 et
2594 756 2656 796 ea
2687 756 2805 810 qua!
2832 739 2942 808 jam
2972 748 3127 792 antea
3158 737 3378 791 dimissa
3406 743 3594 800 erant,

1986 839 2197 892 solvere
2235 837 2427 891 iterum
2470 836 2520 888 in
2564 834 2846 887 tormentis
2883 847 3155 901 cogemur.
3192 830 3361 883 Porro
3387 837 3445 881 ut
3472 828 3595 882 dili-

1988 941 2176 999 genter
2212 927 2481 983 discamus
2529 927 2832 995 parabolam
2878 925 3015 978 lianc
3054 924 3123 978 ob
3161 924 3459 976 animarum
3490 937 3592 974 no-

1989 1033 2221 1075 stramm
2249 1022 2474 1075 salutem
2505 1034 2533 1071 a
2564 1019 2793 1072 Omnino
2820 1016 3127 1079 adductam,
3161 1016 3282 1068 andi
3312 1028 3432 1083 quae
3461 1012 3592 1066 infco

1990 1122 2180 1166 runtur
2207 1130 2219 1165 :
2248 1110 2339 1166 Sic
2362 1121 2409 1163 et
2442 1109 2595 1163 Pater
2620 1120 2778 1162 vester
2804 1108 3015 1161 celestis
3042 1107 3196 1173 faciet
3215 1106 3370 1168 t-obis,
3396 1104 3595 1173 inquit,

1988 1206 2032 1256 si
2080 1220 2180 1256 non
2230 1202 2571 1270 unusquisque
2618 1200 2767 1270 fratri
2814 1215 2905 1252 suo
2957 1198 3245 1251 remiseritis
3289 1213 3316 1249 e
3359 1196 3597 1249 cordibus

1991 1297 2165 1348 vestris
2192 1296 2375 1349 delicta
2402 1295 2603 1347 illorum
2631 1292 2647 1363 (
2676 1292 2856 1344 Matth.
2884 1290 2971 1345 18.
3003 1290 3071 1345 55
3091 1288 3134 1360 ).
3164 1288 3409 1357 Magnum
3439 1302 3595 1357 para-

1992 1387 2128 1440 bolze
2157 1387 2384 1446 lucrum,
2420 1384 2577 1436 modo
2607 1382 2883 1435 attendere
2909 1382 3257 1434 voluerimus.
3285 1378 3420 1443 Quid
3447 1378 3597 1432 enim

1995 1486 2198 1529 tantmn
2233 1476 2525 1543 poterimus
2547 1473 2836 1536 dimittere,
2860 1481 3113 1541 quantum
3142 1471 3295 1523 nobis
3315 1485 3345 1523 a
3371 1468 3597 1522 Domino

1991 1566 2315 1621 dimittitur?
2346 1566 2414 1620 Et
2449 1581 2545 1618 nos
2574 1565 2790 1633 quidem
2839 1564 2883 1616 si
2930 1564 3031 1615 hoc
3073 1562 3432 1627 voluerimus,
3461 1577 3596 1615 con-

1993 1661 2161 1715 servis
2193 1659 2545 1723 remittimus;
2580 1658 2675 1726 ipsi
2721 1673 2847 1711 νε·το
2885 1672 2913 1708 a
2954 1657 3177 1709 Domino
3222 1656 3597 1711 remissionem

1993 1750 2305 1821 accipimus.
2339 1748 2407 1802 Et
2444 1749 2566 1803 vide
2607 1756 2661 1799 ut
2701 1747 2989 1816 diligenter
3023 1745 3228 1814 singula
3271 1753 3395 1798 sunt
3430 1744 3598 1799 dicta.

1996 1839 2111 1894 Non
2144 1841 2285 1894 enim
2316 1840 2450 1893 dixit
2489 1839 2831 1907 simpliciter,
2861 1838 2916 1893 Si
2949 1854 3054 1892 non
3082 1838 3393 1892 dimiseritis
3419 1837 3597 1891 homi-

1994 1931 2149 1983 nibus
2162 1940 2394 2003 peccata
2429 1947 2440 1980 :
2475 1929 2591 1991 sed,
2625 1929 2686 1983 Si
2715 1945 2816 1982 non
2848 1930 3189 1999 unusquisque
3216 1929 3363 1997 fratri
3391 1944 3486 1981 suo
3517 1944 3596 1981 re-

1994 2026 2230 2078 miseritis
2250 2041 2277 2078 e
2297 2024 2529 2078 cordibus
2552 2025 2727 2077 vestris
2752 2023 2938 2077 delicta
2959 2022 3184 2076 illorum.
3212 2022 3443 2077 Advorte
3464 2038 3597 2092 qu0¢

1994 2118 2155 2173 modo
2200 2117 2310 2170 vult
2362 2132 2456 2171 cor
2504 2126 2751 2170 nostrum
2798 2117 2848 2170 in
2894 2117 3075 2185 quiete
3115 2126 3170 2170 et
3217 2116 3599 2186 tranquillitate

1994 2224 2133 2267 esse.
2156 2218 2209 2262 et
2239 2218 2470 2261 mentem
2502 2218 2738 2263 nostram
2769 2222 2797 2259 a
2829 2207 3318 2277 perturbationibus
3344 2209 3600 2274 alienam,

1995 2301 2469 2369 aﬂ'ectionibutique
2505 2301 2757 2353 omnibus
2786 2299 3007 2353 liberam
3027 2340 3043 2367 ,
3078 2301 3471 2369 plurimumque
3500 2316 3602 2355 nos

1995 2408 2119 2462 erga
2149 2393 2445 2462 proximum
2474 2391 2779 2448 dilectionis
2804 2394 3037 2448 studium
3069 2394 3367 2452 declarare.
3400 2394 3464 2446 Et
3493 2395 3601 2447 a'io

1994 2499 2209 2551 quoque
2238 2483 2355 2537 loco
2386 2483 2577 2537 iterum
2611 2482 2881 2539 dicentem
2920 2483 3112 2537 audire
3147 2484 3273 2538 licet
3302 2500 3316 2536 :
3352 2483 3412 2537 Si
3441 2484 3599 2536 dimi-

1993 2575 2157 2628 seritis
2182 2575 2465 2627 hominibus
2492 2574 2678 2628 delicta
2705 2576 2933 2637 illorum,
2961 2573 3178 2629 dimittet
3202 2584 3249 2628 et
3276 2575 3412 2640 vobis
3441 2574 3599 2628 Pater

1994 2674 2149 2717 vester
2173 2664 2386 2718 caelestis
2413 2664 2628 2735 (Matth.
2658 2664 2713 2719 6.
2746 2666 2853 2733 16).
2884 2664 2962 2719 Ne
2990 2664 3147 2735 igitur
3172 2674 3439 2735 putemus.
3471 2665 3601 2719 dum

1996 2757 2098 2809 hoc
2124 2756 2367 2817 iacimus,
2397 2770 2495 2809 nos
2520 2755 2674 2809 alteri
2700 2756 3012 2823 gratiﬁcari,
3034 2764 3125 2809 aut
3153 2771 3403 2825 magnum
3430 2750 3600 2826 quod-

1993 2847 2114 2901 dam
2142 2848 2456 2901 bent-licium
2482 2848 2620 2915 apud
2646 2848 2793 2901 illum
2821 2846 3111 2915 deponere.
3134 2847 3265 2901 Nam
3290 2848 3389 2916 ipsi
3411 2863 3598 2902 sumus

1993 2940 2084 3008 qui
2128 2940 2389 2993 beneﬁcio
2432 2938 2685 3000 fruimur,
2725 2946 2781 2992 et
2822 2940 3049 2992 multum
3100 2939 3233 2993 lucri
3282 2938 3403 2992 inde
3443 2940 3600 2993 nobis

1992 3026 2343 3081 conciliamus
2376 3043 2389 3079 :
2419 3027 2556 3079 sicut
2582 3027 2742 3080 etiam
2772 3027 2816 3079 si
2844 3024 2946 3079 hoc
2974 3041 3079 3081 non
3120 3024 3409 3081 fecerimus
3428 3068 3445 3093 ,
3477 3042 3598 3082 om-

1994 3115 2123 3168 nino
2152 3114 2281 3168 nibil
2318 3129 2413 3169 eos
2443 3114 2636 3169 lmdere
2677 3115 2971 3184 poterimus
2994 3156 3010 3182 ,
3042 3102 3202 3170 nobis
3249 3117 3379 3185 ipsis
3416 3126 3600 3172 autem

1995 3205 2381 3259 intolerabilem
2410 3204 2668 3274 gchenuze
2698 3220 2910 3274 paruam
2936 3220 3207 3277 paramus.
3241 3206 3465 3274 Idcirco,
3500 3209 3598 3265 ob-

1994 3312 2148 3351 secro
2171 3339 2187 3363 ,
2216 3308 2273 3351 ut
2300 3298 2597 3365 cOgitantes
2622 3297 2737 3352 lucc
2759 3339 2774 3362 ,
2807 3314 3094 3367 numquam
3126 3299 3469 3356 admittamus
3493 3343 3509 3367 ,
3538 3312 3598 3358 ut

1994 3405 2178 3443 eorum
2215 3390 2302 3458 qui
2337 3404 2434 3443 nos
2462 3390 2847 3457 contristarunt
2870 3430 2886 3454 ,
2925 3388 3010 3444 vel
3048 3389 3180 3444 alias
3222 3391 3596 3458 olleuderunt,

1994 3482 2201 3549 injuriae
2240 3483 2682 3547 rctniniscamur,
2713 3481 2799 3536 vei
2844 3482 3062 3537 inimico
3091 3483 3271 3537 animo
3306 3499 3431 3554 erga
3475 3485 3601 3540 illos

1993 3572 2289 3627 afficiantur
2316 3590 2328 3623 :
2360 3572 2453 3627 sed
2486 3573 2894 3627 considerantes
2918 3584 3111 3644 quanta
3154 3574 3256 3630 hoc
3287 3575 3441 3630 nobis
3466 3577 3601 3631 alle-

1995 3674 2076 3717 rat
2118 3663 2374 3718 beneﬁcia
2400 3705 2413 3726 .
2448 3672 2501 3717 et
2528 3674 2779 3733 quantam
2809 3664 2949 3734 apud
2992 3664 3274 3719 Dominum
3306 3664 3552 3721 fiduciam
3574 3682 3599 3733 ;

1994 3766 2048 3809 ct
2084 3767 2207 3809 ante
2245 3757 2420 3809 omnia
2443 3797 2456 3820 ,
2489 3757 2630 3827 quod
2661 3757 2996 3811 reconciliari
3025 3772 3146 3811 cum
3179 3758 3243 3811 iis
3270 3759 3359 3829 qui
3390 3773 3489 3813 nos
3516 3760 3599 3813 in.

1990 3848 2128 3917 jnria
2156 3847 2405 3913 allecerc,
2433 3856 2772 3917 peccatorum
2798 3857 3102 3903 nostrorum
3125 3849 3434 3919 absumptio
3449 3866 3599 3921 quae.

1993 3940 2116 3993 dam
2148 3938 2216 3992 sit
2250 3956 2263 3991 :
2292 3937 2603 3993 festinemus
2639 3948 2693 3995 et
2730 3938 3047 3995 anhelemus
3084 3947 3143 3994 ut
3182 3950 3427 4010 paratum
3473 3942 3602 3999 inde

1994 4029 2197 4082 lucrum
2228 4037 2559 4097 reputantes,
2592 4038 2697 4082 tam
2725 4028 2952 4082 ofﬁciosi
2984 4029 3035 4082 in
3064 4044 3159 4083 eos
3188 4030 3355 4083 simus
3379 4030 3469 4099 qui
3498 4047 3599 4084 tuis

1995 4120 2352 4183 oli'enderunt,
2379 4134 2537 4189 quam
2565 4134 2749 4172 sumus
2777 4120 2828 4173 in
2857 4134 2951 4174 eos
2977 4120 3067 4191 qui
3095 4136 3220 4175 vere
3251 4121 3407 4175 nobis
3435 4122 3601 4177 benc-

1998 4212 2211 4267 faciunt.
2244 4212 2375 4266 Nam
2416 4212 2459 4265 si
2492 4214 2758 4280 sapimus,
2790 4229 2902 4265 non
2925 4213 2994 4266 ita
3027 4212 3179 4266 nobis
3212 4213 3467 4281 prodesse
3500 4230 3596 4283 po-

1997 4315 2171 4359 terunt
2202 4307 2290 4375 qui
2320 4304 2561 4359 benevoli
2596 4303 2647 4357 in
2679 4319 2778 4357 nos
2812 4314 2937 4359 sunt
2963 4313 3018 4357 et
3048 4305 3313 4358 demereri
3342 4306 3556 4373 cupiunt
3577 4346 3596 4371 ,

1998 4410 2051 4451 ut
2083 4398 2305 4453 istorum
2333 4398 2507 4451 cultus
2538 4407 2591 4451 et
2619 4397 2923 4451 observatio
2948 4397 3186 4451 divinum
3218 4397 3453 4452 favorem
3496 4416 3597 4451 ne.

1998 4488 2076 4540 bis
2105 4487 2428 4550 conciliabit,
2461 4500 2665 4553 nosque
2691 4486 2901 4538 sarcina
2931 4496 3268 4554 peccatorum
3301 4487 3519 4541 levabit.

2067 4577 2117 4628 8.
2146 4575 2227 4629 De
2252 4576 2657 4628 reconciliatione
2676 4584 2725 4627 et
2743 4591 2915 4628 amore
2932 4575 3271 4628 inimicorum.
3291 4604 3363 4617 -—
3382 4578 3593 4645 Cogita,

1995 4666 2242 4730 obsecro,
2276 4664 2494 4727 diiecte,
2521 4675 2714 4734 quanta
2742 4666 2811 4717 sit
2838 4664 2996 4733 hujus
3024 4665 3232 4718 virtutis
3262 4667 3595 4737 magnitudo,

1996 4766 2050 4809 ct
2077 4756 2222 4809 disce
2248 4756 2330 4807 vel
2362 4770 2427 4809 ex
2473 4754 2707 4821 pmamiis
2746 4770 2865 4824 qua:
2908 4763 3128 4823 propter
3171 4755 3315 4808 illam
3356 4757 3598 4811 universi

2000 4848 2257 4901 Dominus
2288 4847 2549 4915 promisit.
2579 4847 2709 4901 Nam
2737 4862 2857 4901 cum
2885 4847 3105 4901 dixisset
3137 4865 3149 4901 :
3184 4847 3393 4919 Diligite
3418 4851 3595 4902 inimi-

1988 4958 2076 4995 cos
2100 4954 2304 5007 vestros,
2331 4943 2603 4996 benedicite
2622 4944 2693 4996 eis
2717 4943 2809 5013 qui
2830 4954 3193 5010 persequuntur
3213 4959 3317 5005 vos,
3343 4956 3481 5001 orate
3502 4963 3600 5012 pro

1995 5034 2423 5086 calumniantibus
2451 5050 2534 5086 vos
2559 5032 2771 5107 (Matth.
2796 5031 2848 5088 5.
2879 5033 2969 5099 Μ)
3000 5051 3013 5083 :
3040 5034 3160 5102 quia
3193 5033 3440 5088 sublimia
3471 5047 3597 5090 sunt

1997 5134 2260 5192 praecepta
2284 5163 2297 5185 ,
2338 5137 2713 5190 summumque
2753 5122 3006 5177 verticem
3040 5123 3305 5192 tangentia
3328 5164 3342 5184 ,
3377 5124 3545 5192 inquit
3579 5142 3595 5178 :

2001 5214 2067 5267 Ut
2099 5213 2381 5283 (περίαιηὶηὲ
2405 5213 2593 5267 similes
2625 5211 2771 5264 Patri
2794 5222 2972 5274 vestro,
3110 5214 3159 5265 in
3185 5213 3322 5267 catis
3340 5224 3413 5266 est
3440 5216 3595 5281 :quia

1996 5304 2151 5358 solem
2180 5320 2328 5357 suum
2350 5303 2474 5353 oriri
2496 5304 2615 5371 facit
2645 5319 2794 5371 super
2824 5302 2979 5357 bonos
3004 5312 3055 5355 et
3075 5303 3258 5367 malos,
3284 5313 3329 5355 et
3356 5304 3484 5371 pluit
3508 5320 3598 5357 sn-

1964 5406 2085 5463 ’νην
2120 5398 2282 5461 justos
2318 5401 2361 5445 et
2398 5392 2613 5461 injustas
2647 5391 2824 5461 (ibid.
2858 5408 2906 5446 υ.
2949 5392 3061 5461 45).
3105 5392 3294 5446 Vidisti
3336 5402 3592 5461 quantum

2000 5485 2215 5538 facultas
2237 5482 2337 5537 fert
2358 5482 2611 5547 humana,
2631 5484 2711 5535 Cui
2731 5482 2919 5536 similis
2940 5484 3031 5536 liat
3049 5484 3135 5551 qui
3159 5498 3263 5535 non
3287 5483 3459 5536 solum
3485 5498 3593 5537 non

2000 5576 2270 5629 ulciscitur
2296 5589 2417 5628 eum
2447 5574 2535 5643 qui
2576 5574 2828 5637 olTendit,
2858 5573 2951 5627 sed
2980 5585 3032 5628 et
3062 5588 3157 5641 pro
3187 5588 3251 5625 eo
3280 5586 3435 5625 orare
3475 5580 3595 5623 stu-

1998 5668 2129 5720 det?
2163 5666 2238 5720 Ne
2280 5666 2436 5734 igitur
2465 5665 2783 5733 negligentia
2814 5674 2993 5716 nostra
3024 5664 3219 5716 talibus
3251 5675 3349 5715 nos
3379 5659 3595 5713 fraude-

2004 5771 2120 5811 mus
2164 5756 2315 5811 bonis
2336 5794 2351 5821 ,
2388 5764 2441 5808 et
2473 5755 2703 5822 praemiis
2728 5770 2845 5821 qum
2870 5767 3085 5808 omnem
3113 5764 3417 5808 sermonem
3446 5757 3593 5804 tran-
