4070 6390
527 362 626 418 ιιδι

531 471 926 529 scendunt:st
954 473 1123 527 modis
1149 473 1394 526 omnibus
1421 471 1542 524 boni
1575 470 1729 536 hujus
1753 466 1927 536 operis
1949 462 2099 516 nobis

530 580 657 618 cura
689 565 791 627 sit,
821 575 1146 635 cogaturque
1166 572 1220 618 et
1242 563 1512 617 erudiatur
1535 575 1685 614 mens
1711 571 1766 612 ut
1794 566 1975 627 pareat
2014 556 2105 608 Dei

535 653 837 724 prasceptis.
868 654 998 708 Nam
1030 662 1306 723 prepterea
1337 653 1473 706 hanc
1496 651 1906 705 admonitionem
1933 657 1985 700 et
2008 661 2106 714 ego

536 761 678 801 nunc
701 746 836 811 feci,
868 757 921 800 et
951 745 1250 814 parabolam
1278 745 1330 797 in
1353 743 1583 796 medium
1612 741 1759 794 attuli
1785 757 1799 800 ;
1833 749 1882 793 et
1913 748 2105 806 quanta

538 838 608 891 sit
654 836 810 904 hujus
854 837 973 889 boni
1019 836 1194 902 operis
1237 834 1583 904 magnitudo,
1611 841 1664 886 et
1695 839 1946 900 quantum
1985 826 2107 880 inde

539 925 742 979 lucrum
773 925 924 980 nobis
958 934 1248 990 accrescat,
1279 925 1507 989 ostendi,
1545 933 1600 976 ut
1627 937 1746 976 cum
1776 920 1947 973 adhuc
1973 926 2111 971 tem-

539 1029 639 1081 pus
667 1026 770 1079 cst,
795 1016 838 1069 si
865 1015 982 1083 quis
1008 1030 1074 1069 ex
1099 1015 1250 1070 vobis
1275 1024 1355 1069 est
1380 1015 1466 1084 qui
1494 1014 1655 1066 alium
1684 1011 1875 1065 habeat
1903 1009 2000 1063 sibi
2030 1010 2110 1060 in-

542 1103 768 1167 fensum,
797 1118 1014 1172 operam
1041 1107 1132 1158 det
1172 1114 1226 1159 ut
1249 1104 1486 1158 ofﬁciose
1526 1101 1914 1157 reconcilietur.
1945 1101 2012 1152 At
2042 1113 2108 1152 ne

537 1196 656 1260 quis
691 1193 815 1247 ntihi
855 1194 997 1248 dicat
1028 1211 1041 1245 :
1073 1190 1248 1250 Semel
1285 1203 1442 1262 atque
1481 1195 1670 1246 iterum
1698 1191 1883 1254 oravi,
1913 1197 1967 1243 et
2001 1203 2104 1241 non

539 1284 763 1338 assensit
792 1301 806 1336 :
834 1285 877 1338 si
906 1285 1005 1339 hoc
1030 1287 1236 1339 sincere
1266 1284 1536 1346 faciamus,
1570 1297 1674 1334 non
1703 1281 1848 1349 prius
1872 1278 2108 1347 quiesca-

537 1390 656 1429 mus
678 1417 694 1440 ,
723 1376 890 1440 donec
922 1378 1086 1430 multa
1111 1377 1394 1431 sedulitate
1416 1374 1690 1428 victoriam
1720 1372 1894 1438 adepti
1921 1411 1934 1433 ,
1963 1371 2106 1422 illum

539 1465 690 1519 nobis
716 1464 1058 1520 conciliemus
1080 1507 1095 1522 .
1125 1475 1177 1520 et
1205 1482 1233 1518 a
1262 1466 1371 1519 suis
1399 1466 1450 1518 in
1483 1479 1578 1516 nos
1617 1460 1904 1516 inimicitiis
1940 1459 2106 1512 abdu-

538 1569 740 1608 camus.
768 1554 1031 1623 Numquid
1072 1556 1142 1609 illi
1183 1555 1376 1622 aliquid
1406 1551 1697 1622 largimur?
1727 1551 1781 1604 In
1814 1565 1910 1603 nos
1941 1559 2109 1602 trans-

538 1654 666 1697 eunt
693 1645 946 1698 beneﬁcia
975 1664 990 1698 :
1021 1645 1111 1698 Dei
1143 1645 1374 1697 favorem
1403 1643 1525 1696 hinc
1549 1641 1896 1709 assequimur,
1929 1653 2113 1706 perra-

543 1743 714 1784 torntn
739 1740 1039 1786 nostrorum
1062 1732 1266 1786 veniam
1292 1731 1682 1798 consequimur,
1712 1743 1952 1797 magnam
1973 1729 2108 1794 apud

545 1821 822 1874 hominum
856 1822 1099 1874 ﬁduciam
1128 1821 1436 1890 accipimus.
1465 1820 1520 1874 Si
1552 1819 1653 1873 hoc
1680 1818 1988 1881 fecerimus,
2021 1831 2114 1885 po-

543 1910 760 1965 terimus
801 1927 931 1980 pura
975 1911 1298 1966 conscientia
1341 1910 1408 1965 ad
1448 1919 1682 1964 sanctam
1721 1909 2115 1976 terribilemque

546 2000 682 2055 hanc
708 2017 942 2056 mensam
971 2002 1256 2066 accedere,
1282 2012 1337 2057 et
1364 2002 1522 2055 verba
1555 2002 1638 2054 illa
1670 2016 1787 2070 qua:
1827 2000 2114 2069 precationi

546 2091 739 2144 inserta
768 2099 910 2155 sunt,
940 2091 1163 2146 ﬁdeliter
1186 2093 1381 2146 dicere.
1413 2092 1598 2146 Sciunt
1621 2091 1805 2144 initiati
1831 2089 1953 2158 quid
1976 2090 2116 2143 dica-

546 2189 652 2233 tur.
681 2180 906 2234 I‘roinde
929 2181 1339 2251 uniuscujusque
1364 2182 1698 2235 conscientia:
1727 2181 1964 2248 relinquo
1986 2194 2118 2249 quo.

546 2269 703 2320 modo
730 2269 974 2322 mandato
1001 2270 1092 2324 illo
1118 2271 1351 2338 impleto,
1381 2285 1474 2338 per
1501 2269 1624 2323 illud
1653 2269 1888 2322 terribile
1911 2277 2116 2336 tempus

545 2357 660 2410 hzrc
704 2357 925 2412 fidenter
967 2359 1146 2413 dicere
1189 2361 1473 2428 possimus.
1509 2359 1659 2428 Quod
1704 2360 1748 2413 si
1791 2359 2118 2428 negligentes

548 2447 799 2500 fuerimus
819 2487 836 2512 ,
866 2455 1058 2514 quanta
1087 2448 1211 2503 hinc
1249 2451 1401 2504 nobis
1432 2449 1890 2504 condemnationis
1922 2463 2077 2501 causa
2099 2489 2114 2511 ,

547 2535 635 2602 qui
659 2550 777 2590 cum
801 2551 860 2589 ea
886 2528 1002 2606 qum
1023 2547 1145 2592 sunt
1165 2538 1317 2593 dictis
1343 2539 1537 2593 nostris
1556 2539 1816 2592 contraria
1842 2537 2115 2602 faciamus,

549 2623 808 2679 audemus
834 2635 1030 2681 temere
1060 2627 1218 2683 verba
1247 2644 1460 2697 precum
1490 2630 1845 2697 pronuntiare,
1874 2637 1930 2682 et
1953 2626 2121 2695 maju.

547 2729 661 2769 retn
693 2716 844 2771 nobis
870 2717 1199 2786 ipsis-ignem
1227 2729 1521 2784 exstruere,
1555 2720 1791 2786 iramque
1821 2718 1912 2774 Dei
1942 2717 1992 2771 in
2021 2731 2120 2770 nos

549 2807 867 2870 provocare?
890 2806 1104 2861 Gaudeo
1129 2817 1182 2862 et
1214 2808 1384 2874 la-tor,
1408 2808 1527 2876 quia
1552 2809 1703 2861 video
1733 2822 1830 2861 vos
1856 2816 1996 2862 tanta
2028 2823 2120 2862 vo-

549 2894 747 2961 luptate
768 2910 889 2964 quae
913 2895 1137 2952 dicimus
1171 2897 1388 2962 audire,
1420 2909 1473 2952 et
1502 2898 1686 2968 plausu
1716 2898 1996 2952 ostendere
2027 2913 2119 2952 vos

549 2985 762 3039 studere
798 2996 1068 3055 promptos
1091 3001 1241 3049 esse,
1267 2995 1322 3042 et
1347 2987 1414 3042 ad
1438 2988 1686 3043 dominici
1726 2988 1909 3042 moniti
1948 2987 2120 3041 adim-

551 3071 835 3138 pletionem
876 3083 1105 3142 paratos.
1144 3075 1267 3130 Ilmc
1305 3077 1446 3129 enim
1486 3077 1778 3130 animarum
1823 3083 2119 3130 nostrarum

553 3160 811 3216 medicina
838 3172 919 3216 est
940 3202 954 3223 ,
983 3162 1085 3218 hoc
1110 3166 1385 3218 vulnerum
1416 3173 1718 3219 nostrorum
1747 3164 2122 3234 pharmacum,

554 3249 668 3303 lucc
689 3251 887 3318 optima
918 3252 1025 3305 Deo
1052 3254 1263 3320 placens
1291 3255 1395 3318 via,
1426 3255 1528 3309 hoc
1552 3256 1905 3310 certissimum
1934 3257 2124 3312 animae

554 3339 645 3391 Dei
670 3339 897 3393 amantis
923 3341 1194 3405 indicium,
1221 3345 1490 3413 suscipere
1510 3346 1682 3399 omnia
1713 3355 1928 3414 propter
1956 3346 2123 3414 legem

552 3428 794 3495 Domini,
830 3438 884 3485 et
921 3446 951 3486 a
991 3433 1365 3502 cogitationum
1404 3434 1709 3490 inﬁrmitate
1744 3450 1848 3489 non
1890 3434 2122 3500 retrahi,

552 3516 646 3572 sed
675 3517 1040 3574 affectionibus
1075 3522 1368 3590 imperare,
1401 3524 1578 3578 animo
1614 3539 1826 3579 versare
1869 3525 2124 3580 beneﬁcia

554 3605 708 3660 nobis
734 3620 762 3659 a
802 3607 911 3662 Deo
932 3611 1166 3678 quotidie
1193 3611 1445 3666 exhibita.
1489 3613 1552 3666 Et
1589 3617 1926 3683 quantumvis
1962 3630 2125 3669 cone-

558 3708 696 3758 llllll’,
723 3694 808 3748 vix
831 3697 1098 3750 minimam
1123 3709 1319 3767 partem
1343 3716 1610 3770 exponere
1633 3706 1924 3772 poterimus
1941 3719 2125 3758 eorum

557 3782 638 3835 \‘el
675 3797 792 3849 qua:
830 3783 955 3837 olim
986 3785 1039 3840 in
1077 3801 1174 3840 nos
1209 3788 1397 3843 collata
1436 3799 1588 3855 sunt,
1625 3793 1706 3847 vel
1741 3809 1859 3862 qua:
1892 3793 2129 3862 quotidie

557 3870 865 3939 accipimus,
896 3875 976 3928 vel
1005 3891 1122 3944 qore
1153 3877 1202 3929 in
1233 3878 1461 3932 futurum
1492 3885 1733 3960 reposita:
1748 3892 1870 3938 sunt
1898 3884 2055 3948 bona,
2084 3885 2128 3938 si

557 3960 878 4015 voluerimus
914 3964 1156 4018 mandata
1201 3967 1404 4021 Domini
1449 3986 1610 4038 opere
1647 3975 1934 4041 complere.
1969 3975 2132 4044 Igitur

559 4047 682 4102 hinc
715 4059 1002 4117 exeuntes,
1033 4056 1166 4108 istud
1199 4057 1246 4108 in
1277 4058 1456 4125 primis
1484 4061 1742 4127 agendum
1774 4063 1966 4131 quique
2006 4080 2128 4132 pro-

555 4149 791 4204 ponant,
821 4149 874 4193 et
903 4144 1048 4210 quasi
1087 4144 1151 4197 ad
1193 4146 1494 4200 tlteSaurstm
1537 4152 1820 4204 maximum
1850 4153 2125 4215 festinent,

556 4239 727 4295 neque
762 4228 844 4281 vel
885 4231 1158 4285 minimum
1193 4232 1702 4292 diﬂ'erantEtiamsi
1733 4240 1911 4294 labore
1939 4244 2018 4295 vel
2052 4244 2129 4295 iti-

557 4315 841 4383 quisitiunc
869 4319 949 4372 vel.
972 4321 1126 4390 longo
1155 4324 1340 4379 itinere
1367 4343 1499 4395 npus
1526 4331 1610 4394 sit,
1639 4331 1840 4386 etiamsi
1874 4333 2128 4386 molestim

563 4408 738 4461 inultae
763 4410 888 4471 sint,
916 4413 1089 4465 omnia
1122 4413 1232 4469 lucc
1259 4418 1558 4471 auferamus
1588 4421 1978 4486 ἱιιηιθιὶὶιιιοιιιτι.
2006 4422 2129 4478 Uni-

559 4511 620 4549 ca
651 4499 801 4552 nobis
827 4515 952 4554 cura
981 4503 1068 4569 sit,
1095 4507 1360 4574 quomodo
1391 4512 1691 4564 mandatum
1726 4513 1930 4566 Domini
1956 4515 2128 4568 adim-

562 4586 799 4652 pleamus
824 4630 838 4652 ,
871 4600 923 4644 et
951 4592 1260 4650 obedientim
1287 4599 1439 4651 nobis
1465 4600 1711 4655 afferatur
1741 4619 1966 4659 merces.
1994 4607 2125 4661 Num

562 4675 746 4741 ignoro
766 4692 923 4744 grave
942 4688 996 4733 et
1016 4682 1291 4738 molestum
1317 4687 1504 4750 videri,
1530 4689 1592 4742 ad
1614 4706 1732 4744 eum
1757 4694 1843 4761 qui
1873 4693 2130 4751 hostiliter

561 4764 615 4816 in
643 4773 692 4818 le
721 4767 940 4823 affectus
965 4771 1050 4834 sit,
1080 4773 1246 4839 abire,
1271 4789 1496 4846 cumque
1524 4793 1588 4832 eo
1613 4789 1752 4833 stare
1778 4790 1833 4834 et
1859 4782 2035 4851 loqui?
2063 4791 2130 4840 At

561 4851 607 4903 si
635 4854 864 4909 mandati
888 4857 1201 4927 cogitaveris
1227 4863 1533 4931 dignitatem
1562 4876 1614 4921 et
1643 4871 1902 4924 mercedis
1930 4877 2128 4942 magni-

566 4941 822 5010 tudinem,
849 4955 901 4999 et
926 4963 1032 5015 quo
1061 4960 1214 5019 pacto
1243 4968 1346 5008 non
1378 4956 1428 5009 in
1459 4955 1623 5022 illum,
1654 4959 1748 5014 sed
1777 4960 1828 5013 iu
1865 4972 1914 5017 te
1943 4941 2128 5020 recur-

564 5039 684 5083 rant
710 5031 997 5110 bencficia,
1027 5042 1202 5095 omnia
1233 5044 1323 5098 tibi
1351 5045 1480 5098 levia
1505 5057 1557 5101 et
1593 5049 1762 5104 facilia
1792 5051 2126 5110 videbuntur.

568 5120 688 5173 Haec
727 5123 883 5191 igitur
922 5126 972 5180 in
1014 5132 1281 5186 mentibus
1325 5136 1521 5189 nostris
1559 5151 1858 5201 versantes.
1901 5159 2129 5200 consue-

565 5209 799 5266 tudinem
842 5225 1073 5272 nostram
1109 5222 1378 5278 vincamus
1401 5265 1416 5289 ,
1448 5227 1631 5295 piaque
1663 5242 1839 5286 mente
1868 5233 2129 5292 dominica

567 5300 809 5356 mandata
842 5305 1251 5376 adimpleamus,
1284 5331 1385 5383 quo
1417 5327 1467 5368 ct
1504 5333 1529 5368 a
1561 5319 1771 5376 Christo
1807 5331 2128 5383 remunerari

566 5405 881 5461 mereamur,
911 5401 1073 5466 gratia
1113 5412 1165 5455 et
1195 5406 1547 5461 misericordia
1576 5410 1821 5468 bonitatis
1848 5417 1981 5484 ejus,
2007 5421 2128 5488 qui-

564 5493 682 5533 cum
706 5479 868 5547 Patri,
896 5496 949 5540 et
969 5499 1148 5543 sancto
1174 5491 1387 5560 Spiritui
1410 5498 1478 5549 sit
1501 5498 1686 5565 gloria,
1713 5479 2132 5572 imperium,-lto-

568 5581 686 5633 nor,
716 5586 852 5626 nunc
874 5583 927 5629 et
949 5592 1179 5648 semper,
1204 5590 1258 5637 et
1287 5583 1339 5637 il
1365 5587 1554 5643 saecula
1578 5591 1910 5648 saeculorum.
1935 5597 2126 5653 Amen.

1240 359 1296 416 S.
1337 356 1609 414 JOANNIS
1660 347 2131 409 CIIllYSOS'l'OMl
2189 347 2499 402 ARCIIII'ZI‘.
2542 346 3073 402 CONSTANTiNOP.

3682 352 3792 406 251

2734 460 3004 514 IIOMIIJA
3049 459 3280 514 XXVIII.

2218 593 2285 645 Et
2311 596 2435 646 dixit
2470 595 2714 646 Dominus
2738 593 2876 646 Dens
2897 599 2963 646 ad
2985 594 3114 656 Noe,
3138 605 3186 648 et
3207 594 3275 647 uti
3298 596 3432 663 ﬁlios
3454 599 3560 669 ejus
3574 614 3689 649 cum
3711 614 3791 657 ea.

2287 684 2455 735 dicens
2481 701 2493 736 :
2520 681 2650 735 Ecce
2673 698 2762 749 ego
2790 692 2952 735 statuo
2980 694 3324 737 testamentum
3340 701 3501 738 meum
3519 687 3716 740 robisrtt
3736 706 3793 751 η,

2286 785 2330 826 et
2359 791 2472 826 cum
2496 775 2681 828 semine
2705 785 2865 828 vestro
2893 785 3000 843 post
3026 791 3130 837 vos,
3159 786 3204 829 et
3242 778 3378 831 omni
3404 780 3589 832 anima:
3615 782 3799 836 viventi

2278 863 2541 916 vobiscum
2578 873 2679 916 tam
2711 865 2764 917 in
2797 865 3078 917 volucribus
3098 905 3112 928 ,
3150 883 3300 934 quant
3335 868 3388 920 in
3423 871 3719 940 pecudibus,
3748 885 3797 925 et

2285 955 2513 1006 omnibus
2537 955 2702 1008 bestiis
2728 964 2873 1008 terra:
2895 953 3046 1021 (Gen.
3078 956 3131 1009 9.
3155 956 3189 1011 8
3205 957 3379 1031 -10).

2289 1108 2336 1161 l.
2371 1107 2493 1161 IIeri
2525 1110 2790 1177 proposita
2815 1110 3204 1179 benedictione,
3237 1132 3394 1186 quam
3430 1132 3808 1191 consequutus

2213 1208 2294 1252 est
2325 1199 2434 1252 Noe
2463 1216 2492 1251 a
2521 1199 2777 1264 Domino;
2818 1201 2904 1270 qui
2936 1213 3056 1271 post
3082 1221 3353 1276 egressum
3384 1226 3446 1263 ex
3479 1225 3600 1264 arca
3629 1217 3800 1264 altare

2215 1290 2511 1355 anliﬁeavit,
2553 1301 2606 1344 ct
2645 1291 2836 1345 oblatis
2883 1292 2934 1348 in
2973 1298 3261 1363 gratiarum
3307 1301 3568 1355 aetionem
3610 1301 3800 1356 hostiis

2213 1391 2420 1448 gratum
2460 1382 2698 1436 exhibuit
2739 1383 2994 1448 animum,
3038 1387 3256 1442 ulterius
3295 1405 3466 1459 neque
3509 1392 3797 1461 progredi,

2219 1486 2387 1538 neque
2411 1468 2692 1526 lectionem
2726 1481 2888 1529 lotam
2921 1491 3191 1540 enarrare,
3225 1495 3392 1547 neque
3416 1493 3669 1551 quautam
3699 1482 3799 1537 be-

2217 1562 2406 1629 nignus
2438 1563 2572 1616 Deus
2598 1578 2720 1633 erga
2743 1566 2940 1632 justum
2970 1567 3137 1620 virum
3165 1569 3543 1636 indulgentiam
3572 1581 3627 1625 et
3651 1573 3804 1625 solli-

2216 1651 2503 1704 citudinem
2534 1653 2852 1716 exhibuerit,
2881 1655 3162 1710 ostendere
3192 1659 3479 1725 potuimus.
3520 1658 3654 1714 Nam
3684 1675 3803 1717 ser-

2218 1756 2429 1795 monem
2479 1752 2737 1808 nostrum,
2769 1745 2888 1814 quia
2933 1747 3138 1815 longius
3178 1750 3514 1815 excurrebat,
3552 1753 3805 1807 celeriter

2217 1832 2559 1896 succidimus,
2591 1843 2648 1888 ιιι
2695 1850 2762 1891 ne
2801 1837 3137 1893 multitudine
3175 1840 3285 1907 jam
3326 1841 3586 1897 dictorum
3623 1856 3802 1899 vestra

2219 1925 2473 1978 memoria
2503 1925 2835 1988 obrueretur.
2870 1944 2974 1982 non
3001 1931 3116 1984 sine
3138 1931 3339 1998 jactura
3365 1948 3551 1987 eorum
3572 1950 3694 2004 qum
3719 1937 3772 1989 di
3790 1965 3802 1976 -

2221 2015 2386 2068 cenda
2413 2025 2580 2069 erant.
2616 2016 2728 2070 Non
2757 2019 2897 2072 enim
2927 2019 3026 2072 hoc
3055 2021 3225 2075 solum
3247 2025 3400 2076 nobis
3425 2040 3569 2079 cura:
3599 2026 3717 2091 fuit,
3748 2036 3806 2080 nt

2222 2105 2385 2155 multa
2413 2103 2708 2158 diceremus
2741 2124 2752 2157 :
2783 2107 2875 2159 sed
2919 2119 2976 2160 ut
3019 2117 3160 2161 tanta
3182 2151 3194 2171 ,
3229 2127 3345 2176 qure
3374 2113 3520 2166 vobis
3558 2113 3713 2167 facile
3737 2117 3808 2169 sit

2220 2203 2399 2247 mente
2418 2209 2607 2262 capere
2631 2236 2647 2258 ,
2677 2211 2783 2264 quo
2807 2214 2926 2251 cum
2961 2199 3107 2254 lucro
3137 2200 3260 2255 hinc
3288 2203 3436 2257 abire
3462 2204 3636 2258 liceat.
3671 2206 3804 2260 Nam

2220 2284 2262 2337 si
2297 2300 2394 2338 nos
2420 2284 2564 2352 plura
2592 2288 2747 2353 quam
2775 2301 2868 2354 par
2893 2289 2963 2342 sit
2986 2289 3302 2358 dixerimus,
3321 2300 3377 2347 et
3403 2307 3500 2347 vos
3529 2293 3660 2349 nihil
3683 2297 3808 2350 inde

2221 2373 2352 2425 lucri
2396 2374 2716 2440 percipiatis,
2762 2392 2882 2444 quae
2926 2378 3162 2433 utilitas?
3209 2381 3448 2436 Scientes
3495 2384 3677 2452 igitur,
3706 2401 3806 2438 nos

2223 2473 2438 2531 propter
2472 2475 2700 2519 vestram
2739 2467 3019 2522 utilitatem
3063 2470 3204 2524 hunc
3239 2471 3474 2526 laborem
3506 2474 3806 2542 suscipere,

2221 2561 2272 2606 et
2300 2552 2649 2608 sufﬁcientem
2678 2570 2775 2608 nos
2801 2559 3099 2612 mercedem
3123 2552 3391 2628 acccpiSse
3421 2562 3688 2615 credimus
3707 2601 3725 2626 ,
3763 2564 3806 2616 si

2223 2652 2456 2698 vestrum
2496 2643 2764 2698 videamus
2803 2647 3114 2714 profectum,
3159 2657 3213 2702 et
3245 2665 3338 2704 vos
3376 2651 3659 2718 diligenter
3685 2666 3806 2722 qua:

2225 2731 2470 2787 dicuntur
2499 2743 2681 2789 tenere
2711 2737 2762 2789 in
2788 2736 2988 2792 sinibus
3017 2738 3177 2791 animi
3207 2739 3366 2792 vestri
3400 2742 3655 2808 reposita,
3678 2756 3809 2796 con-

2225 2821 2373 2876 tinuo
2397 2838 2460 2877 ea
2492 2835 2849 2880 memorantes
2888 2837 2940 2880 et
2984 2828 3331 2883 ruminantes.
3384 2829 3635 2884 Memoria
3663 2833 3807 2886 enim

2226 2914 2350 2966 olim
2382 2915 2642 2970 dictorum
2672 2916 2830 2970 faciet
2875 2927 2932 2972 ut
2969 2919 3157 2987 majori
3201 2919 3450 2974 facilitate
3471 2921 3695 2976 dicenda
3723 2938 3810 2974 ca-

2229 3019 2353 3071 pere
2391 3006 2618 3072 possitis,
2652 3017 2808 3074 atque
2849 3008 2919 3060 ita
2962 3024 3245 3078 progressu
3289 3012 3543 3078 temporis
3584 3021 3811 3068 ca-tt-ros

2228 3095 2384 3148 etiam
2415 3095 2624 3151 docere.
2678 3098 2731 3151 In
2775 3098 2874 3152 hoc
2911 3099 3051 3152 enim
3095 3101 3251 3168 plane
3286 3102 3617 3172 invigilamus
3645 3113 3701 3157 et
3728 3105 3809 3157 itt-

2227 3186 2547 3248 cumbimus,
2580 3198 2634 3241 ut
2678 3203 2865 3242 omnes
2892 3204 2984 3245 vos
3023 3191 3242 3260 perfecti
3274 3196 3710 3248 eteousntnutati
3740 3198 3812 3248 si-

2230 3275 2316 3337 tis,
2340 3284 2393 3328 et
2420 3276 2552 3330 nihil
2578 3293 2759 3332 eorum
2784 3295 2901 3343 quze
2923 3281 2973 3333 in
2995 3282 3188 3336 divinis
3216 3284 3500 3353 Scriptttris
3528 3289 3781 3340 contineri
3801 3318 3813 3331 -

2231 3374 2316 3419 tur
2340 3381 2434 3420 vos
2467 3367 2645 3422 lateat.
2692 3370 2896 3424 Etenim
2937 3387 3119 3426 eorum
3169 3374 3381 3439 notitia,
3423 3375 3468 3429 si
3498 3376 3689 3444 vigiles
3727 3391 3814 3431 so-

2229 3457 2434 3525 briique
2479 3472 2601 3512 esse
2639 3460 2885 3514 volumus
2908 3503 2924 3526 ,
2965 3472 3018 3515 et
3055 3463 3120 3517 ad
3165 3464 3400 3519 melioris
3434 3466 3554 3520 vine
3605 3468 3813 3535 frugem

2231 3547 2517 3614 plurimum
2567 3550 2720 3604 nobis
2761 3551 3018 3616 conferet,
3056 3553 3446 3624 alacrioresque
3490 3556 3556 3609 ad
3604 3558 3816 3611 virtutis

2233 3636 2441 3691 labores
2482 3639 2696 3693 efﬁciet.
2741 3641 2870 3696 Nam
2901 3658 3022 3697 cum
3060 3644 3345 3699 doceamur
3374 3647 3621 3703 omnibus
3654 3648 3818 3716 justis

2230 3744 2472 3797 magnam
2495 3731 2632 3800 apud
2663 3732 2825 3785 Deum
2853 3748 2971 3788 esse
3001 3734 3266 3800 fiduciam,
3293 3736 3378 3804 qui
3407 3735 3585 3790 afflicti
3611 3747 3666 3790 et
3693 3748 3813 3791 teu-

2234 3821 2326 3872 tati
2352 3835 2446 3887 per
2476 3830 2637 3874 totam
2663 3824 2823 3876 vitam
2855 3838 3024 3886 suam,
3061 3826 3364 3894 patientiam
3392 3834 3446 3880 ct
3467 3836 3673 3895 gratum
3696 3829 3817 3881 ani—

2234 3923 2376 3960 mum
2417 3909 2770 3975 declararunt,
2803 3921 2856 3966 et
2895 3914 2970 3966 sic
3014 3916 3227 3982 praemia
3270 3925 3392 3969 sunt
3432 3915 3651 3982 adepti:
3683 3923 3820 3987 quo”-

2235 3999 2391 4052 modo
2421 4015 2525 4065 non
2545 4012 2598 4054 et
2627 4003 2778 4056 nobis
2806 4019 2946 4058 curae
2975 4007 3074 4059 erit
3099 4047 3113 4070 ,
3153 4017 3209 4060 ut
3237 4007 3476 4062 eamdem
3505 4008 3818 4064 inccdamus

2234 4089 2390 4152 viam,
2417 4106 2523 4159 quo
2548 4101 2601 4146 et
2627 4093 2813 4146 eadem
2853 4098 3066 4162 praemia
3099 4098 3474 4152 obtineamus?
3502 4097 3624 4152 Ideo
3650 4100 3818 4156 obse-

2233 4193 2346 4244 cro,
2373 4190 2428 4233 ut
2448 4183 2680 4249 quotidie
2705 4186 2898 4253 aliquid
2922 4189 3138 4241 accedat
3165 4189 3285 4242 boni
3311 4191 3509 4256 operis,
3531 4200 3582 4244 et
3607 4202 3820 4246 crescat

2233 4279 2466 4324 vestrum
2493 4273 2769 4327 aediﬁcium
2795 4277 3090 4343 spirituale,
3114 4292 3176 4330 ac
3197 4279 3329 4331 bona
3356 4293 3516 4345 Opera
3538 4295 3656 4346 qua:
3685 4280 3817 4334 olim

2234 4361 2453 4426 fecistis,
2498 4370 2654 4418 'cautc
2697 4367 3081 4437 diligenterque
3129 4369 3471 4434 custodiatis,
3523 4380 3577 4425 et
3623 4372 3666 4424 si
3711 4387 3817 4439 qua

2233 4452 2407 4506 adhuc
2439 4453 2805 4509 desiderantur
2826 4458 3086 4524 adjiciatis
3106 4501 3120 4521 ,
3150 4468 3207 4512 ut
3231 4461 3306 4513 sic
3334 4459 3384 4512 in
3409 4474 3678 4514 summum
3710 4463 3821 4517 vir-

2234 4543 2360 4593 tutis
2401 4547 2722 4611 pervcniatis
2770 4546 3056 4614 fastigium,
3104 4550 3156 4601 in
3202 4559 3434 4603 nostram
3475 4551 3720 4620 gloriam,
3766 4556 3820 4609 in

2234 4631 2631 4687 aediﬁcationem
2662 4634 2929 4696 Ecclesia},
2957 4639 3006 4690 in
3034 4639 3284 4693 honorem
3308 4639 3522 4696 Christi.
3551 4643 3692 4698 Sane
3717 4663 3822 4715 ego

2233 4722 2417 4775 videns
2461 4723 2774 4792 inexplebile
2805 4737 3035 4782 vestrum
3078 4744 3199 4798 erga
3244 4730 3571 4795 spiritualem
3617 4733 3822 4789 doctri-

2234 4826 2352 4864 nam
2379 4812 2632 4878 studium,
2656 4815 2862 4869 etiamsi
2884 4819 3128 4873 censcius
3149 4819 3248 4872 sim
3271 4835 3475 4888 magna:
3495 4837 3628 4876 mea:
3649 4827 3816 4880 tenui-

2234 4904 2374 4965 tatis,
2409 4918 2513 4957 non
2557 4905 2851 4960 intermitto
2884 4909 3118 4975 quotidie
3164 4913 3468 4966 convivium
3507 4929 3575 4968 ex
3619 4916 3820 4973 divinis

2232 4987 2518 5059 Scripturis
2537 5006 2815 5060 apparare,
2839 5005 2892 5051 et
2913 5013 3259 5066 quaecumque
3284 5001 3375 5054 Dei
3400 5005 3565 5071 gratia
3597 5007 3819 5076 propter

2232 5095 2382 5133 suam
2407 5081 2780 5151 benignitatem
2805 5096 2857 5139 et
2883 5098 3108 5141 vestram
3137 5091 3415 5146 utilitatem
3442 5096 3818 5162 suppeditave-

2234 5169 2321 5231 rit,
2348 5171 2534 5225 vestris
2559 5173 2776 5227 auribus
2802 5189 3115 5243 proponere.
3145 5179 3257 5248 Age
3284 5182 3442 5250 igitur
3465 5193 3519 5237 et
3546 5184 3703 5241 hodie
3735 5188 3819 5242 in-

2233 5258 2472 5313 dicemus
2499 5264 2706 5315 caritati
2731 5274 2920 5318 vestrte
2940 5267 3261 5322 eminentem
3293 5272 3381 5325 Dei
3411 5272 3814 5344 benignitatem,

2233 5366 2390 5418 quam
2438 5351 2672 5405 humano
2710 5357 2892 5421 generi
2935 5361 3173 5422 contulit,
3203 5371 3252 5413 et
3295 5363 3364 5414 ob
3407 5365 3456 5416 id
3493 5369 3649 5418 verba
3693 5385 3813 5433 qum

2234 5440 2374 5494 Deus
2399 5442 2462 5494 ad
2493 5442 2605 5495 Noe
2628 5444 2761 5497 dixit
2785 5445 3082 5501 aﬂ'eramns.
3101 5450 3154 5504 8.
3181 5450 3241 5502 Et
3262 5453 3390 5506 dixit
3417 5453 3553 5507 Dem
3581 5459 3650 5508 at!
3675 5458 3810 5524 Noe,

2232 5540 2276 5582 et
2299 5532 2428 5594 ﬁlios
2445 5531 2602 5583 illius.
2633 5533 2912 5602 Postquam
2935 5536 3201 5592 benedixit
3219 5542 3384 5603 illum,
3409 5554 3462 5597 et
3486 5546 3623 5600 ﬁlios
3645 5549 3807 5616 illius,

2233 5627 2284 5670 et
2311 5620 2460 5683 dixit,
2494 5620 2711 5674 Crescite
2735 5634 2781 5688 et
2807 5628 3227 5695 ntultiplicamini,
3257 5645 3310 5684 et
3342 5635 3556 5689 tradidit
3582 5637 3684 5693 illis
3706 5640 3808 5695 do-

2237 5711 2454 5764 minium
2478 5726 2637 5779 super
2657 5711 2807 5779 bruta
2835 5717 3029 5783 omnia,
3059 5730 3478 5795 potestatemque
3497 5725 3644 5784 dedit
3669 5735 3818 5785 hisce
