4070 6390
310 406 423 466 953

307 522 461 593 quasi
502 518 735 576 oleribus
776 515 1057 572 herbarum
1086 512 1259 576 vesci,
1293 524 1390 564 nec
1419 523 1522 562 non
1550 515 1603 557 et
1631 494 1902 557 mandavit

310 622 369 668 nt
398 627 591 666 carnes
638 606 690 663 in
737 606 1135 676 sanguinenon
1175 601 1481 662 comedam,
1510 596 1683 649 adhuc
1710 605 1902 662 gerens

306 714 491 756 curam
535 700 661 766 justi
710 707 764 751 et
819 693 1179 763 posteritatis,
1228 689 1609 755 beneﬁciisque
1658 693 1898 738 nostrutn

308 804 475 858 genus
502 789 727 843 ubertim
754 784 991 855 afﬁciens
1009 826 1022 846 ,
1053 783 1229 837 denuo
1256 778 1457 846 majora
1485 776 1665 843 adjicit
1695 774 1897 829 beneﬁ-

306 881 411 943 cia,
434 890 488 935 et
513 878 701 949 inquit,
721 876 960 943 Dixitque
977 874 1225 927 Dominus
1256 870 1388 924 Deus
1416 867 1529 923 Noe
1550 877 1595 921 et
1617 868 1737 936 ﬁliis
1760 864 1901 918 illius

306 987 421 1026 nutu
444 971 578 1040 ipso,
623 966 834 1022 dicens:
862 968 915 1022 9.
961 966 1092 1019 Ecce
1133 973 1299 1017 statuo
1344 970 1693 1015 testamentum
1735 972 1897 1009 meum

305 1060 578 1120 vobiscum,
609 1068 654 1111 et
690 1058 870 1112 semini
904 1065 1066 1109 vestro
1093 1063 1201 1123 post
1233 1070 1335 1115 ros,
1369 1052 1452 1107 l0.
1478 1060 1523 1103 et
1550 1050 1687 1101 omni
1715 1048 1900 1101 animat

304 1150 485 1207 viventi
508 1150 783 1214 vobiscum,
810 1165 844 1200 a
871 1146 1155 1201 volucribus
1190 1156 1237 1198 et
1268 1142 1560 1212 pecoribus,
1592 1150 1640 1193 et
1666 1137 1896 1191 omnibus

302 1240 470 1296 bestiis
498 1251 662 1303 terra,
692 1254 1017 1309 quascumque
1038 1248 1155 1290 sunt
1174 1236 1441 1297 vobiscum,
1466 1243 1509 1284 et
1539 1230 1770 1285 omnibus
1786 1245 1899 1297 quat

302 1349 501 1404 egressa
521 1341 641 1386 sunt
665 1347 727 1385 et
750 1348 909 1396 arca;
936 1331 1021 1385 ll.
1042 1338 1087 1383 et
1114 1337 1331 1381 statuam
1360 1334 1708 1378 testamentum
1732 1338 1895 1373 meum

299 1420 555 1475 vobiscum
577 1440 597 1475 :
622 1432 669 1474 et
708 1437 806 1474 non
850 1422 1091 1474 morietur
1128 1420 1263 1471 ultra
1302 1418 1464 1470 omnis
1494 1432 1612 1468 caro
1651 1431 1713 1467 ex
1751 1413 1893 1481 aquis

298 1509 511 1576 diluvii;
538 1530 629 1567 nec
654 1514 747 1567 erit
772 1514 909 1567 ultra
936 1512 1175 1564 diluvium
1208 1526 1371 1577 aqua,
1397 1508 1532 1576 quod
1561 1526 1757 1562 omnem
1788 1518 1889 1560 ter-

297 1616 409 1653 ram
456 1609 783 1671 corrumpat.
832 1602 963 1669 Quia
1009 1601 1296 1655 verisimile
1339 1608 1453 1654 erat
1491 1599 1690 1667 justum
1743 1599 1888 1652 illutn

296 1689 473 1745 adhuc
503 1691 554 1745 itt
583 1707 781 1759 angore
810 1706 961 1756 esse,
990 1702 1043 1745 et
1072 1702 1300 1745 mentem
1332 1692 1473 1743 illius
1500 1691 1781 1743 formidine
1810 1698 1889 1743 te-

296 1780 449 1843 neri;
490 1789 547 1836 et
580 1782 622 1835 si
666 1782 879 1855 quando
920 1782 1186 1852 ingrueret
1230 1798 1423 1851 parvus
1462 1782 1653 1851 aliquis
1696 1782 1887 1848 imber,

296 1869 534 1924 futurum
568 1872 772 1926 tristem
802 1882 854 1925 et
882 1873 1161 1926 attonitum
1182 1915 1194 1937 ,
1227 1872 1374 1940 quasi
1401 1871 1577 1925 denuo
1606 1872 1725 1925 talis
1756 1881 1891 1926 tem-

292 1968 474 2029 pestas
515 1961 770 2016 mundum
805 1961 1102 2017 involutura
1139 1971 1281 2017 esset
1315 1980 1327 2016 :
1361 1962 1481 2017 ideo
1511 1972 1568 2016 ut
1594 1972 1646 2017 et
1676 1963 1790 2032 ipse
1824 1962 1887 2015 ﬁ-

289 2048 420 2103 dere
444 2060 627 2119 posset
656 2054 1046 2122 posteritasque
1072 2054 1265 2115 omnis,
1294 2053 1527 2121 optimus
1555 2054 1693 2108 Deus
1722 2053 1889 2122 probe

286 2140 464 2195 sciens
506 2142 652 2195 illum
686 2143 768 2197 vel
814 2144 1087 2198 minimam
1124 2160 1236 2198 rem
1278 2145 1490 2201 turbare
1538 2160 1732 2215 posse:
1762 2161 1884 2199 nam

288 2232 678 2300 prmterilorum
707 2234 1033 2302 experientia
1062 2234 1126 2288 ad
1152 2232 1494 2289 formidinem
1523 2235 1881 2290 incutiendam

290 2318 515 2372 multum
559 2320 717 2375 habet
755 2324 1008 2377 momenti
1036 2340 1046 2375 :
1074 2323 1251 2392 itaque
1288 2324 1407 2393 quia
1442 2324 1731 2379 verisimile
1768 2335 1887 2380 erat

284 2407 497 2464 beatum
530 2411 669 2465 hunc
694 2428 908 2481 parvam
950 2414 1021 2468 ob
1063 2414 1293 2483 pluviam
1340 2415 1766 2480 formidaturum,
1798 2416 1881 2471 id—

284 2497 427 2552 circo
457 2500 716 2571 benignus
758 2503 895 2556 Deus
914 2545 929 2568 ,
968 2504 1117 2571 quasi
1146 2502 1391 2558 ﬁduciam
1421 2504 1494 2559 illi
1518 2504 1878 2573 adhibiturus,

282 2589 571 2645 etabomni
593 2591 876 2647 formidine
903 2594 1159 2658 solutum,
1187 2596 1237 2647 in
1267 2610 1510 2664 magnam
1537 2598 1877 2650 securitatem

281 2680 737 2748 etjucunditatem
767 2683 1099 2749 inducturns,
1127 2686 1387 2761 promittit
1414 2687 1510 2755 ipsi
1534 2701 1592 2742 se
1612 2687 1875 2755 ejusmodi

236 2784 239 2785 '
285 2784 496 2839 penam
526 2774 663 2827 ultra
692 2790 793 2828 non
822 2790 943 2831 esse
972 2776 1257 2831 illaturnm.

349 2862 403 2917 2.
450 2864 517 2918 Ει
552 2866 763 2935 quidem
814 2868 1017 2937 pridem
1065 2877 1119 2923 et
1154 2880 1277 2923 ante
1321 2869 1747 2925 benedictionem
1778 2870 1879 2927 hoc

280 2955 600 3025 promiserat
617 2957 821 3026 dicens,
844 2961 1295 3030 quemadmodum
1318 2963 1614 3027 audivistis,
1646 2962 1765 3018 Non
1784 2963 1878 3016 ad-

279 3047 451 3107 iiciant
475 3048 611 3102 ultra
642 3060 695 3103 ut
727 3053 1025 3105 maledicam
1055 3064 1202 3107 terra:
1232 3054 1384 3119 (Gen.
1417 3055 1468 3109 8.
1498 3054 1592 3123 21)
1624 3073 1637 3107 :
1666 3058 1873 3112 etiamsi

280 3137 556 3193 hominum
581 3141 778 3195 malitia
809 3143 1091 3207 increscat,
1117 3158 1220 3198 non
1250 3154 1426 3201 tamen
1455 3162 1554 3215 ego
1584 3147 1873 3204 humanum

278 3242 446 3296 genus
474 3231 563 3283 tali
594 3231 868 3299 subjiciam
896 3247 1090 3303 poenas.
1137 3233 1269 3289 Nam
1302 3238 1651 3292 monstrando
1683 3240 1872 3294 ineffa-

277 3318 436 3373 bilem
478 3336 630 3375 suam
672 3321 1083 3393 benignitatem,
1113 3325 1340 3396 idipsum
1372 3345 1513 3383 nunc
1543 3330 1716 3386 denuo
1745 3348 1873 3402 pro-

277 3410 458 3475 mittit,
491 3421 551 3466 ut
590 3411 727 3467 bene
763 3414 994 3469 conﬁdat
1035 3417 1230 3487 justus,
1264 3435 1361 3474 nec
1386 3423 1583 3492 cogitet
1608 3425 1747 3493 apud
1776 3440 1869 3492 se,

276 3513 338 3553 ac
364 3500 504 3555 dicat
536 3520 549 3555 :
582 3504 712 3557 Cum
750 3504 872 3558 olim
904 3506 1327 3563 benedictionem
1356 3514 1537 3579 generi
1567 3524 1749 3570 nostro
1776 3516 1872 3572 de—

275 3588 445 3645 disset
470 3633 485 3658 ,
519 3603 573 3647 et
616 3602 669 3647 ut
714 3595 866 3649 valde
911 3598 1355 3667 ntultipliearetnr
1384 3601 1594 3668 ell'ecit;
1630 3621 1872 3661 commu-

277 3696 397 3736 nem
428 3692 604 3741 tamen
634 3686 774 3741 illam
805 3688 1043 3743 omnium
1075 3691 1489 3748 internecionem
1532 3696 1752 3752 invexit.
1802 3699 1873 3755 Ut

278 3771 439 3841 igitur
458 3789 673 3830 onmem
700 3793 730 3832 e
760 3778 1171 3850 cogitationibus
1202 3782 1342 3837 illius
1369 3786 1656 3841 tunmltum
1683 3789 1868 3859 expel-

277 3862 431 3929 leret,
459 3874 515 3919 et
542 3876 690 3921 certo
717 3877 985 3926 constaret
1017 3871 1115 3941 ipsi
1144 3887 1249 3927 non
1280 3872 1392 3928 fore
1416 3876 1553 3929 ultra
1577 3892 1690 3932 rem
1720 3880 1871 3933 simi-

277 3955 381 4009 lcm
417 3955 935 4027 :Quemadmodnm,
961 3962 1148 4032 inquit,
1177 3962 1432 4019 diluvium
1464 3984 1526 4021 ex
1562 3966 1869 4025 misericor-

274 4044 360 4099 dia
402 4046 604 4114 induxi,
634 4059 769 4104 utet
814 4052 1011 4106 malitia
1061 4054 1400 4124 impediatur,
1435 4074 1606 4129 neque
1646 4061 1869 4117 ulterius

276 4136 522 4204 progredi
548 4140 733 4207 possit,
764 4141 834 4195 ita
866 4150 919 4196 et
948 4158 1087 4198 nunc
1108 4144 1293 4201 eadem
1324 4147 1685 4205 misericordia
1716 4153 1869 4221 polli-

274 4242 402 4282 ceor
423 4244 509 4283 me
532 4229 581 4283 id
608 4246 711 4283 non
742 4232 876 4287 ultra
900 4232 1184 4301 facturum,
1216 4247 1272 4290 ut
1300 4240 1534 4307 seposito
1555 4241 1699 4295 omni
1726 4257 1863 4297 ma:-

276 4332 401 4371 rore
450 4331 761 4387 pnesentem
805 4323 965 4377 vitam
1008 4324 1332 4398 transigatis.
1376 4328 1497 4382 Ideo
1527 4329 1661 4385 dixit
1696 4348 1708 4385 :
1742 4331 1871 4388 Ecce

274 4416 443 4461 statuo
470 4417 817 4464 testamentum
845 4430 1027 4475 meum.
1055 4415 1156 4471 hoc
1178 4426 1283 4479 est,
1311 4429 1519 4487 pactum
1551 4422 1691 4475 ineo.
1722 4423 1871 4480 Sicut

275 4496 329 4551 in
360 4497 609 4555 humanis
633 4503 861 4571 negotiis
895 4508 938 4557 si
968 4506 1086 4575 quis
1117 4508 1375 4575 promittit
1402 4511 1621 4581 aliquid,
1657 4525 1866 4584 pactum

275 4588 434 4651 facit,
483 4605 727 4659 magnam
777 4593 1025 4663 pra-beas
1072 4597 1549 4654 securitatemzita
1598 4613 1650 4656 et
1698 4604 1870 4661 bonus

276 4679 536 4734 Dominus
566 4682 734 4751 inquit
776 4702 788 4736 :
827 4683 954 4739 Ecce
991 4697 1158 4743 statuo
1197 4698 1544 4745 testamentum
1577 4711 1762 4750 meum.
1804 4697 1867 4752 Et

273 4771 414 4825 bene
436 4771 585 4835 dixit,
612 4772 813 4835 Statua,
840 4791 936 4843 pro
957 4791 1042 4841 eo,
1065 4779 1203 4847 quod
1226 4789 1325 4839 est,
1354 4781 1489 4835 Ecce
1512 4798 1611 4852 ego
1635 4785 1868 4842 instauro

271 4876 336 4915 ea
365 4878 480 4931 qum
507 4878 571 4917 ex
605 4875 940 4933 peccatorum
972 4868 1201 4935 pernicie
1229 4870 1563 4940 acciderant,
1591 4887 1644 4929 et
1685 4878 1868 4932 Statua

274 4961 628 5005 testamentum
656 4970 819 5007 meum
842 4956 1090 5010 vobiscum
1118 4969 1164 5011 et
1198 4976 1309 5012 cum
1344 4963 1533 5016 semine
1568 4977 1728 5020 vestro
1756 4980 1867 5037 post

273 5057 379 5095 vos.
424 5043 552 5098 Vide
597 5044 934 5099 clementiam
977 5047 1221 5116 Domini;
1262 5053 1409 5120 quasi
1452 5053 1651 5110 diceret
1697 5076 1709 5111 :
1751 5059 1864 5113 Non

277 5142 479 5186 tantum
508 5134 779 5189 vobiscum
821 5146 999 5193 statuo
1040 5154 1287 5209 pactum,
1329 5144 1419 5198 scd
1463 5147 1618 5211 et,iis
1657 5150 1745 5218 qui
1774 5167 1867 5207 vos

276 5233 584 5289 sequentur,
608 5225 797 5280 stabile
817 5235 871 5281 ct
897 5228 1105 5283 ﬁrmmn
1129 5230 1244 5286 fore
1262 5235 1564 5301 pronuntio.
1598 5238 1785 5295 Postea
1812 5252 1866 5297 ttt

278 5327 427 5367 suam
465 5315 701 5370 declaret
735 5317 1125 5386 liberalitatem,
1161 5324 1365 5393 inquit:
1397 5325 1461 5379 Et
1508 5331 1647 5381 omtn'
1683 5332 1869 5387 animm

277 5405 457 5459 visenti
486 5408 757 5471 vobiscum,
784 5426 816 5462 a
842 5410 1127 5465 volatilibus
1148 5424 1193 5467 et
1209 5432 1239 5467 a
1262 5418 1540 5483 pecoribus,
1566 5434 1613 5472 et
1636 5425 1865 5479 omnibus

279 5496 443 5549 bestiis
467 5507 631 5562 terror,
663 5514 988 5570 quiscumque
1010 5512 1126 5555 sunt
1154 5505 1403 5559 vobiscum
1424 5524 1486 5561 ex
1506 5510 1738 5565 omnibus
1753 5530 1867 5582 qua:

279 5603 475 5655 egressa
520 5598 635 5640 81111
676 5604 741 5641 ex
774 5606 929 5653 ανεα;
974 5602 1019 5643 et
1052 5602 1269 5646 statuam
1310 5606 1657 5652 testamentum
1699 5618 1866 5657 meum

279 5676 530 5729 vobiscum
561 5693 580 5731 :
604 5687 650 5731 et
690 5695 789 5731 non
834 5682 1073 5735 morietur
1111 5685 1273 5739 omnis
1310 5702 1430 5742 caro
1465 5692 1598 5743 ttltra
1633 5694 1695 5746 ab
1733 5710 1863 5763 aqua

268 5765 497 5826 dilurii;
529 5779 576 5822 et
602 5785 699 5821 non
733 5772 866 5823 ultra
896 5773 987 5825 erit
1010 5774 1253 5830 diluvium
1284 5794 1429 5845 aqua
1448 5822 1461 5847 ,
1490 5795 1542 5835 ut
1572 5797 1863 5855 corrumpat

1381 394 1446 452 IN
1484 391 1635 450 CAP.
1676 384 1767 441 lX.
1808 377 2056 439 GENES.
2101 375 2329 433 HO.\lll..
2374 369 2614 429 XXVIII.

3502 360 3603 419 εει

2014 508 2206 545 omnem
2231 500 2435 543 terram.
2465 485 2649 541 Vidisti
2685 492 2956 555 pactorum
2990 478 3439 553 magnitudinem’
3468 477 3603 533 vidi-

2008 592 2078 635 stt
2164 580 2581 650 promissionum
2620 574 2940 629 ineffabilem
2973 570 3380 627 lilicralitatettt?
3410 568 3603 622 Consi-

2010 670 2136 725 dera
2178 669 2447 739 qnomodo
2490 666 2872 736 benignitatem
2919 678 3071 717 suam
3110 664 3285 716 denuo
3331 675 3498 729 usque
3537 659 3603 713 ad

2009 760 2161 817 bruta
2193 768 2246 812 rt
2275 758 2414 812 feras
2438 756 2709 823 extendat,
2732 764 2784 809 et
2814 755 3004 808 merito
3024 750 3260 822 quidem.
3288 750 3438 819 Quod
3459 750 3603 805 enim

2006 865 2150 918 smpe
2176 848 2306 913 dixi,
2336 847 2439 903 hoc
2467 857 2519 902 et
2550 862 2691 902 nunc
2718 845 2859 901 dico.
2892 844 3024 899 Nam
3047 844 3165 911 quia
3191 851 3408 911 propter
3430 840 3604 895 homi-

2007 954 2127 993 nem
2159 938 2274 993 hmc
2296 936 2550 1007 producta
2577 946 2719 1003 sunt,
2754 936 2872 991 ideo
2898 943 2951 990 et
2989 934 3198 989 illorum
3224 931 3603 987 beneﬁciorum

2011 1042 2213 1103 partem
2250 1030 2448 1086 habent
2474 1045 2593 1100 ηυδε
2624 1028 2826 1083 homini
2856 1041 3111 1083 concessa
3134 1034 3277 1081 sunt.
3307 1025 3372 1080 Et
3395 1024 3596 1081 videtur

2005 1126 2218 1196 quidem
2240 1140 2523 1181 commune
2552 1139 2673 1180 esse
2701 1131 2910 1193 pactum
2942 1121 3041 1191 ipsi
3063 1129 3120 1176 et
3148 1119 3340 1185 brutis,
3370 1117 3464 1175 sed
3493 1135 3600 1174 non

2006 1217 2074 1271 ita
2111 1227 2210 1271 est.
2260 1215 2390 1270 Nam
2419 1225 2471 1269 et
2502 1215 2604 1269 hoc
2627 1214 2691 1268 ad
2721 1212 2954 1267 hominis
2979 1211 3228 1267 solatium
3256 1212 3452 1266 factum
3480 1220 3558 1266 est
3583 1251 3599 1276 ,

2006 1319 2061 1363 ut
2090 1310 2227 1364 scire
2260 1309 2424 1376 possit
2455 1309 2507 1362 in
2538 1316 2740 1376 quanto
2768 1306 2837 1360 sit
2866 1305 3089 1368 honore,
3121 1303 3263 1375 quod
3294 1319 3397 1359 non
3425 1305 3599 1360 solum

2004 1399 2055 1453 in
2080 1414 2137 1453 se
2163 1399 2492 1454 collocentur
2513 1396 2793 1459 beneﬁcia,
2816 1396 2909 1451 sed
2934 1402 3153 1466 propter
3176 1410 3236 1450 se
3260 1395 3311 1449 itt
3340 1394 3441 1451 alia
3469 1411 3600 1464 quo-

2002 1506 2105 1560 que
2149 1491 2397 1545 animalia
2438 1490 2758 1545 extendatur
2787 1487 3081 1543 liberalitas
3110 1487 3338 1543 Domini.
3389 1489 3455 1542 Et
3498 1507 3599 1544 non

2002 1581 2262 1644 morietur,
2304 1581 2491 1650 inquit,
2528 1582 2690 1634 omnis
2728 1597 2846 1634 caro
2891 1582 3022 1635 ultra
3051 1580 3114 1634 ab
3143 1597 3276 1651 aqua
3319 1582 3517 1648 diluvii,
3551 1591 3600 1636 et

2000 1688 2103 1726 non
2141 1683 2233 1726 crtt
2276 1675 2410 1726 ultra
2446 1673 2713 1737 diluvium,
2751 1683 2803 1725 nt
2837 1681 3128 1741 corrumpat
3163 1688 3361 1725 omnem
3390 1682 3597 1726 terram.

2003 1764 2188 1820 Vidisti
2219 1763 2488 1833 quomodo
2514 1773 2563 1817 et
2596 1762 2760 1817 semel
2798 1771 2851 1816 et
2886 1762 3077 1817 iterum
3112 1772 3167 1816 et
3202 1763 3398 1831 smpius
3439 1763 3599 1833 polli-

1997 1865 2181 1910 ceatur
2207 1871 2264 1908 se
2290 1872 2394 1909 non
2429 1856 2562 1909 ultra
2597 1856 2957 1909 immissnrunt
2991 1870 3327 1908 communem
3354 1856 3593 1909 omnium

2000 1948 2441 2007 internecionem.
2471 1956 2525 2000 ιιι
2551 1963 2616 2001 ex
2651 1956 2829 2000 tuente
2853 1946 2979 2016 justi
3014 1946 3149 1999 hanc
3180 1946 3592 2002 sollicitudinem

1996 2038 2215 2092 adimat.
2250 2050 2301 2092 et
2342 2039 2408 2093 de
2451 2038 2638 2091 futuris
2680 2039 2873 2091 bonum
2907 2053 3053 2105 Spem
3087 2038 3174 2092 ille
3207 2038 3430 2092 habeat?
3462 2038 3593 2092 Dein

1998 2147 2100 2183 non
2145 2146 2297 2184 suam
2340 2140 2580 2184 naturam
2610 2139 2858 2201 spectans
2878 2173 2890 2191 .
2921 2131 3013 2185 sed
3046 2144 3283 2185 nostram
3311 2130 3594 2185 inﬁrmita-

1994 2228 2125 2283 tem,
2159 2237 2263 2274 non
2290 2230 2572 2275 contentus
2603 2231 2681 2275 est
2711 2222 3063 2289 prmnissione
3098 2237 3193 2276 sua
3231 2239 3389 2293 quam
3418 2224 3595 2278 verbis

1993 2313 2140 2367 dedit
2174 2333 2187 2368 :
2228 2314 2319 2367 sed
2353 2315 2542 2367 iterum
2574 2314 2809 2367 ostendit
2838 2315 3107 2383 quomodo
3139 2331 3196 2370 se
3227 2326 3424 2370 nostra:
3447 2316 3594 2370 inﬁr-

1992 2406 2159 2458 mitati
2205 2414 2549 2473 attempcrct,
2596 2416 2650 2460 et
2687 2408 2892 2477 signum
2939 2406 3029 2460 dat
3069 2424 3175 2476 quo
3207 2417 3465 2476 perpetuo
3489 2409 3593 2463 du-

1991 2503 2162 2559 rante,
2196 2494 2283 2549 tali
2330 2504 2472 2549 metu
2526 2498 2815 2550 humanum
2856 2512 3026 2567 genus
3071 2498 3283 2553 liberari
3317 2501 3499 2569 possit,
3538 2510 3594 2557 ut

1989 2587 2196 2642 etiamsi
2243 2604 2385 2658 smpe
2428 2590 2615 2658 pluvize
2655 2590 2993 2653 deferantur,
3032 2601 3084 2645 et
3114 2593 3358 2647 violenta:
3388 2603 3594 2664 tempe-

1986 2687 2153 2733 states
2182 2680 2339 2750 liant,
2370 2681 2469 2735 etsi
2496 2697 2752 2751 aquarum
2780 2698 2967 2750 magna
2992 2683 3061 2737 sit
3087 2684 3383 2749 inundatio,
3414 2703 3588 2757 neque

1985 2769 2065 2823 sic
2093 2771 2440 2824 metuendum
2473 2772 2543 2825 sit
2566 2815 2580 2837 ,
2611 2772 2702 2827 sed
2732 2773 3109 2829 conﬁdendum
3136 2776 3288 2831 nobis
3314 2777 3378 2831 ad
3404 2779 3587 2833 datum

1985 2858 2194 2927 signum
2226 2863 2651 2929 respicientibus.
2688 2864 2769 2916 l2.
2823 2864 2888 2917 Et
2916 2866 3044 2918 dixit
3077 2865 3324 2920 Dominus
3356 2868 3490 2923 Deus
3519 2873 3587 2921 ad

1987 2946 2103 3002 Noe
2140 2965 2159 3003 :
2197 2948 2309 3002 Iloc
2333 2961 2405 3004 est
2436 2952 2635 3021 signum
2665 2956 2957 3009 testamenti,
2974 2958 3109 3025 quod
3140 2974 3230 3025 ego
3261 2958 3327 3011 do
3354 2960 3486 3014 inter
3511 2979 3589 3014 me

1983 3048 2029 3093 et
2057 3052 2117 3093 te.
2175 3040 2308 3095 Vide
2337 3055 2537 3112 quanto
2565 3041 2770 3098 honore
2794 3045 2994 3113 justum
3023 3047 3289 3118 dignatur.
3334 3051 3409 3104 ita
3441 3052 3585 3108 enim

1983 3145 2103 3182 cmn
2140 3146 2205 3183 eo
2235 3132 2521 3198 paciscitur
2546 3135 2695 3202 quasi
2729 3136 2890 3189 homo
2919 3136 3115 3191 homini
3150 3139 3397 3209 loquens,
3424 3150 3479 3197 et
3505 3144 3586 3196 di-

1981 3222 2053 3275 cit
2088 3240 2102 3275 :
2130 3220 2242 3275 Hoc
2270 3233 2344 3277 cst
2366 3226 2567 3295 signum
2599 3229 2879 3280 testamenti
2906 3231 3043 3299 quod
3068 3248 3158 3302 ego
3185 3233 3251 3285 do
3281 3236 3411 3288 inter
3430 3254 3509 3291 me
3534 3249 3586 3292 et

1981 3320 2046 3377 te,
2085 3322 2129 3365 et
2168 3329 2364 3369 omnem
2403 3317 2628 3370 animam
2668 3319 2930 3385 viventem,
2970 3339 3083 3391 quae
3117 3326 3369 3380 vobiscum
3407 3338 3499 3393 est,
3531 3334 3583 3385 in

1980 3407 2325 3475 generationes
2344 3419 2577 3463 retentas.
2613 3410 2798 3466 Vidisti
2821 3415 3093 3482 quomodo
3115 3418 3323 3488 signum
3347 3419 3579 3476 dandum

1979 3500 2124 3552 omni
2153 3500 2352 3556 viventi
2384 3503 2699 3559 duraturum
2726 3508 2799 3561 sit
2828 3508 2877 3560 in
2904 3510 3279 3578 generationes
3305 3524 3533 3568 aeternas
3557 3518 3581 3568 Υ

1978 3589 2093 3645 Non
2137 3593 2307 3647 solum
2348 3597 2701 3651 communiter
2744 3600 2992 3652 omnibus
3037 3602 3334 3657 viventibus
3372 3604 3463 3660 dat
3502 3608 3580 3661 si--

1976 3699 2159 3754 gnum,
2189 3687 2282 3741 sed
2310 3696 2364 3742 et
2391 3698 2700 3760 perpetuum
2724 3704 2773 3746 et
2796 3702 3053 3748 mtcrnum
3079 3696 3203 3750 illud
3230 3697 3372 3762 facit,
3393 3717 3581 3772 qnam-

1977 3774 2065 3831 ditt
2115 3780 2345 3835 mundus
2390 3781 2663 3839 subsistet.
2719 3784 2995 3852 Quodnam
3042 3805 3168 3859 ergo
3208 3792 3417 3860 signum
3458 3797 3580 3849 est?

1978 3869 2065 3923 15.
2095 3870 2283 3924 Arcum
2312 3889 2476 3927 meum
2509 3890 2642 3944 pono
2670 3877 2721 3929 in
2748 3878 2893 3945 nube,
2923 3890 2968 3932 et
2995 3882 3087 3933 erit
3116 3882 3167 3935 in
3192 3884 3393 3954 signum
3420 3890 3580 3957 {mde-

1976 3960 2048 4015 ris
2066 3960 2197 4014 inter
2223 3978 2302 4015 me
2322 3974 2368 4016 et
2393 3974 2599 4019 terram.
2630 3966 2769 4021 Ecce
2798 3979 2917 4038 post
2941 3971 3381 4040 pollicitationem
3410 3981 3576 4033 verba

1979 4050 2189 4113 factam,
2215 4064 2269 4106 et
2298 4053 2399 4110 hoc
2429 4057 2636 4125 signum
2662 4059 2749 4122 do,
2780 4061 2967 4115 irident
2999 4064 3204 4131 dicens,
3229 4082 3388 4135 quam
3412 4070 3572 4142 aliqui

1980 4143 2091 4197 ﬁeri
2128 4143 2313 4199 dicunt
2339 4148 2451 4202 sole
2482 4148 2661 4204 radios
2700 4166 2827 4206 suos
2874 4166 3058 4208 contra
3102 4158 3271 4213 nubes
3307 4161 3571 4218 mittente.

1974 4234 2029 4291 Si
2074 4252 2254 4291 sermo
2294 4254 2476 4307 meus,
2515 4242 2713 4312 inquit,
2747 4260 2851 4298 non
2883 4246 3099 4312 sufﬁcit,
3133 4264 3258 4305 ecce
3284 4262 3337 4307 et
3361 4255 3570 4323 signum

1977 4328 2067 4392 do,
2096 4345 2383 4399 numquam
2412 4333 2634 4386 ulterius
2665 4336 2820 4389 talem
2856 4354 2940 4392 me
2970 4354 3180 4407 pmnam
3211 4343 3572 4403 inducturum.

1976 4418 2088 4474 lloc
2136 4436 2263 4489 ergo
2313 4424 2520 4493 signum
2570 4426 2811 4482 videntes
2854 4444 2884 4482 a
2924 4431 3205 4488 formidine
3250 4436 3571 4493 liberemini.

1978 4512 2061 4564 Ην.
2094 4512 2160 4565 Et
2186 4515 2277 4565 erit
2304 4531 2415 4567 cum
2448 4516 2755 4580 nubilnvero,
2789 4521 2975 4590 inquit,
3006 4526 3160 4579 nubes
3186 4543 3339 4597 super
3363 4538 3567 4597 terram,

1976 4610 2021 4653 et
2044 4603 2305 4670 apparebit
2335 4621 2483 4657 arcus
2512 4622 2649 4660 mens
2670 4608 2721 4659 in
2743 4610 2997 4672 nube,,13.
3026 4623 3072 4665 et
3093 4617 3397 4671 recordabar
3421 4630 3572 4674 testa-

1976 4693 2129 4744 menti
2150 4694 2265 4761 mei,
2296 4697 2431 4763 quod
2452 4708 2525 4749 est
2552 4698 2681 4751 inter
2701 4715 2780 4754 me
2800 4711 2844 4752 ct
2867 4718 2968 4763 vos,
2995 4714 3042 4756 et
3070 4705 3200 4759 inter
3228 4725 3427 4763 omnem
3456 4716 3569 4765 atti-

1976 4800 2111 4835 mam
2134 4786 2375 4838 rivcntcm
2402 4788 2453 4839 in
2476 4789 2611 4841 omni
2636 4806 2803 4844 carne.
2838 4791 2971 4859 Quid
3001 4794 3152 4861 dicis,
3183 4812 3217 4850 0
3257 4798 3412 4855 beate
3449 4818 3572 4871 pro-

1977 4871 2170 4941 pheta?
2212 4874 2572 4937 Rccordabor.
2610 4880 2809 4951 inquit,
2846 4888 3148 4941 testamenti
3177 4890 3301 4955 mei,
3335 4890 3434 4947 hoc
3464 4904 3566 4960 est,

1979 4966 2114 5032 pacti
2148 4968 2273 5028 mei,
2301 4972 2690 5039 promissionis,
2717 4975 3146 5045 pollicitationis;
3178 4998 3281 5036 non
3307 4986 3427 5053 quia
3454 4989 3568 5057 ipse

1976 5068 2107 5122 0an
2138 5055 2329 5111 habeat
2356 5060 2745 5128 recordatione,
2775 5064 2867 5119 sed
2900 5076 2957 5121 ut
2983 5083 3078 5124 nos
3110 5070 3174 5124 ad
3202 5073 3327 5127 illud
3356 5055 3565 5146 signum

1974 5145 2341 5213 respicientes,
2374 5150 2502 5204 nihil
2533 5150 2722 5206 durum
2762 5157 3115 5225 suspicemur,
3140 5162 3234 5217 sed
3264 5145 3441 5222 statim
3484 5186 3568 5223 re-

1976 5236 2259 5291 cordemur
2297 5239 2490 5295 divintn
2538 5245 2926 5312 promissionis,
2957 5258 3011 5304 et
3052 5253 3389 5314 conﬁdamus
3436 5261 3566 5316 nihil

1975 5342 2074 5382 nos
2101 5330 2204 5384 tale
2232 5347 2503 5400 passuros.

2044 5423 2098 5477 5.
2141 5423 2325 5478 Vidisti
2354 5436 2607 5495 quantum
2640 5428 2777 5483 Deus
2805 5447 2863 5487 se
2892 5443 3111 5505 propter
3140 5449 3376 5495 nostram
3413 5442 3565 5499 inﬁr-

1972 5515 2211 5570 mitatem
2250 5516 2514 5581 demittat,
2548 5532 2799 5590 quantam
2838 5540 3019 5579 curam
3062 5540 3212 5597 gerat
3256 5535 3421 5588 nostri
3467 5550 3563 5604 ge.

1972 5607 2135 5673 neris,
2168 5620 2418 5677 quantam
2448 5613 2832 5670 misericordia:
2860 5619 3277 5687 magnitudinem
3301 5624 3561 5695 declaret,

1972 5714 2077 5753 non
2108 5701 2228 5769 quia
2275 5701 2550 5757 hominum
2587 5708 2989 5763 conversionem
3033 5710 3185 5776 vidit,
3230 5715 3322 5768 sed
3373 5728 3426 5771 ttt
3470 5736 3563 5788 per

1972 5791 2152 5845 omnia
2178 5805 2275 5846 nos
2301 5793 2489 5848 doceat
2520 5794 2786 5865 ingentem
2820 5814 2969 5853 suam
2996 5800 3286 5861 bonitatem
3304 5807 3327 5845 ν
3368 5808 3433 5863 Et
3452 5822 3557 5867 una
