4070 6416
519 378 625 436 255

521 504 609 547 ertt
635 493 766 545 ultra
793 508 922 563 aqua
953 494 1004 546 in
1048 491 1307 556 diluvium,
1348 493 1417 543 ita
1455 501 1506 544 ut
1544 490 1705 545 defeat
1751 504 1942 542 onmem
1989 503 2098 538 rur—

521 601 628 636 nent
659 599 678 637 :
705 600 809 638 non
831 589 1059 653 amplius
1096 586 1197 636 et'it
1231 582 1490 650 ejusmodi
1531 581 1729 650 pluvia.
1772 579 1901 644 Quia
1945 577 2098 630 scivit

525 681 623 726 hoc
654 676 840 728 limere
879 674 1160 727 humanam
1189 682 1452 737 naturain,
1481 672 1598 726 vide
1636 669 1902 739 quomodo
1928 665 2098 721 conti-

519 779 625 814 nuo
654 763 753 817 hoc
781 762 1074 832 pollicetur,
1119 762 1265 830 quasi
1310 762 1497 816 dicens
1539 780 1551 814 :
1601 759 1815 814 Etiamsi
1860 757 2097 812 videritis

517 854 713 906 multos
741 854 936 906 imbres
959 852 1185 917 demitti,
1215 861 1281 907 ne
1305 852 1432 923 qttid
1461 850 1582 905 inde
1628 849 1819 904 durum
1856 847 2094 916 suspice-

514 943 641 997 miui
681 951 769 995 aut
795 944 1041 995 metuatis
1070 959 1083 993 :
1117 940 1238 995 Non
1271 943 1411 996 enim
1451 942 1540 994 erit
1566 955 1697 1010 aqua
1729 940 1782 992 in
1826 938 2093 1004 diluvium,

513 1034 581 1085 ita
611 1026 852 1083 uidebat
878 1046 1076 1084 onmem
1101 1046 1304 1094 carnem
1331 1045 1352 1082 :
1381 1029 1499 1082 talis
1545 1027 1713 1082 imber
1743 1043 1849 1082 non
1887 1027 1986 1082 erit
2015 1026 2096 1079 ulo

511 1130 610 1187 tra,
647 1131 842 1174 tantam
875 1121 1285 1192 indignationem
1313 1136 1418 1174 non
1456 1121 1592 1191 ultra
1633 1121 1945 1189 esperietur
1983 1119 2086 1172 bu-

511 1229 723 1266 manum
779 1213 1078 1282 genusJG.
1122 1211 1190 1266 Et
1235 1214 1358 1277 erit,
1413 1213 1618 1281 inquit,
1667 1229 1818 1267 arcus
1857 1228 1997 1267 meus
2042 1217 2093 1266 in

509 1303 636 1356 nube
654 1343 670 1366 ,
722 1314 768 1356 et
817 1303 988 1356 videbo
1042 1311 1093 1356 nt
1145 1303 1379 1357 recorder
1424 1307 1700 1358 testamenti
1745 1305 1920 1357 interni
1965 1304 2095 1356 inter

509 1393 692 1459 Deum,
722 1403 767 1447 et
797 1393 926 1447 inter
955 1395 1180 1448 animum
1203 1396 1442 1450 viventem
1468 1395 1519 1448 in
1548 1395 1685 1448 ontni
1703 1412 1873 1448 carne.
1898 1394 2090 1450 Consi-

506 1485 631 1540 dera
663 1475 932 1555 quomodo
981 1485 1172 1541 volens
1216 1485 1499 1540 humanam
1543 1495 1782 1540 naturam
1823 1484 1889 1539 ad
1931 1485 2090 1540 fidem

504 1587 559 1630 et
607 1578 813 1630 firmam
858 1576 1258 1645 persuasionem
1301 1576 1571 1641 inducere,
1623 1584 1766 1630 tanta
1807 1577 2090 1632 verborum

507 1682 636 1722 usus
676 1669 744 1721 sit
781 1667 1239 1735 attemperatioue.
1272 1666 1336 1720 Et
1359 1666 1575 1734 videbo,
1607 1668 1796 1737 inquit,
1825 1674 1883 1722 ut
1912 1681 2092 1722 recor-

503 1758 599 1812 der
622 1761 918 1812 testamenti
949 1757 1070 1811 mei.
1099 1757 1306 1827 Ergone
1327 1758 1472 1813 visus
1499 1759 1668 1827 ipsum
1701 1759 1752 1812 in
1777 1758 2088 1812 memoriam

501 1851 647 1906 ducit
669 1852 691 1904 ?
711 1851 824 1906 Non
858 1859 917 1906 ut
951 1852 1051 1905 hoc
1071 1852 1433 1922 suspicemur;
1456 1851 1627 1917 absit;
1656 1851 1748 1907 sed
1780 1861 1856 1920 ut,
1878 1850 2091 1921 quando

505 1945 750 1999 videmus
779 1945 989 2014 signum
1029 1943 1153 2010 hoc,
1203 1944 1294 1998 Dei
1345 1943 1683 2013 promissioni
1723 1942 2088 2008 confidamus,

503 2039 634 2093 certi
661 2053 765 2091 non
794 2052 912 2092 esse
939 2037 1190 2107 possibile
1227 2037 1319 2091 Dei
1353 2037 1732 2106 promissiones
1768 2034 2088 2090 intercidere

505 2128 592 2182 Π.
637 2125 703 2181 Et
743 2129 870 2182 dixit
899 2126 1036 2182 Deus
1056 2168 1068 2192 ,
1100 2127 1267 2195 inquit
1291 2169 1306 2189 ,
1334 2126 1402 2198 ad
1450 2125 1559 2179 Noe
1587 2143 1606 2180 :
1640 2125 1750 2179 Hoc
1779 2127 1979 2196 signum
2005 2133 2081 2180 te-

503 2218 734 2272 stamenti
759 2218 858 2272 mei
881 2216 1014 2287 quod
1040 2217 1183 2286 posui
1211 2216 1340 2268 inter
1363 2231 1459 2279 me,
1491 2227 1539 2268 et
1580 2215 1708 2267 inter
1753 2230 1948 2267 omnem
1974 2230 2088 2266 car-

503 2327 618 2364 nem
645 2326 757 2380 quge
780 2320 853 2364 est
880 2325 1033 2380 super
1068 2318 1275 2362 terram.
1307 2307 1592 2376 Accepisti,
1638 2305 1830 2375 inquit,
1875 2306 2083 2374 signant

503 2403 554 2459 id
581 2403 723 2473 quod
749 2401 872 2458 dedi
904 2403 1042 2458 inter
1071 2416 1156 2456 me
1180 2411 1233 2456 et
1258 2413 1472 2455 omnem
1497 2415 1710 2455 carnem
1750 2415 1866 2469 qua:
1896 2407 1976 2453 est
1999 2412 2088 2452 su-

501 2507 599 2562 per
627 2503 848 2556 terram.
877 2493 953 2548 Ne
977 2492 1112 2547 ultra
1138 2489 1482 2547 confundaris
1510 2499 1708 2554 mente,
1752 2504 1820 2545 ne
1860 2488 2088 2543 turberis

500 2584 680 2638 animo
713 2601 726 2638 :
757 2576 848 2640 sed
877 2583 943 2638 ad
970 2581 1071 2638 hoc
1099 2582 1324 2651 reSpice,
1351 2590 1404 2636 et
1430 2581 1544 2651 ipse
1588 2580 1777 2635 bonam
1810 2594 1958 2648 spem
1989 2578 2088 2631 ha-

505 2676 650 2741 beto,
683 2682 738 2728 et
765 2688 953 2728 omnes
992 2672 1082 2744 qui
1123 2680 1242 2742 post
1279 2681 1331 2726 te
1367 2669 1529 2726 futuri
1576 2679 1698 2726 sunt
1735 2669 1858 2724 hinc
1898 2683 2090 2723 conso-

508 2765 760 2822 lationem
801 2766 1104 2836 accipiant:
1145 2773 1200 2820 et
1244 2771 1490 2835 aspectus
1535 2764 1670 2834 signi
1719 2762 1961 2817 fiduciam
2009 2763 2088 2816 eis

499 2867 742 2929 praestet,
772 2857 911 2928 quod
942 2871 1228 2928 numquam
1255 2855 1373 2910 talis
1403 2863 1690 2926 tempestas
1717 2865 1911 2910 terram
1943 2854 2089 2908 inva-

499 2963 624 3005 sura
667 2949 756 3003 sit.
791 2948 922 3003 Nam
957 2948 1200 3018 quamvis
1247 2955 1461 3017 peccata
1503 2945 1775 3000 hominum
1819 2955 2088 3012 crescant,

500 3055 600 3111 ego
631 3050 805 3095 tamen
831 3054 954 3109 quat
984 3037 1201 3109 promisi
1231 3035 1566 3106 adimplebo,
1600 3043 1654 3091 et
1682 3051 1966 3106 numquam
2005 3047 2089 3090 ta.

500 3129 608 3185 lem
648 3129 1062 3199 indignationem
1093 3129 1145 3183 in
1171 3142 1358 3182 omnes
1377 3126 1661 3182 exhibebo.
1693 3124 1909 3182 Vidistis
1929 3142 2088 3198 quam

501 3221 688 3290 ingens
727 3219 798 3273 sit
824 3218 1032 3274 Domini
1074 3217 1322 3273 bonitas?
1363 3215 1570 3270 vidistis
1603 3223 1855 3286 quantum
1881 3215 1947 3269 ad
1993 3231 2090 3270 uo-

510 3321 676 3365 stram
704 3309 957 3364 vilitatem
985 3308 1163 3364 verbis
1189 3322 1248 3362 se
1273 3305 1557 3361 demittat?
1583 3305 1789 3360 vidistis
1811 3305 1927 3374 ejus
1962 3319 2086 3374 erga

503 3417 601 3457 nos
636 3400 984 3472 providentiae
1014 3397 1478 3470 magnitudinem?
1507 3397 1710 3453 vidistis
1731 3398 2088 3468 promittentis

501 3490 907 3549 liberalitatem?
933 3490 1048 3545 Non
1078 3490 1222 3546 enim
1255 3489 1572 3546 beneficium
1615 3501 1770 3543 suum
1813 3503 1982 3558 usque
2019 3486 2087 3544 ad

500 3585 657 3651 duas,
695 3584 775 3640 vel
805 3592 934 3645 tres,
966 3582 1048 3636 vel
1075 3580 1260 3636 decem
1287 3580 1657 3650 generationes
1693 3579 1952 3644 extendit,
1993 3579 2087 3635 sed

505 3673 748 3744 promisit
801 3671 1053 3742 quamdiu
1092 3671 1344 3727 subsistet
1382 3669 1609 3726 mundus
1652 3669 2085 3725 extendendum:

505 3775 562 3822 ut
581 3783 647 3841 ex
674 3773 898 3835 utroque
922 3761 1316 3819 emendatiores
1333 3761 1642 3828 reddamur,
1669 3769 1725 3816 et
1747 3775 1814 3816 ex
1852 3775 1917 3817 eo
1944 3759 2086 3832 quod

504 3861 582 3916 illi
610 3867 830 3930 propter
855 3855 1248 3912 multitudinem
1289 3863 1625 3926 peccatorum
1670 3853 1761 3910 tali
1804 3868 1961 3925 paena
1994 3869 2091 3923 pu-

506 3951 600 4006 niti
627 3958 771 4015 sunt,
795 3957 848 4004 et
864 3963 939 4015 ex
962 3961 1030 4004 eo
1053 3945 1195 4018 quod
1216 3945 1304 4003 ille
1327 3961 1419 4016 per
1442 3945 1762 4002 ineffabilem
1789 3947 2091 4002 misericor-

505 4042 647 4096 diam
673 4053 846 4104 suam,
874 4051 975 4093 nos
1000 4045 1140 4092 tanta
1167 4036 1522 4107 promissione
1544 4035 1790 4106 dignatus
1818 4045 1920 4092 est.
1954 4035 2086 4090 Nam

505 4132 753 4190 cordatos
801 4129 1058 4187 beneficia
1107 4129 1276 4195 magis
1317 4143 1477 4199 quam
1531 4139 1703 4197 paena:
1747 4126 1989 4182 alliciunt
2025 4126 2091 4182 ad

507 4223 756 4280 mandata
783 4220 1065 4278 servanda.

583 4313 717 4370 Deus
743 4310 893 4366 etiam
922 4310 1262 4383 peccatoribus
1301 4308 1565 4380 benignus,
1608 4317 1794 4378 quanto
1823 4307 1984 4378 magis
2003 4308 2094 4378 ju-

509 4407 623 4460 stis.
659 4435 730 4447 —
754 4405 914 4476 Igitur
943 4421 1008 4459 ne
1035 4405 1199 4458 simus
1227 4402 1436 4474 ingrati.
1463 4401 1592 4456 Nam
1622 4402 1666 4455 si
1693 4417 1789 4456 nos
1809 4413 2092 4472 antequam

512 4499 674 4554 ullum
727 4498 978 4552 bonitatis
1018 4496 1286 4566 specimen
1330 4494 1748 4559 exbibuerimus,
1797 4494 1902 4548 imo
1931 4494 2091 4550 etiam

509 4603 630 4642 cum
663 4587 833 4657 pennis
858 4586 1015 4656 digna
1054 4586 1357 4648 fecerimus,
1385 4594 1527 4638 tanta
1549 4585 1793 4654 dignatus
1816 4594 1900 4639 est
1929 4585 2092 4640 bene-

514 4678 723 4734 flcentia
754 4694 771 4731 :
803 4679 845 4731 si
870 4677 1005 4746 grati
1032 4675 1307 4742 fuerimus,
1335 4685 1390 4730 et
1413 4675 1480 4729 de
1505 4674 1767 4745 prioribus
1790 4676 1985 4745 gratias
2012 4690 2096 4730 re-

515 4771 811 4835 tulerimus,
837 4767 1368 4836 eonverterimusque
1399 4779 1496 4820 nos
1517 4765 1584 4819 ad
1629 4763 1869 4830 meliora,
1900 4774 2094 4835 quanta

516 4872 626 4917 tum
648 4860 874 4931 denique
898 4875 996 4915 nos
1025 4855 1328 4929 dignabitur
1353 4857 1670 4912 liberalitate
1697 4866 1751 4911 et
1790 4852 1998 4925 gratia?
2039 4857 2095 4913 Si

514 4954 654 5008 enim
685 4951 910 5021 indignis
937 4952 1007 5005 ita
1037 4949 1319 5014 benefacit,
1349 4958 1401 5004 et
1427 4959 1531 5003 tam
1561 4948 1818 5019 benignus
1847 4959 1930 5005 est
1973 4963 2096 5019 pec-

514 5046 816 5108 catoribus;
839 5045 882 5098 si
912 5059 939 5097 a
967 5043 1198 5112 peccatis
1231 5041 1611 5105 destiterinms,
1635 5051 1690 5095 et
1733 5041 1980 5096 virtutem
2010 5056 2096 5095 se-

516 5153 742 5204 etcmur,
766 5156 882 5208 qure
909 5154 1010 5192 non
1039 5137 1414 5206 consequuturi
1443 5138 1659 5190 sumus?
1688 5137 1971 5192 Enimvero
1998 5137 2097 5193 bac

515 5232 580 5286 de
604 5245 760 5285 causa
790 5229 935 5299 prior
965 5229 1077 5296 ipse
1105 5228 1266 5281 multa
1293 5228 1347 5280 in
1374 5241 1472 5280 nos
1497 5227 1750 5281 beneficia
1780 5227 2004 5292 confert,
2036 5238 2090 5283 et

515 5340 634 5376 rum
678 5321 1091 5392 peccaverimus,
1127 5321 1316 5374 iterum
1343 5319 1496 5373 nobis
1525 5319 1729 5372 veniam
1761 5320 2012 5390 impartit,
2038 5331 2090 5376 et

515 5414 767 5484 supplicia
794 5426 899 5466 non
929 5426 961 5466 e
992 5410 1213 5480 vestigio
1244 5409 1402 5464 infert
1429 5427 1442 5462 :
1475 5419 1531 5463 ut
1562 5425 1656 5479 per
1684 5412 1859 5464 omnia
1887 5428 1984 5465 nos
2010 5412 2091 5464 al-

516 5505 680 5568 liciat,
721 5512 776 5559 et
802 5503 932 5558 dum
951 5500 1236 5566 benefacit,
1266 5509 1318 5554 et
1339 5500 1466 5554 dum
1511 5500 1718 5554 tolerat.
1753 5501 1906 5570 Saepe
1931 5503 2089 5557 etiam

514 5595 640 5649 dum
670 5593 873 5664 aliquos
899 5593 1071 5663 punit,
1103 5591 1238 5646 alios
1262 5605 1357 5661 per
1381 5591 1481 5646 hoc
1508 5591 1759 5646 inducere
1785 5591 1914 5658 vult,
1941 5602 1998 5646 ut
2025 5593 2089 5646 il-

520 5688 686 5738 lorum
728 5693 870 5738 metu
901 5682 1162 5754 castigati,
1199 5682 1442 5752 supplicii
1485 5682 1779 5752 periculum
1818 5683 2087 5752 effugiant.

527 5774 716 5831 Vidisti
773 5779 1160 5846 sapientissimi
1198 5780 1292 5836 Dei
1325 5780 1748 5853 benignitatem,
1825 5776 2091 5845 τιυοπιοάθ

1228 379 1280 434 s.
1324 375 1598 432 JO.\NN|S
1636 373 2105 430 crta-.vsostout
2135 371 2450 426 AtttlllIEP.
2483 373 3012 431 CONSTANTINOP.

3692 380 3802 432 9.36

2206 486 2380 539 Omnia
2412 503 2530 556 quzr.
2575 503 2668 557 per
2714 489 2884 557 ipsum
2933 492 3082 555 littttl,
3135 501 3348 560 propter
3390 506 3546 543 tttttttti
3597 496 3799 554 Solum,

2206 593 2395 649 nempe
2423 580 2612 634 salutis
2653 591 2847 634 nostrze
2877 596 3035 635 causa
3071 585 3232 635 fiant?
3279 581 3401 636 ιιι-ε
3445 585 3621 650 itaque
3653 586 3798 651 cogi-

2206 679 2397 736 tattles,
2430 688 2496 725 ne
2522 673 2688 724 simus
2717 671 2949 737 desides,
2982 689 3048 727 tte
3070 674 3320 727 virtutem
3354 675 3700 744 negligimus,
3733 693 3800 725 ut:

2203 774 2579 831 praetereamus
2606 764 2750 833 leges
2771 765 2837 818 ab
2867 765 2955 818 illo
2982 775 3229 820 statutas.
3261 765 3391 819 Nunt
3415 767 3457 819 si
3485 766 3677 820 viderit
3698 784 3800 818 nos

2200 855 2461 921 converti,
2493 865 2548 908 et
2577 856 2873 924 quiescere,
2906 864 2956 909 et
2990 858 3305 925 principium
3328 857 3540 926 aliquod
3569 875 3794 926 ιιυιιιτιι.

2202 945 2314 1015 ipse
2341 964 2554 1016 quoque
2582 964 2674 1003 sua
2701 951 2856 1004 simul
2887 952 3094 1012 afferet,
3138 952 3395 1022 facietque
3427 953 3578 1005 nobis
3614 952 3797 1005 oumia

2201 1033 2336 1089 levia
2363 1048 2416 1091 et
2444 1037 2635 1102 facilia,
2667 1049 2855 1094 etnon
2911 1043 3185 1110 permittet
3229 1051 3285 1094 ut
3331 1033 3540 1095 virtutis
3585 1044 3798 1094 lnlum's

2198 1124 2505 1180 sentiamus.
2536 1126 2665 1181 Nam
2687 1131 2900 1199 quando
2921 1131 3095 1190 anima
3121 1131 3186 1185 ad
3219 1132 3382 1185 Deum
3408 1132 3795 1201 cogitationem

2198 1226 2348 1267 suam
2397 1216 2641 1283 intendit,
2681 1233 2785 1272 non
2820 1219 2930 1288 jam
2979 1218 3152 1289 decipi
3205 1231 3375 1290 potest
3417 1236 3446 1273 a
3503 1222 3796 1274 visibilium

2195 1314 2414 1373 aspectu
2447 1323 2461 1362 :
2491 1308 2581 1362 sed
2609 1310 2924 1378 pratteriens
2952 1311 3128 1364 omnia
3160 1327 3222 1364 ea
3254 1327 3373 1380 qum
3404 1327 3511 1366 non
3545 1311 3795 1366 videntur

2195 1397 2564 1465 corporalibus
2604 1398 2795 1466 oculis,
2844 1415 2961 1469 qua:
3001 1400 3201 1454 nullam
3246 1401 3423 1455 sciunt
3470 1403 3798 1456 vicissitudi~

2196 1500 2340 1552 nem,
2369 1486 2463 1542 sed
2495 1497 2748 1558 perpetuo
2773 1499 3009 1554 manent,
3040 1491 3248 1560 fixaque
3275 1499 3398 1545 sunt
3438 1507 3500 1545 ac
3543 1494 3790 1558 inunota,

2196 1574 2506 1646 diligentius
2551 1579 2875 1647 speculatur,
2927 1596 3084 1650 quam
3129 1596 3190 1635 ea
3239 1597 3356 1651 quae
3400 1583 3451 1636 in
3497 1595 3794 1653 conspectu

2194 1674 2321 1720 sunt
2345 1668 2537 1736 posita.
2584 1667 2742 1724 Tales
2767 1670 2909 1724 enim
2940 1671 3136 1725 mentis
3163 1681 3286 1725 sunt
3313 1671 3476 1737 oculi,
3509 1674 3600 1742 qui
3627 1673 3694 1726 ad
3725 1675 3796 1728 il—

2195 1755 2366 1812 lorutn
2406 1759 2771 1828 spectaculum
2803 1761 3056 1815 continuo
3099 1761 3398 1826 intendunt,
3443 1771 3500 1816 et
3540 1762 3796 1832 supernis

2193 1851 2360 1906 radiis
2383 1851 2653 1917 illustrati,
2683 1851 2861 1907 omnia
2901 1867 3020 1926 quae
3063 1853 3116 1907 in
3164 1851 3262 1906 hac
3289 1853 3394 1906 vita
3447 1864 3594 1921 sunt,
3634 1855 3794 1923 quasi

2193 1940 2434 1996 umbram
2465 1952 2518 1997 et
2537 1942 2824 2008 somnium,
2849 1949 3131 1998 transeunt
3158 1960 3171 1996 :
3208 1957 3312 1997 non
3340 1945 3429 1998 ulli
3459 1946 3593 1998 ultra
3621 1946 3794 2001 dccc-

2194 2032 2359 2100 ptioni
2384 2032 2596 2086 obnoxii
2625 2041 2767 2103 sunt.
2797 2047 2970 2103 neque
2994 2033 3366 2088 circumveniri
3399 2045 3655 2104 possunt;
3688 2037 3785 2091 sed

2193 2123 2398 2177 etiamsi
2422 2139 2553 2192 opes
2581 2123 2832 2186 viderint,
2865 2124 3043 2178 statim
3073 2124 3340 2191 derident,
3379 2132 3611 2181 scientes
3643 2127 3792 2197 quod

2192 2213 2409 2284 fugitivo
2429 2216 2616 2284 quovis
2638 2214 2963 2299 infideliores
2988 2217 3055 2271 ab
3081 2231 3188 2270 uno
3211 2217 3277 2270 ad
3300 2201 3468 2273 aliunt
3484 2229 3783 2275 transeant.

2191 2315 2247 2360 et
2268 2321 2554 2376 numquam
2577 2306 2714 2377 apud
2737 2306 2981 2362 eumdem
3007 2309 3318 2375 subsistant,
3343 2321 3392 2364 et
3419 2311 3620 2366 infinita
3649 2315 3790 2369 mala

2196 2397 2587 2466 possidentibus
2612 2396 2854 2460 afferant,
2889 2413 3022 2468 quos
3051 2408 3104 2453 et
3143 2398 3195 2453 itt
3225 2399 3399 2470 ipsum
3449 2404 3690 2469 malitiae,
3733 2413 3794 2459 ut

2192 2487 2262 2540 ita
2294 2486 2488 2552 dicam,
2519 2487 2866 2556 prmcipitium
2897 2491 3152 2558 impulsos
3176 2491 3481 2547 deturbant.
3507 2493 3576 2548 Et
3596 2497 3640 2548 si
3662 2510 3790 2550 cor-

2194 2577 2762 2647 porisformositatem
2809 2595 2991 2634 rursus
3030 2580 3207 2634 intuiti
3254 2582 3487 2646 fuerint,
3539 2600 3647 2639 non
3698 2587 3790 2641 illa

2190 2667 2588 2734 subvertantur,
2620 2670 2916 2738 Cogitantes
2947 2678 3054 2723 tam
3085 2669 3279 2725 ﬂuxam
3303 2682 3353 2726 et
3383 2673 3686 2730 instabilem
3718 2677 3789 2730 il-

2191 2756 2296 2811 lam
2336 2773 2474 2822 esse,
2520 2767 2577 2812 ut
2623 2760 3009 2828 superveniens
3050 2762 3269 2816 morbus
3315 2775 3534 2833 repente
3565 2781 3784 2821 omnem

2190 2846 2332 2902 illam
2363 2847 2585 2903 formam
2611 2848 2880 2915 obscuret,
2910 2859 3040 2905 etut
3068 2866 3468 2924 nonnumquam
3490 2864 3616 2909 ante
3645 2873 3792 2910 tuor-

2192 2940 2338 3002 btun,
2371 2943 2416 2996 si
2439 2941 2688 2995 invaserit
2713 2953 2981 3009 senectus,
3009 2943 3189 3009 facies,
3220 2960 3338 3016 qua:
3368 2956 3522 3001 antea
3551 2946 3788 3003 formosa

2191 3042 2326 3098 erat,
2358 3030 2446 3085 fiat
2475 3030 2727 3086 deformis
2781 3042 2834 3086 et
2864 3033 3147 3101 injucnnda
3182 3053 3195 3088 :
3220 3051 3364 3089 mors
3390 3048 3569 3092 autem
3597 3053 3790 3109 super-

2191 3124 2430 3188 veniens,
2459 3139 2673 3191 omnem
2700 3125 2941 3194 corporis
2969 3109 3418 3195 pulchritudinem
3465 3131 3673 3198 perdat.
3718 3132 3784 3187 Et

2189 3213 2234 3267 si
2266 3228 2422 3283 quem
2452 3213 2680 3267 viderint
2706 3212 2875 3282 gloria
2901 3224 2956 3268 et
2980 3217 3214 3283 potentia
3244 3217 3588 3286 instructum,
3619 3231 3674 3274 et
3696 3223 3790 3292 qui

2192 3306 2243 3360 in
2265 3320 2530 3360 summum
2555 3305 2870 3376 dignitatum
2897 3309 3153 3363 verticem
3183 3314 3508 3378 pervenerit,
3536 3313 3795 3384 omnique

2192 3395 2446 3451 felicitate
2472 3395 2698 3463 fruatur,
2725 3398 2885 3451 etiam
2916 3398 3062 3452 illum
3096 3409 3439 3468 przetereuut,
3472 3403 3627 3471 quasi
3658 3404 3791 3458 nihil

2190 3485 2383 3542 stabile
2408 3493 2463 3541 et
2490 3485 2718 3541 solidum
2748 3487 3056 3555 habentem,
3097 3488 3191 3544 sed
3228 3490 3297 3545 de
3333 3491 3436 3544 illis
3467 3491 3791 3561 gloriantem

2194 3592 2315 3650 quat
2364 3576 2672 3634 fluminibus
2722 3579 2850 3648 ipsis
2904 3594 3069 3650 ocyus
3120 3583 3590 3650 praeterlabentur.
3646 3585 3791 3651 Quid

2194 3672 2339 3727 enim
2383 3671 2528 3725 omni
2567 3670 2721 3740 hujus
2751 3671 2872 3726 vita:
2895 3672 3063 3741 gloria
3097 3674 3273 3737 vilius,
3303 3689 3423 3743 qu'L
3451 3673 3570 3730 fl'ori
3601 3676 3790 3733 herba:

2191 3761 2504 3818 confertur?
2537 3762 2717 3817 Omnis
2759 3762 2900 3817 enim
2946 3764 3114 3834 gloria
3156 3765 3394 3836 hominis,
3430 3767 3623 3837 inquit,
3657 3771 3792 3824 sicut

2192 3856 2288 3925 ﬂos
2310 3855 2433 3926 [mni
2462 3853 2612 3927 (Isai.
2644 3854 2734 3910 40.
2765 3853 2833 3921 6',
2864 3855 2916 3910 l.
2945 3853 3062 3908 Pet.
3096 3856 3146 3909 l.
3177 3855 3292 3926 24).

2264 3946 2318 4001 4.
2365 3945 2601 4010 Vidistis,
2630 3945 2830 4011 dilecti,
2859 3962 3016 4016 quam
3039 3956 3198 4003 acute
3233 3947 3448 4004 videant
3475 3951 3617 4006 oculi
3643 3950 3792 4017 fidet,

2193 4035 2239 4090 si
2264 4033 2473 4106 quando
2501 4035 2552 4088 in
2583 4034 2746 4089 Deum
2775 4051 2924 4090 mens
2951 4037 3149 4092 intenta
3177 4034 3376 4092 fuerit?
3405 4039 3614 4096 vidistis
3638 4058 3781 4111 quo-

2197 4125 2357 4180 modo
2383 4141 2412 4180 a
2439 4127 2582 4180 nulla
2625 4142 2683 4182 re
2719 4127 2915 4181 visibili
2955 4128 3127 4198 decipi
3171 4139 3412 4199 possunt,
3462 4133 3555 4185 sed
3585 4142 3793 4188 rectum

2198 4218 2391 4273 habent
2419 4235 2595 4274 rerum
2613 4220 2894 4289 judicium,
2921 4235 3093 4290 neque
3123 4221 3175 4274 in
3201 4221 3310 4276 ullo
3333 4222 3628 4278 falluntur?
3654 4223 3791 4292 Sed,

2196 4312 2239 4366 si
2269 4322 2476 4381 gratum
2503 4320 2603 4376 est,
2638 4314 2830 4366 iterum
2857 4313 2921 4367 ad
2951 4323 3258 4368 contextum
3301 4322 3564 4371 sermonis
3606 4333 3796 4375 rever-

2199 4413 2392 4468 tamur,
2431 4411 2483 4456 et
2513 4404 2697 4471 paucis
2723 4403 3008 4471 propositis
3038 4403 3198 4458 finem
3228 4405 3475 4474 loquendi
3507 4405 3792 4477 faciamus,

2197 4503 2256 4549 ut
2295 4494 2560 4550 dictorum
2603 4497 2858 4550 memoria
2901 4498 3063 4551 menti
3110 4507 3304 4552 vestrm
3345 4499 3612 4570 inligatur.
3659 4502 3793 4557 Nam

2200 4596 2476 4655 postquam
2503 4585 2774 4654 Scriptura
2814 4601 3118 4642 sermonem
3158 4587 3227 4643 de
3266 4590 3447 4645 divino
3477 4592 3630 4661 signo
3671 4597 3794 4648 fiui-

2200 4676 2295 4740 vit,
2323 4689 2420 4728 nos
2447 4676 2643 4729 iterum
2672 4677 2865 4731 docere
2889 4677 3000 4732 vult
3023 4677 3122 4732 alia
3155 4694 3275 4747 quae
3299 4680 3366 4734 ad
3396 4681 3600 4750 justum
3642 4684 3792 4739 illum

2199 4773 2254 4820 et
2287 4765 2422 4821 filios
2449 4766 2590 4822 illius
2626 4769 2916 4836 pertinent,
2962 4778 3016 4824 et
3057 4768 3190 4823 dicit
3241 4789 3254 4824 :
3301 4772 3388 4827 l8.
3432 4773 3591 4827 Erant
3622 4788 3797 4831 autem

2200 4858 2296 4927 ﬁlii
2329 4857 2460 4922 Noe,
2494 4859 2579 4929 qui
2621 4860 2684 4913 de
2723 4876 2842 4913 arca
2882 4862 3068 4932 egressi
3113 4873 3249 4928 sunt,
3282 4864 3424 4929 Sent,
3467 4865 3650 4934 Citam,
3695 4869 3794 4923 Ja-

2203 4951 2374 5019 pltetlt.
2405 4948 2563 5004 C/tam
2596 4961 2763 5004 autem
2791 4962 2897 5004 erat
2927 4962 3069 5022 pater
3095 4952 3362 5008 Chanaan.
3398 4957 3482 5011 19.
3517 4956 3644 5011 Tres
3672 4973 3796 5013 sunt

2200 5043 2252 5095 Ιιὶ
2276 5042 2371 5111 ﬁlii
2398 5041 2450 5095 Ν
2455 5059 2548 5107 oe;
2578 5043 2642 5095 ab
2673 5043 2778 5096 istis
2805 5043 3021 5111 dispersi
3046 5056 3161 5098 sunt
3182 5062 3335 5115 super
3359 5063 3556 5101 onmem
3579 5059 3792 5107 terram.

2203 5136 2424 5206 Dignum
2467 5137 2552 5190 hic
2584 5135 2742 5189 fuerit
2769 5146 2827 5189 ut
2865 5137 3193 5204 inquiramus
3237 5154 3403 5208 quare
3432 5140 3608 5195 divina
3640 5143 3796 5197 Scri-

2202 5239 2351 5297 ptura
2384 5229 2482 5282 hos
2511 5237 2616 5282 tres
2651 5227 2784 5280 filios
2823 5232 3312 5295 commemorando,
3357 5233 3538 5286 subdit
3569 5250 3586 5286 :
3629 5234 3797 5287 Citam

2200 5329 2363 5372 autem
2394 5329 2500 5372 erat
2529 5327 2676 5389 pater
2707 5318 2968 5372 Chanaan.
3018 5319 3097 5375 Ne
3147 5323 3363 5390 ptllt‘lls,
3398 5325 3642 5388 obsecro,
3692 5329 3796 5383 hoc

2199 5413 2397 5478 absque
2416 5424 2578 5462 causa
2613 5408 2776 5463 fuisse
2815 5410 3080 5478 adjectum
3123 5429 3135 5464 :
3167 5412 3300 5464 nihil
3339 5414 3482 5467 enim
3528 5417 3577 5468 in
3611 5417 3793 5472 divina

2199 5499 2470 5567 Scriptura
2501 5496 2825 5564 continetur,
2851 5501 2989 5568 quod
3021 5517 3124 5554 non
3151 5502 3324 5571 aliqua
3353 5504 3561 5559 ratione
3589 5508 3793 5561 dictum

2198 5592 2287 5656 sit,
2325 5607 2442 5659 qua:
2490 5606 2594 5646 non
2645 5599 2699 5644 et
2751 5591 3000 5646 latentem
3047 5594 3098 5646 in
3142 5609 3201 5648 se
3250 5595 3439 5648 habeat
3487 5599 3791 5656 utilitatem.

2197 5683 2373 5752 Quare
2400 5698 2528 5752 ergo
2557 5682 2891 5751 significavit,
2919 5683 3077 5738 Citam
3119 5696 3288 5737 autent
3328 5698 3433 5739 erat
3477 5699 3616 5757 pater
3652 5689 3786 5744 Clut-

2203 5775 2377 5831 naatt.’
2407 5774 2580 5828 Voluit
2613 5789 2703 5843 per
2731 5773 2832 5829 hoc
2856 5775 3014 5830 uobis
3044 5775 3182 5830 illius
3214 5777 3678 5847 intcmpi'ran'imn
3710 5784 3790 5838 iu-
