4070 6396
302 382 413 440 9.57

309 502 531 563 gentem
562 489 922 555 subindicare,
967 502 1031 545 ac
1074 502 1247 558 neque
1276 484 1594 543 Caiatttilalis
1639 481 1906 552 magnitu-

308 587 491 640 dinem
522 585 668 639 illum
695 598 945 640 coercere
970 582 1229 654 potuisse,
1259 597 1433 651 neque
1463 590 1662 634 tantant
1691 578 1744 634 in
1775 592 1901 632 arca

308 676 613 748 angustiam
643 675 1014 739 irrcfrenatam
1046 672 1189 728 illius
1228 670 1722 741 conettpisccntiam
1761 667 1910 723 seda-

309 771 493 823 visse:
527 766 624 824 sed
648 768 890 838 quamvis
920 765 1087 820 frater
1127 765 1245 833 ejus
1285 764 1457 834 major
1496 761 1733 817 nondum
1774 760 1908 815 ﬁlios

308 857 724 928 procreavisset,
763 856 905 910 bune
945 856 1344 912 incontinentiae
1375 853 1637 920 deditum,
1681 852 1733 906 in
1768 860 1906 906 tem-

311 964 442 1019 pore
476 958 639 1004 tanta:
677 948 1075 1019 indignationis,
1122 957 1175 1000 et
1200 947 1467 1017 generalis
1504 944 1768 1008 interitus,
1801 957 1908 1011 quo

308 1039 455 1095 orbis
482 1038 907 1108 comprehensus
935 1046 1039 1103 est,
1068 1038 1146 1092 rei
1176 1052 1420 1091 venerem
1445 1035 1684 1090 deditum
1718 1033 1903 1099 fuisse,

306 1139 364 1183 et
401 1129 706 1200 cupiditatis
748 1127 1211 1198 intemperantiam
1254 1142 1360 1182 non
1407 1124 1782 1189 refrenat-isse,
1810 1122 1906 1179 Sed

303 1218 415 1289 jam
463 1220 641 1273 statim
688 1219 755 1271 ab
799 1218 948 1272 initio
993 1216 1156 1272 animi
1201 1217 1282 1271 sui
1327 1216 1640 1286 pravitatem
1684 1216 1907 1270 demon-

307 1320 525 1363 strasse.
562 1308 741 1377 Itaque
766 1322 885 1360 cum
918 1323 1022 1360 non
1046 1306 1214 1361 multo
1242 1316 1359 1375 post
1388 1308 1603 1375 propter
1632 1314 1908 1360 contume-

308 1398 431 1452 liam
481 1398 532 1451 in
579 1407 876 1467 parentem,
913 1395 1341 1451 male-dictionem
1387 1405 1734 1467 suscepturus
1762 1404 1907 1448 esset

305 1488 423 1556 ejus
455 1488 594 1542 ﬁlius
620 1485 869 1541 Chanaan
916 1505 931 1541 :
976 1486 1096 1541 ideo
1139 1486 1412 1556 Scriptura
1441 1486 1618 1541 divina
1666 1486 1717 1539 id
1760 1485 1906 1554 prius

304 1576 614 1648 assignavit,
651 1578 850 1647 llliique
881 1592 1077 1632 nomen
1115 1576 1427 1643 declaravit,
1459 1592 1523 1631 ac
1550 1576 1705 1631 simul
1738 1576 1904 1646 patris

308 1670 770 1738 intemperantiam
805 1686 819 1721 :
855 1680 911 1723 ut
940 1684 1061 1723 cum
1094 1679 1281 1738 postea
1312 1668 1508 1721 videris
1537 1668 1684 1722 illutn
1716 1683 1903 1735 magna

306 1759 501 1831 ingrati
531 1775 653 1831 erga
684 1771 889 1829 patrem
932 1761 1094 1815 animi
1135 1761 1285 1830 signa
1329 1761 1477 1824 dare,
1524 1761 1666 1815 scire
1708 1760 1903 1828 possis,

305 1852 479 1921 ipsum
506 1851 617 1920 jam
644 1851 769 1905 olim
818 1853 977 1906 talem
1020 1853 1200 1915 fuisse,
1253 1859 1435 1919 utpote
1478 1866 1649 1920 neque
1688 1866 1717 1904 a
1760 1861 1904 1905 tanta

304 1942 612 1997 calamitate
657 1942 1017 2013 emendatum.
1066 1941 1325 1997 Sufﬁcere
1372 1943 1516 1995 enim
1567 1941 1797 1995 debebat
1836 1942 1903 1994 ad

304 2033 749 2103 exstinguendam
807 2034 1078 2088 libidinem
1139 2044 1316 2088 tantus
1374 2048 1609 2097 ιιιωιόιος
1667 2034 1906 2102 nihilque

304 2126 576 2181 ﬂammam
602 2136 657 2201 et
684 2128 944 2181 insaniam
976 2127 1115 2181 hanc
1145 2128 1213 2180 ita
1240 2127 1596 2196 comprimere
1627 2132 1821 2194 potest,
1847 2135 1902 2180 ut

306 2218 537 2272 tristitia:
569 2219 924 2284 vehementia,
957 2228 1010 2271 et
1034 2218 1352 2273 calamitatis
1379 2216 1708 2285 magnitudo.
1742 2215 1907 2285 Igitur

306 2311 400 2380 qtti
445 2310 496 2364 in
531 2320 672 2364 tanta
715 2312 975 2364 malorum
1006 2310 1055 2363 vi
1087 2320 1247 2363 tanta:
1286 2309 1453 2364 rahiei
1490 2318 1546 2363 et
1592 2309 1813 2363 insania:
1854 2310 1905 2362 itt

304 2403 655 2472 procreandis
683 2403 866 2457 liberis
894 2403 1008 2466 fuit,
1039 2416 1141 2472 qua
1185 2402 1337 2456 venia
1377 2401 1569 2471 dignus
1600 2400 1799 2456 fuerit?

380 2494 483 2546 Cur
509 2503 655 2563 patre
693 2494 864 2547 Citam
908 2502 1148 2563 peccante
1178 2493 1316 2561 ﬁlius
1344 2492 1595 2547 Chanaan
1643 2492 1909 2547 maledici-

303 2588 583 2641 tun—At
629 2586 715 2640 hic
760 2587 915 2641 nobis
957 2587 1057 2639 alia
1106 2586 1329 2655 quazstio
1377 2587 1634 2649 nascitur,
1680 2586 1909 2640 celebris

308 2677 417 2742 illa,
447 2688 500 2733 et
523 2694 639 2746 ιιιιευ
683 2679 875 2748 ubique
908 2676 1284 2733 circumfertur
1320 2693 1333 2730 :
1378 2676 1556 2744 Quare
1600 2687 1752 2746 patre
1783 2691 1909 2745 pec-

304 2778 484 2831 cante,
518 2768 657 2822 ﬁlius
682 2768 1023 2823 maledictum
1053 2767 1282 2841 accipit?
1310 2765 1417 2822 Sed
1447 2781 1515 2821 ne
1542 2766 1759 2835 longum
1786 2780 1907 2820 ser-

307 2878 527 2918 monem
559 2878 699 2916 nunc
725 2862 1008 2927 faciamus,
1043 2863 1095 2917 in
1124 2860 1271 2918 aliud
1312 2871 1522 2931 tempus
1564 2862 1707 2917 illam
1746 2876 1909 2931 repo-

307 2967 523 3017 nemus,
557 2962 613 3006 ut
640 2966 762 3007 eum
787 2951 854 3006 ad
883 2966 1008 3007 eum
1033 2950 1210 3007 locum
1239 2951 1663 3022 pervenerimus,
1696 2960 1824 3007 tunc
1854 2961 1909 3007 et

307 3042 628 3097 solutionem
672 3042 981 3109 aderamus,
1033 3058 1193 3116 quam
1238 3044 1377 3098 Deus
1415 3042 1719 3098 donaverit.
1765 3043 1905 3099 Nihil

306 3134 453 3189 ettim
483 3134 535 3187 in
562 3149 709 3187 sacra
759 3133 1060 3203 Scriptura,
1107 3134 1247 3188 sicut
1294 3133 1426 3200 dixi,
1477 3134 1718 3189 invenire
1767 3134 1904 3199 licet,

307 3222 452 3292 quod
483 3222 687 3291 absque
728 3224 935 3278 ratione
961 3223 1139 3293 aliqua
1180 3221 1249 3277 sit
1275 3224 1553 3292 scriptum.
1595 3223 1708 3278 Hoc
1752 3224 1910 3294 igitur

309 3313 525 3368 interim
555 3314 889 3381 exploratum
917 3321 1021 3379 est,
1046 3328 1240 3369 nomen
1270 3314 1360 3367 lilii
1385 3329 1489 3367 non
1516 3316 1717 3384 absque
1744 3329 1906 3369 causa

308 3402 476 3459 fuisse
502 3418 533 3455 a
560 3402 704 3457 Mose
731 3414 1232 3467 commemoratum,
1263 3417 1382 3456 cum
1413 3403 1546 3457 dixit
1577 3420 1589 3455 :
1622 3402 1782 3456 Citam
1811 3421 1909 3456 au-

309 3503 407 3547 tem
434 3503 542 3547 erat
573 3503 713 3560 pater
742 3491 1010 3546 Chanaan.
1040 3491 1187 3553 Tres,
1214 3492 1401 3563 inquit,
1428 3504 1546 3547 sunt
1573 3493 1625 3546 hi
1651 3495 1748 3561 filii
1772 3492 1907 3557 Nec,

309 3596 358 3639 et
383 3585 448 3638 ab
478 3584 780 3653 iis-dispersi
808 3594 926 3638 sunt
955 3600 1107 3654 super
1139 3601 1335 3639 omnem
1363 3594 1569 3638 terram.
1601 3584 1785 3655 Neque
1810 3587 1911 3641 hoc

309 3675 512 3733 dictum
538 3676 711 3731 obiter
739 3685 1142 3745 praetereamus,
1172 3675 1372 3741 dilecti,
1401 3676 1493 3729 sed
1522 3677 1815 3745 cogitemus
1843 3691 1921 3737 ex,

313 3766 407 3822 iilo
454 3766 573 3835 ipso
627 3766 841 3819 virtutis
890 3765 982 3819 Dei
1031 3766 1471 3835 magnitudinem.
1530 3764 1670 3832 Tres,
1720 3766 1908 3835 inquit,

310 3868 456 3914 erant
484 3859 538 3910 Iti
565 3858 658 3925 filii
694 3856 827 3922 Noe,
858 3866 906 3911 et
937 3874 1001 3912 ea:
1026 3857 1127 3912 illis
1155 3858 1369 3927 dispersi
1394 3868 1507 3911 sunt
1534 3874 1686 3927 super
1715 3873 1913 3911 onmem

310 3960 525 4005 terram.
551 3949 831 4017 Quomodo
861 3963 927 4004 ex
972 3948 1142 4004 tribus
1181 3957 1325 4003 tanta
1374 3948 1660 4004 multitudo
1699 3964 1911 4005 succre-

312 4042 423 4099 vit?
453 4040 722 4112 quomodo
751 4049 1039 4109 potuerunt
1063 4038 1353 4096 sufﬁcere:
1380 4038 1650 4108 quomodo
1679 4054 1744 4093 ex
1779 4055 1911 4107 pau-

309 4137 393 4192 cis
422 4135 529 4191 illis
570 4143 711 4189 totus
753 4133 984 4189 mundus
1015 4134 1375 4190 constitutus?
1414 4132 1685 4203 quomodo
1724 4147 1911 4188 eorum

312 4234 727 4298 permanserunt
753 4226 1024 4295 corpora?
1065 4223 1182 4280 Non
1222 4224 1461 4280 medicus
1500 4233 1634 4291 erat,
1676 4224 1764 4295 qui
1795 4239 1913 4279 me-

310 4319 545 4375 dicinam
589 4317 886 4382 adhiberet,
937 4330 1109 4386 neque
1150 4315 1249 4370 alia
1288 4330 1438 4370 cura.
1483 4314 1729 4370 Nondum
1769 4316 1912 4370 enim

312 4419 470 4467 erant
496 4411 739 4479 civitates
776 4408 1028 4474 conditae,
1070 4407 1165 4462 sed
1210 4415 1331 4477 post
1371 4415 1570 4461 tantam
1619 4406 1910 4473 miseriam,

312 4512 371 4559 et
395 4502 555 4556 vitam
586 4500 729 4555 illam
762 4500 812 4553 in
842 4514 985 4564 arca,
1018 4508 1072 4553 et
1097 4514 1202 4569 qua
1227 4499 1477 4553 macerati
1504 4506 1558 4553 et
1584 4497 1814 4553 confecti
1844 4498 1914 4553 ob

310 4594 769 4663 mmpressionem
796 4592 1071 4655 exierunt,
1101 4601 1154 4646 et
1186 4591 1240 4644 in
1270 4599 1413 4644 tanta
1454 4588 1741 4646 solitudine
1766 4590 1913 4653 exsi—

312 4692 542 4749 stentes,
582 4691 639 4738 et
663 4680 916 4737 ineffabili
947 4682 1213 4745 vastitate,
1244 4679 1515 4751 quomodo
1559 4694 1666 4735 non
1706 4679 1912 4734 enecati

314 4774 479 4830 sunt?
499 4771 769 4841 quomodo
797 4787 903 4827 non
932 4772 1239 4840 perierunt?
1259 4769 1533 4827 Timorem
1558 4770 1701 4827 enim
1728 4779 1784 4824 et
1802 4785 1916 4824 me-

317 4875 453 4934 tum,
483 4863 591 4927 dic,
617 4876 734 4928 oro,
760 4876 865 4916 non
889 4872 1043 4931 putas
1062 4861 1419 4916 commovisse
1444 4875 1629 4916 eorum
1652 4870 1906 4924 mentem,

317 4964 375 5011 et
402 4954 739 5009 concussisse
765 4952 1038 5005 animum?
1064 4950 1141 5005 Ne
1166 4950 1470 5015 admireris,
1501 4949 1697 5006 dilecte
1728 4968 1741 5003 :
1774 4950 1915 5006 Deus

317 5048 464 5103 enim
490 5053 603 5101 erat
631 5044 719 5114 qui
750 5043 927 5099 omnia
960 5042 1209 5109 faciebat,
1242 5052 1298 5096 et
1325 5041 1467 5098 Deus
1492 5052 1697 5103 naturae
1734 5042 1913 5114 epiles

319 5147 438 5194 crat
460 5137 547 5207 qui
574 5116 1156 5213 ontnia’impedimenta
1186 5134 1461 5190 auferebat
1502 5134 1755 5190 mandato
1792 5151 1912 5203 suo,

320 5241 430 5298 quo
454 5226 608 5301 dixit,
654 5225 874 5281 Crescite
913 5235 964 5280 et
1009 5225 1441 5294 multiplicamini,
1484 5234 1530 5279 et
1576 5226 1779 5293 implete
1816 5235 1916 5280 ter-

321 5336 433 5375 rain
459 5317 610 5392 (Gen.
643 5319 694 5372 i.
722 5317 843 5386 28).
872 5317 984 5373 Hoc
1007 5318 1149 5372 enim
1180 5317 1567 5373 incrementum
1594 5316 1756 5371 dedit.
1782 5316 1915 5385 Quia

320 5424 376 5468 et
413 5411 661 5466 lsmelitze
686 5424 807 5464 cum
836 5410 886 5462 in
920 5408 1153 5481 Egypto
1192 5411 1243 5464 in
1286 5409 1398 5463 luto
1446 5419 1501 5465 et
1546 5409 1712 5464 latere
1739 5408 1909 5463 conﬁ-

318 5500 516 5557 ciendo
540 5502 748 5557 onerati
778 5512 982 5566 essent,
1028 5502 1080 5555 in
1127 5510 1275 5555 tanto
1318 5500 1574 5571 majorem
1619 5500 1917 5555 multitudi—

325 5607 448 5647 nem
477 5591 880 5658 excrescebant,
906 5606 1011 5661 quo
1050 5592 1218 5661 magis
1253 5593 1688 5662 opprimebantur
1720 5590 1911 5659 (Exod.

328 5683 378 5736 I.
406 5691 457 5735 et
494 5682 670 5750 seqq.)
700 5698 713 5733 :
741 5691 795 5735 et
822 5697 997 5751 neque
1028 5682 1411 5738 immisericors
1447 5693 1501 5737 et
1526 5682 1745 5739 crudele
1775 5697 1914 5751 pra:-

312 5778 530 5840 reptum
590 5768 918 5835 Phanonis,
961 5789 1066 5844 quo
1106 5774 1512 5844 pt'tecipicbatur
1556 5774 1815 5829 masculos
1863 5776 1913 5828 in

1328 375 1393 431 IN
1434 372 1587 429 CAI‘.
1630 369 1722 426 IX.
1763 364 2009 428 GENES.
2052 368 2278 424 HUMIL.
2322 371 2561 425 XXVIII.

3516 375 3622 435 158

2019 481 2232 535 fiumina
2267 481 2489 551 projici;
2524 500 2694 555 neque
2727 486 2938 541 vexatio
2970 486 3080 552 illa,
3127 504 3285 555 quam
3332 504 3360 543 a
3424 495 3619 556 prurie-

2009 575 2114 630 ctis
2142 590 2423 645 operarum
2453 577 2813 644 patiebantur,
2849 579 3015 633 valuit
3044 580 3362 638 imminuere
3404 583 3622 639 illorum

2014 667 2432 734 multitudinem,
2462 667 2551 723 ~ed
2582 670 2749 740 magis
2778 671 3052 740 magisque
3097 689 3320 729 numero
3346 670 3620 744 augeban-

2015 768 2119 813 tur.
2175 759 2301 813 Erat
2335 759 2479 813 enim
2523 759 2699 814 divina
2755 761 3105 829 dispensatio,
3158 780 3277 832 qua:
3325 765 3503 820 omnia
3551 780 3621 821 ex
3679 797 3685 803 -

2012 846 2253 903 adversis
2274 850 2612 919 operabatur.

2082 938 2135 993 5.
2200 938 2292 993 Dei
2343 950 2595 1009 praecepto
2615 952 2795 997 cuncta
2846 944 3104 997 obediunl.
3172 945 3270 996 Per
3307 946 3626 1003 adrersarios

2011 1032 2155 1103 elicit
2191 1030 2330 1085 Deus
2362 1042 2413 1084 ut
2443 1034 2571 1100 fides
2594 1045 2809 1089 crescat.
2838 1063 2908 1074 --
2932 1034 3153 1102 Quando
3181 1037 3338 1107 igitur
3368 1038 3631 1093 Dominus

2012 1124 2275 1193 praecipit,
2306 1139 2373 1177 ne
2401 1138 2616 1193 qumr.:s
2641 1134 2696 1178 ut
2726 1124 2961 1179 lmmano
2983 1142 3133 1181 more
3154 1143 3313 1196 opt-ra
3340 1130 3628 1199 perﬁcian-

2018 1220 2120 1265 tur.
2157 1211 2431 1266 Potentior
2462 1214 2604 1266 Cniltt
2634 1228 2797 1282 quam
2827 1225 3015 1268 natura
3037 1255 3051 1276 ,
3108 1232 3213 1276 non
3259 1226 3380 1285 eget
3416 1225 3624 1271 natura:

2020 1304 2161 1357 serie
2186 1318 2251 1358 ac
2277 1305 2593 1369 ministerio,
2625 1306 2715 1359 sed
2747 1315 2799 1359 et
2826 1321 2922 1376 per
2949 1312 3158 1375 Canum
3189 1309 3419 1377 alioquin
3456 1312 3624 1376 impe-

2010 1394 2196 1460 dittttt,
2228 1412 2315 1449 res
2339 1397 2587 1467 adauget.
2643 1396 2721 1451 Eo
2771 1398 2931 1461 modo
2961 1409 3012 1452 et
3042 1415 3182 1452 nunc
3214 1415 3307 1468 per
3338 1410 3446 1454 tris
3499 1402 3617 1455 illos

2015 1494 2186 1553 totum
2226 1488 2410 1541 orbem
2444 1488 2685 1557 implevit
2756 1489 2799 1541 Α
2831 1489 2989 1543 tribus
3032 1491 3174 1547 enim
3222 1490 3345 1555 illis,
3405 1493 3612 1558 inquit,

2011 1578 2226 1646 dispersi
2254 1588 2371 1631 sunt
2397 1579 2449 1631 in
2479 1586 2763 1633 universam
2792 1590 2997 1633 terram.
3061 1582 3243 1635 Vidisti
3291 1582 3387 1638 Dei
3418 1592 3607 1651 poten-

2015 1669 2140 1722 tiam
2168 1669 2191 1723 ?
2244 1669 2419 1724 vidiSIi
2464 1670 2733 1739 quomodo
2756 1711 2771 1736 ,
2819 1671 2920 1726 etsi
2970 1675 3078 1727 sint
3106 1674 3269 1728 multa
3300 1675 3575 1729 obstacula
3600 1718 3614 1741 ,

2013 1760 2145 1814 nihil
2178 1772 2352 1815 tamen
2384 1762 2524 1815 illius
2554 1776 2793 1829 moratur
2818 1764 3181 1821 voluntatem?
3224 1766 3453 1834 Idipstnn
3482 1780 3539 1822 et
3566 1769 3618 1821 in

2016 1850 2124 1904 line
2148 1850 2326 1904 licebit
2371 1852 2570 1907 videre.
2602 1852 2736 1907 Cum
2766 1855 2907 1910 enim
2937 1854 3070 1909 tales
3106 1865 3290 1910 essent
3329 1858 3414 1925 qui
3443 1874 3531 1926 om
3553 1874 3618 1914 ιι-

2009 1951 2232 2011 gnarent
2257 1984 2271 2007 ,
2304 1952 2380 1996 tot
2418 1944 2509 2013 qui
2558 1944 2936 2000 insidiarrntur
2957 1987 2972 2011 ,
3006 1958 3059 2001 et
3091 1963 3264 2015 reges,
3296 1964 3345 2003 c:
3381 1949 3616 2021 tyranni,

2010 2040 2063 2084 et
2088 2032 2265 2100 p0puli
2307 2034 2661 2102 insurgentes,
2706 2044 2759 2089 et
2799 2036 2978 2104 omnia
3027 2036 3284 2092 facientes
3317 2047 3372 2090 nt
3408 2042 3614 2094 exstin-

2013 2130 2240 2188 gucrent
2268 2122 2555 2176 scintillam
2588 2124 2732 2189 lidci,
2761 2142 2855 2194 per
2884 2126 3245 2191 insidiatores,
3274 2144 3366 2197 per
3412 2143 3504 2183 eis
3530 2131 3620 2199 qui

2015 2221 2197 2267 vetare
2252 2211 2536 2276 volebant.
2593 2224 2735 2268 tanta
2795 2217 3005 2286 pietatis
3045 2218 3257 2271 flamma
3289 2220 3503 2289 erupit.
3561 2232 3617 2275 ut

2013 2312 2182 2357 totum
2239 2306 2427 2373 orbem
2487 2306 2781 2361 habitatum
2813 2290 2877 2362 et
2916 2308 3270 2383 inhabitatum
3344 2311 3617 2367 invaserit.

2014 2395 2235 2449 Etiamsi
2262 2399 2328 2450 ad
2364 2389 2521 2453 Indos
2550 2400 2780 2465 abieris,
2827 2411 2877 2455 et
2907 2404 2975 2455 ad
3006 2401 3234 2472 Scythas
3254 2443 3270 2467 ,
3303 2412 3355 2457 et
3380 2405 3448 2459 ad
3487 2404 3619 2460 ﬁnes

2011 2486 2155 2540 orbis
2188 2498 2362 2551 terra),
2410 2490 2616 2543 etiamsi
2657 2490 2725 2543 ad
2763 2492 2933 2558 ipsum
2978 2493 3269 2557 Oceanum,
3322 2494 3619 2565 uhiqueia-

2011 2578 2194 2633 venies
2241 2578 2438 2633 Christi
2483 2580 2780 2635 doctrinam
2825 2582 3179 2639 illustrantem
3228 2588 3465 2640 omniun
3497 2591 3614 2641 ani-

2013 2685 2151 2724 mos.
2193 2670 2345 2739 Quod
2391 2672 2535 2726 enim
2565 2673 2879 2733 admirabile
2904 2686 2959 2730 et
2988 2687 3205 2746 stupore
3232 2678 3482 2749 plenum,
3514 2696 3616 2749 pte

2012 2760 2287 2831 religionis
2311 2760 2556 2817 doctrina
2585 2763 2728 2832 ipsas
2758 2764 3014 2820 barbaras
3056 2769 3299 2823 nationes
3331 2773 3614 2837 convertit,

2014 2852 2085 2906 ita
2135 2860 2197 2907 ut
2249 2851 2611 2923 philosophari
2664 2854 2987 2920 didicerint,
3036 2867 3090 2912 et
3136 2859 3345 2929 abjecta
3399 2863 3620 2932 pristina

2013 2943 2401 2998 consuetudine
2420 2944 2486 2998 ad
2514 2944 2768 3014 pietatem
2800 2950 3071 3001 translata:
3098 2949 3225 3003 sint.
3258 2950 3326 3004 Et
3352 2952 3489 3006 sicut
3524 2967 3623 3023 per

2015 3045 2124 3091 tres
2151 3040 2270 3095 illos
2297 3039 2571 3094 hominum
2592 3052 2760 3107 genus
2784 3038 3155 3109 multiplicavit
3196 3042 3431 3098 universi
3469 3043 3614 3100 Con-

2012 3127 2153 3194 ditor
2198 3146 2211 3182 :
2262 3131 2333 3184 ita
2360 3143 2572 3200 quoque
2601 3137 2656 3183 et
2699 3129 2750 3181 in
2783 3128 2885 3183 ﬁde
2911 3145 3005 3197 per
3030 3130 3280 3186 undecim
3314 3133 3607 3202 piscatores

2018 3219 2299 3274 illiteratus
2323 3230 2375 3275 et
2398 3220 2588 3282 idiotas
2614 3262 2629 3288 ,
2670 3221 2759 3290 qui
2794 3234 2966 3291 neque
3001 3236 3064 3276 os
3090 3225 3300 3291 aperire
3328 3227 3620 3295 audebant,

2022 3324 2237 3363 omnem
2266 3310 2365 3365 sibi
2412 3311 2595 3365 orbem
2626 3312 2877 3377 attraxit,
2929 3320 3088 3382 atque
3134 3315 3363 3369 illtt--rati
3395 3318 3515 3383 isti,
3566 3329 3622 3375 et

2016 3398 2232 3467 idiotas,
2285 3410 2341 3455 et
2387 3402 2713 3470 piscatores,
2760 3401 3201 3473 philosophorum
3233 3407 3616 3465 obturaveruut

2013 3505 2130 3558 ora,
2172 3502 2227 3548 et
2261 3500 2692 3548 transcurrerunt
2711 3492 2898 3548 orbem
2924 3496 3078 3565 quasi
3104 3499 3249 3564 alati,
3290 3501 3625 3557 seminantcs

2011 3584 2257 3639 veritatis
2284 3599 2617 3650 sermonem,
2646 3594 2699 3639 et
2724 3586 2904 3654 spinas
2932 3599 3264 3655 CXSt’CaIIleS,
3294 3600 3347 3645 et
3372 3595 3623 3661 pristinas

2016 3676 2326 3731 alfecﬁones
2356 3676 2700 3742 revellentes,
2733 3676 3037 3747 Christique
3070 3680 3216 3749 leges
3246 3682 3441 3752 ubique
3472 3685 3623 3753 plan.

2021 3778 2193 3823 tantes
2224 3783 2328 3835 :ac
2359 3783 2532 3837 neque
2556 3770 2697 3838 quod
2730 3771 2880 3836 pauci
2904 3781 3103 3836 essent,
3139 3787 3314 3841 neque
3342 3775 3483 3844 quod
3518 3779 3624 3845 pri-

2023 3860 2129 3913 vati
2182 3868 2239 3915 et
2293 3858 2569 3923 illiterati,
2625 3873 2800 3929 neque
2853 3863 2994 3929 quod
3044 3871 3257 3917 austera
3305 3870 3360 3917 et
3403 3864 3625 3924 insolita

2017 3950 2287 4019 juberent,
2324 3964 2496 4019 neque
2536 3948 2676 4017 quod
2710 3948 2875 4003 veteri
2906 3951 3294 4006 consuetudine
3332 3952 3622 4011 humanum

2016 4055 2182 4109 genus
2206 4053 2538 4110 ptaevemum
2566 4048 2732 4105 esset,
2754 4039 3030 4094 obstaculo
3046 4040 3125 4095 eis
3141 4056 3263 4097 esse
3288 4045 3458 4113 potuit
3485 4064 3497 4097 :
3522 4062 3582 4105 te
3606 4048 3618 4101 l

2016 4132 2211 4201 praevia
2241 4130 2407 4201 gratia
2439 4129 2653 4184 sustulit
2680 4128 2795 4183 litec
2819 4130 3020 4197 omnia,
3050 4146 3347 4202 magnaque
3372 4133 3623 4190 facilitate

2019 4223 2223 4292 operati
2252 4231 2377 4276 sunt
2403 4222 2601 4286 omnia,
2636 4234 2730 4289 per
2758 4221 2871 4290 ipsa
2899 4219 3173 4276 obstacula
3197 4224 3459 4293 majorem
3484 4227 3623 4280 acci-

2023 4312 2231 4380 pientes
2284 4312 2638 4366 alacritatem.
2710 4310 2999 4366 Enimvero
3056 4312 3320 4369 interdum
3374 4313 3621 4385 ηεαδιΛί

2020 4404 2356 4458 decedebant
2399 4403 2712 4473 gaudentes,
2757 4420 2861 4457 non
2908 4415 3123 4473 propter
3166 4403 3372 4476 ﬂagella
3413 4409 3615 4477 simpli.

2017 4497 2184 4563 citer,
2213 4496 2305 4551 sed
2340 4495 2473 4561 Quia
2520 4512 2614 4565 pro
2666 4495 2867 4549 nomine
2892 4494 3079 4549 Christi
3127 4496 3268 4566 digni
3301 4499 3456 4552 habiti
3499 4513 3618 4553 sunt

2019 4587 2346 4658 ignominiam
2374 4588 2479 4656 pati
2510 4586 2646 4657 (Act.
2678 4588 2730 4641 5.
2758 4586 2851 4655 ιι)
2874 4602 2889 4651 ;
2915 4585 3181 4641 interdum
3208 4598 3384 4643 autem
3417 4591 3468 4643 in
3496 4607 3615 4643 rar-

2018 4692 2197 4734 eerem
2221 4678 2472 4747 conjecti,
2500 4685 2844 4747 posteaquam
2871 4676 2937 4731 ab
2960 4678 3151 4747 angelo
3177 4679 3353 4733 educti
3384 4680 3613 4746 fuerunt,

2020 4769 2212 4823 iterum
2241 4767 2428 4823 eadem
2458 4767 2921 4834 continuaverunt,
2954 4777 3009 4822 et
3035 4768 3088 4823 in
3115 4771 3368 4838 templum
3414 4772 3620 4826 abeun-

2021 4871 2121 4928 tes,
2169 4860 2428 4916 doctrina:
2454 4874 2756 4914 sermonem
2805 4861 3407 4933 seminaveruntUbid.
3451 4879 3499 4918 υ.
3530 4865 3617 4921 I9.

2018 4951 2176 5021 sqq.),
2204 4950 2428 5021 populos
2450 4952 2598 5022 quasi
2622 4950 2877 5021 piscando
2900 4952 2965 5019 ad
2994 4953 3243 5021 pietatem
3278 4956 3622 5023 inducentcs;

2020 5054 2075 5100 et
2106 5044 2295 5099 iterum
2323 5044 2547 5111 detenti,
2579 5057 2684 5097 non
2717 5044 2889 5097 solum
2918 5059 3021 5098 non
3050 5047 3325 5115 segniores
3349 5048 3470 5103 inde
3502 5048 3623 5104 facti

2020 5145 2175 5205 sunt,
2204 5136 2297 5191 sed
2327 5146 2381 5191 et
2406 5138 2665 5204 majorem
2696 5136 2995 5191 libertatem
3040 5153 3148 5206 przn
3181 5154 3239 5193 se
3268 5141 3537 5207 tulerunt,
3573 5145 3625 5197 in

2021 5229 2198 5284 medio
2221 5229 2530 5283 insanientis
2556 5229 2735 5298 populi
2776 5238 2830 5282 et
2874 5228 3122 5284 dentibus
3150 5229 3427 5287 frementis
3474 5243 3625 5289 stan-

2024 5330 2124 5385 tes,
2143 5333 2205 5373 ac
2229 5319 2488 5385 dicentes,
2521 5319 2736 5372 Obedire
2761 5330 2954 5388 Oportet
2978 5318 3086 5373 Deo
3113 5324 3273 5392 magis
3294 5340 3449 5392 quam
3471 5328 3629 5379 homi-

2022 5409 2368 5480 nibas(lbid.
2396 5426 2444 5464 υ.
2484 5412 2600 5482 29).
2639 5412 2824 5466 Vidisti
2858 5414 3119 5469 libertatis
3164 5416 3627 5485 magnitudinem?

2028 5503 2201 5557 vidisti
2250 5502 2530 5557 illiteratos
2561 5504 2851 5572 piscatores
2881 5513 3225 5560 contemnere
3273 5517 3344 5560 t0t
3386 5507 3627 5565 furentes

2028 5593 2256 5661 populor.
2275 5632 2288 5657 ,
2318 5602 2370 5647 et
2400 5593 2463 5645 ad
2496 5593 2671 5648 credes
2696 5607 2758 5647 ac
2785 5595 3135 5649 mactationcs
3160 5597 3413 5665 paratos?
3440 5598 3508 5651 At
3536 5609 3590 5653 ttt
3608 5642 3623 5666 ,

2024 5683 2238 5746 dilecte,
2272 5683 2493 5737 audiens
2523 5684 2635 5737 lucc
2660 5685 2922 5738 omniane
2944 5685 3117 5739 tribue
3151 5686 3273 5752 illis,
3306 5687 3398 5741 sed
3424 5684 3625 5741 divinat

2028 5774 2233 5843 gratim,
2266 5789 2383 5842 qua:
2416 5776 2767 5829 continuabat
2799 5785 2849 5829 ct
2879 5776 3174 5831 instruebat
3204 5778 3413 5835 illorum
3430 5774 3627 5829 ttl-lCt'i-
