4070 6388
496 350 595 407 259

493 475 669 518 tatem.
729 462 859 529 Quia
914 472 965 517 et
1016 460 1104 517 ille
1155 460 1339 517 beatus
1388 462 1609 529 Petrus,
1662 480 1781 519 cum
1828 479 1891 521 ex
1921 474 2071 519 utero

493 554 676 607 matris
701 552 946 608 claudum
968 561 1169 607 rectum
1196 550 1412 615 faceret,
1437 554 1686 610 omnibus
1706 556 2075 625 obstupescen-

494 642 632 697 tibus
655 653 708 697 et
732 642 1132 706 admirantibus,
1155 652 1362 713 gratum
1386 643 1497 711 ipse
1516 644 1749 699 animum
1773 645 2069 711 declarans,

496 734 662 803 inquit
692 750 705 787 :
754 733 874 798 Viri,
908 731 1029 802 quid
1058 748 1148 786 nos
1176 733 1455 796 intuemini,
1488 736 1632 804 quasi
1656 745 1827 790 nostra
1855 736 2073 803 polentia

491 825 566 878 rei
620 824 803 893 pietate
850 823 1119 894 fecerimus
1166 824 1312 878 illum
1354 824 1615 879 arnbuiare
1641 825 1787 898 (Act.
1834 826 2072 898 3.,12)?

488 916 662 981 Quare
682 954 699 980 ,
726 913 916 983 inquit,
942 914 1020 969 sic
1048 913 1415 983 obstupescitis
1433 956 1448 981 ,
1476 925 1530 971 et
1557 915 1832 986 stupefacti
1859 918 1989 972 estis
2015 917 2068 971 in

489 1006 590 1061 hac
639 1002 740 1060 re?
786 1003 923 1061 Num
970 1020 1067 1060 nos
1112 1010 1293 1061 sumus
1336 1005 1438 1061 hoc
1475 1007 1699 1077 operati,
1732 1007 1815 1063 vel
1858 1008 2067 1078 propria

490 1097 682 1150 virtute
731 1096 1078 1151 incolumitati
1131 1096 1277 1151 illum
1326 1098 1683 1165 restituimus,
1714 1107 1768 1153 et
1795 1100 2069 1156 ambulare

490 1187 754 1243 fecimus?
779 1187 918 1254 Quid
940 1201 1032 1242 nos
1055 1186 1317 1241 intuemini
1337 1190 1363 1243 ?
1390 1188 1529 1243 Nihil
1555 1190 1781 1259 amplius
1806 1206 1903 1245 nos
1928 1198 2067 1245 attu-

486 1278 673 1343 limus,
704 1292 860 1347 quam
900 1276 1042 1346 quod
1066 1277 1299 1347 linguam
1326 1287 1562 1333 nostram
1594 1279 2063 1336 commodavimus.

487 1368 589 1434 Qui
618 1375 794 1431 autem
824 1368 1002 1423 omnia
1030 1366 1189 1435 fecit,
1221 1368 1476 1423 Dominus
1504 1380 1586 1424 est
1604 1409 1620 1433 ,
1649 1377 1705 1424 et
1731 1356 1821 1425 ille
1863 1380 2066 1426 natura:

483 1459 773 1525 Conditor,
807 1458 944 1514 Deus
970 1459 1225 1513 Abraham
1249 1501 1264 1527 ,
1294 1458 1443 1513 Isaac
1467 1500 1481 1525 ,
1507 1469 1553 1515 et
1576 1458 1736 1513 Iacob
1758 1499 1776 1527 ,
1804 1474 1937 1530 quos
1962 1450 2063 1530 ‘pa-

484 1542 742 1607 triarehas
768 1552 1019 1606 censetis.
1048 1550 1139 1606 ille
1168 1551 1323 1617 Quem
1341 1551 1821 1617 vostradidistis,et
1838 1552 2070 1623 negastis

486 1656 657 1694 coram
684 1640 818 1711 {acie
862 1638 1023 1693 Pilati
1052 1640 1333 1709 judicantis
1372 1639 1516 1693 illum
1553 1638 1901 1695 dimittendum
1929 1656 1948 1694 :
1975 1640 2063 1696 ille

483 1729 679 1800 estqui
709 1727 884 1783 omnia
931 1737 1181 1799 operatus
1208 1734 1326 1795 est,
1375 1742 1533 1798 quem
1600 1727 1698 1782 Vos
1744 1737 1973 1783 mentm
2016 1738 2062 1783 et

483 1822 679 1892 justum
727 1819 982 1889 negastis,
1012 1828 1060 1873 et
1110 1819 1321 1889 petiistis
1374 1820 1538 1873 virum
1583 1820 1887 1873 homicidam
1926 1819 2063 1874 vobis

484 1911 618 1965 tradi
661 1902 691 1966 :7
734 1909 1028 1981 Principem
1079 1919 1244 1964 autem
1296 1910 1409 1964 ritca
1459 1911 1864 1979 condenmastis,
1917 1927 2063 1981 quem

481 1999 619 2055 Dens
647 2002 875 2055 excitavit
900 2017 933 2055 a
957 2000 1165 2055 mortuis
1184 2040 1198 2065 ,
1229 2002 1375 2069 cujus
1403 2016 1494 2053 nos
1519 2010 1663 2055 testes
1687 2018 1879 2055 sunms.
1915 2000 1983 2057 Et
2008 2001 2061 2056 in

483 2094 588 2161 ﬁde
613 2095 829 2147 nominis
848 2094 1006 2157 illius,
1034 2093 1166 2146 hunc
1183 2106 1330 2161 quem
1356 2093 1531 2147 ridetis
1555 2102 1603 2145 et
1628 2094 1803 2155 nostis,
1826 2094 2060 2147 solidauft

478 2200 656 2239 nomen
691 2167 826 2238 illius
851 2225 865 2253 ,
894 2192 941 2237 et
968 2183 1125 2252 fides,
1162 2200 1275 2255 quae
1301 2201 1390 2252 per
1434 2186 1597 2251 ipsum
1642 2194 1744 2243 est.
1778 2185 1912 2238 dedit
1941 2186 2057 2239 huic

476 2274 871 2329 incolumitatem
900 2290 1070 2327 corant
1097 2273 1325 2329 omnibus
1351 2274 1483 2328 vobis
1511 2274 1672 2341 (Ibid.
1702 2291 1748 2327 υ.
1782 2274 2001 2344 15-16).

545 2364 600 2421 ϐ.
632 2364 814 2434 Magna
845 2364 999 2420 liberi
1028 2364 1184 2435 hujus
1219 2365 1481 2418 sermonis
1506 2363 1850 2429 excellentia;
1873 2366 2057 2435 ingens

472 2469 527 2514 et
569 2455 847 2511 inelfabilis
872 2455 953 2510 vis
993 2456 1173 2525 gratia:
1211 2470 1440 2525 superne
1482 2455 1587 2510 illis
1613 2456 1859 2522 collatis;
1888 2458 2058 2512 mani-

476 2546 757 2601 festissima
788 2545 1196 2602 rcsurrcctionis
1228 2545 1614 2601 demonstratio
1642 2546 1779 2600 beati
1822 2547 1962 2601 illius
2003 2549 2054 2603 in

477 2638 705 2693 dicendo
739 2636 954 2692 libertas
993 2634 1170 2692 fuerit.
1203 2626 1354 2703 Quod
1375 2637 1516 2689 enim
1544 2636 1714 2704 majus
1745 2637 2051 2693 miraculum

478 2727 567 2781 illo
586 2726 706 2795 quis
746 2733 1030 2793 quaereret,
1072 2739 1196 2779 cum
1237 2723 1283 2778 is
1323 2724 1414 2793 qui
1464 2732 1589 2778 ante
1635 2738 1847 2781 crucem
1894 2726 2053 2783 etiam

473 2815 693 2886 abiectae
718 2814 907 2885 puellae
950 2814 1121 2869 minas
1142 2813 1280 2869 ferre
1310 2827 1413 2868 non
1435 2815 1624 2883 potuit,
1650 2828 1789 2869 nunc
1826 2816 1893 2869 ad
1930 2832 2050 2873 eum

475 2907 687 2964 modum
715 2906 972 2963 adversus
999 2905 1306 2961 Iudaeorum
1354 2904 1605 2976 populum
1660 2906 1903 2976 insurgit,
1938 2914 2055 2963 tan-

473 3011 629 3070 taque
654 2998 865 3065 fiducia,
893 2996 1037 3051 solus
1056 3010 1175 3052 cum
1204 3005 1365 3060 esset,
1392 3003 1572 3051 contra
1597 3004 1814 3060 tantam,
1839 3006 2052 3066 tamque

471 3091 737 3145 furentem
762 3087 1148 3143 multitudinem
1169 3095 1271 3140 stat
1297 3086 1571 3153 adversus,
1592 3095 1646 3141 et
1674 3085 1906 3155 loquitur
1933 3101 2053 3157 qua

476 3176 735 3235 insaniam
765 3179 971 3233 illorum
1003 3176 1169 3247 magis
1210 3187 1525 3244 exasperare
1548 3175 1783 3244 queant?
1825 3174 2049 3243 Vidisti,

472 3264 697 3334 dilecte,
728 3269 777 3323 id
808 3266 947 3337 quod
999 3268 1050 3320 in
1092 3265 1353 3337 prooemio
1397 3264 1657 3329 dicebam,
1706 3265 1864 3319 etiam
1909 3280 2050 3322 nunc

470 3363 827 3418 declaratum:
857 3358 1007 3429 ρυηά
1032 3358 1075 3412 si
1096 3359 1214 3428 quis
1237 3373 1415 3411 amore
1437 3358 1486 3411 in
1514 3358 1680 3412 Deum
1704 3355 2045 3424 accendatur,

473 3470 579 3510 non
623 3462 801 3523 postea
852 3451 987 3507 feret
1012 3465 1072 3504 ea
1096 3464 1213 3519 qum
1241 3448 1338 3503 sub
1364 3462 1740 3517 corporeorum
1771 3449 2046 3505 oculorum

467 3552 739 3612 aspectum
770 3538 1000 3604 cadunt;
1043 3538 1135 3593 sed
1169 3538 1284 3592 aliis
1329 3537 1614 3591 instructus
1650 3536 1852 3605 oculis,
1878 3538 2047 3594 oculis

470 3634 682 3703 inquam
712 3630 850 3696 lidei,
886 3630 970 3683 illa
1000 3642 1211 3698 semper
1233 3627 1551 3697 speculatur,
1576 3636 1629 3681 et
1669 3626 1733 3681 ad
1773 3627 1861 3681 illa
1892 3642 2045 3684 men-

469 3735 573 3779 tem
602 3722 759 3777 habet
788 3720 1065 3781 intentam,
1096 3717 1477 3785 ambulansque
1503 3716 1555 3770 in
1594 3726 1754 3784 terra,
1778 3725 2043 3788 tamquam

470 3813 851 3881 municipatum
882 3809 1083 3865 habens
1110 3807 1163 3862 in
1188 3807 1355 3869 ctelis,
1396 3808 1465 3861 ita
1502 3806 1678 3861 omnia
1722 3806 1849 3878 agit,
1882 3809 2045 3864 nullis

476 3903 716 3959 humanis
743 3900 1056 3971 prtcpeditus
1081 3913 1110 3952 a
1154 3898 1361 3953 virtutis
1411 3912 1590 3953 cursu.
1620 3897 1750 3953 Nam
1797 3899 1885 3968 qui
1926 3899 2047 3956 talis

470 4004 572 4057 est,
609 4006 712 4047 non
754 3990 974 4059 posthac
1024 3988 1239 4057 respicit
1284 3988 1350 4042 ad
1394 3987 1668 4059 splendida
1700 3987 1859 4057 hujus
1886 3989 2042 4057 vitae,

473 4096 643 4150 neque
666 4080 732 4134 ad
761 4079 891 4134 dura
918 4090 968 4133 ct
998 4093 1204 4144 aspera,
1235 4077 1328 4133 sed
1350 4078 1527 4132 omnia
1556 4078 1640 4133 illa
1663 4079 2042 4147 praetercurrit,

418 4156 425 4163 ’
468 4174 533 4225 ad
569 4171 789 4240 patriam
819 4183 965 4223 suam
1010 4168 1280 4223 fcsziuans.
1329 4166 1395 4222 Et
1433 4167 1568 4221 sicut
1593 4167 1679 4237 qui
1712 4167 2044 4237 corporalem

472 4263 610 4315 hunc
661 4274 872 4315 cursum
927 4272 1112 4327 magna
1160 4258 1499 4312 contentione
1548 4258 1776 4327 peragit,
1838 4258 2043 4315 nullum

471 4349 861 4403 occurrentium
887 4349 901 4379 ¹
930 4348 1092 4413 videt,
1122 4347 1329 4401 etiamsi
1356 4346 1553 4416 smpius
1571 4348 1625 4401 in
1654 4348 1797 4401 illum
1822 4347 2041 4416 incidat,

471 4442 562 4497 sed
593 4442 772 4493 animo
813 4442 876 4492 ad
904 4455 1113 4493 cursum
1147 4440 1349 4493 intento
1403 4437 1558 4493 facile
1597 4439 1774 4493 omnia
1818 4439 2039 4507 transit,

473 4529 728 4584 festinans
754 4527 818 4581 ad
854 4528 1171 4581 destinatum
1201 4542 1457 4596 scopum:
1488 4526 1676 4581 eodem
1725 4528 1903 4595 modo,
1951 4529 2043 4600 qui

472 4634 683 4673 cursum
712 4619 918 4672 virtutis
945 4632 1195 4686 peragere
1223 4617 1456 4683 festinat,
1476 4625 1578 4671 eta
1610 4625 1751 4672 terra
1778 4616 1833 4671 in
1853 4616 2040 4671 caelum

472 4708 760 4762 ascendere
803 4706 1144 4775 concupisrit,
1176 4706 1351 4760 omnia
1380 4721 1497 4774 quae
1525 4703 1769 4761 videntur
1794 4704 2044 4761 deorsum

474 4799 738 4866 relinquit,
768 4810 819 4851 ct
848 4806 1011 4851 totum
1038 4811 1095 4850 se
1124 4796 1301 4849 cursui
1330 4794 1495 4861 dedit,
1546 4809 1717 4863 neque
1745 4793 1892 4865 prius
1915 4794 2045 4850 sub.

475 4889 630 4949 sistit,
664 4902 832 4955 neque
861 4902 889 4938 a
918 4884 1105 4940 visibili
1132 4885 1375 4954 quapiam
1404 4899 1463 4939 re
1486 4884 1771 4950 detinetur,
1792 4884 1965 4940 donec
1991 4885 2044 4939 in

476 4978 726 5031 verticem
776 4975 1067 5031 ascendere
1094 4976 1341 5045 patuerit.
1373 4974 1433 5028 Ei
1458 4977 1599 5030 enim
1619 4976 1808 5046 quisic
1826 4976 2047 5032 affectus

472 5079 573 5132 est,
601 5067 757 5122 etiam
805 5082 921 5135 quae
962 5066 1206 5120 videntur
1243 5078 1363 5119 esse
1407 5066 1659 5120 terribilia
1697 5066 1751 5120 in
1795 5066 2045 5136 prassenti

476 5161 611 5222 vita,
657 5158 1071 5226 contemptibilis
1117 5156 1367 5209 liuntzet
1413 5157 1500 5225 qui
1544 5157 1663 5210 talis
1714 5165 1824 5222 est,
1872 5170 2047 5226 neque

474 5247 699 5317 gladium
735 5250 902 5310 timc',
958 5261 1128 5315 neque
1175 5246 1545 5314 praecipitium,
1596 5262 1767 5317 neque
1814 5247 2045 5303 ferarum

474 5341 680 5403 dentes,
712 5354 881 5407 neque
904 5348 1186 5403 tormenta,
1205 5354 1374 5407 neque
1391 5340 1630 5393 lictorum
1648 5354 1853 5407 manus,
1876 5356 2047 5411 neque

476 5431 670 5497 aliquid
700 5430 849 5483 triste
896 5431 945 5482 in
974 5429 1073 5482 hac
1102 5430 1204 5481 vita
1241 5447 1254 5482 :
1286 5428 1378 5484 sed
1427 5438 1481 5483 et
1518 5429 1560 5481 si
1591 5430 1844 5485 carbones
1874 5430 2047 5484 videat

478 5521 789 5584 substratus,
820 5522 966 5589 quasi
998 5530 1143 5588 prata
1178 5530 1234 5574 et
1274 5520 1545 5589 paradisus
1574 5521 1757 5575 videns
1788 5523 2043 5587 transilit;

477 5620 531 5663 ct
556 5612 596 5663 si
629 5610 784 5664 aliam
814 5612 1092 5679 quamdam
1120 5620 1503 5665 tormentorum
1531 5612 1761 5681 speciem
1802 5612 2047 5667 intentari

541 5763 554 5792 ¹
591 5768 795 5815 Gustu-2r
821 5771 903 5812 ita:
932 5798 945 5823 ,
970 5776 1195 5825 annuum,
1217 5777 1318 5826 pro,
1338 5776 1701 5814 occurrenuwn.

1204 349 1262 405 s.
1303 317 1581 406 aestiuis
1616 346 2095 407 cnttvsosrout
2136 349 2451 410 meumr.
2490 355 3024 419 CONSTANTINOP.

3652 365 3762 425 επ

2183 465 2376 529 videat.
2406 484 2511 523 non
2568 470 2742 527 deficit
2785 472 2851 527 ad
2897 485 3193 545 aspectum,
3236 488 3413 547 nequc
3459 495 3759 540 aversatur.

2182 556 2509 614 Desiderium
2532 564 2673 617 enim
2700 562 2993 621 futurorum
3016 580 3249 625 mentem
3277 571 3443 641 ipsius
3465 579 3759 642 transtulit,

2178 656 2231 701 et
2258 650 2405 717 quasi
2445 649 2636 705 frustra
2662 667 2885 724 corpore
2913 657 3158 725 amictus,
3190 660 3259 715 ita
3294 661 3604 719 all‘ectiones
3629 679 3762 722 suas

2177 741 2502 809 moderatur,
2534 754 2587 799 et
2615 760 2838 815 superna
2876 748 3045 819 gratia
3074 752 3574 825 munitus.corporis
3602 756 3762 813 dolo-

2176 843 2262 883 res
2291 845 2356 886 ne
2381 833 2538 887 sentit
2563 835 2796 904 quidem.

2246 918 2559 977 Adhortatur
2582 925 2650 978 ad
2676 942 2899 981 amorem
2926 944 3046 1000 erga
3071 928 3254 986 Deum.
3273 962 3346 973 --
3368 934 3625 1003 Quocirca
3655 941 3760 994 ob-

2172 1023 2346 1075 secro,
2379 1020 2431 1066 ut
2458 1029 2564 1083 quo
2589 1015 2741 1072 facile
2766 1017 2976 1074 virtutis
3022 1019 3229 1077 labores
3258 1023 3394 1079 ferre
3433 1026 3701 1095 possimus
3726 1070 3749 1097 ,

2174 1115 2422 1171 magnum
2450 1102 2739 1162 habeamus
2770 1108 2823 1162 in
2859 1108 3023 1165 Deum
3053 1128 3289 1170 amorem
3319 1126 3373 1172 et
3400 1118 3753 1188 desiderium,

2173 1199 2229 1247 et
2254 1192 2378 1248 illuc
2404 1204 2582 1252 mente
2625 1206 2804 1254 nostra
2836 1200 3054 1269 intenta,
3082 1208 3118 1257 'a
3165 1206 3309 1261 nulla
3353 1225 3410 1264 re
3447 1210 3602 1280 hujus
3630 1213 3755 1269 vitae

2172 1285 2572 1355 supplantcmnr
2595 1289 2647 1344 in
2674 1304 2832 1346 cursu
2860 1292 2972 1357 illo,
3019 1294 3111 1349 sed
3148 1295 3441 1354 futurorum
3489 1303 3754 1359 bonorum

2172 1371 2474 1432 fruitionem
2527 1379 2780 1437 continuo
2828 1384 3142 1453 cogitantes,
3184 1401 3370 1442 omnes
3418 1370 3595 1460 hujus
3629 1395 3756 1450 vita:

2171 1468 2441 1523 molestias
2471 1483 2745 1527 mansuete
2772 1472 3022 1539 feramus,
3047 1486 3103 1530 et
3122 1493 3293 1547 neque
3322 1480 3609 1549 ignominia
3653 1499 3754 1541 nos

2169 1562 2461 1627 contristet,
2487 1578 2658 1632 neque
2683 1565 2855 1636 inopia
2880 1578 3083 1636 gravet,
3131 1585 3301 1640 neque
3322 1574 3536 1629 morbus
3560 1591 3754 1646 corpo-

2168 1650 2243 1705 ris
2266 1654 2471 1709 mentis.
2486 1667 2700 1708 sensum
2729 1655 2985 1722 emolliat,
3039 1672 3210 1727 neque
3256 1661 3395 1730 quod
3433 1674 3752 1720 contemna-

2168 1755 2286 1796 mur
2309 1742 2766 1815 despiciamurque
2791 1746 2860 1802 ab
2897 1746 3169 1803 hominum
3194 1751 3365 1815 turba,
3396 1751 3445 1807 id
3476 1756 3752 1824 segniores

2168 1847 2265 1888 nos
2294 1834 2448 1890 faciat
2474 1836 2526 1889 in
2552 1838 2762 1893 virtutis
2789 1837 2964 1893 studio
2992 1856 3006 1893 :
3038 1838 3134 1896 sed
3184 1842 3429 1897 omnibus
3469 1844 3565 1910 iis,
3595 1847 3750 1915 quasi

2168 1925 2338 1994 pulvis
2382 1935 2597 1995 essent,
2644 1930 2902 1998 excussis,
2952 1942 3331 2005 assumptoque
3383 1950 3647 2004 generoso
3694 1950 3751 1995 et

2165 2016 2378 2073 sublimi
2404 2018 2612 2089 spiritu,
2640 2035 2887 2091 magnum
2910 2036 3005 2093 per
3028 2024 3203 2079 omnia
3231 2025 3549 2081 fortitudinis
3570 2030 3747 2097 Speci-

2166 2120 2288 2162 men
2325 2106 2692 2177 exhibeamus,
2739 2122 2795 2167 et
2851 2113 2988 2168 sicut
3033 2114 3147 2170 heri
3197 2127 3427 2172 vestram
3471 2122 3748 2176 car'tatcm

2163 2196 2459 2264 obsecravi,
2506 2214 2626 2255 cum
2675 2200 2901 2257 inimicis
2950 2219 3136 2273 magna
3179 2206 3452 2263 alacritate
3490 2210 3747 2265 concilie—

2164 2303 2305 2357 mur,
2332 2298 2388 2346 et
2411 2306 2475 2346 ex
2518 2291 2795 2349 animabus
2825 2296 3022 2350 nostris
3047 2295 3381 2353 aliectionum
3407 2300 3747 2358 eliminemus

2161 2379 2444 2449 reliquias;
2471 2383 2584 2437 etsi
2619 2400 2721 2453 qua
2751 2389 3173 2456 concupiscentia
3209 2406 3367 2460 prava
3402 2393 3746 2461 interturbct,

2161 2482 2278 2524 eam
2330 2470 2654 2541 effugemus;
2711 2484 2767 2530 et
2812 2474 2857 2529 si
2913 2475 3059 2532 furor
3109 2477 3173 2533 ad
3220 2479 3353 2533 iram
3401 2484 3748 2549 exstimulat,

2159 2561 2572 2629 comprimamus
2602 2563 2745 2621 hunc
2766 2574 2954 2621 aestum
2991 2578 3147 2623 cantu
3173 2571 3526 2639 spiritualium
3551 2575 3747 2631 admo-

2160 2650 2440 2719 nitionum,
2481 2655 2825 2713 ostendentes
2848 2674 3004 2728 quam
3036 2663 3343 2731 perniciosa:
3369 2666 3473 2719 sint
3502 2666 3747 2723 affectio-

2157 2756 2275 2797 nes.
2310 2741 2399 2797 Vir
2445 2744 2610 2814 enim,
2653 2748 2841 2818 inquit,
2892 2749 3188 2817 iracundus,
3239 2770 3338 2806 non
3384 2756 3620 2811 honestus
3668 2768 3746 2811 est

2158 2831 2354 2900 (Prov.
2390 2834 2476 2891 ll.
2504 2836 2652 2905 25);
2678 2846 2733 2892 et
2777 2839 2989 2906 iterum,
3026 2841 3124 2908 Qui
3172 2843 3409 2896 irascitur
3455 2848 3608 2915 fratri
3648 2864 3746 2901 suo

2155 2922 2263 2977 sine
2290 2940 2466 2988 causa,
2496 2942 2611 2980 rests
2650 2929 2745 2981 erit
2793 2930 3034 2999 gehennae
3073 2932 3205 3001 ignis
3248 2934 3269 3004 (
3288 2933 3475 2987 Matth.
3523 2936 3576 2991 5.
3611 2936 3741 3006 2'2).

2157 3011 2223 3068 Et
2252 3013 2295 3068 si
2330 3016 2672 3085 pecuniarum
2711 3017 2974 3089 cupiditas
2998 3022 3246 3089 incessat,
3273 3023 3461 3080 demus
3490 3040 3737 3101 operam,

2158 3112 2213 3157 ut
2242 3119 2392 3160 mens
2441 3106 2571 3162 vitet
2623 3117 2819 3162 tantam
2867 3112 3177 3180 perniciem,
3222 3125 3277 3168 et
3326 3117 3464 3171 sicut
3500 3117 3737 3172 radicem

2157 3195 2416 3251 malorum
2446 3200 2680 3254 omnium
2711 3202 3102 3259 exscindamus.
3124 3206 3208 3260 Sic
3231 3207 3539 3265 studeamus
3563 3211 3742 3281 singu-

2155 3285 2235 3342 las
2261 3286 2570 3343 all'ectiones
2608 3290 2775 3346 malas
2796 3293 3084 3363 corrigere,
3115 3310 3219 3364 quo
3264 3306 3318 3350 et
3346 3298 3665 3353 abstinendo
3705 3316 3737 3355 a

2152 3377 2331 3445 malis,
2359 3388 2413 3434 et
2440 3380 2694 3436 sectanda
2721 3395 2881 3450 opera
2926 3383 3085 3450 bona,
3140 3385 3406 3455 possimus
3445 3389 3494 3442 in
3524 3389 3614 3444 die
3642 3391 3739 3444 illo

2151 3468 2431 3524 tremendo
2450 3484 2480 3523 a
2504 3469 2613 3524 Deo
2640 3469 3057 3526 misericordiam
3086 3477 3321 3542 assequi,
3346 3476 3510 3545 gratia
3538 3488 3593 3531 et
3630 3479 3738 3532 mi-

2152 3557 2504 3615 serationibus
2539 3559 2793 3630 unigeniti
2833 3562 2946 3631 ejus
2994 3562 3132 3629 Filii,
3174 3564 3259 3619 cui
3301 3581 3422 3620 cum
3455 3567 3629 3630 Patre,
3678 3579 3735 3624 ct

2151 3647 2349 3717 Spiritu
2374 3659 2557 3705 sancto
2580 3651 2649 3705 sit
2673 3651 2860 3720 gloria,
2886 3652 3184 3722 imperium,
3211 3666 3264 3709 et
3296 3656 3484 3725 honor,
3512 3675 3656 3715 nunc
3678 3672 3737 3717 et

2152 3752 2385 3807 semper,
2418 3751 2473 3795 et
2509 3740 2561 3795 in
2600 3741 2790 3796 scccula
2816 3744 3153 3801 saeculorum.
3181 3746 3372 3802 Amen.

2694 3874 2970 3932 HOMILIA
3007 3877 3198 3935 XXIX.

2151 3982 2218 4039 Et
2242 3986 2389 4055 capit
2416 3985 2531 4041 Noe
2551 3989 2697 4041 homo
2722 3987 2947 4057 agricola
2973 3999 3135 4052 terra,
3164 4001 3210 4047 et
3237 3994 3481 4061 plantavit
3506 3998 3729 4067 vineam,

2219 4086 2266 4131 et
2289 4078 2405 4132 bibit
2430 4084 2492 4135 de
2519 4084 2631 4136 vino
2654 4096 2672 4135 .'
2698 4092 2746 4136 et
2773 4082 3043 4136 inebriatus
3068 4091 3140 4136 est
3167 4084 3321 4153 (Gen.
3344 4085 3394 4140 9.
3424 4087 3512 4143 20.
3536 4088 3654 4159 21).

2219 4193 2272 4247 1.
2315 4192 2435 4247 Non
2463 4192 2628 4249 solum
2650 4193 2778 4247 bona
2806 4210 2957 4263 opera
2976 4235 2991 4260 ,
3019 4196 3107 4249 sed
3134 4204 3180 4249 et
3207 4209 3411 4263 peccata
3436 4210 3732 4256 sanctorum

2148 4293 2591 4352 proponuntur.—
2606 4283 2685 4339 Ad
2707 4283 2867 4338 linem
2894 4284 3102 4339 tandem
3123 4290 3417 4355 argumenti
3441 4290 3506 4343 ad
3522 4290 3730 4357 justum

2146 4374 2290 4432 hunc
2330 4376 2621 4448 spectantis
2663 4378 2937 4434 venimus:
2979 4380 3099 4435 ideo
3143 4382 3385 4451 obsecro,
3418 4396 3598 4443 mente
3642 4390 3729 4443 in-

2149 4474 2293 4522 tenta
2330 4467 2532 4535 adeste,
2571 4476 2625 4524 et
2650 4468 2931 4539 diligenter
2966 4487 3082 4541 qua:
3124 4472 3371 4528 dicuntur
3410 4478 3727 4547 auscultate.

2146 4558 2278 4614 Nam
2304 4573 2366 4614 ex
2400 4560 2463 4615 iis
2487 4575 2603 4629 qua:
2633 4561 2793 4616 hodie
2820 4562 2950 4616 lecta
2980 4571 3101 4617 sunt
3126 4578 3229 4617 non
3259 4579 3479 4633 parvum
3505 4607 3518 4628 ,
3552 4584 3732 4637 neque

2148 4648 2413 4720 vulgarem
2436 4651 2709 4720 percipere
2728 4652 2850 4707 licet
2870 4652 3097 4708 fructum
3122 4672 3134 4707 :
3159 4657 3585 4727 quandoquidem
3607 4675 3734 4730 quas

2149 4742 2337 4811 priscis
2363 4752 2673 4808 evenerunt,
2700 4744 2745 4799 si
2769 4759 2955 4814 sapere
2983 4747 3328 4817 voluerimus,
3357 4751 3601 4805 maxima:
3625 4769 3722 4807 no.

2149 4832 2230 4888 bis
2253 4832 2505 4890 doctrinae
2529 4841 2653 4890 sunt
2670 4837 2900 4891 occasio.
2930 4835 3052 4893 Ideo
3075 4838 3217 4893 enim
3244 4855 3347 4893 non
3374 4839 3547 4894 solum
3563 4856 3725 4911 oper-

2149 4932 2451 4980 sanctorum
2480 4924 2617 4980 bona
2645 4926 2840 4996 scripta
2868 4936 3023 4991 sunt,
3063 4927 3157 4982 sed
3196 4932 3355 4983 etiam
3387 4940 3600 4998 peccata
3620 4973 3635 4996 ,
3671 4942 3731 4987 ut

2152 5015 2265 5071 haec
2283 5014 2496 5085 quidem
2526 5014 2804 5083 fugiamus,
2834 5017 2921 5071 illa
2948 5033 3074 5072 vero
3102 5019 3366 5073 imitemur
3391 5037 3404 5070 :
3432 5036 3604 5091 neque
3626 5022 3730 5079 hoc

2151 5105 2344 5171 solum,
2374 5105 2471 5162 sed
2501 5114 2765 5160 monstrat
2809 5108 3023 5177 insuper
3056 5107 3228 5161 divina
3262 5110 3531 5178 Scriptura
3560 5122 3613 5167 et
3636 5113 3728 5183 jn-

2151 5204 2260 5250 stos
2284 5211 2426 5266 saepe
2468 5196 2666 5266 lapsos,
2692 5207 2747 5251 et
2786 5210 3087 5265 peceatores
3125 5213 3368 5267 magnam
3414 5202 3732 5259 exhibentes

2152 5287 2274 5343 vita:
2295 5287 2719 5353 conversionem,
2742 5302 2844 5357 quo
2862 5289 3103 5357 utrinque
3123 5290 3391 5343 sufficiens
3413 5291 3566 5346 nobis
3586 5304 3731 5348 0581‘!

2151 5380 2376 5446 cautela,
2411 5388 2465 5434 et
2507 5394 2676 5448 neque
2702 5380 2789 5447 qui
2817 5389 2919 5433 stat
2952 5379 3302 5433 conﬁdentior
3331 5381 3435 5446 sit,
3464 5381 3649 5436 videns
3675 5394 3729 5436 et

2147 5470 2319 5541 justas
2357 5471 2633 5537 cecidisse,
2666 5485 2832 5539 neque
2858 5470 2943 5539 qui
2984 5471 3033 5522 in
3074 5470 3303 5537 peccatis
3328 5479 3407 5523 est
3443 5472 3683 5539 deSpcret
3710 5514 3725 5535 ,

2153 5566 2349 5619 multos
2374 5563 2705 5630 conspiciens
2744 5562 2828 5631 qui
2874 5562 3224 5629 resipucruut,
3267 5569 3320 5614 et
3358 5561 3425 5613 ad
3462 5578 3726 5616 summum

2155 5658 2361 5711 virtutis
2388 5655 2590 5722 apicem
2641 5654 2912 5720 pervenire
2958 5659 3261 5720 potucrunt.
3312 5649 3489 5718 Itaque
3517 5653 3687 5706 nullus
3712 5695 3725 5715 ,

2160 5762 2358 5816 (ψευδο,
2390 5747 2599 5800 tametsi
2629 5744 2913 5798 multorum
2940 5743 3196 5798 bonorum
3229 5758 3447 5811 operum
3474 5742 3571 5796 sibi
3598 5760 3719 5795 cou-
