  <div class='ocr_page' id='page_1' title='image "/cluster/home/n/w/nwhite01/storage/ocr_20150623/53/ien.35556001660802/264.png"; bbox 0 0 4070 6388; ppageno 0'>
   <div class='ocr_carea' id='block_1_1' title="bbox 249 402 355 460">
    <p class='ocr_par' dir='ltr' id='par_1_1' title="bbox 249 402 355 460">
     <span class='ocr_line' id='line_1_1' title="bbox 249 402 355 460; baseline -0.009 0"><span class='ocrx_word' id='word_1_1' title='bbox 249 402 355 460; x_wconf 61' lang='grc' dir='ltr'><strong>κς</strong></span> 
     </span>
    </p>
   </div>
   <div class='ocr_carea' id='block_1_2' title="bbox 254 497 1851 580">
    <p class='ocr_par' dir='ltr' id='par_1_2' title="bbox 254 497 1851 580">
     <span class='ocr_line' id='line_1_2' title="bbox 254 497 1851 580; baseline -0.015 -7"><span class='ocrx_word' id='word_1_2' title='bbox 254 532 402 573; x_wconf 75' lang='lat' dir='ltr'><strong>scius</strong></span> <span class='ocrx_word' id='word_1_3' title='bbox 425 556 440 580; x_wconf 92' lang='lat'><strong>,</strong></span> <span class='ocrx_word' id='word_1_4' title='bbox 469 511 822 572; x_wconf 82' lang='lat' dir='ltr'><strong>confidentior</strong></span> <span class='ocrx_word' id='word_1_5' title='bbox 857 509 958 575; x_wconf 88' lang='lat' dir='ltr'><strong>sit,</strong></span> <span class='ocrx_word' id='word_1_6' title='bbox 1002 507 1098 565; x_wconf 85' lang='lat' dir='ltr'><strong>sed</strong></span> <span class='ocrx_word' id='word_1_7' title='bbox 1127 504 1318 561; x_wconf 87' lang='lat' dir='ltr'><strong>anxius</strong></span> <span class='ocrx_word' id='word_1_8' title='bbox 1346 504 1436 570; x_wconf 98' lang='lat' dir='ltr'><strong>sit,</strong></span> <span class='ocrx_word' id='word_1_9' title='bbox 1462 511 1518 558; x_wconf 92' lang='lat' dir='ltr'><strong>et</strong></span> <span class='ocrx_word' id='word_1_10' title='bbox 1553 497 1851 555; x_wconf 87' lang='lat' dir='ltr'><strong>sollicitus:</strong></span> 
     </span>
    </p>
   </div>
   <div class='ocr_carea' id='block_1_3' title="bbox 255 592 1855 665">
    <p class='ocr_par' dir='ltr' id='par_1_3' title="bbox 255 592 1855 665">
     <span class='ocr_line' id='line_1_3' title="bbox 255 592 1855 665; baseline -0.013 0"><span class='ocrx_word' id='word_1_11' title='bbox 255 617 316 665; x_wconf 86' lang='lat' dir='ltr'><strong>et</strong></span> <span class='ocrx_word' id='word_1_12' title='bbox 342 605 767 663; x_wconf 81' lang='lat' dir='ltr'><strong>audiat&#39;lteatum</strong></span> <span class='ocrx_word' id='word_1_13' title='bbox 799 601 1020 658; x_wconf 85' lang='lat' dir='ltr'><strong>Paulum</strong></span> <span class='ocrx_word' id='word_1_14' title='bbox 1061 598 1441 654; x_wconf 74' lang='lat' dir='ltr'><strong>admonentem</strong></span> <span class='ocrx_word' id='word_1_15' title='bbox 1465 602 1521 649; x_wconf 92' lang='lat' dir='ltr'><strong>et</strong></span> <span class='ocrx_word' id='word_1_16' title='bbox 1547 592 1813 647; x_wconf 74' lang='lat' dir='ltr'><strong>dicentem</strong></span> <span class='ocrx_word' id='word_1_17' title='bbox 1838 629 1855 656; x_wconf 96' lang='lat'><strong>,</strong></span> 
     </span>
    </p>
   </div>
   <div class='ocr_carea' id='block_1_4' title="bbox 260 680 1855 767">
    <p class='ocr_par' dir='ltr' id='par_1_4' title="bbox 260 680 1855 767">
     <span class='ocr_line' id='line_1_4' title="bbox 260 680 1855 767; baseline -0.011 -14"><span class='ocrx_word' id='word_1_18' title='bbox 260 699 365 767; x_wconf 82' lang='lat' dir='ltr'><strong>Qui</strong></span> <span class='ocrx_word' id='word_1_19' title='bbox 387 709 525 753; x_wconf 86' lang='lat' dir='ltr'><strong>stare</strong></span> <span class='ocrx_word' id='word_1_20' title='bbox 545 696 642 751; x_wconf 89' lang='lat' dir='ltr'><strong>sibi</strong></span> <span class='ocrx_word' id='word_1_21' title='bbox 662 696 878 760; x_wconf 83' lang='lat' dir='ltr'><strong>videtur,</strong></span> <span class='ocrx_word' id='word_1_22' title='bbox 902 693 1070 748; x_wconf 89' lang='lat' dir='ltr'><strong>videat</strong></span> <span class='ocrx_word' id='word_1_23' title='bbox 1107 706 1170 744; x_wconf 83' lang='lat' dir='ltr'><strong>ne</strong></span> <span class='ocrx_word' id='word_1_24' title='bbox 1203 688 1351 744; x_wconf 88' lang='lat' dir='ltr'><strong>cadat</strong></span> <span class='ocrx_word' id='word_1_25' title='bbox 1377 687 1451 759; x_wconf 82' lang='lat' dir='ltr'><strong>(l.</strong></span> <span class='ocrx_word' id='word_1_26' title='bbox 1478 684 1597 741; x_wconf 87' lang='lat' dir='ltr'><strong>Cor.</strong></span> <span class='ocrx_word' id='word_1_27' title='bbox 1630 681 1716 739; x_wconf 79' lang='grc'><strong>10.</strong></span> <span class='ocrx_word' id='word_1_28' title='bbox 1741 680 1855 753; x_wconf 68' lang='lat'><strong>{2);</strong></span> 
     </span>
    </p>
   </div>
   <div class='ocr_carea' id='block_1_5' title="bbox 257 773 1861 857">
    <p class='ocr_par' dir='ltr' id='par_1_5' title="bbox 257 773 1861 857">
     <span class='ocr_line' id='line_1_5' title="bbox 257 773 1861 857; baseline -0.012 -13"><span class='ocrx_word' id='word_1_29' title='bbox 257 789 439 844; x_wconf 89' lang='lat' dir='ltr'><strong>nullus</strong></span> <span class='ocrx_word' id='word_1_30' title='bbox 466 788 614 853; x_wconf 88' lang='lat' dir='ltr'><strong>item,</strong></span> <span class='ocrx_word' id='word_1_31' title='bbox 642 788 730 857; x_wconf 89' lang='lat' dir='ltr'><strong>qui</strong></span> <span class='ocrx_word' id='word_1_32' title='bbox 759 788 810 840; x_wconf 93' lang='lat' dir='ltr'><strong>in</strong></span> <span class='ocrx_word' id='word_1_33' title='bbox 842 782 1160 855; x_wconf 88' lang='lat' dir='ltr'><strong>profundum</strong></span> <span class='ocrx_word' id='word_1_34' title='bbox 1189 780 1361 851; x_wconf 87' lang='lat' dir='ltr'><strong>ipsum</strong></span> <span class='ocrx_word' id='word_1_35' title='bbox 1392 775 1607 831; x_wconf 66' lang='lat' dir='ltr'><strong>malitia:</strong></span> <span class='ocrx_word' id='word_1_36' title='bbox 1633 773 1861 828; x_wconf 89' lang='lat' dir='ltr'><strong>descen-</strong></span> 
     </span>
    </p>
   </div>
   <div class='ocr_carea' id='block_1_6' title="bbox 257 858 1859 943">
    <p class='ocr_par' dir='ltr' id='par_1_6' title="bbox 257 858 1859 943">
     <span class='ocr_line' id='line_1_6' title="bbox 257 858 1859 943; baseline -0.012 -7"><span class='ocrx_word' id='word_1_37' title='bbox 257 881 399 936; x_wconf 86' lang='lat' dir='ltr'><strong>derit</strong></span> <span class='ocrx_word' id='word_1_38' title='bbox 424 923 437 942; x_wconf 88' lang='lat'><strong>,</strong></span> <span class='ocrx_word' id='word_1_39' title='bbox 463 880 652 935; x_wconf 89' lang='lat' dir='ltr'><strong>salutis</strong></span> <span class='ocrx_word' id='word_1_40' title='bbox 676 892 786 933; x_wconf 76' lang='lat' dir='ltr'><strong>siue</strong></span> <span class='ocrx_word' id='word_1_41' title='bbox 816 890 967 943; x_wconf 86' lang='lat' dir='ltr'><strong>spem</strong></span> <span class='ocrx_word' id='word_1_42' title='bbox 998 872 1213 942; x_wconf 85' lang='lat' dir='ltr'><strong>abjiciat</strong></span> <span class='ocrx_word' id='word_1_43' title='bbox 1236 912 1251 937; x_wconf 96' lang='lat'><strong>,</strong></span> <span class='ocrx_word' id='word_1_44' title='bbox 1278 868 1370 925; x_wconf 86' lang='lat' dir='ltr'><strong>sed</strong></span> <span class='ocrx_word' id='word_1_45' title='bbox 1402 858 1724 922; x_wconf 77' lang='lat' dir='ltr'><strong>ineffabilem</strong></span> <span class='ocrx_word' id='word_1_46' title='bbox 1765 860 1859 917; x_wconf 89' lang='lat' dir='ltr'><strong>Dei</strong></span> 
     </span>
    </p>
   </div>
   <div class='ocr_carea' id='block_1_7' title="bbox 260 959 1860 1038">
    <p class='ocr_par' dir='ltr' id='par_1_7' title="bbox 260 959 1860 1038">
     <span class='ocr_line' id='line_1_7' title="bbox 260 959 1860 1038; baseline -0.012 -11"><span class='ocrx_word' id='word_1_47' title='bbox 260 972 681 1027; x_wconf 82' lang='lat' dir='ltr'><strong>misericordiam</strong></span> <span class='ocrx_word' id='word_1_48' title='bbox 727 964 1237 1038; x_wconf 72' lang='lat' dir='ltr'><strong>cogitans,&#39;audiat</strong></span> <span class='ocrx_word' id='word_1_49' title='bbox 1294 963 1485 1016; x_wconf 90' lang='lat' dir='ltr'><strong>iterum</strong></span> <span class='ocrx_word' id='word_1_50' title='bbox 1543 959 1710 1013; x_wconf 90' lang='lat' dir='ltr'><strong>Deum</strong></span> <span class='ocrx_word' id='word_1_51' title='bbox 1765 969 1860 1025; x_wconf 91' lang='lat' dir='ltr'><strong>per</strong></span> 
     </span>
    </p>
   </div>
   <div class='ocr_carea' id='block_1_8' title="bbox 260 1046 1859 1133">
    <p class='ocr_par' dir='ltr' id='par_1_8' title="bbox 260 1046 1859 1133">
     <span class='ocr_line' id='line_1_8' title="bbox 260 1046 1859 1133; baseline -0.014 -14"><span class='ocrx_word' id='word_1_52' title='bbox 260 1062 576 1133; x_wconf 84' lang='lat' dir='ltr'><strong>prophetam</strong></span> <span class='ocrx_word' id='word_1_53' title='bbox 606 1061 874 1114; x_wconf 91' lang='lat' dir='ltr'><strong>dicentem</strong></span> <span class='ocrx_word' id='word_1_54' title='bbox 903 1076 916 1112; x_wconf 92' lang='lat'><strong>:</strong></span> <span class='ocrx_word' id='word_1_55' title='bbox 950 1055 1107 1111; x_wconf 72' lang='grc' dir='ltr'><strong>ΔΝιωιι</strong></span> <span class='ocrx_word' id='word_1_56' title='bbox 1134 1054 1222 1125; x_wconf 87' lang='lat' dir='ltr'><strong>qui</strong></span> <span class='ocrx_word' id='word_1_57' title='bbox 1261 1052 1425 1114; x_wconf 89' lang='lat' dir='ltr'><strong>cadit,</strong></span> <span class='ocrx_word' id='word_1_58' title='bbox 1459 1067 1559 1103; x_wconf 81' lang='lat' dir='ltr'><strong>non</strong></span> <span class='ocrx_word' id='word_1_59' title='bbox 1602 1046 1859 1116; x_wconf 73' lang='lat' dir='ltr'><strong>resurgit;</strong></span> 
     </span>
    </p>
   </div>
   <div class='ocr_carea' id='block_1_9' title="bbox 256 1142 1857 1227">
    <p class='ocr_par' dir='ltr' id='par_1_9' title="bbox 256 1142 1857 1227">
     <span class='ocr_line' id='line_1_9' title="bbox 256 1142 1857 1227; baseline -0.012 -16"><span class='ocrx_word' id='word_1_60' title='bbox 256 1168 308 1212; x_wconf 88' lang='lat' dir='ltr'><strong>et</strong></span> <span class='ocrx_word' id='word_1_61' title='bbox 330 1156 415 1227; x_wconf 77' lang='lat' dir='ltr'><strong>qui</strong></span> <span class='ocrx_word' id='word_1_62' title='bbox 440 1155 618 1209; x_wconf 85' lang='lat' dir='ltr'><strong>avertit</strong></span> <span class='ocrx_word' id='word_1_63' title='bbox 646 1170 719 1217; x_wconf 87' lang='lat' dir='ltr'><strong>se,</strong></span> <span class='ocrx_word' id='word_1_64' title='bbox 748 1169 848 1206; x_wconf 82' lang='lat' dir='ltr'><strong>non</strong></span> <span class='ocrx_word' id='word_1_65' title='bbox 874 1150 1137 1205; x_wconf 77' lang='lat' dir='ltr'><strong>revertitur</strong></span> <span class='ocrx_word' id='word_1_66' title='bbox 1169 1145 1302 1217; x_wconf 78' lang='lat' dir='ltr'><strong>(Jer.</strong></span> <span class='ocrx_word' id='word_1_67' title='bbox 1330 1144 1383 1201; x_wconf 87' lang='lat'><strong>8.</strong></span> <span class='ocrx_word' id='word_1_68' title='bbox 1413 1142 1469 1213; x_wconf 74' lang='grc' dir='ltr'><strong>ι)</strong></span> <span class='ocrx_word' id='word_1_69' title='bbox 1492 1144 1515 1197; x_wconf 84' lang='lat'><strong>?</strong></span> <span class='ocrx_word' id='word_1_70' title='bbox 1535 1150 1591 1198; x_wconf 89' lang='lat' dir='ltr'><strong>et</strong></span> <span class='ocrx_word' id='word_1_71' title='bbox 1621 1142 1813 1195; x_wconf 91' lang='lat' dir='ltr'><strong>iterum</strong></span> <span class='ocrx_word' id='word_1_72' title='bbox 1839 1178 1857 1203; x_wconf 92' lang='lat'><strong>,</strong></span> 
     </span>
    </p>
   </div>
   <div class='ocr_carea' id='block_1_10' title="bbox 261 1230 1861 1312">
    <p class='ocr_par' dir='ltr' id='par_1_10' title="bbox 261 1230 1861 1312">
     <span class='ocr_line' id='line_1_10' title="bbox 261 1230 1861 1312; baseline -0.013 -11"><span class='ocrx_word' id='word_1_73' title='bbox 261 1246 403 1301; x_wconf 77' lang='lat' dir='ltr'><strong>Nolo</strong></span> <span class='ocrx_word' id='word_1_74' title='bbox 440 1253 652 1299; x_wconf 87' lang='lat' dir='ltr'><strong>mortem</strong></span> <span class='ocrx_word' id='word_1_75' title='bbox 694 1240 990 1312; x_wconf 73' lang='lat' dir='ltr'><strong>peccatoris,</strong></span> <span class='ocrx_word' id='word_1_76' title='bbox 1030 1240 1161 1293; x_wconf 89' lang='lat' dir='ltr'><strong>sicut</strong></span> <span class='ocrx_word' id='word_1_77' title='bbox 1207 1235 1429 1289; x_wconf 83' lang='lat' dir='ltr'><strong><em>converti</em></strong></span> <span class='ocrx_word' id='word_1_78' title='bbox 1465 1250 1578 1287; x_wconf 88' lang='lat' dir='ltr'><strong>eum</strong></span> <span class='ocrx_word' id='word_1_79' title='bbox 1613 1240 1661 1284; x_wconf 89' lang='lat' dir='ltr'><strong><em>et</em></strong></span> <span class='ocrx_word' id='word_1_80' title='bbox 1700 1230 1861 1283; x_wconf 84' lang='lat' dir='ltr'><strong>vivere</strong></span> 
     </span>
    </p>
   </div>
   <div class='ocr_carea' id='block_1_11' title="bbox 258 1320 1933 1405">
    <p class='ocr_par' dir='ltr' id='par_1_11' title="bbox 258 1320 1933 1405">
     <span class='ocr_line' id='line_1_11' title="bbox 258 1320 1933 1405; baseline -0.01 -14"><span class='ocrx_word' id='word_1_81' title='bbox 258 1324 475 1405; x_wconf 69' lang='lat' dir='ltr'><strong>(Eseclt.</strong></span> <span class='ocrx_word' id='word_1_82' title='bbox 526 1335 613 1390; x_wconf 81' lang='lat' dir='ltr'><strong>l8.</strong></span> <span class='ocrx_word' id='word_1_83' title='bbox 657 1334 768 1403; x_wconf 75' lang='lat'><strong>23).</strong></span> <span class='ocrx_word' id='word_1_84' title='bbox 822 1331 1036 1394; x_wconf 80' lang='lat' dir='ltr'><strong>Vidisti,</strong></span> <span class='ocrx_word' id='word_1_85' title='bbox 1081 1329 1299 1393; x_wconf 86' lang='lat' dir='ltr'><strong>dilecte,</strong></span> <span class='ocrx_word' id='word_1_86' title='bbox 1341 1325 1521 1382; x_wconf 89' lang='lat' dir='ltr'><strong>omnia</strong></span> <span class='ocrx_word' id='word_1_87' title='bbox 1565 1323 1619 1377; x_wconf 89' lang='lat' dir='ltr'><strong>in</strong></span> <span class='ocrx_word' id='word_1_88' title='bbox 1662 1320 1860 1376; x_wconf 82' lang='lat' dir='ltr'><strong>divinis</strong></span> <span class='ocrx_word' id='word_1_89' title='bbox 1932 1390 1933 1393; x_wconf 15' lang='grc' dir='ltr'><strong>η</strong></span> 
     </span>
    </p>
   </div>
   <div class='ocr_carea' id='block_1_12' title="bbox 254 1410 1860 1497">
    <p class='ocr_par' dir='ltr' id='par_1_12' title="bbox 254 1410 1860 1497">
     <span class='ocr_line' id='line_1_12' title="bbox 254 1410 1860 1497; baseline -0.013 -11"><span class='ocrx_word' id='word_1_90' title='bbox 254 1426 551 1497; x_wconf 84' lang='lat' dir='ltr'><strong>Scripturis</strong></span> <span class='ocrx_word' id='word_1_91' title='bbox 574 1426 772 1495; x_wconf 88' lang='lat' dir='ltr'><strong>scripta</strong></span> <span class='ocrx_word' id='word_1_92' title='bbox 794 1466 807 1488; x_wconf 93' lang='lat'><strong>,</strong></span> <span class='ocrx_word' id='word_1_93' title='bbox 834 1438 942 1479; x_wconf 88' lang='lat' dir='ltr'><strong>non</strong></span> <span class='ocrx_word' id='word_1_94' title='bbox 972 1422 1074 1476; x_wconf 88' lang='lat' dir='ltr'><strong>alia</strong></span> <span class='ocrx_word' id='word_1_95' title='bbox 1095 1420 1165 1476; x_wconf 89' lang='lat' dir='ltr'><strong>de</strong></span> <span class='ocrx_word' id='word_1_96' title='bbox 1188 1432 1352 1475; x_wconf 86' lang='lat' dir='ltr'><strong>causa</strong></span> <span class='ocrx_word' id='word_1_97' title='bbox 1393 1414 1665 1474; x_wconf 65' lang='lat' dir='ltr'><strong>memoria:</strong></span> <span class='ocrx_word' id='word_1_98' title='bbox 1696 1410 1860 1466; x_wconf 85' lang='lat' dir='ltr'><strong>fuisse</strong></span> 
     </span>
    </p>
   </div>
   <div class='ocr_carea' id='block_1_13' title="bbox 259 1500 1861 1588">
    <p class='ocr_par' dir='ltr' id='par_1_13' title="bbox 259 1500 1861 1588">
     <span class='ocr_line' id='line_1_13' title="bbox 259 1500 1861 1588; baseline -0.011 -14"><span class='ocrx_word' id='word_1_99' title='bbox 259 1521 476 1584; x_wconf 86' lang='lat' dir='ltr'><strong>tradita,</strong></span> <span class='ocrx_word' id='word_1_100' title='bbox 507 1534 665 1588; x_wconf 90' lang='lat' dir='ltr'><strong>quam</strong></span> <span class='ocrx_word' id='word_1_101' title='bbox 696 1524 916 1586; x_wconf 84' lang='lat' dir='ltr'><strong>propter</strong></span> <span class='ocrx_word' id='word_1_102' title='bbox 944 1525 1181 1568; x_wconf 88' lang='lat' dir='ltr'><strong>nostram</strong></span> <span class='ocrx_word' id='word_1_103' title='bbox 1214 1509 1521 1573; x_wconf 80' lang='lat' dir='ltr'><strong>utilitatem,</strong></span> <span class='ocrx_word' id='word_1_104' title='bbox 1553 1513 1609 1560; x_wconf 90' lang='lat' dir='ltr'><strong>et</strong></span> <span class='ocrx_word' id='word_1_105' title='bbox 1639 1500 1861 1557; x_wconf 81' lang='lat' dir='ltr'><strong>humani</strong></span> 
     </span>
    </p>
   </div>
   <div class='ocr_carea' id='block_1_14' title="bbox 254 1601 1860 1684">
    <p class='ocr_par' dir='ltr' id='par_1_14' title="bbox 254 1601 1860 1684">
     <span class='ocr_line' id='line_1_14' title="bbox 254 1601 1860 1684; baseline -0.012 -18"><span class='ocrx_word' id='word_1_106' title='bbox 254 1613 473 1684; x_wconf 87' lang='lat' dir='ltr'><strong>generis</strong></span> <span class='ocrx_word' id='word_1_107' title='bbox 522 1609 788 1666; x_wconf 78' lang='lat' dir='ltr'><strong>salutem?</strong></span> <span class='ocrx_word' id='word_1_108' title='bbox 818 1607 943 1663; x_wconf 84' lang='lat' dir='ltr'><strong>ll:rc</strong></span> <span class='ocrx_word' id='word_1_109' title='bbox 983 1620 1163 1661; x_wconf 86' lang='lat' dir='ltr'><strong>secum</strong></span> <span class='ocrx_word' id='word_1_110' title='bbox 1209 1601 1437 1673; x_wconf 90' lang='lat' dir='ltr'><strong>quisque</strong></span> <span class='ocrx_word' id='word_1_111' title='bbox 1485 1607 1727 1653; x_wconf 91' lang='lat' dir='ltr'><strong>nostrum</strong></span> <span class='ocrx_word' id='word_1_112' title='bbox 1767 1609 1860 1649; x_wconf 82' lang='lat' dir='ltr'><strong>ex-</strong></span> 
     </span>
    </p>
   </div>
   <div class='ocr_carea' id='block_1_15' title="bbox 256 1687 1865 1773">
    <p class='ocr_par' dir='ltr' id='par_1_15' title="bbox 256 1687 1865 1773">
     <span class='ocr_line' id='line_1_15' title="bbox 256 1687 1865 1773; baseline -0.012 -16"><span class='ocrx_word' id='word_1_113' title='bbox 256 1704 459 1773; x_wconf 88' lang='lat' dir='ltr'><strong>pendat</strong></span> <span class='ocrx_word' id='word_1_114' title='bbox 480 1744 497 1765; x_wconf 90' lang='lat'><strong>,</strong></span> <span class='ocrx_word' id='word_1_115' title='bbox 525 1701 741 1771; x_wconf 77' lang='lat' dir='ltr'><strong>suisque</strong></span> <span class='ocrx_word' id='word_1_116' title='bbox 778 1711 1012 1769; x_wconf 84' lang='lat' dir='ltr'><strong>congrua</strong></span> <span class='ocrx_word' id='word_1_117' title='bbox 1037 1693 1346 1749; x_wconf 76' lang='lat' dir='ltr'><strong>vulneribus</strong></span> <span class='ocrx_word' id='word_1_118' title='bbox 1376 1690 1662 1760; x_wconf 84' lang='lat' dir='ltr'><strong>pltarmaca</strong></span> <span class='ocrx_word' id='word_1_119' title='bbox 1691 1687 1865 1755; x_wconf 87' lang='lat' dir='ltr'><strong>impo-</strong></span> 
     </span>
    </p>
   </div>
   <div class='ocr_carea' id='block_1_16' title="bbox 257 1780 1865 1849">
    <p class='ocr_par' dir='ltr' id='par_1_16' title="bbox 257 1780 1865 1849">
     <span class='ocr_line' id='line_1_16' title="bbox 257 1780 1865 1849; baseline -0.012 -2"><span class='ocrx_word' id='word_1_120' title='bbox 257 1802 372 1849; x_wconf 89' lang='lat' dir='ltr'><strong>nat.</strong></span> <span class='ocrx_word' id='word_1_121' title='bbox 398 1790 527 1847; x_wconf 89' lang='lat' dir='ltr'><strong>Ideo</strong></span> <span class='ocrx_word' id='word_1_122' title='bbox 550 1791 691 1845; x_wconf 87' lang='lat' dir='ltr'><strong>enim</strong></span> <span class='ocrx_word' id='word_1_123' title='bbox 736 1788 853 1843; x_wconf 81' lang='lat' dir='ltr'><strong>lucc</strong></span> <span class='ocrx_word' id='word_1_124' title='bbox 874 1784 941 1840; x_wconf 87' lang='lat' dir='ltr'><strong>ad</strong></span> <span class='ocrx_word' id='word_1_125' title='bbox 984 1784 1188 1840; x_wconf 86' lang='lat' dir='ltr'><strong>libitum</strong></span> <span class='ocrx_word' id='word_1_126' title='bbox 1232 1780 1482 1836; x_wconf 89' lang='lat' dir='ltr'><strong>omnibus</strong></span> <span class='ocrx_word' id='word_1_127' title='bbox 1519 1785 1645 1833; x_wconf 89' lang='lat' dir='ltr'><strong>sunt</strong></span> <span class='ocrx_word' id='word_1_128' title='bbox 1668 1790 1865 1846; x_wconf 85' lang='lat' dir='ltr'><strong>prepo-</strong></span> 
     </span>
    </p>
   </div>
   <div class='ocr_carea' id='block_1_17' title="bbox 256 1868 1862 1950">
    <p class='ocr_par' dir='ltr' id='par_1_17' title="bbox 256 1868 1862 1950">
     <span class='ocr_line' id='line_1_17' title="bbox 256 1868 1862 1950; baseline -0.011 -10"><span class='ocrx_word' id='word_1_129' title='bbox 256 1886 378 1950; x_wconf 88' lang='lat' dir='ltr'><strong>sita,</strong></span> <span class='ocrx_word' id='word_1_130' title='bbox 428 1894 484 1939; x_wconf 92' lang='lat' dir='ltr'><strong>et</strong></span> <span class='ocrx_word' id='word_1_131' title='bbox 537 1884 661 1938; x_wconf 90' lang='lat' dir='ltr'><strong>licet</strong></span> <span class='ocrx_word' id='word_1_132' title='bbox 708 1879 909 1935; x_wconf 84' lang='lat' dir='ltr'><strong>volenti</strong></span> <span class='ocrx_word' id='word_1_133' title='bbox 950 1877 1277 1934; x_wconf 81' lang='lat' dir='ltr'><strong>conveniens</strong></span> <span class='ocrx_word' id='word_1_134' title='bbox 1328 1874 1441 1929; x_wconf 88' lang='lat' dir='ltr'><strong>suis</strong></span> <span class='ocrx_word' id='word_1_135' title='bbox 1490 1868 1862 1926; x_wconf 73' lang='lat' dir='ltr'><strong>affectionibus</strong></span> 
     </span>
    </p>
   </div>
   <div class='ocr_carea' id='block_1_18' title="bbox 257 1957 1865 2041">
    <p class='ocr_par' dir='ltr' id='par_1_18' title="bbox 257 1957 1865 2041">
     <span class='ocr_line' id='line_1_18' title="bbox 257 1957 1865 2041; baseline -0.011 -11"><span class='ocrx_word' id='word_1_136' title='bbox 257 1975 556 2030; x_wconf 77' lang='lat' dir='ltr'><strong>remedium</strong></span> <span class='ocrx_word' id='word_1_137' title='bbox 601 1985 892 2041; x_wconf 87' lang='lat' dir='ltr'><strong>apponere,</strong></span> <span class='ocrx_word' id='word_1_138' title='bbox 933 1978 988 2024; x_wconf 93' lang='lat' dir='ltr'><strong>ct</strong></span> <span class='ocrx_word' id='word_1_139' title='bbox 1024 1967 1307 2023; x_wconf 78' lang='lat' dir='ltr'><strong>sanitatem</strong></span> <span class='ocrx_word' id='word_1_140' title='bbox 1350 1962 1596 2032; x_wconf 81' lang='lat' dir='ltr'><strong>accipere</strong></span> <span class='ocrx_word' id='word_1_141' title='bbox 1642 1957 1865 2015; x_wconf 87' lang='lat' dir='ltr'><strong>celerri-</strong></span> 
     </span>
    </p>
   </div>
   <div class='ocr_carea' id='block_1_19' title="bbox 258 2048 1859 2133">
    <p class='ocr_par' dir='ltr' id='par_1_19' title="bbox 258 2048 1859 2133">
     <span class='ocr_line' id='line_1_19' title="bbox 258 2048 1859 2133; baseline -0.01 -13"><span class='ocrx_word' id='word_1_142' title='bbox 258 2081 400 2120; x_wconf 83' lang='lat' dir='ltr'><strong>utam</strong></span> <span class='ocrx_word' id='word_1_143' title='bbox 426 2108 445 2133; x_wconf 89' lang='lat'><strong>,</strong></span> <span class='ocrx_word' id='word_1_144' title='bbox 474 2072 677 2119; x_wconf 89' lang='lat' dir='ltr'><strong>tantum</strong></span> <span class='ocrx_word' id='word_1_145' title='bbox 708 2061 987 2115; x_wconf 72' lang='lat' dir='ltr'><strong>medicina:</strong></span> <span class='ocrx_word' id='word_1_146' title='bbox 1011 2073 1195 2114; x_wconf 90' lang='lat' dir='ltr'><strong>curam</strong></span> <span class='ocrx_word' id='word_1_147' title='bbox 1228 2072 1296 2113; x_wconf 86' lang='lat' dir='ltr'><strong>ne</strong></span> <span class='ocrx_word' id='word_1_148' title='bbox 1330 2056 1452 2126; x_wconf 91' lang='lat' dir='ltr'><strong>quis</strong></span> <span class='ocrx_word' id='word_1_149' title='bbox 1476 2053 1684 2123; x_wconf 88' lang='lat' dir='ltr'><strong>rejiciat</strong></span> <span class='ocrx_word' id='word_1_150' title='bbox 1706 2091 1720 2115; x_wconf 94' lang='lat'><strong>,</strong></span> <span class='ocrx_word' id='word_1_151' title='bbox 1765 2048 1859 2105; x_wconf 85' lang='lat' dir='ltr'><strong>sed</strong></span> 
     </span>
    </p>
   </div>
   <div class='ocr_carea' id='block_1_20' title="bbox 258 2141 1861 2227">
    <p class='ocr_par' dir='ltr' id='par_1_20' title="bbox 258 2141 1861 2227">
     <span class='ocr_line' id='line_1_20' title="bbox 258 2141 1861 2227; baseline -0.01 -17"><span class='ocrx_word' id='word_1_152' title='bbox 258 2167 473 2227; x_wconf 77' lang='lat' dir='ltr'><strong>gratum</strong></span> <span class='ocrx_word' id='word_1_153' title='bbox 520 2169 673 2208; x_wconf 89' lang='lat' dir='ltr'><strong>suum</strong></span> <span class='ocrx_word' id='word_1_154' title='bbox 714 2151 967 2207; x_wconf 79' lang='lat' dir='ltr'><strong>exhibeat</strong></span> <span class='ocrx_word' id='word_1_155' title='bbox 1011 2145 1453 2204; x_wconf 84' lang='lat' dir='ltr'><strong>anitnutn.Nulla</strong></span> <span class='ocrx_word' id='word_1_156' title='bbox 1491 2144 1633 2199; x_wconf 91' lang='lat' dir='ltr'><strong>enim</strong></span> <span class='ocrx_word' id='word_1_157' title='bbox 1678 2151 1762 2196; x_wconf 89' lang='lat' dir='ltr'><strong>est</strong></span> <span class='ocrx_word' id='word_1_158' title='bbox 1808 2141 1861 2195; x_wconf 93' lang='lat' dir='ltr'><strong>in</strong></span> 
     </span>
    </p>
   </div>
   <div class='ocr_carea' id='block_1_21' title="bbox 260 2234 1863 2312">
    <p class='ocr_par' dir='ltr' id='par_1_21' title="bbox 260 2234 1863 2312">
     <span class='ocr_line' id='line_1_21' title="bbox 260 2234 1863 2312; baseline -0.012 -7"><span class='ocrx_word' id='word_1_159' title='bbox 260 2250 493 2305; x_wconf 80' lang='lat' dir='ltr'><strong>humana</strong></span> <span class='ocrx_word' id='word_1_160' title='bbox 518 2255 707 2302; x_wconf 83' lang='lat' dir='ltr'><strong>natura</strong></span> <span class='ocrx_word' id='word_1_161' title='bbox 733 2245 813 2299; x_wconf 93' lang='lat' dir='ltr'><strong>vel</strong></span> <span class='ocrx_word' id='word_1_162' title='bbox 840 2243 1082 2312; x_wconf 87' lang='lat' dir='ltr'><strong>corporis</strong></span> <span class='ocrx_word' id='word_1_163' title='bbox 1106 2241 1191 2295; x_wconf 87' lang='lat' dir='ltr'><strong>vel</strong></span> <span class='ocrx_word' id='word_1_164' title='bbox 1217 2240 1411 2294; x_wconf 83' lang='lat' dir='ltr'><strong>animae</strong></span> <span class='ocrx_word' id='word_1_165' title='bbox 1438 2234 1720 2309; x_wconf 69' lang='lat' dir='ltr'><strong>aegritudo,</strong></span> <span class='ocrx_word' id='word_1_166' title='bbox 1742 2246 1863 2303; x_wconf 78' lang='lat' dir='ltr'><strong>qua:</strong></span> 
     </span>
    </p>
   </div>
   <div class='ocr_carea' id='block_1_22' title="bbox 261 2324 1861 2403">
    <p class='ocr_par' dir='ltr' id='par_1_22' title="bbox 261 2324 1861 2403">
     <span class='ocr_line' id='line_1_22' title="bbox 261 2324 1861 2403; baseline -0.011 -8"><span class='ocrx_word' id='word_1_167' title='bbox 261 2340 584 2396; x_wconf 88' lang='lat' dir='ltr'><strong>medicinam</strong></span> <span class='ocrx_word' id='word_1_168' title='bbox 636 2338 760 2390; x_wconf 86' lang='lat' dir='ltr'><strong>hinc</strong></span> <span class='ocrx_word' id='word_1_169' title='bbox 806 2334 1051 2403; x_wconf 88' lang='lat' dir='ltr'><strong>accipere</strong></span> <span class='ocrx_word' id='word_1_170' title='bbox 1088 2337 1336 2402; x_wconf 81' lang='lat' dir='ltr'><strong>nequeat.</strong></span> <span class='ocrx_word' id='word_1_171' title='bbox 1368 2324 1693 2395; x_wconf 81' lang='lat' dir='ltr'><strong>Quomodo?</strong></span> <span class='ocrx_word' id='word_1_172' title='bbox 1736 2324 1861 2391; x_wconf 91' lang='lat' dir='ltr'><strong>dic,</strong></span> 
     </span>
    </p>
   </div>
   <div class='ocr_carea' id='block_1_23' title="bbox 260 2415 1863 2497">
    <p class='ocr_par' dir='ltr' id='par_1_23' title="bbox 260 2415 1863 2497">
     <span class='ocr_line' id='line_1_23' title="bbox 260 2415 1863 2497; baseline -0.011 -12"><span class='ocrx_word' id='word_1_173' title='bbox 260 2431 511 2486; x_wconf 89' lang='lat' dir='ltr'><strong>obsecro.</strong></span> <span class='ocrx_word' id='word_1_174' title='bbox 555 2425 854 2497; x_wconf 88' lang='lat' dir='ltr'><strong>Ingreditur</strong></span> <span class='ocrx_word' id='word_1_175' title='bbox 879 2425 997 2494; x_wconf 89' lang='lat' dir='ltr'><strong>quis</strong></span> <span class='ocrx_word' id='word_1_176' title='bbox 1039 2422 1143 2477; x_wconf 90' lang='lat' dir='ltr'><strong>huc</strong></span> <span class='ocrx_word' id='word_1_177' title='bbox 1184 2419 1397 2475; x_wconf 77' lang='lat' dir='ltr'><strong>tristitia</strong></span> <span class='ocrx_word' id='word_1_178' title='bbox 1428 2428 1483 2473; x_wconf 91' lang='lat' dir='ltr'><strong>et</strong></span> <span class='ocrx_word' id='word_1_179' title='bbox 1526 2415 1863 2486; x_wconf 76' lang='lat' dir='ltr'><strong>negotiorum</strong></span> 
     </span>
    </p>
   </div>
   <div class='ocr_carea' id='block_1_24' title="bbox 259 2507 1865 2582">
    <p class='ocr_par' dir='ltr' id='par_1_24' title="bbox 259 2507 1865 2582">
     <span class='ocr_line' id='line_1_24' title="bbox 259 2507 1865 2582; baseline -0.01 -6"><span class='ocrx_word' id='word_1_180' title='bbox 259 2517 623 2576; x_wconf 81' lang='lat' dir='ltr'><strong>sollicitudine</strong></span> <span class='ocrx_word' id='word_1_181' title='bbox 650 2524 902 2572; x_wconf 88' lang='lat' dir='ltr'><strong>oneratus</strong></span> <span class='ocrx_word' id='word_1_182' title='bbox 924 2554 939 2580; x_wconf 93' lang='lat'><strong>,</strong></span> <span class='ocrx_word' id='word_1_183' title='bbox 969 2522 1024 2568; x_wconf 89' lang='lat' dir='ltr'><strong>et</strong></span> <span class='ocrx_word' id='word_1_184' title='bbox 1047 2515 1319 2582; x_wconf 84' lang='lat' dir='ltr'><strong>ingressus</strong></span> <span class='ocrx_word' id='word_1_185' title='bbox 1349 2509 1451 2563; x_wconf 88' lang='lat' dir='ltr'><strong>huc</strong></span> <span class='ocrx_word' id='word_1_186' title='bbox 1477 2548 1492 2573; x_wconf 92' lang='lat'><strong>,</strong></span> <span class='ocrx_word' id='word_1_187' title='bbox 1532 2507 1602 2561; x_wconf 85' lang='lat' dir='ltr'><strong>ita</strong></span> <span class='ocrx_word' id='word_1_188' title='bbox 1632 2518 1865 2561; x_wconf 64' lang='lat' dir='ltr'><strong>maerore</strong></span> 
     </span>
    </p>
   </div>
   <div class='ocr_carea' id='block_1_25' title="bbox 260 2597 1863 2674">
    <p class='ocr_par' dir='ltr' id='par_1_25' title="bbox 260 2597 1863 2674">
     <span class='ocr_line' id='line_1_25' title="bbox 260 2597 1863 2674; baseline -0.01 -8"><span class='ocrx_word' id='word_1_189' title='bbox 260 2612 527 2674; x_wconf 88' lang='lat' dir='ltr'><strong>obrutus,</strong></span> <span class='ocrx_word' id='word_1_190' title='bbox 583 2609 763 2663; x_wconf 78' lang='lat' dir='ltr'><strong>statim</strong></span> <span class='ocrx_word' id='word_1_191' title='bbox 820 2614 877 2660; x_wconf 88' lang='lat' dir='ltr'><strong>ut</strong></span> <span class='ocrx_word' id='word_1_192' title='bbox 924 2603 1127 2659; x_wconf 76' lang='lat' dir='ltr'><strong>audivit</strong></span> <span class='ocrx_word' id='word_1_193' title='bbox 1173 2600 1489 2672; x_wconf 85' lang='lat' dir='ltr'><strong>prophetam</strong></span> <span class='ocrx_word' id='word_1_194' title='bbox 1545 2597 1863 2653; x_wconf 83' lang='lat' dir='ltr'><strong>dicentem:</strong></span> 
     </span>
    </p>
   </div>
   <div class='ocr_carea' id='block_1_26' title="bbox 268 2688 1867 2768">
    <p class='ocr_par' dir='ltr' id='par_1_26' title="bbox 268 2688 1867 2768">
     <span class='ocr_line' id='line_1_26' title="bbox 268 2688 1867 2768; baseline -0.008 -12"><span class='ocrx_word' id='word_1_195' title='bbox 268 2702 440 2768; x_wconf 76' lang='lat' dir='ltr'><strong>Quare</strong></span> <span class='ocrx_word' id='word_1_196' title='bbox 463 2700 619 2754; x_wconf 84' lang='lat' dir='ltr'><strong><em>tristis</em></strong></span> <span class='ocrx_word' id='word_1_197' title='bbox 645 2704 728 2761; x_wconf 77' lang='lat' dir='ltr'><strong>es,</strong></span> <span class='ocrx_word' id='word_1_198' title='bbox 764 2698 935 2749; x_wconf 83' lang='lat' dir='ltr'><strong>anima</strong></span> <span class='ocrx_word' id='word_1_199' title='bbox 974 2711 1082 2748; x_wconf 83' lang='lat' dir='ltr'><strong>utea</strong></span> <span class='ocrx_word' id='word_1_200' title='bbox 1102 2735 1117 2759; x_wconf 93' lang='lat'><strong>,</strong></span> <span class='ocrx_word' id='word_1_201' title='bbox 1149 2703 1195 2747; x_wconf 86' lang='lat' dir='ltr'><strong><em>et</em></strong></span> <span class='ocrx_word' id='word_1_202' title='bbox 1240 2707 1399 2765; x_wconf 86' lang='lat' dir='ltr'><strong>quare</strong></span> <span class='ocrx_word' id='word_1_203' title='bbox 1433 2688 1704 2744; x_wconf 85' lang='lat' dir='ltr'><strong>conturbas</strong></span> <span class='ocrx_word' id='word_1_204' title='bbox 1742 2688 1867 2743; x_wconf 72' lang='lat' dir='ltr'><strong>me?</strong></span> 
     </span>
    </p>
   </div>
   <div class='ocr_carea' id='block_1_27' title="bbox 262 2779 1868 2863">
    <p class='ocr_par' dir='ltr' id='par_1_27' title="bbox 262 2779 1868 2863">
     <span class='ocr_line' id='line_1_27' title="bbox 262 2779 1868 2863; baseline -0.011 -15"><span class='ocrx_word' id='word_1_205' title='bbox 262 2793 434 2863; x_wconf 84' lang='lat' dir='ltr'><strong>Spera</strong></span> <span class='ocrx_word' id='word_1_206' title='bbox 462 2792 516 2845; x_wconf 85' lang='lat' dir='ltr'><strong>in</strong></span> <span class='ocrx_word' id='word_1_207' title='bbox 545 2789 705 2844; x_wconf 84' lang='lat' dir='ltr'><strong>Deum</strong></span> <span class='ocrx_word' id='word_1_208' title='bbox 724 2830 739 2855; x_wconf 90' lang='lat'><strong>,</strong></span> <span class='ocrx_word' id='word_1_209' title='bbox 767 2787 1007 2859; x_wconf 85' lang='lat' dir='ltr'><strong>quoniam</strong></span> <span class='ocrx_word' id='word_1_210' title='bbox 1034 2785 1309 2853; x_wconf 79' lang='lat' dir='ltr'><strong>conﬁtebor</strong></span> <span class='ocrx_word' id='word_1_211' title='bbox 1337 2784 1384 2837; x_wconf 87' lang='lat' dir='ltr'><strong><em>ei</em></strong></span> <span class='ocrx_word' id='word_1_212' title='bbox 1404 2798 1425 2837; x_wconf 90' lang='lat'><strong>:</strong></span> <span class='ocrx_word' id='word_1_213' title='bbox 1452 2782 1674 2836; x_wconf 83' lang='lat' dir='ltr'><strong>salutare</strong></span> <span class='ocrx_word' id='word_1_214' title='bbox 1700 2779 1868 2833; x_wconf 78' lang='lat' dir='ltr'><strong>vultus</strong></span> 
     </span>
    </p>
   </div>
   <div class='ocr_carea' id='block_1_28' title="bbox 261 2871 1869 2951">
    <p class='ocr_par' dir='ltr' id='par_1_28' title="bbox 261 2871 1869 2951">
     <span class='ocr_line' id='line_1_28' title="bbox 261 2871 1869 2951; baseline -0.01 -12"><span class='ocrx_word' id='word_1_215' title='bbox 261 2884 379 2947; x_wconf 70' lang='lat' dir='ltr'><strong>mei,</strong></span> <span class='ocrx_word' id='word_1_216' title='bbox 402 2894 450 2939; x_wconf 89' lang='lat' dir='ltr'><strong>et</strong></span> <span class='ocrx_word' id='word_1_217' title='bbox 484 2883 618 2937; x_wconf 84' lang='lat' dir='ltr'><strong>Deus</strong></span> <span class='ocrx_word' id='word_1_218' title='bbox 647 2898 784 2936; x_wconf 83' lang='lat' dir='ltr'><strong>meus</strong></span> <span class='ocrx_word' id='word_1_219' title='bbox 812 2878 982 2951; x_wconf 79' lang='grc' dir='ltr'><strong>(Ρεαι.</strong></span> <span class='ocrx_word' id='word_1_220' title='bbox 1012 2880 1101 2933; x_wconf 66' lang='lat' dir='ltr'><strong>tl.</strong></span> <span class='ocrx_word' id='word_1_221' title='bbox 1129 2880 1186 2934; x_wconf 86' lang='lat'><strong>6.</strong></span> <span class='ocrx_word' id='word_1_222' title='bbox 1202 2878 1277 2945; x_wconf 87' lang='lat'><strong>7);</strong></span> <span class='ocrx_word' id='word_1_223' title='bbox 1308 2873 1597 2931; x_wconf 78' lang='lat' dir='ltr'><strong>sufficienti</strong></span> <span class='ocrx_word' id='word_1_224' title='bbox 1623 2871 1869 2927; x_wconf 88' lang='lat' dir='ltr'><strong>consola-</strong></span> 
     </span>
    </p>
   </div>
   <div class='ocr_carea' id='block_1_29' title="bbox 263 2961 1865 3044">
    <p class='ocr_par' dir='ltr' id='par_1_29' title="bbox 263 2961 1865 3044">
     <span class='ocr_line' id='line_1_29' title="bbox 263 2961 1865 3044; baseline -0.012 -11"><span class='ocrx_word' id='word_1_225' title='bbox 263 2978 411 3033; x_wconf 89' lang='lat' dir='ltr'><strong>tione</strong></span> <span class='ocrx_word' id='word_1_226' title='bbox 441 2984 689 3044; x_wconf 88' lang='lat' dir='ltr'><strong>suscepta</strong></span> <span class='ocrx_word' id='word_1_227' title='bbox 721 2974 854 3037; x_wconf 87' lang='lat' dir='ltr'><strong>abit,</strong></span> <span class='ocrx_word' id='word_1_228' title='bbox 881 2980 936 3027; x_wconf 88' lang='lat' dir='ltr'><strong>et</strong></span> <span class='ocrx_word' id='word_1_229' title='bbox 960 2985 1175 3026; x_wconf 89' lang='lat' dir='ltr'><strong>omnem</strong></span> <span class='ocrx_word' id='word_1_230' title='bbox 1202 2969 1349 3023; x_wconf 87' lang='lat' dir='ltr'><strong>illam</strong></span> <span class='ocrx_word' id='word_1_231' title='bbox 1375 2964 1571 3021; x_wconf 91' lang='lat' dir='ltr'><strong>mentis</strong></span> <span class='ocrx_word' id='word_1_232' title='bbox 1592 2961 1865 3019; x_wconf 86' lang='lat' dir='ltr'><strong>tristitiam</strong></span> 
     </span>
    </p>
   </div>
   <div class='ocr_carea' id='block_1_30' title="bbox 263 3053 1867 3135">
    <p class='ocr_par' dir='ltr' id='par_1_30' title="bbox 263 3053 1867 3135">
     <span class='ocr_line' id='line_1_30' title="bbox 263 3053 1867 3135; baseline -0.013 -8"><span class='ocrx_word' id='word_1_233' title='bbox 263 3068 487 3126; x_wconf 87' lang='lat' dir='ltr'><strong>excutit.</strong></span> <span class='ocrx_word' id='word_1_234' title='bbox 539 3068 688 3121; x_wconf 85' lang='lat' dir='ltr'><strong>Alius</strong></span> <span class='ocrx_word' id='word_1_235' title='bbox 731 3067 881 3129; x_wconf 90' lang='lat' dir='ltr'><strong>item,</strong></span> <span class='ocrx_word' id='word_1_236' title='bbox 924 3063 1014 3135; x_wconf 90' lang='lat' dir='ltr'><strong>qui</strong></span> <span class='ocrx_word' id='word_1_237' title='bbox 1062 3074 1299 3116; x_wconf 84' lang='lat' dir='ltr'><strong>extrema</strong></span> <span class='ocrx_word' id='word_1_238' title='bbox 1345 3058 1605 3129; x_wconf 90' lang='lat' dir='ltr'><strong>premitur</strong></span> <span class='ocrx_word' id='word_1_239' title='bbox 1646 3053 1822 3123; x_wconf 83' lang='lat' dir='ltr'><strong>inopia</strong></span> <span class='ocrx_word' id='word_1_240' title='bbox 1847 3090 1867 3119; x_wconf 92' lang='lat'><strong>,</strong></span> 
     </span>
    </p>
   </div>
   <div class='ocr_carea' id='block_1_31' title="bbox 262 3144 1866 3230">
    <p class='ocr_par' dir='ltr' id='par_1_31' title="bbox 262 3144 1866 3230">
     <span class='ocr_line' id='line_1_31' title="bbox 262 3144 1866 3230; baseline -0.013 -15"><span class='ocrx_word' id='word_1_241' title='bbox 262 3160 526 3230; x_wconf 76' lang='lat' dir='ltr'><strong>gravatim</strong></span> <span class='ocrx_word' id='word_1_242' title='bbox 553 3157 651 3212; x_wconf 92' lang='lat' dir='ltr'><strong>fert</strong></span> <span class='ocrx_word' id='word_1_243' title='bbox 686 3167 739 3210; x_wconf 92' lang='lat' dir='ltr'><strong>ct</strong></span> <span class='ocrx_word' id='word_1_244' title='bbox 766 3162 976 3217; x_wconf 72' lang='lat' dir='ltr'><strong>iniceret,</strong></span> <span class='ocrx_word' id='word_1_245' title='bbox 1009 3150 1195 3205; x_wconf 88' lang='lat' dir='ltr'><strong>videns</strong></span> <span class='ocrx_word' id='word_1_246' title='bbox 1221 3149 1358 3203; x_wconf 88' lang='lat' dir='ltr'><strong>alios</strong></span> <span class='ocrx_word' id='word_1_247' title='bbox 1381 3146 1585 3201; x_wconf 83' lang='lat' dir='ltr'><strong>divitiis</strong></span> <span class='ocrx_word' id='word_1_248' title='bbox 1606 3144 1829 3199; x_wconf 81' lang='lat' dir='ltr'><strong>affluere</strong></span> <span class='ocrx_word' id='word_1_249' title='bbox 1848 3179 1866 3206; x_wconf 94' lang='lat'><strong>,</strong></span> 
     </span>
    </p>
   </div>
   <div class='ocr_carea' id='block_1_32' title="bbox 264 3233 1866 3314">
    <p class='ocr_par' dir='ltr' id='par_1_32' title="bbox 264 3233 1866 3314">
     <span class='ocr_line' id='line_1_32' title="bbox 264 3233 1866 3314; baseline -0.012 -7"><span class='ocrx_word' id='word_1_250' title='bbox 264 3259 323 3307; x_wconf 86' lang='lat' dir='ltr'><strong>ct</strong></span> <span class='ocrx_word' id='word_1_251' title='bbox 347 3250 501 3304; x_wconf 82' lang='lat' dir='ltr'><strong>valde</strong></span> <span class='ocrx_word' id='word_1_252' title='bbox 531 3246 726 3313; x_wconf 77' lang='lat' dir='ltr'><strong>inflari,</strong></span> <span class='ocrx_word' id='word_1_253' title='bbox 756 3257 1055 3314; x_wconf 84' lang='lat' dir='ltr'><strong>magnoque</strong></span> <span class='ocrx_word' id='word_1_254' title='bbox 1078 3248 1335 3311; x_wconf 86' lang='lat' dir='ltr'><strong>apparatu</strong></span> <span class='ocrx_word' id='word_1_255' title='bbox 1361 3246 1416 3292; x_wconf 92' lang='lat' dir='ltr'><strong>et</strong></span> <span class='ocrx_word' id='word_1_256' title='bbox 1443 3250 1634 3308; x_wconf 88' lang='lat' dir='ltr'><strong>pompa</strong></span> <span class='ocrx_word' id='word_1_257' title='bbox 1657 3233 1866 3304; x_wconf 89' lang='lat' dir='ltr'><strong>stipari.</strong></span> 
     </span>
    </p>
   </div>
   <div class='ocr_carea' id='block_1_33' title="bbox 265 3326 1870 3403">
    <p class='ocr_par' dir='ltr' id='par_1_33' title="bbox 265 3326 1870 3403">
     <span class='ocr_line' id='line_1_33' title="bbox 265 3326 1870 3403; baseline -0.011 -7"><span class='ocrx_word' id='word_1_258' title='bbox 265 3340 431 3396; x_wconf 78' lang='lat' dir='ltr'><strong>Audit</strong></span> <span class='ocrx_word' id='word_1_259' title='bbox 458 3354 492 3394; x_wconf 87' lang='lat' dir='ltr'><strong>e</strong></span> <span class='ocrx_word' id='word_1_260' title='bbox 547 3339 634 3393; x_wconf 85' lang='lat' dir='ltr'><strong>hic</strong></span> <span class='ocrx_word' id='word_1_261' title='bbox 659 3336 908 3398; x_wconf 89' lang='lat' dir='ltr'><strong>eumdem</strong></span> <span class='ocrx_word' id='word_1_262' title='bbox 944 3332 1258 3403; x_wconf 70' lang='lat' dir='ltr'><strong>prophetam</strong></span> <span class='ocrx_word' id='word_1_263' title='bbox 1290 3330 1557 3384; x_wconf 88' lang='lat' dir='ltr'><strong>dicentem</strong></span> <span class='ocrx_word' id='word_1_264' title='bbox 1588 3346 1600 3381; x_wconf 89' lang='lat'><strong>:</strong></span> <span class='ocrx_word' id='word_1_265' title='bbox 1635 3327 1787 3379; x_wconf 89' lang='lat' dir='ltr'><strong>Jacta</strong></span> <span class='ocrx_word' id='word_1_266' title='bbox 1817 3326 1870 3378; x_wconf 86' lang='lat' dir='ltr'><strong>iu</strong></span> 
     </span>
    </p>
   </div>
   <div class='ocr_carea' id='block_1_34' title="bbox 268 3417 1867 3495">
    <p class='ocr_par' dir='ltr' id='par_1_34' title="bbox 268 3417 1867 3495">
     <span class='ocr_line' id='line_1_34' title="bbox 268 3417 1867 3495; baseline -0.012 -8"><span class='ocrx_word' id='word_1_267' title='bbox 268 3431 548 3487; x_wconf 78' lang='lat' dir='ltr'><strong>Dominum</strong></span> <span class='ocrx_word' id='word_1_268' title='bbox 585 3446 762 3484; x_wconf 85' lang='lat' dir='ltr'><strong>curant</strong></span> <span class='ocrx_word' id='word_1_269' title='bbox 801 3438 940 3481; x_wconf 87' lang='lat' dir='ltr'><strong>tuam</strong></span> <span class='ocrx_word' id='word_1_270' title='bbox 963 3467 976 3492; x_wconf 89' lang='lat'><strong>,</strong></span> <span class='ocrx_word' id='word_1_271' title='bbox 1006 3435 1054 3479; x_wconf 88' lang='lat' dir='ltr'><strong><em>et</em></strong></span> <span class='ocrx_word' id='word_1_272' title='bbox 1100 3426 1206 3495; x_wconf 84' lang='lat' dir='ltr'><strong>ipse</strong></span> <span class='ocrx_word' id='word_1_273' title='bbox 1246 3433 1292 3475; x_wconf 89' lang='lat' dir='ltr'><strong>te</strong></span> <span class='ocrx_word' id='word_1_274' title='bbox 1320 3422 1531 3475; x_wconf 79' lang='lat' dir='ltr'><strong>enutriet</strong></span> <span class='ocrx_word' id='word_1_275' title='bbox 1567 3417 1735 3488; x_wconf 80' lang='lat' dir='ltr'><strong>(Psal.</strong></span> <span class='ocrx_word' id='word_1_276' title='bbox 1776 3418 1867 3472; x_wconf 72' lang='grc'><strong>54.</strong></span> 
     </span>
    </p>
   </div>
   <div class='ocr_carea' id='block_1_35' title="bbox 265 3511 1869 3594">
    <p class='ocr_par' dir='ltr' id='par_1_35' title="bbox 265 3511 1869 3594">
     <span class='ocr_line' id='line_1_35' title="bbox 265 3511 1869 3594; baseline -0.013 -15"><span class='ocrx_word' id='word_1_277' title='bbox 265 3524 395 3594; x_wconf 72' lang='grc'><strong>25);</strong></span> <span class='ocrx_word' id='word_1_278' title='bbox 430 3535 485 3579; x_wconf 88' lang='lat' dir='ltr'><strong>et</strong></span> <span class='ocrx_word' id='word_1_279' title='bbox 526 3523 753 3577; x_wconf 84' lang='lat' dir='ltr'><strong>iterum:</strong></span> <span class='ocrx_word' id='word_1_280' title='bbox 787 3517 870 3573; x_wconf 83' lang='lat' dir='ltr'><strong>Ne</strong></span> <span class='ocrx_word' id='word_1_281' title='bbox 908 3519 1085 3571; x_wconf 86' lang='lat' dir='ltr'><strong>timeas</strong></span> <span class='ocrx_word' id='word_1_282' title='bbox 1122 3531 1237 3568; x_wconf 89' lang='lat' dir='ltr'><strong>cum</strong></span> <span class='ocrx_word' id='word_1_283' title='bbox 1274 3515 1464 3566; x_wconf 77' lang='lat' dir='ltr'><strong>ditatus</strong></span> <span class='ocrx_word' id='word_1_284' title='bbox 1492 3511 1643 3579; x_wconf 72' lang='lat' dir='ltr'><strong>fuerit</strong></span> <span class='ocrx_word' id='word_1_285' title='bbox 1680 3513 1829 3560; x_wconf 85' lang='lat' dir='ltr'><strong>homo</strong></span> <span class='ocrx_word' id='word_1_286' title='bbox 1854 3547 1869 3570; x_wconf 95' lang='lat'><strong>,</strong></span> 
     </span>
    </p>
   </div>
   <div class='ocr_carea' id='block_1_36' title="bbox 266 3602 1872 3683">
    <p class='ocr_par' dir='ltr' id='par_1_36' title="bbox 266 3602 1872 3683">
     <span class='ocr_line' id='line_1_36' title="bbox 266 3602 1872 3683; baseline -0.012 -13"><span class='ocrx_word' id='word_1_287' title='bbox 266 3615 346 3670; x_wconf 79' lang='lat' dir='ltr'><strong>vel</strong></span> <span class='ocrx_word' id='word_1_288' title='bbox 367 3632 486 3670; x_wconf 87' lang='lat' dir='ltr'><strong>cum</strong></span> <span class='ocrx_word' id='word_1_289' title='bbox 514 3613 850 3683; x_wconf 81' lang='lat' dir='ltr'><strong>multiplicata</strong></span> <span class='ocrx_word' id='word_1_290' title='bbox 879 3610 1030 3678; x_wconf 74' lang='lat' dir='ltr'><strong>fuerit</strong></span> <span class='ocrx_word' id='word_1_291' title='bbox 1058 3607 1222 3680; x_wconf 83' lang='lat' dir='ltr'><strong>gloria</strong></span> <span class='ocrx_word' id='word_1_292' title='bbox 1250 3605 1430 3658; x_wconf 85' lang='lat' dir='ltr'><strong>domus</strong></span> <span class='ocrx_word' id='word_1_293' title='bbox 1455 3604 1566 3673; x_wconf 83' lang='lat' dir='ltr'><strong>ejus</strong></span> <span class='ocrx_word' id='word_1_294' title='bbox 1591 3618 1608 3655; x_wconf 88' lang='lat'><strong>:</strong></span> <span class='ocrx_word' id='word_1_295' title='bbox 1634 3602 1872 3673; x_wconf 83' lang='lat' dir='ltr'><strong>quoniam</strong></span> 
     </span>
    </p>
   </div>
   <div class='ocr_carea' id='block_1_37' title="bbox 265 3691 1873 3768">
    <p class='ocr_par' dir='ltr' id='par_1_37' title="bbox 265 3691 1873 3768">
     <span class='ocr_line' id='line_1_37' title="bbox 265 3691 1873 3768; baseline -0.012 -7"><span class='ocrx_word' id='word_1_296' title='bbox 265 3704 660 3766; x_wconf 67' lang='lat' dir='ltr'><strong>cmintcrierit,</strong></span> <span class='ocrx_word' id='word_1_297' title='bbox 696 3719 796 3756; x_wconf 83' lang='lat' dir='ltr'><strong>non</strong></span> <span class='ocrx_word' id='word_1_298' title='bbox 828 3697 1180 3760; x_wconf 67' lang='lat' dir='ltr'><strong>sumctomrtia</strong></span> <span class='ocrx_word' id='word_1_299' title='bbox 1206 3696 1376 3768; x_wconf 79' lang='lat' dir='ltr'><strong>(Psal.</strong></span> <span class='ocrx_word' id='word_1_300' title='bbox 1407 3695 1494 3748; x_wconf 77' lang='grc'><strong>48.</strong></span> <span class='ocrx_word' id='word_1_301' title='bbox 1524 3694 1604 3747; x_wconf 86' lang='lat' dir='ltr'><strong>l7.</strong></span> <span class='ocrx_word' id='word_1_302' title='bbox 1644 3693 1749 3759; x_wconf 83' lang='lat' dir='ltr'><strong>l8).</strong></span> <span class='ocrx_word' id='word_1_303' title='bbox 1784 3691 1873 3744; x_wconf 77' lang='lat' dir='ltr'><strong>Est</strong></span> 
     </span>
    </p>
   </div>
   <div class='ocr_carea' id='block_1_38' title="bbox 268 3784 1874 3866">
    <p class='ocr_par' dir='ltr' id='par_1_38' title="bbox 268 3784 1874 3866">
     <span class='ocr_line' id='line_1_38' title="bbox 268 3784 1874 3866; baseline -0.012 -15"><span class='ocrx_word' id='word_1_304' title='bbox 268 3805 325 3851; x_wconf 87' lang='lat' dir='ltr'><strong>et</strong></span> <span class='ocrx_word' id='word_1_305' title='bbox 357 3796 500 3851; x_wconf 88' lang='lat' dir='ltr'><strong>alius</strong></span> <span class='ocrx_word' id='word_1_306' title='bbox 542 3808 753 3866; x_wconf 87' lang='lat' dir='ltr'><strong>quoque</strong></span> <span class='ocrx_word' id='word_1_307' title='bbox 792 3792 884 3860; x_wconf 89' lang='lat' dir='ltr'><strong>qui</strong></span> <span class='ocrx_word' id='word_1_308' title='bbox 928 3790 1145 3845; x_wconf 84' lang='lat' dir='ltr'><strong>insidias</strong></span> <span class='ocrx_word' id='word_1_309' title='bbox 1187 3797 1240 3842; x_wconf 89' lang='lat' dir='ltr'><strong>ct</strong></span> <span class='ocrx_word' id='word_1_310' title='bbox 1272 3785 1564 3840; x_wconf 80' lang='lat' dir='ltr'><strong>calumnias</strong></span> <span class='ocrx_word' id='word_1_311' title='bbox 1603 3784 1874 3837; x_wconf 84' lang='lat' dir='ltr'><strong>sustinens</strong></span> 
     </span>
    </p>
   </div>
   <div class='ocr_carea' id='block_1_39' title="bbox 269 3872 1872 3950">
    <p class='ocr_par' dir='ltr' id='par_1_39' title="bbox 269 3872 1872 3950">
     <span class='ocr_line' id='line_1_39' title="bbox 269 3872 1872 3950; baseline -0.012 -8"><span class='ocrx_word' id='word_1_312' title='bbox 269 3887 439 3949; x_wconf 81' lang='lat' dir='ltr'><strong>dolet,</strong></span> <span class='ocrx_word' id='word_1_313' title='bbox 466 3894 523 3940; x_wconf 91' lang='lat' dir='ltr'><strong>et</strong></span> <span class='ocrx_word' id='word_1_314' title='bbox 558 3886 831 3939; x_wconf 78' lang='lat' dir='ltr'><strong>insuavem</strong></span> <span class='ocrx_word' id='word_1_315' title='bbox 864 3890 1010 3950; x_wconf 89' lang='lat' dir='ltr'><strong>putat</strong></span> <span class='ocrx_word' id='word_1_316' title='bbox 1051 3879 1243 3942; x_wconf 87' lang='lat' dir='ltr'><strong>vitam,</strong></span> <span class='ocrx_word' id='word_1_317' title='bbox 1278 3891 1537 3945; x_wconf 79' lang='lat' dir='ltr'><strong>nusquam</strong></span> <span class='ocrx_word' id='word_1_318' title='bbox 1580 3872 1872 3926; x_wconf 87' lang='lat' dir='ltr'><strong>humanum</strong></span> 
     </span>
    </p>
   </div>
   <div class='ocr_carea' id='block_1_40' title="bbox 273 3961 1875 4031">
    <p class='ocr_par' dir='ltr' id='par_1_40' title="bbox 273 3961 1875 4031">
     <span class='ocr_line' id='line_1_40' title="bbox 273 3961 1875 4031; baseline -0.009 -2"><span class='ocrx_word' id='word_1_319' title='bbox 273 3975 517 4031; x_wconf 86' lang='lat' dir='ltr'><strong>invenire</strong></span> <span class='ocrx_word' id='word_1_320' title='bbox 560 3974 745 4028; x_wconf 87' lang='lat' dir='ltr'><strong>valens</strong></span> <span class='ocrx_word' id='word_1_321' title='bbox 782 3972 1061 4027; x_wconf 75' lang='lat' dir='ltr'><strong>auxilium.</strong></span> <span class='ocrx_word' id='word_1_322' title='bbox 1092 3969 1324 4023; x_wconf 87' lang='lat' dir='ltr'><strong>Docetur</strong></span> <span class='ocrx_word' id='word_1_323' title='bbox 1359 3977 1414 4022; x_wconf 91' lang='lat' dir='ltr'><strong>et</strong></span> <span class='ocrx_word' id='word_1_324' title='bbox 1443 3966 1529 4019; x_wconf 88' lang='lat' dir='ltr'><strong>hic</strong></span> <span class='ocrx_word' id='word_1_325' title='bbox 1569 3965 1636 4017; x_wconf 89' lang='lat' dir='ltr'><strong>ab</strong></span> <span class='ocrx_word' id='word_1_326' title='bbox 1682 3961 1875 4016; x_wconf 88' lang='lat' dir='ltr'><strong>eodem</strong></span> 
     </span>
    </p>
   </div>
   <div class='ocr_carea' id='block_1_41' title="bbox 273 4057 1875 4139">
    <p class='ocr_par' dir='ltr' id='par_1_41' title="bbox 273 4057 1875 4139">
     <span class='ocr_line' id='line_1_41' title="bbox 273 4057 1875 4139; baseline -0.011 -15"><span class='ocrx_word' id='word_1_327' title='bbox 273 4070 433 4125; x_wconf 81' lang='lat' dir='ltr'><strong>beato</strong></span> <span class='ocrx_word' id='word_1_328' title='bbox 462 4066 719 4139; x_wconf 84' lang='lat' dir='ltr'><strong>propheta</strong></span> <span class='ocrx_word' id='word_1_329' title='bbox 751 4065 806 4119; x_wconf 91' lang='lat' dir='ltr'><strong>in</strong></span> <span class='ocrx_word' id='word_1_330' title='bbox 838 4064 1033 4118; x_wconf 82' lang='lat' dir='ltr'><strong>talibus</strong></span> <span class='ocrx_word' id='word_1_331' title='bbox 1058 4060 1317 4131; x_wconf 89' lang='lat' dir='ltr'><strong>angustiis</strong></span> <span class='ocrx_word' id='word_1_332' title='bbox 1350 4074 1454 4112; x_wconf 91' lang='lat' dir='ltr'><strong>non</strong></span> <span class='ocrx_word' id='word_1_333' title='bbox 1490 4057 1556 4110; x_wconf 89' lang='lat' dir='ltr'><strong>ad</strong></span> <span class='ocrx_word' id='word_1_334' title='bbox 1584 4058 1875 4109; x_wconf 86' lang='lat' dir='ltr'><strong>humanum</strong></span> 
     </span>
    </p>
   </div>
   <div class='ocr_carea' id='block_1_42' title="bbox 273 4145 1876 4231">
    <p class='ocr_par' dir='ltr' id='par_1_42' title="bbox 273 4145 1876 4231">
     <span class='ocr_line' id='line_1_42' title="bbox 273 4145 1876 4231; baseline -0.011 -17"><span class='ocrx_word' id='word_1_335' title='bbox 273 4159 585 4231; x_wconf 63' lang='lat' dir='ltr'><strong>prasidium</strong></span> <span class='ocrx_word' id='word_1_336' title='bbox 623 4154 1073 4227; x_wconf 78' lang='lat' dir='ltr'><strong>confugiendum:</strong></span> <span class='ocrx_word' id='word_1_337' title='bbox 1123 4152 1274 4209; x_wconf 84' lang='lat' dir='ltr'><strong>audit</strong></span> <span class='ocrx_word' id='word_1_338' title='bbox 1309 4149 1452 4205; x_wconf 88' lang='lat' dir='ltr'><strong>enim</strong></span> <span class='ocrx_word' id='word_1_339' title='bbox 1484 4149 1655 4217; x_wconf 89' lang='lat' dir='ltr'><strong>ipsum</strong></span> <span class='ocrx_word' id='word_1_340' title='bbox 1692 4145 1876 4200; x_wconf 89' lang='lat' dir='ltr'><strong>dicen-</strong></span> 
     </span>
    </p>
   </div>
   <div class='ocr_carea' id='block_1_43' title="bbox 274 4231 1874 4319">
    <p class='ocr_par' dir='ltr' id='par_1_43' title="bbox 274 4231 1874 4319">
     <span class='ocr_line' id='line_1_43' title="bbox 274 4231 1874 4319; baseline -0.012 -15"><span class='ocrx_word' id='word_1_341' title='bbox 274 4262 387 4306; x_wconf 85' lang='lat' dir='ltr'><strong>tem</strong></span> <span class='ocrx_word' id='word_1_342' title='bbox 412 4267 427 4305; x_wconf 90' lang='lat'><strong>:</strong></span> <span class='ocrx_word' id='word_1_343' title='bbox 459 4247 573 4319; x_wconf 76' lang='lat' dir='ltr'><strong>Ipsi</strong></span> <span class='ocrx_word' id='word_1_344' title='bbox 601 4247 926 4301; x_wconf 76' lang='lat' dir='ltr'><strong>detrahebant</strong></span> <span class='ocrx_word' id='word_1_345' title='bbox 950 4243 1075 4297; x_wconf 84' lang='lat' dir='ltr'><strong>mihi</strong></span> <span class='ocrx_word' id='word_1_346' title='bbox 1095 4283 1110 4309; x_wconf 94' lang='lat'><strong>,</strong></span> <span class='ocrx_word' id='word_1_347' title='bbox 1140 4257 1232 4313; x_wconf 85' lang='lat' dir='ltr'><strong>ego</strong></span> <span class='ocrx_word' id='word_1_348' title='bbox 1258 4249 1427 4294; x_wconf 87' lang='lat' dir='ltr'><strong>autem</strong></span> <span class='ocrx_word' id='word_1_349' title='bbox 1455 4238 1663 4292; x_wconf 86' lang='lat' dir='ltr'><strong>orabam</strong></span> <span class='ocrx_word' id='word_1_350' title='bbox 1700 4231 1874 4305; x_wconf 83' lang='lat' dir='ltr'><strong>(Psal.</strong></span> 
     </span>
    </p>
   </div>
   <div class='ocr_carea' id='block_1_44' title="bbox 273 4339 511 4409">
    <p class='ocr_par' dir='ltr' id='par_1_44' title="bbox 273 4339 511 4409">
     <span class='ocr_line' id='line_1_44' title="bbox 273 4339 511 4409; baseline -0.025 -11"><span class='ocrx_word' id='word_1_351' title='bbox 273 4340 400 4398; x_wconf 85' lang='lat' dir='ltr'><strong>tos.</strong></span> <span class='ocrx_word' id='word_1_352' title='bbox 433 4339 511 4409; x_wconf 79' lang='grc'><strong>4).</strong></span> 
     </span>
    </p>
   </div>
   <div class='ocr_carea' id='block_1_45' title="bbox 347 4416 1876 4495">
    <p class='ocr_par' dir='ltr' id='par_1_45' title="bbox 347 4416 1876 4495">
     <span class='ocr_line' id='line_1_45' title="bbox 347 4416 1876 4495; baseline -0.01 -9"><span class='ocrx_word' id='word_1_353' title='bbox 347 4430 539 4487; x_wconf 69' lang='lat' dir='ltr'><strong>Preces</strong></span> <span class='ocrx_word' id='word_1_354' title='bbox 585 4429 756 4484; x_wconf 84' lang='lat' dir='ltr'><strong>omnia</strong></span> <span class='ocrx_word' id='word_1_355' title='bbox 811 4427 941 4483; x_wconf 83' lang='lat' dir='ltr'><strong>levia</strong></span> <span class='ocrx_word' id='word_1_356' title='bbox 994 4434 1041 4480; x_wconf 90' lang='lat' dir='ltr'><strong><em>et</em></strong></span> <span class='ocrx_word' id='word_1_357' title='bbox 1094 4424 1269 4495; x_wconf 76' lang='lat' dir='ltr'><strong>facilia</strong></span> <span class='ocrx_word' id='word_1_358' title='bbox 1318 4421 1559 4477; x_wconf 84' lang='lat' dir='ltr'><strong>reddunt.</strong></span> <span class='ocrx_word' id='word_1_359' title='bbox 1594 4416 1876 4472; x_wconf 82' lang='lat' dir='ltr'><strong>-—-Vidisti</strong></span> 
     </span>
    </p>
   </div>
   <div class='ocr_carea' id='block_1_46' title="bbox 273 4513 1879 4593">
    <p class='ocr_par' dir='ltr' id='par_1_46' title="bbox 273 4513 1879 4593">
     <span class='ocr_line' id='line_1_46' title="bbox 273 4513 1879 4593; baseline -0.011 -13"><span class='ocrx_word' id='word_1_360' title='bbox 273 4523 424 4581; x_wconf 78' lang='lat' dir='ltr'><strong>Inde</strong></span> <span class='ocrx_word' id='word_1_361' title='bbox 445 4530 651 4593; x_wconf 67' lang='lat' dir='ltr'><strong>quant</strong></span> <span class='ocrx_word' id='word_1_362' title='bbox 684 4520 983 4577; x_wconf 80' lang='lat' dir='ltr'><strong>auxilium?</strong></span> <span class='ocrx_word' id='word_1_363' title='bbox 1011 4518 1115 4573; x_wconf 85' lang='lat' dir='ltr'><strong>Alii</strong></span> <span class='ocrx_word' id='word_1_364' title='bbox 1141 4558 1157 4584; x_wconf 98' lang='lat'><strong>,</strong></span> <span class='ocrx_word' id='word_1_365' title='bbox 1187 4516 1395 4587; x_wconf 89' lang='lat' dir='ltr'><strong>inquit,</strong></span> <span class='ocrx_word' id='word_1_366' title='bbox 1423 4513 1579 4568; x_wconf 87' lang='lat' dir='ltr'><strong>dolos</strong></span> <span class='ocrx_word' id='word_1_367' title='bbox 1612 4517 1879 4567; x_wconf 88' lang='lat' dir='ltr'><strong>consuunt</strong></span> 
     </span>
    </p>
   </div>
   <div class='ocr_carea' id='block_1_47' title="bbox 274 4603 1879 4682">
    <p class='ocr_par' dir='ltr' id='par_1_47' title="bbox 274 4603 1879 4682">
     <span class='ocr_line' id='line_1_47' title="bbox 274 4603 1879 4682; baseline -0.012 -9"><span class='ocrx_word' id='word_1_368' title='bbox 274 4625 333 4672; x_wconf 84' lang='lat' dir='ltr'><strong>et</strong></span> <span class='ocrx_word' id='word_1_369' title='bbox 355 4614 655 4671; x_wconf 84' lang='lat' dir='ltr'><strong>calumnias</strong></span> <span class='ocrx_word' id='word_1_370' title='bbox 685 4613 1047 4682; x_wconf 82' lang='lat' dir='ltr'><strong>insidiasque:</strong></span> <span class='ocrx_word' id='word_1_371' title='bbox 1088 4624 1188 4681; x_wconf 87' lang='lat' dir='ltr'><strong>ego</strong></span> <span class='ocrx_word' id='word_1_372' title='bbox 1229 4615 1409 4662; x_wconf 88' lang='lat' dir='ltr'><strong>autem</strong></span> <span class='ocrx_word' id='word_1_373' title='bbox 1441 4604 1507 4658; x_wconf 83' lang='lat' dir='ltr'><strong>ad</strong></span> <span class='ocrx_word' id='word_1_374' title='bbox 1546 4603 1879 4673; x_wconf 84' lang='lat' dir='ltr'><strong>inexpugna-</strong></span> 
     </span>
    </p>
   </div>
   <div class='ocr_carea' id='block_1_48' title="bbox 276 4692 1880 4772">
    <p class='ocr_par' dir='ltr' id='par_1_48' title="bbox 276 4692 1880 4772">
     <span class='ocr_line' id='line_1_48' title="bbox 276 4692 1880 4772; baseline -0.011 -10"><span class='ocrx_word' id='word_1_375' title='bbox 276 4706 444 4762; x_wconf 80' lang='lat' dir='ltr'><strong>bilem</strong></span> <span class='ocrx_word' id='word_1_376' title='bbox 472 4719 683 4759; x_wconf 87' lang='lat' dir='ltr'><strong>murum</strong></span> <span class='ocrx_word' id='word_1_377' title='bbox 711 4702 993 4772; x_wconf 89' lang='lat' dir='ltr'><strong>confugio,</strong></span> <span class='ocrx_word' id='word_1_378' title='bbox 1024 4700 1091 4755; x_wconf 89' lang='lat' dir='ltr'><strong>ad</strong></span> <span class='ocrx_word' id='word_1_379' title='bbox 1120 4709 1286 4754; x_wconf 90' lang='lat' dir='ltr'><strong>tutam</strong></span> <span class='ocrx_word' id='word_1_380' title='bbox 1315 4696 1627 4759; x_wconf 86' lang='lat' dir='ltr'><strong>anchoram,</strong></span> <span class='ocrx_word' id='word_1_381' title='bbox 1655 4692 1723 4748; x_wconf 88' lang='lat' dir='ltr'><strong>ad</strong></span> <span class='ocrx_word' id='word_1_382' title='bbox 1757 4705 1880 4761; x_wconf 92' lang='lat' dir='ltr'><strong>por-</strong></span> 
     </span>
    </p>
   </div>
   <div class='ocr_carea' id='block_1_49' title="bbox 278 4790 1881 4864">
    <p class='ocr_par' dir='ltr' id='par_1_49' title="bbox 278 4790 1881 4864">
     <span class='ocr_line' id='line_1_49' title="bbox 278 4790 1881 4864; baseline -0.009 -12"><span class='ocrx_word' id='word_1_383' title='bbox 278 4806 393 4852; x_wconf 76' lang='lat' dir='ltr'><strong>tum</strong></span> <span class='ocrx_word' id='word_1_384' title='bbox 423 4794 680 4850; x_wconf 81' lang='lat' dir='ltr'><strong>fluctuum</strong></span> <span class='ocrx_word' id='word_1_385' title='bbox 701 4804 1000 4864; x_wconf 78' lang='lat' dir='ltr'><strong>expertem,</strong></span> <span class='ocrx_word' id='word_1_386' title='bbox 1029 4791 1095 4845; x_wconf 90' lang='lat' dir='ltr'><strong>ad</strong></span> <span class='ocrx_word' id='word_1_387' title='bbox 1129 4806 1334 4860; x_wconf 82' lang='lat' dir='ltr'><strong>preces,</strong></span> <span class='ocrx_word' id='word_1_388' title='bbox 1366 4790 1601 4858; x_wconf 89' lang='lat' dir='ltr'><strong>inquam,</strong></span> <span class='ocrx_word' id='word_1_389' title='bbox 1629 4799 1727 4855; x_wconf 84' lang='lat' dir='ltr'><strong>per</strong></span> <span class='ocrx_word' id='word_1_390' title='bbox 1748 4795 1881 4853; x_wconf 86' lang='lat' dir='ltr'><strong>quas</strong></span> 
     </span>
    </p>
   </div>
   <div class='ocr_carea' id='block_1_50' title="bbox 278 4874 1881 4941">
    <p class='ocr_par' dir='ltr' id='par_1_50' title="bbox 278 4874 1881 4941">
     <span class='ocr_line' id='line_1_50' title="bbox 278 4874 1881 4941; baseline -0.011 1"><span class='ocrx_word' id='word_1_391' title='bbox 278 4886 461 4941; x_wconf 83' lang='lat' dir='ltr'><strong>omnia</strong></span> <span class='ocrx_word' id='word_1_392' title='bbox 481 4882 717 4939; x_wconf 76' lang='lat' dir='ltr'><strong>difficilia</strong></span> <span class='ocrx_word' id='word_1_393' title='bbox 738 4883 949 4939; x_wconf 84' lang='lat' dir='ltr'><strong>leviaet</strong></span> <span class='ocrx_word' id='word_1_394' title='bbox 966 4881 1135 4935; x_wconf 80' lang='lat' dir='ltr'><strong>facilia</strong></span> <span class='ocrx_word' id='word_1_395' title='bbox 1158 4880 1287 4934; x_wconf 89' lang='lat' dir='ltr'><strong>mibi</strong></span> <span class='ocrx_word' id='word_1_396' title='bbox 1320 4879 1468 4931; x_wconf 83' lang='lat' dir='ltr'><strong>fiunt.</strong></span> <span class='ocrx_word' id='word_1_397' title='bbox 1496 4876 1717 4940; x_wconf 91' lang='lat' dir='ltr'><strong>Insuper</strong></span> <span class='ocrx_word' id='word_1_398' title='bbox 1744 4874 1881 4926; x_wconf 87' lang='lat' dir='ltr'><strong>alius</strong></span> 
     </span>
    </p>
   </div>
   <div class='ocr_carea' id='block_1_51' title="bbox 277 4961 1884 5047">
    <p class='ocr_par' dir='ltr' id='par_1_51' title="bbox 277 4961 1884 5047">
     <span class='ocr_line' id='line_1_51' title="bbox 277 4961 1884 5047; baseline -0.012 -14"><span class='ocrx_word' id='word_1_399' title='bbox 277 4977 350 5033; x_wconf 84' lang='lat' dir='ltr'><strong>ab</strong></span> <span class='ocrx_word' id='word_1_400' title='bbox 362 4977 429 5031; x_wconf 89' lang='lat' dir='ltr'><strong>iis</strong></span> <span class='ocrx_word' id='word_1_401' title='bbox 440 4977 527 5047; x_wconf 90' lang='lat' dir='ltr'><strong>qui</strong></span> <span class='ocrx_word' id='word_1_402' title='bbox 547 4975 691 5046; x_wconf 91' lang='lat' dir='ltr'><strong>prius</strong></span> <span class='ocrx_word' id='word_1_403' title='bbox 708 4974 805 5044; x_wconf 91' lang='lat' dir='ltr'><strong>ipsi</strong></span> <span class='ocrx_word' id='word_1_404' title='bbox 821 4971 1212 5035; x_wconf 85' lang='lat' dir='ltr'><strong>ministrabant,</strong></span> <span class='ocrx_word' id='word_1_405' title='bbox 1228 4968 1517 5036; x_wconf 83' lang='lat' dir='ltr'><strong>despicitur</strong></span> <span class='ocrx_word' id='word_1_406' title='bbox 1529 4976 1579 5020; x_wconf 87' lang='lat' dir='ltr'><strong>et</strong></span> <span class='ocrx_word' id='word_1_407' title='bbox 1592 4961 1884 5019; x_wconf 83' lang='lat' dir='ltr'><strong>contemni-</strong></span> 
     </span>
    </p>
   </div>
   <div class='ocr_carea' id='block_1_52' title="bbox 283 5057 1883 5138">
    <p class='ocr_par' dir='ltr' id='par_1_52' title="bbox 283 5057 1883 5138">
     <span class='ocr_line' id='line_1_52' title="bbox 283 5057 1883 5138; baseline -0.006 -16"><span class='ocrx_word' id='word_1_408' title='bbox 283 5077 389 5132; x_wconf 90' lang='lat' dir='ltr'><strong>tur,</strong></span> <span class='ocrx_word' id='word_1_409' title='bbox 418 5080 580 5138; x_wconf 90' lang='lat' dir='ltr'><strong>atque</strong></span> <span class='ocrx_word' id='word_1_410' title='bbox 601 5066 668 5119; x_wconf 88' lang='lat' dir='ltr'><strong>ab</strong></span> <span class='ocrx_word' id='word_1_411' title='bbox 687 5065 870 5119; x_wconf 88' lang='lat' dir='ltr'><strong>amicis</strong></span> <span class='ocrx_word' id='word_1_412' title='bbox 894 5063 1233 5132; x_wconf 84' lang='lat' dir='ltr'><strong>relinquitur,</strong></span> <span class='ocrx_word' id='word_1_413' title='bbox 1265 5069 1318 5115; x_wconf 90' lang='lat' dir='ltr'><strong>et</strong></span> <span class='ocrx_word' id='word_1_414' title='bbox 1338 5059 1440 5113; x_wconf 88' lang='lat' dir='ltr'><strong>hoc</strong></span> <span class='ocrx_word' id='word_1_415' title='bbox 1460 5068 1540 5113; x_wconf 88' lang='lat' dir='ltr'><strong>est</strong></span> <span class='ocrx_word' id='word_1_416' title='bbox 1570 5057 1712 5128; x_wconf 88' lang='lat' dir='ltr'><strong>quod</strong></span> <span class='ocrx_word' id='word_1_417' title='bbox 1736 5074 1883 5112; x_wconf 88' lang='lat' dir='ltr'><strong>men-</strong></span> 
     </span>
    </p>
   </div>
   <div class='ocr_carea' id='block_1_53' title="bbox 283 5151 1882 5226">
    <p class='ocr_par' dir='ltr' id='par_1_53' title="bbox 283 5151 1882 5226">
     <span class='ocr_line' id='line_1_53' title="bbox 283 5151 1882 5226; baseline -0.003 -13"><span class='ocrx_word' id='word_1_418' title='bbox 283 5167 393 5213; x_wconf 85' lang='lat' dir='ltr'><strong>tem</strong></span> <span class='ocrx_word' id='word_1_419' title='bbox 420 5157 536 5226; x_wconf 86' lang='lat' dir='ltr'><strong>ejus</strong></span> <span class='ocrx_word' id='word_1_420' title='bbox 567 5158 797 5211; x_wconf 79' lang='lat' dir='ltr'><strong>maxime</strong></span> <span class='ocrx_word' id='word_1_421' title='bbox 820 5155 1103 5209; x_wconf 89' lang='lat' dir='ltr'><strong>conturbat</strong></span> <span class='ocrx_word' id='word_1_422' title='bbox 1126 5162 1180 5209; x_wconf 90' lang='lat' dir='ltr'><strong>et</strong></span> <span class='ocrx_word' id='word_1_423' title='bbox 1200 5151 1498 5208; x_wconf 86' lang='lat' dir='ltr'><strong>confundit.</strong></span> <span class='ocrx_word' id='word_1_424' title='bbox 1524 5152 1630 5207; x_wconf 85' lang='lat' dir='ltr'><strong>Sed</strong></span> <span class='ocrx_word' id='word_1_425' title='bbox 1652 5162 1705 5207; x_wconf 90' lang='lat' dir='ltr'><strong>et</strong></span> <span class='ocrx_word' id='word_1_426' title='bbox 1728 5152 1813 5207; x_wconf 90' lang='lat' dir='ltr'><strong>hic</strong></span> <span class='ocrx_word' id='word_1_427' title='bbox 1836 5151 1882 5208; x_wconf 89' lang='lat' dir='ltr'><strong>si</strong></span> 
     </span>
    </p>
   </div>
   <div class='ocr_carea' id='block_1_54' title="bbox 286 5245 1881 5314">
    <p class='ocr_par' dir='ltr' id='par_1_54' title="bbox 286 5245 1881 5314">
     <span class='ocr_line' id='line_1_54' title="bbox 286 5245 1881 5314; baseline -0.003 -10"><span class='ocrx_word' id='word_1_428' title='bbox 286 5250 538 5314; x_wconf 90' lang='lat' dir='ltr'><strong>voluerit,</strong></span> <span class='ocrx_word' id='word_1_429' title='bbox 561 5249 665 5303; x_wconf 91' lang='lat' dir='ltr'><strong>huc</strong></span> <span class='ocrx_word' id='word_1_430' title='bbox 684 5247 949 5304; x_wconf 89' lang='lat' dir='ltr'><strong>accedens</strong></span> <span class='ocrx_word' id='word_1_431' title='bbox 964 5246 1145 5302; x_wconf 84' lang='lat' dir='ltr'><strong>audiet</strong></span> <span class='ocrx_word' id='word_1_432' title='bbox 1170 5248 1383 5301; x_wconf 88' lang='lat' dir='ltr'><strong>beatum</strong></span> <span class='ocrx_word' id='word_1_433' title='bbox 1409 5245 1556 5299; x_wconf 92' lang='lat' dir='ltr'><strong>illum</strong></span> <span class='ocrx_word' id='word_1_434' title='bbox 1579 5246 1881 5301; x_wconf 85' lang='lat' dir='ltr'><strong>dicentem:</strong></span> 
     </span>
    </p>
   </div>
   <div class='ocr_carea' id='block_1_55' title="bbox 287 5334 1884 5415">
    <p class='ocr_par' dir='ltr' id='par_1_55' title="bbox 287 5334 1884 5415">
     <span class='ocr_line' id='line_1_55' title="bbox 287 5334 1884 5415; baseline -0.003 -22"><span class='ocrx_word' id='word_1_435' title='bbox 287 5339 451 5393; x_wconf 76' lang='lat' dir='ltr'><strong>Amici</strong></span> <span class='ocrx_word' id='word_1_436' title='bbox 479 5341 577 5392; x_wconf 84' lang='lat' dir='ltr'><strong>mei</strong></span> <span class='ocrx_word' id='word_1_437' title='bbox 606 5348 651 5392; x_wconf 92' lang='lat' dir='ltr'><strong>et</strong></span> <span class='ocrx_word' id='word_1_438' title='bbox 681 5337 896 5415; x_wconf 76' lang='lat' dir='ltr'><strong>proximi</strong></span> <span class='ocrx_word' id='word_1_439' title='bbox 920 5337 1017 5390; x_wconf 86' lang='lat' dir='ltr'><strong>mei</strong></span> <span class='ocrx_word' id='word_1_440' title='bbox 1047 5334 1312 5391; x_wconf 79' lang='lat' dir='ltr'><strong>adversum</strong></span> <span class='ocrx_word' id='word_1_441' title='bbox 1341 5351 1418 5389; x_wconf 87' lang='lat' dir='ltr'><strong>me</strong></span> <span class='ocrx_word' id='word_1_442' title='bbox 1443 5337 1884 5405; x_wconf 68' lang='lat' dir='ltr'><strong>appropinquan-</strong></span> 
     </span>
    </p>
   </div>
   <div class='ocr_carea' id='block_1_56' title="bbox 286 5427 1882 5497">
    <p class='ocr_par' dir='ltr' id='par_1_56' title="bbox 286 5427 1882 5497">
     <span class='ocr_line' id='line_1_56' title="bbox 286 5427 1882 5497; baseline -0.006 -9"><span class='ocrx_word' id='word_1_443' title='bbox 286 5443 408 5488; x_wconf 62' lang='grc' dir='ltr'><strong>τινα</strong></span> <span class='ocrx_word' id='word_1_444' title='bbox 431 5441 477 5487; x_wconf 80' lang='lat' dir='ltr'><strong>et</strong></span> <span class='ocrx_word' id='word_1_445' title='bbox 499 5438 757 5485; x_wconf 85' lang='lat' dir='ltr'><strong>steterunt.</strong></span> <span class='ocrx_word' id='word_1_446' title='bbox 790 5428 860 5483; x_wconf 83' lang='lat' dir='ltr'><strong><em>Et</em></strong></span> <span class='ocrx_word' id='word_1_447' title='bbox 899 5430 987 5497; x_wconf 86' lang='lat' dir='ltr'><strong>qui</strong></span> <span class='ocrx_word' id='word_1_448' title='bbox 1024 5429 1168 5495; x_wconf 74' lang='lat' dir='ltr'><strong>iuxta</strong></span> <span class='ocrx_word' id='word_1_449' title='bbox 1203 5444 1279 5481; x_wconf 87' lang='lat' dir='ltr'><strong>me</strong></span> <span class='ocrx_word' id='word_1_450' title='bbox 1305 5437 1446 5481; x_wconf 88' lang='lat' dir='ltr'><strong>erant</strong></span> <span class='ocrx_word' id='word_1_451' title='bbox 1485 5444 1516 5479; x_wconf 83' lang='grc' dir='ltr'><em>α</em></span> <span class='ocrx_word' id='word_1_452' title='bbox 1546 5427 1693 5496; x_wconf 87' lang='lat' dir='ltr'><strong>longe</strong></span> <span class='ocrx_word' id='word_1_453' title='bbox 1734 5436 1882 5480; x_wconf 80' lang='lat' dir='ltr'><strong>stete-</strong></span> 
     </span>
    </p>
   </div>
   <div class='ocr_carea' id='block_1_57' title="bbox 286 5519 1887 5591">
    <p class='ocr_par' dir='ltr' id='par_1_57' title="bbox 286 5519 1887 5591">
     <span class='ocr_line' id='line_1_57' title="bbox 286 5519 1887 5591; baseline -0.005 -14"><span class='ocrx_word' id='word_1_454' title='bbox 286 5532 429 5589; x_wconf 79' lang='lat' dir='ltr'><strong>runt,</strong></span> <span class='ocrx_word' id='word_1_455' title='bbox 461 5531 509 5575; x_wconf 87' lang='lat' dir='ltr'><strong><em>et</em></strong></span> <span class='ocrx_word' id='word_1_456' title='bbox 534 5522 634 5573; x_wconf 86' lang='lat' dir='ltr'><strong>vim</strong></span> <span class='ocrx_word' id='word_1_457' title='bbox 658 5522 907 5591; x_wconf 73' lang='lat' dir='ltr'><strong>faciebant</strong></span> <span class='ocrx_word' id='word_1_458' title='bbox 937 5520 1022 5585; x_wconf 81' lang='lat' dir='ltr'><strong>qui</strong></span> <span class='ocrx_word' id='word_1_459' title='bbox 1046 5521 1332 5589; x_wconf 76' lang='lat' dir='ltr'><strong>quterebant</strong></span> <span class='ocrx_word' id='word_1_460' title='bbox 1358 5519 1579 5575; x_wconf 84' lang='lat' dir='ltr'><strong>animam</strong></span> <span class='ocrx_word' id='word_1_461' title='bbox 1613 5533 1809 5571; x_wconf 79' lang='lat' dir='ltr'><strong>meam:</strong></span> <span class='ocrx_word' id='word_1_462' title='bbox 1838 5525 1887 5569; x_wconf 78' lang='lat' dir='ltr'><strong>et</strong></span> 
     </span>
    </p>
   </div>
   <div class='ocr_carea' id='block_1_58' title="bbox 288 5605 1886 5682">
    <p class='ocr_par' dir='ltr' id='par_1_58' title="bbox 288 5605 1886 5682">
     <span class='ocr_line' id='line_1_58' title="bbox 288 5605 1886 5682; baseline -0.004 -17"><span class='ocrx_word' id='word_1_463' title='bbox 288 5614 375 5682; x_wconf 74' lang='lat' dir='ltr'><strong>qui</strong></span> <span class='ocrx_word' id='word_1_464' title='bbox 400 5613 687 5681; x_wconf 68' lang='lat' dir='ltr'><strong>quaerebant</strong></span> <span class='ocrx_word' id='word_1_465' title='bbox 716 5614 849 5663; x_wconf 84' lang='lat' dir='ltr'><strong>mata</strong></span> <span class='ocrx_word' id='word_1_466' title='bbox 878 5610 999 5662; x_wconf 78' lang='lat' dir='ltr'><strong>milii</strong></span> <span class='ocrx_word' id='word_1_467' title='bbox 1018 5652 1033 5673; x_wconf 88' lang='lat'><strong>,</strong></span> <span class='ocrx_word' id='word_1_468' title='bbox 1061 5610 1254 5678; x_wconf 80' lang='lat' dir='ltr'><strong>toquuti</strong></span> <span class='ocrx_word' id='word_1_469' title='bbox 1273 5619 1389 5661; x_wconf 84' lang='lat' dir='ltr'><strong>sunt</strong></span> <span class='ocrx_word' id='word_1_470' title='bbox 1414 5608 1653 5659; x_wconf 82' lang='lat' dir='ltr'><strong>vanitates</strong></span> <span class='ocrx_word' id='word_1_471' title='bbox 1674 5649 1686 5669; x_wconf 87' lang='lat'><strong>,</strong></span> <span class='ocrx_word' id='word_1_472' title='bbox 1715 5615 1758 5659; x_wconf 84' lang='lat' dir='ltr'><strong>et</strong></span> <span class='ocrx_word' id='word_1_473' title='bbox 1789 5605 1886 5658; x_wconf 83' lang='lat' dir='ltr'><strong>do-</strong></span> 
     </span>
    </p>
   </div>
   <div class='ocr_carea' id='block_1_59' title="bbox 293 5694 1884 5765">
    <p class='ocr_par' dir='ltr' id='par_1_59' title="bbox 293 5694 1884 5765">
     <span class='ocr_line' id='line_1_59' title="bbox 293 5694 1884 5765; baseline -0.004 -10"><span class='ocrx_word' id='word_1_474' title='bbox 293 5704 369 5756; x_wconf 81' lang='lat' dir='ltr'><strong>los</strong></span> <span class='ocrx_word' id='word_1_475' title='bbox 410 5710 515 5753; x_wconf 81' lang='lat' dir='ltr'><strong>tota</strong></span> <span class='ocrx_word' id='word_1_476' title='bbox 558 5700 641 5754; x_wconf 83' lang='lat' dir='ltr'><strong>die</strong></span> <span class='ocrx_word' id='word_1_477' title='bbox 681 5700 1051 5753; x_wconf 84' lang='lat' dir='ltr'><strong>meditabantur</strong></span> <span class='ocrx_word' id='word_1_478' title='bbox 1108 5696 1280 5765; x_wconf 71' lang='lat' dir='ltr'><strong>(Pani.</strong></span> <span class='ocrx_word' id='word_1_479' title='bbox 1309 5699 1396 5754; x_wconf 82' lang='grc'><strong>57.</strong></span> <span class='ocrx_word' id='word_1_480' title='bbox 1432 5697 1516 5750; x_wconf 74' lang='lat'><strong>1‘2.</strong></span> <span class='ocrx_word' id='word_1_481' title='bbox 1549 5697 1659 5765; x_wconf 73' lang='lat'><strong>15).</strong></span> <span class='ocrx_word' id='word_1_482' title='bbox 1697 5694 1884 5749; x_wconf 70' lang='lat' dir='ltr'><strong>Vidisti</strong></span> 
     </span>
    </p>
   </div>
   <div class='ocr_carea' id='block_1_60' title="bbox 296 5792 1883 5865">
    <p class='ocr_par' dir='ltr' id='par_1_60' title="bbox 296 5792 1883 5865">
     <span class='ocr_line' id='line_1_60' title="bbox 296 5792 1883 5865; baseline -0.008 -13"><span class='ocrx_word' id='word_1_483' title='bbox 296 5805 566 5852; x_wconf 69' lang='lat' dir='ltr'><strong>struentes</strong></span> <span class='ocrx_word' id='word_1_484' title='bbox 594 5792 813 5849; x_wconf 71' lang='lat' dir='ltr'><strong>insidias</strong></span> <span class='ocrx_word' id='word_1_485' title='bbox 842 5810 1006 5865; x_wconf 87' lang='lat' dir='ltr'><strong>usque</strong></span> <span class='ocrx_word' id='word_1_486' title='bbox 1039 5793 1103 5847; x_wconf 87' lang='lat' dir='ltr'><strong>ad</strong></span> <span class='ocrx_word' id='word_1_487' title='bbox 1132 5802 1355 5849; x_wconf 88' lang='lat' dir='ltr'><strong>mortem</strong></span> <span class='ocrx_word' id='word_1_488' title='bbox 1390 5795 1557 5862; x_wconf 74' lang='lat' dir='ltr'><strong>ipsum</strong></span> <span class='ocrx_word' id='word_1_489' title='bbox 1582 5834 1591 5857; x_wconf 86' lang='lat'><strong>,</strong></span> <span class='ocrx_word' id='word_1_490' title='bbox 1624 5802 1674 5844; x_wconf 80' lang='lat' dir='ltr'><strong>et</strong></span> <span class='ocrx_word' id='word_1_491' title='bbox 1700 5805 1883 5859; x_wconf 79' lang='lat' dir='ltr'><strong>perpe-</strong></span> 
     </span>
    </p>
   </div>
   <div class='ocr_carea' id='block_1_61' title="bbox 1345 369 2522 445">
    <p class='ocr_par' dir='ltr' id='par_1_61' title="bbox 1345 369 2522 445">
     <span class='ocr_line' id='line_1_61' title="bbox 1345 369 2522 445; baseline -0.011 -1"><span class='ocrx_word' id='word_1_492' title='bbox 1345 386 1407 444; x_wconf 78' lang='grc' dir='ltr'><strong>ΙΝ</strong></span> <span class='ocrx_word' id='word_1_493' title='bbox 1435 383 1586 443; x_wconf 73' lang='lat' dir='ltr'><strong>CAP.</strong></span> <span class='ocrx_word' id='word_1_494' title='bbox 1632 376 1726 436; x_wconf 76' lang='grc' dir='ltr'><strong>ιι.</strong></span> <span class='ocrx_word' id='word_1_495' title='bbox 1764 370 2009 431; x_wconf 76' lang='lat' dir='ltr'><strong>GENES.</strong></span> <span class='ocrx_word' id='word_1_496' title='bbox 2051 369 2285 445; x_wconf 66' lang='lat' dir='ltr'><strong>llOlllL.</strong></span> <span class='ocrx_word' id='word_1_497' title='bbox 2328 370 2522 431; x_wconf 69' lang='lat' dir='ltr'><strong>XXIX.</strong></span> 
     </span>
    </p>
   </div>
   <div class='ocr_carea' id='block_1_62' title="bbox 3460 372 3567 429">
    <p class='ocr_par' dir='ltr' id='par_1_62' title="bbox 3460 372 3567 429">
     <span class='ocr_line' id='line_1_62' title="bbox 3460 372 3567 429; baseline 0 0"><span class='ocrx_word' id='word_1_498' title='bbox 3460 372 3567 429; x_wconf 69' lang='lat'><strong>26!</strong></span> 
     </span>
    </p>
   </div>
   <div class='ocr_carea' id='block_1_63' title="bbox 1973 488 3568 563">
    <p class='ocr_par' dir='ltr' id='par_1_63' title="bbox 1973 488 3568 563">
     <span class='ocr_line' id='line_1_63' title="bbox 1973 488 3568 563; baseline 0.004 -20"><span class='ocrx_word' id='word_1_499' title='bbox 1973 498 2120 543; x_wconf 91' lang='lat' dir='ltr'><strong>tuum</strong></span> <span class='ocrx_word' id='word_1_500' title='bbox 2146 488 2344 546; x_wconf 88' lang='lat' dir='ltr'><strong>bellum</strong></span> <span class='ocrx_word' id='word_1_501' title='bbox 2373 497 2623 563; x_wconf 81' lang='lat' dir='ltr'><strong>gerentes</strong></span> <span class='ocrx_word' id='word_1_502' title='bbox 2644 489 2668 545; x_wconf 72' lang='lat'><strong><em>2</em></strong></span> <span class='ocrx_word' id='word_1_503' title='bbox 2691 488 2829 545; x_wconf 84' lang='lat' dir='ltr'><strong>Nam</strong></span> <span class='ocrx_word' id='word_1_504' title='bbox 2852 488 2955 545; x_wconf 85' lang='lat' dir='ltr'><strong>hoc</strong></span> <span class='ocrx_word' id='word_1_505' title='bbox 2982 488 3180 545; x_wconf 86' lang='lat' dir='ltr'><strong>indicat</strong></span> <span class='ocrx_word' id='word_1_506' title='bbox 3198 529 3216 558; x_wconf 91' lang='lat'><strong>,</strong></span> <span class='ocrx_word' id='word_1_507' title='bbox 3254 504 3377 547; x_wconf 89' lang='lat' dir='ltr'><strong>cum</strong></span> <span class='ocrx_word' id='word_1_508' title='bbox 3399 490 3523 547; x_wconf 79' lang='lat' dir='ltr'><strong>dicit</strong></span> <span class='ocrx_word' id='word_1_509' title='bbox 3551 511 3568 550; x_wconf 91' lang='lat'><strong>:</strong></span> 
     </span>
    </p>
   </div>
   <div class='ocr_carea' id='block_1_64' title="bbox 1967 580 3573 656">
    <p class='ocr_par' dir='ltr' id='par_1_64' title="bbox 1967 580 3573 656">
     <span class='ocr_line' id='line_1_64' title="bbox 1967 580 3573 656; baseline 0.001 -18"><span class='ocrx_word' id='word_1_510' title='bbox 1967 581 2099 638; x_wconf 74' lang='lat' dir='ltr'><strong>Tota</strong></span> <span class='ocrx_word' id='word_1_511' title='bbox 2117 580 2200 637; x_wconf 85' lang='lat' dir='ltr'><strong>die</strong></span> <span class='ocrx_word' id='word_1_512' title='bbox 2218 582 2607 652; x_wconf 83' lang='lat' dir='ltr'><strong>meditabantur,</strong></span> <span class='ocrx_word' id='word_1_513' title='bbox 2629 584 2754 655; x_wconf 79' lang='lat' dir='ltr'><strong>quia</strong></span> <span class='ocrx_word' id='word_1_514' title='bbox 2776 598 2874 655; x_wconf 85' lang='lat' dir='ltr'><strong>per</strong></span> <span class='ocrx_word' id='word_1_515' title='bbox 2894 580 3057 640; x_wconf 74' lang='lat' dir='ltr'><strong>totam</strong></span> <span class='ocrx_word' id='word_1_516' title='bbox 3079 584 3262 643; x_wconf 66' lang='lat' dir='ltr'><strong>vitam.</strong></span> <span class='ocrx_word' id='word_1_517' title='bbox 3286 582 3421 651; x_wconf 82' lang='lat' dir='ltr'><strong>Quid</strong></span> <span class='ocrx_word' id='word_1_518' title='bbox 3442 602 3573 656; x_wconf 86' lang='lat' dir='ltr'><strong>ergo</strong></span> 
     </span>
    </p>
   </div>
   <div class='ocr_carea' id='block_1_65' title="bbox 1968 672 3573 745">
    <p class='ocr_par' dir='ltr' id='par_1_65' title="bbox 1968 672 3573 745">
     <span class='ocr_line' id='line_1_65' title="bbox 1968 672 3573 745; baseline 0.002 -20"><span class='ocrx_word' id='word_1_519' title='bbox 1968 672 2056 726; x_wconf 91' lang='lat' dir='ltr'><strong>ille</strong></span> <span class='ocrx_word' id='word_1_520' title='bbox 2083 672 2317 739; x_wconf 90' lang='lat' dir='ltr'><strong>interim,</strong></span> <span class='ocrx_word' id='word_1_521' title='bbox 2343 673 2469 729; x_wconf 92' lang='lat' dir='ltr'><strong>dum</strong></span> <span class='ocrx_word' id='word_1_522' title='bbox 2495 672 2875 729; x_wconf 87' lang='lat' dir='ltr'><strong>insidiarentur</strong></span> <span class='ocrx_word' id='word_1_523' title='bbox 2900 683 2959 728; x_wconf 89' lang='lat' dir='ltr'><strong>et</strong></span> <span class='ocrx_word' id='word_1_524' title='bbox 2973 672 3317 740; x_wconf 85' lang='lat' dir='ltr'><strong>molirentur,</strong></span> <span class='ocrx_word' id='word_1_525' title='bbox 3346 674 3573 745; x_wconf 72' lang='lat' dir='ltr'><strong>agebat?</strong></span> 
     </span>
    </p>
   </div>
   <div class='ocr_carea' id='block_1_66' title="bbox 1969 761 3589 837">
    <p class='ocr_par' dir='ltr' id='par_1_66' title="bbox 1969 761 3589 837">
     <span class='ocr_line' id='line_1_66' title="bbox 1969 761 3589 837; baseline 0.001 -20"><span class='ocrx_word' id='word_1_526' title='bbox 1969 761 2082 836; x_wconf 85' lang='lat' dir='ltr'><strong>Ego</strong></span> <span class='ocrx_word' id='word_1_527' title='bbox 2111 774 2279 820; x_wconf 85' lang='lat' dir='ltr'><strong>autem</strong></span> <span class='ocrx_word' id='word_1_528' title='bbox 2296 805 2313 829; x_wconf 92' lang='lat'><strong>,</strong></span> <span class='ocrx_word' id='word_1_529' title='bbox 2342 765 2542 836; x_wconf 77' lang='lat' dir='ltr'><strong>inquit,</strong></span> <span class='ocrx_word' id='word_1_530' title='bbox 2572 765 2721 837; x_wconf 78' lang='lat' dir='ltr'><strong>quasi</strong></span> <span class='ocrx_word' id='word_1_531' title='bbox 2746 764 2933 819; x_wconf 82' lang='lat' dir='ltr'><strong>surdus</strong></span> <span class='ocrx_word' id='word_1_532' title='bbox 2958 778 3060 818; x_wconf 80' lang='lat' dir='ltr'><strong>non</strong></span> <span class='ocrx_word' id='word_1_533' title='bbox 3089 764 3304 818; x_wconf 78' lang='lat' dir='ltr'><strong>audiens</strong></span> <span class='ocrx_word' id='word_1_534' title='bbox 3324 805 3338 830; x_wconf 96' lang='lat'><strong>,</strong></span> <span class='ocrx_word' id='word_1_535' title='bbox 3365 774 3414 818; x_wconf 80' lang='lat' dir='ltr'><strong>ot</strong></span> <span class='ocrx_word' id='word_1_536' title='bbox 3438 765 3589 819; x_wconf 79' lang='lat' dir='ltr'><strong>sicut-</strong></span> 
     </span>
    </p>
   </div>
   <div class='ocr_carea' id='block_1_67' title="bbox 1968 858 3571 930">
    <p class='ocr_par' dir='ltr' id='par_1_67' title="bbox 1968 858 3571 930">
     <span class='ocr_line' id='line_1_67' title="bbox 1968 858 3571 930; baseline 0.001 -19"><span class='ocrx_word' id='word_1_537' title='bbox 1968 868 2137 911; x_wconf 82' lang='lat' dir='ltr'><strong>mutus</strong></span> <span class='ocrx_word' id='word_1_538' title='bbox 2160 874 2263 911; x_wconf 81' lang='lat' dir='ltr'><strong>non</strong></span> <span class='ocrx_word' id='word_1_539' title='bbox 2290 858 2525 930; x_wconf 76' lang='lat' dir='ltr'><strong>aperiens</strong></span> <span class='ocrx_word' id='word_1_540' title='bbox 2543 874 2600 912; x_wconf 94' lang='lat' dir='ltr'><strong>os</strong></span> <span class='ocrx_word' id='word_1_541' title='bbox 2624 874 2815 924; x_wconf 77' lang='lat' dir='ltr'><strong>suum;</strong></span> <span class='ocrx_word' id='word_1_542' title='bbox 2844 867 2890 912; x_wconf 87' lang='lat' dir='ltr'><strong>et</strong></span> <span class='ocrx_word' id='word_1_543' title='bbox 2919 861 3086 928; x_wconf 80' lang='lat' dir='ltr'><strong>factus</strong></span> <span class='ocrx_word' id='word_1_544' title='bbox 3108 873 3223 913; x_wconf 82' lang='lat' dir='ltr'><strong>sunt</strong></span> <span class='ocrx_word' id='word_1_545' title='bbox 3247 858 3379 912; x_wconf 85' lang='lat' dir='ltr'><strong>sicut</strong></span> <span class='ocrx_word' id='word_1_546' title='bbox 3418 859 3571 913; x_wconf 81' lang='lat' dir='ltr'><strong>homo</strong></span> 
     </span>
    </p>
   </div>
   <div class='ocr_carea' id='block_1_68' title="bbox 1968 947 3575 1020">
    <p class='ocr_par' dir='ltr' id='par_1_68' title="bbox 1968 947 3575 1020">
     <span class='ocr_line' id='line_1_68' title="bbox 1968 947 3575 1020; baseline 0.002 -20"><span class='ocrx_word' id='word_1_547' title='bbox 1968 963 2069 1001; x_wconf 85' lang='lat' dir='ltr'><strong>non</strong></span> <span class='ocrx_word' id='word_1_548' title='bbox 2107 947 2355 1013; x_wconf 82' lang='lat' dir='ltr'><strong>audiens,</strong></span> <span class='ocrx_word' id='word_1_549' title='bbox 2385 957 2434 1003; x_wconf 91' lang='lat' dir='ltr'><strong><em>et</em></strong></span> <span class='ocrx_word' id='word_1_550' title='bbox 2469 964 2570 1001; x_wconf 77' lang='lat' dir='ltr'><strong>non</strong></span> <span class='ocrx_word' id='word_1_551' title='bbox 2612 948 2802 1003; x_wconf 76' lang='lat' dir='ltr'><strong>habens</strong></span> <span class='ocrx_word' id='word_1_552' title='bbox 2843 948 2898 1002; x_wconf 75' lang='lat' dir='ltr'><strong>in</strong></span> <span class='ocrx_word' id='word_1_553' title='bbox 2937 964 3023 1002; x_wconf 89' lang='lat' dir='ltr'><strong>ore</strong></span> <span class='ocrx_word' id='word_1_554' title='bbox 3050 964 3143 1003; x_wconf 94' lang='lat' dir='ltr'><strong>suo</strong></span> <span class='ocrx_word' id='word_1_555' title='bbox 3184 947 3575 1020; x_wconf 78' lang='lat' dir='ltr'><strong>redargutioues</strong></span> 
     </span>
    </p>
   </div>
   <div class='ocr_carea' id='block_1_69' title="bbox 1968 1038 3571 1112">
    <p class='ocr_par' dir='ltr' id='par_1_69' title="bbox 1968 1038 3571 1112">
     <span class='ocr_line' id='line_1_69' title="bbox 1968 1038 3571 1112; baseline 0.004 -20"><span class='ocrx_word' id='word_1_556' title='bbox 1968 1038 2144 1109; x_wconf 85' lang='lat' dir='ltr'><strong>(Psal.</strong></span> <span class='ocrx_word' id='word_1_557' title='bbox 2166 1039 2257 1095; x_wconf 76' lang='lat'><strong>37.</strong></span> <span class='ocrx_word' id='word_1_558' title='bbox 2291 1040 2375 1096; x_wconf 73' lang='grc'><strong>14.</strong></span> <span class='ocrx_word' id='word_1_559' title='bbox 2404 1040 2519 1111; x_wconf 76' lang='grc'><strong>15).</strong></span> <span class='ocrx_word' id='word_1_560' title='bbox 2549 1039 2740 1096; x_wconf 70' lang='lat' dir='ltr'><strong>Vidisti</strong></span> <span class='ocrx_word' id='word_1_561' title='bbox 2766 1040 3120 1096; x_wconf 88' lang='lat' dir='ltr'><strong>excellentem</strong></span> <span class='ocrx_word' id='word_1_562' title='bbox 3150 1040 3571 1112; x_wconf 85' lang='lat' dir='ltr'><strong>philosophiam,</strong></span> 
     </span>
    </p>
   </div>
   <div class='ocr_carea' id='block_1_70' title="bbox 1967 1131 3575 1204">
    <p class='ocr_par' dir='ltr' id='par_1_70' title="bbox 1967 1131 3575 1204">
     <span class='ocr_line' id='line_1_70' title="bbox 1967 1131 3575 1204; baseline 0.006 -23"><span class='ocrx_word' id='word_1_563' title='bbox 1967 1131 2238 1202; x_wconf 88' lang='lat' dir='ltr'><strong>quomodo</strong></span> <span class='ocrx_word' id='word_1_564' title='bbox 2262 1132 2473 1189; x_wconf 83' lang='lat' dir='ltr'><strong>diversa</strong></span> <span class='ocrx_word' id='word_1_565' title='bbox 2512 1132 2597 1187; x_wconf 85' lang='lat' dir='ltr'><strong>via</strong></span> <span class='ocrx_word' id='word_1_566' title='bbox 2626 1132 2795 1187; x_wconf 73' lang='lat' dir='ltr'><strong>vicit?</strong></span> <span class='ocrx_word' id='word_1_567' title='bbox 2821 1131 2902 1187; x_wconf 83' lang='lat' dir='ltr'><strong>illi</strong></span> <span class='ocrx_word' id='word_1_568' title='bbox 2928 1131 3084 1188; x_wconf 87' lang='lat' dir='ltr'><strong>dolos</strong></span> <span class='ocrx_word' id='word_1_569' title='bbox 3107 1133 3387 1189; x_wconf 87' lang='lat' dir='ltr'><strong>struebant</strong></span> <span class='ocrx_word' id='word_1_570' title='bbox 3411 1173 3427 1199; x_wconf 94' lang='lat'><strong>,</strong></span> <span class='ocrx_word' id='word_1_571' title='bbox 3458 1133 3575 1204; x_wconf 87' lang='lat' dir='ltr'><strong>ipso</strong></span> 
     </span>
    </p>
   </div>
   <div class='ocr_carea' id='block_1_71' title="bbox 1965 1210 3573 1294">
    <p class='ocr_par' dir='ltr' id='par_1_71' title="bbox 1965 1210 3573 1294">
     <span class='ocr_line' id='line_1_71' title="bbox 1965 1210 3573 1294; baseline 0.002 -16"><span class='ocrx_word' id='word_1_572' title='bbox 1965 1238 2126 1279; x_wconf 87' lang='lat' dir='ltr'><strong>aures</strong></span> <span class='ocrx_word' id='word_1_573' title='bbox 2153 1222 2440 1278; x_wconf 87' lang='lat' dir='ltr'><strong>obturabat</strong></span> <span class='ocrx_word' id='word_1_574' title='bbox 2460 1264 2475 1287; x_wconf 88' lang='lat'><strong>,</strong></span> <span class='ocrx_word' id='word_1_575' title='bbox 2506 1238 2574 1281; x_wconf 90' lang='lat' dir='ltr'><strong>ne</strong></span> <span class='ocrx_word' id='word_1_576' title='bbox 2598 1210 2851 1281; x_wconf 88' lang='lat' dir='ltr'><strong>audiret:</strong></span> <span class='ocrx_word' id='word_1_577' title='bbox 2900 1223 2977 1279; x_wconf 90' lang='lat' dir='ltr'><strong>illi</strong></span> <span class='ocrx_word' id='word_1_578' title='bbox 3002 1224 3149 1279; x_wconf 87' lang='lat' dir='ltr'><strong>omni</strong></span> <span class='ocrx_word' id='word_1_579' title='bbox 3186 1234 3429 1294; x_wconf 90' lang='lat' dir='ltr'><strong>tempore</strong></span> <span class='ocrx_word' id='word_1_580' title='bbox 3465 1240 3573 1281; x_wconf 91' lang='lat' dir='ltr'><strong>non</strong></span> 
     </span>
    </p>
   </div>
   <div class='ocr_carea' id='block_1_72' title="bbox 1966 1302 3575 1385">
    <p class='ocr_par' dir='ltr' id='par_1_72' title="bbox 1966 1302 3575 1385">
     <span class='ocr_line' id='line_1_72' title="bbox 1966 1302 3575 1385; baseline 0 -15"><span class='ocrx_word' id='word_1_581' title='bbox 1966 1314 2251 1370; x_wconf 82' lang='lat' dir='ltr'><strong>cessabant</strong></span> <span class='ocrx_word' id='word_1_582' title='bbox 2294 1314 2529 1385; x_wconf 83' lang='lat' dir='ltr'><strong>linguam</strong></span> <span class='ocrx_word' id='word_1_583' title='bbox 2559 1328 2777 1378; x_wconf 86' lang='lat' dir='ltr'><strong>acuere.</strong></span> <span class='ocrx_word' id='word_1_584' title='bbox 2807 1322 2865 1371; x_wconf 87' lang='lat' dir='ltr'><strong>et</strong></span> <span class='ocrx_word' id='word_1_585' title='bbox 2888 1302 3153 1370; x_wconf 77' lang='lat' dir='ltr'><strong>vanitates</strong></span> <span class='ocrx_word' id='word_1_586' title='bbox 3178 1324 3234 1369; x_wconf 91' lang='lat' dir='ltr'><strong>et</strong></span> <span class='ocrx_word' id='word_1_587' title='bbox 3263 1314 3575 1370; x_wconf 88' lang='lat' dir='ltr'><strong>fraudulen-</strong></span> 
     </span>
    </p>
   </div>
   <div class='ocr_carea' id='block_1_73' title="bbox 1969 1404 3572 1475">
    <p class='ocr_par' dir='ltr' id='par_1_73' title="bbox 1969 1404 3572 1475">
     <span class='ocr_line' id='line_1_73' title="bbox 1969 1404 3572 1475; baseline 0.002 -17"><span class='ocrx_word' id='word_1_588' title='bbox 1969 1406 2071 1459; x_wconf 87' lang='lat' dir='ltr'><strong>tias</strong></span> <span class='ocrx_word' id='word_1_589' title='bbox 2109 1404 2399 1471; x_wconf 89' lang='lat' dir='ltr'><strong>meditari;</strong></span> <span class='ocrx_word' id='word_1_590' title='bbox 2443 1406 2530 1462; x_wconf 87' lang='lat' dir='ltr'><strong>hic</strong></span> <span class='ocrx_word' id='word_1_591' title='bbox 2555 1414 2736 1475; x_wconf 85' lang='lat' dir='ltr'><strong>autem</strong></span> <span class='ocrx_word' id='word_1_592' title='bbox 2786 1405 3003 1463; x_wconf 88' lang='lat' dir='ltr'><strong>silentio</strong></span> <span class='ocrx_word' id='word_1_593' title='bbox 3045 1406 3258 1461; x_wconf 89' lang='lat' dir='ltr'><strong>illorum</strong></span> <span class='ocrx_word' id='word_1_594' title='bbox 3310 1407 3572 1462; x_wconf 67' lang='lat' dir='ltr'><strong>insaniam</strong></span> 
     </span>
    </p>
   </div>
   <div class='ocr_carea' id='block_1_74' title="bbox 1967 1496 3574 1569">
    <p class='ocr_par' dir='ltr' id='par_1_74' title="bbox 1967 1496 3574 1569">
     <span class='ocr_line' id='line_1_74' title="bbox 1967 1496 3574 1569; baseline 0.001 -18"><span class='ocrx_word' id='word_1_595' title='bbox 1967 1496 2375 1564; x_wconf 89' lang='lat' dir='ltr'><strong>comprimebat.</strong></span> <span class='ocrx_word' id='word_1_596' title='bbox 2410 1497 2474 1552; x_wconf 85' lang='lat' dir='ltr'><strong>Et</strong></span> <span class='ocrx_word' id='word_1_597' title='bbox 2501 1511 2671 1568; x_wconf 89' lang='lat' dir='ltr'><strong>quare</strong></span> <span class='ocrx_word' id='word_1_598' title='bbox 2699 1498 2778 1553; x_wconf 90' lang='lat' dir='ltr'><strong>sic</strong></span> <span class='ocrx_word' id='word_1_599' title='bbox 2801 1511 2861 1553; x_wconf 85' lang='lat' dir='ltr'><strong>se</strong></span> <span class='ocrx_word' id='word_1_600' title='bbox 2885 1496 3059 1569; x_wconf 81' lang='lat' dir='ltr'><strong>gerit,</strong></span> <span class='ocrx_word' id='word_1_601' title='bbox 3092 1506 3147 1552; x_wconf 93' lang='lat' dir='ltr'><strong>et</strong></span> <span class='ocrx_word' id='word_1_602' title='bbox 3172 1497 3296 1557; x_wconf 82' lang='lat' dir='ltr'><strong>licet</strong></span> <span class='ocrx_word' id='word_1_603' title='bbox 3326 1497 3431 1551; x_wconf 88' lang='lat' dir='ltr'><strong>illis</strong></span> <span class='ocrx_word' id='word_1_604' title='bbox 3457 1496 3574 1553; x_wconf 63' lang='lat' dir='ltr'><strong>haec</strong></span> 
     </span>
    </p>
   </div>
   <div class='ocr_carea' id='block_1_75' title="bbox 1966 1588 3576 1661">
    <p class='ocr_par' dir='ltr' id='par_1_75' title="bbox 1966 1588 3576 1661">
     <span class='ocr_line' id='line_1_75' title="bbox 1966 1588 3576 1661; baseline 0.002 -20"><span class='ocrx_word' id='word_1_605' title='bbox 1966 1588 2349 1658; x_wconf 78' lang='lat' dir='ltr'><strong>apparantibus</strong></span> <span class='ocrx_word' id='word_1_606' title='bbox 2390 1589 2504 1659; x_wconf 89' lang='lat' dir='ltr'><strong>ipse</strong></span> <span class='ocrx_word' id='word_1_607' title='bbox 2529 1588 2609 1645; x_wconf 90' lang='lat' dir='ltr'><strong>sic</strong></span> <span class='ocrx_word' id='word_1_608' title='bbox 2643 1589 2755 1660; x_wconf 89' lang='lat' dir='ltr'><strong>agit</strong></span> <span class='ocrx_word' id='word_1_609' title='bbox 2788 1590 2943 1661; x_wconf 88' lang='lat' dir='ltr'><strong>quasi</strong></span> <span class='ocrx_word' id='word_1_610' title='bbox 2970 1589 3166 1645; x_wconf 89' lang='lat' dir='ltr'><strong>surdus</strong></span> <span class='ocrx_word' id='word_1_611' title='bbox 3191 1598 3245 1645; x_wconf 91' lang='lat' dir='ltr'><strong>et</strong></span> <span class='ocrx_word' id='word_1_612' title='bbox 3272 1600 3451 1643; x_wconf 91' lang='lat' dir='ltr'><strong>mttttts</strong></span> <span class='ocrx_word' id='word_1_613' title='bbox 3472 1631 3489 1652; x_wconf 91' lang='lat'><strong>,</strong></span> <span class='ocrx_word' id='word_1_614' title='bbox 3520 1599 3576 1644; x_wconf 91' lang='lat' dir='ltr'><strong>et</strong></span> 
     </span>
    </p>
   </div>
   <div class='ocr_carea' id='block_1_76' title="bbox 1967 1680 3575 1751">
    <p class='ocr_par' dir='ltr' id='par_1_76' title="bbox 1967 1680 3575 1751">
     <span class='ocr_line' id='line_1_76' title="bbox 1967 1680 3575 1751; baseline 0.003 -20"><span class='ocrx_word' id='word_1_615' title='bbox 1967 1681 2119 1750; x_wconf 89' lang='lat' dir='ltr'><strong>quasi</strong></span> <span class='ocrx_word' id='word_1_616' title='bbox 2164 1696 2339 1749; x_wconf 90' lang='lat' dir='ltr'><strong>neque</strong></span> <span class='ocrx_word' id='word_1_617' title='bbox 2383 1695 2579 1744; x_wconf 89' lang='lat' dir='ltr'><strong>aures,</strong></span> <span class='ocrx_word' id='word_1_618' title='bbox 2625 1694 2801 1751; x_wconf 82' lang='lat' dir='ltr'><strong>neque</strong></span> <span class='ocrx_word' id='word_1_619' title='bbox 2852 1680 3087 1751; x_wconf 84' lang='lat' dir='ltr'><strong>linguam</strong></span> <span class='ocrx_word' id='word_1_620' title='bbox 3146 1680 3383 1735; x_wconf 80' lang='lat' dir='ltr'><strong>habeat?</strong></span> <span class='ocrx_word' id='word_1_621' title='bbox 3434 1680 3575 1736; x_wconf 83' lang='lat' dir='ltr'><strong>Audi</strong></span> 
     </span>
    </p>
   </div>
   <div class='ocr_carea' id='block_1_77' title="bbox 1969 1770 3577 1841">
    <p class='ocr_par' dir='ltr' id='par_1_77' title="bbox 1969 1770 3577 1841">
     <span class='ocr_line' id='line_1_77' title="bbox 1969 1770 3577 1841; baseline 0.001 -17"><span class='ocrx_word' id='word_1_622' title='bbox 1969 1770 2141 1839; x_wconf 88' lang='lat' dir='ltr'><strong>ipsum</strong></span> <span class='ocrx_word' id='word_1_623' title='bbox 2171 1780 2331 1825; x_wconf 68' lang='lat' dir='ltr'><strong>tanta:</strong></span> <span class='ocrx_word' id='word_1_624' title='bbox 2357 1770 2710 1841; x_wconf 66' lang='lat' dir='ltr'><strong>philosophiae</strong></span> <span class='ocrx_word' id='word_1_625' title='bbox 2733 1771 3233 1827; x_wconf 88' lang='lat' dir='ltr'><strong>causamdicentem</strong></span> <span class='ocrx_word' id='word_1_626' title='bbox 3257 1789 3270 1826; x_wconf 92' lang='lat'><strong>:</strong></span> <span class='ocrx_word' id='word_1_627' title='bbox 3297 1772 3429 1838; x_wconf 83' lang='lat' dir='ltr'><strong>Quia</strong></span> <span class='ocrx_word' id='word_1_628' title='bbox 3454 1772 3506 1824; x_wconf 84' lang='lat' dir='ltr'><strong>iu</strong></span> <span class='ocrx_word' id='word_1_629' title='bbox 3530 1781 3577 1825; x_wconf 91' lang='lat' dir='ltr'><strong>te</strong></span> 
     </span>
    </p>
   </div>
   <div class='ocr_carea' id='block_1_78' title="bbox 1966 1858 3577 1932">
    <p class='ocr_par' dir='ltr' id='par_1_78' title="bbox 1966 1858 3577 1932">
     <span class='ocr_line' id='line_1_78' title="bbox 1966 1858 3577 1932; baseline 0.001 -19"><span class='ocrx_word' id='word_1_630' title='bbox 1966 1861 2186 1931; x_wconf 84' lang='lat' dir='ltr'><strong>speravi,</strong></span> <span class='ocrx_word' id='word_1_631' title='bbox 2214 1858 2435 1915; x_wconf 85' lang='lat' dir='ltr'><strong>Domine</strong></span> <span class='ocrx_word' id='word_1_632' title='bbox 2476 1858 2640 1931; x_wconf 85' lang='lat' dir='ltr'><strong>(Ibid.</strong></span> <span class='ocrx_word' id='word_1_633' title='bbox 2671 1876 2720 1914; x_wconf 90' lang='lat' dir='ltr'><strong>v.</strong></span> <span class='ocrx_word' id='word_1_634' title='bbox 2754 1859 2860 1932; x_wconf 87' lang='lat' dir='ltr'><strong>l6).</strong></span> <span class='ocrx_word' id='word_1_635' title='bbox 2889 1860 3024 1929; x_wconf 86' lang='lat' dir='ltr'><strong>Quia</strong></span> <span class='ocrx_word' id='word_1_636' title='bbox 3066 1862 3103 1915; x_wconf 55' lang='lat' dir='ltr'><strong>a&#39;</strong></span> <span class='ocrx_word' id='word_1_637' title='bbox 3123 1870 3176 1916; x_wconf 87' lang='lat' dir='ltr'><strong>te</strong></span> <span class='ocrx_word' id='word_1_638' title='bbox 3226 1861 3421 1929; x_wconf 80' lang='lat' dir='ltr'><strong>pendet</strong></span> <span class='ocrx_word' id='word_1_639' title='bbox 3448 1875 3577 1930; x_wconf 85' lang='lat' dir='ltr'><strong>spes</strong></span> 
     </span>
    </p>
   </div>
   <div class='ocr_carea' id='block_1_79' title="bbox 1969 1950 3573 2020">
    <p class='ocr_par' dir='ltr' id='par_1_79' title="bbox 1969 1950 3573 2020">
     <span class='ocr_line' id='line_1_79' title="bbox 1969 1950 3573 2020; baseline 0 -14"><span class='ocrx_word' id='word_1_640' title='bbox 1969 1966 2111 2017; x_wconf 90' lang='lat' dir='ltr'><strong>mea,</strong></span> <span class='ocrx_word' id='word_1_641' title='bbox 2145 1951 2335 2020; x_wconf 89' lang='lat' dir='ltr'><strong>inquit,</strong></span> <span class='ocrx_word' id='word_1_642' title='bbox 2365 1959 2418 2006; x_wconf 90' lang='lat' dir='ltr'><strong>et</strong></span> <span class='ocrx_word' id='word_1_643' title='bbox 2444 1950 2497 2004; x_wconf 92' lang='lat' dir='ltr'><strong>in</strong></span> <span class='ocrx_word' id='word_1_644' title='bbox 2530 1960 2583 2005; x_wconf 90' lang='lat' dir='ltr'><strong>te</strong></span> <span class='ocrx_word' id='word_1_645' title='bbox 2611 1965 2699 2005; x_wconf 91' lang='lat' dir='ltr'><strong>me</strong></span> <span class='ocrx_word' id='word_1_646' title='bbox 2724 1950 2947 2020; x_wconf 71' lang='lat' dir='ltr'><strong>proieci,</strong></span> <span class='ocrx_word' id='word_1_647' title='bbox 2982 1950 3125 2004; x_wconf 90' lang='lat' dir='ltr'><strong>nulla</strong></span> <span class='ocrx_word' id='word_1_648' title='bbox 3157 1951 3284 2004; x_wconf 88' lang='lat' dir='ltr'><strong>mihi</strong></span> <span class='ocrx_word' id='word_1_649' title='bbox 3316 1967 3444 2005; x_wconf 84' lang='lat' dir='ltr'><strong>cura</strong></span> <span class='ocrx_word' id='word_1_650' title='bbox 3466 1961 3573 2015; x_wconf 89' lang='lat' dir='ltr'><strong>est,</strong></span> 
     </span>
    </p>
   </div>
   <div class='ocr_carea' id='block_1_80' title="bbox 1967 2040 3577 2112">
    <p class='ocr_par' dir='ltr' id='par_1_80' title="bbox 1967 2040 3577 2112">
     <span class='ocr_line' id='line_1_80' title="bbox 1967 2040 3577 2112; baseline 0.002 -17"><span class='ocrx_word' id='word_1_651' title='bbox 1967 2040 2095 2112; x_wconf 90' lang='lat' dir='ltr'><strong>quid</strong></span> <span class='ocrx_word' id='word_1_652' title='bbox 2125 2040 2199 2095; x_wconf 89' lang='lat' dir='ltr'><strong>illi</strong></span> <span class='ocrx_word' id='word_1_653' title='bbox 2229 2050 2408 2111; x_wconf 82' lang='lat' dir='ltr'><strong>agant.</strong></span> <span class='ocrx_word' id='word_1_654' title='bbox 2447 2040 2619 2096; x_wconf 86' lang='lat' dir='ltr'><strong>Tuum</strong></span> <span class='ocrx_word' id='word_1_655' title='bbox 2649 2042 2793 2096; x_wconf 87' lang='lat' dir='ltr'><strong>enim</strong></span> <span class='ocrx_word' id='word_1_656' title='bbox 2834 2042 3089 2095; x_wconf 78' lang='lat' dir='ltr'><strong>auxilium</strong></span> <span class='ocrx_word' id='word_1_657' title='bbox 3118 2043 3247 2096; x_wconf 86' lang='lat' dir='ltr'><strong>satis</strong></span> <span class='ocrx_word' id='word_1_658' title='bbox 3280 2052 3469 2109; x_wconf 85' lang='lat' dir='ltr'><strong>petens</strong></span> <span class='ocrx_word' id='word_1_659' title='bbox 3493 2051 3577 2099; x_wconf 87' lang='lat' dir='ltr'><strong>est</strong></span> 
     </span>
    </p>
   </div>
   <div class='ocr_carea' id='block_1_81' title="bbox 1967 2130 3576 2202">
    <p class='ocr_par' dir='ltr' id='par_1_81' title="bbox 1967 2130 3576 2202">
     <span class='ocr_line' id='line_1_81' title="bbox 1967 2130 3576 2202; baseline 0.001 -17"><span class='ocrx_word' id='word_1_660' title='bbox 1967 2130 2036 2185; x_wconf 88' lang='lat' dir='ltr'><strong>ad</strong></span> <span class='ocrx_word' id='word_1_661' title='bbox 2060 2130 2368 2202; x_wconf 88' lang='lat' dir='ltr'><strong>dissipanda</strong></span> <span class='ocrx_word' id='word_1_662' title='bbox 2410 2131 2527 2187; x_wconf 76' lang='lat' dir='ltr'><strong>lucc</strong></span> <span class='ocrx_word' id='word_1_663' title='bbox 2551 2133 2732 2186; x_wconf 85' lang='lat' dir='ltr'><strong>omnia</strong></span> <span class='ocrx_word' id='word_1_664' title='bbox 2756 2174 2771 2199; x_wconf 93' lang='lat'><strong>,</strong></span> <span class='ocrx_word' id='word_1_665' title='bbox 2800 2131 3084 2202; x_wconf 87' lang='lat' dir='ltr'><strong>irritasquc</strong></span> <span class='ocrx_word' id='word_1_666' title='bbox 3124 2132 3424 2187; x_wconf 85' lang='lat' dir='ltr'><strong>reddendas</strong></span> <span class='ocrx_word' id='word_1_667' title='bbox 3453 2134 3576 2187; x_wconf 87' lang='lat' dir='ltr'><strong>illo-</strong></span> 
     </span>
    </p>
   </div>
   <div class='ocr_carea' id='block_1_82' title="bbox 1970 2222 3577 2295">
    <p class='ocr_par' dir='ltr' id='par_1_82' title="bbox 1970 2222 3577 2295">
     <span class='ocr_line' id='line_1_82' title="bbox 1970 2222 3577 2295; baseline 0.001 -17"><span class='ocrx_word' id='word_1_668' title='bbox 1970 2238 2089 2279; x_wconf 91' lang='lat' dir='ltr'><strong>rum</strong></span> <span class='ocrx_word' id='word_1_669' title='bbox 2113 2222 2537 2278; x_wconf 90' lang='lat' dir='ltr'><strong>machinationes</strong></span> <span class='ocrx_word' id='word_1_670' title='bbox 2560 2231 2615 2279; x_wconf 91' lang='lat' dir='ltr'><strong>et</strong></span> <span class='ocrx_word' id='word_1_671' title='bbox 2639 2223 2883 2289; x_wconf 86' lang='lat' dir='ltr'><strong>insidias,</strong></span> <span class='ocrx_word' id='word_1_672' title='bbox 2913 2231 2973 2277; x_wconf 91' lang='lat' dir='ltr'><strong>ut</strong></span> <span class='ocrx_word' id='word_1_673' title='bbox 2994 2222 3125 2277; x_wconf 86' lang='lat' dir='ltr'><strong>nihil</strong></span> <span class='ocrx_word' id='word_1_674' title='bbox 3146 2240 3333 2280; x_wconf 81' lang='lat' dir='ltr'><strong>eorum</strong></span> <span class='ocrx_word' id='word_1_675' title='bbox 3357 2223 3577 2295; x_wconf 74' lang='lat' dir='ltr'><strong>implea-</strong></span> 
     </span>
    </p>
   </div>
   <div class='ocr_carea' id='block_1_83' title="bbox 1972 2315 2531 2388">
    <p class='ocr_par' dir='ltr' id='par_1_83' title="bbox 1972 2315 2531 2388">
     <span class='ocr_line' id='line_1_83' title="bbox 1972 2315 2531 2388; baseline -0.005 -17"><span class='ocrx_word' id='word_1_676' title='bbox 1972 2324 2059 2371; x_wconf 90' lang='lat' dir='ltr'><strong>tur</strong></span> <span class='ocrx_word' id='word_1_677' title='bbox 2082 2315 2223 2387; x_wconf 90' lang='lat' dir='ltr'><strong>quod</strong></span> <span class='ocrx_word' id='word_1_678' title='bbox 2248 2324 2531 2388; x_wconf 89' lang='lat' dir='ltr'><strong>apparant.</strong></span> 
     </span>
    </p>
   </div>
   <div class='ocr_carea' id='block_1_84' title="bbox 2039 2403 3578 2476">
    <p class='ocr_par' dir='ltr' id='par_1_84' title="bbox 2039 2403 3578 2476">
     <span class='ocr_line' id='line_1_84' title="bbox 2039 2403 3578 2476; baseline 0.001 -17"><span class='ocrx_word' id='word_1_679' title='bbox 2039 2405 2096 2459; x_wconf 73' lang='lat'><strong>2.</strong></span> <span class='ocrx_word' id='word_1_680' title='bbox 2139 2404 2412 2476; x_wconf 82' lang='lat' dir='ltr'><strong>Scriptura</strong></span> <span class='ocrx_word' id='word_1_681' title='bbox 2453 2421 2602 2472; x_wconf 89' lang='lat' dir='ltr'><strong>sacra</strong></span> <span class='ocrx_word' id='word_1_682' title='bbox 2651 2404 2706 2459; x_wconf 83' lang='lat' dir='ltr'><strong>in</strong></span> <span class='ocrx_word' id='word_1_683' title='bbox 2749 2403 3126 2459; x_wconf 75' lang='lat' dir='ltr'><strong>calamitatibus</strong></span> <span class='ocrx_word' id='word_1_684' title='bbox 3173 2404 3476 2461; x_wconf 85' lang='lat' dir='ltr'><strong>antidotum.</strong></span> <span class='ocrx_word' id='word_1_685' title='bbox 3504 2433 3578 2451; x_wconf 80' lang='lat'><strong>~—</strong></span> 
     </span>
    </p>
   </div>
   <div class='ocr_carea' id='block_1_85' title="bbox 1970 2494 3576 2567">
    <p class='ocr_par' dir='ltr' id='par_1_85' title="bbox 1970 2494 3576 2567">
     <span class='ocr_line' id='line_1_85' title="bbox 1970 2494 3576 2567; baseline 0.002 -17"><span class='ocrx_word' id='word_1_686' title='bbox 1970 2494 2195 2551; x_wconf 77' lang='lat' dir='ltr'><strong>Vidistis</strong></span> <span class='ocrx_word' id='word_1_687' title='bbox 2248 2495 2520 2566; x_wconf 88' lang='lat' dir='ltr'><strong>quomodo</strong></span> <span class='ocrx_word' id='word_1_688' title='bbox 2555 2509 2892 2567; x_wconf 90' lang='lat' dir='ltr'><strong>quacumque</strong></span> <span class='ocrx_word' id='word_1_689' title='bbox 2933 2495 3235 2551; x_wconf 88' lang='lat' dir='ltr'><strong>calamitate</strong></span> <span class='ocrx_word' id='word_1_690' title='bbox 3285 2495 3576 2555; x_wconf 79' lang='lat' dir='ltr'><strong>huiuanam</strong></span> 
     </span>
    </p>
   </div>
   <div class='ocr_carea' id='block_1_86' title="bbox 1970 2586 3578 2658">
    <p class='ocr_par' dir='ltr' id='par_1_86' title="bbox 1970 2586 3578 2658">
     <span class='ocr_line' id='line_1_86' title="bbox 1970 2586 3578 2658; baseline 0.001 -16"><span class='ocrx_word' id='word_1_691' title='bbox 1970 2598 2214 2643; x_wconf 87' lang='lat' dir='ltr'><strong>naturam</strong></span> <span class='ocrx_word' id='word_1_692' title='bbox 2260 2595 2561 2658; x_wconf 87' lang='lat' dir='ltr'><strong>premente,</strong></span> <span class='ocrx_word' id='word_1_693' title='bbox 2603 2601 2905 2656; x_wconf 88' lang='lat' dir='ltr'><strong>congruens</strong></span> <span class='ocrx_word' id='word_1_694' title='bbox 2934 2602 3000 2640; x_wconf 80' lang='lat' dir='ltr'><strong>ex</strong></span> <span class='ocrx_word' id='word_1_695' title='bbox 3038 2586 3327 2655; x_wconf 90' lang='lat' dir='ltr'><strong>Scripturis</strong></span> <span class='ocrx_word' id='word_1_696' title='bbox 3360 2588 3578 2643; x_wconf 87' lang='lat' dir='ltr'><strong>antido-</strong></span> 
     </span>
    </p>
   </div>
   <div class='ocr_carea' id='block_1_87' title="bbox 1974 2677 3576 2748">
    <p class='ocr_par' dir='ltr' id='par_1_87' title="bbox 1974 2677 3576 2748">
     <span class='ocr_line' id='line_1_87' title="bbox 1974 2677 3576 2748; baseline 0.002 -15"><span class='ocrx_word' id='word_1_697' title='bbox 1974 2686 2083 2733; x_wconf 91' lang='lat' dir='ltr'><strong>tum</strong></span> <span class='ocrx_word' id='word_1_698' title='bbox 2108 2680 2353 2748; x_wconf 89' lang='lat' dir='ltr'><strong>accipere</strong></span> <span class='ocrx_word' id='word_1_699' title='bbox 2393 2678 2570 2744; x_wconf 89' lang='lat' dir='ltr'><strong>liccat,</strong></span> <span class='ocrx_word' id='word_1_700' title='bbox 2601 2685 2657 2733; x_wconf 91' lang='lat' dir='ltr'><strong>et</strong></span> <span class='ocrx_word' id='word_1_701' title='bbox 2686 2693 2901 2731; x_wconf 92' lang='lat' dir='ltr'><strong>omnem</strong></span> <span class='ocrx_word' id='word_1_702' title='bbox 2935 2677 3058 2732; x_wconf 72' lang='lat' dir='ltr'><strong>vita:</strong></span> <span class='ocrx_word' id='word_1_703' title='bbox 3099 2677 3257 2748; x_wconf 83' lang='lat' dir='ltr'><strong>hujus</strong></span> <span class='ocrx_word' id='word_1_704' title='bbox 3288 2695 3576 2736; x_wconf 75' lang='lat' dir='ltr'><strong>nimi-orem</strong></span> 
     </span>
    </p>
   </div>
   <div class='ocr_carea' id='block_1_88' title="bbox 1972 2768 3579 2839">
    <p class='ocr_par' dir='ltr' id='par_1_88' title="bbox 1972 2768 3579 2839">
     <span class='ocr_line' id='line_1_88' title="bbox 1972 2768 3579 2839; baseline -0.001 -14"><span class='ocrx_word' id='word_1_705' title='bbox 1972 2770 2239 2839; x_wconf 86' lang='lat' dir='ltr'><strong>repellere</strong></span> <span class='ocrx_word' id='word_1_706' title='bbox 2261 2809 2278 2835; x_wconf 96' lang='lat'><strong>,</strong></span> <span class='ocrx_word' id='word_1_707' title='bbox 2304 2784 2481 2839; x_wconf 86' lang='lat' dir='ltr'><strong>neque</strong></span> <span class='ocrx_word' id='word_1_708' title='bbox 2506 2770 2575 2823; x_wconf 88' lang='lat' dir='ltr'><strong>ab</strong></span> <span class='ocrx_word' id='word_1_709' title='bbox 2606 2768 2716 2823; x_wconf 92' lang='lat' dir='ltr'><strong>ullo</strong></span> <span class='ocrx_word' id='word_1_710' title='bbox 2743 2768 2885 2839; x_wconf 91' lang='lat' dir='ltr'><strong>quod</strong></span> <span class='ocrx_word' id='word_1_711' title='bbox 2912 2768 3125 2833; x_wconf 89' lang='lat' dir='ltr'><strong>accidit,</strong></span> <span class='ocrx_word' id='word_1_712' title='bbox 3158 2769 3367 2839; x_wconf 85' lang='lat' dir='ltr'><strong>gravari</strong></span> <span class='ocrx_word' id='word_1_713' title='bbox 3391 2769 3415 2822; x_wconf 87' lang='lat'><strong>?</strong></span> <span class='ocrx_word' id='word_1_714' title='bbox 3444 2770 3579 2825; x_wconf 77' lang='lat' dir='ltr'><strong>Pro-</strong></span> 
     </span>
    </p>
   </div>
   <div class='ocr_carea' id='block_1_89' title="bbox 1972 2857 3579 2928">
    <p class='ocr_par' dir='ltr' id='par_1_89' title="bbox 1972 2857 3579 2928">
     <span class='ocr_line' id='line_1_89' title="bbox 1972 2857 3579 2928; baseline 0.002 -14"><span class='ocrx_word' id='word_1_715' title='bbox 1972 2868 2156 2928; x_wconf 89' lang='lat' dir='ltr'><strong>pterea</strong></span> <span class='ocrx_word' id='word_1_716' title='bbox 2182 2861 2429 2922; x_wconf 88' lang='lat' dir='ltr'><strong>obsecro,</strong></span> <span class='ocrx_word' id='word_1_717' title='bbox 2460 2868 2520 2913; x_wconf 93' lang='lat' dir='ltr'><strong>ut</strong></span> <span class='ocrx_word' id='word_1_718' title='bbox 2549 2858 2859 2928; x_wconf 86' lang='lat' dir='ltr'><strong>frequenter</strong></span> <span class='ocrx_word' id='word_1_719' title='bbox 2886 2857 2987 2913; x_wconf 87' lang='lat' dir='ltr'><strong>huc</strong></span> <span class='ocrx_word' id='word_1_720' title='bbox 3014 2859 3264 2922; x_wconf 89' lang='lat' dir='ltr'><strong>veniatis,</strong></span> <span class='ocrx_word' id='word_1_721' title='bbox 3292 2867 3347 2914; x_wconf 90' lang='lat' dir='ltr'><strong>et</strong></span> <span class='ocrx_word' id='word_1_722' title='bbox 3378 2859 3579 2917; x_wconf 75' lang='lat' dir='ltr'><strong>divina:</strong></span> 
     </span>
    </p>
   </div>
   <div class='ocr_carea' id='block_1_90' title="bbox 1974 2948 3579 3018">
    <p class='ocr_par' dir='ltr' id='par_1_90' title="bbox 1974 2948 3579 3018">
     <span class='ocr_line' id='line_1_90' title="bbox 1974 2948 3579 3018; baseline -0.001 -13"><span class='ocrx_word' id='word_1_723' title='bbox 1974 2950 2263 3018; x_wconf 65' lang='lat' dir='ltr'><strong>Scriptura:</strong></span> <span class='ocrx_word' id='word_1_724' title='bbox 2288 2950 2571 3003; x_wconf 82' lang='lat' dir='ltr'><strong>lectionem</strong></span> <span class='ocrx_word' id='word_1_725' title='bbox 2594 2949 2876 3017; x_wconf 86' lang='lat' dir='ltr'><strong>diligenter</strong></span> <span class='ocrx_word' id='word_1_726' title='bbox 2896 2948 3240 3003; x_wconf 88' lang='lat' dir='ltr'><strong>auscultetis:</strong></span> <span class='ocrx_word' id='word_1_727' title='bbox 3269 2964 3374 3002; x_wconf 89' lang='lat' dir='ltr'><strong>non</strong></span> <span class='ocrx_word' id='word_1_728' title='bbox 3402 2951 3579 3005; x_wconf 88' lang='lat' dir='ltr'><strong>solum</strong></span> 
     </span>
    </p>
   </div>
   <div class='ocr_carea' id='block_1_91' title="bbox 1971 3038 3581 3102">
    <p class='ocr_par' dir='ltr' id='par_1_91' title="bbox 1971 3038 3581 3102">
     <span class='ocr_line' id='line_1_91' title="bbox 1971 3038 3581 3102; baseline 0.002 -7"><span class='ocrx_word' id='word_1_729' title='bbox 1971 3055 2093 3095; x_wconf 89' lang='lat' dir='ltr'><strong>cum</strong></span> <span class='ocrx_word' id='word_1_730' title='bbox 2123 3041 2227 3095; x_wconf 85' lang='lat' dir='ltr'><strong>huc</strong></span> <span class='ocrx_word' id='word_1_731' title='bbox 2257 3040 2468 3102; x_wconf 85' lang='lat' dir='ltr'><strong>venitis,</strong></span> <span class='ocrx_word' id='word_1_732' title='bbox 2495 3040 2587 3093; x_wconf 90' lang='lat' dir='ltr'><strong>sed</strong></span> <span class='ocrx_word' id='word_1_733' title='bbox 2616 3049 2671 3094; x_wconf 90' lang='lat' dir='ltr'><strong>et</strong></span> <span class='ocrx_word' id='word_1_734' title='bbox 2700 3039 2842 3093; x_wconf 87' lang='lat' dir='ltr'><strong>domi</strong></span> <span class='ocrx_word' id='word_1_735' title='bbox 2872 3038 3081 3094; x_wconf 87' lang='lat' dir='ltr'><strong>divinos</strong></span> <span class='ocrx_word' id='word_1_736' title='bbox 3111 3039 3275 3094; x_wconf 90' lang='lat' dir='ltr'><strong>libros</strong></span> <span class='ocrx_word' id='word_1_737' title='bbox 3307 3042 3359 3095; x_wconf 93' lang='lat' dir='ltr'><strong>in</strong></span> <span class='ocrx_word' id='word_1_738' title='bbox 3391 3056 3581 3099; x_wconf 76' lang='lat' dir='ltr'><strong>manus</strong></span> 
     </span>
    </p>
   </div>
   <div class='ocr_carea' id='block_1_92' title="bbox 1973 3128 3581 3202">
    <p class='ocr_par' dir='ltr' id='par_1_92' title="bbox 1973 3128 3581 3202">
     <span class='ocr_line' id='line_1_92' title="bbox 1973 3128 3581 3202; baseline 0.002 -17"><span class='ocrx_word' id='word_1_739' title='bbox 1973 3130 2203 3195; x_wconf 85' lang='lat' dir='ltr'><strong>sumite,</strong></span> <span class='ocrx_word' id='word_1_740' title='bbox 2228 3139 2284 3184; x_wconf 91' lang='lat' dir='ltr'><strong>et</strong></span> <span class='ocrx_word' id='word_1_741' title='bbox 2322 3129 2604 3183; x_wconf 75' lang='lat' dir='ltr'><strong>utilitatem</strong></span> <span class='ocrx_word' id='word_1_742' title='bbox 2642 3129 2693 3182; x_wconf 90' lang='lat' dir='ltr'><strong>iu</strong></span> <span class='ocrx_word' id='word_1_743' title='bbox 2745 3128 2851 3184; x_wconf 90' lang='lat' dir='ltr'><strong>illis</strong></span> <span class='ocrx_word' id='word_1_744' title='bbox 2886 3130 3108 3198; x_wconf 82' lang='lat' dir='ltr'><strong>positam</strong></span> <span class='ocrx_word' id='word_1_745' title='bbox 3164 3147 3360 3202; x_wconf 80' lang='lat' dir='ltr'><strong>magno</strong></span> <span class='ocrx_word' id='word_1_746' title='bbox 3400 3132 3581 3189; x_wconf 90' lang='lat' dir='ltr'><strong>studio</strong></span> 
     </span>
    </p>
   </div>
   <div class='ocr_carea' id='block_1_93' title="bbox 1974 3218 3581 3291">
    <p class='ocr_par' dir='ltr' id='par_1_93' title="bbox 1974 3218 3581 3291">
     <span class='ocr_line' id='line_1_93' title="bbox 1974 3218 3581 3291; baseline 0.002 -18"><span class='ocrx_word' id='word_1_747' title='bbox 1974 3218 2248 3289; x_wconf 83' lang='lat' dir='ltr'><strong>suscipite.</strong></span> <span class='ocrx_word' id='word_1_748' title='bbox 2282 3218 2409 3273; x_wconf 84' lang='lat' dir='ltr'><strong>inde</strong></span> <span class='ocrx_word' id='word_1_749' title='bbox 2439 3220 2582 3273; x_wconf 91' lang='lat' dir='ltr'><strong>enim</strong></span> <span class='ocrx_word' id='word_1_750' title='bbox 2618 3219 2838 3273; x_wconf 90' lang='lat' dir='ltr'><strong>multum</strong></span> <span class='ocrx_word' id='word_1_751' title='bbox 2868 3219 2999 3273; x_wconf 89' lang='lat' dir='ltr'><strong>lucri</strong></span> <span class='ocrx_word' id='word_1_752' title='bbox 3034 3221 3271 3275; x_wconf 85' lang='lat' dir='ltr'><strong>nascitur</strong></span> <span class='ocrx_word' id='word_1_753' title='bbox 3302 3240 3315 3275; x_wconf 91' lang='lat'><strong>:</strong></span> <span class='ocrx_word' id='word_1_754' title='bbox 3348 3223 3581 3291; x_wconf 75' lang='lat' dir='ltr'><strong>primum</strong></span> 
     </span>
    </p>
   </div>
   <div class='ocr_carea' id='block_1_94' title="bbox 1974 3310 3581 3381">
    <p class='ocr_par' dir='ltr' id='par_1_94' title="bbox 1974 3310 3581 3381">
     <span class='ocr_line' id='line_1_94' title="bbox 1974 3310 3581 3381; baseline 0.008 -20"><span class='ocrx_word' id='word_1_755' title='bbox 1974 3310 2190 3381; x_wconf 87' lang='lat' dir='ltr'><strong>quidem</strong></span> <span class='ocrx_word' id='word_1_756' title='bbox 2241 3310 2467 3365; x_wconf 80' lang='lat' dir='ltr'><strong>lectione</strong></span> <span class='ocrx_word' id='word_1_757' title='bbox 2510 3311 2684 3380; x_wconf 83' lang='lat' dir='ltr'><strong>lingua</strong></span> <span class='ocrx_word' id='word_1_758' title='bbox 2736 3310 3094 3365; x_wconf 61' lang='lat' dir='ltr'><strong>reformatur</strong></span> <span class='ocrx_word' id='word_1_759' title='bbox 3152 3312 3346 3368; x_wconf 88' lang='lat' dir='ltr'><strong>deinde</strong></span> <span class='ocrx_word' id='word_1_760' title='bbox 3401 3315 3581 3373; x_wconf 79' lang='lat' dir='ltr'><strong>anima</strong></span> 
     </span>
    </p>
   </div>
   <div class='ocr_carea' id='block_1_95' title="bbox 1975 3401 3582 3474">
    <p class='ocr_par' dir='ltr' id='par_1_95' title="bbox 1975 3401 3582 3474">
     <span class='ocr_line' id='line_1_95' title="bbox 1975 3401 3582 3474; baseline 0.005 -19"><span class='ocrx_word' id='word_1_761' title='bbox 1975 3403 2242 3456; x_wconf 87' lang='lat' dir='ltr'><strong>excitatur</strong></span> <span class='ocrx_word' id='word_1_762' title='bbox 2268 3411 2323 3455; x_wconf 91' lang='lat' dir='ltr'><strong>et</strong></span> <span class='ocrx_word' id='word_1_763' title='bbox 2348 3401 2592 3455; x_wconf 88' lang='lat' dir='ltr'><strong>sublimis</strong></span> <span class='ocrx_word' id='word_1_764' title='bbox 2613 3401 2862 3465; x_wconf 75' lang='lat' dir='ltr'><strong>efﬁcitur,</strong></span> <span class='ocrx_word' id='word_1_765' title='bbox 2887 3403 3185 3473; x_wconf 85' lang='lat' dir='ltr'><strong>jubarcque</strong></span> <span class='ocrx_word' id='word_1_766' title='bbox 3211 3405 3340 3459; x_wconf 86' lang='lat' dir='ltr'><strong>solis</strong></span> <span class='ocrx_word' id='word_1_767' title='bbox 3356 3407 3582 3474; x_wconf 70' lang='lat' dir='ltr'><strong>justitia</strong></span> 
     </span>
    </p>
   </div>
   <div class='ocr_carea' id='block_1_96' title="bbox 1979 3494 3579 3564">
    <p class='ocr_par' dir='ltr' id='par_1_96' title="bbox 1979 3494 3579 3564">
     <span class='ocr_line' id='line_1_96' title="bbox 1979 3494 3579 3564; baseline 0.005 -17"><span class='ocrx_word' id='word_1_768' title='bbox 1979 3495 2272 3548; x_wconf 86' lang='lat' dir='ltr'><strong>illustratur</strong></span> <span class='ocrx_word' id='word_1_769' title='bbox 2301 3534 2316 3559; x_wconf 93' lang='lat'><strong>,</strong></span> <span class='ocrx_word' id='word_1_770' title='bbox 2373 3509 2577 3564; x_wconf 91' lang='lat' dir='ltr'><strong>perque</strong></span> <span class='ocrx_word' id='word_1_771' title='bbox 2629 3503 2838 3562; x_wconf 90' lang='lat' dir='ltr'><strong>tempus</strong></span> <span class='ocrx_word' id='word_1_772' title='bbox 2885 3494 3013 3549; x_wconf 91' lang='lat' dir='ltr'><strong>illud</strong></span> <span class='ocrx_word' id='word_1_773' title='bbox 3066 3496 3135 3549; x_wconf 86' lang='lat' dir='ltr'><strong>ab</strong></span> <span class='ocrx_word' id='word_1_774' title='bbox 3181 3497 3579 3558; x_wconf 85' lang='lat' dir='ltr'><strong>immundarum</strong></span> 
     </span>
    </p>
   </div>
   <div class='ocr_carea' id='block_1_97' title="bbox 1978 3584 3583 3656">
    <p class='ocr_par' dir='ltr' id='par_1_97' title="bbox 1978 3584 3583 3656">
     <span class='ocr_line' id='line_1_97' title="bbox 1978 3584 3583 3656; baseline 0.006 -18"><span class='ocrx_word' id='word_1_775' title='bbox 1978 3586 2359 3654; x_wconf 80' lang='lat' dir='ltr'><strong>Cogitationum</strong></span> <span class='ocrx_word' id='word_1_776' title='bbox 2404 3584 2674 3639; x_wconf 90' lang='lat' dir='ltr'><strong>illecebris</strong></span> <span class='ocrx_word' id='word_1_777' title='bbox 2717 3584 3010 3652; x_wconf 89' lang='lat' dir='ltr'><strong>liberatur,</strong></span> <span class='ocrx_word' id='word_1_778' title='bbox 3059 3586 3224 3640; x_wconf 91' lang='lat' dir='ltr'><strong>multa</strong></span> <span class='ocrx_word' id='word_1_779' title='bbox 3283 3592 3463 3656; x_wconf 89' lang='lat' dir='ltr'><strong>quiete</strong></span> <span class='ocrx_word' id='word_1_780' title='bbox 3516 3605 3583 3648; x_wconf 85' lang='lat' dir='ltr'><strong>ac</strong></span> 
     </span>
    </p>
   </div>
   <div class='ocr_carea' id='block_1_98' title="bbox 1983 3676 3581 3748">
    <p class='ocr_par' dir='ltr' id='par_1_98' title="bbox 1983 3676 3581 3748">
     <span class='ocr_line' id='line_1_98' title="bbox 1983 3676 3581 3748; baseline 0.006 -18"><span class='ocrx_word' id='word_1_781' title='bbox 1983 3678 2363 3747; x_wconf 88' lang='lat' dir='ltr'><strong>tranquillitate</strong></span> <span class='ocrx_word' id='word_1_782' title='bbox 2391 3676 2592 3731; x_wconf 88' lang='lat' dir='ltr'><strong>fruens.</strong></span> <span class='ocrx_word' id='word_1_783' title='bbox 2628 3676 2850 3747; x_wconf 90' lang='lat' dir='ltr'><strong>Insuper</strong></span> <span class='ocrx_word' id='word_1_784' title='bbox 2874 3676 3017 3746; x_wconf 90' lang='lat' dir='ltr'><strong>quod</strong></span> <span class='ocrx_word' id='word_1_785' title='bbox 3047 3676 3112 3732; x_wconf 88' lang='lat' dir='ltr'><strong>ad</strong></span> <span class='ocrx_word' id='word_1_786' title='bbox 3136 3679 3409 3748; x_wconf 84' lang='lat' dir='ltr'><strong>augendas</strong></span> <span class='ocrx_word' id='word_1_787' title='bbox 3436 3681 3581 3739; x_wconf 85' lang='lat' dir='ltr'><strong>vires</strong></span> 
     </span>
    </p>
   </div>
   <div class='ocr_carea' id='block_1_99' title="bbox 1980 3766 3583 3837">
    <p class='ocr_par' dir='ltr' id='par_1_99' title="bbox 1980 3766 3583 3837">
     <span class='ocr_line' id='line_1_99' title="bbox 1980 3766 3583 3837; baseline 0.002 -14"><span class='ocrx_word' id='word_1_788' title='bbox 1980 3767 2221 3837; x_wconf 86' lang='lat' dir='ltr'><strong>corporis</strong></span> <span class='ocrx_word' id='word_1_789' title='bbox 2256 3766 2524 3822; x_wconf 87' lang='lat' dir='ltr'><strong>sensibilis</strong></span> <span class='ocrx_word' id='word_1_790' title='bbox 2562 3767 2653 3821; x_wconf 91' lang='lat' dir='ltr'><strong>ille</strong></span> <span class='ocrx_word' id='word_1_791' title='bbox 2689 3767 2841 3821; x_wconf 90' lang='lat' dir='ltr'><strong>cibus</strong></span> <span class='ocrx_word' id='word_1_792' title='bbox 2869 3766 3026 3830; x_wconf 88' lang='lat' dir='ltr'><strong>facit,</strong></span> <span class='ocrx_word' id='word_1_793' title='bbox 3078 3767 3127 3822; x_wconf 89' lang='lat' dir='ltr'><strong>id</strong></span> <span class='ocrx_word' id='word_1_794' title='bbox 3175 3770 3370 3824; x_wconf 80' lang='lat' dir='ltr'><strong>auinue</strong></span> <span class='ocrx_word' id='word_1_795' title='bbox 3421 3769 3583 3828; x_wconf 88' lang='lat' dir='ltr'><strong>lectio</strong></span> 
     </span>
    </p>
   </div>
   <div class='ocr_carea' id='block_1_100' title="bbox 1983 3859 3582 3931">
    <p class='ocr_par' dir='ltr' id='par_1_100' title="bbox 1983 3859 3582 3931">
     <span class='ocr_line' id='line_1_100' title="bbox 1983 3859 3582 3931; baseline 0.003 -16"><span class='ocrx_word' id='word_1_796' title='bbox 1983 3870 2218 3931; x_wconf 66' lang='lat' dir='ltr'><strong>praestat.</strong></span> <span class='ocrx_word' id='word_1_797' title='bbox 2261 3859 2548 3930; x_wconf 89' lang='lat' dir='ltr'><strong>Spirituale</strong></span> <span class='ocrx_word' id='word_1_798' title='bbox 2589 3861 2732 3914; x_wconf 92' lang='lat' dir='ltr'><strong>enim</strong></span> <span class='ocrx_word' id='word_1_799' title='bbox 2780 3860 3093 3915; x_wconf 90' lang='lat' dir='ltr'><strong>alimentum</strong></span> <span class='ocrx_word' id='word_1_800' title='bbox 3140 3869 3254 3922; x_wconf 89' lang='lat' dir='ltr'><strong>est,</strong></span> <span class='ocrx_word' id='word_1_801' title='bbox 3306 3868 3359 3916; x_wconf 90' lang='lat' dir='ltr'><strong>et</strong></span> <span class='ocrx_word' id='word_1_802' title='bbox 3389 3862 3582 3920; x_wconf 87' lang='lat' dir='ltr'><strong>fortem</strong></span> 
     </span>
    </p>
   </div>
   <div class='ocr_carea' id='block_1_101' title="bbox 1981 3952 3578 4025">
    <p class='ocr_par' dir='ltr' id='par_1_101' title="bbox 1981 3952 3578 4025">
     <span class='ocr_line' id='line_1_101' title="bbox 1981 3952 3578 4025; baseline 0.001 -17"><span class='ocrx_word' id='word_1_803' title='bbox 1981 3952 2157 4008; x_wconf 86' lang='lat' dir='ltr'><strong>reddit</strong></span> <span class='ocrx_word' id='word_1_804' title='bbox 2185 3952 2441 4018; x_wconf 89' lang='lat' dir='ltr'><strong>animam,</strong></span> <span class='ocrx_word' id='word_1_805' title='bbox 2464 3962 2515 4007; x_wconf 88' lang='lat' dir='ltr'><strong>et</strong></span> <span class='ocrx_word' id='word_1_806' title='bbox 2536 3954 2981 4017; x_wconf 82' lang='lat' dir='ltr'><strong>constantiorem,</strong></span> <span class='ocrx_word' id='word_1_807' title='bbox 3034 3963 3087 4007; x_wconf 88' lang='lat' dir='ltr'><strong>et</strong></span> <span class='ocrx_word' id='word_1_808' title='bbox 3118 3955 3288 4022; x_wconf 88' lang='lat' dir='ltr'><strong>magis</strong></span> <span class='ocrx_word' id='word_1_809' title='bbox 3332 3956 3578 4025; x_wconf 82' lang='lat' dir='ltr'><strong>philoso-</strong></span> 
     </span>
    </p>
   </div>
   <div class='ocr_carea' id='block_1_102' title="bbox 1984 4042 3586 4115">
    <p class='ocr_par' dir='ltr' id='par_1_102' title="bbox 1984 4042 3586 4115">
     <span class='ocr_line' id='line_1_102' title="bbox 1984 4042 3586 4115; baseline 0.004 -17"><span class='ocrx_word' id='word_1_810' title='bbox 1984 4044 2218 4115; x_wconf 88' lang='lat' dir='ltr'><strong>phicam,</strong></span> <span class='ocrx_word' id='word_1_811' title='bbox 2251 4058 2355 4096; x_wconf 93' lang='lat' dir='ltr'><strong>non</strong></span> <span class='ocrx_word' id='word_1_812' title='bbox 2392 4044 2710 4112; x_wconf 86' lang='lat' dir='ltr'><strong>permittens</strong></span> <span class='ocrx_word' id='word_1_813' title='bbox 2741 4054 2798 4099; x_wconf 89' lang='lat' dir='ltr'><strong>ut</strong></span> <span class='ocrx_word' id='word_1_814' title='bbox 2842 4046 2910 4099; x_wconf 89' lang='lat' dir='ltr'><strong>ab</strong></span> <span class='ocrx_word' id='word_1_815' title='bbox 2939 4042 3311 4100; x_wconf 75' lang='lat' dir='ltr'><strong>affectionibus</strong></span> <span class='ocrx_word' id='word_1_816' title='bbox 3338 4048 3586 4104; x_wconf 72' lang='lat' dir='ltr'><strong>absurdis</strong></span> 
     </span>
    </p>
   </div>
   <div class='ocr_carea' id='block_1_103' title="bbox 1966 4133 3584 4207">
    <p class='ocr_par' dir='ltr' id='par_1_103' title="bbox 1966 4133 3584 4207">
     <span class='ocr_line' id='line_1_103' title="bbox 1966 4133 3584 4207; baseline 0.002 -16"><span class='ocrx_word' id='word_1_817' title='bbox 1966 4135 2251 4205; x_wconf 80' lang='lat' dir='ltr'><strong>‘Capiatur:</strong></span> <span class='ocrx_word' id='word_1_818' title='bbox 2271 4133 2363 4189; x_wconf 87' lang='lat' dir='ltr'><strong>sed</strong></span> <span class='ocrx_word' id='word_1_819' title='bbox 2384 4134 2552 4189; x_wconf 84' lang='lat' dir='ltr'><strong>levem</strong></span> <span class='ocrx_word' id='word_1_820' title='bbox 2572 4143 2626 4189; x_wconf 87' lang='lat' dir='ltr'><strong>et</strong></span> <span class='ocrx_word' id='word_1_821' title='bbox 2646 4135 2840 4188; x_wconf 88' lang='lat' dir='ltr'><strong>alatam</strong></span> <span class='ocrx_word' id='word_1_822' title='bbox 2862 4134 3083 4199; x_wconf 86' lang='lat' dir='ltr'><strong>faciens,</strong></span> <span class='ocrx_word' id='word_1_823' title='bbox 3120 4135 3172 4188; x_wconf 92' lang='lat' dir='ltr'><strong>in</strong></span> <span class='ocrx_word' id='word_1_824' title='bbox 3196 4136 3387 4191; x_wconf 75' lang='lat' dir='ltr'><strong>cadum</strong></span> <span class='ocrx_word' id='word_1_825' title='bbox 3412 4138 3584 4207; x_wconf 87' lang='lat' dir='ltr'><strong>ipsum</strong></span> 
     </span>
    </p>
   </div>
   <div class='ocr_carea' id='block_1_104' title="bbox 1982 4223 3586 4295">
    <p class='ocr_par' dir='ltr' id='par_1_104' title="bbox 1982 4223 3586 4295">
     <span class='ocr_line' id='line_1_104' title="bbox 1982 4223 3586 4295; baseline 0.002 -18"><span class='ocrx_word' id='word_1_826' title='bbox 1982 4225 2370 4295; x_wconf 89' lang='lat' dir='ltr'><strong>propemodum</strong></span> <span class='ocrx_word' id='word_1_827' title='bbox 2400 4225 2671 4279; x_wconf 86' lang='lat' dir='ltr'><strong>transfert.</strong></span> <span class='ocrx_word' id='word_1_828' title='bbox 2717 4223 2943 4277; x_wconf 85' lang='lat' dir='ltr'><strong>Tantum</strong></span> <span class='ocrx_word' id='word_1_829' title='bbox 2994 4224 3151 4293; x_wconf 83' lang='lat' dir='ltr'><strong>igitur</strong></span> <span class='ocrx_word' id='word_1_830' title='bbox 3178 4224 3382 4278; x_wconf 90' lang='lat' dir='ltr'><strong>luermn</strong></span> <span class='ocrx_word' id='word_1_831' title='bbox 3403 4268 3415 4288; x_wconf 86' lang='lat'><strong>,</strong></span> <span class='ocrx_word' id='word_1_832' title='bbox 3447 4243 3544 4281; x_wconf 83' lang='lat' dir='ltr'><strong>oro</strong></span> <span class='ocrx_word' id='word_1_833' title='bbox 3568 4269 3586 4295; x_wconf 85' lang='lat'><strong>,</strong></span> 
     </span>
    </p>
   </div>
   <div class='ocr_carea' id='block_1_105' title="bbox 1986 4313 3588 4385">
    <p class='ocr_par' dir='ltr' id='par_1_105' title="bbox 1986 4313 3588 4385">
     <span class='ocr_line' id='line_1_105' title="bbox 1986 4313 3588 4385; baseline 0.001 -16"><span class='ocrx_word' id='word_1_834' title='bbox 1986 4329 2055 4369; x_wconf 89' lang='lat' dir='ltr'><strong>ne</strong></span> <span class='ocrx_word' id='word_1_835' title='bbox 2082 4330 2179 4385; x_wconf 81' lang='lat' dir='ltr'><strong>per</strong></span> <span class='ocrx_word' id='word_1_836' title='bbox 2210 4314 2591 4385; x_wconf 85' lang='lat' dir='ltr'><strong>negligentiam</strong></span> <span class='ocrx_word' id='word_1_837' title='bbox 2620 4314 2951 4376; x_wconf 89' lang='lat' dir='ltr'><strong>amittamus,</strong></span> <span class='ocrx_word' id='word_1_838' title='bbox 2984 4313 3077 4366; x_wconf 85' lang='lat' dir='ltr'><strong>sed</strong></span> <span class='ocrx_word' id='word_1_839' title='bbox 3110 4313 3271 4366; x_wconf 88' lang='lat' dir='ltr'><strong>etiam</strong></span> <span class='ocrx_word' id='word_1_840' title='bbox 3309 4313 3452 4369; x_wconf 79' lang='grc' dir='ltr'><strong>(Ιοηιί</strong></span> <span class='ocrx_word' id='word_1_841' title='bbox 3494 4330 3588 4370; x_wconf 83' lang='lat' dir='ltr'><strong>va-</strong></span> 
     </span>
    </p>
   </div>
   <div class='ocr_carea' id='block_1_106' title="bbox 1985 4404 3587 4475">
    <p class='ocr_par' dir='ltr' id='par_1_106' title="bbox 1985 4404 3587 4475">
     <span class='ocr_line' id='line_1_106' title="bbox 1985 4404 3587 4475; baseline 0 -12"><span class='ocrx_word' id='word_1_842' title='bbox 1985 4422 2170 4463; x_wconf 89' lang='lat' dir='ltr'><strong>cemus</strong></span> <span class='ocrx_word' id='word_1_843' title='bbox 2196 4406 2499 4462; x_wconf 85' lang='lat' dir='ltr'><strong>divinarum</strong></span> <span class='ocrx_word' id='word_1_844' title='bbox 2526 4406 2921 4474; x_wconf 81' lang='lat' dir='ltr'><strong>Scripturarum</strong></span> <span class='ocrx_word' id='word_1_845' title='bbox 2963 4404 3177 4458; x_wconf 90' lang='lat' dir='ltr'><strong>lectioni</strong></span> <span class='ocrx_word' id='word_1_846' title='bbox 3197 4446 3211 4468; x_wconf 89' lang='lat'><strong>,</strong></span> <span class='ocrx_word' id='word_1_847' title='bbox 3241 4414 3295 4458; x_wconf 86' lang='lat' dir='ltr'><strong>et</strong></span> <span class='ocrx_word' id='word_1_848' title='bbox 3336 4405 3422 4461; x_wconf 88' lang='lat' dir='ltr'><strong>hic</strong></span> <span class='ocrx_word' id='word_1_849' title='bbox 3450 4422 3587 4475; x_wconf 78' lang='lat' dir='ltr'><strong>pra:-</strong></span> 
     </span>
    </p>
   </div>
   <div class='ocr_carea' id='block_1_107' title="bbox 1986 4494 3585 4566">
    <p class='ocr_par' dir='ltr' id='par_1_107' title="bbox 1986 4494 3585 4566">
     <span class='ocr_line' id='line_1_107' title="bbox 1986 4494 3585 4566; baseline 0 -13"><span class='ocrx_word' id='word_1_850' title='bbox 1986 4507 2169 4553; x_wconf 88' lang='lat' dir='ltr'><strong>scntes</strong></span> <span class='ocrx_word' id='word_1_851' title='bbox 2205 4514 2309 4551; x_wconf 88' lang='lat' dir='ltr'><strong>non</strong></span> <span class='ocrx_word' id='word_1_852' title='bbox 2340 4497 2391 4551; x_wconf 90' lang='lat' dir='ltr'><strong>in</strong></span> <span class='ocrx_word' id='word_1_853' title='bbox 2428 4497 2585 4566; x_wconf 80' lang='lat' dir='ltr'><strong>nugis</strong></span> <span class='ocrx_word' id='word_1_854' title='bbox 2626 4504 2681 4549; x_wconf 88' lang='lat' dir='ltr'><strong>et</strong></span> <span class='ocrx_word' id='word_1_855' title='bbox 2724 4494 3001 4549; x_wconf 87' lang='lat' dir='ltr'><strong>inutilibus</strong></span> <span class='ocrx_word' id='word_1_856' title='bbox 3039 4494 3323 4563; x_wconf 85' lang='lat' dir='ltr'><strong>colloquiis</strong></span> <span class='ocrx_word' id='word_1_857' title='bbox 3373 4505 3585 4566; x_wconf 89' lang='lat' dir='ltr'><strong>tempus</strong></span> 
     </span>
    </p>
   </div>
   <div class='ocr_carea' id='block_1_108' title="bbox 1988 4584 3588 4656">
    <p class='ocr_par' dir='ltr' id='par_1_108' title="bbox 1988 4584 3588 4656">
     <span class='ocr_line' id='line_1_108' title="bbox 1988 4584 3588 4656; baseline -0.006 -13"><span class='ocrx_word' id='word_1_858' title='bbox 1988 4589 2321 4643; x_wconf 88' lang='lat' dir='ltr'><strong>insumamus</strong></span> <span class='ocrx_word' id='word_1_859' title='bbox 2352 4604 2366 4641; x_wconf 88' lang='lat'><strong>:</strong></span> <span class='ocrx_word' id='word_1_860' title='bbox 2399 4586 2494 4641; x_wconf 90' lang='lat' dir='ltr'><strong>sed</strong></span> <span class='ocrx_word' id='word_1_861' title='bbox 2525 4597 2741 4656; x_wconf 90' lang='lat' dir='ltr'><strong>propter</strong></span> <span class='ocrx_word' id='word_1_862' title='bbox 2768 4584 2909 4653; x_wconf 90' lang='lat' dir='ltr'><strong>quod</strong></span> <span class='ocrx_word' id='word_1_863' title='bbox 2941 4586 3313 4649; x_wconf 83' lang='lat' dir='ltr'><strong>convenimus,</strong></span> <span class='ocrx_word' id='word_1_864' title='bbox 3345 4589 3588 4645; x_wconf 76' lang='lat' dir='ltr'><strong>atlcnda.</strong></span> 
     </span>
    </p>
   </div>
   <div class='ocr_carea' id='block_1_109' title="bbox 1988 4672 3591 4748">
    <p class='ocr_par' dir='ltr' id='par_1_109' title="bbox 1988 4672 3591 4748">
     <span class='ocr_line' id='line_1_109' title="bbox 1988 4672 3591 4748; baseline 0.002 -17"><span class='ocrx_word' id='word_1_865' title='bbox 1988 4692 2111 4733; x_wconf 84' lang='lat' dir='ltr'><strong>mus</strong></span> <span class='ocrx_word' id='word_1_866' title='bbox 2150 4693 2271 4748; x_wconf 68' lang='lat' dir='ltr'><strong>quae</strong></span> <span class='ocrx_word' id='word_1_867' title='bbox 2299 4676 2577 4746; x_wconf 85' lang='lat' dir='ltr'><strong>legantur,</strong></span> <span class='ocrx_word' id='word_1_868' title='bbox 2623 4684 2682 4729; x_wconf 91' lang='lat' dir='ltr'><strong>ut</strong></span> <span class='ocrx_word' id='word_1_869' title='bbox 2722 4674 2910 4741; x_wconf 87' lang='lat' dir='ltr'><strong>majori</strong></span> <span class='ocrx_word' id='word_1_870' title='bbox 2953 4672 3087 4727; x_wconf 75' lang='lat' dir='ltr'><strong>inde</strong></span> <span class='ocrx_word' id='word_1_871' title='bbox 3118 4672 3290 4729; x_wconf 87' lang='lat' dir='ltr'><strong>fructu</strong></span> <span class='ocrx_word' id='word_1_872' title='bbox 3336 4687 3591 4746; x_wconf 85' lang='lat' dir='ltr'><strong>petcepto</strong></span> 
     </span>
    </p>
   </div>
   <div class='ocr_carea' id='block_1_110' title="bbox 1990 4763 3590 4836">
    <p class='ocr_par' dir='ltr' id='par_1_110' title="bbox 1990 4763 3590 4836">
     <span class='ocr_line' id='line_1_110' title="bbox 1990 4763 3590 4836; baseline -0.001 -12"><span class='ocrx_word' id='word_1_873' title='bbox 1990 4768 2271 4824; x_wconf 88' lang='lat' dir='ltr'><strong>discedere</strong></span> <span class='ocrx_word' id='word_1_874' title='bbox 2294 4768 2471 4821; x_wconf 88' lang='lat' dir='ltr'><strong>liceat.</strong></span> <span class='ocrx_word' id='word_1_875' title='bbox 2504 4765 2655 4832; x_wconf 87' lang='lat' dir='ltr'><strong>Quod</strong></span> <span class='ocrx_word' id='word_1_876' title='bbox 2682 4765 2723 4817; x_wconf 91' lang='lat' dir='ltr'><strong>si</strong></span> <span class='ocrx_word' id='word_1_877' title='bbox 2756 4765 2860 4818; x_wconf 85' lang='lat' dir='ltr'><strong>huc</strong></span> <span class='ocrx_word' id='word_1_878' title='bbox 2887 4763 3218 4833; x_wconf 78' lang='lat' dir='ltr'><strong>ingressi,ad</strong></span> <span class='ocrx_word' id='word_1_879' title='bbox 3251 4764 3590 4836; x_wconf 84' lang='lat' dir='ltr'><strong>intempesti-</strong></span> 
     </span>
    </p>
   </div>
   <div class='ocr_carea' id='block_1_111' title="bbox 1992 4855 3593 4927">
    <p class='ocr_par' dir='ltr' id='par_1_111' title="bbox 1992 4855 3593 4927">
     <span class='ocr_line' id='line_1_111' title="bbox 1992 4855 3593 4927; baseline -0.001 -13"><span class='ocrx_word' id='word_1_880' title='bbox 1992 4875 2089 4914; x_wconf 89' lang='lat' dir='ltr'><strong>vas</strong></span> <span class='ocrx_word' id='word_1_881' title='bbox 2116 4869 2169 4914; x_wconf 92' lang='lat' dir='ltr'><strong>et</strong></span> <span class='ocrx_word' id='word_1_882' title='bbox 2192 4859 2402 4911; x_wconf 89' lang='lat' dir='ltr'><strong>inutiles</strong></span> <span class='ocrx_word' id='word_1_883' title='bbox 2419 4855 2880 4911; x_wconf 85' lang='lat' dir='ltr'><strong>confabulationes</strong></span> <span class='ocrx_word' id='word_1_884' title='bbox 2892 4870 2987 4908; x_wconf 88' lang='lat' dir='ltr'><strong>vos</strong></span> <span class='ocrx_word' id='word_1_885' title='bbox 3011 4855 3289 4921; x_wconf 87' lang='lat' dir='ltr'><strong>confertis,</strong></span> <span class='ocrx_word' id='word_1_886' title='bbox 3308 4866 3361 4910; x_wconf 93' lang='lat' dir='ltr'><strong>et</strong></span> <span class='ocrx_word' id='word_1_887' title='bbox 3388 4858 3593 4927; x_wconf 81' lang='lat' dir='ltr'><strong>absque</strong></span> 
     </span>
    </p>
   </div>
   <div class='ocr_carea' id='block_1_112' title="bbox 1990 4946 3595 5021">
    <p class='ocr_par' dir='ltr' id='par_1_112' title="bbox 1990 4946 3595 5021">
     <span class='ocr_line' id='line_1_112' title="bbox 1990 4946 3595 5021; baseline -0.003 -14"><span class='ocrx_word' id='word_1_888' title='bbox 1990 4952 2236 5021; x_wconf 88' lang='lat' dir='ltr'><strong>ampliori</strong></span> <span class='ocrx_word' id='word_1_889' title='bbox 2266 4948 2441 5004; x_wconf 88' lang='lat' dir='ltr'><strong>fructu</strong></span> <span class='ocrx_word' id='word_1_890' title='bbox 2467 4948 2592 5003; x_wconf 90' lang='lat' dir='ltr'><strong>hinc</strong></span> <span class='ocrx_word' id='word_1_891' title='bbox 2616 4947 2795 5009; x_wconf 85' lang='lat' dir='ltr'><strong>abitis,</strong></span> <span class='ocrx_word' id='word_1_892' title='bbox 2820 4961 2939 5017; x_wconf 70' lang='lat' dir='ltr'><strong>qua:</strong></span> <span class='ocrx_word' id='word_1_893' title='bbox 2961 4946 3201 5000; x_wconf 74' lang='lat' dir='ltr'><strong>utilitas?</strong></span> <span class='ocrx_word' id='word_1_894' title='bbox 3224 4948 3417 5001; x_wconf 85' lang='lat' dir='ltr'><strong>Annon</strong></span> <span class='ocrx_word' id='word_1_895' title='bbox 3446 4950 3595 5008; x_wconf 81' lang='lat' dir='ltr'><strong>enim</strong></span> 
     </span>
    </p>
   </div>
   <div class='ocr_carea' id='block_1_113' title="bbox 1991 5038 3597 5111">
    <p class='ocr_par' dir='ltr' id='par_1_113' title="bbox 1991 5038 3597 5111">
     <span class='ocr_line' id='line_1_113' title="bbox 1991 5038 3597 5111; baseline -0.003 -11"><span class='ocrx_word' id='word_1_896' title='bbox 1991 5046 2282 5101; x_wconf 88' lang='lat' dir='ltr'><strong>absurdum</strong></span> <span class='ocrx_word' id='word_1_897' title='bbox 2310 5052 2410 5107; x_wconf 89' lang='lat' dir='ltr'><strong>est,</strong></span> <span class='ocrx_word' id='word_1_898' title='bbox 2435 5057 2528 5097; x_wconf 88' lang='lat' dir='ltr'><strong>eos</strong></span> <span class='ocrx_word' id='word_1_899' title='bbox 2545 5042 2634 5111; x_wconf 91' lang='lat' dir='ltr'><strong>qui</strong></span> <span class='ocrx_word' id='word_1_900' title='bbox 2665 5041 2729 5093; x_wconf 89' lang='lat' dir='ltr'><strong>ad</strong></span> <span class='ocrx_word' id='word_1_901' title='bbox 2759 5040 3042 5098; x_wconf 74' lang='lat' dir='ltr'><strong>smculares</strong></span> <span class='ocrx_word' id='word_1_902' title='bbox 3071 5038 3335 5093; x_wconf 84' lang='lat' dir='ltr'><strong>nundinas</strong></span> <span class='ocrx_word' id='word_1_903' title='bbox 3353 5042 3597 5111; x_wconf 67' lang='lat' dir='ltr'><strong>veniunt,</strong></span> 
     </span>
    </p>
   </div>
   <div class='ocr_carea' id='block_1_114' title="bbox 1992 5130 3592 5203">
    <p class='ocr_par' dir='ltr' id='par_1_114' title="bbox 1992 5130 3592 5203">
     <span class='ocr_line' id='line_1_114' title="bbox 1992 5130 3592 5203; baseline -0.004 -10"><span class='ocrx_word' id='word_1_904' title='bbox 1992 5137 2251 5193; x_wconf 88' lang='lat' dir='ltr'><strong>sollicitos</strong></span> <span class='ocrx_word' id='word_1_905' title='bbox 2299 5150 2421 5191; x_wconf 84' lang='lat' dir='ltr'><strong>esse</strong></span> <span class='ocrx_word' id='word_1_906' title='bbox 2468 5145 2522 5187; x_wconf 90' lang='lat' dir='ltr'><strong>ut</strong></span> <span class='ocrx_word' id='word_1_907' title='bbox 2554 5143 2836 5203; x_wconf 89' lang='lat' dir='ltr'><strong>antequam</strong></span> <span class='ocrx_word' id='word_1_908' title='bbox 2869 5130 3123 5196; x_wconf 88' lang='lat' dir='ltr'><strong>redeant,</strong></span> <span class='ocrx_word' id='word_1_909' title='bbox 3157 5132 3333 5184; x_wconf 87' lang='lat' dir='ltr'><strong>omnia</strong></span> <span class='ocrx_word' id='word_1_910' title='bbox 3363 5148 3481 5200; x_wconf 75' lang='lat' dir='ltr'><strong>qua:</strong></span> <span class='ocrx_word' id='word_1_911' title='bbox 3526 5150 3592 5190; x_wconf 87' lang='lat' dir='ltr'><strong>ex</strong></span> 
     </span>
    </p>
   </div>
   <div class='ocr_carea' id='block_1_115' title="bbox 1995 5222 3595 5298">
    <p class='ocr_par' dir='ltr' id='par_1_115' title="bbox 1995 5222 3595 5298">
     <span class='ocr_line' id='line_1_115' title="bbox 1995 5222 3595 5298; baseline -0.006 -12"><span class='ocrx_word' id='word_1_912' title='bbox 1995 5230 2249 5286; x_wconf 89' lang='lat' dir='ltr'><strong>nundinis</strong></span> <span class='ocrx_word' id='word_1_913' title='bbox 2276 5235 2485 5298; x_wconf 89' lang='lat' dir='ltr'><strong>oportet</strong></span> <span class='ocrx_word' id='word_1_914' title='bbox 2517 5227 2767 5294; x_wconf 85' lang='lat' dir='ltr'><strong>capiant,</strong></span> <span class='ocrx_word' id='word_1_915' title='bbox 2800 5224 2923 5277; x_wconf 89' lang='lat' dir='ltr'><strong>licet</strong></span> <span class='ocrx_word' id='word_1_916' title='bbox 2952 5222 3191 5292; x_wconf 79' lang='lat' dir='ltr'><strong>pecunia:</strong></span> <span class='ocrx_word' id='word_1_917' title='bbox 3219 5222 3595 5292; x_wconf 72' lang='lat' dir='ltr'><strong>impendenda:</strong></span> 
     </span>
    </p>
   </div>
   <div class='ocr_carea' id='block_1_116' title="bbox 1994 5312 3593 5381">
    <p class='ocr_par' dir='ltr' id='par_1_116' title="bbox 1994 5312 3593 5381">
     <span class='ocr_line' id='line_1_116' title="bbox 1994 5312 3593 5381; baseline -0.006 -3"><span class='ocrx_word' id='word_1_918' title='bbox 1994 5323 2104 5379; x_wconf 90' lang='lat' dir='ltr'><strong>sint</strong></span> <span class='ocrx_word' id='word_1_919' title='bbox 2130 5338 2145 5375; x_wconf 90' lang='lat'><strong>:</strong></span> <span class='ocrx_word' id='word_1_920' title='bbox 2172 5336 2266 5376; x_wconf 73' lang='lat' dir='ltr'><strong>eos</strong></span> <span class='ocrx_word' id='word_1_921' title='bbox 2293 5329 2471 5372; x_wconf 88' lang='lat' dir='ltr'><strong>autem</strong></span> <span class='ocrx_word' id='word_1_922' title='bbox 2501 5316 2591 5377; x_wconf 82' lang='lat' dir='ltr'><strong>qui</strong></span> <span class='ocrx_word' id='word_1_923' title='bbox 2622 5316 2726 5370; x_wconf 91' lang='lat' dir='ltr'><strong>huc</strong></span> <span class='ocrx_word' id='word_1_924' title='bbox 2750 5314 2816 5368; x_wconf 87' lang='lat' dir='ltr'><strong>ad</strong></span> <span class='ocrx_word' id='word_1_925' title='bbox 2845 5312 3150 5381; x_wconf 85' lang='lat' dir='ltr'><strong>spirituales</strong></span> <span class='ocrx_word' id='word_1_926' title='bbox 3195 5312 3291 5367; x_wconf 90' lang='lat' dir='ltr'><strong>has</strong></span> <span class='ocrx_word' id='word_1_927' title='bbox 3328 5312 3593 5369; x_wconf 80' lang='lat' dir='ltr'><strong>nundinas</strong></span> 
     </span>
    </p>
   </div>
   <div class='ocr_carea' id='block_1_117' title="bbox 1995 5405 3593 5478">
    <p class='ocr_par' dir='ltr' id='par_1_117' title="bbox 1995 5405 3593 5478">
     <span class='ocr_line' id='line_1_117' title="bbox 1995 5405 3593 5478; baseline -0.004 -11"><span class='ocrx_word' id='word_1_928' title='bbox 1995 5415 2250 5478; x_wconf 87' lang='lat' dir='ltr'><strong>veniunt,</strong></span> <span class='ocrx_word' id='word_1_929' title='bbox 2296 5424 2401 5465; x_wconf 66' lang='lat' dir='ltr'><strong>non</strong></span> <span class='ocrx_word' id='word_1_930' title='bbox 2441 5423 2605 5465; x_wconf 88' lang='lat' dir='ltr'><strong>omne</strong></span> <span class='ocrx_word' id='word_1_931' title='bbox 2652 5406 2891 5464; x_wconf 88' lang='lat' dir='ltr'><strong>studium</strong></span> <span class='ocrx_word' id='word_1_932' title='bbox 2924 5405 3252 5477; x_wconf 83' lang='lat' dir='ltr'><strong>impendere,</strong></span> <span class='ocrx_word' id='word_1_933' title='bbox 3284 5408 3593 5476; x_wconf 81' lang='lat' dir='ltr'><strong>utaceeptis</strong></span> 
     </span>
    </p>
   </div>
   <div class='ocr_carea' id='block_1_118' title="bbox 1998 5496 3593 5570">
    <p class='ocr_par' dir='ltr' id='par_1_118' title="bbox 1998 5496 3593 5570">
     <span class='ocr_line' id='line_1_118' title="bbox 1998 5496 3593 5570; baseline -0.006 -10"><span class='ocrx_word' id='word_1_934' title='bbox 1998 5506 2245 5570; x_wconf 88' lang='lat' dir='ltr'><strong>utilibus,</strong></span> <span class='ocrx_word' id='word_1_935' title='bbox 2296 5512 2353 5557; x_wconf 89' lang='lat' dir='ltr'><strong>et</strong></span> <span class='ocrx_word' id='word_1_936' title='bbox 2404 5503 2457 5556; x_wconf 86' lang='lat' dir='ltr'><strong>in</strong></span> <span class='ocrx_word' id='word_1_937' title='bbox 2506 5500 2682 5554; x_wconf 90' lang='lat' dir='ltr'><strong>anima</strong></span> <span class='ocrx_word' id='word_1_938' title='bbox 2713 5498 2993 5567; x_wconf 86' lang='lat' dir='ltr'><strong>depositis,</strong></span> <span class='ocrx_word' id='word_1_939' title='bbox 3034 5496 3319 5561; x_wconf 88' lang='lat' dir='ltr'><strong>recedant;</strong></span> <span class='ocrx_word' id='word_1_940' title='bbox 3363 5498 3593 5552; x_wconf 86' lang='lat' dir='ltr'><strong>maxime</strong></span> 
     </span>
    </p>
   </div>
   <div class='ocr_carea' id='block_1_119' title="bbox 1996 5589 3593 5665">
    <p class='ocr_par' dir='ltr' id='par_1_119' title="bbox 1996 5589 3593 5665">
     <span class='ocr_line' id='line_1_119' title="bbox 1996 5589 3593 5665; baseline -0.006 -12"><span class='ocrx_word' id='word_1_941' title='bbox 1996 5616 2117 5654; x_wconf 91' lang='lat' dir='ltr'><strong>cum</strong></span> <span class='ocrx_word' id='word_1_942' title='bbox 2155 5597 2302 5653; x_wconf 88' lang='lat' dir='ltr'><strong>nullo</strong></span> <span class='ocrx_word' id='word_1_943' title='bbox 2327 5595 2675 5665; x_wconf 87' lang='lat' dir='ltr'><strong>pecuniarum</strong></span> <span class='ocrx_word' id='word_1_944' title='bbox 2694 5600 2909 5662; x_wconf 88' lang='lat' dir='ltr'><strong>sumptu</strong></span> <span class='ocrx_word' id='word_1_945' title='bbox 2934 5590 3019 5645; x_wconf 84' lang='lat' dir='ltr'><strong>hic</strong></span> <span class='ocrx_word' id='word_1_946' title='bbox 3046 5605 3182 5660; x_wconf 86' lang='lat' dir='ltr'><strong>opus</strong></span> <span class='ocrx_word' id='word_1_947' title='bbox 3208 5600 3278 5643; x_wconf 77' lang='lat' dir='ltr'><strong>sit</strong></span> <span class='ocrx_word' id='word_1_948' title='bbox 3298 5632 3311 5651; x_wconf 92' lang='lat'><strong>,</strong></span> <span class='ocrx_word' id='word_1_949' title='bbox 3347 5589 3440 5643; x_wconf 87' lang='lat' dir='ltr'><strong>sed</strong></span> <span class='ocrx_word' id='word_1_950' title='bbox 3477 5590 3593 5645; x_wconf 86' lang='lat' dir='ltr'><strong>ala-</strong></span> 
     </span>
    </p>
   </div>
   <div class='ocr_carea' id='block_1_120' title="bbox 1997 5678 3596 5750">
    <p class='ocr_par' dir='ltr' id='par_1_120' title="bbox 1997 5678 3596 5750">
     <span class='ocr_line' id='line_1_120' title="bbox 1997 5678 3596 5750; baseline -0.006 -5"><span class='ocrx_word' id='word_1_951' title='bbox 1997 5691 2190 5747; x_wconf 89' lang='lat' dir='ltr'><strong>critate</strong></span> <span class='ocrx_word' id='word_1_952' title='bbox 2217 5689 2326 5743; x_wconf 83' lang='lat' dir='ltr'><strong>sola</strong></span> <span class='ocrx_word' id='word_1_953' title='bbox 2357 5696 2407 5742; x_wconf 89' lang='lat' dir='ltr'><strong>ct</strong></span> <span class='ocrx_word' id='word_1_954' title='bbox 2439 5693 2641 5740; x_wconf 77' lang='lat' dir='ltr'><strong>attenta</strong></span> <span class='ocrx_word' id='word_1_955' title='bbox 2668 5682 2885 5737; x_wconf 80' lang='lat' dir='ltr'><strong>mente?</strong></span> <span class='ocrx_word' id='word_1_956' title='bbox 2924 5679 2995 5736; x_wconf 87' lang='lat' dir='ltr'><strong>Ut</strong></span> <span class='ocrx_word' id='word_1_957' title='bbox 3017 5680 3175 5750; x_wconf 87' lang='lat' dir='ltr'><strong>igitur</strong></span> <span class='ocrx_word' id='word_1_958' title='bbox 3210 5694 3279 5734; x_wconf 85' lang='lat' dir='ltr'><strong>ne</strong></span> <span class='ocrx_word' id='word_1_959' title='bbox 3301 5678 3596 5735; x_wconf 82' lang='lat' dir='ltr'><strong>deteriores</strong></span> 
     </span>
    </p>
   </div>
   <div class='ocr_carea' id='block_1_121' title="bbox 2001 5769 3594 5849">
    <p class='ocr_par' dir='ltr' id='par_1_121' title="bbox 2001 5769 3594 5849">
     <span class='ocr_line' id='line_1_121' title="bbox 2001 5769 3594 5849; baseline -0.008 -10"><span class='ocrx_word' id='word_1_960' title='bbox 2001 5786 2168 5840; x_wconf 88' lang='lat' dir='ltr'><strong>simus</strong></span> <span class='ocrx_word' id='word_1_961' title='bbox 2200 5782 2263 5835; x_wconf 87' lang='lat' dir='ltr'><strong>iis</strong></span> <span class='ocrx_word' id='word_1_962' title='bbox 2292 5778 2381 5849; x_wconf 88' lang='lat' dir='ltr'><strong>qui</strong></span> <span class='ocrx_word' id='word_1_963' title='bbox 2405 5777 2467 5832; x_wconf 91' lang='lat' dir='ltr'><strong>ad</strong></span> <span class='ocrx_word' id='word_1_964' title='bbox 2503 5776 2787 5831; x_wconf 65' lang='lat' dir='ltr'><strong>sweulares</strong></span> <span class='ocrx_word' id='word_1_965' title='bbox 2812 5780 3079 5828; x_wconf 84' lang='lat' dir='ltr'><strong>mercatus</strong></span> <span class='ocrx_word' id='word_1_966' title='bbox 3105 5769 3345 5838; x_wconf 89' lang='lat' dir='ltr'><strong>vadunt,</strong></span> <span class='ocrx_word' id='word_1_967' title='bbox 3377 5784 3594 5841; x_wconf 74' lang='lat' dir='ltr'><strong>operam</strong></span> 
     </span>
    </p>
   </div>
  </div>
