4070 6396
483 373 591 427 265

484 484 667 538 demus
687 525 703 549 ,
745 492 801 536 ut
834 495 1088 551 perquam
1112 477 1392 550 vigilantes
1414 478 1582 533 simus
1601 519 1617 543 ,
1645 494 1715 535 ne
1737 478 1913 534 desint
1938 475 2064 532 hinc

478 574 784 645 migraturis
808 574 1033 638 viatica,
1059 586 1179 643 qua:
1210 585 1312 625 non
1343 570 1516 625 solum
1541 569 1711 646 nobis
1757 568 2056 633 sufﬁciant,

474 665 568 719 sed
598 672 656 719 et
674 680 792 734 qua:
813 661 1150 731 suppeditare
1172 659 1437 729 possimus
1462 668 1517 714 et
1553 657 1674 713 aliis
1694 697 1712 724 ,
1756 669 1810 714 et
1838 671 2057 715 uxorem

475 754 813 825 corrigendo,
840 761 894 808 et
920 750 1175 817 l'atuulos,
1199 759 1253 805 et
1273 751 1503 805 vicinum
1529 791 1542 813 ,
1575 758 1631 805 et
1652 751 1881 807 amicum
1902 787 1919 815 ,
1952 749 2060 803 imo

474 844 640 900 etiam
671 844 959 899 inimicum.
978 840 1123 895 Talia
1150 842 1295 897 enim
1323 849 1448 894 sunt
1471 840 1766 909 Spiritualia
1788 837 2056 910 dogmata,

478 948 535 993 ut
554 933 853 992 communia
882 928 1130 988 omnibus
1175 942 1567 1003 proponantur,
1610 931 1858 1001 nullaque
1896 930 1964 985 sit
2005 930 2057 983 in

476 1027 556 1084 eis
582 1025 886 1092 diversitas,
919 1025 1018 1079 nisi
1050 1024 1261 1093 quando
1286 1024 1405 1093 quis
1428 1025 1596 1093 magis
1623 1025 1876 1076 intentam
1904 1020 2059 1077 adert

474 1128 742 1184 mentem,
768 1126 824 1172 et
857 1115 1163 1173 l‘crv’entiori
1210 1115 1480 1171 desiderio
1517 1116 1680 1171 alium
1710 1115 2054 1170 transcendit.

476 1214 658 1280 Itaque
681 1210 804 1281 quia
834 1218 1036 1264 tantum
1060 1218 1143 1263 est
1172 1223 1240 1263 ex
1272 1208 1370 1263 hae
1402 1207 1640 1262 doctrina
1684 1207 1928 1273 lucrum,
1958 1202 2059 1277 age

472 1304 631 1358 hodie
677 1304 811 1359 lecta
838 1302 890 1356 in
926 1300 1159 1356 mediunt
1188 1315 1582 1370 proponamus,
1614 1308 1669 1355 et
1710 1300 1883 1356 fructu
1927 1315 2062 1371 quo-

472 1397 614 1465 piam
645 1395 767 1451 inde
784 1394 1031 1460 collecto,
1054 1393 1273 1449 domum
1300 1393 1601 1449 redeamus.
1760 1468 1769 1477 .

546 1490 779 1548 Ebrietas
808 1490 923 1545 Noe
946 1488 1198 1560 quomodo
1236 1488 1471 1544 excusm-i
1507 1485 1699 1540 debeat.
1747 1515 1818 1525 —
1858 1484 1947 1540 9.0.
1990 1481 2057 1537 Et

470 1584 637 1653 «epit,
665 1582 857 1652 inquit,
893 1579 1009 1634 Noe
1031 1583 1180 1634 homo
1206 1575 1433 1647 agricola
1454 1586 1619 1640 terraz,
1643 1585 1689 1631 et
1711 1576 1957 1644 plantavit
1981 1576 2057 1629 oi-

471 1691 641 1743 neant,
659 1664 749 1729 21.
765 1684 811 1727 et
837 1673 955 1726 cibit
980 1673 1045 1725 de
1058 1671 1252 1737 vino,et
1276 1668 1549 1723 inebriatus
1578 1678 1670 1722 est.
1690 1667 1821 1722 Vide
1846 1676 2057 1738 quantae

473 1767 627 1822 nobis
650 1765 891 1819 utilitatis
917 1763 1127 1818 occasio
1146 1771 1228 1818 est
1258 1760 1413 1832 hujus
1438 1754 1685 1815 lectionis
1711 1760 2052 1829 prooemium.

468 1856 694 1927 Quando
716 1856 857 1910 enim
885 1853 1148 1918 audimus,
1166 1857 1368 1921 justum
1391 1853 1539 1906 illum
1556 1860 1612 1905 et
1629 1849 1941 1919 perlectum,
1964 1849 2055 1917 qui

471 1956 675 2003 tantum
688 1961 917 2017 superne
933 1945 1139 2011 accepit
1152 1943 1536 2007 testimonium,
1548 1941 1747 1996 bibisse
1762 1948 1816 1994 et
1832 1938 2060 1994 inebria-

472 2048 585 2093 tum
604 2053 725 2092 esse
740 2054 755 2089 :
772 2034 1043 2107 quomodo
1070 2048 1168 2087 nos
1195 2032 1440 2103 posthac,
1460 2031 1549 2101 qui
1567 2031 1726 2085 tantis
1754 2040 1810 2085 et
1838 2040 1944 2084 tznn
1965 2043 2057 2082 va-

473 2131 571 2186 tiis
594 2130 827 2201 peccatis
856 2127 1090 2183 immersi
1118 2136 1321 2190 sumus,
1359 2142 1465 2180 non
1497 2139 1683 2194 magna
1707 2125 2056 2181 contentione

470 2219 726 2273 damnum
773 2217 1046 2273 ebrietatis
1092 2215 1326 2285 ell'ugere
1366 2213 1752 2270 studebimus?
1802 2212 2054 2280 Quamvis

472 2324 578 2365 non
608 2307 747 2363 idem
789 2307 961 2376 ipsutn
994 2306 1082 2368 sit,
1110 2305 1311 2374 justum
1349 2305 1497 2360 illum
1545 2304 1648 2362 hoc
1688 2304 1814 2359 vitio
1840 2314 2055 2373 captant

471 2398 653 2466 fuisse,
682 2408 736 2453 ct
762 2412 860 2453 nos
891 2400 943 2451 in
974 2395 1109 2451 ident
1140 2395 1396 2452 incidere.
1425 2396 1581 2450 Multa
1609 2396 1750 2449 enim
1772 2403 1914 2461 sunt,
1936 2408 2057 2464 quze

469 2494 669 2561 justum
700 2490 843 2545 illum
877 2490 1029 2545 venia
1069 2489 1285 2560 dignum
1317 2488 1610 2544 declarant.
1640 2488 1768 2555 Quze
1799 2502 1904 2541 non
1935 2486 2057 2541 dico

470 2586 621 2655 quasi
661 2585 975 2639 ebrietatem
1017 2597 1303 2647 excusans,
1340 2582 1434 2637 sed
1459 2581 1829 2636 demonstrans
1853 2580 2055 2647 justum

472 2691 579 2730 non
614 2690 681 2730 ex
708 2674 1110 2743 intemperantia
1143 2713 1157 2738 ,
1187 2671 1281 2726 sed
1304 2671 1477 2740 potius
1506 2685 1567 2724 ex
1595 2668 1890 2738 ignorantia
1927 2682 2056 2736 sup-

479 2764 770 2832 plantatutn
816 2761 999 2815 fuisse.
1042 2761 1104 2815 Et
1162 2759 1304 2829 quod
1350 2774 1456 2813 non
1508 2758 1581 2813 ita
1611 2757 1924 2827 simpliciter
1948 2757 2054 2811 vini

473 2847 799 2926 putationem
828 2855 1086 2908 invenerit
1110 2851 1209 2924 (α),
1242 2850 1366 2906 audi
1388 2852 1719 2920 Scriptorum
1740 2851 1857 2918 ejus
1875 2849 2059 2918 apulo-

471 2947 611 3020 giam
637 2944 970 3005 adcrentem,
995 2960 1115 2998 cum
1140 2944 1273 2998 dicit
1302 2960 1313 2995 :
1351 2941 1417 2996 Et
1441 2942 1587 3011 erepit
1608 2940 1726 2995 Noe
1744 2942 1893 2995 homo
1918 2941 2057 3011 agri-

471 3039 583 3092 cola
612 3048 779 3104 terra,
812 3046 856 3089 et
893 3036 1136 3105 plantavit
1177 3035 1393 3097 vincam,
1419 3045 1464 3087 et
1500 3033 1619 3087 bibit
1657 3033 1719 3086 de
1744 3033 1881 3097 vino,
1903 3040 1949 3085 et
1972 3032 2049 3084 in-

472 3128 693 3182 ebriatus
716 3137 808 3180 est.
837 3125 977 3181 istud
1009 3125 1179 3195 ipsum
1209 3124 1349 3195 quod
1384 3126 1569 3193 inquit,
1613 3122 1793 3193 Coepit,
1826 3122 2059 3178 ostendit

468 3218 647 3287 ipsum
676 3216 782 3270 vini
808 3214 1021 3271 bibendi
1049 3215 1276 3284 primum
1310 3214 1640 3269 inventorem
1666 3214 1849 3279 luisse,
1880 3222 1935 3268 et
1963 3227 2060 3283 per

472 3308 843 3379 ignorantiam,
871 3308 1195 3361 nescientem
1224 3309 1419 3373 justam
1463 3322 1674 3363 sumere
1726 3321 2056 3373 mensuram,

472 3402 526 3455 in
556 3402 868 3456 ebrietatem
916 3397 1184 3453 incidisse.
1241 3397 1425 3467 Neque
1472 3397 1574 3452 hoc
1612 3398 1784 3454 solum
1813 3398 1865 3452 in
1898 3412 2057 3451 causa

470 3500 573 3557 est,
606 3493 699 3547 sed
729 3491 852 3560 quia
894 3505 1084 3559 magna
1129 3490 1410 3545 tenebatur
1462 3490 1693 3555 tristitia,
1749 3498 1805 3544 et
1855 3488 2059 3558 siblipsi

471 3584 889 3639 consolationem
910 3582 1033 3637 inde
1047 3582 1354 3651 excogitare
1371 3581 1601 3647 volebat,
1620 3582 1758 3637 sicut
1776 3590 1831 3635 et
1846 3582 2059 3650 Sapiens

474 3676 690 3747 quidam
721 3676 853 3729 dicit
880 3693 892 3729 ;
919 3673 1054 3727 Date
1077 3676 1247 3727 vinum
1274 3674 1336 3729 iis
1359 3674 1449 3745 qui
1474 3674 1524 3727 in
1555 3674 1778 3740 tristitia,
1801 3683 1846 3727 et
1868 3689 2058 3727 merum

474 3769 537 3822 iis
577 3768 665 3837 qui
697 3767 750 3820 in
798 3766 971 3819 dolore
1017 3763 1200 3835 (Prov.
1238 3766 1327 3821 5|.
1356 3766 1428 3834 6)
1462 3782 1476 3820 :
1508 3776 1810 3820 monstrans
1856 3765 2059 3820 nullum

474 3873 595 3914 esse
646 3866 753 3911 tam
805 3870 1042 3926 prmscns
1080 3856 1307 3909 tristitia:
1353 3855 1687 3919 remedium,
1742 3872 1899 3924 quam
1950 3855 2059 3909 vini

420 3946 425 3951 ’
476 3962 631 4002 usum
667 3961 684 4008 ;
731 3954 933 3998 tantum
984 3944 1265 3998 utilitatem
1316 3944 1432 4014 ejus
1476 3945 1529 3997 ni
1572 3945 1761 4014 perdat
1804 3945 2063 4013 intempe-

478 4036 669 4090 rantia.
693 4034 844 4100 Quod
880 4043 1054 4088 autem
1087 4035 1137 4087 in
1167 4034 1377 4089 tristitia
1396 4035 1869 4091 ctmterorelucrit
1888 4036 2062 4105 justus

479 4127 592 4191 ille,
634 4127 821 4201 videns
861 4128 1093 4195 seipsum
1142 4127 1195 4182 in
1238 4136 1383 4181 tanta
1428 4126 1734 4193 solitudine,
1767 4137 1822 4183 et
1850 4130 2061 4185 illorum

477 4219 751 4274 hominum
777 4232 1000 4286 corpora
1044 4229 1172 4273 ante
1204 4219 1670 4293 oculosprnjecta,
1697 4229 1752 4275 et
1778 4235 2063 4277 commune

475 4312 712 4367 omnium
732 4312 1034 4380 sepulcrum
1069 4310 1371 4367 hominibus
1401 4321 1456 4366 et
1504 4312 1670 4368 brutis
1702 4312 2063 4384 lactum,-quis

477 4401 798 4473 negaverit?
829 4400 940 4455 Mus
987 4401 1129 4457 enim
1171 4403 1548 4474 prophetarum
1576 4414 1631 4459 et
1649 4407 1913 4475 justorum
1946 4422 2062 4461 om-

480 4493 624 4547 nium
650 4502 755 4557 est,
795 4506 899 4545 non
929 4506 1025 4561 pro
1049 4493 1110 4545 iis
1130 4492 1404 4548 dumtaxat
1428 4495 1614 4551 dolere
1637 4538 1651 4562 ,
1679 4499 1768 4567 qui
1795 4500 1895 4553 sibi
1938 4515 2062 4570 pro-

482 4583 607 4637 ximi
636 4591 758 4637 sunt
786 4624 801 4646 ,
822 4582 923 4646 sed
953 4592 1006 4635 et
1035 4597 1133 4651 pro
1176 4585 1397 4652 reliquis
1436 4586 1757 4642 hominibus.
1784 4590 1849 4643 Et
1877 4592 1921 4644 si
1944 4592 2062 4660 quis

478 4685 760 4728 recensere
778 4672 923 4737 velit,
951 4671 1186 4726 inveniet
1210 4688 1396 4730 omnes
1421 4676 1559 4730 hunc
1582 4680 2062 4735 commiserationis

478 4763 728 4817 allectum
756 4778 865 4832 pne
892 4780 951 4818 sc
974 4764 1201 4826 lerre,et
1219 4766 1399 4820 audiet
1427 4767 1614 4823 Isaiam
1637 4770 1850 4838 quidem
1881 4772 2063 4825 dicen-

478 4861 585 4906 tetn
616 4869 630 4905 :
666 4851 841 4907 Nolite
868 4854 1185 4917 contendere,
1215 4867 1267 4910 tit
1308 4874 1385 4909 me
1425 4858 1756 4913 consolentini
1785 4862 1840 4915 in
1869 4864 2059 4915 contri—

477 4945 612 4997 tione
636 4944 758 5011 [ilice
781 4947 975 5014 generis
1015 4947 1109 4999 mei
1138 4947 1288 5017 (lsai.
1316 4949 1409 5003 22.
1439 4950 1520 5020 4):
1546 4952 1831 5008 Jeremiam
1857 4966 2060 5020 autent,

478 5036 603 5100 Quis
638 5035 775 5088 dabit
798 5037 952 5104 capiti
982 5054 1089 5090 meo
1116 5055 1321 5110 aquam,
1350 5052 1397 5094 et
1423 5045 1581 5098 oculis
1609 5047 1729 5100 meis
1759 5052 1946 5117 [autent
1980 5050 2058 5101 la-

476 5143 765 5197 crytnarum
808 5126 938 5199 (Jer.
969 5128 1024 5184 9.
1051 5128 1147 5201 l)?
1193 5132 1525 5189 Ezechielem
1568 5153 1715 5202 vero,
1756 5140 1870 5194 Heu
1913 5141 2058 5208 nti/ti,

542 5347 613 5405 (tt)
645 5346 696 5418 in
716 5349 1224 5421 _grtt!co_lizgitur_\'ox,
1244 5366 1461 5421 timeam.
1487 5371 1597 5420 qua‘
1618 5360 1837 5421 quidem,
1866 5363 1910 5410 si
1930 5361 1987 5409 ad
2009 5363 2066 5410 li-

478 5413 635 5480 ter-qni
664 5409 983 5480 intelligatur,
1010 5412 1107 5461 vini
1130 5416 1413 5480 putationem
1445 5409 1699 5480 siéniliebt.
1735 5409 1837 5470 Sed.
1859 5409 1935 5473 hic
1971 5409 2066 5474 non

482 5470 548 5535 ad.
578 5467 766 5517 litetant
820 5467 943 5541 hanc
968 5467 1153 5548 sacelli
1193 5467 1518 5548 accipiendam

478 5539 638 5603 rit-Irata
668 5540 765 5603 aue
788 5536 882 5581 vim"
902 5536 1185 5603 putationem
1212 5536 1478 5589 invenerit:
1501 5556 1605 5603 per,
1621 5557 1840 5602 ῡὶνοτικισὶαν,
1854 5536 2069 5600 ebrietas

478 5588 735 5672 intelligent
758 5594 799 5641 la
824 5588 917 5651 est,
1034 5604 1087 5644 ut
1118 5610 1295 5672 sensus
1325 5603 1415 5671 sit,
1440 5588 1555 5672 lida

478 5650 616 5729 enen
636 5663 693 5729 ut:
716 5667 830 5729 rere
856 5650 1099 5708 auctorem
1128 5650 1415 5721 utriculis,
1438 5650 1549 5713 iteret
1575 5650 2079 5729 {i‘tﬁdi'iﬂlﬁiiii'

486 5720 582 5761 tum
606 5715 844 5764 incident.

1227 364 1285 420 3.
1323 362 1604 420 JUANNIS
1637 360 2119 422 CIIRYSOSTOMI
2156 362 2477 421 ARCIIIEP.
2517 361 3059 425 CONSTANTINOP.

3658 377 3764 431 264

2171 474 2404 543 Domine,
2439 476 2625 532 delebis
2671 487 2726 532 tu
2765 478 3005 549 reliquias
3051 480 3218 537 Israel
3242 483 3459 553 (Esca/at.
3488 487 3543 543 9.
3581 489 3683 551 8)?
3712 503 3767 543 et

2171 568 2446 628 Dauielem
2473 569 2872 639 lamentantem,
2895 583 2947 628 et
2968 574 3267 631 dicentem:
3298 575 3558 633 Panculos
3579 598 3671 635 nos
3690 586 3770 651 {e-

2175 661 2287 715 cisti
2330 663 2466 715 ultra
2490 678 2662 717 omnes
2687 673 2857 733 gentes
2884 664 3046 736 (Dan.
3075 668 3165 736 7):
3207 678 3263 723 et
3293 672 3479 736 Amos,
3512 670 3770 726 Paenitent

2162 758 2237 807 et.
2264 750 2497 819 Domine,
2519 768 2669 823 super
2689 753 2783 808 hoc
2808 756 2983 827 (Amos
3010 758 3063 811 7.
3091 759 3178 828 5);
3213 768 3267 813 et
3299 760 3563 825 llahacuc,
3592 763 3767 829 Quare

2171 843 2433 896 ostendisti
2480 844 2602 897 mihi
2642 845 2837 900 labores
2862 856 2909 899 et
2950 849 3204 904 molestias
3241 850 3466 915 (Hebae.
3502 855 3552 907 1.
3586 855 3674 924 5)?
3704 866 3763 910 et

2165 931 2393 1000 iterum,
2428 932 2495 987 Et
2545 937 2769 1005 facturus
2817 954 2869 992 es
2914 939 3141 991 homines
3187 943 3334 1011 quasi
3385 944 3550 1010 pisces
3604 946 3768 999 maris

2165 1021 2326 1095 (llud.
2358 1041 2406 1078 υ.
2435 1022 2546 1096 id):
2576 1033 2630 1079 et
2659 1025 2871 1083 beatum
2900 1027 3057 1082 istum
3096 1031 3296 1087 Mosem
3327 1047 3542 1101 quoque
3571 1032 3761 1088 dicen-

2172 1124 2277 1170 tem
2309 1117 2488 1171 audiet
2518 1133 2533 1171 :
2562 1116 2625 1174 Si
2651 1118 2854 1186 quidem
2880 1120 3088 1174 dimittis
3114 1122 3183 1175 eis
3208 1135 3486 1191 peccatum,
3520 1126 3719 1179 dimitte
3740 1168 3760 1193 ,

2163 1207 2243 1260 sin
2262 1207 2447 1272 minus,
2481 1224 2559 1261 nte
2594 1224 2788 1279 quoque
2817 1209 2927 1263 dele
2955 1210 3149 1282 (Exod.
3179 1216 3268 1269 '52.
3299 1215 3414 1283 32).
3448 1217 3513 1271 Et
3542 1208 3763 1283 iterum,

2160 1310 2282 1350 cum
2307 1296 2640 1365 promisisset
2667 1297 2741 1352 illi
2769 1299 2907 1353 Deus
2935 1301 3150 1370 majoris
3168 1305 3346 1373 populi
3382 1306 3759 1376 pr:el'et'lurattt

2160 1398 2222 1441 se
2255 1387 2571 1441 traditurum
2593 1427 2610 1453 ,
2631 1397 2687 1443 et
2727 1389 2948 1444 dixisset
2972 1432 2986 1455 ,
3014 1390 3226 1447 Dimitte
3253 1410 3359 1459 me,
3386 1406 3434 1448 et
3464 1395 3640 1449 delebo
3668 1398 3768 1450 lto-

2162 1477 2321 1532 mines
2348 1478 2488 1543 istos,
2518 1490 2562 1533 et
2589 1480 2776 1551 faciam
2803 1490 2852 1533 te
2874 1480 2924 1534 in
2950 1492 3149 1552 gentem
3178 1498 3414 1554 magnam
3442 1487 3637 1554 (Exod.
3660 1488 3758 1542 5‘2.

2164 1567 2251 1638 lO)
2293 1585 2308 1621 :
2359 1583 2529 1637 neque
2582 1568 2683 1624 hoc
2728 1569 2921 1635 voluit,
2968 1572 3061 1625 sed
3105 1588 3336 1642 praeesse
3386 1577 3502 1631 istis
3547 1578 3759 1633 maluit.

2164 1660 2294 1714 Item
2323 1660 2470 1716 orbis
2509 1660 2699 1716 doctor
2734 1661 2920 1717 beatus
2953 1664 3145 1720 Paulus
3179 1685 3191 1720 :
3229 1667 3480 1737 Optabam
3520 1672 3627 1737 ipse
3666 1687 3764 1739 ego

2159 1750 2430 1804 anathema
2472 1767 2579 1806 esse
2619 1769 2650 1806 a
2696 1750 2898 1807 Christo
2946 1772 3037 1824 pro
3086 1759 3329 1827 fratribus
3355 1760 3499 1826 meis,
3526 1763 3765 1830 cognatis

2116 1874 2119 1875 ν
2160 1842 2283 1895 meis
2304 1844 2579 1896 secundum
2603 1859 2807 1897 carnem
2833 1844 3011 1914 (Rom.
3041 1846 3073 1900 9
3123 1846 3201 1918 5).

2234 1934 2286 1989 5.
2323 1932 2541 1989 Vidistis
2558 1934 2827 2005 quomodo
2842 1936 2973 2005 justi
2993 1951 3181 1992 omnes
3201 1954 3443 2008 magnam
3471 1942 3765 1995 cmmuise-

2161 2025 2421 2081 rationem
2450 2041 2574 2096 erga
2599 2027 2880 2097 proximos
2909 2043 3018 2099 pne
3038 2044 3099 2084 se
3124 2030 3385 2086 terebant.
3412 2029 3764 2089 Considerate

2162 2132 2302 2172 nunc
2351 2116 2618 2186 quomodo
2663 2122 2718 2173 et
2753 2119 2929 2188 justus
2958 2119 3046 2175 ille
3077 2136 3136 2175 se
3167 2122 3410 2177 balmerit
3438 2163 3454 2188 ,
3483 2126 3762 2193 quomodo

2160 2207 2449 2264 verisimile
2489 2218 2573 2265 est
2609 2224 2733 2264 eum
2773 2209 2938 2266 fuisse
2986 2210 3273 2277 allectum;
3321 2223 3375 2268 et
3414 2216 3684 2285 quomodo
3728 2234 3761 2271 a

2161 2300 2367 2356 tristitia
2403 2301 2824 2372 deprimeretur,
2861 2319 2984 2358 cum
3028 2305 3233 2361 videret
3276 2316 3381 2361 tam
3439 2309 3760 2364 immensam

2159 2390 2519 2457 solitudinem,
2568 2400 2621 2446 et
2660 2400 2855 2448 terram
2888 2394 3053 2458 illam,
3091 2410 3209 2464 qttte
3246 2406 3401 2451 antea
3442 2409 3547 2451 tam
3592 2400 3760 2452 variis

2160 2480 2456 2536 luxuriabat
2478 2480 2692 2551 plantis,
2705 2491 2760 2537 et
2775 2482 2999 2537 ﬂoribus
3016 2484 3326 2553 ornabatur,
3357 2498 3577 2556 repente
3602 2490 3761 2557 quasi

2160 2572 2437 2642 spoliatam
2484 2574 2651 2628 comis
2686 2583 2737 2627 et
2776 2574 2968 2627 nudam
3001 2584 3057 2629 et
3099 2576 3411 2632 solitariam.
3456 2577 3593 2632 Cum
3628 2594 3764 2649 ergo

2163 2673 2270 2718 tam
2301 2665 2596 2720 invaluerat
2626 2680 2848 2731 mceror,
2879 2680 3095 2737 parvam
3123 2671 3407 2739 quamdam
3435 2671 3535 2726 sibi
3564 2686 3765 2727 conso-

2163 2753 2412 2810 lationem
2440 2756 2747 2827 excogitans
2765 2798 2782 2824 ,
2812 2766 2970 2813 terra:
2997 2758 3239 2814 colenda:
3278 2774 3398 2815 sese
3424 2759 3630 2818 dedidit
3658 2778 3675 2817 :
3706 2772 3765 2817 et

2161 2843 2358 2900 ideirco
2384 2845 2480 2908 ait,
2512 2844 2579 2900 Et
2605 2846 2753 2917 εωρὶε
2785 2844 2900 2904 Noe
2920 2848 3070 2904 homo
3093 2849 3319 2919 agricola
3342 2860 3510 2918 teme,
3535 2862 3586 2906 et
3616 2854 3761 2923 ptan-

2162 2937 2284 2989 tavit
2309 2936 2523 2991 vineam.

2233 3024 2375 3080 Num
2408 3027 2648 3082 invenerit
2696 3029 2843 3083 uitem
2876 3028 3010 3084 Noe.
3042 3059 3117 3071 —
3147 3030 3253 3086 Sed
3273 3033 3393 3102 jure
3432 3031 3520 3087 hic
3553 3035 3755 3104 quarri-

2163 3123 2270 3183 tur,
2296 3130 2365 3169 an
2393 3116 2509 3187 ipse
2536 3131 2677 3173 nunc
2718 3119 2951 3188 plantam
2984 3120 3268 3188 invenerit,
3286 3123 3383 3178 vel
3414 3134 3568 3177 antea
3596 3134 3653 3180 et
3682 3126 3755 3179 ab

2162 3206 2315 3262 initio
2341 3207 2499 3262 luerit
2526 3207 2803 3277 producta.
2824 3209 3128 3268 Verisimile
3156 3223 3239 3268 est
3266 3228 3384 3269 eam
3414 3226 3570 3267 antea
3601 3222 3658 3270 et
3686 3216 3757 3270 ab

2163 3297 2314 3352 initio
2335 3296 2500 3354 fuisse
2525 3299 2576 3352 in
2607 3312 2699 3353 ses
2728 3299 2834 3355 illis
2852 3301 3039 3355 diebus
3066 3313 3321 3371 creatam,
3356 3305 3570 3374 quando
3613 3304 3755 3360 Vidit

2163 3386 2301 3441 Deus
2321 3388 2491 3442 omnia
2518 3404 2633 3459 qua:
2652 3390 2791 3459 fecit,
2809 3400 2855 3444 et
2881 3405 3021 3445 erant
3055 3393 3198 3447 ralde
3220 3394 3351 3448 bona
3379 3394 3529 3468 (Gen.
3566 3400 3616 3450 ί.
3640 3399 3755 3467 3|).

2162 3480 2390 3548 (Quievit
2410 3480 2573 3546 enim,
2601 3481 2811 3537 dicente
2855 3483 3149 3555 Scriptura,
3183 3488 3314 3541 Dens
3341 3491 3422 3544 die
3449 3492 3667 3559 septimo
3694 3495 3762 3547 ab

2160 3570 2393 3625 omnibus
2414 3572 2651 3642 operibus
2672 3575 2778 3629 suis
2798 3591 2910 3643 qua
2934 3578 3051 3646 fecit
3069 3576 3218 3650 [Gem
3245 3580 3303 3634 ‘2.
3319 3580 3432 3653 2]):
3461 3598 3559 3636 nec
3575 3591 3759 3639 tamen

2162 3674 2316 3716 usum
2340 3659 2543 3717 fructus
2565 3678 2634 3719 ex
2666 3664 2752 3719 illa
2780 3666 3117 3722 manifestum
3134 3668 3316 3726 fuisse.
3342 3672 3471 3726 Nam
3492 3675 3539 3728 si
3564 3675 3757 3730 luisset

2162 3748 2233 3804 ab
2272 3750 2423 3806 initio
2470 3761 2644 3817 notus,
2687 3753 2905 3809 omnino
2954 3757 3090 3813 Abel
3135 3759 3273 3814 inter
3310 3761 3517 3815 oblatas
3554 3762 3763 3821 bestias

2164 3840 2325 3893 etiam
2349 3841 2531 3895 vinum
2570 3843 2806 3900 libasset.
2836 3846 3029 3901 Verum
3059 3849 3181 3918 quia
3215 3852 3527 3921 ignorabant
3576 3854 3759 3911 adhuc

2168 3930 2371 3988 fructus
2422 3950 2595 4000 usum,
2651 3936 2828 4007 planta
2876 3937 2975 3994 hac
3004 3940 3083 3995 usi
3125 3957 3230 3996 non
3273 3954 3415 3998 sunt.
3451 3946 3550 4001 llic
3575 3958 3763 4005 autem

2166 4022 2501 4092 agricultune
2531 4026 2817 4091 studiosus,
2861 4039 2914 4083 et
2935 4044 3140 4100 magnae
3171 4032 3457 4104 diligentiae
3486 4038 3586 4101 vir,
3622 4038 3763 4095 forte

2166 4113 2326 4167 etiam
2358 4113 2584 4169 fructum
2615 4115 2935 4186 degustarit,
2986 4131 3039 4175 et
3080 4126 3326 4180 contritis
3377 4127 3547 4183 botris
3576 4129 3761 4186 viuum

2167 4202 2314 4269 iecit,
2345 4220 2516 4274 eoque
2545 4223 2670 4263 usus
2695 4216 2797 4263 est.
2826 4210 2889 4263 Et
2917 4213 3039 4281 quia
3078 4231 3250 4285 neque
3296 4220 3410 4287 ipse
3452 4230 3765 4289 gustaverat

2169 4296 2339 4364 prius,
2394 4313 2570 4365 neque
2609 4300 2769 4354 alium
2790 4304 2991 4358 sciebat
3030 4307 3117 4374 qui
3155 4310 3507 4377 gustavisset,
3543 4312 3765 4383 ignarus

2167 4400 2271 4454 qua
2302 4401 2549 4441 mensura
2579 4396 2633 4443 et
2655 4405 2756 4460 qua
2788 4392 2997 4449 ratione
3022 4394 3100 4448 uti
3117 4395 3366 4465 debebat,
3392 4414 3487 4470 per
3509 4403 3766 4472 ignoran-

2172 4477 2302 4533 tiam
2325 4479 2375 4533 in
2400 4478 2714 4537 ebrietatem
2747 4483 2946 4539 incidit.
2982 4484 3269 4556 Prmterea,
3298 4492 3551 4559 quoniam
3582 4498 3791 4559 carnis.

2169 4583 2295 4622 esus
2322 4569 2373 4623 itt
2400 4571 2559 4643 vitam
2580 4572 2716 4627 banc
2734 4574 3071 4630 introductus
3090 4577 3209 4642 fuit,
3239 4592 3420 4650 postea
3444 4594 3499 4639 et
3525 4586 3640 4641 vini
3667 4603 3767 4657 poo

2172 4667 2255 4710 tus
2281 4660 2523 4713 arcessit.
2574 4661 2702 4717 Vide
2728 4672 2927 4731 autem,
2955 4667 3166 4731 dilecte,
3195 4673 3465 4740 quomodo
3495 4677 3759 4743 paulatim

2172 4750 2353 4804 mundi
2396 4752 2704 4809 constitutio
2741 4755 3085 4826 dispensatur
3116 4760 3266 4831 (Gen.
3298 4764 3376 4834 ι),
3408 4775 3464 4820 ct
3505 4768 3759 4838 quilibet,

2170 4840 2459 4894 secundum
2502 4845 2809 4912 sapientiam
2850 4865 2878 4900 a
2921 4849 3029 4905 Deo
3066 4864 3268 4907 natura:
3310 4855 3531 4911 inditam
3558 4900 3575 4925 ,
3610 4860 3765 4917 initio

2171 4932 2301 4987 artis
2324 4932 2550 5002 alicujus
2580 4936 2825 4992 inventor
2852 4939 2922 4993 sit
2954 4957 2967 4993 :
3006 4942 3086 4996 sic
3124 4944 3176 4995 in
3207 4943 3349 4998 hanc
3375 4947 3538 5001 vitam
3560 4951 3765 5006 artium

2170 5022 2339 5075 studia
2371 5034 2494 5077 stmt
2517 5024 2839 5105 introducta.
2874 5029 3084 5093 Primus
3101 5033 3246 5086 enim
3268 5036 3645 5108 agriculturam
3676 5041 3763 5096 in-

2142 5166 2147 5169 .
2171 5114 2336 5178 venit,
2360 5115 2625 5169 secundus
2645 5127 2813 5171 artem
2841 5121 3179 5187 pastoralem,
3203 5124 3338 5179 alius
3355 5132 3763 5200 armentariam,

2170 5203 2307 5257 alius
2329 5204 2607 5272 musicam,
2628 5206 2765 5261 alius
2792 5209 3035 5264 fabrilem
3054 5229 3069 5265 :
3090 5213 3177 5267 hic
3193 5226 3371 5270 autem
3398 5217 3574 5286 justus
3590 5222 3765 5279 viaea:

2176 5296 2412 5351 colenda:
2442 5308 2612 5351 artem
2638 5302 2866 5355 naturali
2888 5302 3103 5357 solertia
3128 5309 3473 5376 exciigitavit.
3502 5310 3568 5364 Et
3588 5318 3766 5384 erepit,

2178 5388 2365 5455 inquit,
2406 5386 2521 5441 Noe
2555 5388 2705 5442 Itomo
2728 5391 2951 5459 agricola
2992 5396 3157 5459 terrai,
3188 5407 3233 5448 et
3274 5397 3519 5467 plantavit
3549 5403 3768 5473 vineam,

2175 5490 2223 5531 et
2255 5478 2371 5531 bibit
2415 5496 2442 5533 e
2470 5481 2604 5547 vina,
2641 5490 2689 5534 et
2733 5482 3004 5538 inebriatus
3028 5495 3120 5540 est.
3144 5486 3329 5557 Cogita
3356 5494 3627 5560 quomodo
3665 5496 3765 5553 hoc

2177 5571 2404 5625 tristitite
2427 5573 2896 5642 medicamentum,
2926 5580 3135 5634 sanitati
3184 5583 3433 5649 paranda:
3467 5596 3671 5655 aptum.
3718 5594 3765 5649 ei

2173 5662 2263 5729 qui
2295 5663 2510 5716 modum
2543 5678 2637 5731 per
2672 5664 3024 5734 ignorantiam
3068 5673 3418 5740 transcendit,
3452 5692 3558 5731 non
3585 5679 3765 5735 solum

2184 5752 2313 5807 nihil
2347 5755 2558 5812 tu‘ol'uit.
2588 5755 2679 5811 scd
2701 5767 2755 5811 ct
2774 5768 2968 5814 statum
2995 5760 3110 5825 ejus
3136 5761 3378 5818 offendit.
