4070 6382
302 356 411 413 205

374 467 479 523 Cur
506 466 620 522 altis
645 468 697 521 in
739 467 869 521 Itane
890 465 1039 520 uitans
1063 462 1369 517 introducta.
1411 456 1597 514 Vinum
1622 459 1673 513 in
1704 466 1891 529 myste-

300 561 415 613 riis.
449 586 525 600 --
560 557 678 613 1am
708 556 847 612 forte
888 563 1092 627 quarat
1124 553 1336 624 aliquis,
1361 552 1541 627 Quare
1577 552 1757 621 planta
1812 558 1892 603 tot

305 652 459 705 malis
484 650 640 721 plena
664 651 715 703 iu
744 651 881 703 hanc
894 649 1055 703 vitam
1084 646 1340 717 producta
1364 645 1481 701 est?
1504 642 1583 699 Ne
1603 644 1671 698 ita
1691 650 1893 698 temere

306 740 564 812 loquaris,
597 740 777 805 hoino,
799 740 979 794 omnia
1015 753 1135 809 qua:
1165 738 1217 792 in
1247 736 1469 792 buccam
1502 736 1743 791 veniunt.
1771 734 1891 789 Non

303 840 388 885 est
409 832 593 902 planta
622 830 737 885 hac
759 830 920 898 mala,
954 844 1127 899 neque
1154 828 1335 883 vinum
1368 827 1591 893 malum,
1620 826 1717 882 sed
1754 825 1894 880 illius

304 922 506 977 abusus
526 962 541 986 ,
568 920 694 992 quia
721 935 828 975 non
854 936 919 974 ex
950 919 1096 985 vino,
1127 919 1221 973 sed
1245 933 1313 973 ex
1336 931 1590 984 perversa
1622 917 1893 970 voluntate

305 1010 512 1065 nefaria
532 1011 732 1065 scelera
757 1018 1040 1077 patrantur
1070 1023 1085 1058 :
1114 1014 1170 1062 et
1195 1022 1317 1062 cum
1349 1007 1401 1061 in
1433 1021 1499 1062 eo
1519 1007 1588 1061 sit
1605 1006 1826 1070 utilitas,
1846 1005 1891 1059 si

304 1109 515 1165 noceat,
557 1099 608 1153 in
648 1113 808 1154 causa
835 1104 920 1154 est
967 1096 1396 1166 intemperantia.
1424 1094 1687 1164 Quocirca
1741 1110 1889 1150 nunc

305 1199 424 1258 post
452 1188 707 1243 diluvium
748 1187 986 1243 ostendit
1024 1186 1118 1242 tibi
1166 1186 1277 1240 vini
1317 1200 1493 1252 usum,
1534 1193 1593 1239 ut
1642 1184 1891 1240 ostendat

301 1262 465 1333 etiam
491 1268 617 1332 ante
645 1276 751 1331 vini
779 1290 933 1331 usum
958 1276 1015 1330 in
1043 1274 1383 1330 immodicam
1417 1274 1680 1328 luxuriam
1712 1273 1893 1327 buma-

301 1382 429 1422 num
458 1381 627 1439 genus
662 1364 933 1429 incidisse,
962 1365 1250 1435 multisque
1280 1364 1515 1433 peccatis
1540 1378 1599 1419 se
1627 1364 1892 1422 contami-

300 1458 535 1522 navisse,
562 1473 681 1513 cum
700 1457 873 1513 adhuc
889 1459 1149 1512 vini’usus
1163 1458 1465 1522 nesciretur
1488 1474 1504 1513 :
1524 1465 1581 1511 ut
1596 1465 1652 1512 et
1674 1454 1889 1527 quando

301 1548 500 1605 videris
549 1564 701 1604 usum
736 1549 870 1610 vini.
904 1563 1012 1604 non
1035 1550 1160 1603 vino
1182 1556 1350 1604 totum
1382 1549 1607 1614 tribuas,
1638 1547 1732 1603 sed
1762 1563 1886 1602 cor-

300 1646 475 1708 ruptae
516 1637 771 1693 voluntati
807 1653 907 1694 sua
954 1648 1147 1709 sponte
1188 1638 1253 1693 ad
1306 1639 1505 1694 malum
1532 1638 1728 1693 ruenti.
1768 1640 1887 1693 Alia

298 1742 513 1799 quoque
539 1729 744 1784 ratione
788 1729 1090 1793 considera,
1122 1728 1211 1784 ubi
1238 1730 1419 1784 vinum
1449 1729 1607 1784 fuerit
1635 1730 1767 1784 utile
1792 1772 1807 1796 ,
1835 1740 1890 1784 et

298 1819 678 1885 eontremisce,
710 1820 782 1874 mi
811 1818 993 1874 homo.
1026 1818 1159 1875 Nam
1189 1835 1286 1889 per
1316 1820 1417 1875 hoc
1466 1821 1686 1875 materia
1722 1820 1887 1875 bono~

298 1925 418 1965 rum
460 1910 648 1966 salutis
688 1917 885 1964 nostra:
934 1910 1227 1980 perficitur.
1272 1910 1459 1964 Sciunt
1493 1910 1581 1979 qui
1618 1911 1887 1981 mysteriis

298 1996 492 2055 initiati
512 2008 657 2067 sunt,
684 2000 810 2071 quid
840 2000 1065 2054 dicatur.
1101 1998 1167 2053 Et
1192 2002 1363 2072 capit,
1388 1999 1577 2069 inquit,
1611 1999 1727 2054 Noe
1746 2002 1884 2069 agri-

297 2091 410 2144 cola
457 2098 624 2157 terra,
674 2103 719 2146 et
761 2093 1003 2162 plantavit
1032 2093 1260 2157 vineam,
1306 2104 1353 2146 et
1393 2093 1513 2147 bibit
1553 2093 1617 2147 de
1661 2094 1804 2156 vino,
1840 2103 1888 2146 et

295 2181 574 2236 inebriatus
597 2192 689 2247 est,
715 2193 760 2236 et
776 2181 998 2237 nudatus
1026 2191 1097 2237 est
1121 2183 1173 2237 in
1197 2182 1347 2236 domo
1368 2200 1481 2237 sua.
1500 2182 1884 2239 Gravissimum

296 2271 550 2339 quiddam
576 2282 660 2326 est
688 2271 939 2336 ebrietas,
962 2272 1325 2335 dilectissime.
1352 2272 1492 2342 quod
1520 2272 1687 2342 possit
1702 2288 1885 2328 esca:-

294 2376 417 2416 care
432 2376 643 2425 sensus,
661 2370 715 2416 et
730 2361 1072 2433 submergere
1092 2372 1337 2419 mentem.
1381 2364 1663 2420 Hominem
1690 2364 1887 2435 quippe

292 2451 630 2513 rationalem,
658 2452 747 2523 qui
778 2468 941 2522 super
973 2454 1151 2508 omnia
1178 2454 1473 2508 dominium
1506 2463 1766 2526 suscepit,
1799 2457 1884 2509 iu-

291 2542 447 2611 jcctis
474 2544 700 2597 vinculis
728 2543 1118 2611 insolubilibus,
1149 2546 1297 2615 quasi
1322 2556 1590 2601 mortuum
1612 2554 1668 2601 et
1690 2561 1883 2616 opera-

293 2632 437 2686 tione
468 2642 739 2688 carentem
772 2634 1064 2704 prosternit
1093 2653 1106 2689 :
1141 2636 1249 2691 imo
1277 2636 1521 2690 deterius
1567 2634 1880 2703 habentem,

290 2737 451 2792 quam
502 2732 791 2778 mortuum.
828 2723 960 2779 Nam
1006 2736 1249 2780 mortuus
1300 2741 1474 2796 neque
1511 2726 1670 2792 bona,
1705 2741 1882 2797 neque

289 2814 426 2869 mala
473 2815 681 2885 operari
735 2822 908 2884 potest
956 2817 1181 2872 :ebrius
1224 2828 1401 2871 autem
1442 2816 1569 2871 nihil
1597 2818 1719 2873 boni
1743 2820 1884 2873 valet

286 2908 524 2975 operari,
546 2907 613 2961 ad
644 2908 841 2963 malum
868 2918 1044 2964 tamen
1076 2908 1378 2964 faciendum
1411 2912 1530 2980 plus
1562 2921 1757 2980 potest,
1796 2911 1878 2980 ja-

286 3006 479 3067 cetque
507 2996 759 3053 ridiculus
784 2998 1050 3065 omnibus,
1082 3008 1135 3054 et
1158 3002 1306 3053 uxori
1334 3008 1389 3053 et
1415 3000 1533 3054 ﬁliis
1560 3011 1609 3057 et
1644 3000 1875 3055 famulis.

287 3088 459 3141 Amici
491 3087 632 3143 enim
668 3067 819 3143 suam
864 3091 1207 3160 ignominiam
1240 3093 1556 3162 cogitantes,
1602 3095 1797 3148 rubore
1826 3104 1881 3149 et

285 3177 493 3246 pudore
520 3176 931 3235 sulfunduntur:
963 3180 1160 3235 inimici
1199 3195 1376 3236 autem
1420 3183 1775 3249 obiectantur,
1825 3196 1880 3240 et

285 3265 534 3333 irrident,
563 3276 616 3323 et
644 3278 1009 3335 exsecrantur,
1035 3268 1148 3324 haec
1163 3272 1548 3341 prepemodum
1574 3274 1873 3343 loquentes:

285 3354 559 3411 lluntxzine
578 3358 1045 3426 oportebatvivere
1064 3361 1087 3414 ?
1113 3371 1164 3416 et
1182 3361 1446 3419 bunccine
1467 3367 1746 3434 oportebat
1767 3368 1877 3435 spi-

281 3460 404 3502 rare
435 3462 614 3502 aerem
640 3448 666 3501 τ
692 3464 725 3501 ο
751 3465 912 3519 pecus
938 3450 953 3505 l
983 3466 1015 3504 ο
1038 3453 1295 3522 porcum!
1328 3462 1382 3509 et
1420 3453 1593 3510 adhuc
1632 3458 1873 3526 graviora

284 3534 595 3606 loquuntur.
630 3537 902 3593 Deteriore
928 3541 1069 3594 enim
1099 3542 1149 3595 in
1180 3549 1323 3596 statu
1353 3553 1477 3596 sunt
1502 3560 1662 3613 quam
1690 3546 1746 3608 ii,
1783 3546 1873 3617 qui

281 3640 346 3680 ex
378 3628 577 3697 pra-liis
604 3628 829 3684 redeunt
855 3631 1003 3686 cattle
1030 3632 1387 3703 coinquinatis
1415 3635 1678 3700 manibus,
1708 3647 1761 3692 et
1792 3647 1874 3691 tu-

283 3716 549 3772 multuose
578 3728 937 3789 reperiantur.
967 3719 1089 3775 Illos
1138 3722 1283 3777 enim
1315 3722 1555 3779 fortassis
1583 3726 1735 3780 multi
1761 3726 1875 3782 lau-

281 3807 439 3863 dibus
477 3809 737 3867 eatollunt
794 3820 1015 3881 propter
1060 3821 1281 3883 treprca,
1333 3827 1553 3887 pr0pter
1596 3818 1868 3887 victorias,

281 3908 503 3968 propter
527 3900 745 3955 vulnera
766 3910 818 3956 et
840 3902 1017 3958 caedes
1041 3920 1055 3957 :
1082 3903 1260 3959 ebrios
1289 3916 1465 3961 autem
1489 3908 1714 3963 miseros
1743 3924 1871 3978 pro-

278 3988 530 4053 clamant,
584 4006 919 4048 mrumnosos
954 4005 1166 4063 vocant,
1202 4005 1251 4051 et
1290 3997 1569 4053 innumera
1606 3999 1685 4055 eis
1732 4001 1869 4055 mala

281 4080 664 4150 imprecantur.
688 4084 823 4153 Quid
852 4087 992 4140 enim
1023 4103 1089 4142 eo
1116 4089 1360 4144 miserius
1384 4089 1563 4157 fuerit,
1581 4093 1669 4162 qui
1691 4093 1869 4149 ebrie-

280 4170 374 4223 tati
401 4168 614 4226 deditus
638 4183 741 4241 est,
771 4183 825 4229 et
852 4176 1087 4246 quotidie
1108 4178 1288 4232 vinum
1318 4178 1561 4246 eﬂ‘uudit,
1592 4196 1657 4237 ac
1674 4183 1870 4239 mentis

277 4276 390 4318 sure
411 4263 670 4332 judicium
700 4269 1039 4339 corrumpit?
1091 4270 1387 4341 Eapropter
1410 4283 1466 4327 et
1504 4274 1719 4344 sapiens
1742 4276 1866 4346 qui-

276 4350 402 4430 dam
427 4353 748 4411 admonebat
772 4356 957 4413 dicens
993 4377 1007 4413 :
1036 4360 1354 4431 Principium
1382 4364 1497 4418 vita:
1524 4364 1742 4420 hominis
1768 4384 1866 4435 pa-

276 4447 357 4498 nis
381 4455 428 4498 et
441 4462 574 4516 aqua
585 4457 630 4500 et
650 4450 813 4509 uestis.
842 4460 886 4503 et
904 4450 1084 4507 domus
1101 4463 1267 4525 tegens
1286 4456 1650 4525 turpitudinem
1669 4456 1861 4528 (Eccli.

275 4531 368 4588 29.
398 4533 516 4607 28):
551 4546 608 4590 ut
642 4538 686 4592 si
735 4540 858 4609 quis
907 4540 1166 4597 ebrietate
1206 4545 1455 4611 vincitur,
1498 4562 1565 4601 ne
1593 4547 1645 4601 in
1673 4550 1860 4618 vulgus

278 4624 591 4681 traducatur
610 4668 627 4691 ,
660 4629 753 4683 sed
782 4644 812 4683 a
843 4632 956 4686 suis
981 4641 1292 4703 contegatur
1322 4646 1415 4691 :et
1446 4652 1552 4691 non
1584 4638 1653 4692 sit
1691 4636 1865 4693 omni-

277 4714 375 4770 bus
405 4717 546 4771 risus
572 4728 628 4771 et
653 4721 991 4789 turpitudinis
1035 4736 1427 4793 argumentum.
1468 4725 1537 4780 Et
1584 4729 1755 4797 cepit,
1780 4728 1863 4783 in-

273 4805 412 4873 quit,
444 4802 562 4859 Noe
589 4806 741 4862 homo
764 4811 989 4879 agricola
1020 4822 1187 4879 terra,
1213 4824 1261 4868 et
1291 4816 1540 4885 plantavit
1568 4819 1781 4885 vineam,
1816 4828 1863 4873 et

272 4894 393 4947 bibit
416 4895 482 4948 de
504 4896 638 4954 sino.
662 4908 706 4951 et
726 4898 993 4955 inebriatus
1022 4913 1114 4957 est.

343 4986 399 5039 4.
440 4984 673 5043 Ebrietas
720 5007 810 5057 pro
856 4994 1099 5048 satietate.
1140 4993 1279 5050 Vitia
1320 4999 1498 5053 nonin
1526 5010 1712 5056 natura
1736 5002 1855 5067 sita,

269 5078 361 5129 sed
386 5076 439 5131 in
471 5076 743 5132 voluntate.
770 5110 842 5121 —
865 5083 1148 5140 Ebrietatis
1199 5102 1415 5153 nomen,
1457 5094 1759 5159 carissime,
1806 5096 1857 5150 in

273 5181 421 5221 Sacra
460 5166 730 5238 Scriptum
780 5188 884 5226 non
937 5175 1132 5244 ubique
1179 5177 1246 5231 de
1291 5181 1600 5236 temulentia
1655 5184 1857 5241 dictum

270 5264 373 5316 est,
400 5256 495 5311 sed
521 5268 575 5311 et
601 5261 898 5318 satietatem
930 5266 1209 5334 signiﬁcat.
1246 5269 1355 5324 lloc
1375 5272 1551 5340 itaque
1573 5272 1709 5329 forte
1732 5277 1859 5345 quis

272 5346 340 5403 de
355 5348 502 5417 justo
528 5349 631 5404 boc
658 5352 818 5419 dicet,
850 5357 989 5426 quod
1015 5373 1118 5412 nou
1148 5371 1203 5414 ut
1231 5362 1593 5433 intemperans
1624 5367 1855 5423 inebria-

272 5445 358 5492 tus
406 5434 596 5505 fuerit,
632 5443 726 5496 sed
754 5446 822 5499 ob
854 5448 1151 5504 satietatem
1185 5451 1286 5507 hoc
1312 5452 1360 5507 ei
1385 5457 1683 5526 contigerit.
1719 5460 1856 5515 Audi

267 5527 412 5582 enim
442 5530 605 5586 David
633 5533 893 5591 dicentem
917 5554 931 5592 :
959 5538 1421 5599 lnebriabunturnb
1444 5547 1665 5602 ubertate
1678 5549 1857 5607 domus

269 5618 554 5712 tuci(Psal.
578 5624 666 5679 35.
685 5624 763 5685 9):
781 5625 882 5683 hoc
909 5638 1011 5695 est,
1042 5630 1417 5703 implebantur.
1448 5638 1693 5710 Alioquin
1712 5642 1746 5696 ii
1764 5643 1853 5712 qui

265 5710 513 5767 ebrietati
545 5725 734 5773 vacant
761 5733 1047 5791 numquam
1078 5724 1357 5794 satiantur,
1388 5728 1481 5783 sed
1513 5742 1711 5787 ouanto
1738 5710 1853 5786 rna-

1396 345 1461 401 lN
1499 341 1655 398 CAP.
1695 338 1786 395 ΙΧ.
1826 334 2071 395 CER”.
2114 338 2339 397 HOMlL.
2382 340 2574 398 XXIX.

3491 346 3594 404 εδδ

2008 452 2089 522 gis
2114 467 2237 510 sese
2264 456 2387 511 vino
2418 456 2761 528 ingurgitant,
2789 466 2937 514 tanto
2961 461 3130 532 magis
3155 461 3242 516 siti
3273 460 3517 533 flagrant.
3540 474 3597 518 et

1932 562 1941 568 ·
2004 542 2351 601 inﬂammatio
2378 547 2622 617 quaedam
2652 559 2735 604 est
2762 548 2844 605 eis
2873 550 2979 605 vini
3011 567 3137 606 usus
3168 569 3185 605 :
3212 566 3274 607 ac
3295 553 3595 624 voluptates

2001 633 2216 703 quidem
2246 646 2591 703 evanescunt,
2634 639 2754 695 sitis
2798 648 2975 695 autent
3007 640 3343 712 inexplebilis
3370 644 3421 697 in
3450 660 3593 715 pra:-

2000 723 2239 791 cipittum
2271 724 2545 781 ebrietatis
2570 741 2687 792 eos,
2710 728 2797 798 qui
2837 728 2937 783 sub
2962 727 3049 783 illa
3095 730 3289 799 captivi
3314 743 3459 795 sum,
3490 732 3589 788 de-

2000 809 2167 866 ducit.
2198 810 2267 866 Et
2290 813 2562 884 plantavit,
2590 816 2776 885 inquit,
2824 816 3043 885 vineam,
3072 827 3119 874 et
3142 818 3267 873 bibit
3292 837 3354 875 ex
3384 823 3519 887 vino,
3542 833 3592 877 et

1999 899 2275 957 inebriatus
2320 913 2414 971 est,
2457 915 2505 958 et
2542 906 2765 961 nudatus
2790 918 2862 961 est
2887 908 2941 963 in
2972 910 3125 964 domo
3150 926 3266 965 sua.
3297 910 3587 977 Considera

2006 991 2110 1047 hoc
2132 1010 2237 1048 non
2269 994 2397 1051 foris
2424 996 2495 1050 illi
2529 998 2808 1065 accidisse,
2831 998 2927 1054 sed
2956 1000 3009 1055 in
3044 1000 3207 1057 dumo
3236 1018 3353 1057 sua.
3384 1003 3587 1060 Idcirco

2000 1082 2143 1138 enim
2194 1083 2295 1139 boc
2339 1084 2637 1157 designavit
2665 1088 2848 1143 divina
2876 1090 3172 1159 Scriptura,
3200 1091 3270 1147 In
3298 1093 3448 1149 domo
3472 1112 3586 1160 sua,

2002 1182 2059 1227 ut
2091 1189 2157 1228 ex
2184 1174 2248 1229 iis
2289 1191 2408 1244 qua:
2435 1187 2751 1246 sequuntur,
2783 1179 3001 1235 malitiae
3030 1181 3322 1239 vehemens
3350 1184 3588 1240 studium

1995 1264 2181 1320 videas
2205 1265 2320 1335 ejus
2349 1267 2439 1337 qui
2469 1268 2765 1324 nuditatem
2798 1272 3049 1342 evulgare
3078 1271 3238 1329 fuerit
3264 1291 3447 1329 ausus.
3495 1276 3589 1331 ἢ.

1997 1353 2065 1408 Et
2089 1355 2233 1421 sidit,
2264 1357 2455 1427 inquit,
2488 1358 2650 1414 Citam
2686 1369 2829 1430 pater
2844 1359 3093 1415 Chanaan
3117 1363 3399 1419 nuditatem
3425 1367 3593 1436 patris

1994 1446 2097 1513 sui,
2125 1456 2171 1500 et
2199 1463 2428 1517 egressus
2442 1450 2759 1503 annuntiauit
2786 1452 2982 1505 duobus
3012 1454 3255 1524 fratribus
3296 1456 3398 1510 suis
3436 1459 3585 1528 foris.

1996 1536 2260 1592 Fortassis
2286 1541 2331 1593 si
2353 1549 2407 1593 ct
2433 1540 2521 1593 alii
2542 1540 2756 1611 quidam
2783 1541 3115 1609 adfuissent,
3137 1555 3193 1599 et
3215 1546 3318 1602 illis
3346 1550 3588 1604 nuntias-

1995 1638 2077 1682 set
2095 1630 2260 1697 patris
2282 1630 2365 1684 sui
2392 1631 2770 1700 turpitudinem
2801 1650 2815 1686 :
2851 1641 2993 1688 tanta
3015 1644 3130 1690 erat
3156 1638 3303 1706 pueri
3325 1640 3582 1710 nequitia.

1996 1716 2283 1787 Propterea
2309 1719 2477 1787 enim,
2496 1729 2552 1774 ut
2580 1719 2755 1776 discas
2779 1721 3093 1794 jampridem
3123 1734 3178 1779 et
3203 1726 3271 1781 ab
3290 1728 3441 1787 initio
3462 1744 3586 1785 eum

1992 1816 2261 1877 corrupta
2296 1810 2494 1865 mentis
2536 1810 2733 1875 fuisse,
2764 1827 2869 1867 non
2926 1814 3241 1884 simpliciter
3283 1818 3411 1873 dicit
3435 1820 3587 1876 Scri-

1992 1905 2170 1967 ptura,
2198 1894 2341 1953 Vidit
2365 1900 2531 1955 Citam
2557 1901 2850 1958 nuditatem
2869 1906 3033 1974 patris
3056 1910 3134 1960 sui
3165 1924 3178 1961 :
3210 1909 3304 1963 sed
3330 1911 3492 1980 quid?
3515 1910 3587 1969 Et

1992 1989 2114 2042 uidit
2159 1990 2318 2045 Cham
2360 2004 2503 2061 pater
2542 1992 2811 2050 Chanaan.
2844 1995 3040 2065 Quare,
3088 1998 3175 2054 dic
3219 2000 3370 2067 mihi,
3400 2012 3455 2057 et.
3484 2004 3587 2061 hoc

1994 2078 2113 2133 loco
2143 2080 2234 2135 filii
2265 2084 2580 2139 vocabulum
2610 2086 2887 2157 assignat?
2916 2087 2981 2142 Ut
3007 2090 3180 2144 discas
3222 2091 3372 2146 illum
3418 2092 3584 2153 fuisse

1995 2172 2437 2241 intemperantem
2486 2184 2541 2229 et
2587 2176 3027 2243 incontinentem,
3074 2189 3127 2234 et
3177 2183 3365 2237 eadem
3406 2194 3585 2243 mente

1992 2278 2094 2332 qua
2153 2266 2203 2318 iu
2251 2274 2391 2319 tanta
2445 2268 2749 2323 turbatione
2786 2271 3133 2339 procreanda:
3166 2275 3299 2342 proli
3352 2278 3582 2347 vacavit,

1999 2354 2187 2410 eadem
2218 2357 2377 2411 etiam
2431 2374 2571 2413 nunc
2619 2360 2671 2412 in
2702 2363 3078 2415 contumeliam
3112 2365 3277 2431 patris
3318 2370 3583 2439 prorupit.

1993 2440 2061 2495 Et
2075 2459 2315 2513 egressus,
2335 2445 2521 2516 inquit,
2534 2450 2851 2502 attnutttiarit
2862 2449 3056 2504 duobus
3067 2453 3307 2521 fratribus
3318 2459 3423 2510 suis
3434 2458 3582 2527 foris.

1992 2531 2146 2599 Vide,
2161 2536 2407 2603 obsecro,
2434 2536 2538 2602 hic,
2563 2539 2926 2605 dilectissime,
2952 2557 3054 2593 non
3075 2542 3126 2595 in
3146 2552 3329 2599 natura
3349 2547 3447 2601 sita
3462 2563 3585 2604 esse

1991 2624 2139 2688 vitia,
2172 2626 2263 2680 sed
2297 2628 2347 2679 iu
2375 2629 2593 2681 arbitrio
2614 2637 2669 2682 et
2700 2630 2988 2685 voluntate.
3016 2632 3154 2687 Ecce
3195 2640 3336 2688 enim
3372 2639 3583 2709 utrique

1988 2715 2180 2771 fratres
2202 2716 2434 2783 fuerunt,
2449 2726 2502 2773 et
2513 2719 2754 2789 ejusdem
2769 2732 2993 2788 natura,
3012 2724 3258 2778 eumdem
3283 2728 3581 2789 habuerunt

1992 2817 2222 2874 patrem,
2250 2810 2439 2864 eodem
2470 2820 2621 2864 utero
2653 2810 2866 2866 fuerunt
2889 2815 3016 2868 editi
3039 2857 3053 2878 ,
3084 2816 3273 2871 eadem
3308 2819 3581 2891 diligentia

1988 2899 2204 2955 fuerunt
2227 2902 2458 2965 educati,
2490 2904 2583 2957 sed
2608 2920 2712 2957 non
2744 2908 2988 2959 eumdem
3012 2908 3247 2963 animum
3275 2908 3583 2969 declarave-

1988 3000 2148 3043 runt:
2179 2992 2271 3045 sed
2298 2993 2385 3045 ille
2410 2993 2623 3060 quidem
2651 2995 2702 3047 in
2729 2994 2983 3048 malitiam
3017 2996 3221 3064 incidit,
3256 3000 3288 3053 ii
3321 3016 3448 3058 vero
3482 3018 3582 3074 pu-

1986 3081 2125 3133 renti
2153 3082 2390 3134 debitum
2413 3083 2787 3150 impenderunt
2812 3084 3089 3141 honorem.
3112 3086 3206 3143 Fui
3220 3092 3379 3146 tassis
3399 3104 3582 3152 autem

1984 3180 2040 3225 et
2085 3170 2253 3226 irrisit
2291 3187 2354 3228 ac
2396 3174 2742 3234 subsannavit
2768 3185 2996 3245 patrem,
3031 3178 3410 3248 turpitudinem
3439 3184 3582 3243 illius

1986 3262 2278 3316 nuntiando
2309 3280 2320 3314 :
2350 3272 2405 3317 et
2454 3278 2558 3317 non
2603 3263 2801 3319 audivit
2837 3267 3130 3334 sapientem
3179 3273 3462 3340 quemdam
3492 3275 3581 3332 di-

1982 3352 2192 3405 centem
2228 3367 2241 3404 :
2277 3350 2361 3406 Ne
2374 3351 2605 3423 glorieris
2633 3355 2686 3407 in
2707 3355 2985 3425 ignominia
3019 3360 3178 3428 patris
3200 3362 3275 3416 tui
3302 3362 3489 3437 (Eccli.
3522 3368 3579 3424 5.

1984 3440 2094 3509 12).
2133 3442 2327 3497 Verum
2374 3443 2568 3499 fratres
2612 3461 2720 3500 non
2764 3445 2842 3501 sic
2890 3460 3135 3519 egerunt.
3169 3452 3237 3507 Et
3269 3446 3580 3525 quomodo!

1981 3532 2116 3585 Cum
2150 3532 2262 3586 hinc
2307 3535 2635 3590 audivissent
2664 3536 2755 3591 εδ.
2790 3537 2912 3592 Sent
2952 3549 3002 3593 ct
3045 3539 3293 3613 lup/mli,
3326 3550 3571 3619 acceptis,

1982 3620 2168 3691 inquit,
2200 3624 2411 3679 vestibus
2436 3642 2588 3695 super
2612 3626 2849 3684 Itameros
2886 3646 3025 3698 suos,
3057 3633 3365 3689 incesserunt
3384 3648 3575 3694 retror-

1979 3728 2113 3778 sum,
2132 3724 2179 3765 et
2198 3724 2501 3781 operuerunt
2519 3717 2799 3770 nuditatent
2826 3721 2985 3789 patris
3011 3723 3127 3776 sui:
3150 3736 3197 3777 et
3223 3728 3380 3796 [acies
3400 3746 3575 3788 eorum

1978 3815 2269 3871 retrorsum,
2299 3817 2346 3861 et
2376 3810 2653 3863 nuditatem
2684 3812 2842 3878 patris
2868 3813 2947 3865 sui
2977 3830 3077 3868 non
3107 3816 3356 3873 uiderunt.
3384 3821 3573 3880 Vidisti

1980 3897 2297 3967 probitatem
2332 3900 2599 3956 filiorum?
2629 3904 2725 3958 Ille
2760 3905 3030 3975 evolgavit
3071 3918 3127 3963 et
3173 3912 3443 3981 traduxit,
3485 3917 3573 3972 isti

1980 4002 2153 4057 neque
2185 3990 2367 4045 videre
2402 3994 2770 4048 sustinuerunt
2806 4014 2818 4048 :
2852 3996 2946 4050 sed
2985 4007 3277 4055 retrorsum
3308 4003 3487 4075 ibant,
3516 4016 3576 4065 ut

1976 4089 2125 4133 recta
2163 4080 2377 4135 adirent
2417 4083 2585 4152 patris
2630 4086 2927 4139 contectnri
2973 4088 3289 4145 nuditatem.
3342 4094 3409 4149 Et
3451 4096 3573 4154 \‘ide

1978 4167 2189 4223 illorum
2214 4185 2335 4225 cum
2364 4187 2553 4241 magna
2580 4173 2844 4243 probitate
2875 4179 3363 4235 mansuetudinem.
3388 4184 3573 4255 Neque

1977 4260 2276 4333 increpant,
2307 4279 2481 4334 neque
2510 4265 2798 4319 verberant
2836 4265 3055 4322 fratrem
3092 4287 3103 4322 :
3157 4272 3249 4325 sed
3290 4283 3346 4326 ut
3388 4278 3573 4332 audie-

1976 4364 2119 4417 runt,
2144 4370 2266 4409 mox
2298 4353 2350 4410 id
2376 4371 2538 4409 unum
2567 4366 2845 4425 curarunt,
2872 4369 2928 4411 ut
2955 4356 3152 4414 factum
3176 4367 3568 4433 quainprimum

1972 4447 2374 4512 emendaretur,
2404 4458 2457 4502 et
2488 4447 2689 4501 honore
2716 4450 2927 4519 genitor
2940 4449 3264 4507 afﬁceretur.
3290 4453 3571 4529 Faciesqus

1970 4537 2176 4590 illorum
2202 4552 2393 4592 auersa
2418 4548 2585 4605 erant,
2606 4548 2651 4592 et
2689 4541 2966 4594 nuditatem
2993 4545 3153 4612 putris
3178 4546 3256 4598 sui
3291 4563 3391 4601 non
3429 4552 3568 4603 vide.-

1971 4638 2110 4683 runt.
2132 4629 2315 4700 Magna
2344 4630 2570 4684 filiorum
2599 4635 2920 4699 reverentia,
2944 4650 3101 4703 quam
3123 4638 3275 4691 nobis
3294 4640 3571 4711 Scriptura

1971 4728 2267 4787 monstrat,
2295 4720 2437 4790 quod
2469 4736 2575 4775 non
2605 4721 2781 4777 solum
2808 4733 3019 4793 tegant,
3051 4726 3141 4780 sed
3170 4737 3221 4781 et
3252 4731 3432 4785 videre
3462 4750 3565 4790 non

1970 4811 2287 4866 sustineant.
2317 4812 2639 4867 Erudiamur
2665 4812 2812 4879 ltinc,
2851 4824 3010 4884 atque
3042 4833 3109 4871 ex
3139 4819 3377 4889 utrisque
3400 4824 3565 4879 lucri-

1971 4907 2225 4962 faciamus
2266 4907 2465 4978 aliquid
2508 4924 2522 4961 :
2564 4916 2617 4962 ct
2660 4907 2758 4963 bos
2806 4909 3021 4977 quidem
3066 4911 3372 4977 imitemur,
3424 4918 3564 4972 illius

1968 5002 2144 5047 autem
2186 5008 2367 5048 mores
2403 4993 2687 5064 fugiamus.
2733 4992 2865 5047 Nam
2905 4994 2949 5048 si
2991 4994 3035 5049 is
3062 5037 3078 5059 ,
3125 4998 3214 5066 qui
3253 5001 3563 5057 δοιιςίιιὶευιη

1970 5088 2263 5142 nuditatem
2288 5086 2570 5156 evolgavit,
2605 5084 2889 5140 malediCIo
2916 5101 2974 5141 se
3002 5086 3125 5141 fecit
3151 5090 3471 5156 obnoxium,
3508 5104 3563 5151 et

1968 5179 2220 5234 enuidens
2240 5178 2310 5232 ab
2334 5177 2537 5230 lonore
2561 5190 2718 5245 quem
2748 5191 2928 5245 parem
2949 5178 3265 5233 habuitt-um
3287 5181 3562 5249 fratribus,

1968 5272 2355 5327 condemnatus
2380 5277 2461 5322 est
2505 5275 2563 5322 ut
2598 5266 2706 5321 illis
2754 5269 3016 5334 serviret;
3062 5269 3189 5325 licet
3228 5282 3405 5327 autem
3455 5290 3561 5332 non

1968 5364 2100 5433 ipse,
2130 5378 2316 5416 omnes
2344 5372 2518 5414 tamen
2548 5360 2636 5430 qui
2663 5374 2730 5415 ex
2758 5361 2895 5429 ipso,
2924 5362 3064 5416 servi
3097 5362 3218 5417 facti
3246 5376 3371 5419 sunt
3394 5383 3407 5420 :
3432 5368 3561 5438 quid

1967 5456 2231 5526 patientur
2252 5454 2343 5524 qui
2370 5461 2585 5523 peccata
2612 5451 2834 5506 fratrum
2864 5453 3132 5523 evulgant,
3165 5466 3219 5509 et
3249 5473 3353 5511 non
3384 5461 3559 5516 solum

1966 5562 2073 5601 non
2103 5552 2393 5614 contegunt
2421 5551 2475 5597 et
2512 5552 2788 5607 excusant,
2832 5542 2925 5596 sed
2973 5546 3140 5614 magis
3182 5560 3245 5600 ea
3276 5548 3451 5614 palam
3485 5550 3562 5603 fa-

1965 5639 2134 5705 ciuut,
2168 5638 2441 5706 multaque
2465 5649 2530 5689 ex
2573 5634 2675 5690 hoc
2703 5644 2994 5702 operantur
3037 5638 3290 5704 peccata?
3332 5639 3559 5715 Qtumdo

1964 5732 2105 5787 enim
2150 5728 2329 5785 fratris
2380 5736 2654 5784 peccatum
2702 5727 2951 5796 evulgas,
2997 5742 3102 5783 non
3152 5728 3300 5784 illum
3340 5734 3554 5783 tantum
