4070 6392
517 354 620 410 Ξῦἳ

519 463 1003 538 ignominiosiorem
1031 460 1181 527 facis,
1208 468 1261 514 et
1289 455 1588 526 segniurem
1626 452 1761 506 forte
1790 451 1857 504 ad
1889 447 2096 505 virtutis

519 561 656 614 viam
688 555 1053 628 repetendam,
1085 553 1178 608 Sed
1207 559 1262 606 et
1299 563 1392 604 eos
1416 547 1502 617 qui
1531 544 1750 599 audiunt
1770 585 1786 608 ,
1827 543 2099 613 negligen-

518 654 680 707 tiores
725 650 907 705 reddis
928 690 944 714 ,
989 657 1044 702 et
1081 645 1146 699 ad
1178 641 1475 698 socordiam
1507 638 1749 693 inducis:
1783 651 1954 705 neque
1996 633 2096 690 hoc

516 742 713 805 solum,
759 739 854 795 sed
894 739 1053 792 etiam
1099 733 1150 788 id
1196 731 1366 787 efﬁcis
1412 739 1466 783 ut
1515 730 1651 782 Ileus
1681 726 2093 796 blasphemetur.

522 830 663 885 istud
686 838 864 884 autem
883 834 1138 896 quantum
1163 821 1316 876 affert
1341 817 1657 888 supplicium
1683 816 1746 869 iis
1766 815 1854 884 qui
1883 827 2095 868 causam

519 922 792 992 plu-bent,
823 932 980 973 nemo
1006 922 1089 971 est
1111 913 1198 984 qui
1228 911 1454 983 igtforct.
1486 907 1770 977 Fugiamus
1796 904 1974 975 igitur,
2004 901 2099 956 ob-

520 1026 696 1074 secro,
727 1023 907 1064 mores
931 1005 1122 1070 Cham,
1150 1003 1419 1058 imitemur
1448 1008 1622 1052 autem
1649 996 1936 1067 proborum
1978 992 2098 1048 illo-

516 1117 634 1158 rum
664 1100 892 1156 filiorum
919 1097 1194 1167 pudorem,
1225 1106 1381 1163 quem
1411 1090 1461 1144 in
1491 1085 1821 1157 contegenda
1866 1081 2099 1154 parentis

514 1193 753 1250 nuditate
777 1191 1116 1247 declararunt
1152 1204 1169 1241 :
1197 1195 1251 1240 et
1277 1185 1347 1238 ita
1373 1182 1689 1252 obtegamus
1726 1179 1945 1233 fratrum
1973 1189 2097 1246 pec-

512 1294 652 1349 cata,
679 1298 786 1338 non
833 1292 891 1336 ut
933 1281 1078 1348 ipsos
1105 1273 1520 1346 negligentiores
1545 1285 1639 1340 per
1665 1268 1766 1323 hoc
1789 1265 2095 1329 reddamus,

512 1375 694 1442 sedjut
720 1374 818 1427 hac
849 1370 1053 1425 ratione
1082 1367 1341 1435 majorem
1371 1364 1476 1417 illis
1500 1359 1834 1427 occasionem
1858 1355 2094 1426 prmbea-

513 1480 654 1531 mus,
684 1471 742 1518 ut
769 1465 875 1518 cito
907 1461 975 1515 ab
1007 1460 1105 1514 hac
1133 1455 1366 1528 pernicie
1393 1453 1704 1514 liberentur,
1737 1448 1859 1504 etin
1891 1445 2099 1501 virtutis

510 1556 652 1610 viam
683 1552 920 1608 redeant.
966 1549 1097 1605 Nam
1121 1549 1260 1602 sicut
1295 1558 1400 1598 non
1429 1540 1623 1596 multos
1655 1537 1852 1593 habere
1870 1535 2097 1591 delicto-

511 1660 631 1700 rum
674 1651 840 1699 testes
869 1635 1206 1710 ‘resipiseenti
1249 1633 1542 1688 faciliorem
1581 1629 1813 1684 reditum
1843 1622 2094 1697 praebet:

509 1737 587 1790 sic
605 1775 620 1798 ,
649 1733 694 1788 si
721 1732 950 1787 frontem
981 1713 1316 1798 perfricuerit
1343 1721 1575 1785 animus,
1605 1727 1661 1773 et
1700 1715 1891 1772 viderit
1921 1713 2098 1770 nemi-

511 1839 631 1880 nem
649 1824 892 1893 ignorare
910 1834 1029 1889 qua:
1050 1815 1188 1871 mala
1211 1811 1506 1876 admiserit,
1523 1825 1629 1866 non
1659 1807 1814 1863 facile
1831 1806 2099 1862 desistere

511 1916 690 1972 volet:
728 1914 823 1971 sed
847 1911 1000 1985 quasi
1029 1911 1084 1965 in
1121 1905 1443 1980 profundum
1470 1903 1641 1958 lutum
1687 1899 1961 1956 incidisset
1983 1937 1998 1962 ,
2044 1903 2102 1951 et

510 2006 761 2064 deorsum
792 2004 861 2060 ab
890 1999 1184 2058 innumeris
1227 2005 1508 2069 raperetur
1553 1993 1839 2059 fluctibus,
1885 1989 2099 2046 difficile

512 2113 792 2169 emergere
819 2095 1055 2167 poterit:
1100 2093 1153 2148 in
1181 2088 1612 2160 desperationem
1653 2083 1798 2140 enim
1837 2081 2012 2147 cadit,
2043 2089 2099 2135 et

513 2190 719 2246 nullum
749 2188 849 2244 sibi
877 2186 1102 2241 reditum
1137 2180 1434 2252 promittit.‘

579 2283 635 2340 ὅ.
677 2281 878 2337 Idcirco
899 2319 915 2344 ,
965 2289 1155 2348 precor
1177 2315 1194 2342 ,
1245 2287 1316 2328 ne
1363 2270 1672 2340 detegamus
1731 2266 2094 2338 proximorum

509 2376 710 2446 lapsus,
733 2380 788 2427 et
815 2372 858 2425 si
885 2369 954 2423 ab
967 2369 1086 2424 aliis
1112 2381 1206 2423 eos
1233 2363 1596 2426 didicerimus,
1628 2374 1698 2416 ne
1713 2369 2013 2428 satagamus
2040 2365 2097 2412 ιιι

511 2465 723 2523 auditas
749 2463 988 2516 videatur
1019 2477 1033 2512 :
1066 2457 1159 2513 sed
1187 2457 1322 2512 sicut
1348 2451 1501 2524 probi
1530 2451 1608 2505 illi
1633 2449 1726 2504 filii
1756 2448 2092 2518 obtegamus,

510 2556 909 2617 a'dumbremus,
926 2549 1288 2606 admonitione
1313 2554 1367 2601 et
1386 2541 1622 2598 consiliis
1637 2541 1840 2612 lapsam
1864 2536 2096 2592 animam

510 2649 718 2720 erigere
760 2643 1086 2706 studeamus,
1134 2634 1514 2694 misericordia
1543 2632 1639 2690 Dei
1682 2628 2097 2720 magnitudinem

510 2717 785 2801 docentes,
827 2742 882 2789 ct
925 2731 1175 2788 bonitatis
1219 2729 1336 2797 ejus
1375 2721 1745 2780 excellentiam
1790 2729 1845 2777 et
1886 2717 2097 2775 miseri-

511 2832 706 2889 cordia:
751 2827 1182 2886 innnensitatem,
1232 2829 1290 2874 ut
1317 2820 1573 2888 majorem
1620 2829 1781 2886 quam
1833 2813 1906 2868 illi
1935 2812 2098 2868 bene-

511 2925 796 2980 dictionem
822 2922 890 2975 ab
917 2918 1152 2973 omnium
1184 2913 1408 2968 Domino
1426 2921 1839 2980 consequamur,
1865 2905 1965 2973 Qui
1993 2905 2098 2958 vult

513 3031 683 3068 omnes
730 3011 956 3065 homines
999 3008 1165 3060 salvos
1195 2998 1328 3071 ﬁeri,
1372 3013 1418 3056 et
1451 3001 1518 3054 ad
1545 2999 1852 3070 agnitionem
1877 2995 2097 3050 veritatis

514 3105 681 3158 venire
714 3103 793 3172 (1.
815 3101 950 3156 Tim.
970 3100 1025 3153 '2.
1057 3097 1146 3165 4):
1171 3094 1258 3164 qui
1287 3109 1392 3148 non
1422 3090 1533 3146 vult
1559 3089 1772 3143 Mortem
1803 3087 2096 3159 peccatoris,

515 3197 604 3251 sed
633 3205 689 3250 ut
715 3201 1031 3248 convertatur
1049 3200 1096 3244 et
1134 3189 1263 3242 vivat
1293 3185 1507 3256 (Ezech.
1541 3183 1626 3239 18.
1653 3180 1771 3253 23).
1794 3179 1862 3233 Et
1890 3181 2096 3233 nudita-

515 3298 633 3353 tem,
683 3284 869 3356 inquit,
909 3281 1066 3351 patris
1105 3279 1187 3333 sui
1232 3292 1333 3330 non
1377 3275 1623 3327 viderunt.
1661 3271 1792 3327 Vide
1831 3269 2101 3342 quomodo

516 3394 612 3448 per
639 3377 808 3445 legem
837 3380 1036 3428 natura:
1065 3369 1282 3425 inditam
1312 3367 1459 3436 prius
1481 3373 1537 3420 et
1571 3363 1639 3418 ab
1667 3363 1818 3418 initio
1841 3363 2099 3433 impleve-

513 3477 639 3526 runt
665 3483 728 3523 ea
756 3483 870 3537 qua:
902 3475 1020 3535 post
1046 3462 1110 3516 ad
1153 3460 1502 3516 erudiendum
1534 3456 1820 3512 humanum
1849 3471 2018 3526 genus
2045 3455 2096 3508 in

513 3563 629 3632 lege
653 3561 847 3630 scripta
880 3558 1093 3612 fuerunt
1123 3572 1134 3606 :
1164 3563 1220 3609 et
1245 3552 1296 3606 id
1326 3552 1467 3622 quod
1497 3550 1855 3616 lexdicebat:
1891 3548 2097 3602 Honora

515 3662 707 3722 patrem
736 3659 875 3704 tuum
918 3656 964 3699 et
1008 3654 1219 3698 matrem
1265 3653 1424 3704 tuam,
1459 3650 1512 3692 ut
1541 3641 1662 3693 bene
1685 3640 1750 3694 sit
1785 3638 1872 3691 tibi
1898 3636 2095 3708 (Exod.

512 3743 604 3798 20.
641 3741 762 3810 l2):
791 3746 864 3804 et,
896 3736 995 3802 Qui
1034 3734 1284 3789 maledicit
1316 3733 1448 3803 patri
1483 3731 1558 3784 vel
1605 3731 1772 3796 matri,
1807 3737 1964 3783 morte
1987 3745 2098 3782 nta-

513 3835 676 3886 tiatur
702 3829 806 3899 (Ib.
838 3826 1076 3892 2L”):
1129 3825 1229 3877 hoc
1269 3822 1377 3892 jam
1425 3821 1675 3894 operibus
1723 3821 2095 3888 impleverunt.

517 3920 704 3976 Vidisti
736 3915 1006 3987 quomodo
1033 3925 1218 3968 natura
1241 3914 1386 3983 prius
1409 3910 1759 3966 sufficientem
1792 3909 1974 3964 habuit
2001 3909 2096 3964 do-

512 4015 778 4074 etrinam‘?

588 4107 818 4160 Ebrietas
855 4101 1051 4156 daemon
1082 4094 1597 4154 voluntarius—2i.
1626 4093 1891 4164 Evigilavit
1911 4103 2096 4158 autent,

518 4198 708 4267 inquit,
762 4194 876 4248 Noe
903 4211 935 4245 α
965 4193 1100 4257 vino,
1151 4201 1197 4244 et
1225 4190 1452 4260 cognovit
1496 4203 1609 4253 qua:
1635 4187 1824 4255 fecerat
1847 4185 1938 4238 sibi
1965 4185 2102 4253 filius

446 4336 453 4340 .
506 4290 707 4359 junior.
755 4285 1024 4354 Evigilavit
1070 4293 1281 4347 autem,
1332 4281 1520 4349 inquit.
1568 4279 1801 4332 Audiant
1842 4277 1930 4345 qtti
1975 4277 2098 4330 totis

519 4379 703 4434 diebus
744 4379 794 4430 in
826 4374 1082 4430 conviviis
1126 4383 1402 4426 versantur
1443 4371 1619 4439 lapsus
1648 4373 1982 4438 gravitatem,
2013 4366 2096 4420 fu-

515 4472 766 4540 giantque
809 4465 945 4534 quod
999 4480 1060 4517 ex
1107 4462 1362 4516 ebrietate
1387 4471 1466 4514 est
1489 4460 1762 4512 danmum.
1812 4457 1908 4511 Sui
1932 4464 2098 4510 autem

513 4563 680 4633 factus
727 4572 948 4625 compos,
993 4553 1180 4624 inquit.
1210 4552 1342 4619 Quid
1374 4559 1475 4613 est,
1522 4548 1617 4602 Sui
1647 4551 1810 4618 factus
1854 4547 2100 4615 compos?

519 4651 574 4706 Id
589 4649 727 4719 quod
748 4663 842 4700 nos
859 4647 1067 4701 discere
1092 4643 1326 4697 solemus
1342 4642 1407 4694 de
1425 4640 1655 4704 furiosis,
1675 4639 1717 4692 si
1737 4638 1945 4706 quando
1959 4638 2023 4690 ad
2040 4652 2100 4691 se

517 4741 736 4795 redeant
765 4757 777 4789 :
814 4737 906 4791 Hie
935 4752 965 4789 a
991 4735 1235 4788 daemone
1264 4740 1540 4799 correptus
1562 4731 1641 4784 sui
1667 4743 1885 4797 compos
1909 4727 2097 4791 factus,

519 4844 573 4884 et
599 4832 665 4882 ab
708 4828 845 4882 illius
877 4825 1154 4897 tyrannide
1185 4824 1436 4877 libemtus
1479 4832 1562 4875 cst
1594 4839 1606 4872 ε
1641 4821 1690 4873 id
1733 4821 1830 4872 sibi
1861 4819 1974 4873 vult
2001 4820 2102 4875 hoc

519 4919 638 4978 loco
680 4921 972 4988 Scriptura.
1025 4918 1158 4971 Vere
1204 4916 1345 4969 enim
1393 4914 1622 4968 ebrietas
1666 4913 1994 4966 voluntarius
2018 4920 2101 4967 est

521 5015 828 5076 thumum-et
853 5012 1063 5080 gravius
1089 5024 1244 5078 quam
1272 5008 1478 5061 da-mon
1508 5017 1738 5061 mentem
1760 5005 2094 5070 obtenebrat,

517 5117 568 5162 et
599 5116 810 5174 captum
860 5102 1001 5154 omni
1051 5100 1416 5155 benevolentia
1464 5099 1723 5154 destituit.
1774 5100 1926 5168 Saepe
1956 5101 2096 5153 enim

520 5199 902 5253 dtﬂllOttiacmll
927 5195 1164 5249 videntes
1191 5181 1551 5247 misericordia.
1581 5207 1871 5256 movemur,
1895 5203 1947 5246 et
1972 5209 2099 5246 con-

519 5293 783 5354 dolemus,
833 5302 1179 5357 magnamque
1227 5302 1348 5354 erga
1397 5285 1541 5338 illum
1576 5286 2096 5339 commiseratione"!

524 5381 887 5444 declaramus;
936 5390 1119 5432 contra
1160 5389 1335 5431 autem
1363 5376 1582 5430 facimus
1614 5376 1752 5429 circa
1779 5376 1952 5429 ebrios
1977 5393 1991 5431 :
2020 5377 2099 5429 in—

519 5470 798 5541 dignamur
818 5470 977 5523 cnim.
1008 5484 1143 5537 aegre
1163 5467 1398 5532 ferimus,
1424 5469 1698 5522 innumera
1725 5467 2074 5536 imprecantur

521 5558 694 5626 Quare
724 5570 774 5615 et
800 5577 898 5630 qua
930 5561 996 5614 de
1022 5561 1218 5613 causa?
1245 5561 1374 5626 Quia
1407 5562 1488 5615 ille
1512 5562 1596 5631 qui
1625 5575 1654 5614 a
1695 5561 1832 5614 malo
1856 5561 2097 5616 daemone

520 5653 768 5721 agitatur,
801 5653 1182 5705 involantarins
1229 5663 1481 5721 operatur
1505 5668 1566 5706 ea
1595 5668 1712 5722 qua:
1740 5664 2005 5721 Operatnr,
2036 5669 2096 5707 ac

529 5743 652 5801 licet
693 5745 1007 5812 recalcitret,
1055 5745 1176 5799 licet
1222 5754 1428 5815 rumpat
1473 5755 1694 5812 vestem,
1742 5753 1796 5800 ct
1846 5745 2092 5802 obscccna

1278 343 1338 401 S.
1376 337 1652 400 JOANNIS
1689 333 2159 394 CIIRYSOSTOIII
2196 335 2514 392 ARCIIIEP.
2555 335 3088 392 CONSTANTINOP.

3694 339 3798 396 268

2205 450 2467 518 qurepiatn
2519 449 2783 517 laquatur,
2836 449 2988 504 venia
3032 448 3223 520 dignus
3264 457 3556 505 censetur:
3608 460 3663 504 at
3708 452 3800 520 qui

2204 540 2382 594 ebrius
2425 546 2528 605 est,
2572 539 2827 610 quidquid
2872 540 3080 604 fecerit,
3127 553 3231 592 non
3260 548 3344 594 est
3369 538 3520 594 venia
3558 539 3799 609 dignus:

2202 630 2296 684 sed
2340 639 2395 685 et
2440 629 2591 684 valde
2637 629 2879 684 incusant
2921 629 3068 684 illum
3096 629 3402 695 familiares,
3430 631 3610 696 amici,
3639 642 3696 686 et
3721 633 3801 684 vi-

2201 721 2331 786 cini,
2360 731 2413 777 et
2443 723 2494 777 in
2523 736 2729 777 summa
2757 735 2978 785 omnes;
3023 723 3145 792 quia
3176 732 3369 791 sponte
3412 733 3465 777 et
3493 722 3800 778 Voluntaria

2205 809 2257 865 in
2301 811 2440 867 hanc
2491 813 2782 882 nequitiam
2830 811 3059 876 transiit,
3105 820 3160 866 et
3201 813 3478 868 ebrietatis
3530 814 3802 884 tyrannidi

2202 900 2437 970 seipsum
2467 901 2688 958 dedidit.
2719 902 2782 956 Et
2802 900 2916 956 lucc
2939 900 3059 956 dico
3083 916 3188 956 non
3218 913 3272 956 ut
3313 903 3513 971 justum
3539 904 3801 958 incusem:

2202 994 2367 1047 tnnlta
2413 995 2557 1049 enim
2605 1004 2757 1050 erant
2801 990 3019 1064 propter
3047 1009 3165 1064 quae
3195 996 3265 1048 illi
3301 996 3452 1050 venia
3480 996 3800 1060 debebatur,

2202 1093 2257 1138 et
2299 1099 2421 1136 cmn
2470 1086 2675 1154 primis,
2705 1085 2847 1155 quod
2897 1100 3001 1139 non
3036 1085 3088 1139 in
3120 1085 3170 1138 id
3201 1085 3311 1139 vitii
3343 1095 3525 1154 postea
3555 1087 3804 1155 relapsus

2202 1181 2305 1237 est,
2349 1173 2398 1227 id
2426 1175 2567 1243 quod
2609 1177 2897 1228 maximum
2925 1175 3085 1230 fuerit
3113 1174 3368 1231 indicium
3390 1191 3514 1231 eum
3543 1192 3608 1229 ex
3645 1175 3806 1244 igno-

2203 1265 2395 1327 rantia,
2443 1280 2547 1319 non
2596 1279 2661 1321 ex
2708 1265 3023 1336 negligentia
3069 1266 3214 1336 prius
3245 1266 3556 1336 deliquisse.
3591 1266 3725 1320 Nam
3757 1267 3804 1320 si

2203 1351 2306 1408 hoc
2327 1353 2510 1408 fuisset
2543 1356 2898 1424 negligentiaz,
2926 1357 3206 1427 oportebat
3233 1373 3354 1410 eum
3383 1359 3576 1412 iterum
3607 1355 3804 1410 eodem

2206 1443 2393 1499 morbo
2427 1445 2586 1514 capi:
2615 1445 2668 1499 id
2711 1432 2852 1515 quod
2900 1462 3004 1501 non
3048 1447 3251 1502 evenit.
3293 1447 3423 1502 Nam
3468 1448 3512 1502 si
3539 1447 3720 1502 denuo
3752 1446 3804 1501 id

2203 1535 2507 1603 accidisset,
2559 1537 2831 1607 Scriptura
2877 1540 3059 1608 utique
3104 1555 3208 1594 neu
3239 1540 3570 1605 obticuisset,
3604 1539 3701 1594 sed
3727 1540 3806 1593 si-

2201 1624 2508 1697 gniIiCasset
2536 1627 2709 1681 nobis.
2739 1627 2886 1684 Unus
2910 1630 3053 1684 enim
3076 1643 3269 1698 scapus
3289 1638 3344 1682 et
3373 1630 3634 1683 terminus
3653 1628 3807 1684 Scri-

2204 1726 2371 1787 ptura:
2417 1717 2613 1772 divina:
2651 1727 2753 1782 est,
2785 1735 2852 1774 ne
2879 1719 3005 1789 quid
3047 1719 3308 1774 Raetorum
3339 1719 3677 1786 intermittat,
3707 1720 3805 1775 sed

2204 1809 2483 1864 veritatem
2530 1824 2629 1865 nos
2668 1810 2876 1867 doceat.
2908 1811 3091 1881 Neque
3117 1813 3262 1866 enim
3307 1823 3529 1882 propter
3547 1812 3805 1866 invidiam

2197 1899 2468 1972 iustorum
2523 1902 2747 1957 virtutes
2803 1902 3060 1973 punierit,
3091 1917 3263 1972 neque
3305 1911 3523 1972 prepter
3573 1902 3806 1973 gratiam

2205 2001 2421 2063 peccata
2449 1991 2730 2048 adumbrat
2759 2011 2772 2048 :
2799 1992 2895 2049 sed
2935 1994 3112 2049 omnia
3147 1994 3203 2048 in
3231 1993 3464 2048 medium
3498 1992 3652 2048 nobis
3679 2006 3810 2062 pro-

2203 2083 2368 2153 ponit,
2401 2094 2458 2138 ut
2478 2085 2714 2154 regulam
2739 2095 2794 2140 et
2831 2085 3126 2140 doctrinam
3157 2085 3440 2156 quamdam
3482 2085 3805 2153 habeamus,

2201 2183 2254 2229 et
2297 2182 2355 2228 ut
2405 2175 2450 2227 si
2479 2174 2693 2245 quando
2721 2176 2882 2230 etiam
2914 2190 3012 2232 nos
3041 2191 3136 2246 per
3159 2177 3462 2232 socordiam
3491 2177 3545 2233 in
3571 2176 3698 2248 quid
3723 2180 3809 2231 vi-

2201 2264 2260 2320 tii
2313 2264 2682 2332 inciderimus,
2733 2267 3001 2322 cautiores
3049 2254 3218 2322 simus
3265 2276 3471 2337 postea,
3515 2282 3585 2324 ne
3619 2267 3808 2323 denuo

2200 2355 2517 2412 incidamus.
2548 2357 2731 2428 Neque
2755 2359 2898 2414 enim
2925 2369 3032 2414 tam
3053 2374 3220 2430 grave
3241 2370 3325 2416 est
3352 2374 3595 2430 peccare,
3631 2375 3799 2432 quam

2201 2441 2254 2496 in
2301 2443 2534 2513 peccatis
2581 2458 2947 2512 perseverare.
2997 2445 3180 2515 Itaque
3221 2459 3327 2500 non
3354 2445 3571 2501 attende
3613 2446 3796 2501 solum

2200 2533 2343 2604 quod
2374 2533 2665 2590 inebriatus
2707 2536 2776 2590 sit
2815 2535 3024 2605 justus,
3061 2535 3160 2604 sed
3188 2536 3329 2607 quod
3360 2547 3542 2607 postea
3571 2551 3677 2591 non
3699 2537 3808 2594 ite-

2200 2638 2318 2677 rum
2349 2622 2453 2679 hoe
2480 2622 2529 2680 ei
2571 2625 2847 2680 acciderit.
2897 2625 3032 2681 Illud
3075 2641 3203 2681 vero
3231 2627 3511 2682 considera
3537 2669 3552 2695 ,
3583 2641 3678 2682 eos
3708 2627 3807 2696 qui

2204 2713 2256 2769 in
2303 2715 2538 2770 tabernis
2569 2717 2786 2790 vinariis
2823 2718 3059 2786 quotidie
3085 2731 3473 2773 consumuntur
3495 2761 3511 2784 ,
3542 2727 3598 2774 et
3628 2720 3808 2774 ferme

2200 2803 2697 2875 diXerim,quotidie
2715 2809 3013 2862 moriuntur
3038 2807 3277 2863 :etiamsi
3305 2808 3518 2879 quando
3541 2810 3623 2865 lui
3649 2823 3808 2865 emn-

2203 2903 2353 2962 potes
2395 2895 2591 2950 fuerint
2637 2895 2798 2960 facti,
2833 2913 3005 2968 neque
3025 2899 3101 2952 sic
3147 2899 3247 2952 sibi
3289 2909 3475 2954 cavent
3507 2900 3575 2954 ab
3601 2900 3802 2956 eodem

2202 2984 2440 3051 periculo
2459 3025 2475 3051 ,
2503 2987 2596 3041 sed
2627 2987 2776 3057 quasi
2813 2987 2880 3041 ad
2911 3004 3046 3057 opus
3077 2987 3346 3060 quoddam
3375 2997 3650 3045 strenuum
3683 2991 3810 3046 red-

2199 3083 2347 3129 eunt.
2395 3075 2612 3147 Insuper
2669 3088 2725 3132 et
2770 3079 2871 3133 hoc
2925 3081 3045 3150 quis
3082 3080 3205 3148 jure
3244 3070 3531 3150 cogitabit,
3590 3082 3799 3151 justum

2204 3164 2372 3229 illum,
2419 3169 2519 3221 etsi
2560 3168 2701 3236 quo]
2734 3183 2837 3223 non
2879 3179 3130 3240 expertus
3172 3180 3335 3236 esset,
3368 3186 3466 3226 nec
3505 3172 3669 3227 sciret
3695 3189 3806 3244 qua

2204 3267 2456 3310 mensura
2493 3267 2639 3310 esset
2660 3257 2909 3312 utendum
2930 3301 2946 3326 ,
2978 3259 3266 3315 inebriatus
3287 3260 3388 3326 sit;
3419 3269 3654 3323 attamen
3680 3278 3807 3326 cum

2201 3343 2380 3414 justus
2407 3358 2569 3412 esset,
2620 3358 2673 3402 et
2714 3351 2892 3403 multis
2919 3350 3070 3407 bouis
3113 3351 3337 3421 polleret
3374 3354 3645 3424 operibus,
3681 3371 3806 3424 pec-

2200 3447 2401 3502 catum,
2457 3439 2596 3509 quod
2647 3456 2772 3495 casn
2809 3445 3006 3510 evenit,
3065 3445 3316 3514 obtegere
3371 3447 3652 3514 potuisse:
3705 3465 3807 3504 nos

2201 3536 2378 3580 autem
2419 3544 2540 3582 cum
2575 3531 2641 3584 ab
2661 3532 2951 3587 innumeris
3001 3535 3116 3589 aliis
3170 3535 3539 3604 affectionibus
3579 3538 3688 3592 infe
3721 3547 3806 3594 te-

2203 3639 2340 3693 mur,
2383 3636 2437 3680 et
2480 3625 2580 3681 hoc
2619 3627 2897 3693 addamus,
2931 3639 2985 3683 ut
3016 3639 3065 3684 et
3096 3629 3162 3682 ab
3197 3631 3454 3686 ebrietate
3483 3632 3801 3704 submerga-

2204 3732 2340 3780 mur,
2395 3717 2519 3787 quid
2564 3719 2874 3772 excusabit?
2908 3719 2987 3774 vel
3025 3720 3164 3789 quis,
3199 3720 3302 3782 die,
3334 3737 3451 3787 oro,
3485 3738 3583 3776 nus
3609 3723 3806 3794 digna-

2202 3807 2342 3862 bitur
2366 3810 2539 3876 venia,
2564 3825 2698 3880 quos
2727 3812 2865 3865 nulla
2897 3813 3223 3882 experientia
3253 3813 3375 3868 facit
3395 3816 3808 3885 castigatiores’

2204 3896 2476 3969 Evigilavit
2516 3913 2681 3953 autent
2730 3901 2862 3965 Noe,
2910 3903 3100 3972 inquit,
3128 3922 3159 3955 a
3189 3906 3321 3967 vino,
3354 3916 3401 3957 et
3426 3910 3805 3975 cognovit'qna:

2203 3991 2317 4060 fecit
2336 3991 2434 4045 sibi
2451 3992 2593 4060 ﬁlius
2613 4009 2732 4046 suus
2747 3993 2948 4062 junior.
2966 3994 3115 4049 Unde
3135 3997 3414 4064 cognovit?
3431 3997 3588 4052 Forte
3610 3999 3806 4055 fratres

2203 4083 2654 4154 signifieaverunt,
2703 4100 2806 4139 non
2839 4097 2894 4139 ut
2937 4084 3152 4140 fratrem
3184 4099 3518 4154 accasarent,
3551 4092 3645 4145 sed
3687 4109 3802 4147 rem

2205 4183 2262 4226 ut
2291 4176 2424 4229 facta
2450 4185 2564 4229 erat
2593 4177 2865 4243 docentes,
2915 4189 2971 4230 ut
2999 4181 3320 4234 Conveniens
3349 4181 3438 4235 ille
3463 4199 3561 4237 suo
3593 4185 3802 4240 vulneri

2206 4266 2501 4319 remedium
2551 4269 2834 4335 acciperet.
2882 4267 2950 4320 Et
2997 4271 3246 4339 cognovit,
3293 4272 3479 4341 inquit,
3528 4275 3804 4342 Noeqnw-

2204 4371 2418 4426 cumque
2457 4358 2642 4425 fecerat
2688 4358 2784 4411 sibi
2812 4358 2951 4426 ﬁlius
2976 4375 3096 4414 sum
3113 4360 3311 4429 jnnior.
3344 4359 3479 4428 Quid
3507 4373 3609 4429 est,
3642 4365 3802 4430 Qua:-

2202 4466 2410 4519 cumque
2437 4451 2664 4518 fecerat?
2697 4442 2936 4520 Magnam
2969 4459 3020 4504 et
3061 4452 3446 4506 intolerabilem
3475 4470 3585 4508 rem
3615 4456 3804 4513 dicere

2208 4544 2338 4595 vult.
2370 4541 2747 4596 Animadverte
2774 4541 2914 4596 enim
2945 4543 3212 4610 quomodo
3238 4543 3378 4598 intus
3408 4544 3460 4599 in
3493 4545 3656 4600 domo
3671 4548 3800 4602 .visa

2205 4633 2369 4702 patris
2401 4633 2747 4700 turpitudine,
2777 4648 2897 4686 emn
2939 4633 3212 4687 debuisset
3249 4636 3520 4703 obtegere,
3548 4653 3802 4706 egressus

2206 4724 2486 4791 evolgavit,
2515 4733 2568 4778 et
2595 4725 2724 4778 risui
2754 4733 2912 4793 atque
2936 4723 3332 4778 subsannationi
3364 4722 3590 4796 patrem,
3629 4745 3801 4798 quan-

2207 4821 2314 4866 tum
2346 4813 2398 4867 in
2425 4814 2540 4882 ipso
2568 4825 2701 4880 erat,
2735 4815 3004 4884 exposuit,
3036 4814 3331 4885 fratresque
3360 4831 3536 4884 pravre
3560 4835 3674 4873 sua:
3699 4837 3800 4876 vo-

2205 4903 2417 4959 luntatis
2445 4907 2616 4960 socios
2646 4920 2763 4960 esse
2789 4906 2983 4960 voluit:
3005 4922 3126 4960 cum
3149 4907 3490 4975 oportuisset,
3509 4909 3552 4963 si
3575 4913 3800 4966 omnino

2206 4997 2539 5050 nuntiaturus
2584 5008 2718 5064 erat,
2763 4999 2880 5052 illos
2915 4999 3048 5052 intra
3101 4997 3318 5052 domum
3367 5014 3580 5065 vocare,
3636 5013 3689 5056 et
3720 5007 3798 5058 sic

2207 5087 2495 5140 nuditatem
2525 5087 2675 5141 effari
2709 5107 2722 5138 :
2751 5088 2843 5142 sed
2877 5090 2988 5155 ipse
3021 5088 3160 5142 foras
3187 5089 3343 5154 exiit,
3375 5089 3672 5145 nuditatem
3701 5095 3792 5148 de-

2203 5176 2443 5238 claravit,
2491 5179 2640 5247 quasi
2678 5180 2836 5231 etiam
2887 5179 2985 5230 alia
3025 5179 3238 5233 adesset
3287 5180 3438 5234 turba
3492 5181 3796 5251 hominum,

2203 5283 2334 5336 quas
2358 5270 2517 5322 etiam
2546 5268 2781 5323 facturus
2802 5278 2942 5322 esset
2974 5281 3203 5337 paterna:
3229 5270 3565 5338 turpitudinis
3589 5284 3755 5328 test-'5
3783 5293 3796 5330 :

2205 5373 2420 5430 promer
2464 5364 2563 5416 hoc
2611 5362 2797 5431 inquit,
2835 5363 2959 5428 Qua:
2984 5367 3198 5432 fecerat;
3232 5363 3278 5415 id
3312 5374 3410 5428 est,
3444 5368 3796 5419 conltttticliu.

2204 5469 2293 5508 sus
2321 5453 2455 5522 patri
2481 5453 2594 5516 fuit,
2625 5453 2820 5506 oblitus
2850 5462 2929 5506 est
2958 5454 3172 5507 honoris
3202 5470 3358 5520 quem
3384 5455 3578 5506 debent
3603 5475 3613 5519 ι
3636 5471 3797 5508 aren-

2205 5545 2342 5598 tibus
2373 5545 2485 5606 filii,
2533 5544 2760 5612 prodidit
2803 5555 3033 5612 peccata,
3070 5543 3208 5598 fratri
3231 5558 3258 5595 s
3286 5544 3444 5596 viduit
3474 5545 3710 5606 allicere,
3740 5558 3795 5600 ut

2203 5636 2375 5690 socius
2404 5639 2576 5690 facere
2600 5653 2708 5689 stuc
2731 5639 3094 5698 cnttttttntrli:e._
3114 5636 3238 5700 Quir
3257 5637 3439 5704 fero‘rul
3463 5635 3571 5696 sibi,
3598 5635 3792 5705 inquit,

2206 5728 2342 5794 ﬁlius
2388 5744 2508 5786 suus
2548 5727 2734 5792 iunior.
2769 5730 2920 5797 Atqui
2955 5744 3056 5782 non
3085 5728 3168 5781 hic
3197 5737 3309 5781 erat
3345 5728 3559 5796 juniur;
3593 5744 3792 5784 secun-
