4070 6386
365 370 469 428 που

369 502 459 557 ρος
488 481 713 543 ἐκείνου,
747 482 881 535 ἀλλὰ
906 486 973 554 τῇ
1002 483 1192 555 γνώμῃ
1224 482 1503 553 νεώτερος,
1543 481 1633 533 καὶ
1664 482 1696 549 ή
1734 474 2026 547 προπέτεια

366 571 528 626 αὐτὸν
553 570 823 633 ἐξέϐαλεν.
862 571 1075 642 Ἐπειδὴ
1105 571 1213 641 γὰρ
1244 571 1345 623 οὐκ
1385 568 1633 621 ἐϐούλετο
1665 568 1791 619 εἴσω
1813 564 1920 616 τῶν
1949 563 2027 615 οἰ-

369 656 529 708 κείων
556 656 699 727 ὅρων
728 656 1189 727 μεῖναι,άπιῖ›λεσε
1213 657 1312 727 τὴν
1340 656 1492 727 παρὰ
1521 656 1618 724 τῆς
1650 652 1860 723 φύσεως
1883 650 2030 719 αὖτῷ

366 742 656 813 δεδομένην
684 746 866 814 τιμήν·
891 744 986 796 καὶ
1005 743 1193 815 ὥσπερ
1223 738 1397 806 οὗτος,
1434 742 1571 811 ὅπερ
1612 736 1755 810 εἶχεν
1784 739 1892 792 ἀπὸ
1932 739 2031 808 τῆς

371 827 605 894 φύσεως,
635 830 911 899 προύδωκε
937 832 1003 900 τῇ
1030 829 1301 901 μοχθηρία
1319 828 1419 897 τῆς
1453 826 1840 897 προαιρέσεως,
1859 824 2031 886 οὕτως

370 915 401 965 ὁ
442 914 638 982 Ἰάφεθ,
676 916 812 984 ὅπερ
842 916 941 969 οὐκ
986 911 1131 986 εἶχεν
1162 915 1272 969 άπδ
1296 916 1393 986 τῆς
1422 913 1654 983 φύσεως,
1681 909 1838 965 τοῦτο
1861 927 2031 981 προσ·

370 998 561 1051 έλαδεν
585 1000 693 1053 άπὸ
714 1001 814 1071 τῆς
840 1001 1026 1069 ὑγιοῦς
1065 1001 1313 1071 γνώμης.

442 1091 515 1147 ς’.
537 1079 690 1149 Εἶδες
717 1088 833 1150 πῶς
846 1089 995 1140 οὐδὲν
1024 1089 1209 1151 άπλῶς
1228 1088 1347 1140 οὐδὲ
1371 1088 1445 1149 ὡς
1477 1085 1665 1157 ἔτυχέν
1681 1087 1826 1138 ἐστιν
1852 1085 2031 1155 εὑρεῖν

368 1166 621 1236 κείμενον
648 1171 704 1223 ἐν
724 1173 791 1241 τῇ
826 1171 945 1241 θείᾳ
970 1172 1191 1241 Γραφῇ;
1230 1170 1385 1222 Ὅσα
1404 1169 1693 1234 ἐποίησεν
1720 1166 1898 1233 αὐτῷ,
1930 1185 2033 1237 φη-

372 1254 476 1321 σὶν,
504 1257 683 1322 όυίύς
718 1258 904 1311 αὐτοῦ
932 1259 966 1310 ό
991 1258 1295 1324 νεώτερος.
1313 1252 1624 1309 Καίεἷπεν·
1656 1253 2032 1321 Ἐπικατάρα-

372 1358 474 1407 τος
500 1342 742 1396 Χαναὰν
773 1342 933 1407 παῖς,
966 1344 1197 1410 οικέτης
1226 1344 1396 1397 ἔσται
1448 1342 1572 1408 τοῖς
1623 1342 1905 1411 ἀδελφοῖς
1929 1344 2033 1396 αὺ-

372 1428 499 1485 τοῦ.
554 1430 683 1484 Ἰδοὺ
720 1431 1038 1501 ἐφθάσαμεν
1081 1432 1161 1493 είς
1187 1431 1248 1484 τὸ
1273 1430 1490 1501 ζήτημα
1515 1432 1577 1481 τὸ
1635 1430 1907 1498 πανταχοῦ
1937 1447 2035 1482 πετο

374 1519 751 1590 ριφερόμενον.
776 1520 991 1573 Πολλῶν
1021 1521 1128 1591 γὰρ
1152 1520 1297 1573 ἐστιν
1332 1519 1561 1573 ἀκοῦσαι
1589 1520 1871 1587 λεγόντων·
1894 1520 2037 1583 τίνος

375 1603 583 1666 ἕνεκεν,
636 1605 730 1679 τοῦ
765 1606 968 1676 πατρὸς
1021 1606 1416 1676 ἡμαρτηκότος,
1471 1608 1564 1659 καὶ
1613 1609 1710 1677 τὴν
1757 1607 2036 1677 γύμνωσιν

376 1689 805 1757 ἐξαγγείλαντος,
842 1694 871 1743 ὀ
908 1694 1035 1753 παῖς
1085 1692 1185 1762 τὴν
1212 1692 1456 1763 κατάραν
1484 1694 1734 1763 δέχεται;
1788 1694 1899 1755 Διό,
1930 1711 2033 1746 πα-

376 1776 619 1844 ρακαλῶ,
654 1778 793 1846 μετὰ
812 1778 1089 1847 ἀκριδείας
1114 1780 1399 1843 ἀκούσατε,
1432 1780 1526 1833 καὶ
1553 1779 1769 1850 δέχεσθε
1793 1781 1891 1851 τὴν
1918 1782 2037 1832 τού-

376 1877 468 1911 του
498 1859 668 1915 λύσιν.
713 1864 923 1916 Ἐκεῖνα
963 1863 1071 1935 γάρ
1101 1866 1331 1935 ἐροῦμεν
1365 1866 1508 1934 ἅπερ
1536 1866 1601 1919 ἂν
1630 1868 1665 1935 ἡ
1720 1866 1839 1919 θεία
1881 1866 2039 1937 χάρις

376 1950 630 2019 παρασχῇ
659 1948 745 2003 διὰ
763 1950 859 2020 τὴν
887 1952 1154 2020 ὑμετέραν
1198 1952 1480 2020 ὠφέλειαν.
1523 1951 1668 2023 [289]
1701 1953 1808 2006 Καὶ
1851 1949 2038 2007 εἶπεν·

393 2034 854 2102 Ἐπικατάρατος
908 2038 1150 2091 Χαναὰν
1199 2038 1359 2103 παῖς,
1404 2040 1638 2104 οίκέτης
1691 2039 1863 2093 ἔσται
1917 2039 2041 2104 τοῖς

378 2117 662 2187 ἀδελφοῖς
712 2122 917 2176 αὐτοῦ.
972 2124 1081 2193 Οὐχ
1132 2124 1315 2187 ἅπλῶς
1365 2124 1483 2177 οὐδὲ
1539 2125 1659 2193 είκῆ
1717 2125 1812 2177 τοῦ
1856 2125 2041 2188 παιδὸς

380 2207 802 2275 ἐμνημόνευσεν,
831 2209 966 2262 ἀλλὰ
991 2210 1076 2263 διά
1103 2227 1223 2263 τινα
1237 2212 1391 2278 λόγον
1425 2212 2039 2280 ἐγκεκρυμμένον.Βου-

380 2291 601 2359 λόμενος
634 2294 743 2365 γὰρ
775 2296 907 2366 δμοῦ
954 2297 1046 2349 καὶ
1097 2296 1439 2366 καθάψασθαι
1469 2298 1630 2351 αὐτοῦ
1658 2300 1744 2351 διὰ
1771 2299 1831 2351 τὸ
1860 2300 2039 2368 πλημ-

383 2378 636 2448 μεληθὲν,
689 2382 781 2434 καὶ
806 2382 903 2453 τὴν
950 2382 1123 2453 ὐδριν,
1151 2384 1217 2453 ήν
1267 2386 1346 2448 είς
1377 2385 1535 2437 αὐτὸν
1590 2384 1917 2449 ἐπεδείξατο,
1950 2388 2041 2439 καὶ

383 2466 519 2533 μήτε
552 2468 617 2537 τῇ
653 2468 803 2538 παρὰ
827 2468 922 2521 τοῦ
968 2470 1103 2522 Θεοῦ
1130 2471 1229 2540 ήδη
1259 2471 1603 2542 γεγενημένῃ
1629 2472 1847 2543 εὐλογίᾳ
1871 2472 2043 2542 λυμή-

380 2552 590 2604 νασθαι·
620 2556 933 2625 Εὑλόγησε
959 2557 1066 2628 γὰρ
1089 2596 1104 2620 ,
1132 2557 1294 2627 φησὶν
1318 2600 1329 2617 ,
1356 2561 1389 2611 ό
1418 2558 1561 2623 Θεὸς
1586 2558 1692 2611 τὸν
1707 2558 1832 2611 Νῶε
1862 2560 2043 2627 ἡνίκα

381 2639 639 2708 ἐξῆλθεν
665 2644 730 2696 ἐκ
760 2643 869 2712 τῆς
907 2646 1175 2710 κιϐωτοῦ,
1209 2645 1303 2699 καί
1334 2645 1474 2709 τοὺς
1496 2646 1665 2710 υἱοὺς
1685 2647 1885 2700 αὐτοῦ.
1928 2648 2042 2701 Ἵνα

381 2722 475 2779 οὖν
500 2727 574 2797 μὴ
601 2728 727 2800 δοκῇ
763 2731 854 2783 τὸν
888 2731 1034 2794 ἅπαξ
1088 2732 1191 2784 ὑπό
1224 2730 1316 2784 τοῦ
1357 2732 1491 2784 Θεοῦ
1539 2733 1637 2803 τῆς
1665 2733 1909 2801 εὐλογίας
1949 2751 2043 2786 τυ⁴

386 2814 546 2881 χόντα
604 2816 1032 2885 καταράσασθαι,
1088 2819 1292 2870 ἐκεῖνον
1329 2820 1427 2888 μὲν
1478 2820 1614 2883 τέως
1647 2820 1738 2872 τὸν
1790 2819 2045 2891 ὑϐρικότα

383 2900 595 2971 ἀφίησι,
634 2902 711 2972 τῷ
737 2902 793 2955 δὲ
823 2904 923 2975 υίῷ
968 2905 1066 2975 τὴν
1090 2905 1333 2976 κατάραν
1359 2907 1572 2974 ἐπάγει.
1602 2908 1728 2970 Ναὶ,
1766 2907 1900 2961 ἀλλὰ
1948 2909 2044 2961 καὶ

381 2987 539 3040 τοῦτο
569 2991 686 3059 μὲν,
718 2992 871 3061 φησὶ,
890 2991 1157 3045 δείκνυσιν
1190 2992 1272 3045 ὅτι
1312 2991 1399 3045 διὰ
1421 2994 1579 3047 τοῦτο
1599 2994 1658 3046 οὐ
1698 2995 2045 3064 κατηράσατο

384 3070 476 3127 τὸν
504 3075 651 3146 Χὰμ,
684 3077 868 3147 ἐπειδὴ
894 3078 991 3147 τῆς
1024 3078 1173 3147 παρὰ
1202 3079 1437 3133 τοῦΘεοῦ
1465 3080 1709 3148 εὐλογίας
1740 3082 2041 3150 άπήλαυσε·

388 3163 530 3226 τίνος
566 3162 621 3215 δέ
642 3163 828 3217 ἐνεκεν
844 3166 1048 3217 ἐκείνου
1084 3166 1415 3236 ἁμαρτόντος
1439 3161 1592 3229 οὗτος
1622 3167 1774 3238 δίκην
1810 3167 2042 3235 δίδωσιν;

387 3249 520 3301 Οὐδὲ
537 3248 693 3303 τοῦτο
717 3252 900 3314 ἁπλῶς
923 3254 1148 3319 γίνεται.
1167 3255 1275 3305 Καὶ
1287 3254 1393 3324 γὰρ
1404 3254 1502 3307 οὐκ
1514 3254 1729 3307 ἔλαττον
1743 3253 1837 3307 τοῦ
1861 3255 2047 3319 παιδὸς

387 3337 415 3387 ὁ
438 3336 565 3405 Χάμ
588 3336 688 3405 τὴν
717 3338 937 3391 κόλασιν
969 3339 1233 3409 ὑπέμενε,
1270 3340 1363 3394 καὶ
1416 3342 1514 3410 τῆς
1534 3342 1802 3411 τιμωρίας
1828 3344 1929 3413 τὴν
1957 3343 2044 3395 ατ-

391 3422 578 3493 εθησιν
605 3424 1080 3494 ἐλάμϐανεν.’1στε
1110 3414 1368 3497 γάρ.ίστέ
1400 3428 1516 3492 πῶς
1546 3428 1803 3493 πολλάκις
1817 3430 2047 3500 ηὔξαντο

386 3513 619 3585 πατέρες
651 3516 788 3587 ὑπὲρ
820 3516 1025 3569 παίδων
1047 3517 1316 3587 τιμωρίαν
1340 3517 1617 3587 ὑποσχεῖν,
1652 3518 1745 3571 καὶ
1777 3519 1925 3582 ὅπως
1951 3519 2047 3589 βα-

389 3602 611 3674 ρύτερον
640 3604 821 3667 αὐτοῖς
852 3605 997 3657 ἐστιν
1020 3604 1102 3664 εἰς
1121 3602 1391 3667 κολάσεως
1419 3602 1591 3671 λόγον,
1622 3605 1681 3658 τὸ
1707 3604 1832 3669 τοὺς
1853 3605 2046 3671 παῖδας

388 3689 519 3760 έρᾷν
548 3688 1007 3757 τιμωρουμένους,
1059 3689 1093 3757 ἢ
1114 3689 1340 3751 ἑαυτοὺς
1378 3688 1704 3753 ὑπευθύνους
1736 3690 2041 3759 γεγονότας.

400 3775 647 3842 Ἐγένετο
671 3775 849 3828 τοίνυν
899 3774 1072 3839 τοῦτο,
1106 3776 1193 3827 ἴνα
1220 3774 1315 3827 καὶ
1345 3768 1498 3838 οὗτος
1552 3775 1639 3828 διὰ
1668 3776 1765 3846 τὴν
1812 3778 2047 3849 φυσικὴν

390 3860 769 3928 φιλοστοργίαν
817 3860 1035 3913 πλείονα
1060 3860 1158 3929 τὴν
1186 3860 1376 3929 ὀδύνην
1426 3861 1711 3931 ὑπομείνῃ,
1747 3864 1841 3915 καὶ
1884 3864 1916 3933 ή
1954 3864 2047 3917 τοῦ

387 3948 523 4000 Θεοῦ
541 3948 757 4014 εὐλογία
794 3947 1047 4017 ἀκέραιος
1073 3947 1342 4020 διαμείνῃ,
1388 3947 1482 4001 καὶ
1512 3949 1541 4001 ὁ
1562 3949 1660 4020 τὴν
1684 3950 1926 4020 κατάραν
1966 3951 2050 4005 δε-

390 4035 621 4104 ξάμενος
656 4036 782 4097 παῖς
811 4034 1023 4086 οἰκείων
1050 4033 1459 4103 ἁμαρτημάτων
1494 4034 1615 4105 τίνῃ
1646 4034 1816 4100 δίκας.
1846 4038 1909 4092 Εἰ
1941 4041 2048 4113 γὰρ

390 4124 485 4174 καὶ
510 4121 598 4173 διὰ
630 4119 689 4172 τό
710 4121 1010 4190 ἁμάρτημα
1042 4119 1134 4172 τοῦ
1167 4120 1370 4191 πατρὸς
1400 4119 1492 4173 νῦν
1517 4121 1614 4192 τὴν
1652 4126 1894 4196 κατάραν
1921 4126 2049 4199 λαμι

387 4210 562 4272 θείνει,
595 4208 709 4261 ἀλλ’
736 4209 883 4276 ὅμως
912 4207 1056 4270 είκδς
1083 4203 1149 4277 ἧν
1182 4207 1248 4259 δι’
1273 4209 1448 4262 οἰκεῖα
1495 4208 1937 4282 πλημμελήματα
1979 4215 2052 4267 δι·

387 4297 531 4349 δόναι
557 4296 729 4365 δίκην.
756 4296 830 4348 Οὐ
858 4295 965 4366 γάρ
996 4294 1080 4348 διὰ
1110 4296 1171 4347 τὸ
1206 4296 1508 4366 ἁμάρτημα
1536 4298 1629 4350 τοῦ
1661 4300 1864 4370 πατρὸς
1890 4302 2048 4371 μόνον

390 4386 487 4453 τὴν
514 4384 757 4453 κατάραν
788 4382 1019 4448 ἐδέξατο,
1048 4383 1162 4435 ἀλλ’
1192 4382 1224 4452 ἢ
1254 4382 1361 4451 ἄρα
1391 4384 1475 4436 ἵνα
1507 4384 1602 4438 καὶ
1632 4384 1698 4437 δι’
1730 4387 1892 4440 αὐτοῦ
1914 4390 2050 4441 ἐκεί-

389 4486 477 4531 νος
510 4468 728 4537 μείζονα
757 4468 831 4536 δῷ
859 4468 957 4537 τὴν
992 4467 1279 4537 τιμωρίαν.
1316 4467 1438 4521 Ὀτι
1484 4468 1593 4538 γὰρ
1641 4469 1763 4524 οὐτε
1815 4472 2048 4543 πατέρες

392 4554 533 4623 ὑπὲρ
575 4555 802 4614 τέκνων,
832 4552 955 4604 οὔτε
983 4553 1145 4606 τέκνα
1178 4553 1319 4623 ὑπὲρ
1348 4554 1599 4625 πατέρων
1616 4556 1770 4626 δίκην
1795 4558 2046 4627 διδόασιν,

390 4642 504 4694 ἀλλ’
536 4640 762 4702 ἕκαστος
795 4639 934 4708 ὑπὲρ
960 4632 1035 4691 ὧν
1050 4638 1435 4708 ἐπλημμέλησε
1456 4641 1553 4704 τὰς
1582 4642 1808 4706 εὐθύνας
1834 4646 2045 4716 ὑπέχει,

391 4728 657 4798 πολλαχοῦ
685 4729 830 4780 ἐστιν
860 4728 1039 4797 εὑρεῖν
1064 4728 1212 4797 παρὰ
1241 4726 1347 4779 τῶν
1376 4729 1669 4799 προφητῶν
1728 4730 1884 4783 τοῦτο
1906 4734 2049 4803 εἰρη-

393 4819 571 4887 μένονο
595 4817 781 4887 ῶσπερ
809 4818 937 4869 ὅταν
970 4815 1187 4883 λέγωσι·
1225 4815 1334 4868 Τοῦ
1362 4818 1655 4886 φαγόντος
1685 4817 1790 4869 τὸν
1816 4818 2051 4887 ὄμφακα

393 4909 445 4958 οἰ
492 4907 731 4971 ὀδόντες
768 4904 1193 4974 αίμωδιάσουσι
1242 4902 1301 4934 ⁸’
1336 4904 1451 4958 καίο
1492 4904 1563 4959 Ἡ
1593 4906 1765 4975 ψυχὴ
1802 4908 1841 4975 ἠ
1872 4912 2051 4980 ἀμαρ-

390 4993 603 5055 rufum.
656 4992 807 5060 αὐτὴ
834 4993 929 5044 καί
956 4991 1353 5045 ἀποθανεῖταιο
1404 4992 1496 5045 καὶ
1526 4993 1707 5061 πάλιν,
1744 4998 1865 5050 Οὐκ
1906 4997 2053 5051 ἁπο-

391 5080 709 5135 θανοῦνται
745 5078 993 5145 πατέρες
1017 5080 1169 5144 ὑπὲρ
1196 5077 1452 5142 τέκνων,
1508 5079 1646 5134 οὔτε
1693 5081 1871 5135 τέκνα
1900 5083 2051 5152 ὑπὲρ

392 5167 674 5234 πατέρων.
696 5165 898 5235 Μηδεὶς
926 5165 1101 5217 τοίνυν
1133 5166 1285 5236 ὑμῶν
1308 5208 1323 5231 ,
1358 5168 1677 5236 παρακαλῶ,
1711 5169 1919 5238 άγνοῶν
1950 5172 2051 5242 τῆς

392 5254 539 5314 θείας
572 5250 793 5321 Γραφῆς
844 5252 936 5304 τὸν
965 5252 1183 5314 σκοπὲν,
1205 5250 1453 5321 τολμάτω
1485 5252 1793 5323 μέμφεσθαι
1821 5260 1931 5321 τοῖς
1955 5260 2048 5326 ἐγ-

392 5338 810 5408 γεγραμμένοις,
838 5338 949 5391 ἀλλ’
973 5337 1269 5407 εὐγνώμονι
1297 5339 1505 5411 διανοίᾳ
1530 5340 1769 5410 δεχέσθω
1800 5344 1868 5397 τά
1898 5344 2051 5414 λεγό-

396 5441 551 5491 μενα,
585 5426 677 5477 καὶ
697 5424 1020 5493 θαυμαζέτω
1043 5426 1139 5493 τῆς
1168 5422 1317 5488 θείας
1370 5426 1589 5495 Γραφῆς
1615 5427 1711 5496 τὴν
1742 5430 2046 5496 ἀκρίϐειαν,

393 5512 484 5561 καὶ
509 5510 800 5575 λογιζέσθω
830 5512 950 5563 ὅσον
1001 5510 1243 5579 ἁμαρτία
1278 5512 1464 5565 κακόν.
1506 5511 1635 5565 Ἰδοὺ
1658 5512 1765 5583 γὰρ
1787 5515 1875 5567 τὸν
1899 5517 2051 5571 ἀδελ-

392 5598 490 5663 φὴν
519 5598 609 5649 τὸν
636 5600 741 5650 τῶν
790 5599 965 5651 αὐτῶν
1015 5599 1221 5651 ὠδίνων
1269 5600 1690 5668 κοινωνήσαντα,
1746 5601 1837 5655 τὸν
1859 5605 1921 5657 ἐκ
1951 5606 2049 5674 τῆς

454 5708 477 5733 "
510 5706 643 5769 Unus
664 5706 973 5769 ὀμοδιάσιρσι.
1000 5706 1114 5753 Ηωιξ
1136 5718 1221 5769 νοτ
1249 5706 1503 5769 admodum
1525 5705 1674 5753 vatial
1696 5708 2050 5769 apud‘scripto-

392 5779 473 5811 rm
498 5767 870 5814 et-closiaslims.
888 5766 938 5812 ιι]
965 5766 1169 5825 Synopsi
1194 5768 1516 5815 Alhanasiana
1543 5766 1776 5827 Iegilur't.
1796 5766 2043 5827 Il,p.f67:

388 5829 433 5873 ui
468 5828 656 5898 πατέρες,
682 5830 849 5898 ξφαγον
870 5829 1077 5887 ὄμφακα,
1097 5830 1182 5898 ικαὶ
1216 5828 1408 5898 ὀδόντες
1441 5830 1535 5874 τῶν
1554 5829 1739 5898 ’τέκνων

396 5887 534 5993 Αδηιιι
564 5886 866 5959 ΙιῖξιιιΊιίυίρω
895 5886 1043 5950 (XVIII,
1060 5888 1110 5947 2)
1137 5901 1223 5949 pro
1243 5888 1532 5950 ἐγομτίασαν
1552 5886 1733 5952 legitur
1753 5886 2049 5952 ᾑμωδίασαν,

396 5962 423 5993 El
478 5964 742 5993 ιειιιωῡιςιω.

395 5962 453 5993 au
478 5964 742 6006 αιμωῡιαω.

1136 370 1191 426 S.
1232 365 1513 423 JOANNIS
1540 355 2023 419 CIIRYSOSTOMI
2054 352 2368 415 A‘RCHIEP.
2404 359 2949 420 CONSTANTINOP.

3697 361 3810 419 270

2138 472 2309 543 αὐτῆς
2341 474 2529 544 νηδύος
2548 475 2851 542 ἐξελθόντα,
2878 479 3064 532 τοῦτον
3092 476 3478 531 ἐπεισελθοῦσα
3506 477 3539 546 ἡ
3564 477 3811 547 ἁμαρτία

2137 559 2318 614 δοῦλον
2352 564 2659 632 εἰργάσατο,
2678 566 2772 617 καὶ
2798 566 2895 635 τὴν
2923 564 3231 637 ἐλευθερίαν
3249 565 3575 636 ἀφελομένη,
3604 566 3683 627 εις
3712 564 3816 632 τὴν

2140 648 2414 719 ὑποταγὴν
2440 651 2631 720 ήγαγεο
2665 653 2760 705 καὶ
2786 653 2893 723 γὰρ
2929 653 3176 708 ἐντεῦθεν
3206 653 3273 706 τὰ
3315 653 3414 724 τῆς
3444 652 3691 715 δουλείας
3722 653 3817 722 ἀρ-

2139 738 2238 810 χὴν
2270 740 2543 811 ἐλάμϐανε
2591 740 2795 795 λοιπόν.
2827 741 2963 795 Οὐδὲ
3002 742 3109 813 γάρ
3136 738 3206 813 ἦν
3237 741 3342 813 πρὸ
3373 740 3566 794 τούτου
3610 743 3648 812 ὴ
3683 740 3817 810 βλα·

2139 826 2261 879 κεία
2280 826 2439 895 αῦτη,
2472 827 2567 880 καλ⁵
2588 827 2650 880 τό
2680 828 2821 882 οὕτω
2863 829 3308 899 διαθρύπτεσθαι,
3340 828 3435 882 καὶ
3467 827 3671 898 ἐτέρων
3700 828 3814 879 δεῖ·

2140 911 2262 965 σθαι
2289 913 2396 966 τῶν
2411 914 2859 985 διακονουμένων,
2900 916 3015 967 ἀλλ’
3046 916 3275 978 ἕκαστος
3302 914 3464 979 αὐτὸς
3488 913 3668 984 ἐαυτῷ
3704 914 3817 981 διη-

2139 1001 2365 1063 κονεῖτο,
2419 1002 2509 1053 καὶ
2540 1001 2706 1071 πολλὴ
2730 997 2798 1072 ἦν
2826 1002 3162 1072 ήόμοτιμία,
3186 1003 3281 1054 καὶ
3329 1004 3480 1055 πᾶσα
3527 1000 3817 1070 ἀνωμαλία

2138 1083 2381 1142 ἐκποδὼν
2416 1083 2504 1157 ἦν.
2547 1089 2760 1159 Ἐπειδὴ
2783 1089 2838 1141 δὲ
2880 1089 3182 1159 εἰσῆλθενὴ
3212 1090 3474 1157 ἁμαρτία,
3505 1088 3819 1158 ἐλυμήνατο

2137 1173 2240 1241 τὴν
2280 1172 2610 1244 ἐλευθερίαν,
2665 1176 2759 1227 καὶ
2787 1174 3054 1245 διέφθειρε
3081 1173 3178 1244 τὴν
3220 1174 3328 1228 άπὸ
3359 1174 3458 1243 τῆς
3496 1174 3713 1242 φύσεως
3736 1172 3819 1224 δεο

2139 1263 2549 1332 δομένην.άξίαν
2591 1263 2641 1325 δ,
2677 1268 2789 1318 καὶ
2829 1266 2930 1335 τὴν
2960 1264 3202 1319 δουλείαν
3237 1263 3386 1337 [290]
3418 1264 3816 1333 ἐπεισήγαγεν.

2142 1351 2229 1403 ἴνα
2253 1350 2505 1422 διηνεκὴς
2598 1351 2914 1416 διδάσκαλος
2964 1353 3057 1404 καὶ
3084 1340 3333 1404 νουθεσία
3357 1350 3436 1419 τῷ
3479 1349 3587 1402 τῶν
3610 1348 3820 1417 ἀνθρὼ-

2143 1456 2258 1491 πων
2289 1439 2454 1506 γένει,
2477 1439 2616 1492 ὥστε
2644 1438 2863 1507 φεύγειν
2896 1439 3104 1509 μὲντῆς
3132 1438 3407 1509 ἁμαρτίας
3425 1437 3522 1508 τὴν
3546 1435 3817 1497 δουλείαν,

2144 1526 2279 1594 πρὸς
2310 1525 2365 1577 δὲ
2395 1526 2493 1595 τὴν
2518 1525 2831 1595 ἐλευθερίαν
2855 1525 2953 1595 τῆς
2994 1526 3199 1595 ράρετῆς
3228 1524 3525 1577 ἐπανιέναι.
3558 1522 3682 1575 Ὀτι
3706 1524 3821 1591 γάρ

2142 1615 2172 1665 ό
2201 1611 2385 1675 δοῦλος
2408 1612 2501 1664 καλ⁵
2525 1612 2553 1662 ὀ
2576 1611 2841 1683 δεσπότης
2864 1612 3083 1682 διηνεκῆ
3116 1612 3299 1681 έχουσι
3326 1611 3425 1681 τὴν
3448 1608 3699 1663 ἐντεῦθεν
3734 1612 3822 1675 ἐνγο

2144 1699 2432 1768 γινομένην
2481 1699 2767 1768 ὠφέλειαν,
2800 1701 2847 1752 εί
2881 1699 3169 1769 βούλοιντο,
3220 1697 3569 1751 ἐννοείτωσαν
3591 1736 3607 1759 ,
3641 1698 3672 1749 ὀ
3716 1698 3823 1765 μὲν

2142 1788 2346 1852 δοῦλος,
2377 1791 2459 1842 ὅτι
2483 1789 2570 1842 διά
2598 1788 2754 1842 τοῦτο
2779 1790 2965 1860 εἴληφε
3000 1789 3099 1858 τὴν
3124 1788 3387 1851 δουλείαν,
3424 1787 3610 1856 ἐπειδὴ
3631 1786 3661 1837 ὀ
3686 1787 3822 1853 Kay.

2146 1878 2223 1939 εἰς
2243 1876 2509 1947 τοσαύτην
2536 1877 2863 1947 προπέτειαν
2890 1875 3159 1940 ἐξώκειλε·
3198 1877 3291 1929 καὶ
3322 1877 3350 1928 ό
3367 1874 3628 1944 δεσπότης
3652 1874 3823 1927 πάλιν

2147 1964 2458 2031 λογιζέσθω,
2509 1964 2591 2017 ὅτι
2622 1965 2718 2033 οὐγ
2764 1964 3027 2033 ἑτέρωθεν
3072 1964 3106 2034 ή
3137 1962 3383 2031 ὑποταγὴ
3412 1962 3600 2031 γέγονε
3655 1961 3754 2013 καὶ
3787 1964 3823 2028 ὴ

2147 2050 2377 2113 δουλεία,
2408 2049 2521 2102 ἀλλ’
2546 2050 2577 2120 ἦ
2605 2051 2713 2103 άπό
2735 2050 2828 2102 τοῦ
2861 2049 3132 2120 μοχθηράν
3186 2051 3390 2102 ἐκεῖνον
3446 2046 3823 2112 ἐπιδείξασθαι

2147 2134 2392 2205 γνώμην,
2425 2136 2517 2188 καὶ
2552 2137 2648 2204 τῆς
2675 2136 2942 2205 ἰσοτιμίας
2962 2135 3069 2187 τῶν
3086 2135 3328 2203 ἀδελφῶν
3351 2134 3625 2188 ἐκπεσεῖν.

2216 2224 2279 2286 ζ’.
2312 2223 2447 2275 Ἀλλ’
2464 2223 2559 2275 ἐὰν
2575 2224 2852 2293 νήφωμεν,
2873 2221 3043 2275 ταῦτα
3061 2223 3126 2274 τὰ
3140 2222 3224 2275 διὰ
3240 2222 3537 2292 τάάμαρτή
3547 2238 3693 2293 ματα
3707 2221 3824 2274 τῶν

2150 2313 2428 2382 προγόνων
2449 2311 2556 2365 τῶν
2584 2313 2866 2382 ἡμετέρων
2892 2311 3262 2381 εἰσενεχθέντα
3290 2313 3371 2373 είς
3397 2317 3487 2365 τὸν
3529 2311 3643 2380 βίον
3660 2313 3822 2365 οὐδὲν

2150 2400 2295 2468 ἡμᾶς
2326 2400 2667 2469 λυμήνασθαι
2689 2400 2932 2464 δύναται,
2987 2402 3147 2471 μέχρι
3193 2400 3303 2453 τῶν
3345 2399 3623 2470 ὀνομάτων
3656 2401 3824 2469 μόνον

2151 2488 2430 2557 ἱστάμενα.
2476 2487 2627 2539 Ἐπεὶ
2685 2487 2777 2540 καὶ
2806 2488 2834 2539 ὀ
2868 2488 3284 2557 πρωτόπλαστος
3322 2486 3411 2540 διὰ
3440 2487 3537 2557 τὴν
3564 2486 3822 2557 παράϐα-

2153 2591 2235 2626 σιν
2266 2573 2355 2626 τοῦ
2386 2573 2616 2627 θανάτου
2660 2573 2721 2626 τὸ
2744 2574 3016 2643 ἐπιτίμιον
3042 2574 3319 2643 εἰσήγαγε,
3336 2573 3430 2626 καὶ
3450 2572 3511 2625 τὸ
3533 2574 3592 2626 ἐν
3619 2572 3823 2634 λύπαις

2142 2662 2243 2714 «at
2275 2660 2491 2730 μόχθοις
2519 2660 2617 2730 τὴν
2644 2660 2789 2730 ζωὴν
2819 2660 3318 2713 καταδαπανᾶσθαι·
3370 2653 3683 2721 καὶιούτδςε
3716 2658 3822 2727 τὴν

2149 2748 2411 2801 δουλείαν·
2484 2747 2620 2800 ἀλλὰ
2669 2746 3109 2817 παραγενόμενος
3163 2748 3191 2799 ὀ
3247 2746 3520 2815 Δεσπότης
3579 2743 3824 2816 Χριστὸς

2150 2832 2322 2886 ταῦτα
2350 2834 2526 2887 πάντα
2558 2833 2718 2905 μέχρι
2769 2834 2876 2886 τῶν
2919 2833 3197 2904 ὀνομάτων
3226 2833 3403 2886 αὐτῶν
3443 2832 3654 2901 ἀφῆκεν
3678 2827 3826 2886 εἶναι

2154 2920 2334 2989 μόνον,
2365 2920 2457 2972 ἐὰν
2485 2919 2819 2989 βουλώμεθα.
2854 2919 2991 2973 Οὔτε
3023 2920 3133 2991 γὰρ
3151 2923 3179 2973 ὀ
3205 2919 3431 2982 θάνατος
3459 2919 3686 2982 θάνατός
3702 2921 3825 2977 ἐστι

2151 3006 2354 3068 λοιπὸν,
2386 3006 2520 3059 ἀλλὰ
2543 3006 2714 3075 δνομα
2741 3007 2901 3075 μόνον
2930 3007 3042 3077 ἔχει
3090 3006 3338 3060 θανάτου*
3372 3006 3572 3076 μᾶλλον
3616 3006 3673 3058 δὲ
3725 3008 3827 3060 καὶ

2152 3094 2281 3146 αὐτὸ
2313 3093 2372 3145 τὸ
2400 3094 2569 3163 δνομα
2603 3092 2874 3164 ἀφῃρέθη.
2904 3093 3101 3147 Οὐκέτι
3127 3093 3234 3162 γὰρ
3250 3092 3371 3146 οὐδὲ
3402 3092 3629 3146 θάνατον
3657 3092 3825 3145 αὐτὸν

2153 3180 2647 3249 προσαγορεύομεν,
2676 3180 2815 3232 ἀλλὰ
2840 3180 3094 3251 κοίμησιν
3135 3182 3225 3234 καὶ
3274 3178 3459 3233 ὕπνον.
3492 3180 3581 3233 Διὸ
3606 3179 3701 3232 καὶ
3724 3178 3827 3232 αὐ-

2152 3267 2242 3327 τὸς
2273 3270 2301 3319 ὀ
2326 3266 2557 3336 Χριστὸς
2586 3266 2759 3334 ἔλεγε.
2800 3266 3060 3335 Λάζαρος
3088 3271 3119 3320 ὀ
3142 3268 3318 3335 φίλος
3342 3265 3511 3336 ἡμῶν
3542 3267 3826 3335 κεκοίμη-

2155 3373 2266 3409 ται·
2302 3357 2441 3409 καὶὸ
2471 3356 2681 3421 Παῦλος
2731 3356 2957 3427 γράφων
2994 3357 3463 3421 Θεσσαλονικεῦσι,
3496 3358 3646 3428 φησί’
3680 3358 3827 3425 Περὶ

2152 3443 2221 3496 δὲ
2248 3444 2365 3497 τῶν
2394 3444 2835 3513 κεκοιμημένων
2870 3447 2941 3499 οὺ
2999 3444 3150 3499 θέλω
3176 3443 3331 3513 ὑμᾶς
3360 3445 3623 3514 ἀγνοεῖν,
3638 3445 3825 3499 ἀδελ-

2154 3532 2272 3598 φοί.
2309 3532 2415 3584 Καὶ
2445 3531 2705 3600 ὴδουλεία
2757 3531 2919 3585 πάλιν
2944 3532 3145 3601 ὁμοίως
3188 3532 3358 3600 δνομά
3396 3534 3561 3584 ἐστιν·
3612 3533 3827 3597 ἐκεῖνος

2153 3618 2259 3689 γάρ
2288 3620 2401 3671 ἐστι
2421 3618 2645 3682 δοῦλοςό
2674 3618 2770 3691 τὴν
2794 3620 3066 3691 ἁμαρτίαν
3094 3618 3475 3689 ἐργαζόμενος.
3502 3618 3606 3673 Καὶ
3624 3620 3709 3674 ὅτι
3728 3621 3829 3674 καὶ

2153 3704 2355 3775 ταύτην
2384 3705 2586 3772 ἐξεῖλεν
2634 3708 2662 3759 ὀ
2710 3705 2942 3778 Χριστὸς
2995 3706 3461 3777 παραγενόμενος,
3503 3707 3599 3760 καὶ
3626 3708 3827 3779 μέχρις

2156 3791 2415 3861 ὀνόματος
2446 3793 2614 3863 αὐτὴν
2646 3792 2860 3862 ἀφῆκεν
2887 3790 3047 3855 εἶναι,
3075 3792 3274 3863 μᾶλλον
3313 3793 3369 3846 δὲ
3403 3794 3496 3847 καί⁵
3524 3794 3622 3865 τὴν
3646 3812 3825 3866 προσ-

2156 3878 2382 3948 ηγορίαν
2411 3880 2580 3949 αὐτὴν
2620 3879 2919 3949 ἐξήλειψεν,
2966 3879 3130 3933 ἄκουε
3174 3880 3269 3931 τοῦ
3302 3879 3515 3935 Παύλου
3545 3881 3825 3950 λέγοντος·

2160 3968 2224 4017 Οί
2253 3964 2320 4017 δὲ
2348 3967 2599 4032 πιστοὺς
2634 3967 2877 4034 ἔχοντες
2903 3966 3201 4034 δεσπότας
3226 3967 3313 4037 μὴ
3346 3972 3830 4040 καταφρονοίη)-

2156 4068 2295 4116 σαν,
2330 4053 2419 4106 ὅτι
2466 4054 2716 4122 ἀδελφοί
2760 4056 2937 4107 εἰσιν.
2998 4054 3161 4127 Ὁρᾷς
3207 4055 3325 4120 πῶς
3366 4056 3762 4112 ἐπεισελθοῦσα
3791 4062 3829 4130 ὴ

2158 4138 2357 4209 ὰρετὴ,”
2376 4140 2455 4201 είς
2483 4137 2580 4207 τὴν
2614 4139 2713 4207 τῆς
2737 4140 3092 4210 άδελφότητος
3132 4143 3454 4211 συγγένειαν
3481 4145 3659 4215 ὴγαγε
3697 4147 3830 4210 τοὺς

2158 4222 2511 4297 πρότεροντῷ
2529 4225 2751 4293 ὀνόματι
2774 4225 2874 4295 τῆς
2898 4226 3141 4289 δουλείας
3164 4227 3498 4291 ὑπευθύνους
3515 4230 3697 4292 ὄντας.
3714 4234 3827 4286 Kal

2154 4310 2344 4374 ἔσται,
2368 4310 2522 4380 φησὶ,
2553 4312 2793 4364 Χαναὰν
2812 4312 2973 4377 παῖς,
3001 4313 3232 4380 οἰκέτης
3264 4314 3387 4380 τοῖς
3412 4314 3697 4384 ἀδελφοῖς
3716 4320 3829 4373 αὑ-

2155 4396 2279 4450 τοῦ.
2311 4398 2424 4449 Οὐκ
2452 4398 2687 4467 ἐχρήσω,
2718 4397 2902 4468 φησὶν,
2932 4400 3009 4461 εἰς
3038 4398 3157 4454 δέον
3192 4401 3258 4469 τῇ
3284 4401 3563 4471 τιμῇ,οὐδέ
3586 4403 3827 4473 ἤνεγκας

2154 4492 2251 4563 τὴν
2274 4493 2577 4562 εὐπραγίαν
2607 4492 2704 4562 τὴν
2722 4492 2831 4545 ἀπὸ
2844 4492 2942 4562 τῆς
2970 4495 3261 4565 ίσοτιμίας·
3291 4495 3377 4549 διὰ
3414 4496 3571 4550 τοῦτο
3591 4501 3660 4569 τῇ
3689 4500 3827 4553 ὑπο.

2153 4593 2292 4660 ταγῇ
2324 4588 2751 4659 σωφρονισθῆναί
2778 4605 2837 4641 σε
2856 4589 3314 4661 βούλομαι.Τοῦτο
3329 4594 3422 4648 καὶ
3451 4594 3513 4660 ἐξ
3534 4595 3711 4666 ἀρχῆς
3731 4599 3828 4653 ἐπὶ

2156 4686 2252 4755 τῆς
2288 4686 2544 4751 γυναικὸς
2598 4684 2841 4752 γέγονεν.
2890 4686 3104 4759 Ἐπειδὴ
3142 4689 3249 4759 γὰρ
3277 4690 3538 4760 ὁμότιμος
3562 4691 3643 4761 τῷ
3669 4692 3828 4762 ἀνδρὶ

2156 4781 2442 4851 γενομένη,
2472 4780 2533 4832 οὐ
2570 4780 2748 4843 καλῶς
2779 4782 3053 4851 ἐχρήσατο
3093 4784 3161 4853 τῇ
3209 4784 3470 4859 δεδομένῃ
3510 4790 3669 4858 τιμῇ,
3737 4788 3829 4843 διὰ

2154 4877 2310 4930 τοῦτο
2332 4874 2579 4946 ἀφῃρέθη
2611 4876 2709 4945 τὴν
2738 4876 3005 4942 ἐξουσίαν,
3032 4878 3127 4931 καὶ
3166 4878 3387 4949 ήκουσε’
3419 4881 3575 4948 ιζρὸς
3592 4884 3699 4937 τόν
3723 4885 3803 4937 ἄν

2153 4972 2263 5037 δρα
2284 4985 2400 5025 σου
2424 4971 2463 5038 ἡ
2484 4970 2835 5041 ἀποστροφή
2862 4986 2999 5036 σου,
3029 4973 3128 5026 καί
3146 4975 3328 5041 αὐτός
3352 4990 3469 5029 σου
3497 4980 3802 5045 κυριεύσει
3817 5025 3831 5037 .

2166 5064 2383 5136 Ἐπειδὴ
2412 5065 2512 5117 οὐκ
2552 5062 2733 5130 οἶσθα,
2777 5068 2944 5136 φησὶ,
2976 5069 3158 5130 καλῶς
3186 5070 3487 5140 κεχρῆσθαι
3540 5076 3608 5143 τῇ
3657 5076 3827 5147 ἀρχῇ,

2159 5161 2296 5230 μάθε
2322 5160 2501 5224 καλῶς
2522 5162 2806 5232 ἄρχεσθαι,
2823 5162 2857 5230 ἢ
2888 5162 3071 5225 κακῶς
3084 5164 3291 5233 ἄρχειν.
3314 5166 3414 5219 Διά
3440 5178 3521 5220 τοι
3555 5169 3717 5223 τοῦτο
3733 5174 3828 5224 καὶ

2156 5250 2307 5321 οὗτος
2336 5257 2431 5313 νῦν
2462 5256 2844 5327 σωφρονισμοῦ
2878 5257 3063 5313 ἕνεκεν
3083 5259 3299 5331 δέχεται
3326 5263 3385 5316 τὸ
3412 5264 3707 5335 ἐπιτίμιον,
3733 5271 3827 5323 καὶ

2154 5359 2243 5413 διὰ
2290 5359 2385 5413 τοῦ
2437 5360 2624 5421 παιδὸς
2667 5358 2827 5422 αὐτὸς
2872 5357 2970 5429 τὴν
3018 5360 3238 5414 κόλασιν
3270 5362 3549 5433 ὑπομένει,
3578 5366 3668 5418 ἵνα
3722 5368 3827 5436 μά-

2156 5456 2274 5526 θῃς,
2300 5457 2381 5508 ὅτι
2426 5454 2529 5507 κᾶν
2562 5454 2827 5524 γηραλέος
2875 5453 3063 5507 λοιπὸν
3095 5451 3182 5526 ἦν,
3227 5457 3344 5510 ἀλλ’
3390 5459 3423 5527 ή
3460 5460 3701 5529 τιμωρία
3744 5464 3826 5528 είς

2154 5551 2245 5604 τὸν
2268 5551 2382 5603 υίὸν
2402 5549 2732 5619 διαϐήσεταιν
2764 5550 2899 5621 ὅπερ
2926 5551 3128 5622 πικρὰν
3155 5552 3246 5605 καὶ
3282 5552 3544 5624 ὀδυνηρὰν
3558 5556 3709 5625 αὐτῷ
3724 5561 3824 5627 τὴν

2156 5648 2299 5719 ζωὴν
2322 5647 2614 5719 εἰργάσατο
2648 5649 2933 5715 ἐννοοῦντι,
2965 5650 3045 5703 ὅτι
3090 5652 3185 5705 καὶ
3234 5652 3370 5721 μετὰ
3401 5653 3500 5722 τὴν
3538 5654 3702 5707 αὐτοῦ
3730 5674 3822 5709 τε-

2154 5742 2348 5814 λευτὴν
2379 5744 2408 5796 ὀ
2438 5746 2565 5808 παῖς
2599 5743 2800 5814 ήμελλε
2832 5746 2987 5809 δίκας
3028 5747 3193 5800 τίνειν
3227 5749 3368 5816 ὑπὲρ
3395 5749 3503 5803 τῶν
3534 5751 3685 5819 αύτῷ
3718 5770 3817 5804 πε-

2216 5900 2243 5939 ι*
2270 5902 2487 5965 Quatuor
2508 5913 2619 5948 mss.
2645 5902 2873 5965 ἐξουσίαν,
2894 5908 2947 5949 οἰ
2970 5903 3040 5952 sic
3062 5901 3185 5963 legit
3208 5904 3467 5965 interpres.

2220 5966 2245 5997 θ
2269 5962 2340 6012 lu
2367 5963 2521 6011 codex
2544 5975 2670 6011 unus
2697 5964 2822 6023 apud
2847 5963 3096 6015 Savilium.
3116 5962 3256 6013 ’Edili
3276 5962 3419 6013 οὕτω.
