4070 6428
252 408 357 465 ἳϐθ

253 521 352 577 dus
376 518 521 575 enim
550 527 684 587 erat,
716 526 771 574 et
800 515 970 586 major
999 520 1127 568 natu
1156 523 1316 581 quam
1341 506 1571 578 Japbeth
1600 523 1613 561 :
1640 513 1694 559 at
1723 503 1848 559 licet

257 619 411 669 aetate
438 612 530 667 illo
558 614 700 683 prior
721 618 858 669 erat,
889 608 1163 661 voluntate
1186 614 1361 658 tamen
1385 602 1576 663 minor,
1601 608 1654 653 et
1683 606 1850 650 teme-

256 704 382 759 ritas
411 704 559 758 illum
588 702 800 772 dejecit.
832 699 965 754 Nam
996 698 1118 767 quia
1145 696 1316 751 noluit
1343 694 1481 747 intra
1502 704 1627 746 suos
1652 687 1848 741 limites

257 806 494 858 manere,
546 791 723 845 amisit
766 788 1026 843 honorem
1058 786 1156 840 sibi
1203 799 1232 837 a
1259 790 1446 838 natura
1474 779 1722 835 traditum
1749 790 1763 829 :
1794 783 1847 828 et

255 884 388 937 sicut
422 883 513 937 ille
556 882 608 936 id
653 878 797 950 quod
826 886 1019 933 natura
1065 876 1269 940 habuit,
1298 872 1531 942 nequitia
1559 866 1846 924 voluntatis

255 972 451 1039 amisit,
485 974 557 1027 ita
582 971 810 1040 Japbeth
832 968 973 1039 quod
1001 977 1187 1022 natura
1217 978 1323 1021 non
1346 963 1548 1029 habuit,
1576 960 1843 1015 saniorem

255 1064 323 1116 ob
349 1072 581 1118 mentem
610 1060 834 1130 accepit.

324 1153 377 1207 6.
421 1151 528 1209 Cur
567 1153 704 1221 ﬁtius
732 1150 1031 1205 maledictus
1058 1148 1122 1202 sit
1146 1147 1206 1200 ob
1232 1145 1390 1216 patris
1422 1150 1697 1215 peccatum.
1734 1138 1842 1191 Pa-

256 1254 351 1295 tres
379 1259 472 1311 pro
497 1243 665 1296 liberis
692 1241 862 1310 puniri
884 1246 1077 1310 optant.
1098 1267 1165 1277 —
1194 1236 1383 1290 Vidisti
1405 1232 1676 1304 quomodo
1694 1229 1825 1284 nihil

257 1344 458 1388 temere
481 1342 535 1388 et
558 1331 773 1386 fortuito
804 1331 855 1385 in
886 1330 1063 1384 divina
1081 1328 1354 1397 Scriptura
1374 1318 1679 1394 reperitur?
1715 1321 1845 1387 Quae

254 1424 440 1486 fecerat
469 1422 597 1486 sibi,
630 1422 831 1491 inquit,
860 1422 999 1490 ﬁlius
1032 1430 1154 1474 suus
1202 1418 1389 1484 iunior.
1424 1415 1516 1471 35.
1552 1413 1618 1467 Et
1669 1412 1797 1465 dixit
1825 1425 1843 1463 :

255 1512 557 1568 Maledicta
604 1514 848 1567 Chanaan
893 1513 1051 1580 ﬁlius,
1081 1522 1254 1565 servus
1292 1510 1385 1563 erit
1428 1507 1670 1578 fratribus
1718 1504 1841 1560 suis.

252 1605 390 1659 Ecce
414 1605 756 1675 pervenimus
776 1604 843 1658 ad
866 1603 1214 1673 quaestionem
1243 1601 1384 1654 illam
1404 1598 1598 1666 ubique
1621 1605 1840 1649 motam.

252 1695 443 1749 Multos
468 1696 609 1750 enim
639 1695 885 1750 audimus
914 1693 1152 1749 dicentes
1193 1713 1204 1747 :
1238 1692 1413 1759 Quare
1442 1702 1563 1742 cum
1593 1699 1844 1756 peccave-

250 1785 318 1838 rit
342 1796 516 1854 pater,
544 1794 597 1839 et
626 1784 921 1854 prodiderit
948 1784 1265 1847 nuditatem,
1322 1780 1471 1835 ﬁlius
1497 1776 1841 1832 maledictum

248 1875 507 1945 suscipit?
532 1876 788 1941 Obsecro,
817 1874 1077 1931 attendite
1107 1874 1410 1943 diligenter,
1441 1878 1495 1925 et
1523 1870 1844 1923 solutionem

190 2002 193 2003 ν
248 1966 491 2035 accipite.
522 1966 612 2020 illa
636 1966 779 2035 enim
801 1964 1063 2023 dicemus,
1083 1979 1201 2033 qua:
1220 1959 1641 2031 suppeditaverit
1667 1957 1843 2012 divina

245 2058 413 2125 gratia
443 2068 659 2127 propter
686 2066 919 2111 vestram
953 2056 1257 2110 utilitatem.
1306 2053 1371 2107 Et
1409 2053 1539 2106 dixit
1570 2068 1587 2104 :
1626 2049 1845 2104 Maledi-

246 2155 355 2198 ctus
378 2144 625 2200 Chanaan
653 2146 807 2213 ﬁlius,
834 2161 1003 2199 servus
1028 2146 1119 2198 erit
1146 2144 1390 2212 fratribus
1408 2143 1530 2196 suis.
1564 2139 1682 2195 Non
1711 2139 1841 2193 sim-

248 2234 479 2303 pliciter,
504 2248 676 2305 neque
695 2236 746 2290 in
773 2250 967 2289 vanum
987 2233 1427 2290 commemoravit
1448 2232 1637 2295 filium,
1663 2229 1756 2284 sed
1774 2228 1845 2285 ob

250 2325 505 2381 latentem
529 2329 811 2383 rationem.
841 2327 1066 2382 Volebat
1095 2327 1238 2382 enim
1259 2326 1418 2380 simul
1445 2332 1499 2379 et
1524 2322 1699 2393 ipsum
1726 2335 1845 2376 cor-

246 2406 422 2485 ripere
452 2426 670 2487 propter
690 2428 985 2486 peccatum,
1019 2426 1071 2472 et
1097 2417 1477 2471 contumeliam
1501 2430 1603 2486 qua
1626 2429 1686 2469 se
1709 2412 1843 2467 alle-

245 2515 428 2559 ccrnt:
462 2516 516 2560 et
557 2508 712 2561 simul
761 2507 974 2562 nolebat
1022 2506 1345 2561 labefactare
1394 2504 1844 2570 benedictionem,

244 2613 363 2665 qua:
388 2598 461 2652 illi
491 2600 694 2667 pridem
722 2614 751 2653 a
777 2599 885 2654 Deo
918 2600 1055 2653 facta
1100 2598 1273 2654 fuerat
1310 2613 1324 2652 ε
1352 2596 1617 2652 Benedixit
1661 2597 1803 2651 enim
1828 2633 1843 2660 ,

248 2689 439 2758 inquit,
474 2689 611 2745 Deus
659 2691 774 2745 Noe
798 2692 1003 2762 quando
1024 2692 1173 2746 exivit
1198 2706 1262 2745 ea:
1286 2707 1427 2757 arca,
1453 2700 1500 2745 et
1531 2689 1665 2759 ﬁlios
1705 2687 1847 2756 illius

249 2780 403 2851 (Cen.
429 2782 483 2837 9.
516 2782 540 2837 l
573 2783 612 2851 ).
648 2782 718 2839 Ut
757 2784 917 2852 igitur
961 2798 1029 2839 ne
1054 2784 1300 2839 videatur
1339 2782 1660 2839 maledicere
1687 2796 1846 2851 quem

248 2872 391 2927 Deus
417 2874 590 2928 semel
626 2875 992 2941 benedixerat,
1035 2876 1309 2945 praeterito
1336 2874 1426 2928 illo
1452 2875 1542 2944 qui
1576 2889 1636 2929 se
1662 2880 1849 2929 contu-

245 2966 404 3019 melia
436 2964 708 3029 affecerat,
742 2967 851 3022 filio
876 2967 1220 3022 maledictum
1267 2967 1463 3020 intulit.
1496 2965 1649 3031 Esto,
1692 2965 1846 3019 dixe-

244 3057 357 3121 ris,
414 3057 518 3113 hoc
569 3058 786 3128 quidem
841 3057 1077 3113 ostendit
1121 3066 1400 3127 propterea
1460 3056 1625 3111 Cham
1680 3055 1847 3109 male-

245 3149 449 3205 dictum
470 3162 575 3205 non
598 3150 782 3215 fuisse,
801 3150 921 3220 quia
951 3150 1099 3219 prius
1122 3162 1151 3201 a
1174 3148 1281 3201 Deo
1300 3146 1724 3201 benedictionem
1754 3158 1851 3199 ac-

245 3252 467 3312 ceperat
507 3260 520 3295 :
552 3256 720 3312 quare
746 3252 924 3296 autem
952 3254 1075 3295 cum
1104 3239 1195 3294 ille
1226 3238 1545 3307 peccaverit,
1597 3236 1683 3290 hic
1732 3251 1849 3305 pte-

246 3347 372 3388 nsm
400 3332 535 3387 luit?
559 3332 744 3401 Neque
772 3334 873 3386 hoc
894 3330 1096 3399 absque
1126 3330 1332 3383 ratione
1352 3328 1549 3383 factum
1581 3336 1685 3382 est.
1716 3327 1850 3381 Nam

246 3432 401 3493 pater
446 3437 553 3478 non
599 3424 862 3477 minorem
897 3435 1108 3491 pcenam
1141 3420 1343 3485 habuit,
1374 3433 1535 3489 quam
1590 3419 1727 3473 ﬁlius
1755 3461 1767 3483 ,
1798 3426 1854 3471 et

248 3515 543 3569 cruciatum
574 3514 760 3567 sensit.
808 3512 968 3567 Scitis
996 3512 1161 3576 enim,
1195 3510 1344 3564 scitis
1382 3508 1653 3579 quomodo
1680 3522 1852 3576 saepe-

249 3620 477 3660 numero
518 3615 696 3674 patres
738 3604 934 3674 preeati
980 3610 1106 3657 sunt
1144 3611 1200 3656 ut
1259 3600 1493 3656 ﬁliorum
1544 3614 1729 3670 punias
1756 3598 1854 3666 ipsi

251 3696 497 3760 ferrent;
529 3706 584 3749 et
624 3695 839 3763 gravius
890 3693 992 3747 illis
1040 3707 1162 3748 esse
1192 3691 1373 3746 videre
1426 3691 1561 3745 ﬁlios
1592 3689 1854 3759 supplicio

250 3787 415 3853 allici,
441 3802 601 3858 quam
632 3788 675 3841 si
708 3787 806 3856 ipsi
836 3785 900 3840 iis
927 3785 1105 3841 forent
1123 3784 1361 3839 obnoxii.
1394 3783 1616 3838 Factum
1646 3793 1727 3836 est
1752 3783 1855 3836 hoc

252 3879 438 3949 igitur,
469 3890 528 3932 ut
558 3878 649 3932 ille
678 3878 747 3932 ob
775 3876 1075 3931 naturalem
1119 3874 1171 3929 in
1209 3875 1373 3929 ﬁlium
1399 3889 1662 3938 amorem,
1688 3872 1855 3943 majo-

252 3986 370 4027 rem
420 3971 649 4027 sentiret
676 3970 940 4035 dolorem,
986 3978 1040 4023 et
1074 3968 1375 4023 benedictio
1405 3968 1497 4021 Dei
1548 3974 1859 4021 servaretur

252 4065 532 4129 inviolata,
560 4074 613 4118 et
640 4064 777 4117 ﬁlius
798 4070 1014 4131 accepta
1048 4059 1444 4123 maledictione,
1477 4074 1695 4114 suorum
1724 4071 1853 4127 pro-

256 4157 497 4225 priorum
524 4170 712 4225 poenas
741 4161 1080 4223 peccatorum
1112 4154 1302 4207 lueret.
1332 4152 1463 4205 Nam
1493 4153 1615 4205 licet
1642 4159 1859 4220 propter

256 4250 426 4318 patris
450 4255 728 4317 peccatum
756 4261 895 4300 nunc
926 4244 1287 4299 maledictioni
1316 4242 1385 4297 sit
1408 4243 1694 4306 obnoxius,
1725 4249 1861 4294 atta-

257 4358 385 4395 men
417 4340 707 4396 verisimile
736 4348 839 4403 est,
873 4354 995 4393 eum
1042 4338 1204 4393 etiam
1252 4345 1472 4405 propter
1519 4350 1613 4389 sua
1661 4335 1857 4389 delicta

256 4434 477 4490 dedisse
522 4447 755 4502 pinnam.
801 4429 917 4484 Non
947 4429 1088 4483 enim
1117 4428 1290 4482 solum
1320 4436 1541 4496 propter
1586 4436 1861 4494 peccatum

257 4524 429 4595 patris
478 4522 907 4576 maledictionem
947 4519 1171 4588 accepit,
1204 4518 1300 4573 sed
1347 4516 1591 4571 fortassis
1618 4518 1779 4570 etiam
1809 4525 1865 4569 ut

260 4631 362 4686 per
394 4615 569 4683 ipsum
595 4612 683 4666 ille
709 4613 963 4681 majorem
987 4624 1200 4681 pinnam
1232 4608 1512 4678 penderet.
1552 4608 1683 4661 Nam
1721 4606 1863 4675 quod

260 4720 438 4776 neque
461 4715 637 4775 patres
662 4718 758 4772 pro
784 4704 923 4767 ﬁliis,
954 4716 1125 4772 neque
1152 4700 1242 4753 ﬁlii
1270 4715 1363 4768 pro
1386 4700 1623 4769 patribus
1654 4713 1865 4767 pcenam

262 4798 437 4860 luant,
481 4794 576 4849 sed
617 4794 980 4862 unusquisque
1023 4806 1120 4861 pro
1149 4792 1260 4844 suis
1305 4790 1535 4857 peccatis
1587 4803 1758 4858 ptenze
1798 4789 1869 4841 sit

271 4885 572 4948 obnoxius,
598 4884 783 4937 multis
810 4884 861 4937 in
895 4884 1024 4935 locis
1050 4897 1076 4934 a
1103 4880 1379 4951 prophetis
1409 4880 1607 4932 dictum
1664 4879 1868 4932 inveni—

262 4994 407 5039 Inus.
442 4987 497 5033 ut
528 4994 644 5032 eum
669 4976 851 5030 dicunt
885 4974 1240 5030 :Comedentis
1282 4990 1403 5026 uvas
1426 4974 1652 5038 acerbas,
1694 4973 1867 5027 dentes

263 5072 625 5135 obstupescunt
656 5066 786 5136 (Jer.
818 5068 905 5119 5i.
931 5066 1063 5135 99);
1114 5073 1188 5130 et,
1217 5065 1399 5117 Anima
1429 5080 1540 5133 qua:
1571 5066 1866 5131 peccaverit,

264 5165 383 5233 ipsa
436 5171 483 5215 et
530 5161 770 5213 morietur
809 5157 1137 5226 (Exeo/1.18.
1188 5158 1324 5227 20);
1369 5167 1423 5212 et
1473 5160 1663 5211 iterum
1704 5157 1871 5211 :Non

268 5256 554 5309 morientur
597 5262 763 5322 patres
804 5267 895 5321 pro
939 5253 1057 5319 ﬁliis
1086 5292 1099 5316 ,
1154 5267 1311 5320 neque
1360 5250 1455 5317 ﬁlii
1510 5266 1601 5318 pro
1645 5251 1871 5319 patribus

268 5346 451 5418 (Deut.
483 5344 574 5397 24.
603 5342 667 5396 16
689 5340 730 5413 ).
754 5340 942 5395 Nullus
988 5342 1147 5410 igitur
1178 5352 1439 5405 vestrum,
1469 5356 1674 5408 qnmso,
1720 5343 1871 5411 quasi

267 5439 528 5510 ignorans
548 5435 742 5487 divinae
770 5434 1061 5502 Scriptura:
1089 5448 1332 5504 scepum,
1360 5435 1557 5488 audeat
1584 5435 1696 5488 hinc
1742 5436 1874 5488 scri-

273 5542 365 5600 pta
407 5527 825 5599 reprehendere,
874 5526 965 5581 sed
1014 5536 1168 5596 grato
1222 5528 1404 5581 animo
1457 5542 1576 5596 quae
1622 5528 1875 5583 dicuntur

272 5622 524 5692 accipiat,
556 5621 956 5690 admireturqne
982 5619 1177 5673 divina:
1209 5619 1502 5691 Scripturue
1530 5622 1717 5675 miram
1748 5620 1873 5675 dili—

273 5717 533 5787 gentiam,
572 5722 625 5768 ct
648 5712 922 5781 expendat
952 5722 1207 5781 quantum
1232 5713 1429 5767 malum
1461 5714 1531 5768 sit
1570 5724 1867 5783 peccatum.

276 5808 417 5865 Ecce
463 5805 607 5865 enim
652 5803 874 5860 fratrem
936 5802 1124 5861 eadem
1184 5815 1367 5862 natum
1422 5820 1727 5879 puerpera,
1781 5821 1873 5865 co-

1357 391 1419 448 lN
1459 392 1613 449 CAP.
1657 386 1751 447 lX.
1790 384 2037 443 GBNES.
2079 383 2309 443 HOMIL.
2353 384 2541 442 XXIX.

3446 383 3553 439 270

1960 501 2084 557 dem
2119 515 2394 571 egressum
2447 510 2620 567 utero,
2673 500 3073 570 subingressum
3117 508 3391 570 peccatum
3446 515 3559 555 ser-

1958 607 2080 647 vum
2113 591 2268 658 fecit,
2295 600 2353 646 et
2377 590 2553 646 ablata
2580 591 2849 657 libertate,
2883 592 2936 645 in
2966 590 3350 661 subiectionem
3404 590 3551 645 illum

1956 684 2164 738 induxit
2192 701 2205 737 :
2239 684 2379 738 unde
2406 691 2587 754 postea
2616 684 2849 738 servitus
2869 683 3095 750 sumpsit
3115 681 3400 751 originem.
3430 680 3538 736 Ne-

1954 789 2057 845 que
2084 775 2229 829 enim
2255 784 2412 831 antea
2460 774 2706 830 solebant
2736 774 2807 829 ita
2848 774 3085 829 molliter
3104 787 3284 844 agere,
3311 772 3550 829 deliciari

1953 876 2007 919 et
2048 864 2272 919 aliorum
2310 865 2619 921 ministeriis
2670 865 2928 937 indigere.
2965 863 3071 921 Sed
3094 865 3328 935 sibiipsis
3352 864 3551 935 quiquo

1954 956 2351 1022 ministrabant,
2385 965 2603 1027 eratque
2632 970 2729 1027 par
2774 956 3014 1011 omnium
3068 955 3258 1020 honor,
3291 964 3345 1009 et
3372 955 3549 1009 ablata

1953 1064 1983 1103 e
2009 1050 2186 1105 medio
2206 1058 2323 1105 erat
2341 1050 2515 1106 omnis
2542 1049 2909 1120 inmqualitas;
2934 1048 3025 1103 ubi
3062 1057 3241 1103 autem
3274 1056 3549 1117 peceatum

1954 1141 2192 1207 intravit,
2233 1141 2530 1197 libertatem
2564 1140 2812 1211 perdidit,
2846 1148 2901 1195 et
2948 1139 3258 1210 dignitatem
3289 1152 3319 1191 a
3354 1146 3543 1191 natura

1952 1231 2130 1286 datam
2160 1232 2519 1297 labefactavit,
2544 1232 2968 1301 servitutemqne
2992 1228 3308 1295 introduxit,
3335 1236 3392 1282 ut
3420 1242 3547 1283 con-

1953 1323 2096 1378 tinua
2124 1324 2195 1379 sit
2218 1324 2463 1380 doctrina
2500 1332 2553 1379 et
2583 1323 2876 1378 admonitio
2924 1322 3170 1376 humanae
3215 1330 3440 1384 natura),
3495 1329 3548 1374 ut

1952 1413 2217 1485 fugiamus
2243 1416 2556 1472 servitutem
2581 1416 2805 1486 peccati,
2840 1424 2893 1471 et
2918 1413 2984 1468 ad
3014 1413 3224 1467 virtutis
3249 1408 3547 1466 libertatem

1952 1507 2255 1562 redeamus.
2285 1508 2437 1574 Quod
2470 1509 2611 1563 enim
2640 1523 2831 1565 servus
2856 1517 2911 1564 et
2937 1508 3187 1563 dominus
3230 1506 3355 1561 hinc
3381 1507 3553 1561 conti-

1952 1613 2133 1663 nuam,
2164 1600 2208 1653 si
2230 1600 2415 1665 velint,
2449 1599 2679 1655 habeant
2714 1600 2998 1655 utilitatem
3021 1639 3038 1667 ,
3072 1600 3327 1670 cogitent,
3362 1612 3553 1653 servus

1950 1688 2164 1756 quidem
2188 1688 2305 1743 ideo
2326 1689 2378 1743 in
2405 1691 2714 1745 servitutem
2742 1704 2800 1745 se
2829 1690 3125 1757 redactum,
3155 1690 3278 1759 quia
3299 1688 3467 1743 Citam
3498 1689 3549 1742 in

1953 1785 2151 1834 tantam
2181 1790 2499 1849 pervenerat
2530 1782 2882 1838 temeritatem
2919 1800 2929 1833 :
2964 1790 3019 1836 et
3044 1779 3291 1837 dominus
3337 1793 3552 1849 quoque

1951 1871 2167 1941 cogitet,
2193 1886 2297 1927 non
2331 1873 2547 1928 aliunde
2584 1874 2971 1943 subjectionem
2999 1881 3053 1929 et
3080 1874 3395 1929 servitutem
3425 1885 3543 1926 cte-

1951 1962 2113 2032 pisse,
2144 1978 2302 2034 quam
2333 1964 2476 2035 quod
2504 1966 2591 2022 ille
2622 1976 2939 2035 perversam:
2966 1965 3270 2019 exhibuerit
3301 1962 3549 2017 volunta-

1951 2064 2081 2121 tem,
2115 2065 2170 2111 et
2193 2069 2223 2111 a
2255 2058 2369 2126 pari
2396 2058 2621 2113 fratrum
2655 2058 2914 2128 dignitate
2943 2053 3229 2112 exciderit.

2023 2147 2055 2199 7
2112 2147 2328 2213 Verum,
2362 2148 2404 2202 si
2436 2147 2604 2202 sobrii
2638 2160 2824 2202 sumus
2864 2156 2918 2203 et
2948 2147 3258 2217 prudentes,
3292 2143 3426 2198 nihil
3458 2158 3588 2199 nosne

1952 2236 2227 2293 offendent
2257 2238 2370 2293 haec
2393 2248 2610 2309 propter
2645 2247 2860 2309 peccata
2914 2244 3198 2309 parentum
3240 2245 3551 2291 nostrorum

1954 2330 2254 2385 introducta
2281 2330 2335 2386 in
2364 2331 2502 2386 banc
2530 2332 2714 2398 vitam,
2740 2347 2862 2386 cum
2895 2345 2982 2385 res
3013 2331 3065 2385 in
3089 2328 3399 2383 nominibus
3425 2328 3556 2381 solis

1952 2431 2219 2477 versetur.
2243 2421 2376 2489 Quia
2399 2431 2455 2477 et
2482 2424 2686 2493 primus
2710 2436 2902 2492 parens
2927 2430 3149 2490 prepter
3175 2419 3557 2489 transgressio-

1954 2527 2075 2566 nem
2101 2514 2289 2568 mortis
2310 2528 2520 2582 poenam
2544 2513 2812 2583 vitamque
2833 2513 2885 2567 in
2915 2511 3185 2567 laboribus
3207 2508 3558 2565 maeroribus-

1953 2620 2060 2674 que
2088 2606 2512 2661 consumendam
2563 2606 2761 2669 intulit,
2793 2612 2848 2659 et
2870 2605 2955 2658 hic
2983 2604 3295 2658 servitutem
3331 2618 3344 2655 :
3370 2615 3557 2656 verum

1953 2697 2334 2766 superveniens
2376 2697 2634 2751 Dominus
2673 2696 2918 2751 Christus
2945 2695 3059 2749 haec
3086 2694 3264 2749 omnia
3292 2706 3414 2747 esse
3438 2706 3561 2760 per-

1954 2789 2100 2842 misit
2118 2786 2183 2842 ad
2202 2789 2414 2842 nomina
2430 2804 2597 2858 usque
2620 2797 2847 2851 tantum,
2868 2787 2911 2842 si
2928 2786 3173 2840 volumus
3213 2784 3397 2855 Neque
3412 2784 3555 2837 enim

1954 2892 2121 2945 mors,
2156 2893 2299 2933 mors
2321 2880 2456 2933 ultra
2480 2888 2581 2944 est,
2600 2880 2689 2933 sed
2724 2893 2917 2933 nomen
2937 2886 3143 2932 tantum
3164 2876 3323 2930 habet
3348 2872 3556 2938 mortis,

1957 2969 2065 3022 imo
2100 2978 2153 3024 et
2181 2970 2353 3037 ipsum
2386 2984 2581 3022 nomen
2613 2968 2880 3022 sublatum
2914 2975 3015 3022 est.
3048 2966 3180 3021 Nam
3212 2981 3386 3033 neque
3414 2977 3561 3018 mor-

1960 3067 2066 3112 tem
2096 3058 2266 3127 ipsam
2308 3059 2446 3112 ultra
2476 3059 2723 3123 dicimus,
2767 3057 2863 3112 sed
2903 3070 3153 3127 soporem
3205 3066 3259 3109 et
3288 3068 3561 3109 somnum.

1958 3148 2189 3203 Proinde
2216 3155 2270 3202 ct
2316 3147 2561 3203 Christus
2609 3150 2723 3218 ipse
2768 3149 2984 3203 dicebat
3024 3164 3038 3201 :
3093 3146 3323 3201 Lazarus
3365 3146 3561 3199 amicus

1958 3250 2127 3295 noster
2155 3241 2340 3295 dormit
2366 3239 2542 3309 (Joan.
2583 3242 2670 3294 il.
2697 3241 2757 3294 ll
2788 3241 2807 3309 )
2842 3257 2856 3294 :
2899 3249 2953 3294 et
2980 3239 3178 3294 Paulus
3210 3237 3561 3293 Thessaloni-

1958 3331 2208 3387 censibus
2253 3332 2534 3397 scribens,
2581 3332 2753 3400 inquit
2795 3348 2808 3384 :
2859 3327 2938 3383 De
2979 3327 3342 3383 dormientibus
3395 3336 3563 3381 autem

1960 3424 2077 3477 nolo
2108 3439 2193 3477 vos
2221 3425 2479 3493 ignorare,
2508 3425 2691 3493 fratres
2732 3424 2824 3493 (l.
2860 3421 3036 3477 Thess.
3074 3422 3128 3476 4.
3154 3419 3272 3491 12).
3303 3420 3370 3475 Et
3397 3420 3564 3475 servi-

1963 3522 2046 3568 tus
2075 3528 2287 3584 quoque
2313 3514 2560 3567 similiter
2587 3529 2780 3567 nomen
2808 3521 2891 3568 est
2918 3529 2931 3565 :
2963 3512 3056 3566 ille
3080 3512 3222 3566 enim
3246 3519 3328 3565 est
3353 3524 3562 3572 servus,

1961 3606 2048 3674 qni
2082 3614 2358 3674 peccatum
2380 3613 2654 3674 operatur.
2689 3604 2757 3658 Et
2778 3603 2920 3673 quod
2961 3606 3124 3659 etiam
3156 3601 3295 3655 hanc
3321 3601 3564 3655 abstule-

1964 3695 2029 3748 rit
2058 3694 2292 3749 adventu
2323 3709 2424 3750 suo
2450 3694 2715 3757 Christus,
2748 3708 2847 3749 nec
2874 3694 2973 3749 nisi
2995 3707 3191 3747 nomen
3222 3706 3343 3746 esse
3368 3690 3568 3761 permi-

1964 3787 2113 3851 serit,
2143 3788 2253 3841 imo
2282 3798 2336 3842 et
2366 3788 2684 3842 vocabulum
2713 3788 2885 3857 ipsum
2925 3785 3217 3851 deleverit,
3262 3783 3387 3840 audi
3432 3782 3570 3838 Pau-

1964 3878 2075 3932 lum
2108 3877 2377 3933 dicentem
2413 3897 2427 3932 :
2462 3879 2563 3944 Qui
2583 3889 2751 3933 autem
2773 3878 2950 3945 ﬁdeles
2975 3880 3159 3932 habent
3185 3877 3439 3939 dominos,
3466 3891 3570 3928 non

1964 3978 2286 4023 contemnant
2306 3987 2410 4031 eos,
2434 3970 2552 4037 quia
2574 3970 2758 4039 fratres
2779 3980 2897 4023 sunt
2920 3970 3005 4040 (l.
3032 3968 3168 4023 Tim.
3201 3968 3254 4024 6.
3285 3969 3321 4022 2
3341 3968 3381 4038 ).
3405 3967 3571 4023 Vides

1965 4058 2234 4126 quomodo
2264 4059 2351 4113 ubi
2384 4060 2555 4114 virtus
2599 4060 2957 4125 subintravit,
2984 4074 3079 4114 eos
3126 4059 3177 4115 in
3221 4058 3573 4114 fraternitatis

1966 4164 2163 4204 nomen
2191 4151 2554 4220 congregavit,
2579 4152 2668 4221 qui
2694 4152 2845 4222 prius
2863 4153 3133 4206 servitutis
3164 4152 3383 4206 nomine
3413 4162 3571 4205 erant

1967 4241 2187 4297 obnoxii
2210 4243 2233 4295 ?
2259 4240 2328 4295 Et
2349 4244 2462 4309 erit,
2492 4243 2682 4312 inquit,
2733 4242 2981 4297 Chanaan
3014 4244 3150 4311 ﬁlius
3182 4258 3354 4296 servus
3390 4242 3569 4312 fratri-

1970 4336 2059 4387 bus
2082 4335 2206 4387 suis.
2233 4333 2443 4389 Abusus
2472 4349 2553 4399 es,
2583 4335 2771 4404 inquit,
2804 4334 3025 4398 honore,
3068 4348 3172 4387 non
3206 4334 3344 4388 bene
3376 4342 3426 4387 te
3452 4346 3574 4401 ges-

1970 4425 2105 4489 sisti,
2136 4440 2253 4478 cum
2282 4440 2373 4491 par
2403 4440 2551 4479 esses
2582 4425 2874 4494 dignitate;
2923 4433 3209 4493 propterea
3236 4423 3573 4491 subjectionc

1972 4515 2244 4569 emendari
2293 4524 2345 4569 te
2386 4514 2529 4570 volo.
2562 4515 2676 4569 Hoc
2723 4515 2791 4570 ab
2822 4516 2973 4568 initio
3004 4525 3057 4569 et
3087 4514 3299 4569 mulieri
3328 4514 3571 4583 contigit.

1971 4609 2234 4675 Quoniam
2267 4608 2407 4662 enim
2457 4623 2554 4677 par
2598 4617 2716 4662 erat
2769 4607 2883 4663 viro
2936 4607 3216 4676 dignitate,
3260 4617 3313 4661 et
3369 4607 3576 4662 honore

1972 4700 2134 4755 abusa
2167 4708 2267 4766 est,
2303 4709 2582 4768 propterea
2624 4701 2795 4753 ablata
2852 4709 2933 4754 est
2978 4700 3046 4753 ab
3088 4699 3172 4752 illa
3217 4708 3477 4769 potestas,
3522 4706 3578 4753 et

1973 4792 2172 4847 audivit
2209 4810 2221 4845 :
2267 4793 2346 4845 Ad
2406 4794 2573 4846 virum
2609 4803 2750 4846 tuum
2791 4792 3048 4846 conversio
3086 4801 3203 4855 tua;
3252 4800 3297 4843 et
3351 4792 3461 4860 ipse
3504 4797 3577 4843 tui

1975 4884 2319 4937 dominabitur
2359 4882 2511 4952 (Gen.
2557 4885 2610 4937 '5.
2676 4883 2799 4955 l6).
2851 4883 2983 4949 Quia
3039 4883 3331 4949 nesciviSIi,
3383 4883 3573 4952 inquit,

1978 4977 2201 5044 imperio
2232 4986 2379 5030 recte
2406 4978 2499 5040 uti,
2535 4976 2685 5030 disce
2714 4975 2890 5045 potius
2912 4985 3059 5030 recte
3087 4976 3312 5045 imperio
3359 4974 3576 5044 subjici,

1977 5083 2134 5138 quam
2190 5068 2327 5121 male
2375 5068 2661 5137 imperare.
2712 5066 2942 5121 Proinde
2984 5067 3145 5121 etiam
3203 5066 3289 5121 hic
3328 5081 3469 5121 nunc
3512 5065 3579 5120 ad

1978 5160 2406 5216 emendationem
2453 5175 2664 5229 pmnam
2719 5160 2931 5228 accipit,
2989 5168 3039 5214 et
3091 5175 3189 5231 per
3240 5160 3407 5213 ﬁlium
3469 5160 3582 5227 ipse

1978 5255 2285 5309 cruciatur:
2317 5264 2375 5308 ut
2412 5254 2607 5317 discas,
2648 5253 2748 5308 etsi
2805 5268 2972 5308 senex
3029 5262 3155 5309 tunc
3202 5264 3345 5308 esset
3379 5294 3393 5317 ,
3446 5263 3583 5307 atta-

1980 5362 2121 5408 men,
2168 5346 2293 5414 quia
2329 5359 2486 5414 paena
2526 5345 2577 5398 in
2631 5344 2796 5398 lilium
2838 5345 3065 5410 transiit,
3119 5344 3169 5399 id
3208 5346 3307 5414 ipsi
3358 5344 3582 5398 luctuo-

1981 5454 2095 5494 sam
2117 5446 2172 5493 et
2201 5438 2475 5491 insuavem
2498 5436 2662 5490 vitam
2696 5436 2908 5501 fecisse,
2959 5437 3213 5506 cogitanti
3245 5436 3407 5490 etiam
3464 5445 3584 5502 post

1981 5543 2132 5583 suam
2179 5534 2408 5581 mortem
2463 5526 2629 5582 lilium
2685 5542 2900 5597 ptenam
2946 5527 3200 5581 luiturum
3255 5540 3395 5580 esse.
3447 5523 3583 5579 Nam

1982 5620 2121 5691 quod
2151 5620 2290 5674 ﬁlius
2326 5635 2423 5689 per
2451 5634 2511 5675 se
2556 5620 2749 5686 malus,
2790 5630 2843 5675 et
2889 5635 3077 5675 omnes
3114 5620 3201 5689 qui
3242 5618 3309 5673 ab
3340 5618 3431 5672 illo
3474 5617 3585 5673 nati

1984 5713 2179 5768 fuerint
2208 5712 2617 5775 abominabiles,
2645 5721 2700 5767 et
2730 5713 2794 5767 ad
2823 5713 3021 5767 malum
3047 5726 3313 5781 propense
3338 5709 3581 5765 declina-

1984 5808 2110 5879 rint,
2138 5803 2260 5862 audi
2288 5804 2621 5877 Scripturam
2657 5805 2923 5864 dicentem
2965 5819 3061 5876 per
3085 5804 3305 5861 modum
3348 5799 3580 5860 maledi-
