  <div class='ocr_page' id='page_1' title='image "/cluster/home/n/w/nwhite01/storage/ocr_20150623/53/ien.35556001660802/273.png"; bbox 0 0 4070 6388; ppageno 0'>
   <div class='ocr_carea' id='block_1_1' title="bbox 550 387 651 445">
    <p class='ocr_par' dir='ltr' id='par_1_1' title="bbox 550 387 651 445">
     <span class='ocr_line' id='line_1_1' title="bbox 550 387 651 445; baseline 0 0"><span class='ocrx_word' id='word_1_1' title='bbox 550 387 651 445; x_wconf 63' lang='grc' dir='ltr'><strong>ενι</strong></span> 
     </span>
    </p>
   </div>
   <div class='ocr_carea' id='block_1_2' title="bbox 550 492 2123 566">
    <p class='ocr_par' dir='ltr' id='par_1_2' title="bbox 550 492 2123 566">
     <span class='ocr_line' id='line_1_2' title="bbox 550 492 2123 566; baseline -0.004 -15"><span class='ocrx_word' id='word_1_2' title='bbox 550 495 622 551; x_wconf 82' lang='lat' dir='ltr'><strong>eti</strong></span> <span class='ocrx_word' id='word_1_3' title='bbox 639 510 654 549; x_wconf 90' lang='lat'><strong>:</strong></span> <span class='ocrx_word' id='word_1_4' title='bbox 674 492 953 549; x_wconf 79' lang='lat' dir='ltr'><strong>Patcrtttus</strong></span> <span class='ocrx_word' id='word_1_5' title='bbox 977 492 1316 558; x_wconf 67' lang='lat' dir='ltr'><strong>Amorrltattts,</strong></span> <span class='ocrx_word' id='word_1_6' title='bbox 1330 503 1377 548; x_wconf 86' lang='lat' dir='ltr'><strong>et</strong></span> <span class='ocrx_word' id='word_1_7' title='bbox 1398 504 1557 549; x_wconf 84' lang='lat' dir='ltr'><strong>mater</strong></span> <span class='ocrx_word' id='word_1_8' title='bbox 1566 502 1657 548; x_wconf 80' lang='lat' dir='ltr'><strong>tua</strong></span> <span class='ocrx_word' id='word_1_9' title='bbox 1672 493 1893 549; x_wconf 70' lang='lat' dir='ltr'><strong>Cltettata</strong></span> <span class='ocrx_word' id='word_1_10' title='bbox 1913 492 2123 566; x_wconf 73' lang='lat' dir='ltr'><strong>(Emit.</strong></span> 
     </span>
    </p>
   </div>
   <div class='ocr_carea' id='block_1_3' title="bbox 556 585 2124 652">
    <p class='ocr_par' dir='ltr' id='par_1_3' title="bbox 556 585 2124 652">
     <span class='ocr_line' id='line_1_3' title="bbox 556 585 2124 652; baseline -0.004 -9"><span class='ocrx_word' id='word_1_11' title='bbox 556 586 648 643; x_wconf 72' lang='grc' dir='ltr'><strong>ια.</strong></span> <span class='ocrx_word' id='word_1_12' title='bbox 670 587 707 643; x_wconf 75' lang='lat'><strong>3</strong></span> <span class='ocrx_word' id='word_1_13' title='bbox 725 586 763 652; x_wconf 81' lang='lat'><strong>).</strong></span> <span class='ocrx_word' id='word_1_14' title='bbox 802 587 867 643; x_wconf 82' lang='lat' dir='ltr'><strong>Et</strong></span> <span class='ocrx_word' id='word_1_15' title='bbox 893 586 1030 643; x_wconf 88' lang='lat' dir='ltr'><strong>alius</strong></span> <span class='ocrx_word' id='word_1_16' title='bbox 1057 585 1442 641; x_wconf 82' lang='lat' dir='ltr'><strong>contumeliose</strong></span> <span class='ocrx_word' id='word_1_17' title='bbox 1465 586 1615 652; x_wconf 85' lang='lat' dir='ltr'><strong>dicit,</strong></span> <span class='ocrx_word' id='word_1_18' title='bbox 1644 587 1833 643; x_wconf 83' lang='lat' dir='ltr'><strong>Semen</strong></span> <span class='ocrx_word' id='word_1_19' title='bbox 1855 585 2124 647; x_wconf 79' lang='lat' dir='ltr'><strong>Chanaan,</strong></span> 
     </span>
    </p>
   </div>
   <div class='ocr_carea' id='block_1_4' title="bbox 550 674 2126 749">
    <p class='ocr_par' dir='ltr' id='par_1_4' title="bbox 550 674 2126 749">
     <span class='ocr_line' id='line_1_4' title="bbox 550 674 2126 749; baseline -0.001 -18"><span class='ocrx_word' id='word_1_20' title='bbox 550 685 604 731; x_wconf 87' lang='lat' dir='ltr'><strong>et</strong></span> <span class='ocrx_word' id='word_1_21' title='bbox 651 694 757 732; x_wconf 80' lang='lat' dir='ltr'><strong>non</strong></span> <span class='ocrx_word' id='word_1_22' title='bbox 792 679 945 732; x_wconf 76' lang='lat' dir='ltr'><strong>Juda</strong></span> <span class='ocrx_word' id='word_1_23' title='bbox 988 676 1149 745; x_wconf 86' lang='lat' dir='ltr'><strong>(Dan.</strong></span> <span class='ocrx_word' id='word_1_24' title='bbox 1203 676 1290 732; x_wconf 76' lang='grc' dir='ltr'><strong>ιδ.</strong></span> <span class='ocrx_word' id='word_1_25' title='bbox 1321 674 1450 747; x_wconf 84' lang='grc'><strong>56).</strong></span> <span class='ocrx_word' id='word_1_26' title='bbox 1484 677 1652 733; x_wconf 82' lang='lat' dir='ltr'><strong>Porro</strong></span> <span class='ocrx_word' id='word_1_27' title='bbox 1676 692 1854 749; x_wconf 67' lang='lat' dir='ltr'><strong>operat</strong></span> <span class='ocrx_word' id='word_1_28' title='bbox 1898 678 2126 747; x_wconf 85' lang='lat' dir='ltr'><strong>pretium</strong></span> 
     </span>
    </p>
   </div>
   <div class='ocr_carea' id='block_1_5' title="bbox 553 765 2125 840">
    <p class='ocr_par' dir='ltr' id='par_1_5' title="bbox 553 765 2125 840">
     <span class='ocr_line' id='line_1_5' title="bbox 553 765 2125 840; baseline -0.001 -18"><span class='ocrx_word' id='word_1_29' title='bbox 553 765 717 823; x_wconf 91' lang='lat' dir='ltr'><strong>fuerit</strong></span> <span class='ocrx_word' id='word_1_30' title='bbox 741 767 923 821; x_wconf 88' lang='lat' dir='ltr'><strong>audire</strong></span> <span class='ocrx_word' id='word_1_31' title='bbox 948 782 1093 823; x_wconf 88' lang='lat' dir='ltr'><strong>nunc</strong></span> <span class='ocrx_word' id='word_1_32' title='bbox 1118 777 1235 838; x_wconf 87' lang='lat' dir='ltr'><strong>post</strong></span> <span class='ocrx_word' id='word_1_33' title='bbox 1264 782 1499 838; x_wconf 76' lang='lat' dir='ltr'><strong>pmnsm,</strong></span> <span class='ocrx_word' id='word_1_34' title='bbox 1521 782 1683 838; x_wconf 86' lang='lat' dir='ltr'><strong>quam</strong></span> <span class='ocrx_word' id='word_1_35' title='bbox 1703 769 1910 840; x_wconf 89' lang='lat' dir='ltr'><strong>accepit</strong></span> <span class='ocrx_word' id='word_1_36' title='bbox 1952 769 1997 823; x_wconf 90' lang='lat' dir='ltr'><strong>is</strong></span> <span class='ocrx_word' id='word_1_37' title='bbox 2037 767 2125 836; x_wconf 88' lang='lat' dir='ltr'><strong>qui</strong></span> 
     </span>
    </p>
   </div>
   <div class='ocr_carea' id='block_1_6' title="bbox 553 856 2123 927">
    <p class='ocr_par' dir='ltr' id='par_1_6' title="bbox 553 856 2123 927">
     <span class='ocr_line' id='line_1_6' title="bbox 553 856 2123 927; baseline 0.001 -19"><span class='ocrx_word' id='word_1_38' title='bbox 553 856 843 910; x_wconf 86' lang='lat' dir='ltr'><strong>nuditatem</strong></span> <span class='ocrx_word' id='word_1_39' title='bbox 884 856 1167 925; x_wconf 87' lang='lat' dir='ltr'><strong>cvulgavit,</strong></span> <span class='ocrx_word' id='word_1_40' title='bbox 1220 872 1340 926; x_wconf 72' lang='lat' dir='ltr'><strong>qua:</strong></span> <span class='ocrx_word' id='word_1_41' title='bbox 1390 857 1609 927; x_wconf 75' lang='lat' dir='ltr'><strong>prannia</strong></span> <span class='ocrx_word' id='word_1_42' title='bbox 1652 858 1921 927; x_wconf 88' lang='lat' dir='ltr'><strong>assequuti</strong></span> <span class='ocrx_word' id='word_1_43' title='bbox 1952 858 2057 911; x_wconf 90' lang='lat' dir='ltr'><strong>sint</strong></span> <span class='ocrx_word' id='word_1_44' title='bbox 2090 856 2123 910; x_wconf 89' lang='lat' dir='ltr'><strong>ii</strong></span> 
     </span>
    </p>
   </div>
   <div class='ocr_carea' id='block_1_7' title="bbox 551 946 2126 1020">
    <p class='ocr_par' dir='ltr' id='par_1_7' title="bbox 551 946 2126 1020">
     <span class='ocr_line' id='line_1_7' title="bbox 551 946 2126 1020; baseline 0.003 -22"><span class='ocrx_word' id='word_1_45' title='bbox 551 946 641 1014; x_wconf 88' lang='lat' dir='ltr'><strong>qui</strong></span> <span class='ocrx_word' id='word_1_46' title='bbox 672 955 871 1001; x_wconf 84' lang='lat' dir='ltr'><strong>tantam</strong></span> <span class='ocrx_word' id='word_1_47' title='bbox 908 947 1259 1004; x_wconf 70' lang='lat' dir='ltr'><strong>reverentiam</strong></span> <span class='ocrx_word' id='word_1_48' title='bbox 1300 955 1358 1004; x_wconf 91' lang='lat' dir='ltr'><strong>et</strong></span> <span class='ocrx_word' id='word_1_49' title='bbox 1384 946 1642 1004; x_wconf 78' lang='lat' dir='ltr'><strong>honorem</strong></span> <span class='ocrx_word' id='word_1_50' title='bbox 1686 950 1821 1020; x_wconf 88' lang='lat' dir='ltr'><strong>patri</strong></span> <span class='ocrx_word' id='word_1_51' title='bbox 1867 948 2126 1004; x_wconf 75' lang='lat' dir='ltr'><strong>exhibue-</strong></span> 
     </span>
    </p>
   </div>
   <div class='ocr_carea' id='block_1_8' title="bbox 552 1036 2127 1109">
    <p class='ocr_par' dir='ltr' id='par_1_8' title="bbox 552 1036 2127 1109">
     <span class='ocr_line' id='line_1_8' title="bbox 552 1036 2127 1109; baseline 0.001 -17"><span class='ocrx_word' id='word_1_52' title='bbox 552 1047 697 1092; x_wconf 85' lang='lat' dir='ltr'><strong>runt.</strong></span> <span class='ocrx_word' id='word_1_53' title='bbox 724 1036 816 1093; x_wconf 73' lang='lat'><strong>26.</strong></span> <span class='ocrx_word' id='word_1_54' title='bbox 850 1036 917 1092; x_wconf 81' lang='lat' dir='ltr'><strong>Et</strong></span> <span class='ocrx_word' id='word_1_55' title='bbox 938 1039 1093 1105; x_wconf 59' lang='lat' dir='ltr'><strong>dicit,</strong></span> <span class='ocrx_word' id='word_1_56' title='bbox 1137 1037 1328 1109; x_wconf 82' lang='lat' dir='ltr'><strong>inquit,</strong></span> <span class='ocrx_word' id='word_1_57' title='bbox 1359 1038 1668 1095; x_wconf 77' lang='lat' dir='ltr'><strong>Benedictus</strong></span> <span class='ocrx_word' id='word_1_58' title='bbox 1702 1039 1947 1094; x_wconf 75' lang='lat' dir='ltr'><strong>Dominus</strong></span> <span class='ocrx_word' id='word_1_59' title='bbox 1993 1038 2127 1093; x_wconf 76' lang='lat' dir='ltr'><strong>Deus</strong></span> 
     </span>
    </p>
   </div>
   <div class='ocr_carea' id='block_1_9' title="bbox 552 1126 2128 1202">
    <p class='ocr_par' dir='ltr' id='par_1_9' title="bbox 552 1126 2128 1202">
     <span class='ocr_line' id='line_1_9' title="bbox 552 1126 2128 1202; baseline 0 -18"><span class='ocrx_word' id='word_1_60' title='bbox 552 1129 695 1195; x_wconf 72' lang='lat' dir='ltr'><strong>Scin,</strong></span> <span class='ocrx_word' id='word_1_61' title='bbox 715 1141 760 1185; x_wconf 85' lang='lat' dir='ltr'><strong>et</strong></span> <span class='ocrx_word' id='word_1_62' title='bbox 776 1130 871 1185; x_wconf 80' lang='lat' dir='ltr'><strong>erit</strong></span> <span class='ocrx_word' id='word_1_63' title='bbox 888 1128 1136 1185; x_wconf 73' lang='lat' dir='ltr'><strong>Chanaan</strong></span> <span class='ocrx_word' id='word_1_64' title='bbox 1154 1147 1327 1186; x_wconf 75' lang='lat' dir='ltr'><strong>aereus</strong></span> <span class='ocrx_word' id='word_1_65' title='bbox 1342 1131 1503 1186; x_wconf 79' lang='lat' dir='ltr'><strong>illius.</strong></span> <span class='ocrx_word' id='word_1_66' title='bbox 1529 1126 1662 1199; x_wconf 84' lang='lat' dir='ltr'><strong>lloc,</strong></span> <span class='ocrx_word' id='word_1_67' title='bbox 1682 1131 1816 1187; x_wconf 83' lang='lat' dir='ltr'><strong>forte</strong></span> <span class='ocrx_word' id='word_1_68' title='bbox 1834 1130 1952 1202; x_wconf 84' lang='lat' dir='ltr'><strong>quis</strong></span> <span class='ocrx_word' id='word_1_69' title='bbox 1975 1129 2128 1184; x_wconf 83' lang='lat' dir='ltr'><strong>dixe-</strong></span> 
     </span>
    </p>
   </div>
   <div class='ocr_carea' id='block_1_10' title="bbox 548 1223 2125 1291">
    <p class='ocr_par' dir='ltr' id='par_1_10' title="bbox 548 1223 2125 1291">
     <span class='ocr_line' id='line_1_10' title="bbox 548 1223 2125 1291; baseline -0.001 -13"><span class='ocrx_word' id='word_1_70' title='bbox 548 1226 641 1291; x_wconf 86' lang='lat' dir='ltr'><strong>rit,</strong></span> <span class='ocrx_word' id='word_1_71' title='bbox 671 1239 775 1280; x_wconf 91' lang='lat' dir='ltr'><strong>non</strong></span> <span class='ocrx_word' id='word_1_72' title='bbox 800 1234 883 1279; x_wconf 88' lang='lat' dir='ltr'><strong>est</strong></span> <span class='ocrx_word' id='word_1_73' title='bbox 911 1224 1227 1281; x_wconf 78' lang='lat' dir='ltr'><strong>benedicere</strong></span> <span class='ocrx_word' id='word_1_74' title='bbox 1251 1225 1397 1281; x_wconf 79' lang='lat' dir='ltr'><strong>Sent.</strong></span> <span class='ocrx_word' id='word_1_75' title='bbox 1448 1226 1559 1281; x_wconf 89' lang='lat' dir='ltr'><strong>imo</strong></span> <span class='ocrx_word' id='word_1_76' title='bbox 1582 1226 1737 1281; x_wconf 81' lang='lat' dir='ltr'><strong>valde</strong></span> <span class='ocrx_word' id='word_1_77' title='bbox 1766 1224 2032 1280; x_wconf 73' lang='lat' dir='ltr'><strong>benedixit</strong></span> <span class='ocrx_word' id='word_1_78' title='bbox 2057 1223 2125 1277; x_wconf 84' lang='lat' dir='ltr'><strong>il-</strong></span> 
     </span>
    </p>
   </div>
   <div class='ocr_carea' id='block_1_11' title="bbox 547 1313 2125 1386">
    <p class='ocr_par' dir='ltr' id='par_1_11' title="bbox 547 1313 2125 1386">
     <span class='ocr_line' id='line_1_11' title="bbox 547 1313 2125 1386; baseline -0.001 -16"><span class='ocrx_word' id='word_1_79' title='bbox 547 1316 681 1370; x_wconf 86' lang='lat' dir='ltr'><strong>lum.</strong></span> <span class='ocrx_word' id='word_1_80' title='bbox 708 1313 931 1383; x_wconf 85' lang='lat' dir='ltr'><strong>Quando</strong></span> <span class='ocrx_word' id='word_1_81' title='bbox 953 1316 1098 1371; x_wconf 79' lang='lat' dir='ltr'><strong>enim</strong></span> <span class='ocrx_word' id='word_1_82' title='bbox 1132 1316 1271 1371; x_wconf 91' lang='lat' dir='ltr'><strong>Deus</strong></span> <span class='ocrx_word' id='word_1_83' title='bbox 1288 1316 1678 1385; x_wconf 64' lang='lat' dir='ltr'><strong>hencdieitnr,</strong></span> <span class='ocrx_word' id='word_1_84' title='bbox 1704 1326 1760 1373; x_wconf 90' lang='lat' dir='ltr'><strong>et</strong></span> <span class='ocrx_word' id='word_1_85' title='bbox 1782 1325 2013 1386; x_wconf 82' lang='lat' dir='ltr'><strong>aguntur</strong></span> <span class='ocrx_word' id='word_1_86' title='bbox 2050 1314 2125 1369; x_wconf 88' lang='lat' dir='ltr'><strong>illi</strong></span> 
     </span>
    </p>
   </div>
   <div class='ocr_carea' id='block_1_12' title="bbox 547 1402 2127 1472">
    <p class='ocr_par' dir='ltr' id='par_1_12' title="bbox 547 1402 2127 1472">
     <span class='ocr_line' id='line_1_12' title="bbox 547 1402 2127 1472; baseline 0.001 -15"><span class='ocrx_word' id='word_1_87' title='bbox 547 1402 1175 1472; x_wconf 67' lang='lat' dir='ltr'><strong>gratimab-hontinibus,</strong></span> <span class='ocrx_word' id='word_1_88' title='bbox 1208 1414 1333 1461; x_wconf 87' lang='lat' dir='ltr'><strong>tunc</strong></span> <span class='ocrx_word' id='word_1_89' title='bbox 1359 1406 1577 1461; x_wconf 84' lang='lat' dir='ltr'><strong>uberior</strong></span> <span class='ocrx_word' id='word_1_90' title='bbox 1615 1404 1685 1461; x_wconf 79' lang='lat' dir='ltr'><strong>ab</strong></span> <span class='ocrx_word' id='word_1_91' title='bbox 1713 1406 1805 1460; x_wconf 91' lang='lat' dir='ltr'><strong>illo</strong></span> <span class='ocrx_word' id='word_1_92' title='bbox 1831 1404 1970 1460; x_wconf 88' lang='lat' dir='ltr'><strong>solet</strong></span> <span class='ocrx_word' id='word_1_93' title='bbox 2012 1403 2127 1459; x_wconf 85' lang='lat' dir='ltr'><strong>istis</strong></span> 
     </span>
    </p>
   </div>
   <div class='ocr_carea' id='block_1_13' title="bbox 547 1493 2128 1568">
    <p class='ocr_par' dir='ltr' id='par_1_13' title="bbox 547 1493 2128 1568">
     <span class='ocr_line' id='line_1_13' title="bbox 547 1493 2128 1568; baseline 0 -19"><span class='ocrx_word' id='word_1_94' title='bbox 547 1493 852 1551; x_wconf 83' lang='lat' dir='ltr'><strong>benedictio</strong></span> <span class='ocrx_word' id='word_1_95' title='bbox 874 1495 1010 1560; x_wconf 89' lang='lat' dir='ltr'><strong>dari,</strong></span> <span class='ocrx_word' id='word_1_96' title='bbox 1042 1506 1260 1566; x_wconf 75' lang='lat' dir='ltr'><strong>propter</strong></span> <span class='ocrx_word' id='word_1_97' title='bbox 1282 1512 1417 1568; x_wconf 85' lang='lat' dir='ltr'><strong>quos</strong></span> <span class='ocrx_word' id='word_1_98' title='bbox 1438 1496 1550 1568; x_wconf 84' lang='lat' dir='ltr'><strong>ipse</strong></span> <span class='ocrx_word' id='word_1_99' title='bbox 1575 1494 1923 1552; x_wconf 88' lang='lat' dir='ltr'><strong>benedicitur.</strong></span> <span class='ocrx_word' id='word_1_100' title='bbox 1948 1494 2128 1563; x_wconf 88' lang='lat' dir='ltr'><strong>Itaque</strong></span> 
     </span>
    </p>
   </div>
   <div class='ocr_carea' id='block_1_14' title="bbox 548 1583 2126 1657">
    <p class='ocr_par' dir='ltr' id='par_1_14' title="bbox 548 1583 2126 1657">
     <span class='ocr_line' id='line_1_14' title="bbox 548 1583 2126 1657; baseline 0.001 -18"><span class='ocrx_word' id='word_1_101' title='bbox 548 1583 875 1641; x_wconf 78' lang='lat' dir='ltr'><strong>benedicens</strong></span> <span class='ocrx_word' id='word_1_102' title='bbox 921 1586 1088 1642; x_wconf 89' lang='lat' dir='ltr'><strong>Deum</strong></span> <span class='ocrx_word' id='word_1_103' title='bbox 1112 1588 1408 1643; x_wconf 70' lang='lat' dir='ltr'><strong>debitorem</strong></span> <span class='ocrx_word' id='word_1_104' title='bbox 1439 1587 1613 1657; x_wconf 88' lang='lat' dir='ltr'><strong>ipsum</strong></span> <span class='ocrx_word' id='word_1_105' title='bbox 1640 1586 1762 1642; x_wconf 91' lang='lat' dir='ltr'><strong>fecit</strong></span> <span class='ocrx_word' id='word_1_106' title='bbox 1784 1584 2002 1655; x_wconf 88' lang='lat' dir='ltr'><strong>majoris</strong></span> <span class='ocrx_word' id='word_1_107' title='bbox 2029 1584 2126 1640; x_wconf 85' lang='lat' dir='ltr'><strong>be-</strong></span> 
     </span>
    </p>
   </div>
   <div class='ocr_carea' id='block_1_15' title="bbox 549 1673 2121 1746">
    <p class='ocr_par' dir='ltr' id='par_1_15' title="bbox 549 1673 2121 1746">
     <span class='ocr_line' id='line_1_15' title="bbox 549 1673 2121 1746; baseline 0 -17"><span class='ocrx_word' id='word_1_108' title='bbox 549 1673 888 1740; x_wconf 87' lang='lat' dir='ltr'><strong>nedictionis,</strong></span> <span class='ocrx_word' id='word_1_109' title='bbox 919 1685 1209 1746; x_wconf 85' lang='lat' dir='ltr'><strong>auctorque</strong></span> <span class='ocrx_word' id='word_1_110' title='bbox 1224 1676 1322 1731; x_wconf 88' lang='lat' dir='ltr'><strong>fuit</strong></span> <span class='ocrx_word' id='word_1_111' title='bbox 1344 1675 1468 1732; x_wconf 86' lang='lat' dir='ltr'><strong>Sem</strong></span> <span class='ocrx_word' id='word_1_112' title='bbox 1490 1675 1710 1746; x_wconf 93' lang='lat' dir='ltr'><strong>majoris</strong></span> <span class='ocrx_word' id='word_1_113' title='bbox 1734 1675 2121 1739; x_wconf 87' lang='lat' dir='ltr'><strong>retributionis,</strong></span> 
     </span>
    </p>
   </div>
   <div class='ocr_carea' id='block_1_16' title="bbox 545 1758 2127 1836">
    <p class='ocr_par' dir='ltr' id='par_1_16' title="bbox 545 1758 2127 1836">
     <span class='ocr_line' id='line_1_16' title="bbox 545 1758 2127 1836; baseline 0.004 -23"><span class='ocrx_word' id='word_1_114' title='bbox 545 1776 707 1829; x_wconf 86' lang='lat' dir='ltr'><strong>quam</strong></span> <span class='ocrx_word' id='word_1_115' title='bbox 729 1763 776 1817; x_wconf 88' lang='lat' dir='ltr'><strong>si</strong></span> <span class='ocrx_word' id='word_1_116' title='bbox 817 1758 937 1820; x_wconf 79' lang='lat' dir='ltr'><strong>enin</strong></span> <span class='ocrx_word' id='word_1_117' title='bbox 973 1765 1085 1835; x_wconf 84' lang='lat' dir='ltr'><strong>ipse</strong></span> <span class='ocrx_word' id='word_1_118' title='bbox 1124 1781 1219 1836; x_wconf 88' lang='lat' dir='ltr'><strong>per</strong></span> <span class='ocrx_word' id='word_1_119' title='bbox 1259 1781 1319 1821; x_wconf 89' lang='lat' dir='ltr'><strong>se</strong></span> <span class='ocrx_word' id='word_1_120' title='bbox 1367 1765 1755 1822; x_wconf 79' lang='lat' dir='ltr'><strong>benedixisset.</strong></span> <span class='ocrx_word' id='word_1_121' title='bbox 1788 1764 1937 1820; x_wconf 89' lang='lat' dir='ltr'><strong>Sicut</strong></span> <span class='ocrx_word' id='word_1_122' title='bbox 1983 1764 2127 1819; x_wconf 88' lang='lat' dir='ltr'><strong>enim</strong></span> 
     </span>
    </p>
   </div>
   <div class='ocr_carea' id='block_1_17' title="bbox 545 1852 2127 1925">
    <p class='ocr_par' dir='ltr' id='par_1_17' title="bbox 545 1852 2127 1925">
     <span class='ocr_line' id='line_1_17' title="bbox 545 1852 2127 1925; baseline 0.003 -20"><span class='ocrx_word' id='word_1_123' title='bbox 545 1852 763 1922; x_wconf 86' lang='lat' dir='ltr'><strong>quando</strong></span> <span class='ocrx_word' id='word_1_124' title='bbox 816 1853 1147 1910; x_wconf 88' lang='lat' dir='ltr'><strong>benedicitur</strong></span> <span class='ocrx_word' id='word_1_125' title='bbox 1194 1864 1410 1925; x_wconf 91' lang='lat' dir='ltr'><strong>propter</strong></span> <span class='ocrx_word' id='word_1_126' title='bbox 1451 1870 1569 1922; x_wconf 90' lang='lat' dir='ltr'><strong>nos,</strong></span> <span class='ocrx_word' id='word_1_127' title='bbox 1621 1854 1845 1909; x_wconf 89' lang='lat' dir='ltr'><strong>multum</strong></span> <span class='ocrx_word' id='word_1_128' title='bbox 1889 1854 1942 1909; x_wconf 89' lang='lat' dir='ltr'><strong>id</strong></span> <span class='ocrx_word' id='word_1_129' title='bbox 1973 1854 2127 1909; x_wconf 85' lang='lat' dir='ltr'><strong>nobis</strong></span> 
     </span>
    </p>
   </div>
   <div class='ocr_carea' id='block_1_18' title="bbox 544 1940 2129 2015">
    <p class='ocr_par' dir='ltr' id='par_1_18' title="bbox 544 1940 2129 2015">
     <span class='ocr_line' id='line_1_18' title="bbox 544 1940 2129 2015; baseline 0.001 -19"><span class='ocrx_word' id='word_1_130' title='bbox 544 1940 796 1997; x_wconf 88' lang='lat' dir='ltr'><strong>conciliat</strong></span> <span class='ocrx_word' id='word_1_131' title='bbox 834 1942 1073 1998; x_wconf 79' lang='lat' dir='ltr'><strong>favoris:</strong></span> <span class='ocrx_word' id='word_1_132' title='bbox 1118 1944 1190 1999; x_wconf 85' lang='lat' dir='ltr'><strong>ita</strong></span> <span class='ocrx_word' id='word_1_133' title='bbox 1229 1954 1283 2000; x_wconf 92' lang='lat' dir='ltr'><strong>et</strong></span> <span class='ocrx_word' id='word_1_134' title='bbox 1323 1952 1509 1999; x_wconf 89' lang='lat' dir='ltr'><strong>contra</strong></span> <span class='ocrx_word' id='word_1_135' title='bbox 1540 1945 1752 2015; x_wconf 82' lang='lat' dir='ltr'><strong>quando</strong></span> <span class='ocrx_word' id='word_1_136' title='bbox 1797 1953 2011 2015; x_wconf 90' lang='lat' dir='ltr'><strong>pr0pter</strong></span> <span class='ocrx_word' id='word_1_137' title='bbox 2031 1956 2129 1998; x_wconf 83' lang='lat' dir='ltr'><strong>nos</strong></span> 
     </span>
    </p>
   </div>
   <div class='ocr_carea' id='block_1_19' title="bbox 552 2033 2129 2105">
    <p class='ocr_par' dir='ltr' id='par_1_19' title="bbox 552 2033 2129 2105">
     <span class='ocr_line' id='line_1_19' title="bbox 552 2033 2129 2105; baseline 0.001 -18"><span class='ocrx_word' id='word_1_138' title='bbox 552 2033 643 2087; x_wconf 88' lang='lat' dir='ltr'><strong>alii</strong></span> <span class='ocrx_word' id='word_1_139' title='bbox 678 2033 827 2089; x_wconf 90' lang='lat' dir='ltr'><strong>illum</strong></span> <span class='ocrx_word' id='word_1_140' title='bbox 855 2035 1249 2104; x_wconf 88' lang='lat' dir='ltr'><strong>blasphemant,</strong></span> <span class='ocrx_word' id='word_1_141' title='bbox 1277 2035 1448 2105; x_wconf 87' lang='lat' dir='ltr'><strong>major</strong></span> <span class='ocrx_word' id='word_1_142' title='bbox 1467 2035 1592 2091; x_wconf 91' lang='lat' dir='ltr'><strong>hinc</strong></span> <span class='ocrx_word' id='word_1_143' title='bbox 1631 2044 1812 2090; x_wconf 87' lang='lat' dir='ltr'><strong>nostra</strong></span> <span class='ocrx_word' id='word_1_144' title='bbox 1858 2035 1914 2090; x_wconf 74' lang='lat' dir='ltr'><strong>ﬁt</strong></span> <span class='ocrx_word' id='word_1_145' title='bbox 1933 2035 2129 2090; x_wconf 83' lang='lat' dir='ltr'><strong>condc-</strong></span> 
     </span>
    </p>
   </div>
   <div class='ocr_carea' id='block_1_20' title="bbox 510 2123 2124 2194">
    <p class='ocr_par' dir='ltr' id='par_1_20' title="bbox 510 2123 2124 2194">
     <span class='ocr_line' id='line_1_20' title="bbox 510 2123 2124 2194; baseline 0.001 -18"><span class='ocrx_word' id='word_1_146' title='bbox 510 2162 511 2165; x_wconf 58' lang='grc' dir='ltr'><strong>η</strong></span> <span class='ocrx_word' id='word_1_147' title='bbox 547 2124 773 2190; x_wconf 85' lang='lat' dir='ltr'><strong>mnatio,</strong></span> <span class='ocrx_word' id='word_1_148' title='bbox 803 2124 895 2194; x_wconf 90' lang='lat' dir='ltr'><strong>qui</strong></span> <span class='ocrx_word' id='word_1_149' title='bbox 920 2138 1134 2179; x_wconf 87' lang='lat' dir='ltr'><strong>causam</strong></span> <span class='ocrx_word' id='word_1_150' title='bbox 1161 2123 1422 2179; x_wconf 85' lang='lat' dir='ltr'><strong>dedimus.</strong></span> <span class='ocrx_word' id='word_1_151' title='bbox 1447 2124 1726 2190; x_wconf 80' lang='lat' dir='ltr'><strong>Quocirca,</strong></span> <span class='ocrx_word' id='word_1_152' title='bbox 1755 2124 1998 2189; x_wconf 87' lang='lat' dir='ltr'><strong>obsecro,</strong></span> <span class='ocrx_word' id='word_1_153' title='bbox 2026 2123 2124 2178; x_wconf 88' lang='lat' dir='ltr'><strong>de-</strong></span> 
     </span>
    </p>
   </div>
   <div class='ocr_carea' id='block_1_21' title="bbox 546 2212 2123 2282">
    <p class='ocr_par' dir='ltr' id='par_1_21' title="bbox 546 2212 2123 2282">
     <span class='ocr_line' id='line_1_21' title="bbox 546 2212 2123 2282; baseline -0.001 -15"><span class='ocrx_word' id='word_1_154' title='bbox 546 2225 669 2267; x_wconf 83' lang='lat' dir='ltr'><strong>mus</strong></span> <span class='ocrx_word' id='word_1_155' title='bbox 691 2226 931 2282; x_wconf 83' lang='lat' dir='ltr'><strong>operam,</strong></span> <span class='ocrx_word' id='word_1_156' title='bbox 961 2223 1017 2267; x_wconf 93' lang='lat' dir='ltr'><strong>ut</strong></span> <span class='ocrx_word' id='word_1_157' title='bbox 1043 2214 1113 2268; x_wconf 87' lang='lat' dir='ltr'><strong>ita</strong></span> <span class='ocrx_word' id='word_1_158' title='bbox 1140 2215 1384 2268; x_wconf 54' lang='lat' dir='ltr'><strong>iuvamus</strong></span> <span class='ocrx_word' id='word_1_159' title='bbox 1403 2254 1420 2281; x_wconf 90' lang='lat'><strong>,</strong></span> <span class='ocrx_word' id='word_1_160' title='bbox 1450 2224 1503 2268; x_wconf 91' lang='lat' dir='ltr'><strong>et</strong></span> <span class='ocrx_word' id='word_1_161' title='bbox 1531 2221 1690 2268; x_wconf 73' lang='lat' dir='ltr'><strong>tantae</strong></span> <span class='ocrx_word' id='word_1_162' title='bbox 1711 2212 1921 2267; x_wconf 82' lang='lat' dir='ltr'><strong>virtutis</strong></span> <span class='ocrx_word' id='word_1_163' title='bbox 1949 2213 2123 2281; x_wconf 84' lang='lat' dir='ltr'><strong>speci-</strong></span> 
     </span>
    </p>
   </div>
   <div class='ocr_carea' id='block_1_22' title="bbox 543 2302 2125 2375">
    <p class='ocr_par' dir='ltr' id='par_1_22' title="bbox 543 2302 2125 2375">
     <span class='ocr_line' id='line_1_22' title="bbox 543 2302 2125 2375; baseline -0.001 -19"><span class='ocrx_word' id='word_1_164' title='bbox 543 2315 669 2357; x_wconf 82' lang='lat' dir='ltr'><strong>mea</strong></span> <span class='ocrx_word' id='word_1_165' title='bbox 688 2302 1055 2369; x_wconf 80' lang='lat' dir='ltr'><strong>esbibeamus,</strong></span> <span class='ocrx_word' id='word_1_166' title='bbox 1087 2313 1146 2359; x_wconf 92' lang='lat' dir='ltr'><strong>ut</strong></span> <span class='ocrx_word' id='word_1_167' title='bbox 1165 2318 1371 2371; x_wconf 87' lang='lat' dir='ltr'><strong>omnes,</strong></span> <span class='ocrx_word' id='word_1_168' title='bbox 1402 2303 1490 2375; x_wconf 85' lang='lat' dir='ltr'><strong>qui</strong></span> <span class='ocrx_word' id='word_1_169' title='bbox 1513 2317 1611 2358; x_wconf 88' lang='lat' dir='ltr'><strong>nos</strong></span> <span class='ocrx_word' id='word_1_170' title='bbox 1635 2302 1884 2367; x_wconf 79' lang='lat' dir='ltr'><strong>viderint,</strong></span> <span class='ocrx_word' id='word_1_171' title='bbox 1907 2302 2125 2361; x_wconf 80' lang='lat' dir='ltr'><strong>benedi-</strong></span> 
     </span>
    </p>
   </div>
   <div class='ocr_carea' id='block_1_23' title="bbox 542 2390 2125 2462">
    <p class='ocr_par' dir='ltr' id='par_1_23' title="bbox 542 2390 2125 2462">
     <span class='ocr_line' id='line_1_23' title="bbox 542 2390 2125 2462; baseline -0.003 -13"><span class='ocrx_word' id='word_1_172' title='bbox 542 2391 752 2449; x_wconf 81' lang='lat' dir='ltr'><strong>ctiones</strong></span> <span class='ocrx_word' id='word_1_173' title='bbox 780 2392 951 2448; x_wconf 77' lang='lat' dir='ltr'><strong>laudis</strong></span> <span class='ocrx_word' id='word_1_174' title='bbox 982 2393 1210 2448; x_wconf 69' lang='lat' dir='ltr'><strong>oderant</strong></span> <span class='ocrx_word' id='word_1_175' title='bbox 1237 2393 1466 2449; x_wconf 81' lang='lat' dir='ltr'><strong>Domino</strong></span> <span class='ocrx_word' id='word_1_176' title='bbox 1497 2393 1625 2448; x_wconf 92' lang='lat' dir='ltr'><strong>Deo.</strong></span> <span class='ocrx_word' id='word_1_177' title='bbox 1656 2391 1786 2446; x_wconf 78' lang='lat' dir='ltr'><strong>Nam</strong></span> <span class='ocrx_word' id='word_1_178' title='bbox 1810 2392 1933 2462; x_wconf 82' lang='lat' dir='ltr'><strong>quia</strong></span> <span class='ocrx_word' id='word_1_179' title='bbox 1956 2390 2125 2445; x_wconf 89' lang='lat' dir='ltr'><strong>bonus</strong></span> 
     </span>
    </p>
   </div>
   <div class='ocr_carea' id='block_1_24' title="bbox 546 2479 2123 2555">
    <p class='ocr_par' dir='ltr' id='par_1_24' title="bbox 546 2479 2123 2555">
     <span class='ocr_line' id='line_1_24' title="bbox 546 2479 2123 2555; baseline -0.003 -16"><span class='ocrx_word' id='word_1_180' title='bbox 546 2491 605 2539; x_wconf 85' lang='lat' dir='ltr'><strong>et</strong></span> <span class='ocrx_word' id='word_1_181' title='bbox 625 2483 883 2555; x_wconf 85' lang='lat' dir='ltr'><strong>benignus</strong></span> <span class='ocrx_word' id='word_1_182' title='bbox 902 2492 1005 2549; x_wconf 89' lang='lat' dir='ltr'><strong>est,</strong></span> <span class='ocrx_word' id='word_1_183' title='bbox 1037 2500 1131 2554; x_wconf 91' lang='lat' dir='ltr'><strong>per</strong></span> <span class='ocrx_word' id='word_1_184' title='bbox 1156 2498 1254 2539; x_wconf 89' lang='lat' dir='ltr'><strong>nos</strong></span> <span class='ocrx_word' id='word_1_185' title='bbox 1277 2484 1389 2539; x_wconf 86' lang='lat' dir='ltr'><strong>vult</strong></span> <span class='ocrx_word' id='word_1_186' title='bbox 1413 2484 1576 2554; x_wconf 89' lang='lat' dir='ltr'><strong>gloria</strong></span> <span class='ocrx_word' id='word_1_187' title='bbox 1605 2481 1745 2538; x_wconf 84' lang='lat' dir='ltr'><strong>afiici</strong></span> <span class='ocrx_word' id='word_1_188' title='bbox 1796 2497 1812 2536; x_wconf 88' lang='lat'><strong>:</strong></span> <span class='ocrx_word' id='word_1_189' title='bbox 1848 2497 1957 2536; x_wconf 84' lang='lat' dir='ltr'><strong>non</strong></span> <span class='ocrx_word' id='word_1_190' title='bbox 1982 2479 2123 2551; x_wconf 92' lang='lat' dir='ltr'><strong>quod</strong></span> 
     </span>
    </p>
   </div>
   <div class='ocr_carea' id='block_1_25' title="bbox 546 2570 2123 2645">
    <p class='ocr_par' dir='ltr' id='par_1_25' title="bbox 546 2570 2123 2645">
     <span class='ocr_line' id='line_1_25' title="bbox 546 2570 2123 2645; baseline -0.003 -16"><span class='ocrx_word' id='word_1_191' title='bbox 546 2573 649 2644; x_wconf 81' lang='lat' dir='ltr'><strong>ipsi</strong></span> <span class='ocrx_word' id='word_1_192' title='bbox 674 2574 870 2644; x_wconf 86' lang='lat' dir='ltr'><strong>aliquid</strong></span> <span class='ocrx_word' id='word_1_193' title='bbox 894 2574 962 2630; x_wconf 88' lang='lat' dir='ltr'><strong>ad</strong></span> <span class='ocrx_word' id='word_1_194' title='bbox 990 2588 1140 2630; x_wconf 88' lang='lat' dir='ltr'><strong>suam</strong></span> <span class='ocrx_word' id='word_1_195' title='bbox 1184 2574 1407 2645; x_wconf 89' lang='lat' dir='ltr'><strong>gloriam</strong></span> <span class='ocrx_word' id='word_1_196' title='bbox 1449 2572 1706 2632; x_wconf 81' lang='lat' dir='ltr'><strong>accedat:</strong></span> <span class='ocrx_word' id='word_1_197' title='bbox 1751 2572 1946 2628; x_wconf 77' lang='lat' dir='ltr'><strong>nullius</strong></span> <span class='ocrx_word' id='word_1_198' title='bbox 1980 2570 2123 2626; x_wconf 86' lang='lat' dir='ltr'><strong>enim</strong></span> 
     </span>
    </p>
   </div>
   <div class='ocr_carea' id='block_1_26' title="bbox 547 2662 2127 2736">
    <p class='ocr_par' dir='ltr' id='par_1_26' title="bbox 547 2662 2127 2736">
     <span class='ocr_line' id='line_1_26' title="bbox 547 2662 2127 2736; baseline -0.004 -16"><span class='ocrx_word' id='word_1_199' title='bbox 547 2664 758 2736; x_wconf 76' lang='lat' dir='ltr'><strong>indigus</strong></span> <span class='ocrx_word' id='word_1_200' title='bbox 785 2674 900 2726; x_wconf 88' lang='lat' dir='ltr'><strong>est:</strong></span> <span class='ocrx_word' id='word_1_201' title='bbox 944 2664 1042 2720; x_wconf 81' lang='lat' dir='ltr'><strong>sed</strong></span> <span class='ocrx_word' id='word_1_202' title='bbox 1091 2673 1150 2721; x_wconf 91' lang='lat' dir='ltr'><strong>ut</strong></span> <span class='ocrx_word' id='word_1_203' title='bbox 1177 2666 1486 2721; x_wconf 68' lang='lat' dir='ltr'><strong>occasiones</strong></span> <span class='ocrx_word' id='word_1_204' title='bbox 1529 2664 1629 2734; x_wconf 84' lang='lat' dir='ltr'><strong>ipsi</strong></span> <span class='ocrx_word' id='word_1_205' title='bbox 1658 2662 2013 2735; x_wconf 64' lang='lat' dir='ltr'><strong>prabeamus,</strong></span> <span class='ocrx_word' id='word_1_206' title='bbox 2066 2668 2127 2715; x_wconf 90' lang='lat' dir='ltr'><strong>ut</strong></span> 
     </span>
    </p>
   </div>
   <div class='ocr_carea' id='block_1_27' title="bbox 544 2748 2126 2826">
    <p class='ocr_par' dir='ltr' id='par_1_27' title="bbox 544 2748 2126 2826">
     <span class='ocr_line' id='line_1_27' title="bbox 544 2748 2126 2826; baseline -0.004 -15"><span class='ocrx_word' id='word_1_207' title='bbox 544 2754 733 2826; x_wconf 79' lang='lat' dir='ltr'><strong>majori</strong></span> <span class='ocrx_word' id='word_1_208' title='bbox 759 2770 865 2813; x_wconf 83' lang='lat' dir='ltr'><strong>nos</strong></span> <span class='ocrx_word' id='word_1_209' title='bbox 882 2755 1251 2811; x_wconf 83' lang='lat' dir='ltr'><strong>benevolentia</strong></span> <span class='ocrx_word' id='word_1_210' title='bbox 1294 2760 1664 2823; x_wconf 70' lang='lat' dir='ltr'><strong>prosequatur.</strong></span> <span class='ocrx_word' id='word_1_211' title='bbox 1692 2751 1990 2807; x_wconf 75' lang='lat' dir='ltr'><strong>Benedictus</strong></span> <span class='ocrx_word' id='word_1_212' title='bbox 2018 2748 2126 2804; x_wconf 86' lang='lat' dir='ltr'><strong>Do-</strong></span> 
     </span>
    </p>
   </div>
   <div class='ocr_carea' id='block_1_28' title="bbox 544 2841 2126 2921">
    <p class='ocr_par' dir='ltr' id='par_1_28' title="bbox 544 2841 2126 2921">
     <span class='ocr_line' id='line_1_28' title="bbox 544 2841 2126 2921; baseline -0.006 -17"><span class='ocrx_word' id='word_1_213' title='bbox 544 2846 711 2904; x_wconf 58' lang='lat' dir='ltr'><strong>u&#39;tnts</strong></span> <span class='ocrx_word' id='word_1_214' title='bbox 749 2845 890 2912; x_wconf 71' lang='lat' dir='ltr'><strong>Sent,</strong></span> <span class='ocrx_word' id='word_1_215' title='bbox 911 2855 963 2901; x_wconf 77' lang='lat' dir='ltr'><strong>st</strong></span> <span class='ocrx_word' id='word_1_216' title='bbox 1006 2848 1105 2901; x_wconf 77' lang='lat' dir='ltr'><strong>erit</strong></span> <span class='ocrx_word' id='word_1_217' title='bbox 1119 2844 1367 2901; x_wconf 75' lang='lat' dir='ltr'><strong>Chanaan</strong></span> <span class='ocrx_word' id='word_1_218' title='bbox 1394 2859 1564 2899; x_wconf 74' lang='lat' dir='ltr'><strong>servus</strong></span> <span class='ocrx_word' id='word_1_219' title='bbox 1615 2842 1775 2897; x_wconf 81' lang='lat' dir='ltr'><strong>illius.</strong></span> <span class='ocrx_word' id='word_1_220' title='bbox 1807 2841 1965 2896; x_wconf 81' lang='lat' dir='ltr'><strong>Vides</strong></span> <span class='ocrx_word' id='word_1_221' title='bbox 1988 2854 2126 2921; x_wconf 88' lang='lat' dir='ltr'><strong>quo-</strong></span> 
     </span>
    </p>
   </div>
   <div class='ocr_carea' id='block_1_29' title="bbox 543 2931 2125 3009">
    <p class='ocr_par' dir='ltr' id='par_1_29' title="bbox 543 2931 2125 3009">
     <span class='ocr_line' id='line_1_29' title="bbox 543 2931 2125 3009; baseline -0.006 -15"><span class='ocrx_word' id='word_1_222' title='bbox 543 2938 709 2996; x_wconf 85' lang='lat' dir='ltr'><strong>modo</strong></span> <span class='ocrx_word' id='word_1_223' title='bbox 738 2947 1251 3009; x_wconf 68' lang='lat' dir='ltr'><strong>paternampmnam</strong></span> <span class='ocrx_word' id='word_1_224' title='bbox 1275 2936 1495 3007; x_wconf 84' lang='lat' dir='ltr'><strong>profert,</strong></span> <span class='ocrx_word' id='word_1_225' title='bbox 1524 2949 1641 3005; x_wconf 64' lang='lat' dir='ltr'><strong>qua</strong></span> <span class='ocrx_word' id='word_1_226' title='bbox 1670 2943 1849 2989; x_wconf 85' lang='lat' dir='ltr'><strong>tamen</strong></span> <span class='ocrx_word' id='word_1_227' title='bbox 1874 2931 2125 2988; x_wconf 88' lang='lat' dir='ltr'><strong>emenda-</strong></span> 
     </span>
    </p>
   </div>
   <div class='ocr_carea' id='block_1_30' title="bbox 546 3024 2127 3100">
    <p class='ocr_par' dir='ltr' id='par_1_30' title="bbox 546 3024 2127 3100">
     <span class='ocr_line' id='line_1_30' title="bbox 546 3024 2127 3100; baseline -0.005 -14"><span class='ocrx_word' id='word_1_228' title='bbox 546 3031 647 3086; x_wconf 81' lang='lat' dir='ltr'><strong>tio~</strong></span> <span class='ocrx_word' id='word_1_229' title='bbox 669 3030 845 3100; x_wconf 81' lang='lat' dir='ltr'><strong>potius</strong></span> <span class='ocrx_word' id='word_1_230' title='bbox 881 3036 1024 3095; x_wconf 88' lang='lat' dir='ltr'><strong>erat,</strong></span> <span class='ocrx_word' id='word_1_231' title='bbox 1066 3041 1227 3098; x_wconf 88' lang='lat' dir='ltr'><strong>quam</strong></span> <span class='ocrx_word' id='word_1_232' title='bbox 1284 3027 1483 3097; x_wconf 68' lang='lat' dir='ltr'><strong>pana?</strong></span> <span class='ocrx_word' id='word_1_233' title='bbox 1519 3025 1676 3081; x_wconf 72' lang='lat' dir='ltr'><strong>Dater</strong></span> <span class='ocrx_word' id='word_1_234' title='bbox 1713 3024 1855 3080; x_wconf 88' lang='lat' dir='ltr'><strong>enim</strong></span> <span class='ocrx_word' id='word_1_235' title='bbox 1898 3032 2035 3089; x_wconf 85' lang='lat' dir='ltr'><strong>erat,</strong></span> <span class='ocrx_word' id='word_1_236' title='bbox 2070 3031 2127 3079; x_wconf 87' lang='lat' dir='ltr'><strong>et</strong></span> 
     </span>
    </p>
   </div>
   <div class='ocr_carea' id='block_1_31' title="bbox 544 3114 2129 3188">
    <p class='ocr_par' dir='ltr' id='par_1_31' title="bbox 544 3114 2129 3188">
     <span class='ocr_line' id='line_1_31' title="bbox 544 3114 2129 3188; baseline -0.004 -13"><span class='ocrx_word' id='word_1_237' title='bbox 544 3119 945 3175; x_wconf 86' lang='lat' dir='ltr'><strong>amantissimus</strong></span> <span class='ocrx_word' id='word_1_238' title='bbox 994 3127 1167 3188; x_wconf 86' lang='lat' dir='ltr'><strong>pater,</strong></span> <span class='ocrx_word' id='word_1_239' title='bbox 1219 3131 1390 3187; x_wconf 88' lang='lat' dir='ltr'><strong>neque</strong></span> <span class='ocrx_word' id='word_1_240' title='bbox 1428 3114 1628 3186; x_wconf 80' lang='lat' dir='ltr'><strong>justam</strong></span> <span class='ocrx_word' id='word_1_241' title='bbox 1676 3128 1889 3185; x_wconf 76' lang='lat' dir='ltr'><strong>peenam</strong></span> <span class='ocrx_word' id='word_1_242' title='bbox 1916 3114 2129 3169; x_wconf 82' lang='lat' dir='ltr'><strong>volebat</strong></span> 
     </span>
    </p>
   </div>
   <div class='ocr_carea' id='block_1_32' title="bbox 546 3204 2125 3276">
    <p class='ocr_par' dir='ltr' id='par_1_32' title="bbox 546 3204 2125 3276">
     <span class='ocr_line' id='line_1_32' title="bbox 546 3204 2125 3276; baseline -0.007 -7"><span class='ocrx_word' id='word_1_243' title='bbox 546 3211 821 3276; x_wconf 86' lang='lat' dir='ltr'><strong>inducere,</strong></span> <span class='ocrx_word' id='word_1_244' title='bbox 848 3211 943 3265; x_wconf 88' lang='lat' dir='ltr'><strong>sed</strong></span> <span class='ocrx_word' id='word_1_245' title='bbox 968 3210 1042 3265; x_wconf 86' lang='lat' dir='ltr'><strong>ita</strong></span> <span class='ocrx_word' id='word_1_246' title='bbox 1087 3218 1144 3264; x_wconf 90' lang='lat' dir='ltr'><strong>ut</strong></span> <span class='ocrx_word' id='word_1_247' title='bbox 1169 3208 1476 3264; x_wconf 84' lang='lat' dir='ltr'><strong>ulteriorem</strong></span> <span class='ocrx_word' id='word_1_248' title='bbox 1502 3206 1763 3262; x_wconf 78' lang='lat' dir='ltr'><strong>malitiam</strong></span> <span class='ocrx_word' id='word_1_249' title='bbox 1790 3204 2125 3275; x_wconf 70' lang='lat' dir='ltr'><strong>reprimeret.</strong></span> 
     </span>
    </p>
   </div>
   <div class='ocr_carea' id='block_1_33' title="bbox 546 3295 2128 3367">
    <p class='ocr_par' dir='ltr' id='par_1_33' title="bbox 546 3295 2128 3367">
     <span class='ocr_line' id='line_1_33' title="bbox 546 3295 2128 3367; baseline -0.005 -10"><span class='ocrx_word' id='word_1_250' title='bbox 546 3301 694 3367; x_wconf 79' lang='lat' dir='ltr'><strong>ideo,</strong></span> <span class='ocrx_word' id='word_1_251' title='bbox 721 3301 817 3367; x_wconf 87' lang='lat' dir='ltr'><strong>ait,</strong></span> <span class='ocrx_word' id='word_1_252' title='bbox 847 3299 921 3354; x_wconf 86' lang='lat' dir='ltr'><strong>ad</strong></span> <span class='ocrx_word' id='word_1_253' title='bbox 966 3297 1274 3354; x_wconf 78' lang='lat' dir='ltr'><strong>servitutem</strong></span> <span class='ocrx_word' id='word_1_254' title='bbox 1302 3305 1356 3352; x_wconf 91' lang='lat' dir='ltr'><strong>te</strong></span> <span class='ocrx_word' id='word_1_255' title='bbox 1396 3295 1718 3362; x_wconf 89' lang='lat' dir='ltr'><strong>condemno,</strong></span> <span class='ocrx_word' id='word_1_256' title='bbox 1761 3303 1821 3349; x_wconf 84' lang='lat' dir='ltr'><strong>ut</strong></span> <span class='ocrx_word' id='word_1_257' title='bbox 1859 3295 2043 3365; x_wconf 81' lang='lat' dir='ltr'><strong>jugem</strong></span> <span class='ocrx_word' id='word_1_258' title='bbox 2072 3302 2128 3350; x_wconf 88' lang='lat' dir='ltr'><strong>et</strong></span> 
     </span>
    </p>
   </div>
   <div class='ocr_carea' id='block_1_34' title="bbox 544 3383 2123 3448">
    <p class='ocr_par' dir='ltr' id='par_1_34' title="bbox 544 3383 2123 3448">
     <span class='ocr_line' id='line_1_34' title="bbox 544 3383 2123 3448; baseline -0.006 0"><span class='ocrx_word' id='word_1_259' title='bbox 544 3391 887 3448; x_wconf 87' lang='lat' dir='ltr'><strong>indelebilem</strong></span> <span class='ocrx_word' id='word_1_260' title='bbox 924 3389 1124 3447; x_wconf 81' lang='lat' dir='ltr'><strong>habeas</strong></span> <span class='ocrx_word' id='word_1_261' title='bbox 1169 3389 1291 3444; x_wconf 87' lang='lat' dir='ltr'><strong>facti</strong></span> <span class='ocrx_word' id='word_1_262' title='bbox 1330 3387 1663 3443; x_wconf 84' lang='lat' dir='ltr'><strong>memoriam.</strong></span> <span class='ocrx_word' id='word_1_263' title='bbox 1711 3385 1907 3441; x_wconf 85' lang='lat' dir='ltr'><strong>Postea</strong></span> <span class='ocrx_word' id='word_1_264' title='bbox 1935 3383 2065 3439; x_wconf 83' lang='lat' dir='ltr'><strong>dicit</strong></span> <span class='ocrx_word' id='word_1_265' title='bbox 2105 3399 2123 3439; x_wconf 85' lang='lat'><strong>:</strong></span> 
     </span>
    </p>
   </div>
   <div class='ocr_carea' id='block_1_35' title="bbox 542 3474 2126 3547">
    <p class='ocr_par' dir='ltr' id='par_1_35' title="bbox 542 3474 2126 3547">
     <span class='ocr_line' id='line_1_35' title="bbox 542 3474 2126 3547; baseline -0.007 -9"><span class='ocrx_word' id='word_1_266' title='bbox 542 3482 638 3539; x_wconf 70' lang='grc'><strong>27.</strong></span> <span class='ocrx_word' id='word_1_267' title='bbox 684 3478 873 3535; x_wconf 71' lang='lat' dir='ltr'><strong>Dilata</strong></span> <span class='ocrx_word' id='word_1_268' title='bbox 898 3478 1035 3534; x_wconf 78' lang='lat' dir='ltr'><strong>Deus</strong></span> <span class='ocrx_word' id='word_1_269' title='bbox 1058 3476 1305 3547; x_wconf 79' lang='lat' dir='ltr'><strong>Japlteth,</strong></span> <span class='ocrx_word' id='word_1_270' title='bbox 1354 3486 1402 3531; x_wconf 88' lang='lat' dir='ltr'><strong>et</strong></span> <span class='ocrx_word' id='word_1_271' title='bbox 1447 3477 1630 3531; x_wconf 78' lang='lat' dir='ltr'><strong>habitet</strong></span> <span class='ocrx_word' id='word_1_272' title='bbox 1689 3476 1742 3529; x_wconf 82' lang='lat' dir='ltr'><strong>in</strong></span> <span class='ocrx_word' id='word_1_273' title='bbox 1788 3474 2126 3529; x_wconf 76' lang='lat' dir='ltr'><strong>tabernaculis</strong></span> 
     </span>
    </p>
   </div>
   <div class='ocr_carea' id='block_1_36' title="bbox 545 3566 2128 3640">
    <p class='ocr_par' dir='ltr' id='par_1_36' title="bbox 545 3566 2128 3640">
     <span class='ocr_line' id='line_1_36' title="bbox 545 3566 2128 3640; baseline -0.005 -14"><span class='ocrx_word' id='word_1_274' title='bbox 545 3570 689 3637; x_wconf 76' lang='lat' dir='ltr'><strong>Sest,</strong></span> <span class='ocrx_word' id='word_1_275' title='bbox 719 3579 767 3625; x_wconf 87' lang='lat' dir='ltr'><strong>et</strong></span> <span class='ocrx_word' id='word_1_276' title='bbox 790 3569 881 3640; x_wconf 73' lang='lat' dir='ltr'><strong>ﬁat</strong></span> <span class='ocrx_word' id='word_1_277' title='bbox 901 3567 1144 3626; x_wconf 76' lang='lat' dir='ltr'><strong>Chanaan</strong></span> <span class='ocrx_word' id='word_1_278' title='bbox 1166 3584 1337 3623; x_wconf 77' lang='lat' dir='ltr'><strong>servus</strong></span> <span class='ocrx_word' id='word_1_279' title='bbox 1360 3568 1517 3622; x_wconf 82' lang='lat' dir='ltr'><strong>illius.</strong></span> <span class='ocrx_word' id='word_1_280' title='bbox 1559 3567 1756 3622; x_wconf 90' lang='lat' dir='ltr'><strong>lterum</strong></span> <span class='ocrx_word' id='word_1_281' title='bbox 1778 3566 1891 3620; x_wconf 72' lang='lat' dir='ltr'><strong>hmo</strong></span> <span class='ocrx_word' id='word_1_282' title='bbox 1917 3578 2128 3635; x_wconf 87' lang='lat' dir='ltr'><strong>quoque</strong></span> 
     </span>
    </p>
   </div>
   <div class='ocr_carea' id='block_1_37' title="bbox 545 3655 2127 3726">
    <p class='ocr_par' dir='ltr' id='par_1_37' title="bbox 545 3655 2127 3726">
     <span class='ocr_line' id='line_1_37' title="bbox 545 3655 2127 3726; baseline -0.004 -10"><span class='ocrx_word' id='word_1_283' title='bbox 545 3660 779 3716; x_wconf 79' lang='lat' dir='ltr'><strong>maxima</strong></span> <span class='ocrx_word' id='word_1_284' title='bbox 808 3659 1107 3715; x_wconf 88' lang='lat' dir='ltr'><strong>benedictio</strong></span> <span class='ocrx_word' id='word_1_285' title='bbox 1146 3669 1252 3723; x_wconf 89' lang='lat' dir='ltr'><strong>est,</strong></span> <span class='ocrx_word' id='word_1_286' title='bbox 1279 3658 1413 3713; x_wconf 89' lang='lat' dir='ltr'><strong>forte</strong></span> <span class='ocrx_word' id='word_1_287' title='bbox 1456 3658 1711 3713; x_wconf 88' lang='lat' dir='ltr'><strong>latentem</strong></span> <span class='ocrx_word' id='word_1_288' title='bbox 1750 3656 1981 3726; x_wconf 87' lang='lat' dir='ltr'><strong>aliquem</strong></span> <span class='ocrx_word' id='word_1_289' title='bbox 2028 3655 2127 3710; x_wconf 83' lang='lat' dir='ltr'><strong>ha-</strong></span> 
     </span>
    </p>
   </div>
   <div class='ocr_carea' id='block_1_38' title="bbox 546 3744 2126 3817">
    <p class='ocr_par' dir='ltr' id='par_1_38' title="bbox 546 3744 2126 3817">
     <span class='ocr_line' id='line_1_38' title="bbox 546 3744 2126 3817; baseline -0.004 -10"><span class='ocrx_word' id='word_1_290' title='bbox 546 3751 683 3806; x_wconf 85' lang='lat' dir='ltr'><strong>bens</strong></span> <span class='ocrx_word' id='word_1_291' title='bbox 731 3748 1057 3805; x_wconf 84' lang='lat' dir='ltr'><strong>thesaurum.</strong></span> <span class='ocrx_word' id='word_1_292' title='bbox 1092 3747 1300 3813; x_wconf 84' lang='lat' dir='ltr'><strong>Ditatet,</strong></span> <span class='ocrx_word' id='word_1_293' title='bbox 1341 3749 1527 3817; x_wconf 87' lang='lat' dir='ltr'><strong>inquit,</strong></span> <span class='ocrx_word' id='word_1_294' title='bbox 1560 3747 1692 3801; x_wconf 77' lang='lat' dir='ltr'><strong>Deus</strong></span> <span class='ocrx_word' id='word_1_295' title='bbox 1734 3745 1979 3816; x_wconf 72' lang='lat' dir='ltr'><strong>Japlaetlt.</strong></span> <span class='ocrx_word' id='word_1_296' title='bbox 2010 3744 2126 3801; x_wconf 78' lang='lat' dir='ltr'><strong>Non</strong></span> 
     </span>
    </p>
   </div>
   <div class='ocr_carea' id='block_1_39' title="bbox 546 3832 2129 3910">
    <p class='ocr_par' dir='ltr' id='par_1_39' title="bbox 546 3832 2129 3910">
     <span class='ocr_line' id='line_1_39' title="bbox 546 3832 2129 3910; baseline -0.004 -12"><span class='ocrx_word' id='word_1_297' title='bbox 546 3841 822 3898; x_wconf 85' lang='lat' dir='ltr'><strong>aberrabit</strong></span> <span class='ocrx_word' id='word_1_298' title='bbox 845 3841 988 3910; x_wconf 89' lang='lat' dir='ltr'><strong>quis,</strong></span> <span class='ocrx_word' id='word_1_299' title='bbox 1014 3839 1059 3896; x_wconf 82' lang='lat' dir='ltr'><strong>si</strong></span> <span class='ocrx_word' id='word_1_300' title='bbox 1090 3840 1282 3894; x_wconf 79' lang='lat' dir='ltr'><strong>dixerit</strong></span> <span class='ocrx_word' id='word_1_301' title='bbox 1317 3838 1712 3894; x_wconf 88' lang='lat' dir='ltr'><strong>benedictiones</strong></span> <span class='ocrx_word' id='word_1_302' title='bbox 1738 3836 1865 3907; x_wconf 86' lang='lat' dir='ltr'><strong>justi</strong></span> <span class='ocrx_word' id='word_1_303' title='bbox 1895 3832 2129 3908; x_wconf 83' lang='lat' dir='ltr'><strong>prophe-</strong></span> 
     </span>
    </p>
   </div>
   <div class='ocr_carea' id='block_1_40' title="bbox 545 3927 2129 3999">
    <p class='ocr_par' dir='ltr' id='par_1_40' title="bbox 545 3927 2129 3999">
     <span class='ocr_line' id='line_1_40' title="bbox 545 3927 2129 3999; baseline -0.002 -13"><span class='ocrx_word' id='word_1_304' title='bbox 545 3933 657 3986; x_wconf 86' lang='lat' dir='ltr'><strong>tias</strong></span> <span class='ocrx_word' id='word_1_305' title='bbox 682 3944 824 3986; x_wconf 87' lang='lat' dir='ltr'><strong>esse.</strong></span> <span class='ocrx_word' id='word_1_306' title='bbox 854 3929 985 3985; x_wconf 80' lang='lat' dir='ltr'><strong>Nam</strong></span> <span class='ocrx_word' id='word_1_307' title='bbox 1015 3929 1060 3985; x_wconf 82' lang='lat' dir='ltr'><strong>si</strong></span> <span class='ocrx_word' id='word_1_308' title='bbox 1091 3937 1242 3999; x_wconf 88' lang='lat' dir='ltr'><strong>pater</strong></span> <span class='ocrx_word' id='word_1_309' title='bbox 1269 3927 1383 3984; x_wconf 82' lang='lat' dir='ltr'><strong>Noe</strong></span> <span class='ocrx_word' id='word_1_310' title='bbox 1427 3940 1533 3983; x_wconf 92' lang='lat' dir='ltr'><strong>non</strong></span> <span class='ocrx_word' id='word_1_311' title='bbox 1568 3927 1914 3997; x_wconf 75' lang='lat' dir='ltr'><strong>simpliciter,</strong></span> <span class='ocrx_word' id='word_1_312' title='bbox 1954 3941 2129 3997; x_wconf 87' lang='lat' dir='ltr'><strong>neque</strong></span> 
     </span>
    </p>
   </div>
   <div class='ocr_carea' id='block_1_41' title="bbox 550 4015 2129 4083">
    <p class='ocr_par' dir='ltr' id='par_1_41' title="bbox 550 4015 2129 4083">
     <span class='ocr_line' id='line_1_41' title="bbox 550 4015 2129 4083; baseline -0.003 -8"><span class='ocrx_word' id='word_1_313' title='bbox 550 4022 746 4076; x_wconf 76' lang='lat' dir='ltr'><strong>frustra</strong></span> <span class='ocrx_word' id='word_1_314' title='bbox 773 4018 1298 4075; x_wconf 79' lang='lat' dir='ltr'><strong>vocabulumindidit</strong></span> <span class='ocrx_word' id='word_1_315' title='bbox 1322 4016 1457 4083; x_wconf 78' lang='lat' dir='ltr'><strong>Noe,</strong></span> <span class='ocrx_word' id='word_1_316' title='bbox 1485 4016 1581 4072; x_wconf 90' lang='lat' dir='ltr'><strong>sed</strong></span> <span class='ocrx_word' id='word_1_317' title='bbox 1603 4015 1917 4071; x_wconf 73' lang='lat' dir='ltr'><strong>vaticinatus</strong></span> <span class='ocrx_word' id='word_1_318' title='bbox 1936 4023 2018 4069; x_wconf 89' lang='lat' dir='ltr'><strong>est</strong></span> <span class='ocrx_word' id='word_1_319' title='bbox 2034 4029 2129 4083; x_wconf 90' lang='lat' dir='ltr'><strong>per</strong></span> 
     </span>
    </p>
   </div>
   <div class='ocr_carea' id='block_1_42' title="bbox 548 4105 2131 4177">
    <p class='ocr_par' dir='ltr' id='par_1_42' title="bbox 548 4105 2131 4177">
     <span class='ocr_line' id='line_1_42' title="bbox 548 4105 2131 4177; baseline -0.005 -8"><span class='ocrx_word' id='word_1_320' title='bbox 548 4130 747 4170; x_wconf 82' lang='lat' dir='ltr'><strong>nomen</strong></span> <span class='ocrx_word' id='word_1_321' title='bbox 774 4113 1003 4167; x_wconf 89' lang='lat' dir='ltr'><strong>futurum</strong></span> <span class='ocrx_word' id='word_1_322' title='bbox 1030 4110 1305 4166; x_wconf 84' lang='lat' dir='ltr'><strong>diliuvium</strong></span> <span class='ocrx_word' id='word_1_323' title='bbox 1342 4127 1358 4165; x_wconf 93' lang='lat'><strong>:</strong></span> <span class='ocrx_word' id='word_1_324' title='bbox 1407 4109 1575 4164; x_wconf 84' lang='lat' dir='ltr'><strong>multo</strong></span> <span class='ocrx_word' id='word_1_325' title='bbox 1622 4108 1790 4177; x_wconf 86' lang='lat' dir='ltr'><strong>magis</strong></span> <span class='ocrx_word' id='word_1_326' title='bbox 1813 4107 1992 4176; x_wconf 89' lang='lat' dir='ltr'><strong>justus</strong></span> <span class='ocrx_word' id='word_1_327' title='bbox 2039 4105 2131 4161; x_wconf 90' lang='lat' dir='ltr'><strong>ille</strong></span> 
     </span>
    </p>
   </div>
   <div class='ocr_carea' id='block_1_43' title="bbox 548 4197 2129 4273">
    <p class='ocr_par' dir='ltr' id='par_1_43' title="bbox 548 4197 2129 4273">
     <span class='ocr_line' id='line_1_43' title="bbox 548 4197 2129 4273; baseline -0.007 -12"><span class='ocrx_word' id='word_1_328' title='bbox 548 4221 658 4261; x_wconf 87' lang='lat' dir='ltr'><strong>non</strong></span> <span class='ocrx_word' id='word_1_329' title='bbox 680 4204 1011 4273; x_wconf 81' lang='lat' dir='ltr'><strong>simpliciter,</strong></span> <span class='ocrx_word' id='word_1_330' title='bbox 1049 4216 1221 4272; x_wconf 89' lang='lat' dir='ltr'><strong>neque</strong></span> <span class='ocrx_word' id='word_1_331' title='bbox 1245 4202 1439 4256; x_wconf 91' lang='lat' dir='ltr'><strong>frustra</strong></span> <span class='ocrx_word' id='word_1_332' title='bbox 1463 4198 1860 4255; x_wconf 79' lang='lat' dir='ltr'><strong>benedictiones</strong></span> <span class='ocrx_word' id='word_1_333' title='bbox 1888 4197 2129 4267; x_wconf 90' lang='lat' dir='ltr'><strong>protulit.</strong></span> 
     </span>
    </p>
   </div>
   <div class='ocr_carea' id='block_1_44' title="bbox 551 4289 2133 4367">
    <p class='ocr_par' dir='ltr' id='par_1_44' title="bbox 551 4289 2133 4367">
     <span class='ocr_line' id='line_1_44' title="bbox 551 4289 2133 4367; baseline -0.008 -13"><span class='ocrx_word' id='word_1_334' title='bbox 551 4298 749 4367; x_wconf 85' lang='lat' dir='ltr'><strong>Opinor</strong></span> <span class='ocrx_word' id='word_1_335' title='bbox 768 4296 910 4351; x_wconf 90' lang='lat' dir='ltr'><strong>enim</strong></span> <span class='ocrx_word' id='word_1_336' title='bbox 941 4310 1062 4350; x_wconf 89' lang='lat' dir='ltr'><strong>eum</strong></span> <span class='ocrx_word' id='word_1_337' title='bbox 1093 4294 1339 4349; x_wconf 84' lang='lat' dir='ltr'><strong>hostluos</strong></span> <span class='ocrx_word' id='word_1_338' title='bbox 1369 4292 1748 4356; x_wconf 83' lang='lat' dir='ltr'><strong>benedicendo,</strong></span> <span class='ocrx_word' id='word_1_339' title='bbox 1780 4289 2005 4345; x_wconf 89' lang='lat' dir='ltr'><strong>duorum</strong></span> <span class='ocrx_word' id='word_1_340' title='bbox 2032 4304 2133 4359; x_wconf 88' lang='lat' dir='ltr'><strong>po-</strong></span> 
     </span>
    </p>
   </div>
   <div class='ocr_carea' id='block_1_45' title="bbox 561 4380 2129 4461">
    <p class='ocr_par' dir='ltr' id='par_1_45' title="bbox 561 4380 2129 4461">
     <span class='ocr_line' id='line_1_45' title="bbox 561 4380 2129 4461; baseline -0.006 -17"><span class='ocrx_word' id='word_1_341' title='bbox 561 4390 810 4461; x_wconf 88' lang='lat' dir='ltr'><strong>pulorum</strong></span> <span class='ocrx_word' id='word_1_342' title='bbox 841 4388 1169 4444; x_wconf 87' lang='lat' dir='ltr'><strong>vocationem</strong></span> <span class='ocrx_word' id='word_1_343' title='bbox 1202 4386 1496 4456; x_wconf 84' lang='lat' dir='ltr'><strong>significare</strong></span> <span class='ocrx_word' id='word_1_344' title='bbox 1518 4385 1748 4439; x_wconf 81' lang='lat' dir='ltr'><strong>voluisse</strong></span> <span class='ocrx_word' id='word_1_345' title='bbox 1776 4400 1791 4438; x_wconf 89' lang='lat'><strong>:</strong></span> <span class='ocrx_word' id='word_1_346' title='bbox 1817 4391 1871 4437; x_wconf 93' lang='lat' dir='ltr'><strong>et</strong></span> <span class='ocrx_word' id='word_1_347' title='bbox 1891 4397 1987 4452; x_wconf 89' lang='lat' dir='ltr'><strong>per</strong></span> <span class='ocrx_word' id='word_1_348' title='bbox 2008 4380 2129 4436; x_wconf 91' lang='lat' dir='ltr'><strong>Sem</strong></span> 
     </span>
    </p>
   </div>
   <div class='ocr_carea' id='block_1_46' title="bbox 552 4470 2128 4549">
    <p class='ocr_par' dir='ltr' id='par_1_46' title="bbox 552 4470 2128 4549">
     <span class='ocr_line' id='line_1_46' title="bbox 552 4470 2128 4549; baseline -0.008 -15"><span class='ocrx_word' id='word_1_349' title='bbox 552 4478 767 4549; x_wconf 83' lang='lat' dir='ltr'><strong>quidem</strong></span> <span class='ocrx_word' id='word_1_350' title='bbox 795 4477 1041 4534; x_wconf 64' lang='lat' dir='ltr'><strong>indutos:</strong></span> <span class='ocrx_word' id='word_1_351' title='bbox 1070 4492 1134 4531; x_wconf 80' lang='lat' dir='ltr'><strong>ex</strong></span> <span class='ocrx_word' id='word_1_352' title='bbox 1158 4477 1246 4529; x_wconf 90' lang='lat' dir='ltr'><strong>illo</strong></span> <span class='ocrx_word' id='word_1_353' title='bbox 1274 4478 1414 4529; x_wconf 88' lang='lat' dir='ltr'><strong>enim</strong></span> <span class='ocrx_word' id='word_1_354' title='bbox 1438 4487 1491 4528; x_wconf 89' lang='lat' dir='ltr'><strong>et</strong></span> <span class='ocrx_word' id='word_1_355' title='bbox 1514 4473 1803 4536; x_wconf 84' lang='lat' dir='ltr'><strong>Abraham,</strong></span> <span class='ocrx_word' id='word_1_356' title='bbox 1828 4482 1884 4527; x_wconf 89' lang='lat' dir='ltr'><strong>et</strong></span> <span class='ocrx_word' id='word_1_357' title='bbox 1914 4470 2128 4526; x_wconf 64' lang='lat' dir='ltr'><strong>iudico-</strong></span> 
     </span>
    </p>
   </div>
   <div class='ocr_carea' id='block_1_47' title="bbox 555 4563 2128 4639">
    <p class='ocr_par' dir='ltr' id='par_1_47' title="bbox 555 4563 2128 4639">
     <span class='ocr_line' id='line_1_47' title="bbox 555 4563 2128 4639; baseline -0.008 -15"><span class='ocrx_word' id='word_1_358' title='bbox 555 4586 672 4625; x_wconf 93' lang='lat' dir='ltr'><strong>rum</strong></span> <span class='ocrx_word' id='word_1_359' title='bbox 717 4583 890 4639; x_wconf 82' lang='lat' dir='ltr'><strong>genus</strong></span> <span class='ocrx_word' id='word_1_360' title='bbox 920 4566 1323 4635; x_wconf 88' lang='lat' dir='ltr'><strong>multiplicatum</strong></span> <span class='ocrx_word' id='word_1_361' title='bbox 1364 4574 1606 4634; x_wconf 88' lang='lat' dir='ltr'><strong>est:pcr</strong></span> <span class='ocrx_word' id='word_1_362' title='bbox 1649 4563 1878 4633; x_wconf 82' lang='lat' dir='ltr'><strong>Japheth</strong></span> <span class='ocrx_word' id='word_1_363' title='bbox 1925 4571 2128 4626; x_wconf 88' lang='lat' dir='ltr'><strong>autem,</strong></span> 
     </span>
    </p>
   </div>
   <div class='ocr_carea' id='block_1_48' title="bbox 555 4651 2131 4734">
    <p class='ocr_par' dir='ltr' id='par_1_48' title="bbox 555 4651 2131 4734">
     <span class='ocr_line' id='line_1_48' title="bbox 555 4651 2131 4734; baseline -0.009 -15"><span class='ocrx_word' id='word_1_364' title='bbox 555 4664 790 4734; x_wconf 85' lang='lat' dir='ltr'><strong>gentium</strong></span> <span class='ocrx_word' id='word_1_365' title='bbox 817 4661 1170 4715; x_wconf 87' lang='lat' dir='ltr'><strong>vocationem.</strong></span> <span class='ocrx_word' id='word_1_366' title='bbox 1200 4658 1331 4712; x_wconf 82' lang='lat' dir='ltr'><strong>Vide</strong></span> <span class='ocrx_word' id='word_1_367' title='bbox 1358 4666 1532 4711; x_wconf 90' lang='lat' dir='ltr'><strong>autem</strong></span> <span class='ocrx_word' id='word_1_368' title='bbox 1563 4654 1987 4711; x_wconf 84' lang='lat' dir='ltr'><strong>benedictionem</strong></span> <span class='ocrx_word' id='word_1_369' title='bbox 2017 4651 2131 4705; x_wconf 76' lang='lat' dir='ltr'><strong>hanc</strong></span> 
     </span>
    </p>
   </div>
   <div class='ocr_carea' id='block_1_49' title="bbox 559 4743 2134 4823">
    <p class='ocr_par' dir='ltr' id='par_1_49' title="bbox 559 4743 2134 4823">
     <span class='ocr_line' id='line_1_49' title="bbox 559 4743 2134 4823; baseline -0.006 -16"><span class='ocrx_word' id='word_1_370' title='bbox 559 4751 915 4823; x_wconf 74' lang='lat' dir='ltr'><strong>prmnuntiare</strong></span> <span class='ocrx_word' id='word_1_371' title='bbox 950 4768 963 4805; x_wconf 91' lang='lat'><strong>:</strong></span> <span class='ocrx_word' id='word_1_372' title='bbox 999 4749 1185 4804; x_wconf 83' lang='lat' dir='ltr'><strong>Ditutet</strong></span> <span class='ocrx_word' id='word_1_373' title='bbox 1226 4751 1389 4811; x_wconf 90' lang='lat' dir='ltr'><strong>enim,</strong></span> <span class='ocrx_word' id='word_1_374' title='bbox 1432 4748 1617 4816; x_wconf 88' lang='lat' dir='ltr'><strong>inquit,</strong></span> <span class='ocrx_word' id='word_1_375' title='bbox 1649 4743 2051 4811; x_wconf 72' lang='lat' dir='ltr'><strong>DeusJap/zetlt,</strong></span> <span class='ocrx_word' id='word_1_376' title='bbox 2087 4753 2134 4797; x_wconf 88' lang='lat' dir='ltr'><strong>et</strong></span> 
     </span>
    </p>
   </div>
   <div class='ocr_carea' id='block_1_50' title="bbox 560 4836 2183 4906">
    <p class='ocr_par' dir='ltr' id='par_1_50' title="bbox 560 4836 2183 4906">
     <span class='ocr_line' id='line_1_50' title="bbox 560 4836 2183 4906; baseline -0.004 -12"><span class='ocrx_word' id='word_1_377' title='bbox 560 4844 746 4897; x_wconf 78' lang='lat' dir='ltr'><strong>habitet</strong></span> <span class='ocrx_word' id='word_1_378' title='bbox 790 4844 843 4896; x_wconf 85' lang='lat' dir='ltr'><strong>in</strong></span> <span class='ocrx_word' id='word_1_379' title='bbox 884 4842 1217 4895; x_wconf 81' lang='lat' dir='ltr'><strong>tabernaculis</strong></span> <span class='ocrx_word' id='word_1_380' title='bbox 1267 4840 1408 4896; x_wconf 78' lang='lat' dir='ltr'><strong>Sent.</strong></span> <span class='ocrx_word' id='word_1_381' title='bbox 1450 4839 1561 4893; x_wconf 90' lang='lat' dir='ltr'><strong>lloc</strong></span> <span class='ocrx_word' id='word_1_382' title='bbox 1606 4838 1657 4891; x_wconf 93' lang='lat' dir='ltr'><strong>in</strong></span> <span class='ocrx_word' id='word_1_383' title='bbox 1683 4836 1932 4906; x_wconf 75' lang='lat' dir='ltr'><strong>gentibus</strong></span> <span class='ocrx_word' id='word_1_384' title='bbox 1965 4836 2133 4890; x_wconf 88' lang='lat' dir='ltr'><strong>adim-</strong></span> <span class='ocrx_word' id='word_1_385' title='bbox 2176 4844 2183 4851; x_wconf 85' lang='lat'><strong><em>&#39;</em></strong></span> 
     </span>
    </p>
   </div>
   <div class='ocr_carea' id='block_1_51' title="bbox 563 4926 2134 5001">
    <p class='ocr_par' dir='ltr' id='par_1_51' title="bbox 563 4926 2134 5001">
     <span class='ocr_line' id='line_1_51' title="bbox 563 4926 2134 5001; baseline -0.005 -14"><span class='ocrx_word' id='word_1_386' title='bbox 563 4935 760 5001; x_wconf 83' lang='lat' dir='ltr'><strong>pictum</strong></span> <span class='ocrx_word' id='word_1_387' title='bbox 806 4933 1066 4986; x_wconf 88' lang='lat' dir='ltr'><strong>videmus.</strong></span> <span class='ocrx_word' id='word_1_388' title='bbox 1109 4930 1245 4985; x_wconf 83' lang='lat' dir='ltr'><strong>Cum</strong></span> <span class='ocrx_word' id='word_1_389' title='bbox 1295 4931 1423 4983; x_wconf 82' lang='lat' dir='ltr'><strong>dicit</strong></span> <span class='ocrx_word' id='word_1_390' title='bbox 1469 4930 1631 4991; x_wconf 89' lang='lat' dir='ltr'><strong>enim,</strong></span> <span class='ocrx_word' id='word_1_391' title='bbox 1670 4926 1898 4991; x_wconf 85' lang='lat' dir='ltr'><strong>Dilatet,</strong></span> <span class='ocrx_word' id='word_1_392' title='bbox 1945 4940 2134 4982; x_wconf 88' lang='lat' dir='ltr'><strong>omnes</strong></span> 
     </span>
    </p>
   </div>
   <div class='ocr_carea' id='block_1_52' title="bbox 563 5016 2133 5093">
    <p class='ocr_par' dir='ltr' id='par_1_52' title="bbox 563 5016 2133 5093">
     <span class='ocr_line' id='line_1_52' title="bbox 563 5016 2133 5093; baseline -0.006 -15"><span class='ocrx_word' id='word_1_393' title='bbox 563 5033 748 5093; x_wconf 83' lang='lat' dir='ltr'><strong>gentes</strong></span> <span class='ocrx_word' id='word_1_394' title='bbox 771 5021 1146 5084; x_wconf 87' lang='lat' dir='ltr'><strong>subindicavit;</strong></span> <span class='ocrx_word' id='word_1_395' title='bbox 1169 5020 1262 5074; x_wconf 87' lang='lat' dir='ltr'><strong>sed</strong></span> <span class='ocrx_word' id='word_1_396' title='bbox 1296 5020 1544 5086; x_wconf 82' lang='lat' dir='ltr'><strong>dicendo,</strong></span> <span class='ocrx_word' id='word_1_397' title='bbox 1581 5017 1785 5072; x_wconf 75' lang='lat' dir='ltr'><strong>Habitat</strong></span> <span class='ocrx_word' id='word_1_398' title='bbox 1812 5019 1863 5070; x_wconf 84' lang='lat' dir='ltr'><strong>in</strong></span> <span class='ocrx_word' id='word_1_399' title='bbox 1893 5016 2133 5070; x_wconf 85' lang='lat' dir='ltr'><strong>taberna-</strong></span> 
     </span>
    </p>
   </div>
   <div class='ocr_carea' id='block_1_53' title="bbox 557 5106 2137 5184">
    <p class='ocr_par' dir='ltr' id='par_1_53' title="bbox 557 5106 2137 5184">
     <span class='ocr_line' id='line_1_53' title="bbox 557 5106 2137 5184; baseline -0.006 -13"><span class='ocrx_word' id='word_1_400' title='bbox 557 5119 691 5173; x_wconf 80' lang='lat' dir='ltr'><strong>culis</strong></span> <span class='ocrx_word' id='word_1_401' title='bbox 708 5114 849 5184; x_wconf 83' lang='lat' dir='ltr'><strong>Sent,</strong></span> <span class='ocrx_word' id='word_1_402' title='bbox 870 5120 1099 5177; x_wconf 65' lang='lat' dir='ltr'><strong>siniﬁcat</strong></span> <span class='ocrx_word' id='word_1_403' title='bbox 1125 5122 1309 5182; x_wconf 84' lang='lat' dir='ltr'><strong>gentes</strong></span> <span class='ocrx_word' id='word_1_404' title='bbox 1338 5110 1437 5164; x_wconf 83' lang='lat' dir='ltr'><strong>frui</strong></span> <span class='ocrx_word' id='word_1_405' title='bbox 1459 5110 1685 5178; x_wconf 78' lang='lat' dir='ltr'><strong>ccepisse</strong></span> <span class='ocrx_word' id='word_1_406' title='bbox 1709 5110 1773 5164; x_wconf 88' lang='lat' dir='ltr'><strong>iis</strong></span> <span class='ocrx_word' id='word_1_407' title='bbox 1799 5124 1915 5179; x_wconf 73' lang='lat' dir='ltr'><strong>qua:</strong></span> <span class='ocrx_word' id='word_1_408' title='bbox 1940 5106 2137 5162; x_wconf 73' lang='lat' dir='ltr'><strong>Jndtuis</strong></span> 
     </span>
    </p>
   </div>
   <div class='ocr_carea' id='block_1_54' title="bbox 562 5200 2133 5273">
    <p class='ocr_par' dir='ltr' id='par_1_54' title="bbox 562 5200 2133 5273">
     <span class='ocr_line' id='line_1_54' title="bbox 562 5200 2133 5273; baseline -0.003 -16"><span class='ocrx_word' id='word_1_409' title='bbox 562 5213 741 5273; x_wconf 83' lang='lat' dir='ltr'><strong>parata</strong></span> <span class='ocrx_word' id='word_1_410' title='bbox 771 5214 823 5257; x_wconf 86' lang='lat' dir='ltr'><strong>et</strong></span> <span class='ocrx_word' id='word_1_411' title='bbox 842 5203 1090 5256; x_wconf 86' lang='lat' dir='ltr'><strong>adornata</strong></span> <span class='ocrx_word' id='word_1_412' title='bbox 1112 5211 1282 5257; x_wconf 85' lang='lat' dir='ltr'><strong>erant.</strong></span> <span class='ocrx_word' id='word_1_413' title='bbox 1312 5202 1375 5255; x_wconf 84' lang='lat' dir='ltr'><strong>Et</strong></span> <span class='ocrx_word' id='word_1_414' title='bbox 1413 5203 1505 5255; x_wconf 85' lang='lat' dir='ltr'><strong>erit</strong></span> <span class='ocrx_word' id='word_1_415' title='bbox 1537 5200 1780 5257; x_wconf 79' lang='lat' dir='ltr'><strong>Chanaan</strong></span> <span class='ocrx_word' id='word_1_416' title='bbox 1808 5216 1975 5254; x_wconf 84' lang='lat' dir='ltr'><strong>servus</strong></span> <span class='ocrx_word' id='word_1_417' title='bbox 2004 5202 2133 5269; x_wconf 78' lang='lat' dir='ltr'><strong>ejus.</strong></span> 
     </span>
    </p>
   </div>
   <div class='ocr_carea' id='block_1_55' title="bbox 630 5290 2138 5360">
    <p class='ocr_par' dir='ltr' id='par_1_55' title="bbox 630 5290 2138 5360">
     <span class='ocr_line' id='line_1_55' title="bbox 630 5290 2138 5360; baseline -0.002 -14"><span class='ocrx_word' id='word_1_418' title='bbox 630 5295 684 5347; x_wconf 86' lang='lat'><strong>8.</strong></span> <span class='ocrx_word' id='word_1_419' title='bbox 733 5291 952 5346; x_wconf 83' lang='lat' dir='ltr'><strong>Vidistis</strong></span> <span class='ocrx_word' id='word_1_420' title='bbox 996 5292 1205 5359; x_wconf 89' lang='lat' dir='ltr'><strong>qualem</strong></span> <span class='ocrx_word' id='word_1_421' title='bbox 1248 5302 1303 5347; x_wconf 88' lang='lat' dir='ltr'><strong>et</strong></span> <span class='ocrx_word' id='word_1_422' title='bbox 1352 5294 1385 5346; x_wconf 92' lang='lat' dir='ltr'><strong>ii</strong></span> <span class='ocrx_word' id='word_1_423' title='bbox 1436 5292 1569 5360; x_wconf 84' lang='lat' dir='ltr'><strong>grati</strong></span> <span class='ocrx_word' id='word_1_424' title='bbox 1616 5290 1776 5344; x_wconf 88' lang='lat' dir='ltr'><strong>animi</strong></span> <span class='ocrx_word' id='word_1_425' title='bbox 1810 5300 2138 5359; x_wconf 83' lang='lat' dir='ltr'><strong>acceperunt</strong></span> 
     </span>
    </p>
   </div>
   <div class='ocr_carea' id='block_1_56' title="bbox 565 5382 2136 5452">
    <p class='ocr_par' dir='ltr' id='par_1_56' title="bbox 565 5382 2136 5452">
     <span class='ocr_line' id='line_1_56' title="bbox 565 5382 2136 5452; baseline -0.004 -10"><span class='ocrx_word' id='word_1_426' title='bbox 565 5384 887 5448; x_wconf 78' lang='lat' dir='ltr'><strong>mercedem,</strong></span> <span class='ocrx_word' id='word_1_427' title='bbox 919 5392 973 5437; x_wconf 89' lang='lat' dir='ltr'><strong>ct</strong></span> <span class='ocrx_word' id='word_1_428' title='bbox 1002 5392 1193 5452; x_wconf 87' lang='lat' dir='ltr'><strong>quanta</strong></span> <span class='ocrx_word' id='word_1_429' title='bbox 1218 5383 1305 5436; x_wconf 90' lang='lat' dir='ltr'><strong>ille</strong></span> <span class='ocrx_word' id='word_1_430' title='bbox 1335 5393 1551 5452; x_wconf 85' lang='lat' dir='ltr'><strong>prepter</strong></span> <span class='ocrx_word' id='word_1_431' title='bbox 1578 5382 1926 5437; x_wconf 88' lang='lat' dir='ltr'><strong>temeritatem</strong></span> <span class='ocrx_word' id='word_1_432' title='bbox 1953 5391 2006 5437; x_wconf 90' lang='lat' dir='ltr'><strong>et</strong></span> <span class='ocrx_word' id='word_1_433' title='bbox 2034 5384 2136 5436; x_wconf 83' lang='lat' dir='ltr'><strong>im-</strong></span> 
     </span>
    </p>
   </div>
   <div class='ocr_carea' id='block_1_57' title="bbox 567 5472 2138 5545">
    <p class='ocr_par' dir='ltr' id='par_1_57' title="bbox 567 5472 2138 5545">
     <span class='ocr_line' id='line_1_57' title="bbox 567 5472 2138 5545; baseline -0.001 -17"><span class='ocrx_word' id='word_1_434' title='bbox 567 5474 899 5545; x_wconf 81' lang='lat' dir='ltr'><strong>prudentiam</strong></span> <span class='ocrx_word' id='word_1_435' title='bbox 948 5472 1234 5542; x_wconf 77' lang='lat' dir='ltr'><strong>ignominia</strong></span> <span class='ocrx_word' id='word_1_436' title='bbox 1258 5473 1478 5528; x_wconf 75' lang='lat' dir='ltr'><strong>allectus</strong></span> <span class='ocrx_word' id='word_1_437' title='bbox 1498 5473 1614 5527; x_wconf 77' lang='lat' dir='ltr'><strong>est?</strong></span> <span class='ocrx_word' id='word_1_438' title='bbox 1645 5472 1761 5527; x_wconf 85' lang='lat' dir='ltr'><strong>Sint</strong></span> <span class='ocrx_word' id='word_1_439' title='bbox 1805 5472 1920 5527; x_wconf 60' lang='lat' dir='ltr'><strong>haec</strong></span> <span class='ocrx_word' id='word_1_440' title='bbox 1949 5488 2138 5542; x_wconf 84' lang='lat' dir='ltr'><strong>perpe-</strong></span> 
     </span>
    </p>
   </div>
   <div class='ocr_carea' id='block_1_58' title="bbox 568 5562 2140 5631">
    <p class='ocr_par' dir='ltr' id='par_1_58' title="bbox 568 5562 2140 5631">
     <span class='ocr_line' id='line_1_58' title="bbox 568 5562 2140 5631; baseline 0.001 -14"><span class='ocrx_word' id='word_1_441' title='bbox 568 5570 667 5617; x_wconf 85' lang='lat' dir='ltr'><strong>tuo</strong></span> <span class='ocrx_word' id='word_1_442' title='bbox 695 5564 746 5615; x_wconf 92' lang='lat' dir='ltr'><strong>in</strong></span> <span class='ocrx_word' id='word_1_443' title='bbox 775 5572 952 5617; x_wconf 88' lang='lat' dir='ltr'><strong>nostra</strong></span> <span class='ocrx_word' id='word_1_444' title='bbox 982 5571 1161 5617; x_wconf 87' lang='lat' dir='ltr'><strong>mente</strong></span> <span class='ocrx_word' id='word_1_445' title='bbox 1185 5563 1401 5631; x_wconf 89' lang='lat' dir='ltr'><strong>scripta,</strong></span> <span class='ocrx_word' id='word_1_446' title='bbox 1441 5573 1499 5617; x_wconf 93' lang='lat' dir='ltr'><strong>ut</strong></span> <span class='ocrx_word' id='word_1_447' title='bbox 1561 5562 1750 5617; x_wconf 90' lang='lat' dir='ltr'><strong>horum</strong></span> <span class='ocrx_word' id='word_1_448' title='bbox 1802 5564 2140 5617; x_wconf 71' lang='lat' dir='ltr'><strong>tumulatures</strong></span> 
     </span>
    </p>
   </div>
   <div class='ocr_carea' id='block_1_59' title="bbox 568 5654 2135 5724">
    <p class='ocr_par' dir='ltr' id='par_1_59' title="bbox 568 5654 2135 5724">
     <span class='ocr_line' id='line_1_59' title="bbox 568 5654 2135 5724; baseline -0.001 -15"><span class='ocrx_word' id='word_1_449' title='bbox 568 5662 623 5709; x_wconf 88' lang='lat' dir='ltr'><strong>et</strong></span> <span class='ocrx_word' id='word_1_450' title='bbox 648 5654 940 5710; x_wconf 88' lang='lat' dir='ltr'><strong>imitatores</strong></span> <span class='ocrx_word' id='word_1_451' title='bbox 966 5654 1075 5709; x_wconf 84' lang='lat' dir='ltr'><strong>ficri</strong></span> <span class='ocrx_word' id='word_1_452' title='bbox 1107 5657 1371 5723; x_wconf 87' lang='lat' dir='ltr'><strong>possimus</strong></span> <span class='ocrx_word' id='word_1_453' title='bbox 1406 5674 1418 5710; x_wconf 90' lang='lat'><strong>:</strong></span> <span class='ocrx_word' id='word_1_454' title='bbox 1448 5655 1603 5724; x_wconf 87' lang='lat' dir='ltr'><strong>hujus</strong></span> <span class='ocrx_word' id='word_1_455' title='bbox 1628 5663 1803 5709; x_wconf 89' lang='lat' dir='ltr'><strong>autem</strong></span> <span class='ocrx_word' id='word_1_456' title='bbox 1836 5654 2135 5723; x_wconf 85' lang='lat' dir='ltr'><strong>improbam</strong></span> 
     </span>
    </p>
   </div>
   <div class='ocr_carea' id='block_1_60' title="bbox 569 5742 2135 5817">
    <p class='ocr_par' dir='ltr' id='par_1_60' title="bbox 569 5742 2135 5817">
     <span class='ocr_line' id='line_1_60' title="bbox 569 5742 2135 5817; baseline 0.001 -18"><span class='ocrx_word' id='word_1_457' title='bbox 569 5753 802 5799; x_wconf 88' lang='lat' dir='ltr'><strong>mentem</strong></span> <span class='ocrx_word' id='word_1_458' title='bbox 828 5786 842 5808; x_wconf 88' lang='lat'><strong>,</strong></span> <span class='ocrx_word' id='word_1_459' title='bbox 874 5754 929 5800; x_wconf 84' lang='lat' dir='ltr'><strong>et</strong></span> <span class='ocrx_word' id='word_1_460' title='bbox 958 5746 1219 5817; x_wconf 85' lang='lat' dir='ltr'><strong>ingentem</strong></span> <span class='ocrx_word' id='word_1_461' title='bbox 1248 5745 1587 5817; x_wconf 86' lang='lat' dir='ltr'><strong>petulantiam</strong></span> <span class='ocrx_word' id='word_1_462' title='bbox 1620 5742 1899 5817; x_wconf 87' lang='lat' dir='ltr'><strong>fugiamus.</strong></span> <span class='ocrx_word' id='word_1_463' title='bbox 1946 5745 2036 5799; x_wconf 70' lang='lat'><strong>28.</strong></span> <span class='ocrx_word' id='word_1_464' title='bbox 2072 5744 2135 5800; x_wconf 81' lang='lat' dir='ltr'><strong>Et</strong></span> 
     </span>
    </p>
   </div>
   <div class='ocr_carea' id='block_1_61' title="bbox 1267 382 3064 474">
    <p class='ocr_par' dir='ltr' id='par_1_61' title="bbox 1267 382 3064 474">
     <span class='ocr_line' id='line_1_61' title="bbox 1267 382 3064 474; baseline 0.002 -35"><span class='ocrx_word' id='word_1_465' title='bbox 1267 384 1323 441; x_wconf 85' lang='lat' dir='ltr'><strong>S.</strong></span> <span class='ocrx_word' id='word_1_466' title='bbox 1350 383 1628 443; x_wconf 79' lang='lat' dir='ltr'><strong>JOANNIS</strong></span> <span class='ocrx_word' id='word_1_467' title='bbox 1663 383 2133 474; x_wconf 65' lang='lat' dir='ltr'><strong>CﬂRVSOSTOMl</strong></span> <span class='ocrx_word' id='word_1_468' title='bbox 2172 384 2494 443; x_wconf 76' lang='lat' dir='ltr'><strong>AnClllEP.</strong></span> <span class='ocrx_word' id='word_1_469' title='bbox 2533 382 3064 442; x_wconf 72' lang='lat' dir='ltr'><strong>CONSTANTINOP.</strong></span> 
     </span>
    </p>
   </div>
   <div class='ocr_carea' id='block_1_62' title="bbox 3715 380 3827 440">
    <p class='ocr_par' dir='ltr' id='par_1_62' title="bbox 3715 380 3827 440">
     <span class='ocr_line' id='line_1_62' title="bbox 3715 380 3827 440; baseline 0 0"><span class='ocrx_word' id='word_1_470' title='bbox 3715 380 3827 440; x_wconf 69' lang='grc' dir='ltr'><strong>ηε</strong></span> 
     </span>
    </p>
   </div>
   <div class='ocr_carea' id='block_1_63' title="bbox 2240 493 3815 566">
    <p class='ocr_par' dir='ltr' id='par_1_63' title="bbox 2240 493 3815 566">
     <span class='ocr_line' id='line_1_63' title="bbox 2240 493 3815 566; baseline -0.001 -19"><span class='ocrx_word' id='word_1_471' title='bbox 2240 495 2383 561; x_wconf 72' lang='lat' dir='ltr'><strong>uixit,</strong></span> <span class='ocrx_word' id='word_1_472' title='bbox 2418 494 2602 566; x_wconf 89' lang='lat' dir='ltr'><strong>inquit,</strong></span> <span class='ocrx_word' id='word_1_473' title='bbox 2636 493 2750 548; x_wconf 84' lang='lat' dir='ltr'><strong>Noe</strong></span> <span class='ocrx_word' id='word_1_474' title='bbox 2782 504 2895 564; x_wconf 84' lang='lat' dir='ltr'><strong>post</strong></span> <span class='ocrx_word' id='word_1_475' title='bbox 2931 494 3362 550; x_wconf 65' lang='grc' dir='ltr'><strong><em>άίιιιιήιιιιιπηιιοο</em></strong></span> <span class='ocrx_word' id='word_1_476' title='bbox 3387 501 3639 548; x_wconf 80' lang='lat' dir='ltr'><strong>trecentos</strong></span> <span class='ocrx_word' id='word_1_477' title='bbox 3654 496 3815 564; x_wconf 68' lang='lat' dir='ltr'><strong>quin.</strong></span> 
     </span>
    </p>
   </div>
   <div class='ocr_carea' id='block_1_64' title="bbox 2234 582 3826 656">
    <p class='ocr_par' dir='ltr' id='par_1_64' title="bbox 2234 582 3826 656">
     <span class='ocr_line' id='line_1_64' title="bbox 2234 582 3826 656; baseline 0.002 -20"><span class='ocrx_word' id='word_1_478' title='bbox 2234 588 2514 656; x_wconf 79' lang='lat' dir='ltr'><strong>quaginta;</strong></span> <span class='ocrx_word' id='word_1_479' title='bbox 2537 585 2627 640; x_wconf 72' lang='lat'><strong>29.</strong></span> <span class='ocrx_word' id='word_1_480' title='bbox 2650 595 2698 639; x_wconf 82' lang='lat' dir='ltr'><strong>et</strong></span> <span class='ocrx_word' id='word_1_481' title='bbox 2720 587 2924 656; x_wconf 72' lang='lat' dir='ltr'><strong>fuerim</strong></span> <span class='ocrx_word' id='word_1_482' title='bbox 2949 601 3121 640; x_wconf 84' lang='lat' dir='ltr'><strong>omnes</strong></span> <span class='ocrx_word' id='word_1_483' title='bbox 3141 584 3247 638; x_wconf 84' lang='lat' dir='ltr'><strong>dies</strong></span> <span class='ocrx_word' id='word_1_484' title='bbox 3279 582 3396 639; x_wconf 81' lang='lat' dir='ltr'><strong>Noe</strong></span> <span class='ocrx_word' id='word_1_485' title='bbox 3409 584 3652 654; x_wconf 71' lang='lat' dir='ltr'><strong>nongenti</strong></span> <span class='ocrx_word' id='word_1_486' title='bbox 3673 584 3826 653; x_wconf 72' lang='lat' dir='ltr'><strong>quin-</strong></span> 
     </span>
    </p>
   </div>
   <div class='ocr_carea' id='block_1_65' title="bbox 2234 673 3830 747">
    <p class='ocr_par' dir='ltr' id='par_1_65' title="bbox 2234 673 3830 747">
     <span class='ocr_line' id='line_1_65' title="bbox 2234 673 3830 747; baseline -0.001 -20"><span class='ocrx_word' id='word_1_487' title='bbox 2234 677 2472 746; x_wconf 74' lang='lat' dir='ltr'><strong>quaginta</strong></span> <span class='ocrx_word' id='word_1_488' title='bbox 2498 676 2642 740; x_wconf 84' lang='lat' dir='ltr'><strong>anm‘,</strong></span> <span class='ocrx_word' id='word_1_489' title='bbox 2666 684 2712 729; x_wconf 89' lang='lat' dir='ltr'><strong>et</strong></span> <span class='ocrx_word' id='word_1_490' title='bbox 2751 687 2977 729; x_wconf 76' lang='lat' dir='ltr'><strong>mortuus</strong></span> <span class='ocrx_word' id='word_1_491' title='bbox 3004 686 3099 730; x_wconf 78' lang='lat' dir='ltr'><strong>est.</strong></span> <span class='ocrx_word' id='word_1_492' title='bbox 3145 675 3222 731; x_wconf 84' lang='lat' dir='ltr'><strong>Ne</strong></span> <span class='ocrx_word' id='word_1_493' title='bbox 3265 673 3369 731; x_wconf 88' lang='lat' dir='ltr'><strong>hoc</strong></span> <span class='ocrx_word' id='word_1_494' title='bbox 3411 684 3565 747; x_wconf 82' lang='lat' dir='ltr'><strong>putes</strong></span> <span class='ocrx_word' id='word_1_495' title='bbox 3616 674 3830 740; x_wconf 85' lang='lat' dir='ltr'><strong>absque</strong></span> 
     </span>
    </p>
   </div>
   <div class='ocr_carea' id='block_1_66' title="bbox 2242 763 3827 837">
    <p class='ocr_par' dir='ltr' id='par_1_66' title="bbox 2242 763 3827 837">
     <span class='ocr_line' id='line_1_66' title="bbox 2242 763 3827 837; baseline 0.001 -20"><span class='ocrx_word' id='word_1_496' title='bbox 2242 778 2404 819; x_wconf 83' lang='lat' dir='ltr'><strong>causa</strong></span> <span class='ocrx_word' id='word_1_497' title='bbox 2437 765 2741 837; x_wconf 85' lang='lat' dir='ltr'><strong>assignasse</strong></span> <span class='ocrx_word' id='word_1_498' title='bbox 2778 765 3137 834; x_wconf 68' lang='lat' dir='ltr'><strong>Scripturam,</strong></span> <span class='ocrx_word' id='word_1_499' title='bbox 3158 764 3250 821; x_wconf 87' lang='lat' dir='ltr'><strong>sed</strong></span> <span class='ocrx_word' id='word_1_500' title='bbox 3278 766 3398 821; x_wconf 86' lang='lat' dir='ltr'><strong>vide</strong></span> <span class='ocrx_word' id='word_1_501' title='bbox 3442 776 3495 820; x_wconf 91' lang='lat' dir='ltr'><strong>et</strong></span> <span class='ocrx_word' id='word_1_502' title='bbox 3546 764 3649 819; x_wconf 84' lang='lat' dir='ltr'><strong>hoc</strong></span> <span class='ocrx_word' id='word_1_503' title='bbox 3702 763 3827 818; x_wconf 87' lang='lat' dir='ltr'><strong>loco</strong></span> 
     </span>
    </p>
   </div>
   <div class='ocr_carea' id='block_1_67' title="bbox 2229 851 3827 921">
    <p class='ocr_par' dir='ltr' id='par_1_67' title="bbox 2229 851 3827 921">
     <span class='ocr_line' id='line_1_67' title="bbox 2229 851 3827 921; baseline 0.003 -18"><span class='ocrx_word' id='word_1_504' title='bbox 2229 851 2357 921; x_wconf 89' lang='lat' dir='ltr'><strong>justi</strong></span> <span class='ocrx_word' id='word_1_505' title='bbox 2378 854 2779 909; x_wconf 89' lang='lat' dir='ltr'><strong>continentiam.</strong></span> <span class='ocrx_word' id='word_1_506' title='bbox 2811 851 2947 920; x_wconf 83' lang='lat' dir='ltr'><strong>Quia</strong></span> <span class='ocrx_word' id='word_1_507' title='bbox 2972 868 3094 908; x_wconf 89' lang='lat' dir='ltr'><strong>cum</strong></span> <span class='ocrx_word' id='word_1_508' title='bbox 3122 862 3262 907; x_wconf 79' lang='lat' dir='ltr'><strong>tanta</strong></span> <span class='ocrx_word' id='word_1_509' title='bbox 3284 854 3545 910; x_wconf 88' lang='lat' dir='ltr'><strong>frueretur</strong></span> <span class='ocrx_word' id='word_1_510' title='bbox 3574 852 3827 908; x_wconf 77' lang='lat' dir='ltr'><strong>ubertate</strong></span> 
     </span>
    </p>
   </div>
   <div class='ocr_carea' id='block_1_68' title="bbox 2233 944 3825 1014">
    <p class='ocr_par' dir='ltr' id='par_1_68' title="bbox 2233 944 3825 1014">
     <span class='ocr_line' id='line_1_68' title="bbox 2233 944 3825 1014; baseline 0.001 -18"><span class='ocrx_word' id='word_1_511' title='bbox 2233 950 2290 996; x_wconf 89' lang='lat' dir='ltr'><strong>et</strong></span> <span class='ocrx_word' id='word_1_512' title='bbox 2356 946 2745 1013; x_wconf 84' lang='lat' dir='ltr'><strong>prosperitate,</strong></span> <span class='ocrx_word' id='word_1_513' title='bbox 2810 944 3278 1014; x_wconf 71' lang='lat' dir='ltr'><strong>supervivert&#39;tque</strong></span> <span class='ocrx_word' id='word_1_514' title='bbox 3336 954 3487 1000; x_wconf 87' lang='lat' dir='ltr'><strong>tanto</strong></span> <span class='ocrx_word' id='word_1_515' title='bbox 3554 958 3825 999; x_wconf 88' lang='lat' dir='ltr'><strong>annorum</strong></span> 
     </span>
    </p>
   </div>
   <div class='ocr_carea' id='block_1_69' title="bbox 2233 1032 3830 1103">
    <p class='ocr_par' dir='ltr' id='par_1_69' title="bbox 2233 1032 3830 1103">
     <span class='ocr_line' id='line_1_69' title="bbox 2233 1032 3830 1103; baseline 0.004 -19"><span class='ocrx_word' id='word_1_516' title='bbox 2233 1045 2457 1087; x_wconf 88' lang='lat' dir='ltr'><strong>numero</strong></span> <span class='ocrx_word' id='word_1_517' title='bbox 2483 1043 2601 1102; x_wconf 91' lang='lat' dir='ltr'><strong>post</strong></span> <span class='ocrx_word' id='word_1_518' title='bbox 2640 1048 2914 1103; x_wconf 85' lang='lat' dir='ltr'><strong>egressum</strong></span> <span class='ocrx_word' id='word_1_519' title='bbox 2956 1033 3027 1088; x_wconf 93' lang='lat' dir='ltr'><strong>ab</strong></span> <span class='ocrx_word' id='word_1_520' title='bbox 3060 1047 3208 1099; x_wconf 86' lang='lat' dir='ltr'><strong>arca,</strong></span> <span class='ocrx_word' id='word_1_521' title='bbox 3241 1032 3413 1088; x_wconf 89' lang='lat' dir='ltr'><strong>noluit</strong></span> <span class='ocrx_word' id='word_1_522' title='bbox 3455 1034 3595 1089; x_wconf 87' lang='lat' dir='ltr'><strong>ultra</strong></span> <span class='ocrx_word' id='word_1_523' title='bbox 3646 1032 3830 1090; x_wconf 84' lang='lat' dir='ltr'><strong>indul-</strong></span> 
     </span>
    </p>
   </div>
   <div class='ocr_carea' id='block_1_70' title="bbox 2231 1123 3828 1194">
    <p class='ocr_par' dir='ltr' id='par_1_70' title="bbox 2231 1123 3828 1194">
     <span class='ocr_line' id='line_1_70' title="bbox 2231 1123 3828 1194; baseline 0.002 -17"><span class='ocrx_word' id='word_1_524' title='bbox 2231 1137 2358 1193; x_wconf 84' lang='lat' dir='ltr'><strong>gere</strong></span> <span class='ocrx_word' id='word_1_525' title='bbox 2382 1123 2669 1178; x_wconf 89' lang='lat' dir='ltr'><strong>liberorum</strong></span> <span class='ocrx_word' id='word_1_526' title='bbox 2701 1124 3079 1194; x_wconf 87' lang='lat' dir='ltr'><strong>procreationi.</strong></span> <span class='ocrx_word' id='word_1_527' title='bbox 3121 1124 3237 1179; x_wconf 80' lang='lat' dir='ltr'><strong>Non</strong></span> <span class='ocrx_word' id='word_1_528' title='bbox 3266 1125 3407 1179; x_wconf 87' lang='lat' dir='ltr'><strong>enim</strong></span> <span class='ocrx_word' id='word_1_529' title='bbox 3427 1134 3828 1181; x_wconf 85' lang='lat' dir='ltr'><strong>commemorat</strong></span> 
     </span>
    </p>
   </div>
   <div class='ocr_carea' id='block_1_71' title="bbox 2234 1213 3828 1285">
    <p class='ocr_par' dir='ltr' id='par_1_71' title="bbox 2234 1213 3828 1285">
     <span class='ocr_line' id='line_1_71' title="bbox 2234 1213 3828 1285; baseline 0.003 -18"><span class='ocrx_word' id='word_1_530' title='bbox 2234 1213 2503 1281; x_wconf 88' lang='lat' dir='ltr'><strong>Scriptura</strong></span> <span class='ocrx_word' id='word_1_531' title='bbox 2548 1214 2696 1269; x_wconf 89' lang='lat' dir='ltr'><strong>illum</strong></span> <span class='ocrx_word' id='word_1_532' title='bbox 2724 1216 2858 1270; x_wconf 86' lang='lat' dir='ltr'><strong>alios</strong></span> <span class='ocrx_word' id='word_1_533' title='bbox 2878 1224 3070 1285; x_wconf 66' lang='lat' dir='ltr'><strong>preter</strong></span> <span class='ocrx_word' id='word_1_534' title='bbox 3088 1223 3199 1271; x_wconf 87' lang='lat' dir='ltr'><strong>tres</strong></span> <span class='ocrx_word' id='word_1_535' title='bbox 3236 1215 3367 1270; x_wconf 87' lang='lat' dir='ltr'><strong>istos</strong></span> <span class='ocrx_word' id='word_1_536' title='bbox 3410 1213 3663 1270; x_wconf 83' lang='lat' dir='ltr'><strong>habuisse</strong></span> <span class='ocrx_word' id='word_1_537' title='bbox 3684 1216 3828 1271; x_wconf 88' lang='lat' dir='ltr'><strong>libe-</strong></span> 
     </span>
    </p>
   </div>
   <div class='ocr_carea' id='block_1_72' title="bbox 2232 1304 3827 1377">
    <p class='ocr_par' dir='ltr' id='par_1_72' title="bbox 2232 1304 3827 1377">
     <span class='ocr_line' id='line_1_72' title="bbox 2232 1304 3827 1377; baseline -0.001 -17"><span class='ocrx_word' id='word_1_538' title='bbox 2232 1319 2341 1360; x_wconf 88' lang='lat' dir='ltr'><strong>ros.</strong></span> <span class='ocrx_word' id='word_1_539' title='bbox 2350 1305 2459 1361; x_wconf 81' lang='lat' dir='ltr'><strong>.llic</strong></span> <span class='ocrx_word' id='word_1_540' title='bbox 2471 1306 2659 1361; x_wconf 86' lang='lat' dir='ltr'><strong>iterum</strong></span> <span class='ocrx_word' id='word_1_541' title='bbox 2676 1307 2845 1376; x_wconf 88' lang='lat' dir='ltr'><strong>cogita</strong></span> <span class='ocrx_word' id='word_1_542' title='bbox 2858 1320 3102 1377; x_wconf 86' lang='lat' dir='ltr'><strong>magnam</strong></span> <span class='ocrx_word' id='word_1_543' title='bbox 3121 1304 3677 1367; x_wconf 78' lang='lat' dir='ltr'><strong>salacitatem-Cimini.</strong></span> <span class='ocrx_word' id='word_1_544' title='bbox 3694 1306 3827 1375; x_wconf 80' lang='lat' dir='ltr'><strong>quia</strong></span> 
     </span>
    </p>
   </div>
   <div class='ocr_carea' id='block_1_73' title="bbox 2234 1396 3829 1467">
    <p class='ocr_par' dir='ltr' id='par_1_73' title="bbox 2234 1396 3829 1467">
     <span class='ocr_line' id='line_1_73' title="bbox 2234 1396 3829 1467; baseline 0.001 -16"><span class='ocrx_word' id='word_1_545' title='bbox 2234 1411 2408 1467; x_wconf 86' lang='lat' dir='ltr'><strong>neque</strong></span> <span class='ocrx_word' id='word_1_546' title='bbox 2436 1404 2641 1467; x_wconf 82' lang='lat' dir='ltr'><strong>patrem</strong></span> <span class='ocrx_word' id='word_1_547' title='bbox 2676 1397 2864 1453; x_wconf 88' lang='lat' dir='ltr'><strong>videns</strong></span> <span class='ocrx_word' id='word_1_548' title='bbox 2890 1405 3050 1451; x_wconf 71' lang='lat' dir='ltr'><strong>tanta:</strong></span> <span class='ocrx_word' id='word_1_549' title='bbox 3070 1396 3411 1451; x_wconf 72' lang='lat' dir='ltr'><strong>continentia:</strong></span> <span class='ocrx_word' id='word_1_550' title='bbox 3433 1438 3450 1464; x_wconf 90' lang='lat'><strong>,</strong></span> <span class='ocrx_word' id='word_1_551' title='bbox 3478 1397 3679 1452; x_wconf 79' lang='lat' dir='ltr'><strong>castior</strong></span> <span class='ocrx_word' id='word_1_552' title='bbox 3703 1398 3829 1467; x_wconf 58' lang='lat' dir='ltr'><strong>ip“</strong></span> 
     </span>
    </p>
   </div>
   <div class='ocr_carea' id='block_1_74' title="bbox 2232 1486 3821 1560">
    <p class='ocr_par' dir='ltr' id='par_1_74' title="bbox 2232 1486 3821 1560">
     <span class='ocr_line' id='line_1_74' title="bbox 2232 1486 3821 1560; baseline 0 -17"><span class='ocrx_word' id='word_1_553' title='bbox 2232 1486 2403 1543; x_wconf 85' lang='lat' dir='ltr'><strong>factus</strong></span> <span class='ocrx_word' id='word_1_554' title='bbox 2416 1497 2518 1555; x_wconf 85' lang='lat' dir='ltr'><strong>est,</strong></span> <span class='ocrx_word' id='word_1_555' title='bbox 2532 1488 2625 1544; x_wconf 89' lang='lat' dir='ltr'><strong>sed</strong></span> <span class='ocrx_word' id='word_1_556' title='bbox 2642 1489 2821 1544; x_wconf 89' lang='lat' dir='ltr'><strong>omnia</strong></span> <span class='ocrx_word' id='word_1_557' title='bbox 2847 1488 3064 1544; x_wconf 83' lang='lat' dir='ltr'><strong>diverso</strong></span> <span class='ocrx_word' id='word_1_558' title='bbox 3084 1487 3244 1545; x_wconf 86' lang='lat' dir='ltr'><strong>modo</strong></span> <span class='ocrx_word' id='word_1_559' title='bbox 3258 1503 3420 1560; x_wconf 86' lang='lat' dir='ltr'><strong>quam</strong></span> <span class='ocrx_word' id='word_1_560' title='bbox 3434 1500 3587 1559; x_wconf 83' lang='lat' dir='ltr'><strong>pater</strong></span> <span class='ocrx_word' id='word_1_561' title='bbox 3599 1489 3821 1559; x_wconf 76' lang='lat' dir='ltr'><strong>agebat.</strong></span> 
     </span>
    </p>
   </div>
   <div class='ocr_carea' id='block_1_75' title="bbox 2232 1576 3827 1653">
    <p class='ocr_par' dir='ltr' id='par_1_75' title="bbox 2232 1576 3827 1653">
     <span class='ocr_line' id='line_1_75' title="bbox 2232 1576 3827 1653; baseline 0.002 -22"><span class='ocrx_word' id='word_1_562' title='bbox 2232 1576 2461 1653; x_wconf 81' lang='lat' dir='ltr'><strong>Proinde</strong></span> <span class='ocrx_word' id='word_1_563' title='bbox 2484 1578 2676 1633; x_wconf 89' lang='lat' dir='ltr'><strong>merito</strong></span> <span class='ocrx_word' id='word_1_564' title='bbox 2698 1593 2859 1634; x_wconf 88' lang='lat' dir='ltr'><strong>omne</strong></span> <span class='ocrx_word' id='word_1_565' title='bbox 2883 1577 3051 1647; x_wconf 89' lang='lat' dir='ltr'><strong>ipsius</strong></span> <span class='ocrx_word' id='word_1_566' title='bbox 3071 1592 3243 1650; x_wconf 86' lang='lat' dir='ltr'><strong>genus</strong></span> <span class='ocrx_word' id='word_1_567' title='bbox 3270 1578 3663 1634; x_wconf 14' lang='lat' dir='ltr'><strong>int-servitutem</strong></span> <span class='ocrx_word' id='word_1_568' title='bbox 3681 1592 3827 1633; x_wconf 75' lang='lat' dir='ltr'><strong>con-</strong></span> 
     </span>
    </p>
   </div>
   <div class='ocr_carea' id='block_1_76' title="bbox 2231 1658 3828 1741">
    <p class='ocr_par' dir='ltr' id='par_1_76' title="bbox 2231 1658 3828 1741">
     <span class='ocr_line' id='line_1_76' title="bbox 2231 1658 3828 1741; baseline 0.001 -17"><span class='ocrx_word' id='word_1_569' title='bbox 2231 1669 2536 1725; x_wconf 81' lang='lat' dir='ltr'><strong>dcmnatum</strong></span> <span class='ocrx_word' id='word_1_570' title='bbox 2565 1679 2668 1737; x_wconf 89' lang='lat' dir='ltr'><strong>est,</strong></span> <span class='ocrx_word' id='word_1_571' title='bbox 2693 1680 2751 1725; x_wconf 92' lang='lat' dir='ltr'><strong>ut</strong></span> <span class='ocrx_word' id='word_1_572' title='bbox 2779 1671 3034 1741; x_wconf 76' lang='lat' dir='ltr'><strong>improba:</strong></span> <span class='ocrx_word' id='word_1_573' title='bbox 3074 1670 3366 1726; x_wconf 88' lang='lat' dir='ltr'><strong>voluntatis</strong></span> <span class='ocrx_word' id='word_1_574' title='bbox 3393 1658 3619 1725; x_wconf 80' lang='lat' dir='ltr'><strong>frenum</strong></span> <span class='ocrx_word' id='word_1_575' title='bbox 3647 1668 3828 1725; x_wconf 77' lang='lat' dir='ltr'><strong>halte-</strong></span> 
     </span>
    </p>
   </div>
   <div class='ocr_carea' id='block_1_77' title="bbox 2233 1761 3817 1835">
    <p class='ocr_par' dir='ltr' id='par_1_77' title="bbox 2233 1761 3817 1835">
     <span class='ocr_line' id='line_1_77' title="bbox 2233 1761 3817 1835; baseline 0.001 -18"><span class='ocrx_word' id='word_1_576' title='bbox 2233 1771 2334 1817; x_wconf 85' lang='lat' dir='ltr'><strong>ret.</strong></span> <span class='ocrx_word' id='word_1_577' title='bbox 2363 1761 2566 1818; x_wconf 89' lang='lat' dir='ltr'><strong>Deinde</strong></span> <span class='ocrx_word' id='word_1_578' title='bbox 2586 1762 2672 1819; x_wconf 89' lang='lat' dir='ltr'><strong>hic</strong></span> <span class='ocrx_word' id='word_1_579' title='bbox 2698 1773 2876 1818; x_wconf 91' lang='lat' dir='ltr'><strong>narrat</strong></span> <span class='ocrx_word' id='word_1_580' title='bbox 2902 1762 3179 1834; x_wconf 89' lang='lat' dir='ltr'><strong>Scriptura</strong></span> <span class='ocrx_word' id='word_1_581' title='bbox 3206 1778 3303 1819; x_wconf 89' lang='lat' dir='ltr'><strong>eos</strong></span> <span class='ocrx_word' id='word_1_582' title='bbox 3329 1765 3420 1835; x_wconf 92' lang='lat' dir='ltr'><strong>qui</strong></span> <span class='ocrx_word' id='word_1_583' title='bbox 3450 1779 3518 1819; x_wconf 77' lang='lat' dir='ltr'><strong>es</strong></span> <span class='ocrx_word' id='word_1_584' title='bbox 3544 1763 3669 1818; x_wconf 85' lang='lat' dir='ltr'><strong>ﬁliis</strong></span> <span class='ocrx_word' id='word_1_585' title='bbox 3694 1763 3817 1819; x_wconf 82' lang='lat' dir='ltr'><strong>nati</strong></span> 
     </span>
    </p>
   </div>
   <div class='ocr_carea' id='block_1_78' title="bbox 2232 1854 3825 1925">
    <p class='ocr_par' dir='ltr' id='par_1_78' title="bbox 2232 1854 3825 1925">
     <span class='ocr_line' id='line_1_78' title="bbox 2232 1854 3825 1925; baseline 0.001 -18"><span class='ocrx_word' id='word_1_586' title='bbox 2232 1863 2377 1919; x_wconf 91' lang='lat' dir='ltr'><strong>sunt,</strong></span> <span class='ocrx_word' id='word_1_587' title='bbox 2404 1862 2459 1909; x_wconf 87' lang='lat' dir='ltr'><strong>et</strong></span> <span class='ocrx_word' id='word_1_588' title='bbox 2484 1855 2653 1923; x_wconf 87' lang='lat' dir='ltr'><strong>inquit</strong></span> <span class='ocrx_word' id='word_1_589' title='bbox 2679 1871 2694 1910; x_wconf 89' lang='lat'><strong>:</strong></span> <span class='ocrx_word' id='word_1_590' title='bbox 2719 1854 2879 1909; x_wconf 82' lang='lat' dir='ltr'><strong>Cham</strong></span> <span class='ocrx_word' id='word_1_591' title='bbox 2903 1866 3075 1909; x_wconf 73' lang='lat' dir='ltr'><strong>autem</strong></span> <span class='ocrx_word' id='word_1_592' title='bbox 3093 1855 3270 1924; x_wconf 80' lang='lat' dir='ltr'><strong>genuit</strong></span> <span class='ocrx_word' id='word_1_593' title='bbox 3302 1854 3441 1911; x_wconf 74' lang='grc' dir='ltr'><strong>σιω</strong></span> <span class='ocrx_word' id='word_1_594' title='bbox 3458 1872 3479 1921; x_wconf 88' lang='grc'><strong><em>;</em></strong></span> <span class='ocrx_word' id='word_1_595' title='bbox 3502 1862 3557 1909; x_wconf 88' lang='lat' dir='ltr'><strong>et</strong></span> <span class='ocrx_word' id='word_1_596' title='bbox 3600 1869 3825 1925; x_wconf 81' lang='lat' dir='ltr'><strong>rursus,</strong></span> 
     </span>
    </p>
   </div>
   <div class='ocr_carea' id='block_1_79' title="bbox 2232 1942 3825 2015">
    <p class='ocr_par' dir='ltr' id='par_1_79' title="bbox 2232 1942 3825 2015">
     <span class='ocr_line' id='line_1_79' title="bbox 2232 1942 3825 2015; baseline -0.001 -16"><span class='ocrx_word' id='word_1_597' title='bbox 2232 1942 2368 1999; x_wconf 82' lang='lat' dir='ltr'><strong>Chus</strong></span> <span class='ocrx_word' id='word_1_598' title='bbox 2391 1943 2557 2013; x_wconf 80' lang='lat' dir='ltr'><strong>genuit</strong></span> <span class='ocrx_word' id='word_1_599' title='bbox 2579 1942 2830 2009; x_wconf 84' lang='lat' dir='ltr'><strong>Nemrod,</strong></span> <span class='ocrx_word' id='word_1_600' title='bbox 2851 1944 3107 2015; x_wconf 65' lang='grc' dir='ltr'><strong>συί-σαρξί</strong></span> <span class='ocrx_word' id='word_1_601' title='bbox 3123 1959 3231 2000; x_wconf 77' lang='lat' dir='ltr'><strong>esse</strong></span> <span class='ocrx_word' id='word_1_602' title='bbox 3248 1944 3573 2015; x_wconf 76' lang='lat' dir='ltr'><strong>gigassttpsr</strong></span> <span class='ocrx_word' id='word_1_603' title='bbox 3597 1952 3825 1998; x_wconf 62' lang='lat' dir='ltr'><strong>terrast.</strong></span> 
     </span>
    </p>
   </div>
   <div class='ocr_carea' id='block_1_80' title="bbox 2232 2032 3826 2105">
    <p class='ocr_par' dir='ltr' id='par_1_80' title="bbox 2232 2032 3826 2105">
     <span class='ocr_line' id='line_1_80' title="bbox 2232 2032 3826 2105; baseline 0.002 -19"><span class='ocrx_word' id='word_1_604' title='bbox 2232 2032 2336 2086; x_wconf 83' lang='lat' dir='ltr'><strong>Hic</strong></span> <span class='ocrx_word' id='word_1_605' title='bbox 2364 2035 2464 2104; x_wconf 85' lang='lat' dir='ltr'><strong>fuit</strong></span> <span class='ocrx_word' id='word_1_606' title='bbox 2487 2034 2633 2103; x_wconf 78' lang='lat' dir='ltr'><strong>gigas</strong></span> <span class='ocrx_word' id='word_1_607' title='bbox 2671 2045 2880 2089; x_wconf 76' lang='lat' dir='ltr'><strong>venator</strong></span> <span class='ocrx_word' id='word_1_608' title='bbox 2913 2051 3086 2088; x_wconf 80' lang='lat' dir='ltr'><strong>coram</strong></span> <span class='ocrx_word' id='word_1_609' title='bbox 3111 2032 3519 2105; x_wconf 72' lang='lat' dir='ltr'><strong>Domino-(Cap.</strong></span> <span class='ocrx_word' id='word_1_610' title='bbox 3551 2033 3640 2088; x_wconf 69' lang='grc' dir='ltr'><strong>Μ).</strong></span> <span class='ocrx_word' id='word_1_611' title='bbox 3671 2032 3826 2089; x_wconf 74' lang='grc'><strong>8.-8-</strong></span> 
     </span>
    </p>
   </div>
   <div class='ocr_carea' id='block_1_81' title="bbox 2231 2123 3829 2193">
    <p class='ocr_par' dir='ltr' id='par_1_81' title="bbox 2231 2123 3829 2193">
     <span class='ocr_line' id='line_1_81' title="bbox 2231 2123 3829 2193; baseline 0.002 -17"><span class='ocrx_word' id='word_1_612' title='bbox 2231 2124 2326 2193; x_wconf 85' lang='grc'><strong>9).</strong></span> <span class='ocrx_word' id='word_1_613' title='bbox 2366 2124 2597 2191; x_wconf 86' lang='lat' dir='ltr'><strong>Quidam</strong></span> <span class='ocrx_word' id='word_1_614' title='bbox 2649 2124 2834 2180; x_wconf 88' lang='lat' dir='ltr'><strong>dicunt</strong></span> <span class='ocrx_word' id='word_1_615' title='bbox 2874 2124 2981 2192; x_wconf 87' lang='lat' dir='ltr'><strong>hic,</strong></span> <span class='ocrx_word' id='word_1_616' title='bbox 3023 2125 3207 2180; x_wconf 79' lang='lat' dir='ltr'><strong>Coram</strong></span> <span class='ocrx_word' id='word_1_617' title='bbox 3250 2124 3491 2190; x_wconf 80' lang='lat' dir='ltr'><strong>Domino,</strong></span> <span class='ocrx_word' id='word_1_618' title='bbox 3528 2123 3669 2177; x_wconf 89' lang='lat' dir='ltr'><strong>idem</strong></span> <span class='ocrx_word' id='word_1_619' title='bbox 3692 2136 3829 2179; x_wconf 71' lang='lat' dir='ltr'><strong>esse</strong></span> 
     </span>
    </p>
   </div>
   <div class='ocr_carea' id='block_1_82' title="bbox 2228 2214 3826 2288">
    <p class='ocr_par' dir='ltr' id='par_1_82' title="bbox 2228 2214 3826 2288">
     <span class='ocr_line' id='line_1_82' title="bbox 2228 2214 3826 2288; baseline 0.001 -20"><span class='ocrx_word' id='word_1_620' title='bbox 2228 2216 2369 2286; x_wconf 89' lang='lat' dir='ltr'><strong>quod</strong></span> <span class='ocrx_word' id='word_1_621' title='bbox 2394 2226 2577 2271; x_wconf 92' lang='lat' dir='ltr'><strong>contra</strong></span> <span class='ocrx_word' id='word_1_622' title='bbox 2608 2217 2773 2273; x_wconf 86' lang='lat' dir='ltr'><strong>Deum</strong></span> <span class='ocrx_word' id='word_1_623' title='bbox 2804 2233 2820 2272; x_wconf 90' lang='lat'><strong>:</strong></span> <span class='ocrx_word' id='word_1_624' title='bbox 2849 2233 2949 2288; x_wconf 86' lang='lat' dir='ltr'><strong>ego</strong></span> <span class='ocrx_word' id='word_1_625' title='bbox 2976 2228 3157 2273; x_wconf 85' lang='lat' dir='ltr'><strong>autem</strong></span> <span class='ocrx_word' id='word_1_626' title='bbox 3187 2231 3293 2271; x_wconf 92' lang='lat' dir='ltr'><strong>non</strong></span> <span class='ocrx_word' id='word_1_627' title='bbox 3332 2225 3462 2286; x_wconf 91' lang='lat' dir='ltr'><strong>puto</strong></span> <span class='ocrx_word' id='word_1_628' title='bbox 3483 2214 3826 2285; x_wconf 82' lang='lat' dir='ltr'><strong>Scripturam</strong></span> 
     </span>
    </p>
   </div>
   <div class='ocr_carea' id='block_1_83' title="bbox 2182 2305 3823 2379">
    <p class='ocr_par' dir='ltr' id='par_1_83' title="bbox 2182 2305 3823 2379">
     <span class='ocr_line' id='line_1_83' title="bbox 2182 2305 3823 2379; baseline 0.002 -22"><span class='ocrx_word' id='word_1_629' title='bbox 2182 2354 2185 2357; x_wconf 21' lang='grc' dir='ltr'><strong>Α</strong></span> <span class='ocrx_word' id='word_1_630' title='bbox 2231 2307 2331 2362; x_wconf 91' lang='lat' dir='ltr'><strong>hoc</strong></span> <span class='ocrx_word' id='word_1_631' title='bbox 2353 2308 2641 2373; x_wconf 89' lang='lat' dir='ltr'><strong>insinuare,</strong></span> <span class='ocrx_word' id='word_1_632' title='bbox 2673 2310 2766 2365; x_wconf 88' lang='lat' dir='ltr'><strong>sed</strong></span> <span class='ocrx_word' id='word_1_633' title='bbox 2797 2310 2968 2379; x_wconf 83' lang='lat' dir='ltr'><strong>ipsum</strong></span> <span class='ocrx_word' id='word_1_634' title='bbox 2994 2308 3183 2364; x_wconf 90' lang='lat' dir='ltr'><strong>fortem</strong></span> <span class='ocrx_word' id='word_1_635' title='bbox 3212 2307 3600 2378; x_wconf 89' lang='lat' dir='ltr'><strong>robustumque</strong></span> <span class='ocrx_word' id='word_1_636' title='bbox 3628 2305 3823 2362; x_wconf 81' lang='lat' dir='ltr'><strong>fuisse.</strong></span> 
     </span>
    </p>
   </div>
   <div class='ocr_carea' id='block_1_84' title="bbox 2228 2395 3827 2468">
    <p class='ocr_par' dir='ltr' id='par_1_84' title="bbox 2228 2395 3827 2468">
     <span class='ocr_line' id='line_1_84' title="bbox 2228 2395 3827 2468; baseline -0.001 -16"><span class='ocrx_word' id='word_1_637' title='bbox 2228 2398 2379 2468; x_wconf 91' lang='lat' dir='ltr'><strong>Quod</strong></span> <span class='ocrx_word' id='word_1_638' title='bbox 2404 2409 2581 2455; x_wconf 87' lang='lat' dir='ltr'><strong>autem</strong></span> <span class='ocrx_word' id='word_1_639' title='bbox 2602 2400 2751 2468; x_wconf 90' lang='lat' dir='ltr'><strong>dicit,</strong></span> <span class='ocrx_word' id='word_1_640' title='bbox 2781 2398 2967 2455; x_wconf 86' lang='lat' dir='ltr'><strong>Coram</strong></span> <span class='ocrx_word' id='word_1_641' title='bbox 2988 2399 3205 2454; x_wconf 85' lang='lat' dir='ltr'><strong>Domino</strong></span> <span class='ocrx_word' id='word_1_642' title='bbox 3221 2397 3357 2464; x_wconf 85' lang='lat' dir='ltr'><strong>Deo,</strong></span> <span class='ocrx_word' id='word_1_643' title='bbox 3387 2397 3490 2453; x_wconf 87' lang='lat' dir='ltr'><strong>hoc</strong></span> <span class='ocrx_word' id='word_1_644' title='bbox 3514 2406 3616 2457; x_wconf 87' lang='lat' dir='ltr'><strong>est.</strong></span> <span class='ocrx_word' id='word_1_645' title='bbox 3641 2395 3712 2450; x_wconf 86' lang='lat' dir='ltr'><strong>ab</strong></span> <span class='ocrx_word' id='word_1_646' title='bbox 3746 2408 3827 2451; x_wconf 76' lang='grc' dir='ltr'>ω</span> 
     </span>
    </p>
   </div>
   <div class='ocr_carea' id='block_1_85' title="bbox 2230 2486 3827 2561">
    <p class='ocr_par' dir='ltr' id='par_1_85' title="bbox 2230 2486 3827 2561">
     <span class='ocr_line' id='line_1_85' title="bbox 2230 2486 3827 2561; baseline -0.003 -16"><span class='ocrx_word' id='word_1_647' title='bbox 2230 2492 2572 2556; x_wconf 86' lang='lat' dir='ltr'><strong>constitutus,</strong></span> <span class='ocrx_word' id='word_1_648' title='bbox 2630 2504 2698 2546; x_wconf 92' lang='lat' dir='ltr'><strong>eo</strong></span> <span class='ocrx_word' id='word_1_649' title='bbox 2743 2489 2885 2561; x_wconf 88' lang='lat' dir='ltr'><strong>quod</strong></span> <span class='ocrx_word' id='word_1_650' title='bbox 2941 2498 3223 2559; x_wconf 67' lang='lat' dir='ltr'><strong>acceperat</strong></span> <span class='ocrx_word' id='word_1_651' title='bbox 3270 2487 3697 2544; x_wconf 87' lang='lat' dir='ltr'><strong>benedictionem</strong></span> <span class='ocrx_word' id='word_1_652' title='bbox 3746 2486 3827 2540; x_wconf 85' lang='lat' dir='ltr'><strong>ab</strong></span> 
     </span>
    </p>
   </div>
   <div class='ocr_carea' id='block_1_86' title="bbox 2232 2576 3825 2652">
    <p class='ocr_par' dir='ltr' id='par_1_86' title="bbox 2232 2576 3825 2652">
     <span class='ocr_line' id='line_1_86' title="bbox 2232 2576 3825 2652; baseline 0 -18"><span class='ocrx_word' id='word_1_653' title='bbox 2232 2581 2367 2637; x_wconf 58' lang='lat' dir='ltr'><strong>illo;</strong></span> <span class='ocrx_word' id='word_1_654' title='bbox 2398 2581 2482 2637; x_wconf 75' lang='lat' dir='ltr'><strong>vel</strong></span> <span class='ocrx_word' id='word_1_655' title='bbox 2512 2580 2653 2652; x_wconf 93' lang='lat' dir='ltr'><strong>quod</strong></span> <span class='ocrx_word' id='word_1_656' title='bbox 2681 2581 2822 2636; x_wconf 88' lang='lat' dir='ltr'><strong>Deus</strong></span> <span class='ocrx_word' id='word_1_657' title='bbox 2851 2595 2947 2651; x_wconf 90' lang='lat' dir='ltr'><strong>per</strong></span> <span class='ocrx_word' id='word_1_658' title='bbox 2990 2580 3133 2635; x_wconf 91' lang='lat' dir='ltr'><strong>hunc</strong></span> <span class='ocrx_word' id='word_1_659' title='bbox 3177 2586 3321 2635; x_wconf 86' lang='lat' dir='ltr'><strong>esset</strong></span> <span class='ocrx_word' id='word_1_660' title='bbox 3370 2578 3425 2634; x_wconf 88' lang='lat' dir='ltr'><strong>in</strong></span> <span class='ocrx_word' id='word_1_661' title='bbox 3464 2576 3825 2634; x_wconf 83' lang='lat' dir='ltr'><strong>admiratione</strong></span> 
     </span>
    </p>
   </div>
   <div class='ocr_carea' id='block_1_87' title="bbox 2230 2669 3822 2741">
    <p class='ocr_par' dir='ltr' id='par_1_87' title="bbox 2230 2669 3822 2741">
     <span class='ocr_line' id='line_1_87' title="bbox 2230 2669 3822 2741; baseline -0.002 -16"><span class='ocrx_word' id='word_1_662' title='bbox 2230 2669 2528 2738; x_wconf 83' lang='lat' dir='ltr'><strong>habendus,</strong></span> <span class='ocrx_word' id='word_1_663' title='bbox 2558 2670 2700 2741; x_wconf 90' lang='lat' dir='ltr'><strong>quod</strong></span> <span class='ocrx_word' id='word_1_664' title='bbox 2741 2670 2899 2726; x_wconf 86' lang='lat' dir='ltr'><strong>talem</strong></span> <span class='ocrx_word' id='word_1_665' title='bbox 2924 2669 3290 2740; x_wconf 80' lang='lat' dir='ltr'><strong>produxisset,</strong></span> <span class='ocrx_word' id='word_1_666' title='bbox 3328 2678 3385 2725; x_wconf 90' lang='lat' dir='ltr'><strong>et</strong></span> <span class='ocrx_word' id='word_1_667' title='bbox 3410 2682 3573 2739; x_wconf 86' lang='lat' dir='ltr'><strong>super</strong></span> <span class='ocrx_word' id='word_1_668' title='bbox 3614 2677 3822 2723; x_wconf 71' lang='lat' dir='ltr'><strong>terram</strong></span> 
     </span>
    </p>
   </div>
   <div class='ocr_carea' id='block_1_88' title="bbox 2231 2758 3820 2830">
    <p class='ocr_par' dir='ltr' id='par_1_88' title="bbox 2231 2758 3820 2830">
     <span class='ocr_line' id='line_1_88' title="bbox 2231 2758 3820 2830; baseline -0.003 -15"><span class='ocrx_word' id='word_1_669' title='bbox 2231 2768 2601 2817; x_wconf 65' lang='lat' dir='ltr'><strong>monstrasset.</strong></span> <span class='ocrx_word' id='word_1_670' title='bbox 2635 2760 2740 2816; x_wconf 80' lang='lat' dir='ltr'><strong>Sed</strong></span> <span class='ocrx_word' id='word_1_671' title='bbox 2770 2760 2858 2816; x_wconf 85' lang='lat' dir='ltr'><strong>hic</strong></span> <span class='ocrx_word' id='word_1_672' title='bbox 2878 2761 3070 2816; x_wconf 90' lang='lat' dir='ltr'><strong>iterum</strong></span> <span class='ocrx_word' id='word_1_673' title='bbox 3093 2774 3347 2830; x_wconf 90' lang='lat' dir='ltr'><strong>proavum</strong></span> <span class='ocrx_word' id='word_1_674' title='bbox 3374 2758 3820 2827; x_wconf 71' lang='lat' dir='ltr'><strong>suumimitatna,</strong></span> 
     </span>
    </p>
   </div>
   <div class='ocr_carea' id='block_1_89' title="bbox 2230 2849 3824 2922">
    <p class='ocr_par' dir='ltr' id='par_1_89' title="bbox 2230 2849 3824 2922">
     <span class='ocr_line' id='line_1_89' title="bbox 2230 2849 3824 2922; baseline -0.003 -15"><span class='ocrx_word' id='word_1_675' title='bbox 2230 2861 2284 2907; x_wconf 91' lang='lat' dir='ltr'><strong>et</strong></span> <span class='ocrx_word' id='word_1_676' title='bbox 2306 2850 2505 2907; x_wconf 85' lang='lat' dir='ltr'><strong>abusus</strong></span> <span class='ocrx_word' id='word_1_677' title='bbox 2532 2861 2736 2907; x_wconf 67' lang='lat' dir='ltr'><strong>natura:</strong></span> <span class='ocrx_word' id='word_1_678' title='bbox 2766 2852 3165 2922; x_wconf 77' lang='lat' dir='ltr'><strong>‘praerogativis,</strong></span> <span class='ocrx_word' id='word_1_679' title='bbox 3192 2850 3354 2905; x_wconf 87' lang='lat' dir='ltr'><strong>alium</strong></span> <span class='ocrx_word' id='word_1_680' title='bbox 3380 2849 3653 2907; x_wconf 81' lang='lat' dir='ltr'><strong>servitutis</strong></span> <span class='ocrx_word' id='word_1_681' title='bbox 3699 2861 3824 2904; x_wconf 72' lang='lat' dir='ltr'><strong>mo-</strong></span> 
     </span>
    </p>
   </div>
   <div class='ocr_carea' id='block_1_90' title="bbox 2225 2937 3817 3012">
    <p class='ocr_par' dir='ltr' id='par_1_90' title="bbox 2225 2937 3817 3012">
     <span class='ocr_line' id='line_1_90' title="bbox 2225 2937 3817 3012; baseline -0.001 -16"><span class='ocrx_word' id='word_1_682' title='bbox 2225 2940 2352 2996; x_wconf 88' lang='lat' dir='ltr'><strong>dum</strong></span> <span class='ocrx_word' id='word_1_683' title='bbox 2386 2941 2701 3006; x_wconf 87' lang='lat' dir='ltr'><strong>adinvenit.,</strong></span> <span class='ocrx_word' id='word_1_684' title='bbox 2730 2949 2889 3012; x_wconf 88' lang='lat' dir='ltr'><strong>atque</strong></span> <span class='ocrx_word' id='word_1_685' title='bbox 2921 2941 3291 3010; x_wconf 77' lang='lat' dir='ltr'><strong>principatum</strong></span> <span class='ocrx_word' id='word_1_686' title='bbox 3325 2954 3655 3010; x_wconf 80' lang='lat' dir='ltr'><strong>regnumque</strong></span> <span class='ocrx_word' id='word_1_687' title='bbox 3681 2937 3817 2994; x_wconf 79' lang='lat' dir='ltr'><strong>affe-</strong></span> 
     </span>
    </p>
   </div>
   <div class='ocr_carea' id='block_1_91' title="bbox 2227 3028 3822 3101">
    <p class='ocr_par' dir='ltr' id='par_1_91' title="bbox 2227 3028 3822 3101">
     <span class='ocr_line' id='line_1_91' title="bbox 2227 3028 3822 3101; baseline -0.001 -15"><span class='ocrx_word' id='word_1_688' title='bbox 2227 3030 2408 3086; x_wconf 84' lang='lat' dir='ltr'><strong>ctavit.</strong></span> <span class='ocrx_word' id='word_1_689' title='bbox 2440 3030 2552 3086; x_wconf 76' lang='lat' dir='ltr'><strong>lies</strong></span> <span class='ocrx_word' id='word_1_690' title='bbox 2605 3032 2746 3086; x_wconf 88' lang='lat' dir='ltr'><strong>enim</strong></span> <span class='ocrx_word' id='word_1_691' title='bbox 2791 3044 3077 3101; x_wconf 89' lang='lat' dir='ltr'><strong>numquam</strong></span> <span class='ocrx_word' id='word_1_692' title='bbox 3090 3028 3287 3096; x_wconf 85' lang='lat' dir='ltr'><strong>.fuerit,</strong></span> <span class='ocrx_word' id='word_1_693' title='bbox 3317 3031 3363 3085; x_wconf 87' lang='lat' dir='ltr'><strong>si</strong></span> <span class='ocrx_word' id='word_1_694' title='bbox 3390 3044 3510 3086; x_wconf 85' lang='lat' dir='ltr'><strong>.non</strong></span> <span class='ocrx_word' id='word_1_695' title='bbox 3544 3030 3653 3086; x_wconf 86' lang='lat' dir='ltr'><strong>sint</strong></span> <span class='ocrx_word' id='word_1_696' title='bbox 3682 3028 3822 3084; x_wconf 82' lang='lat' dir='ltr'><strong>sub-</strong></span> 
     </span>
    </p>
   </div>
   <div class='ocr_carea' id='block_1_92' title="bbox 2229 3111 3825 3179">
    <p class='ocr_par' dir='ltr' id='par_1_92' title="bbox 2229 3111 3825 3179">
     <span class='ocr_line' id='line_1_92' title="bbox 2229 3111 3825 3179; baseline -0.001 -3"><span class='ocrx_word' id='word_1_697' title='bbox 2229 3120 2325 3176; x_wconf 88' lang='lat' dir='ltr'><strong>diti</strong></span> <span class='ocrx_word' id='word_1_698' title='bbox 2356 3138 2371 3175; x_wconf 87' lang='lat'><strong>:</strong></span> <span class='ocrx_word' id='word_1_699' title='bbox 2399 3130 2523 3176; x_wconf 91' lang='lat' dir='ltr'><strong>tunc</strong></span> <span class='ocrx_word' id='word_1_700' title='bbox 2542 3130 2720 3177; x_wconf 85' lang='lat' dir='ltr'><strong>autem</strong></span> <span class='ocrx_word' id='word_1_701' title='bbox 2740 3135 2869 3177; x_wconf 85' lang='lat' dir='ltr'><strong>vere</strong></span> <span class='ocrx_word' id='word_1_702' title='bbox 2890 3111 3107 3179; x_wconf 80' lang='lat' dir='ltr'><strong>videtur</strong></span> <span class='ocrx_word' id='word_1_703' title='bbox 3140 3135 3263 3177; x_wconf 87' lang='lat' dir='ltr'><strong>esse</strong></span> <span class='ocrx_word' id='word_1_704' title='bbox 3289 3120 3508 3177; x_wconf 87' lang='lat' dir='ltr'><strong>libertas</strong></span> <span class='ocrx_word' id='word_1_705' title='bbox 3538 3138 3553 3176; x_wconf 89' lang='lat'><strong>:</strong></span> <span class='ocrx_word' id='word_1_706' title='bbox 3584 3120 3825 3176; x_wconf 77' lang='lat' dir='ltr'><strong>servitus</strong></span> 
     </span>
    </p>
   </div>
   <div class='ocr_carea' id='block_1_93' title="bbox 2232 3209 3819 3281">
    <p class='ocr_par' dir='ltr' id='par_1_93' title="bbox 2232 3209 3819 3281">
     <span class='ocr_line' id='line_1_93' title="bbox 2232 3209 3819 3281; baseline -0.002 -13"><span class='ocrx_word' id='word_1_707' title='bbox 2232 3226 2393 3280; x_wconf 82' lang='lat' dir='ltr'><strong>porro</strong></span> <span class='ocrx_word' id='word_1_708' title='bbox 2411 3209 2729 3281; x_wconf 83' lang='lat' dir='ltr'><strong>gravissima</strong></span> <span class='ocrx_word' id='word_1_709' title='bbox 2762 3219 2846 3267; x_wconf 88' lang='lat' dir='ltr'><strong>est</strong></span> <span class='ocrx_word' id='word_1_710' title='bbox 2888 3210 2942 3266; x_wconf 93' lang='lat' dir='ltr'><strong>in</strong></span> <span class='ocrx_word' id='word_1_711' title='bbox 2962 3211 3152 3267; x_wconf 90' lang='lat' dir='ltr'><strong>ordine</strong></span> <span class='ocrx_word' id='word_1_712' title='bbox 3197 3210 3480 3277; x_wconf 85' lang='lat' dir='ltr'><strong>libertatis,</strong></span> <span class='ocrx_word' id='word_1_713' title='bbox 3512 3211 3819 3280; x_wconf 74' lang='lat' dir='ltr'><strong>pmertitn</strong></span> 
     </span>
    </p>
   </div>
   <div class='ocr_carea' id='block_1_94' title="bbox 2230 3300 3819 3374">
    <p class='ocr_par' dir='ltr' id='par_1_94' title="bbox 2230 3300 3819 3374">
     <span class='ocr_line' id='line_1_94' title="bbox 2230 3300 3819 3374; baseline 0 -16"><span class='ocrx_word' id='word_1_714' title='bbox 2230 3304 2276 3358; x_wconf 93' lang='lat' dir='ltr'><strong>si</strong></span> <span class='ocrx_word' id='word_1_715' title='bbox 2306 3304 2490 3359; x_wconf 89' lang='lat' dir='ltr'><strong>liberis</strong></span> <span class='ocrx_word' id='word_1_716' title='bbox 2529 3302 2844 3373; x_wconf 88' lang='lat' dir='ltr'><strong>imperetur.</strong></span> <span class='ocrx_word' id='word_1_717' title='bbox 2871 3304 2950 3360; x_wconf 82' lang='lat' dir='ltr'><strong>Ac</strong></span> <span class='ocrx_word' id='word_1_718' title='bbox 2975 3302 3097 3359; x_wconf 86' lang='lat' dir='ltr'><strong>vide</strong></span> <span class='ocrx_word' id='word_1_719' title='bbox 3120 3311 3318 3374; x_wconf 87' lang='lat' dir='ltr'><strong>quanta</strong></span> <span class='ocrx_word' id='word_1_720' title='bbox 3360 3300 3521 3357; x_wconf 83' lang='lat' dir='ltr'><strong>faciat</strong></span> <span class='ocrx_word' id='word_1_721' title='bbox 3550 3300 3819 3358; x_wconf 88' lang='lat' dir='ltr'><strong>ambitio:</strong></span> 
     </span>
    </p>
   </div>
   <div class='ocr_carea' id='block_1_95' title="bbox 2229 3391 3823 3463">
    <p class='ocr_par' dir='ltr' id='par_1_95' title="bbox 2229 3391 3823 3463">
     <span class='ocr_line' id='line_1_95' title="bbox 2229 3391 3823 3463; baseline -0.001 -16"><span class='ocrx_word' id='word_1_722' title='bbox 2229 3393 2352 3448; x_wconf 86' lang='lat' dir='ltr'><strong>vide</strong></span> <span class='ocrx_word' id='word_1_723' title='bbox 2389 3394 2632 3463; x_wconf 88' lang='lat' dir='ltr'><strong>corporis</strong></span> <span class='ocrx_word' id='word_1_724' title='bbox 2677 3393 2841 3449; x_wconf 90' lang='lat' dir='ltr'><strong>robur</strong></span> <span class='ocrx_word' id='word_1_725' title='bbox 2868 3408 2976 3449; x_wconf 92' lang='lat' dir='ltr'><strong>non</strong></span> <span class='ocrx_word' id='word_1_726' title='bbox 3027 3406 3251 3448; x_wconf 88' lang='lat' dir='ltr'><strong>manens</strong></span> <span class='ocrx_word' id='word_1_727' title='bbox 3279 3394 3417 3446; x_wconf 80' lang='lat' dir='ltr'><strong>intra</strong></span> <span class='ocrx_word' id='word_1_728' title='bbox 3441 3405 3569 3447; x_wconf 87' lang='lat' dir='ltr'><strong>suos</strong></span> <span class='ocrx_word' id='word_1_729' title='bbox 3596 3391 3823 3459; x_wconf 59' lang='lat' dir='ltr'><strong>limites,</strong></span> 
     </span>
    </p>
   </div>
   <div class='ocr_carea' id='block_1_96' title="bbox 2227 3476 3825 3555">
    <p class='ocr_par' dir='ltr' id='par_1_96' title="bbox 2227 3476 3825 3555">
     <span class='ocr_line' id='line_1_96' title="bbox 2227 3476 3825 3555; baseline 0 -16"><span class='ocrx_word' id='word_1_730' title='bbox 2227 3483 2325 3539; x_wconf 91' lang='lat' dir='ltr'><strong>scd</strong></span> <span class='ocrx_word' id='word_1_731' title='bbox 2367 3484 2517 3554; x_wconf 89' lang='lat' dir='ltr'><strong>plura</strong></span> <span class='ocrx_word' id='word_1_732' title='bbox 2542 3491 2802 3555; x_wconf 78' lang='lat' dir='ltr'><strong>expetens</strong></span> <span class='ocrx_word' id='word_1_733' title='bbox 2822 3525 2839 3551; x_wconf 92' lang='lat'><strong>,</strong></span> <span class='ocrx_word' id='word_1_734' title='bbox 2880 3492 2937 3541; x_wconf 88' lang='lat' dir='ltr'><strong>et</strong></span> <span class='ocrx_word' id='word_1_735' title='bbox 2979 3483 3162 3555; x_wconf 78' lang='lat' dir='ltr'><strong>gloria:</strong></span> <span class='ocrx_word' id='word_1_736' title='bbox 3188 3476 3527 3555; x_wconf 87' lang='lat' dir='ltr'><strong>appetentem</strong></span> <span class='ocrx_word' id='word_1_737' title='bbox 3549 3492 3825 3539; x_wconf 81' lang='lat' dir='ltr'><strong>naturam.</strong></span> 
     </span>
    </p>
   </div>
   <div class='ocr_carea' id='block_1_97' title="bbox 2228 3573 3829 3645">
    <p class='ocr_par' dir='ltr' id='par_1_97' title="bbox 2228 3573 3829 3645">
     <span class='ocr_line' id='line_1_97' title="bbox 2228 3573 3829 3645; baseline 0.001 -16"><span class='ocrx_word' id='word_1_738' title='bbox 2228 3574 2347 3630; x_wconf 83' lang='lat' dir='ltr'><strong>Non</strong></span> <span class='ocrx_word' id='word_1_739' title='bbox 2372 3575 2599 3631; x_wconf 84' lang='lat' dir='ltr'><strong>enimut</strong></span> <span class='ocrx_word' id='word_1_740' title='bbox 2626 3574 2939 3631; x_wconf 83' lang='lat' dir='ltr'><strong>defenderet</strong></span> <span class='ocrx_word' id='word_1_741' title='bbox 2962 3575 3082 3631; x_wconf 84' lang='lat' dir='ltr'><strong>illos</strong></span> <span class='ocrx_word' id='word_1_742' title='bbox 3112 3615 3129 3642; x_wconf 90' lang='lat'><strong>,</strong></span> <span class='ocrx_word' id='word_1_743' title='bbox 3178 3574 3516 3645; x_wconf 86' lang='lat' dir='ltr'><strong>imperabat;</strong></span> <span class='ocrx_word' id='word_1_744' title='bbox 3540 3573 3637 3629; x_wconf 85' lang='lat' dir='ltr'><strong>sed</strong></span> <span class='ocrx_word' id='word_1_745' title='bbox 3660 3581 3720 3629; x_wconf 86' lang='lat' dir='ltr'><strong>et</strong></span> <span class='ocrx_word' id='word_1_746' title='bbox 3740 3573 3829 3630; x_wconf 74' lang='lat' dir='ltr'><strong>ci-</strong></span> 
     </span>
    </p>
   </div>
   <div class='ocr_carea' id='block_1_98' title="bbox 2231 3661 3830 3733">
    <p class='ocr_par' dir='ltr' id='par_1_98' title="bbox 2231 3661 3830 3733">
     <span class='ocr_line' id='line_1_98' title="bbox 2231 3661 3830 3733; baseline -0.001 -13"><span class='ocrx_word' id='word_1_747' title='bbox 2231 3666 2424 3722; x_wconf 85' lang='lat' dir='ltr'><strong>vitates</strong></span> <span class='ocrx_word' id='word_1_748' title='bbox 2468 3664 2768 3721; x_wconf 66' lang='lat' dir='ltr'><strong>aediﬁcabat</strong></span> <span class='ocrx_word' id='word_1_749' title='bbox 2808 3675 2868 3721; x_wconf 90' lang='lat' dir='ltr'><strong>ut</strong></span> <span class='ocrx_word' id='word_1_750' title='bbox 2901 3664 3144 3721; x_wconf 79' lang='lat' dir='ltr'><strong>hostibus</strong></span> <span class='ocrx_word' id='word_1_751' title='bbox 3189 3664 3499 3733; x_wconf 85' lang='lat' dir='ltr'><strong>imperaret.</strong></span> <span class='ocrx_word' id='word_1_752' title='bbox 3545 3665 3642 3720; x_wconf 76' lang='grc' dir='ltr'><strong><em>ιι.</em></strong></span> <span class='ocrx_word' id='word_1_753' title='bbox 3674 3661 3830 3719; x_wconf 66' lang='lat' dir='ltr'><strong>dada</strong></span> 
     </span>
    </p>
   </div>
   <div class='ocr_carea' id='block_1_99' title="bbox 2230 3752 3829 3826">
    <p class='ocr_par' dir='ltr' id='par_1_99' title="bbox 2230 3752 3829 3826">
     <span class='ocr_line' id='line_1_99' title="bbox 2230 3752 3829 3826; baseline -0.001 -17"><span class='ocrx_word' id='word_1_754' title='bbox 2230 3756 2386 3822; x_wconf 77' lang='lat' dir='ltr'><strong>enim,</strong></span> <span class='ocrx_word' id='word_1_755' title='bbox 2432 3756 2620 3826; x_wconf 90' lang='lat' dir='ltr'><strong>inquit,</strong></span> <span class='ocrx_word' id='word_1_756' title='bbox 2652 3757 2726 3809; x_wconf 61' lang='lat' dir='ltr'><strong>“ia:</strong></span> <span class='ocrx_word' id='word_1_757' title='bbox 2763 3764 2901 3823; x_wconf 79' lang='lat' dir='ltr'><strong>terra</strong></span> <span class='ocrx_word' id='word_1_758' title='bbox 2928 3755 3021 3809; x_wconf 80' lang='lat' dir='ltr'><strong>illa</strong></span> <span class='ocrx_word' id='word_1_759' title='bbox 3053 3755 3205 3809; x_wconf 72' lang='lat' dir='ltr'><strong>exivit</strong></span> <span class='ocrx_word' id='word_1_760' title='bbox 3234 3752 3429 3818; x_wconf 68' lang='lat' dir='ltr'><strong>Assur,</strong></span> <span class='ocrx_word' id='word_1_761' title='bbox 3475 3761 3525 3807; x_wconf 80' lang='lat' dir='ltr'><strong>et</strong></span> <span class='ocrx_word' id='word_1_762' title='bbox 3548 3752 3829 3821; x_wconf 69' lang='lat' dir='ltr'><strong>adiﬁch</strong></span> 
     </span>
    </p>
   </div>
   <div class='ocr_carea' id='block_1_100' title="bbox 2236 3845 3829 3916">
    <p class='ocr_par' dir='ltr' id='par_1_100' title="bbox 2236 3845 3829 3916">
     <span class='ocr_line' id='line_1_100' title="bbox 2236 3845 3829 3916; baseline -0.001 -16"><span class='ocrx_word' id='word_1_763' title='bbox 2236 3846 2481 3901; x_wconf 80' lang='lat' dir='ltr'><strong>Nininen.</strong></span> <span class='ocrx_word' id='word_1_764' title='bbox 2513 3846 2892 3903; x_wconf 72' lang='lat' dir='ltr'><strong>Animadverte</strong></span> <span class='ocrx_word' id='word_1_765' title='bbox 2911 3846 2999 3904; x_wconf 87' lang='lat' dir='ltr'><strong>hic</strong></span> <span class='ocrx_word' id='word_1_766' title='bbox 3024 3860 3237 3916; x_wconf 87' lang='lat' dir='ltr'><strong>quoque</strong></span> <span class='ocrx_word' id='word_1_767' title='bbox 3277 3845 3409 3900; x_wconf 89' lang='lat' dir='ltr'><strong>nihil</strong></span> <span class='ocrx_word' id='word_1_768' title='bbox 3435 3845 3631 3901; x_wconf 77' lang='lat' dir='ltr'><strong>ltederc</strong></span> <span class='ocrx_word' id='word_1_769' title='bbox 3659 3854 3829 3900; x_wconf 81' lang='lat' dir='ltr'><strong>natu-</strong></span> 
     </span>
    </p>
   </div>
   <div class='ocr_carea' id='block_1_101' title="bbox 2230 3934 3827 4006">
    <p class='ocr_par' dir='ltr' id='par_1_101' title="bbox 2230 3934 3827 4006">
     <span class='ocr_line' id='line_1_101' title="bbox 2230 3934 3827 4006; baseline 0.001 -17"><span class='ocrx_word' id='word_1_770' title='bbox 2230 3952 2344 3992; x_wconf 87' lang='lat' dir='ltr'><strong>ram</strong></span> <span class='ocrx_word' id='word_1_771' title='bbox 2391 3945 2634 3992; x_wconf 90' lang='lat' dir='ltr'><strong>nostram</strong></span> <span class='ocrx_word' id='word_1_772' title='bbox 2664 3936 3076 4006; x_wconf 64' lang='lat' dir='ltr'><strong>,progenitorum</strong></span> <span class='ocrx_word' id='word_1_773' title='bbox 3126 3935 3404 3991; x_wconf 88' lang='lat' dir='ltr'><strong>malitiam.</strong></span> <span class='ocrx_word' id='word_1_774' title='bbox 3441 3935 3502 3991; x_wconf 89' lang='lat' dir='ltr'><strong>Hi</strong></span> <span class='ocrx_word' id='word_1_775' title='bbox 3529 3936 3697 4002; x_wconf 89' lang='lat' dir='ltr'><strong>enim,</strong></span> <span class='ocrx_word' id='word_1_776' title='bbox 3721 3934 3827 3991; x_wconf 83' lang='lat' dir='ltr'><strong>Ni-</strong></span> 
     </span>
    </p>
   </div>
   <div class='ocr_carea' id='block_1_102' title="bbox 2234 4026 3831 4095">
    <p class='ocr_par' dir='ltr' id='par_1_102' title="bbox 2234 4026 3831 4095">
     <span class='ocr_line' id='line_1_102' title="bbox 2234 4026 3831 4095; baseline -0.001 -12"><span class='ocrx_word' id='word_1_777' title='bbox 2234 4028 2430 4084; x_wconf 87' lang='lat' dir='ltr'><strong>nivitas</strong></span> <span class='ocrx_word' id='word_1_778' title='bbox 2456 4028 2609 4094; x_wconf 87' lang='lat' dir='ltr'><strong>dico,</strong></span> <span class='ocrx_word' id='word_1_779' title='bbox 2637 4027 3058 4084; x_wconf 88' lang='lat' dir='ltr'><strong>misericordiam</strong></span> <span class='ocrx_word' id='word_1_780' title='bbox 3091 4027 3182 4081; x_wconf 87' lang='lat' dir='ltr'><strong>Dei</strong></span> <span class='ocrx_word' id='word_1_781' title='bbox 3228 4026 3539 4095; x_wconf 74' lang='lat' dir='ltr'><strong>pmnitentia</strong></span> <span class='ocrx_word' id='word_1_782' title='bbox 3566 4026 3667 4081; x_wconf 85' lang='lat' dir='ltr'><strong>sibi</strong></span> <span class='ocrx_word' id='word_1_783' title='bbox 3690 4039 3831 4081; x_wconf 85' lang='lat' dir='ltr'><strong>con-</strong></span> 
     </span>
    </p>
   </div>
   <div class='ocr_carea' id='block_1_103' title="bbox 2234 4114 3832 4186">
    <p class='ocr_par' dir='ltr' id='par_1_103' title="bbox 2234 4114 3832 4186">
     <span class='ocr_line' id='line_1_103' title="bbox 2234 4114 3832 4186; baseline -0.003 -13"><span class='ocrx_word' id='word_1_784' title='bbox 2234 4119 2501 4183; x_wconf 89' lang='lat' dir='ltr'><strong>ciliarunt,</strong></span> <span class='ocrx_word' id='word_1_785' title='bbox 2523 4126 2769 4174; x_wconf 82' lang='lat' dir='ltr'><strong>revocata</strong></span> <span class='ocrx_word' id='word_1_786' title='bbox 2796 4117 2940 4173; x_wconf 89' lang='lat' dir='ltr'><strong>illius</strong></span> <span class='ocrx_word' id='word_1_787' title='bbox 2967 4117 3237 4172; x_wconf 90' lang='lat' dir='ltr'><strong>sententia</strong></span> <span class='ocrx_word' id='word_1_788' title='bbox 3287 4114 3404 4183; x_wconf 88' lang='lat' dir='ltr'><strong>:hi,</strong></span> <span class='ocrx_word' id='word_1_789' title='bbox 3434 4115 3673 4185; x_wconf 86' lang='lat' dir='ltr'><strong>inquam,</strong></span> <span class='ocrx_word' id='word_1_790' title='bbox 3699 4130 3832 4186; x_wconf 88' lang='lat' dir='ltr'><strong>pro-</strong></span> 
     </span>
    </p>
   </div>
   <div class='ocr_carea' id='block_1_104' title="bbox 2234 4205 3828 4280">
    <p class='ocr_par' dir='ltr' id='par_1_104' title="bbox 2234 4205 3828 4280">
     <span class='ocr_line' id='line_1_104' title="bbox 2234 4205 3828 4280; baseline -0.002 -16"><span class='ocrx_word' id='word_1_791' title='bbox 2234 4211 2528 4280; x_wconf 85' lang='lat' dir='ltr'><strong>genitorem</strong></span> <span class='ocrx_word' id='word_1_792' title='bbox 2550 4209 2848 4263; x_wconf 81' lang='lat' dir='ltr'><strong>habuerunt</strong></span> <span class='ocrx_word' id='word_1_793' title='bbox 2874 4208 3043 4264; x_wconf 89' lang='lat' dir='ltr'><strong>Cham</strong></span> <span class='ocrx_word' id='word_1_794' title='bbox 3068 4206 3410 4276; x_wconf 84' lang='lat' dir='ltr'><strong>parricidam,</strong></span> <span class='ocrx_word' id='word_1_795' title='bbox 3430 4205 3628 4261; x_wconf 85' lang='lat' dir='ltr'><strong>deinde</strong></span> <span class='ocrx_word' id='word_1_796' title='bbox 3658 4206 3828 4261; x_wconf 77' lang='lat' dir='ltr'><strong>Netu-</strong></span> 
     </span>
    </p>
   </div>
   <div class='ocr_carea' id='block_1_105' title="bbox 2236 4301 3830 4371">
    <p class='ocr_par' dir='ltr' id='par_1_105' title="bbox 2236 4301 3830 4371">
     <span class='ocr_line' id='line_1_105' title="bbox 2236 4301 3830 4371; baseline -0.001 -14"><span class='ocrx_word' id='word_1_797' title='bbox 2236 4301 2333 4357; x_wconf 87' lang='lat' dir='ltr'><strong>rod</strong></span> <span class='ocrx_word' id='word_1_798' title='bbox 2356 4302 2627 4356; x_wconf 90' lang='lat' dir='ltr'><strong>hominem</strong></span> <span class='ocrx_word' id='word_1_799' title='bbox 2660 4309 2941 4371; x_wconf 84' lang='lat' dir='ltr'><strong>tyrannum</strong></span> <span class='ocrx_word' id='word_1_800' title='bbox 2974 4308 3030 4355; x_wconf 91' lang='lat' dir='ltr'><strong>et</strong></span> <span class='ocrx_word' id='word_1_801' title='bbox 3067 4307 3426 4367; x_wconf 80' lang='lat' dir='ltr'><strong>arrogantem,</strong></span> <span class='ocrx_word' id='word_1_802' title='bbox 3449 4313 3516 4352; x_wconf 81' lang='lat' dir='ltr'><strong>ex</strong></span> <span class='ocrx_word' id='word_1_803' title='bbox 3541 4312 3651 4367; x_wconf 85' lang='lat' dir='ltr'><strong>quo</strong></span> <span class='ocrx_word' id='word_1_804' title='bbox 3672 4308 3830 4355; x_wconf 84' lang='lat' dir='ltr'><strong>ortus</strong></span> 
     </span>
    </p>
   </div>
   <div class='ocr_carea' id='block_1_106' title="bbox 2236 4388 3831 4463">
    <p class='ocr_par' dir='ltr' id='par_1_106' title="bbox 2236 4388 3831 4463">
     <span class='ocr_line' id='line_1_106' title="bbox 2236 4388 3831 4463; baseline -0.004 -14"><span class='ocrx_word' id='word_1_805' title='bbox 2236 4396 2409 4449; x_wconf 83' lang='lat' dir='ltr'><strong>Assur</strong></span> <span class='ocrx_word' id='word_1_806' title='bbox 2434 4392 2527 4463; x_wconf 84' lang='grc' dir='ltr'><strong>(α).</strong></span> <span class='ocrx_word' id='word_1_807' title='bbox 2564 4391 2820 4445; x_wconf 87' lang='lat' dir='ltr'><strong>Dicuntur</strong></span> <span class='ocrx_word' id='word_1_808' title='bbox 2866 4399 3045 4445; x_wconf 87' lang='lat' dir='ltr'><strong>autem</strong></span> <span class='ocrx_word' id='word_1_809' title='bbox 3074 4389 3214 4444; x_wconf 87' lang='lat' dir='ltr'><strong>forte</strong></span> <span class='ocrx_word' id='word_1_810' title='bbox 3268 4396 3323 4444; x_wconf 87' lang='lat' dir='ltr'><strong>et</strong></span> <span class='ocrx_word' id='word_1_811' title='bbox 3345 4388 3436 4443; x_wconf 89' lang='lat' dir='ltr'><strong>alii</strong></span> <span class='ocrx_word' id='word_1_812' title='bbox 3481 4388 3644 4443; x_wconf 88' lang='lat' dir='ltr'><strong>fuisse</strong></span> <span class='ocrx_word' id='word_1_813' title='bbox 3684 4389 3831 4443; x_wconf 89' lang='lat' dir='ltr'><strong>inter</strong></span> 
     </span>
    </p>
   </div>
   <div class='ocr_carea' id='block_1_107' title="bbox 2238 4481 3828 4551">
    <p class='ocr_par' dir='ltr' id='par_1_107' title="bbox 2238 4481 3828 4551">
     <span class='ocr_line' id='line_1_107' title="bbox 2238 4481 3828 4551; baseline -0.001 -12"><span class='ocrx_word' id='word_1_814' title='bbox 2238 4485 2357 4542; x_wconf 89' lang='lat' dir='ltr'><strong>illos</strong></span> <span class='ocrx_word' id='word_1_815' title='bbox 2386 4484 2575 4538; x_wconf 89' lang='lat' dir='ltr'><strong>molles</strong></span> <span class='ocrx_word' id='word_1_816' title='bbox 2625 4493 2681 4538; x_wconf 91' lang='lat' dir='ltr'><strong>et</strong></span> <span class='ocrx_word' id='word_1_817' title='bbox 2707 4482 2948 4546; x_wconf 88' lang='lat' dir='ltr'><strong>delicati,</strong></span> <span class='ocrx_word' id='word_1_818' title='bbox 2977 4492 3031 4538; x_wconf 90' lang='lat' dir='ltr'><strong>et</strong></span> <span class='ocrx_word' id='word_1_819' title='bbox 3055 4481 3375 4537; x_wconf 72' lang='lat' dir='ltr'><strong>dissolutam</strong></span> <span class='ocrx_word' id='word_1_820' title='bbox 3419 4495 3483 4535; x_wconf 90' lang='lat' dir='ltr'><strong>ac</strong></span> <span class='ocrx_word' id='word_1_821' title='bbox 3512 4492 3828 4551; x_wconf 85' lang='lat' dir='ltr'><strong>corruptam</strong></span> 
     </span>
    </p>
   </div>
   <div class='ocr_carea' id='block_1_108' title="bbox 2237 4571 3828 4648">
    <p class='ocr_par' dir='ltr' id='par_1_108' title="bbox 2237 4571 3828 4648">
     <span class='ocr_line' id='line_1_108' title="bbox 2237 4571 3828 4648; baseline -0.004 -15"><span class='ocrx_word' id='word_1_822' title='bbox 2237 4588 2455 4648; x_wconf 83' lang='lat' dir='ltr'><strong>agentes</strong></span> <span class='ocrx_word' id='word_1_823' title='bbox 2478 4578 2639 4631; x_wconf 87' lang='lat' dir='ltr'><strong>vitam</strong></span> <span class='ocrx_word' id='word_1_824' title='bbox 2657 4616 2673 4640; x_wconf 95' lang='lat'><strong>,</strong></span> <span class='ocrx_word' id='word_1_825' title='bbox 2696 4575 2959 4639; x_wconf 87' lang='lat' dir='ltr'><strong>ebrietati,</strong></span> <span class='ocrx_word' id='word_1_826' title='bbox 2983 4583 3039 4630; x_wconf 90' lang='lat' dir='ltr'><strong>et</strong></span> <span class='ocrx_word' id='word_1_827' title='bbox 3058 4574 3210 4638; x_wconf 88' lang='lat' dir='ltr'><strong>risui,</strong></span> <span class='ocrx_word' id='word_1_828' title='bbox 3228 4584 3282 4629; x_wconf 91' lang='lat' dir='ltr'><strong>et</strong></span> <span class='ocrx_word' id='word_1_829' title='bbox 3297 4571 3828 4639; x_wconf 86' lang='lat' dir='ltr'><strong>subsannatiouibus,</strong></span> 
     </span>
    </p>
   </div>
   <div class='ocr_carea' id='block_1_109' title="bbox 2238 4663 3829 4735">
    <p class='ocr_par' dir='ltr' id='par_1_109' title="bbox 2238 4663 3829 4735">
     <span class='ocr_line' id='line_1_109' title="bbox 2238 4663 3829 4735; baseline -0.003 -11"><span class='ocrx_word' id='word_1_830' title='bbox 2238 4681 2293 4725; x_wconf 89' lang='lat' dir='ltr'><strong>et</strong></span> <span class='ocrx_word' id='word_1_831' title='bbox 2318 4670 2624 4725; x_wconf 88' lang='lat' dir='ltr'><strong>scommatis</strong></span> <span class='ocrx_word' id='word_1_832' title='bbox 2648 4666 2835 4723; x_wconf 86' lang='lat' dir='ltr'><strong>dediti.</strong></span> <span class='ocrx_word' id='word_1_833' title='bbox 2863 4666 2969 4721; x_wconf 75' lang='lat' dir='ltr'><strong>Sed</strong></span> <span class='ocrx_word' id='word_1_834' title='bbox 2998 4667 3120 4735; x_wconf 89' lang='lat' dir='ltr'><strong>quia</strong></span> <span class='ocrx_word' id='word_1_835' title='bbox 3150 4666 3415 4719; x_wconf 89' lang='lat' dir='ltr'><strong>sinceram</strong></span> <span class='ocrx_word' id='word_1_836' title='bbox 3454 4680 3566 4733; x_wconf 78' lang='lat' dir='ltr'><strong>pra:</strong></span> <span class='ocrx_word' id='word_1_837' title='bbox 3592 4679 3653 4720; x_wconf 89' lang='lat' dir='ltr'><strong>se</strong></span> <span class='ocrx_word' id='word_1_838' title='bbox 3681 4663 3829 4720; x_wconf 84' lang='lat' dir='ltr'><strong>ferre</strong></span> 
     </span>
    </p>
   </div>
   <div class='ocr_carea' id='block_1_110' title="bbox 2238 4755 3829 4831">
    <p class='ocr_par' dir='ltr' id='par_1_110' title="bbox 2238 4755 3829 4831">
     <span class='ocr_line' id='line_1_110' title="bbox 2238 4755 3829 4831; baseline -0.004 -14"><span class='ocrx_word' id='word_1_839' title='bbox 2238 4764 2453 4819; x_wconf 88' lang='lat' dir='ltr'><strong>volucre</strong></span> <span class='ocrx_word' id='word_1_840' title='bbox 2481 4760 2870 4831; x_wconf 74' lang='lat' dir='ltr'><strong>pmnitentiam,</strong></span> <span class='ocrx_word' id='word_1_841' title='bbox 2902 4758 3033 4812; x_wconf 86' lang='lat' dir='ltr'><strong>nihil</strong></span> <span class='ocrx_word' id='word_1_842' title='bbox 3062 4757 3190 4826; x_wconf 87' lang='lat' dir='ltr'><strong>ipsis</strong></span> <span class='ocrx_word' id='word_1_843' title='bbox 3220 4755 3392 4809; x_wconf 74' lang='lat' dir='ltr'><strong>obfuit</strong></span> <span class='ocrx_word' id='word_1_844' title='bbox 3418 4760 3829 4825; x_wconf 81' lang='lat' dir='ltr'><strong>progenitorum</strong></span> 
     </span>
    </p>
   </div>
   <div class='ocr_carea' id='block_1_111' title="bbox 2239 4844 3829 4918">
    <p class='ocr_par' dir='ltr' id='par_1_111' title="bbox 2239 4844 3829 4918">
     <span class='ocr_line' id='line_1_111' title="bbox 2239 4844 3829 4918; baseline -0.004 -12"><span class='ocrx_word' id='word_1_845' title='bbox 2239 4851 2479 4918; x_wconf 84' lang='lat' dir='ltr'><strong>malitia,</strong></span> <span class='ocrx_word' id='word_1_846' title='bbox 2530 4849 2625 4904; x_wconf 85' lang='lat' dir='ltr'><strong>sed</strong></span> <span class='ocrx_word' id='word_1_847' title='bbox 2675 4857 2878 4903; x_wconf 90' lang='lat' dir='ltr'><strong>tantum</strong></span> <span class='ocrx_word' id='word_1_848' title='bbox 2926 4848 3028 4902; x_wconf 90' lang='lat' dir='ltr'><strong>sibi</strong></span> <span class='ocrx_word' id='word_1_849' title='bbox 3073 4846 3302 4902; x_wconf 68' lang='lat' dir='ltr'><strong>cmlestis</strong></span> <span class='ocrx_word' id='word_1_850' title='bbox 3335 4844 3533 4900; x_wconf 85' lang='lat' dir='ltr'><strong>favoris</strong></span> <span class='ocrx_word' id='word_1_851' title='bbox 3576 4846 3829 4901; x_wconf 88' lang='lat' dir='ltr'><strong>concilia-</strong></span> 
     </span>
    </p>
   </div>
   <div class='ocr_carea' id='block_1_112' title="bbox 2303 4958 3829 5025">
    <p class='ocr_par' dir='ltr' id='par_1_112' title="bbox 2303 4958 3829 5025">
     <span class='ocr_line' id='line_1_112' title="bbox 2303 4958 3829 5025; baseline -0.003 -13"><span class='ocrx_word' id='word_1_852' title='bbox 2303 4963 2376 5025; x_wconf 86' lang='lat' dir='ltr'><strong>(a)</strong></span> <span class='ocrx_word' id='word_1_853' title='bbox 2408 4961 2464 5011; x_wconf 89' lang='lat' dir='ltr'><strong>In</strong></span> <span class='ocrx_word' id='word_1_854' title='bbox 2492 4973 2653 5024; x_wconf 74' lang='lat' dir='ltr'><strong>grteco</strong></span> <span class='ocrx_word' id='word_1_855' title='bbox 2676 4961 2857 5021; x_wconf 73' lang='lat' dir='ltr'><strong>legitur</strong></span> <span class='ocrx_word' id='word_1_856' title='bbox 2875 4999 2888 5018; x_wconf 89' lang='lat'><strong>,</strong></span> <span class='ocrx_word' id='word_1_857' title='bbox 2912 4974 3057 5022; x_wconf 67' lang='lat' dir='ltr'><strong>inm</strong></span> <span class='ocrx_word' id='word_1_858' title='bbox 3080 4972 3257 5022; x_wconf 68' lang='grc' dir='ltr'><strong><em>ιοιηιότ.</em></strong></span> <span class='ocrx_word' id='word_1_859' title='bbox 3278 4971 3345 5025; x_wconf 46' lang='lat' dir='ltr'><strong>et</strong></span> <span class='ocrx_word' id='word_1_860' title='bbox 3364 4962 3525 5020; x_wconf 69' lang='grc' dir='ltr'><strong>Ᾱσοοιρ.</strong></span> <span class='ocrx_word' id='word_1_861' title='bbox 3550 4958 3713 5008; x_wconf 86' lang='lat' dir='ltr'><strong>Vetus</strong></span> <span class='ocrx_word' id='word_1_862' title='bbox 3746 4959 3829 5008; x_wconf 84' lang='lat' dir='ltr'><strong>ln-</strong></span> 
     </span>
    </p>
   </div>
   <div class='ocr_carea' id='block_1_113' title="bbox 2241 5022 3832 5087">
    <p class='ocr_par' dir='ltr' id='par_1_113' title="bbox 2241 5022 3832 5087">
     <span class='ocr_line' id='line_1_113' title="bbox 2241 5022 3832 5087; baseline -0.003 -13"><span class='ocrx_word' id='word_1_863' title='bbox 2241 5022 2453 5087; x_wconf 37' lang='lat' dir='ltr'><strong>ter‘pres,</strong></span> <span class='ocrx_word' id='word_1_864' title='bbox 2478 5022 2693 5084; x_wconf 63' lang='lat' dir='ltr'><strong>nepotem</strong></span> <span class='ocrx_word' id='word_1_865' title='bbox 2713 5034 2897 5083; x_wconf 84' lang='lat' dir='ltr'><strong>quoque</strong></span> <span class='ocrx_word' id='word_1_866' title='bbox 2924 5034 3066 5087; x_wconf 46' lang='lat' dir='ltr'><strong>{mur</strong></span> <span class='ocrx_word' id='word_1_867' title='bbox 3082 5033 3099 5079; x_wconf 88' lang='lat'><strong><em>;</em></strong></span> <span class='ocrx_word' id='word_1_868' title='bbox 3118 5034 3209 5069; x_wconf 79' lang='lat' dir='ltr'><strong>nos</strong></span> <span class='ocrx_word' id='word_1_869' title='bbox 3226 5022 3474 5087; x_wconf 69' lang='lat' dir='ltr'><strong>vertimus,</strong></span> <span class='ocrx_word' id='word_1_870' title='bbox 3496 5032 3560 5067; x_wconf 71' lang='lat' dir='ltr'><strong>ex</strong></span> <span class='ocrx_word' id='word_1_871' title='bbox 3577 5032 3673 5087; x_wconf 78' lang='lat' dir='ltr'><strong>quo</strong></span> <span class='ocrx_word' id='word_1_872' title='bbox 3695 5028 3832 5073; x_wconf 78' lang='lat' dir='ltr'><strong>ortus</strong></span> 
     </span>
    </p>
   </div>
   <div class='ocr_carea' id='block_1_114' title="bbox 2241 5082 3831 5145">
    <p class='ocr_par' dir='ltr' id='par_1_114' title="bbox 2241 5082 3831 5145">
     <span class='ocr_line' id='line_1_114' title="bbox 2241 5082 3831 5145; baseline -0.002 -12"><span class='ocrx_word' id='word_1_873' title='bbox 2241 5082 2404 5135; x_wconf 57' lang='lat' dir='ltr'><strong>mw.</strong></span> <span class='ocrx_word' id='word_1_874' title='bbox 2430 5082 2579 5133; x_wconf 81' lang='lat' dir='ltr'><strong>Assur</strong></span> <span class='ocrx_word' id='word_1_875' title='bbox 2604 5082 2729 5145; x_wconf 82' lang='lat' dir='ltr'><strong>ergo</strong></span> <span class='ocrx_word' id='word_1_876' title='bbox 2743 5082 2883 5145; x_wconf 85' lang='lat' dir='ltr'><strong>putat</strong></span> <span class='ocrx_word' id='word_1_877' title='bbox 2900 5082 3264 5145; x_wconf 70' lang='lat' dir='ltr'><strong>chrysostomus</strong></span> <span class='ocrx_word' id='word_1_878' title='bbox 3289 5094 3349 5128; x_wconf 73' lang='lat' dir='ltr'><strong>ex</strong></span> <span class='ocrx_word' id='word_1_879' title='bbox 3396 5083 3645 5135; x_wconf 77' lang='lat' dir='ltr'><strong>Nemrodo</strong></span> <span class='ocrx_word' id='word_1_880' title='bbox 3667 5091 3831 5133; x_wconf 85' lang='lat' dir='ltr'><strong>ortum</strong></span> 
     </span>
    </p>
   </div>
   <div class='ocr_carea' id='block_1_115' title="bbox 2219 5143 3831 5206">
    <p class='ocr_par' dir='ltr' id='par_1_115' title="bbox 2219 5143 3831 5206">
     <span class='ocr_line' id='line_1_115' title="bbox 2219 5143 3831 5206; baseline -0.003 -10"><span class='ocrx_word' id='word_1_881' title='bbox 2219 5159 2374 5204; x_wconf 72' lang='lat' dir='ltr'><strong>,essc,</strong></span> <span class='ocrx_word' id='word_1_882' title='bbox 2393 5154 2558 5195; x_wconf 83' lang='lat' dir='ltr'><strong>contra</strong></span> <span class='ocrx_word' id='word_1_883' title='bbox 2580 5143 2724 5206; x_wconf 66' lang='lat' dir='ltr'><strong>quam</strong></span> <span class='ocrx_word' id='word_1_884' title='bbox 2743 5143 2925 5206; x_wconf 75' lang='lat' dir='ltr'><strong>legitur</strong></span> <span class='ocrx_word' id='word_1_885' title='bbox 2956 5144 3003 5190; x_wconf 91' lang='lat' dir='ltr'><strong>in</strong></span> <span class='ocrx_word' id='word_1_886' title='bbox 3028 5143 3203 5190; x_wconf 81' lang='lat' dir='ltr'><strong>eodem</strong></span> <span class='ocrx_word' id='word_1_887' title='bbox 3228 5153 3352 5189; x_wconf 88' lang='lat' dir='ltr'><strong>nono</strong></span> <span class='ocrx_word' id='word_1_888' title='bbox 3374 5150 3533 5201; x_wconf 68' lang='lat' dir='ltr'><strong>capite</strong></span> <span class='ocrx_word' id='word_1_889' title='bbox 3551 5150 3831 5206; x_wconf 57' lang='lat' dir='ltr'><strong>pauescas,</strong></span> 
     </span>
    </p>
   </div>
   <div class='ocr_carea' id='block_1_116' title="bbox 2242 5202 3831 5265">
    <p class='ocr_par' dir='ltr' id='par_1_116' title="bbox 2242 5202 3831 5265">
     <span class='ocr_line' id='line_1_116' title="bbox 2242 5202 3831 5265; baseline -0.002 -10"><span class='ocrx_word' id='word_1_890' title='bbox 2242 5208 2325 5255; x_wconf 88' lang='lat' dir='ltr'><strong>ubi</strong></span> <span class='ocrx_word' id='word_1_891' title='bbox 2349 5202 2498 5255; x_wconf 84' lang='lat' dir='ltr'><strong>Assur</strong></span> <span class='ocrx_word' id='word_1_892' title='bbox 2517 5202 2643 5253; x_wconf 81' lang='lat' dir='ltr'><strong>filius</strong></span> <span class='ocrx_word' id='word_1_893' title='bbox 2665 5202 3003 5253; x_wconf 68' lang='lat' dir='ltr'><strong>scmi&#39;diciutr.</strong></span> <span class='ocrx_word' id='word_1_894' title='bbox 3028 5210 3175 5252; x_wconf 69' lang='lat' dir='ltr'><strong>locus</strong></span> <span class='ocrx_word' id='word_1_895' title='bbox 3195 5208 3358 5265; x_wconf 73' lang='lat' dir='ltr'><strong>autem</strong></span> <span class='ocrx_word' id='word_1_896' title='bbox 3380 5214 3529 5264; x_wconf 80' lang='lat' dir='ltr'><strong>quem</strong></span> <span class='ocrx_word' id='word_1_897' title='bbox 3551 5202 3631 5251; x_wconf 87' lang='lat' dir='ltr'><strong>hic</strong></span> <span class='ocrx_word' id='word_1_898' title='bbox 3655 5202 3831 5265; x_wconf 59' lang='lat' dir='ltr'><strong>espla;</strong></span> 
     </span>
    </p>
   </div>
   <div class='ocr_carea' id='block_1_117' title="bbox 2243 5263 3829 5328">
    <p class='ocr_par' dir='ltr' id='par_1_117' title="bbox 2243 5263 3829 5328">
     <span class='ocr_line' id='line_1_117' title="bbox 2243 5263 3829 5328; baseline -0.002 -13"><span class='ocrx_word' id='word_1_899' title='bbox 2243 5274 2325 5316; x_wconf 89' lang='lat' dir='ltr'><strong>nat</strong></span> <span class='ocrx_word' id='word_1_900' title='bbox 2346 5269 2726 5328; x_wconf 72' lang='lat' dir='ltr'><strong>Chrysostomus,</strong></span> <span class='ocrx_word' id='word_1_901' title='bbox 2752 5278 2959 5327; x_wconf 84' lang='lat' dir='ltr'><strong>nempe:</strong></span> <span class='ocrx_word' id='word_1_902' title='bbox 2984 5273 3047 5328; x_wconf 82' lang='lat' dir='ltr'><strong>Dc</strong></span> <span class='ocrx_word' id='word_1_903' title='bbox 3064 5271 3194 5313; x_wconf 86' lang='lat' dir='ltr'><strong>terra</strong></span> <span class='ocrx_word' id='word_1_904' title='bbox 3216 5263 3302 5328; x_wconf 77' lang='lat' dir='ltr'><strong>illa</strong></span> <span class='ocrx_word' id='word_1_905' title='bbox 3323 5263 3542 5328; x_wconf 72' lang='lat' dir='ltr'><strong>egressus</strong></span> <span class='ocrx_word' id='word_1_906' title='bbox 3566 5270 3638 5328; x_wconf 71' lang='lat' dir='ltr'><strong>est</strong></span> <span class='ocrx_word' id='word_1_907' title='bbox 3664 5263 3829 5325; x_wconf 48' lang='lat' dir='ltr'><strong>aesar,</strong></span> 
     </span>
    </p>
   </div>
   <div class='ocr_carea' id='block_1_118' title="bbox 2243 5322 3831 5388">
    <p class='ocr_par' dir='ltr' id='par_1_118' title="bbox 2243 5322 3831 5388">
     <span class='ocr_line' id='line_1_118' title="bbox 2243 5322 3831 5388; baseline -0.003 -11"><span class='ocrx_word' id='word_1_908' title='bbox 2243 5330 2378 5377; x_wconf 84' lang='lat' dir='ltr'><strong>varie</strong></span> <span class='ocrx_word' id='word_1_909' title='bbox 2403 5322 2675 5388; x_wconf 67' lang='lat' dir='ltr'><strong>eiplicatnr</strong></span> <span class='ocrx_word' id='word_1_910' title='bbox 2698 5328 2760 5375; x_wconf 76' lang='lat' dir='ltr'><strong>ub</strong></span> <span class='ocrx_word' id='word_1_911' title='bbox 2783 5322 3162 5388; x_wconf 77' lang='lat' dir='ltr'><strong>interpretibus;</strong></span> <span class='ocrx_word' id='word_1_912' title='bbox 3187 5325 3266 5373; x_wconf 86' lang='lat' dir='ltr'><strong>alii</strong></span> <span class='ocrx_word' id='word_1_913' title='bbox 3303 5322 3473 5388; x_wconf 76' lang='lat' dir='ltr'><strong>putant</strong></span> <span class='ocrx_word' id='word_1_914' title='bbox 3495 5322 3573 5371; x_wconf 82' lang='lat' dir='ltr'><strong>hic</strong></span> <span class='ocrx_word' id='word_1_915' title='bbox 3592 5323 3660 5372; x_wconf 88' lang='lat' dir='ltr'><strong>de</strong></span> <span class='ocrx_word' id='word_1_916' title='bbox 3686 5322 3831 5373; x_wconf 56' lang='lat' dir='ltr'><strong>sun;</strong></span> 
     </span>
    </p>
   </div>
   <div class='ocr_carea' id='block_1_119' title="bbox 2251 5386 3831 5450">
    <p class='ocr_par' dir='ltr' id='par_1_119' title="bbox 2251 5386 3831 5450">
     <span class='ocr_line' id='line_1_119' title="bbox 2251 5386 3831 5450; baseline -0.002 -16"><span class='ocrx_word' id='word_1_917' title='bbox 2251 5391 2372 5439; x_wconf 86' lang='lat' dir='ltr'><strong>rodo</strong></span> <span class='ocrx_word' id='word_1_918' title='bbox 2394 5386 2499 5450; x_wconf 73' lang='lat' dir='ltr'><strong>agi,</strong></span> <span class='ocrx_word' id='word_1_919' title='bbox 2536 5387 2729 5450; x_wconf 85' lang='lat' dir='ltr'><strong>dicique</strong></span> <span class='ocrx_word' id='word_1_920' title='bbox 2754 5388 2908 5449; x_wconf 82' lang='lat' dir='ltr'><strong>ipsum</strong></span> <span class='ocrx_word' id='word_1_921' title='bbox 2921 5386 3199 5450; x_wconf 74' lang='lat' dir='ltr'><strong>profectum</strong></span> <span class='ocrx_word' id='word_1_922' title='bbox 3226 5398 3339 5433; x_wconf 81' lang='lat' dir='ltr'><strong>esse</strong></span> <span class='ocrx_word' id='word_1_923' title='bbox 3361 5387 3581 5450; x_wconf 71' lang='lat' dir='ltr'><strong>dotes-ra</strong></span> <span class='ocrx_word' id='word_1_924' title='bbox 3612 5392 3831 5450; x_wconf 67' lang='lat' dir='ltr'><strong>Sentinat-</strong></span> 
     </span>
    </p>
   </div>
   <div class='ocr_carea' id='block_1_120' title="bbox 2244 5445 3831 5509">
    <p class='ocr_par' dir='ltr' id='par_1_120' title="bbox 2244 5445 3831 5509">
     <span class='ocr_line' id='line_1_120' title="bbox 2244 5445 3831 5509; baseline -0.003 -10"><span class='ocrx_word' id='word_1_925' title='bbox 2244 5451 2393 5499; x_wconf 81' lang='lat' dir='ltr'><strong>Assur</strong></span> <span class='ocrx_word' id='word_1_926' title='bbox 2406 5445 2494 5505; x_wconf 48' lang='lat' dir='ltr'><strong>,‘id</strong></span> <span class='ocrx_word' id='word_1_927' title='bbox 2518 5453 2595 5496; x_wconf 79' lang='lat' dir='ltr'><strong>est</strong></span> <span class='ocrx_word' id='word_1_928' title='bbox 2618 5445 2665 5496; x_wconf 79' lang='lat' dir='ltr'><strong>in</strong></span> <span class='ocrx_word' id='word_1_929' title='bbox 2689 5445 2957 5509; x_wconf 62' lang='lat' dir='ltr'><strong>Assyriam,</strong></span> <span class='ocrx_word' id='word_1_930' title='bbox 2976 5454 3027 5496; x_wconf 88' lang='lat' dir='ltr'><strong>et</strong></span> <span class='ocrx_word' id='word_1_931' title='bbox 3050 5446 3313 5496; x_wconf 67' lang='lat' dir='ltr'><strong>aedificasse</strong></span> <span class='ocrx_word' id='word_1_932' title='bbox 3340 5447 3569 5509; x_wconf 61' lang='lat' dir='ltr'><strong>biniveu,</strong></span> <span class='ocrx_word' id='word_1_933' title='bbox 3599 5452 3699 5493; x_wconf 82' lang='lat' dir='ltr'><strong>etc.</strong></span> <span class='ocrx_word' id='word_1_934' title='bbox 3734 5445 3831 5495; x_wconf 74' lang='lat' dir='ltr'><strong>Alii</strong></span> 
     </span>
    </p>
   </div>
   <div class='ocr_carea' id='block_1_121' title="bbox 2244 5506 3829 5559">
    <p class='ocr_par' dir='ltr' id='par_1_121' title="bbox 2244 5506 3829 5559">
     <span class='ocr_line' id='line_1_121' title="bbox 2244 5506 3829 5559; baseline -0.002 -1"><span class='ocrx_word' id='word_1_935' title='bbox 2244 5512 2408 5559; x_wconf 87' lang='lat' dir='ltr'><strong>dicunt</strong></span> <span class='ocrx_word' id='word_1_936' title='bbox 2431 5510 2506 5557; x_wconf 89' lang='lat' dir='ltr'><strong>his</strong></span> <span class='ocrx_word' id='word_1_937' title='bbox 2529 5509 2722 5556; x_wconf 85' lang='lat' dir='ltr'><strong>indicari</strong></span> <span class='ocrx_word' id='word_1_938' title='bbox 2747 5506 2897 5557; x_wconf 59' lang='lat' dir='ltr'><strong>A&#39;ssur</strong></span> <span class='ocrx_word' id='word_1_939' title='bbox 2918 5506 3063 5555; x_wconf 86' lang='lat' dir='ltr'><strong>tilium</strong></span> <span class='ocrx_word' id='word_1_940' title='bbox 3086 5517 3196 5557; x_wconf 75' lang='lat' dir='ltr'><strong>Sent</strong></span> <span class='ocrx_word' id='word_1_941' title='bbox 3221 5508 3433 5555; x_wconf 76' lang='lat' dir='ltr'><strong>exivisse</strong></span> <span class='ocrx_word' id='word_1_942' title='bbox 3459 5506 3523 5554; x_wconf 87' lang='lat' dir='ltr'><strong>de</strong></span> <span class='ocrx_word' id='word_1_943' title='bbox 3557 5514 3691 5554; x_wconf 86' lang='lat' dir='ltr'><strong>terra</strong></span> <span class='ocrx_word' id='word_1_944' title='bbox 3714 5514 3829 5555; x_wconf 75' lang='lat' dir='ltr'><strong>sen-</strong></span> 
     </span>
    </p>
   </div>
   <div class='ocr_carea' id='block_1_122' title="bbox 2246 5565 3826 5628">
    <p class='ocr_par' dir='ltr' id='par_1_122' title="bbox 2246 5565 3826 5628">
     <span class='ocr_line' id='line_1_122' title="bbox 2246 5565 3826 5628; baseline -0.001 -10"><span class='ocrx_word' id='word_1_945' title='bbox 2246 5584 2388 5627; x_wconf 84' lang='lat' dir='ltr'><strong>naar,</strong></span> <span class='ocrx_word' id='word_1_946' title='bbox 2414 5578 2465 5619; x_wconf 86' lang='lat' dir='ltr'><strong>et</strong></span> <span class='ocrx_word' id='word_1_947' title='bbox 2499 5570 2760 5618; x_wconf 74' lang='lat' dir='ltr'><strong>teditlcasse</strong></span> <span class='ocrx_word' id='word_1_948' title='bbox 2792 5571 3005 5625; x_wconf 66' lang='lat' dir='ltr'><strong>‘A‘iniven,</strong></span> <span class='ocrx_word' id='word_1_949' title='bbox 3029 5577 3144 5625; x_wconf 84' lang='lat' dir='ltr'><strong>etc.,</strong></span> <span class='ocrx_word' id='word_1_950' title='bbox 3165 5570 3241 5617; x_wconf 91' lang='lat' dir='ltr'><strong>cui</strong></span> <span class='ocrx_word' id='word_1_951' title='bbox 3275 5569 3485 5628; x_wconf 75' lang='lat' dir='ltr'><strong>Opinioni</strong></span> <span class='ocrx_word' id='word_1_952' title='bbox 3518 5565 3686 5615; x_wconf 81' lang='lat' dir='ltr'><strong>favent.</strong></span> <span class='ocrx_word' id='word_1_953' title='bbox 3718 5573 3826 5616; x_wconf 73' lang='lat' dir='ltr'><strong>Lxx</strong></span> 
     </span>
    </p>
   </div>
   <div class='ocr_carea' id='block_1_123' title="bbox 2246 5628 3827 5688">
    <p class='ocr_par' dir='ltr' id='par_1_123' title="bbox 2246 5628 3827 5688">
     <span class='ocr_line' id='line_1_123' title="bbox 2246 5628 3827 5688; baseline -0.004 -9"><span class='ocrx_word' id='word_1_954' title='bbox 2246 5631 2582 5688; x_wconf 84' lang='lat' dir='ltr'><strong>lntcrpretes,</strong></span> <span class='ocrx_word' id='word_1_955' title='bbox 2617 5628 2749 5678; x_wconf 86' lang='lat' dir='ltr'><strong>favet</strong></span> <span class='ocrx_word' id='word_1_956' title='bbox 2782 5630 2926 5677; x_wconf 88' lang='lat' dir='ltr'><strong>etiam</strong></span> <span class='ocrx_word' id='word_1_957' title='bbox 2950 5628 3174 5688; x_wconf 72' lang='lat' dir='ltr'><strong>Vulgata.</strong></span> <span class='ocrx_word' id='word_1_958' title='bbox 3199 5632 3315 5676; x_wconf 83' lang='lat' dir='ltr'><strong>tluic</strong></span> <span class='ocrx_word' id='word_1_959' title='bbox 3340 5641 3461 5688; x_wconf 75' lang='lat' dir='ltr'><strong>ergo</strong></span> <span class='ocrx_word' id='word_1_960' title='bbox 3484 5628 3718 5677; x_wconf 81' lang='lat' dir='ltr'><strong>libentius</strong></span> <span class='ocrx_word' id='word_1_961' title='bbox 3743 5628 3827 5675; x_wconf 79' lang='lat' dir='ltr'><strong>ad—</strong></span> 
     </span>
    </p>
   </div>
   <div class='ocr_carea' id='block_1_124' title="bbox 2246 5646 3830 5753">
    <p class='ocr_par' dir='ltr' id='par_1_124' title="bbox 2246 5646 3830 5753">
     <span class='ocr_line' id='line_1_124' title="bbox 2248 5646 3827 5688; baseline -0.004 -9"><span class='ocrx_word' id='word_1_962' title='bbox 2248 5646 2381 5679; x_wconf 83' lang='lat' dir='ltr'><strong>tnter</strong></span> <span class='ocrx_word' id='word_1_963' title='bbox 2402 5646 2582 5687; x_wconf 71' lang='lat' dir='ltr'><strong>irelcs,</strong></span> <span class='ocrx_word' id='word_1_964' title='bbox 2617 5646 2749 5678; x_wconf 77' lang='lat' dir='ltr'><strong>lavet</strong></span> <span class='ocrx_word' id='word_1_965' title='bbox 2782 5646 2926 5677; x_wconf 81' lang='lat' dir='ltr'><strong>etiam</strong></span> <span class='ocrx_word' id='word_1_966' title='bbox 2960 5646 2979 5677; x_wconf 71' lang='grc' dir='ltr'>ν</span> <span class='ocrx_word' id='word_1_967' title='bbox 2995 5646 3044 5678; x_wconf 88' lang='grc' dir='ltr'><strong>ιιι</strong></span> <span class='ocrx_word' id='word_1_968' title='bbox 3080 5646 3174 5678; x_wconf 77' lang='lat' dir='ltr'><strong>aia.</strong></span> <span class='ocrx_word' id='word_1_969' title='bbox 3199 5646 3315 5676; x_wconf 76' lang='lat' dir='ltr'><strong>tunc</strong></span> <span class='ocrx_word' id='word_1_970' title='bbox 3340 5646 3461 5688; x_wconf 71' lang='lat' dir='ltr'><strong>ergo</strong></span> <span class='ocrx_word' id='word_1_971' title='bbox 3484 5646 3718 5677; x_wconf 75' lang='lat' dir='ltr'><strong>tim-.nuus</strong></span> <span class='ocrx_word' id='word_1_972' title='bbox 3743 5646 3827 5675; x_wconf 80' lang='lat' dir='ltr'><strong>au-</strong></span> 
     </span>
     <span class='ocr_line' id='line_1_125' title="bbox 2246 5646 3830 5753; baseline -0.001 -13"><span class='ocrx_word' id='word_1_973' title='bbox 2246 5646 2447 5753; x_wconf 65' lang='lat' dir='ltr'><strong>stipuior</strong></span> <span class='ocrx_word' id='word_1_974' title='bbox 2466 5689 2706 5753; x_wconf 12' lang='lat' dir='ltr'><strong>multlsrde</strong></span> <span class='ocrx_word' id='word_1_975' title='bbox 2720 5694 2893 5747; x_wconf 82' lang='lat' dir='ltr'><strong>causis,</strong></span> <span class='ocrx_word' id='word_1_976' title='bbox 2904 5703 3025 5753; x_wconf 87' lang='lat' dir='ltr'><strong>quas</strong></span> <span class='ocrx_word' id='word_1_977' title='bbox 3046 5646 3127 5739; x_wconf 58' lang='lat' dir='ltr'><strong>ﬁte</strong></span> <span class='ocrx_word' id='word_1_978' title='bbox 3143 5702 3410 5739; x_wconf 81' lang='lat' dir='ltr'><strong>recensere</strong></span> <span class='ocrx_word' id='word_1_979' title='bbox 3436 5689 3670 5750; x_wconf 85' lang='lat' dir='ltr'><strong>longioris</strong></span> <span class='ocrx_word' id='word_1_980' title='bbox 3693 5697 3830 5739; x_wconf 71' lang='lat' dir='ltr'><strong>esset</strong></span> 
     </span>
    </p>
   </div>
   <div class='ocr_carea' id='block_1_125' title="bbox 2250 5752 3822 5816">
    <p class='ocr_par' dir='ltr' id='par_1_125' title="bbox 2250 5752 3822 5816">
     <span class='ocr_line' id='line_1_126' title="bbox 2250 5752 3822 5816; baseline -0.002 -14"><span class='ocrx_word' id='word_1_981' title='bbox 2250 5752 2413 5815; x_wconf 75' lang='lat' dir='ltr'><strong>Opera:</strong></span> <span class='ocrx_word' id='word_1_982' title='bbox 2429 5766 2439 5801; x_wconf 89' lang='lat'>:</span> <span class='ocrx_word' id='word_1_983' title='bbox 2453 5752 2766 5816; x_wconf 80' lang='lat' dir='ltr'><strong>quamobrem</strong></span> <span class='ocrx_word' id='word_1_984' title='bbox 2785 5765 2867 5803; x_wconf 82' lang='lat' dir='ltr'><strong>res</strong></span> <span class='ocrx_word' id='word_1_985' title='bbox 2880 5752 3009 5805; x_wconf 83' lang='lat' dir='ltr'><strong>aliud</strong></span> <span class='ocrx_word' id='word_1_986' title='bbox 3033 5766 3081 5802; x_wconf 88' lang='grc' dir='ltr'><strong>ιιι</strong></span> <span class='ocrx_word' id='word_1_987' title='bbox 3104 5758 3295 5814; x_wconf 73' lang='lat' dir='ltr'><strong>tempus</strong></span> <span class='ocrx_word' id='word_1_988' title='bbox 3316 5753 3591 5803; x_wconf 82' lang='lat' dir='ltr'><strong>remittatur</strong></span> <span class='ocrx_word' id='word_1_989' title='bbox 3612 5754 3822 5811; x_wconf 79' lang='lat' dir='ltr'><strong>oportet.</strong></span> 
     </span>
    </p>
   </div>
  </div>
