4070 6382
257 417 358 474 271

261 532 620 604 πραγμένων.
670 533 795 588 Ὅτι
853 533 965 606 γὰρ
1011 532 1109 587 καὶ
1151 533 1182 587 δ
1226 533 1354 598 παῖς
1399 532 1628 587 οἴκοθεν⁵
1663 530 1936 602 μοχθηρὸς

260 620 498 691 ὑπῆρχε,
533 623 630 677 καὶ
660 623 709 675 οἰ
755 621 816 686 ἐξ
846 620 1058 674 ἐκείνου
1107 621 1309 684 πάντες
1365 619 1643 690 βδελυκτοὶ
1679 617 1934 686 γεγόνασι

259 707 400 778 πρὸς
438 708 640 762 κακίαν
663 708 1073 774 ἀποκλίναντες,
1098 708 1263 762 ἄκουε
1299 710 1399 778 τῆς
1424 706 1645 778 Γραφῆς
1671 704 1934 774 λεγούσης

199 844 204 848 .
257 794 319 849 ἐν
339 795 492 863 τάξει
517 797 783 867 κατάρας·
824 796 886 849 '0
918 796 1115 864 πατήρ
1150 811 1268 850 σου
1295 792 1817 866 [291]Ἀμοῤ,ῥαῖος,
1841 791 1941 845 καί

259 883 300 950 ἡ
334 882 538 953 μήτηρ
561 899 680 938 σου
703 884 974 938 Χετταία.
1000 884 1108 937 Καὶ
1125 882 1286 938 πάλιν
1310 883 1498 954 ἕτερός
1512 899 1596 945 τις
1621 879 1941 950 ἐνυϐρίζων,

256 971 505 1040 Σπέρμα
527 971 772 1024 Χαναὰν
794 971 892 1024 καί
921 972 1034 1026 οὐκ
1079 969 1283 1024 Ἰούδα.
1320 968 1482 1023 Ἀλλὰ
1510 968 1620 1038 γάρ
1649 965 1798 1032 ἀξιον
1830 964 1945 1019 λοι-

269 1058 363 1112 πὸν
410 1057 645 1112 ἀκοῦσαι
703 1057 842 1129 μετὰ
888 1058 990 1129 τὴν
1027 1057 1364 1128 ἐπιτίμησιν,
1417 1057 1484 1127 ἣν
1525 1055 1744 1122 ἐδέξατο
1785 1056 1815 1108 ὁ
1842 1054 1944 1124 τὴν

257 1145 543 1218 γύμνωσιν
597 1145 690 1201 τοῦ
737 1146 946 1219 πατρὸς
1007 1145 1429 1217 ἐκπομπεύσας,
1477 1143 1635 1197 τίνων
1664 1141 1941 1210 ἀξιοῦνται

255 1234 367 1288 τῶν
390 1234 639 1305 ἀμοιϐῶν
667 1234 714 1287 οί
748 1233 848 1305 τὴν
889 1232 1160 1302 τοσαύτην
1208 1232 1341 1286 αἰδῶ
1379 1231 1471 1285 καὶ
1490 1232 1590 1302 τὴν
1615 1231 1778 1302 τιμὴν
1807 1232 1942 1284 ἀποο

256 1320 549 1391 νείμαντες
580 1320 656 1391 τῷ
685 1319 871 1391 πατρί.
895 1320 1005 1374 Καὶ
1031 1316 1183 1384 εἶπε,
1213 1319 1401 1389 φησὶν,
1432 1318 1780 1387 Εὐλογητὸς
1809 1318 1941 1371 Κύ-

252 1425 384 1478 ριος
415 1411 450 1463 ό
484 1408 632 1474 Θεὸς
658 1408 766 1463 τοῦ
785 1407 936 1478 Σὴμ,
971 1409 1070 1462 καὶ
1097 1409 1269 1462 ἔσται
1300 1406 1545 1462 Χαναὰν
1559 1407 1700 1472 παῖς
1727 1405 1937 1460 αὐτοῦ.

255 1494 448 1560 Τοῦτο,
475 1496 607 1559 ῐσιος
636 1496 814 1559 άνντις
845 1496 1011 1558 είποι,
1047 1496 1149 1548 οὐκ
1201 1495 1315 1549 ἐστι
1340 1495 1430 1548 τὸν
1463 1495 1583 1565 Σὴμ
1624 1493 1934 1562 εὐλογῆσαι.

253 1581 368 1636 Καὶ
399 1581 607 1653 σφόδρα
655 1583 754 1653 μέν
804 1583 1100 1653 εὐλόγησεν
1149 1582 1334 1638 αὐτόν.
1383 1583 1552 1636 Ὀταν
1580 1580 1689 1652 γὰρ
1734 1582 1763 1633 ὁ
1806 1581 1939 1645 Θεὸς

255 1666 667 1739 εὐχαριστεῖται
696 1670 791 1722 καὶ
835 1669 1136 1738 εὐλογεῖται
1183 1669 1272 1724 διά
1303 1668 1412 1722 τῶν
1456 1666 1780 1737 ἀνθρώπων,
1814 1668 1937 1720 τότε

254 1755 651 1827 δαψιλεστὲραν
680 1755 780 1827 τὴν
823 1759 951 1827 παρ’
978 1757 1174 1811 ἐαυτοῦ
1209 1757 1456 1825 εὐλογίαν
1493 1755 1652 1809 εἴωθε
1680 1757 1939 1826 χορηγεῖν

255 1841 511 1906 ἐκείνοις,
547 1843 614 1896 δι’
633 1842 728 1907 οὓς
757 1844 920 1907 αὐτὸς
939 1845 1263 1913 εὐλογεῖται.
1294 1845 1610 1914 Εὐλογήσας
1646 1842 1822 1896 τοίνυν
1846 1843 1938 1895 τὸν

253 1927 412 1993 Θεὸν,
445 1929 736 2001 ὀφειλέτην
770 1931 932 1985 αὐτδν
953 1931 1259 2001 κατέστησε
1294 1930 1539 2002 μείζονος
1562 1928 1811 1997 εὐλογίας
1842 1929 1939 1982 καὶ

253 2013 432 2078 αίτιος
454 2017 646 2084 γέγονε
670 2017 746 2088 τῷ
770 2019 895 2090 Σημ
923 2019 1166 2083 πλείονος
1195 2018 1450 2090 ἀμοιϐῆς,
1475 2013 1543 2089 ἦς
1567 2017 1729 2080 αὐτὸς
1753 2017 1936 2080 αὐτὸν,

255 2101 393 2155 είδΰ
427 2102 622 2156 ἐαυτοῦ
641 2104 1000 2175 ἐύλόγησεν.
1029 2107 1242 2176 Ὠσπερ
1272 2105 1378 2176 γὰρ
1410 2105 1540 2160 ὅταν
1561 2103 1850 2174 εὐλογῆται
1871 2102 1936 2158 δι’

254 2188 430 2259 ἡμᾶς,
461 2189 666 2261 πολλῆς
700 2193 852 2266 ⁴ίιμᾶς
877 2193 1022 2259 ἀξιοῖ
1054 2195 1152 2262 τῆς
1182 2194 1313 2263 παρ’
1345 2192 1510 2248 αὐτοῦ
1538 2191 1769 2259 εὐνοίας,
1793 2191 1937 2245 οὕτω

253 2274 419 2328 πάλιν
447 2277 668 2331 ἐπειδάν
691 2278 758 2332 δι’
786 2279 935 2349 ἡμᾶς
950 2279 1127 2351 ἕτεροι
1151 2279 1313 2333 αὐτὸν
1343 2279 1704 2350 βλασφημῶσι
1735 2279 1937 2350 μείζων

254 2361 508 2416 ἐντεῦθεν
561 2365 696 2435 ἡμῖν
725 2365 760 2435 η
812 2365 1139 2436 κατάκρισις
1187 2365 1395 2433 γίνεται
1449 2369 1561 2428 τοῖς
1611 2366 1712 2437 τὴν
1756 2365 1936 2420 αἰτίαν

253 2448 678 2520 παρεχομένοις.
739 2451 1139 2522 Σπουδάζωμεν
1172 2453 1373 2515 τοίνυν,
1418 2452 1740 2523 παρακαλῶ,
1793 2452 1937 2507 οὐτω

255 2532 410 2604 βιοῦν
429 2538 524 2590 καὶ
553 2536 824 2609 τοσαύτην
852 2539 1257 2593 ἐπιδείκνυσθαι
1283 2540 1382 2610 τῆς
1399 2541 1603 2611 ἀρετῆς
1629 2541 1729 2612 τὴν
1752 2541 1938 2594 ἐπίταρ

256 2636 368 2686 σιν,
390 2623 469 2686 ὡς
498 2624 628 2688 τούς
647 2625 729 2687 εἰς
756 2626 903 2696 ἡμᾶς
935 2625 1180 2696 δρῶντας
1213 2627 1466 2696 εὐλογίας
1493 2627 1710 2698 ὕμνους
1731 2627 1933 2697 ἀναφέ-

257 2723 373 2779 ρειν
403 2708 484 2779 τῷ
511 2711 919 2784 ΔεσπότῃνΘεῷ.
954 2713 1211 2768 Βούλεται
1245 2714 1354 2786 γὰρ
1381 2716 1584 2784 ἀγαθὸς
1619 2714 1696 2769 ὢν
1727 2715 1818 2770 καὶ
1848 2733 1936 2786 φι-

251 2794 580 2884 λάνθρωπος
609 2797 930 2884 δοξάζεσθαι
959 2799 1027 2853 δι’
1057 2802 1238 2872 ἡμῶν,
1282 2803 1382 2856 οὐκ
1436 2804 1624 2875 ἐπειδὴ
1673 2804 1834 2867 αὐτός
1882 2822 1933 2858 τι

254 2883 666 2954 προσλαμϐάνει
693 2887 772 2949 είς
796 2887 895 2957 τὴν
920 2888 1130 2942 οἰκείαν
1155 2889 1334 2958 δόξανο
1361 2891 1615 2962 ἀνενδεὴς
1631 2892 1738 2963 γάρ
1761 2893 1930 2945 ἐστιν·

252 2973 384 3027 an"
401 2974 489 3028 ἵνα
521 2975 775 3047 ἀφορμάς
813 2979 961 3050 αὐτῷ
984 2981 1354 3053 παράσχωμεν
1375 2982 1469 3038 τοῦ
1515 2983 1761 3048 πλείονος
1787 2987 1935 3057 ἡμᾶς

251 3060 442 3128 ἀξιοῦν
470 3063 568 3132 τῆς
599 3065 928 3136 παρ”αὐτοῦ
966 3068 1197 3130 εὐνοίας.
1241 3071 1586 3139 Εὐλογητὸς
1642 3074 1858 3138 Κύριος
1899 3076 1934 3128 ὁ

255 3149 408 3216 Θεὸς,
431 3149 542 3204 τοῦ
589 3150 745 3221 Σήμ,
783 3153 881 3206 καὶ
923 3155 1097 3210 ἐσται
1133 3157 1375 3211 Χαναὰν
1406 3157 1548 3223 παῖς
1574 3155 1751 3228 αὐτῷ.
1772 3161 1934 3232 Ὁρᾷς

251 3236 371 3299 πῶς
410 3236 686 3309 πατρικὴν
709 3239 1077 3295 ἐπιδείκνυται
1098 3243 1197 3312 τὴν
1228 3243 1518 3314 τιμωρίαν,
1553 3248 1934 3317 σωφρονισμὸν

251 3320 421 3379 οὖσαν
446 3325 646 3395 μᾶλλον
673 3325 706 3397 ἢ
739 3328 1042 3399 τιμωρίαν;
1089 3331 1277 3402 Πατὴρ
1311 3332 1420 3402 γὰρ
1451 3329 1540 3404 ἦν,
1589 3334 1686 3388 καὶ
1749 3336 1933 3407 πατὴρ

252 3410 629 3485 φιλόστοργος,
645 3414 738 3468 καί
767 3414 828 3467 οὐ
849 3416 948 3488 τὴν
969 3417 1128 3483 ἀξίαν
1158 3418 1408 3472 ἐϐούλετο
1436 3420 1591 3490 δίκην
1611 3423 1931 3492 ἐπαγαγεῖν,

251 3497 368 3551 ἀλλ’
402 3499 547 3553 ὥστε
565 3501 665 3572 τὴν
693 3503 769 3565 είς
805 3503 866 3556 τὸ
888 3503 1078 3574 πρόσω
1109 3506 1306 3559 κακίαν
1341 3509 1593 3577 ὲγκόψαι.
1631 3511 1729 3564 Διὰ
1753 3511 1930 3577 τοῦτο,

251 3587 410 3658 φησὶ,
433 3587 649 3660 δουλείᾳ
684 3606 743 3642 σε
767 3591 1137 3658 καταδικάζω,
1179 3592 1263 3647 ίνα
1290 3595 1515 3666 διηνεκῆ
1543 3599 1634 3650 καὶ
1657 3598 1933 3664 ἀνεξάλει-

251 3692 386 3728 πτον
415 3676 548 3748 ἔχῃς
571 3678 671 3750 τὴν
699 3680 1026 3752 ὑπόμνησιν.
1056 3677 1190 3736 Εἶτά
1216 3701 1370 3754 φησί’
1399 3687 1706 3741 Πλατύναι
1726 3691 1759 3742 ό
1790 3689 1933 3757 Θεὸς

250 3761 335 3828 τῷ
379 3763 586 3832 Ἰὰφεθ,
619 3766 718 3820 καί
747 3767 1157 3837 κατοικησάτω
1195 3771 1265 3824 ἐν
1293 3772 1416 3838 τοῖς
1443 3774 1796 3843 σκηνώμασι
1825 3779 1932 3831 τοῦ

250 3849 405 3938 Σὴμ,
467 3852 565 3906 καὶ
619 3855 923 3923 γενηθήτω
973 3844 1224 3913 ’Χαναὰν
1262 3861 1405 3925 παῖς
1432 3863 1644 3919 αὑτοῦ.
1682 3866 1931 3938 Μεγίστη

252 3936 419 3990 πάλιν
471 3937 610 4010 αὐτη
642 3942 695 4010 ἡ,
724 3943 963 4012 εὐλογία,
994 3945 1138 4015 τάχα
1172 3947 1292 4000 τινά
1329 3950 1705 4020 κεκρυμμένον
1735 3936 1935 4022 ἔχουσαι

252 4024 548 4097 θησαυρόν.
581 4030 887 4084 Πλατύναι
940 4032 1071 4101 γὰρ,
1122 4034 1309 4104 φησὶν,
1341 4038 1373 4089 d
1416 4035 1561 4102 Θεὸς
1602 4037 1682 4103 τῷ
1710 4040 1929 4109 Ἰιίςεεθ.

252 4113 369 4167 θύκ
395 4114 462 4167 ἀν
490 4131 574 4178 τις
591 4116 828 4188 ἁμάρτοι
859 4119 1028 4173 εἰπὼν
1046 4123 1381 4192 προφητείαν
1404 4118 1544 4178 εἶναι
1569 4126 1666 4188 τὰς
1678 4125 1942 4197 εὐλογίας

247 4200 346 4254 τοῦ
371 4201 602 4257 δικαίου.
619 4202 802 4276 Εἰγάρ
817 4208 844 4259 ὁ
863 4207 1044 4278 πατὴρ
1059 4208 1222 4262 αὐτοῦ
1241 4210 1339 4280 οὐχ
1356 4211 1541 4277 ἁπλῶς
1552 4213 1671 4266 οὐδὲ
1687 4215 1810 4286 εἰκῆ
1832 4215 1930 4287 τὴν

247 4291 626 4361 προσηγορίαν
650 4292 802 4364 αὐτῷ
838 4293 1131 4366 ἐπέθηκεν,
1163 4297 1300 4351 ἀλλά
1339 4302 1695 4371 προφητεύων
1724 4303 1813 4358 διὰ
1833 4305 1929 4359 τοῦ

247 4375 513 4446 ὀνόματος
540 4379 602 4461 τὸ
629 4379 820 4450 μέλλον
851 4381 1415 4439 ἔσεσθαικλυδώνιονε
1452 4387 1632 4460 πολλῷ
1673 4391 1876 4461 μᾶλλον
1901 4396 1930 4449 ὁ

246 4462 459 4549 δίκαιος
504 4458 662 4549 οὗτος
703 4469 806 4523 οὐκ
854 4469 921 4523 ἂν
955 4471 1142 4536 ἁπλῶς
1191 4473 1312 4526 οὐδέ
1339 4474 1518 4543 μάτην
1550 4458 1649 4539 τάς
1676 4458 1931 4549 εὐλογίας

248 4547 568 4620 ἐποιήσατο.
609 4547 711 4610 Διά
731 4552 842 4624 γάρ
861 4553 972 4609 τῶν
1011 4555 1276 4624 εὐλογιῶν
1302 4559 1528 4623 τούτων,
1559 4561 1652 4616 τοῦ
1679 4562 1800 4634 Σὴμ
1817 4547 1930 4622 -καὶ

387 4635 587 4705 meo,
612 4639 724 4724 τῶν
750 4640 844 4695 δύο
875 4641 1022 4695 λαῶν
1056 4643 1387 4700 αἰνίττεσθαι
1422 4647 1586 4702 αὐτὸν
1627 4645 1782 4720 οἶμαι
1828 4652 1928 4724 τὴν

247 4720 464 4792 κλῆσιν
493 4725 588 4778 καὶ
614 4723 703 4781 διὰ
743 4727 846 4796 μὲν
876 4728 967 4782 τοῦ
1004 4729 1145 4800 Σὴμ,
1170 4731 1298 4795 τοὺς
1352 4732 1662 4800 Ἰουδαίους⁸
1693 4736 1751 4803 ἐξ
1781 4720 1928 4792 ἐκεί.

246 4824 342 4862 νου
373 4807 483 4880 γὰρ
514 4809 542 4863 ό
593 4812 938 4884 πατριάρχης
995 4816 1265 4888 Ἀϐραάμ,
1306 4819 1482 4872 καὶτὸ
1513 4821 1620 4875 τῶν
1662 4824 1930 4879 Ἰουδαίων

245 4894 542 4950 ἐπιδέδωκε
564 4897 738 4966 γένος·
768 4899 858 4953 διὰ
893 4901 950 4954 δὲ
979 4903 1072 4955 τοῦ
1101 4905 1302 4974 Ἰάφεθ,
1331 4906 1432 4975 τὴν
1460 4907 1568 4959 τῶν
1594 4908 1764 4962 ἐθνῶν
1797 4911 1929 4982 κλῆ-

249 4997 352 5070 σιν.
395 4983 537 5054 Ὅρα
564 4983 673 5055 γάρ
698 4987 793 5039 καὶ
835 4987 1039 5058 ταύτην
1083 4991 1180 5063 την
1214 4994 1463 5060 εὐλογίαν
1504 4993 1665 5049 τοῦτο
1712 5015 1927 5070 προμη-

246 5069 503 5123 νύουσαν.
536 5073 842 5128 Πλατύναι
867 5074 994 5146 γὰρ,
1024 5079 1209 5149 φησὶν,
1237 5083 1270 5133 ὀ
1301 5081 1444 5147 Θεὸς
1460 5082 1541 5148 τῷ
1575 5083 1793 5153 Ἰιίφεθ,
1826 5086 1927 5141 καί

246 5158 665 5225 κατοικησάτω
693 5161 763 5214 ἐν
790 5161 916 5227 τοῖς
939 5165 1299 5234 σκηνώμασι
1325 5169 1430 5222 τοῦ
1456 5170 1606 5239 Σήμ.
1635 5171 1808 5225 Τοῦτο
1834 5173 1928 5227 ἐπὶ

245 5242 359 5297 τῶν
391 5241 560 5297 ἐθνῶν
587 5249 664 5307 εἰς
686 5247 848 5318 ἔργον
870 5249 1169 5321 ἐκϐεϐηκὸς
1194 5253 1429 5323 ὁρῶμεν.
1453 5255 1554 5310 Διὰ
1573 5257 1675 5327 μὲν
1704 5260 1813 5330 γάρ
1832 5260 1927 5315 τοῦ

247 5331 448 5422 εῖπεῖν,
471 5333 796 5398 Πλατύναι,
813 5335 881 5389 τὰ
896 5335 1025 5406 ἔθνη
1037 5337 1213 5392 πάντα
1229 5340 1468 5410 ᾐνίξατο·
1486 5343 1575 5397 διὰ
1592 5344 1758 5400 δέτοῦ
1772 5347 1925 5422 [292]

248 5419 446 5508 εἰπεῖν,
482 5421 904 5508 κατοικησάτω
952 5425 1022 5478 ἐν
1069 5427 1586 5502 τοῖς-σκηνώμασι
1635 5435 1742 5490 τοῦ
1772 5419 1921 5508 Σὴμ,

247 5502 330 5557 bu
353 5504 462 5558 τῶν
486 5507 601 5570 τοῖς
633 5507 906 5575 Ἰουδαίοις
928 5513 1394 5582 εὐτρεπισθέντων
1439 5520 1536 5573 καὶ
1574 5523 1802 5588 ἐκείνοις

251 5593 733 5682 ρασκευῗασθέντων
760 5597 829 5651 τά
853 5599 979 5670 ἔθνη
1000 5601 1099 5670 τὴν
1136 5603 1435 5659 ἀπόλαυσιν
1455 5607 1605 5680 ἔσχε.
1620 5611 1731 5664 Καί
1747 5629 1926 5682 γενη-

249 5676 408 5747 θήτω
443 5681 684 5736 Χαναὰν
713 5685 854 5754 παῖς
877 5688 1087 5747 αὑτοῦ.

321 5765 390 5836 η’.
417 5763 571 5834 Εἶδες
598 5773 717 5837 οἵας
743 5772 934 5830 ἔλαϐον
960 5779 1055 5831 καὶ
1082 5769 1226 5834 οὗτοι
1251 5781 1354 5852 τῆς
1381 5760 1796 5860 εὐγνωμοσύνης
1830 5791 1923 5856 τάς

313 5957 343 5988 ⁸
365 5957 582 6016 βανίῌιι
599 5971 754 6020 mare.
781 5965 903 6025 conj.
927 5962 985 6025 ἧς
1005 5965 1045 6014 εἰ
1066 5964 1208 6024 αὐτὸς
1224 5967 1366 6018 αὐτὸν
1388 5968 1446 6018 δι’
1467 5969 1657 6020 εαυτοῦ.

1406 413 1475 473 ΙΝ
1509 413 1662 473 CAP.
1698 412 1771 470 IX
1809 411 2059 471 GENES.
2101 409 2336 471 HOMIL.
2376 408 2572 469 XXIX.

3627 401 3739 456 272

2045 530 2303 602 ἀμοιϐὰς,
2344 528 2447 584 καὶ
2473 526 2646 596 πόσην
2674 524 2881 589 ἐκεῖνος
2917 521 3007 579 διὰ
3034 522 3134 595 τῆς
3179 519 3513 596 προπετείας
3533 518 3734 574 ἑαυτοῦ

2049 617 2415 671 κατεσκέδασε
2430 614 2530 684 τὴν
2558 614 2805 685 ἀτιμίαν.
2850 611 3039 665 Ταῦτα
3072 610 3340 681 διηνεκῶς
3366 609 3598 679 ἔχωμενι
3613 608 3738 659 ἐπιρ

2049 703 2411 777 γεγραμμένα
2435 704 2503 774 τῇ
2528 699 2737 772 διανοίᾳ
2764 703 2832 772 τῇ
2854 700 3125 772 ἡμετέρα,
3169 698 3258 753 ἰνα
3284 698 3394 752 τῶν
3428 693 3526 765 μὲν
3563 709 3738 765 μιμη-

2045 793 2138 846 ταὶ
2162 792 2256 845 καὶ
2294 791 2534 862 ζηλωταὶ
2583 789 2836 860 γενέσθαι
2877 788 3219 860 δυνηθῶμεν,
3249 786 3344 840 τοῦ
3368 785 3427 840 δὲ
3469 784 3735 854 φύγωμεν

2045 878 2108 932 τὸ
2143 879 2418 950 μοχθηρὸν
2440 881 2539 949 τῆς
2558 874 2805 947 γνώμης,
2835 875 2930 931 καὶ⁵
2953 876 3054 947 τῆς
3075 873 3412 947 προπετείας
3437 870 3537 942 τὴν
3570 871 3737 942 ὑπερ-

2045 967 2231 1038 ϐολήν.
2268 967 2378 1021 Καὶ
2401 965 2600 1034 ἔζησε,
2639 966 2796 1035 φησὶ,
2823 962 2953 1019 Νῶε
2973 963 3129 1034 μετὰ
3157 960 3270 1016 τὸν
3294 956 3736 1028 κατακλυσμὸν

2045 1056 2152 1124 ἔτη
2181 1056 2495 1126 τριακόσια
2538 1055 2936 1121 πεντήκονταο
2993 1053 3091 1108 καί
3125 1051 3409 1122 ἐγένοντο
3437 1049 3630 1105 πᾶσαι
3673 1051 3736 1105 σί

2045 1144 2257 1213 ἡμέραι
2280 1141 2409 1197 Νῶε
2437 1142 2769 1197 ἐννακόσια
2784 1141 3166 1209 πεντήκοντα
3179 1140 3306 1208 ἐτη,
3322 1138 3422 1193 καὶ
3445 1137 3731 1193 ἀπέθανε.

2044 1229 2137 1300 Μὴ
2173 1229 2406 1300 νομίσῃς
2446 1229 2504 1282 δὲ
2537 1228 2697 1284 τοῦτο
2740 1226 2930 1292 ἀπλῶς
2976 1225 3398 1297 ἐκσημήνασθάι
3445 1224 3547 1295 τὴν
3580 1222 3732 1277 θἐίαν

2044 1317 2290 1387 Γραφὴν,
2323 1317 2444 1385 ἀλλ’
2467 1317 2569 1388 ὅρα
2599 1317 2694 1370 καὶ
2742 1313 2996 1369 ἐντεῦθεν
3034 1314 3133 1368 τοῦ
3171 1313 3382 1368 δίκαίου
3404 1313 3504 1384 τὴν
3534 1311 3735 1382 ἐγκρά-

2042 1421 2193 1457 τειαν
2224 1405 2308 1458 ὅτι
2344 1403 2468 1457 οὔτε
2498 1403 2684 1466 ἀδείας
2721 1403 2814 1456 καὶ⁵
2849 1401 3086 1465 ἀνέοεως
3115 1399 3450 1464 ἀπολαύσας,
3473 1399 3573 1453 καὶ
3606 1415 3730 1452 τοσ-

2043 1491 2200 1544 οῦτον
2226 1492 2462 1563 ἀριθμὸν
2494 1491 2630 1546 ἐτῶν
2658 1491 2947 1562 ἐπιζήσας,
2985 1490 3126 1561 μετά
3157 1490 3256 1561 τὴν
3289 1489 3398 1544 ἀπὸ
3433 1489 3534 1559 τῆς
3564 1485 3736 1542 κῑϐω·

2042 1577 2136 1630 τοῦ
2185 1577 2398 1645 ἔξοδον,
2453 1577 2804 1639 παιδοποιίας
2857 1577 3120 1647 ἠνέσχετο
3168 1575 3375 1629 λοιπόν.
3427 1575 3564 1628 οὐδὲ
3623 1572 3736 1645 γάρ

2043 1665 2451 1736 ἐμνημόνευσεν
2500 1664 2534 1735 ή
2569 1663 2782 1733 Γραφὴ,
2815 1663 2896 1716 ὅτι
2926 1662 3145 1735 ἐτέρους
3168 1663 3294 1732 ἔσχε
3339 1661 3561 1725 παῖδας,
3593 1660 3740 1730 πλὴν

2041 1752 2248 1805 τούτων
2299 1751 2410 1804 τῶν
2449 1750 2639 1824 τριῶν.
2679 1749 2958 1804 Ἐντεῦθεν
3006 1749 3168 1803 πάλιν
3217 1748 3437 1818 λογίζου
3464 1748 3559 1802 τοῦ
3598 1747 3738 1817 Χάμ.

2042 1840 2142 1909 τὴν
2171 1839 2374 1911 πολλὴν
2403 1838 2608 1910 ταύτην
2641 1837 2958 1900 ἀκολασίαν,
2985 1838 3068 1891 ὅτι
3087 1836 3214 1890 οὕτε
3234 1837 3326 1890 τὸν
3359 1835 3573 1906 πατέρα
3590 1835 3740 1907 ὀρῶν

2040 1927 2314 1998 τοσαύτην
2338 1925 2783 1997 ἐπιδεικνύμενον
2807 1925 3137 1996 ἐγκράτειαν
3173 1924 3594 1996 ἐσωφρονίζετο,
3617 1923 3759 1978 ἀλλ”

2040 2014 2135 2067 ἀπ’
2167 2014 2415 2076 ἐναντίας
2461 2013 2542 2084 τῷ
2573 2013 2927 2084 γεγεννηκότι
2965 2011 3183 2067 ἅπαντα
3215 2012 3590 2084 διεπράττετο.
3642 2010 3744 2064 Διὸ

2041 2101 2136 2156 καὶ
2161 2100 2387 2166 εἰκότως
2418 2100 2563 2155 ἀπαν
2590 2099 2651 2152 τὸ
2682 2098 2742 2165 ἐξ
2767 2098 2936 2153 αὐτοῦ
2975 2099 3130 2168 γένος
3160 2102 3229 2171 τῇ
3262 2099 3479 2170 δουλείᾳ
3515 2097 3738 2152 κατεδι-

2040 2187 2260 2253 κάζετο,
2283 2187 2370 2241 ἴνα
2393 2187 2612 2257 χαλινὸν
2637 2185 2738 2257 ἔχῃ
2759 2186 2857 2257 τῆς
2880 2186 3166 2258 μοχθηρᾶς
3185 2186 3582 2257 προαιρέσεως.
3599 2180 3738 2239 Εἶτα

2037 2275 2289 2329 ἐντεῦθεν
2311 2275 2648 2346 διηγουμένη
2678 2279 2712 2344 ὴ
2749 2275 2868 2328 θεία
2903 2275 3096 2346 Γραφὴ
3120 2276 3250 2338 τοὺς
3273 2276 3337 2328 ἐκ
3379 2275 3489 2329 τῶν
3520 2273 3736 2328 παίδων

2036 2361 2350 2431 τεχθέντας,
2370 2363 2529 2436 φησί·
2545 2363 2677 2432 Χὰμ
2704 2361 2770 2415 δὲ
2790 2361 3087 2432 ἐγέννησε
3111 2362 3219 2416 τὸν
3244 2363 3418 2428 Χούς·
3439 2362 3531 2415 καὶ
3545 2361 3733 2415 πάλιν*

2037 2449 2195 2515 Χοὺς
2221 2449 2290 2502 δὲ
2303 2449 2598 2519 ἐγέννησε
2621 2451 2730 2504 τὸν
2772 2447 3026 2520 Νεϐρώδ.
3096 2445 3288 2519 Οὗτος
3313 2449 3540 2520 ἤρξατο
3575 2444 3733 2506 εἶναι

2037 2536 2207 2606 γίγας
2235 2536 2334 2589 ἐπὶ
2363 2535 2474 2605 τῆς
2522 2537 2654 2606 τῆςρ
2699 2533 2889 2605 οὗτος
2934 2534 3017 2608 ἦν
3042 2538 3215 2608 τινας
3254 2537 3521 2608 κυνηγὸς
3548 2538 3732 2592 ἐναν-

2036 2625 2169 2678 τίον
2199 2625 2445 2693 Κυρίου.
2490 2626 2602 2681 Καί
2653 2643 2801 2688 τινες
2853 2625 2952 2697 μέν
2996 2643 3132 2696 (εασι
3167 2625 3240 2679 τὰ
3263 2625 3578 2681 Ἑναντίον
3616 2629 3736 2681 Κυ-

2029 2720 2190 2789 ρίου,
2241 2720 2362 2775 ἀντὶ
2420 2721 2514 2776 τοῦ
2569 2721 2982 2794 ἐναντιούμενος
3025 2721 3104 2794 τῷ
3161 2721 3303 2794 Θεῷ·
3365 2721 3476 2791 ἐγὼ
3529 2721 3586 2776 δὲ
3632 2721 3733 2792 οὐχ
3829 2782 3831 2784 η

2036 2815 2278 2886 ἡγοῦμαι
2330 2815 2490 2869 τοῦτο
2557 2815 2889 2871 αἰνίττεσθαι
2932 2817 3034 2889 τὴν
3093 2817 3244 2870 θείαν
3310 2817 3558 2889 Γραφὴν,
3611 2817 3730 2871 ἀλλ’

2036 2911 2116 2964 ὅτι
2142 2911 2358 2980 ἰσχυρός
2374 2929 2456 2976 τις
2476 2907 2543 2983 ἦν
2572 2913 2669 2970 καί⁴
2700 2913 2965 2984 ἀνδρεῖος.
2997 2912 3072 2966 Τὸ
3091 2912 3149 2966 δέ
3177 2912 3471 2969 ἀπέναντι
3507 2913 3733 2982 Κιφίου

2037 3006 2144 3060 τοῦ
2181 3005 2355 3070 Θεοῦ,
2385 3008 2507 3060 ἀντὶ
2553 3007 2672 3074 τοῦ,
2705 3008 2797 3062 ὐπ’
2845 3007 3013 3062 αὐτοῦ
3065 3008 3396 3081 παραχθεὶς,
3443 3007 3537 3062 ὐπ’
3563 3006 3733 3061 αὐτοῦ

2036 3100 2328 3171 δεξάμενος
2381 3101 2476 3153 τοῦ
2518 3101 2654 3154 Θεοῦ
2715 3102 2815 3171 τὴν
2867 3102 3117 3171 εὐλογίαν
3155 3103 3207 3167 δ,
3240 3103 3273 3172 ἦ
3313 3103 3396 3155 ὅτι
3428 3103 3667 3174 ἤμελλεν
3703 3103 3733 3157 ό

2036 3195 2170 3260 Θεὸς
2190 3195 2258 3248 δι’
2281 3195 2447 3250 αὐτοῦ
2479 3195 2876 3268 θαυμάζεσθαι,
2902 3197 2979 3261 ὡς
2997 3197 3242 3251 τοιοῦτον
3261 3195 3606 3269 παραγαγὼν
3635 3200 3733 3251 καὶ

2036 3291 2216 3358 δείξας
2253 3292 2348 3346 ἐπὶ
2387 3293 2485 3363 τῆς
2520 3294 2642 3364 γῆς.
2684 3293 2845 3347 ’Λλλά
2887 3293 2982 3348 καί
3013 3286 3170 3358 οὗτος
3196 3293 3361 3349 πάλιν
3395 3293 3734 3366 μιμούμενος

2036 3389 2126 3442 τὸν
2154 3389 2439 3462 πρόγονον,
2477 3390 2572 3442 καὶ
2602 3389 2702 3442 οὐκ
2730 3391 2809 3452 εἰς
2833 3389 2960 3443 δέον.
2985 3391 3330 3463 χρησάμενος
3360 3392 3476 3454 τοῖς
3502 3390 3602 3460 τῆς
3630 3387 3734 3459 φύε-

2039 3504 2176 3551 σεως
2203 3488 2640 3558 προτερήμασιν,
2676 3486 2865 3558 ἕτερον
2886 3487 3130 3552 δουλείας
3158 3488 3357 3559 ἐφεῦρε
3388 3487 3610 3558 τρόπων,
3636 3485 3732 3540 καὶ

2035 3584 2218 3655 ἄρχων
2250 3583 2341 3637 καὶ
2370 3581 2622 3653 βασιλεὺς
2649 3583 2901 3652 γενέσθαι
2936 3585 3284 3657 ἐπεχείρησε.
3320 3583 3586 3647 Βασιλεὺς
3616 3582 3731 3654 γὰρ

2034 3680 2134 3732 οὐκ
2172 3679 2238 3732 ἂν
2273 3679 2484 3748 γένοιτό
2513 3696 2646 3732 ποτε
2671 3680 2746 3750 μὴ
2777 3679 2947 3733 ὄντων
2975 3681 3084 3734 τῶν
3113 3681 3454 3752 ἀρχομένων.
3483 3678 3634 3751 Λῦτη
3671 3678 3732 3733 δὲ

2034 3777 2181 3830 δοκεῖ
2208 3777 2308 3847 μὲν
2333 3777 2533 3847 μᾶλλον
2559 3776 2842 3847 ἐλευθερία
2872 3773 3009 3830 εἶναι
3034 3794 3045 3804 ·
3082 3777 3297 3831 δουλεία
3325 3777 3383 3831 δέ
3419 3777 3536 3830 ἐστι
3571 3775 3732 3848 χαλε-

2035 3873 2259 3942 πωτάτη
2299 3872 2356 3925 ἐν
2400 3871 2712 3944 ἐλευθερίας
2754 3871 2928 3939 τάξει,
2973 3873 3083 3944 ὅσῳ
3129 3873 3225 3927 καὶ
3270 3873 3380 3926 τῶν
3425 3871 3732 3944 ἐλευθέρων

2036 3970 2251 4040 κρατεῖ.
2287 3967 2398 4020 Καὶ
2419 3968 2522 4038 ὅρα
2545 3967 2646 4039 τὴν
2676 3968 3009 4034 πλεονεξίαν,
3041 3970 3142 4023 ὅσα
3173 3971 3337 4023 ποιεῖ·
3375 3969 3478 4043 ὅρα
3501 3967 3594 4021 τοῦ
3624 3966 3731 4021 σώ-

2036 4080 2205 4134 ματος
2230 4061 2325 4134 τὴν
2350 4065 2504 4135 ἰσχὺν
2533 4065 2594 4118 οὐ
2629 4066 2898 4135 μένουσαν
2925 4067 3018 4120 ἐπὶ
3047 4065 3156 4118 τῶν
3179 4065 3393 4120 οἰκείων
3417 4066 3425 4078 ”
3460 4081 3578 4128 πων,
3608 4063 3727 4117 ἀλλ’

2032 4160 2119 4214 ἀεὶ
2143 4156 2241 4212 106
2277 4159 2519 4223 πλείονος
2542 4160 2856 4230 ἐφιεμένην,
2886 4163 2980 4214 καὶ
2999 4163 3098 4232 τῆς
3125 4161 3285 4232 δόξης
3308 4161 3652 4232 ὀρεγομένην
3673 4170 3722 4215 ι’.

2032 4256 2109 4309 Οὐ
2133 4254 2242 4326 γὰρ
2263 4263 2339 4318 ως
2363 4254 2760 4325 προϊστάμενος
2782 4255 2982 4321 αὐτῶν,
3008 4257 3330 4323 ὐπέταττεν,
3355 4256 3492 4310 ἀλλά
3512 4257 3607 4311 καὶ
3631 4257 3730 4310 πό-

2030 4351 2144 4413 λεις
2170 4350 2459 4422 ᾠκοδόμει,
2498 4350 2586 4403 ἵνα
2616 4350 2758 4421 ἄρχῃ
2797 4351 2908 4404 τῶν
2949 4352 3246 4422 πολεμίων.
3299 4352 3565 4407 Ἐκεῖθεν
3592 4351 3727 4423 γὰρ,

2031 4446 2218 4517 φησὶν,
2377 4443 2489 4512 τῆς
2533 4443 2645 4513 γῆς
2675 4445 2915 4513 ἐκείνης
2953 4446 3216 4514 ἐξῆλθεν
3247 4450 3280 4502 ό
3315 4447 3597 4516 Ἀσσοὺρ,
3628 4444 3729 4501 καί

2029 4538 2381 4609 ᾠκοδόμησε
2402 4538 2519 4608 τὴν
2543 4540 2769 4596 Νινευι.
2799 4540 2998 4594 Σκόπει
3030 4557 3120 4611 μοι
3141 4541 3303 4596 πάλιν
3327 4541 3582 4604 ἐνταῦθα,
3607 4541 3726 4623 πῶς

2029 4635 2180 4689 οὐδὲν
2213 4635 2535 4706 λυμαίνεται
2568 4636 2667 4706 τὴν
2701 4636 2977 4708 ἡμετέραν
3007 4637 3169 4707 φύσιν
3192 4641 3225 4709 ή
3261 4639 3430 4692 κακία
3453 4637 3564 4690 τῶν
3592 4653 3730 4708 προ·

2029 4732 2223 4799 γόνων.
2255 4724 2415 4785 Οὗτοι
2431 4732 2539 4802 γὰρ
2561 4733 2611 4785 οί
2635 4731 2677 4786 Ν
2685 4736 2932 4797 ινευῖται,
2961 4735 3009 4786 οἱ
3031 4734 3130 4805 τὴν
3152 4733 3246 4786 τοῦ
3271 4732 3408 4787 Θεοῦ
3429 4732 3729 4804 φιλανθρωο

2031 4828 2161 4882 πίαν
2182 4825 2334 4900 [293]
2350 4827 2438 4882 διὰ
2453 4827 2552 4898 τῆς
2575 4828 2866 4899 μετανοίας
2881 4831 3340 4901 ἐπισπασάμενοι,
3364 4831 3458 4884 καὶ
3479 4830 3577 4901 τὴν
3598 4829 3738 4884 ἁπό-.

2030 4940 2195 4993 φασιν
2214 4924 2305 4979 τοῦ
2326 4925 2597 4978 Δεσπότου
2627 4925 3116 4996 ἀνακαλεσάμενοι,
3152 4921 3298 4981 οὗτοι
3337 4928 3435 4999 μὲν
3461 4928 3727 5002 πρότερον

2029 5017 2189 5088 ἔσχον
2216 5018 2540 5089 προπάτορα
2570 5019 2662 5072 τὸν
2699 5019 2851 5090 Χάμ,
2887 5020 2978 5074 τὸν
3009 5021 3345 5094 πατραλοίαν
3373 5024 3604 5077 ἐκεῖνον’
3630 5022 3728 5075 ἔπ-

2030 5129 2154 5167 ειτα
2178 5113 2269 5166 τὸν
2301 5113 2548 5185 Νεϐρὼδ,
2573 5115 2860 5187 ἄνθρωπον
2887 5115 3149 5188 τύραννον
3178 5120 3273 5172 καὶ
3302 5118 3535 5189 αὐθάδη,
3561 5121 3723 5188 ἔγγο-

2029 5227 2120 5264 νον
2173 5210 2447 5282 ἐσχηκότα
2489 5210 2580 5267 τὺν
2615 5211 2866 5283 Ἀσσούρ.
2892 5213 3156 5282 Λέγονται
3181 5214 3236 5266 δὲ
3269 5215 3400 5277 ἴσως
3425 5215 3519 5268 καὶ
3543 5214 3724 5286 ἕτεροι

2029 5307 2357 5378 γεγενῆσθαι
2385 5309 2443 5361 ἐν
2467 5309 2652 5372 αὐτοῖς
2679 5307 2877 5378 βλᾶκες
2898 5310 2993 5362 καὶ
3014 5310 3490 5383 διατεθρυμμένοι,
3511 5310 3605 5364 καὶ
3629 5310 3721 5364 τὸν

2031 5403 2198 5475 ὑγρὸν
2233 5404 2329 5458 καὶ
2362 5404 2683 5477 διαρρέοντα
2706 5404 2908 5469 ζῶντες
2931 5405 3065 5476 βίον,
3101 5408 3243 5480 μέθῃ
3274 5409 3365 5462 καὶ
3395 5407 3592 5478 γέλωτι
3624 5407 3721 5462 καὶ

2028 5501 2238 5573 κώμοις
2268 5500 2360 5555 καὶ
2388 5501 2701 5571 χλευασίαις
2731 5502 3356 5568 ἐαυτούςέκδεδωκότεςο
3386 5503 3502 5558 ἀλλ’
3532 5503 3717 5574 ἐπειδὴ

2027 5596 2407 5667 ἠϐουλήθησαν
2434 5596 2636 5668 ἀκριϐῆ
2665 5597 2763 5668 τὴν
2803 5598 3096 5668 μετάνοιαν
3129 5597 3523 5663 ἐπιδείξασθαι,
3563 5597 3718 5652 οὐδὲν

2028 5691 2225 5755 αὐτοὺς
2259 5692 2562 5763 ἐλυμήνατο
2582 5693 2692 5746 τῶν
2715 5693 2996 5764 προγόνων
3016 5696 3050 5765 ή
3077 5695 3262 5759 κακία,
3288 5693 3427 5749 ἀλλά
3445 5693 3718 5766 τοσαύτην

2093 5848 2120 5888 ιι
2151 5852 2268 5917 fres
2293 5866 2410 5902 mss.
2435 5855 2521 5911 τὴν
2538 5853 2813 5917 ἀναλογίαν.
2840 5857 2998 5917 αιιιιιε
3014 5856 3080 5904 ita
3100 5852 3228 5914 legit
3253 5856 3518 5917 interpres,

2027 5914 2357 6039 ωξυξὲῗὲιοι·
2384 5929 2500 5966 mss.
2528 5913 2812 5980 ὀρεγομίνην
2834 5913 2923 5973 τὴν
2945 5915 3102 5981 φύσιν,
3139 5913 3290 5979 atque
3313 5913 3398 5968 ω’
3420 5913 3546 5980 legit
3571 5916 3712 5964 νοω
