4070 6390
228 410 339 468 ἳἹῦ

240 537 385 593 runt,
419 536 481 582 ut
516 542 685 597 usque
716 542 858 584 nunc
882 525 1191 583 celebretur
1215 526 1470 597 pratclara
1496 541 1686 582 eorum
1710 542 1823 597 pw-

245 619 469 673 nitentia
481 658 495 671 .

315 708 532 763 Moralis
555 708 929 761 exhortatio.—
946 705 1176 760 Proinde
1198 707 1317 760 illos
1335 714 1390 760 et
1419 722 1516 760 nos
1543 706 1830 771 imitemur,

243 809 295 853 et
320 816 443 854 cum
470 800 704 854 sciamus
731 813 903 867 neque
930 809 1209 866 parentum
1236 799 1525 868 nequitiam
1553 813 1650 851 nos
1674 797 1835 851 hede-

245 907 325 951 re.
355 891 401 945 si
431 890 757 947 voluerimus
786 888 1121 957 resipiscere,
1155 904 1329 958 neque
1360 898 1638 955 parentum
1668 886 1836 940 virtu-

246 993 353 1037 tum
378 983 534 1036 nobis
555 980 831 1051 prodesse.
859 981 906 1034 si
937 979 1192 1035 fuerimus
1212 979 1565 1049 negligentes,
1587 993 1838 1046 magnum

246 1075 315 1127 sit
333 1074 489 1127 nobis
502 1071 739 1126 studium
755 1070 988 1133 virtutis,
1011 1077 1066 1124 et
1084 1078 1293 1139 gratam
1308 1068 1637 1123 voluntatem
1655 1075 1840 1121 osten-

247 1164 475 1227 damus,
504 1171 561 1216 ut
584 1160 828 1217 eamdem
857 1176 1018 1231 quant
1042 1160 1172 1215 Sem
1195 1170 1246 1214 et
1276 1158 1511 1228 J3!)th
1542 1172 1841 1226 consequa-

249 1271 370 1309 mur
395 1254 828 1311 benedictionem
862 1271 877 1308 :
918 1261 975 1308 et
1016 1262 1075 1308 ut
1100 1268 1131 1307 a
1176 1238 1553 1307 maledictione
1577 1261 1633 1305 et
1673 1249 1846 1305 servi-

252 1356 383 1409 tute,
416 1361 574 1415 quam
600 1345 855 1399 Chanaan
894 1343 1100 1413 aeCepit
1118 1384 1134 1410 ,
1162 1344 1477 1409 liberemur,
1501 1350 1558 1398 et
1584 1356 1653 1395 ne
1679 1340 1847 1394 simus

252 1438 397 1491 servi
426 1436 655 1505 peccati,
676 1434 770 1489 sed
793 1450 973 1489 veram
1000 1433 1335 1504 possidentes
1362 1433 1687 1498 libertatem,
1710 1429 1847 1485 inel-

255 1526 433 1580 fahilia
462 1525 600 1578 bona
625 1523 1011 1593 adipiscamur,
1050 1524 1223 1593 gratia
1247 1532 1303 1579 et
1327 1521 1694 1589 misericordia
1740 1520 1849 1574 Do-

260 1616 389 1669 mini
418 1615 587 1669 nostri
614 1614 740 1670 Jesu
764 1613 991 1681 Christi,
1013 1628 1133 1669 cum
1155 1628 1263 1683 quo
1282 1612 1446 1676 Patri.
1467 1611 1627 1665 δίῐηυΙ
1654 1621 1706 1664 ει
1730 1609 1853 1680 51³1·

257 1706 381 1761 ritui
409 1714 596 1761 saneto
619 1704 687 1760 sit
710 1705 905 1775 gloria,
925 1703 1233 1775 imperium,
1250 1703 1453 1772 honor,
1473 1716 1617 1759 nunc
1634 1710 1687 1760 et
1712 1716 1853 1759 scin-

258 1811 376 1864 per,
404 1806 467 1851 et
485 1797 538 1850 in
563 1795 879 1851 saeculorum
905 1795 1121 1849 saecula.
1154 1795 1349 1852 Amen.

814 1925 1092 1982 HOMILIA
1132 1924 1303 1980 XXX.

297 2039 364 2095 Et
391 2050 502 2097 erat
519 2041 683 2095 onmis
710 2050 844 2094 terra
864 2040 1054 2093 labium
1076 2056 1253 2105 unum,
1276 2048 1322 2093 et
1343 2054 1441 2094 vox
1468 2055 1568 2093 una
1590 2037 1820 2092 omnibus

869 2129 1021 2199 (Gen.
1053 2131 1115 2185 ii
1174 2130 1250 2202 ι).

336 2265 385 2318 1.
423 2265 461 2316 Α
502 2263 805 2333 negligentia
831 2262 1089 2318 auditores
1108 2264 1304 2318 avertit.
1348 2263 1609 2335 Confessio
1631 2272 1862 2333 peccato-

264 2372 399 2407 rum.
428 2353 588 2407 ﬂora:
610 2355 829 2425 majores
850 2355 925 2407 vel
946 2354 1164 2408 minores
1190 2370 1281 2423 pro
1304 2353 1621 2424 longitudine
1642 2352 1881 2408 dierum-

266 2444 369 2497 Cur
403 2460 590 2514 magna
621 2446 819 2497 dicatur
854 2445 962 2498 Iuro
1000 2443 1336 2498 Itebdomada.
1366 2474 1435 2484 -
1462 2444 1604 2499 Ecce
1646 2443 1861 2498 tandem

266 2537 331 2592 ad
381 2537 541 2591 finem
586 2548 786 2593 sancta
824 2535 1259 2608 Quadragesimae
1297 2537 1564 2601 venimus,
1591 2544 1644 2591 et
1675 2536 1863 2605 jejunii

265 2630 655 2698 navigationem
688 2630 1009 2697 perfecimus
1032 2671 1048 2695 ,
1080 2630 1516 2699 appulimusque,
1549 2629 1641 2683 Dei
1667 2630 1861 2698 gratia,

267 2718 321 2773 in
355 2728 587 2788 portum.
622 2718 818 2773 Verum
857 2733 966 2773 non
1011 2717 1133 2773 ideo
1180 2718 1507 2789 negligentes
1538 2720 1726 2783 simus,
1768 2718 1864 2773 sed

269 2814 370 2866 hac
396 2810 465 2865 de
492 2825 652 2864 causa
699 2810 890 2863 iterum
922 2811 1096 2880 majus
1133 2810 1401 2876 studium,
1446 2811 1704 2880 imjorem
1742 2809 1866 2863 dili-

266 2905 502 2973 gcntiam
522 2942 537 2965 ,
569 2902 933 2972 majoremque
973 2902 1299 2972 vigilantiam
1334 2902 1702 2957 exhibeamns.
1734 2901 1865 2956 Nam

270 3004 335 3048 et
348 2994 585 3048 naucleri
608 3008 728 3047 cum
755 3009 847 3062 per
876 2994 1041 3047 multa
1067 2995 1233 3048 maria
1260 2994 1585 3058 transierint,
1614 3004 1667 3047 et
1696 2992 1867 3061 plenis

270 3087 435 3149 velis,
463 3085 774 3153 eductisque
802 3086 1071 3140 mercibus
1099 3084 1205 3157 (α)
1232 3085 1285 3138 in
1331 3095 1543 3154 portum
1578 3083 1866 3154 ingressuri

272 3176 505 3241 fuerint,
536 3184 645 3229 tum
678 3175 964 3229 maximam
1008 3190 1191 3230 curam
1228 3184 1283 3229 et
1329 3174 1739 3227 sollicitudinem
1772 3187 1868 3241 ge-

272 3275 416 3332 rnul,
448 3281 514 3319 ne
542 3265 595 3318 in
624 3263 901 3334 scapulum
930 3265 1017 3319 vel
1046 3265 1101 3318 in
1128 3272 1335 3332 petram
1359 3263 1644 3333 quamdam
1674 3262 1867 3331 impiu-

270 3365 420 3426 gant,
447 3371 567 3424 qua:
593 3368 781 3408 omnes
808 3355 1014 3424 priores
1041 3354 1254 3409 labores
1282 3353 1440 3407 simul
1466 3351 1760 3422 disperdat.
1794 3352 1861 3406 lta

272 3462 486 3515 quoque
530 3445 728 3499 faciunt
752 3458 1003 3500 cursores
1034 3463 1047 3498 :
1076 3460 1196 3498 cum
1222 3444 1366 3499 enim
1390 3443 1458 3498 ad
1485 3443 1640 3498 finem
1666 3443 1869 3497 stadio-

275 3554 394 3591 rum
418 3537 770 3605 perveniunt,
799 3534 1254 3591 vehementiorem
1284 3544 1501 3589 servant
1540 3550 1783 3601 cursum,
1816 3543 1873 3587 ut

276 3638 474 3681 melam
500 3628 784 3696 attingant,
808 3635 863 3682 et
889 3628 1104 3696 pramiia
1132 3636 1459 3681 mereantur.
1483 3626 1711 3680 Athleue
1740 3641 1877 3695 quo—

274 3735 382 3789 que
410 3729 530 3789 post
562 3719 787 3786 plurima
812 3717 1100 3777 certamina
1132 3727 1186 3771 et
1205 3717 1475 3784 victorias,
1505 3732 1626 3772 cum
1656 3733 1751 3785 pro
1777 3732 1873 3771 co-

276 3826 411 3865 rona
441 3812 754 3865 certandum
785 3819 903 3874 est,
952 3810 1141 3878 majori
1169 3810 1290 3863 nisu
1320 3798 1498 3863 omnia
1540 3808 1771 3875 faciunt,
1817 3820 1875 3863 ut

278 3912 497 3971 accepta
527 3916 725 3956 corona
765 3902 981 3957 abeant.
1026 3902 1210 3970 Itaque
1244 3901 1695 3971 quemadmodum
1739 3917 1872 3956 nau-

278 3993 516 4058 oleri,.et
540 4003 904 4057 eursores,et
929 3992 1144 4047 athletae
1163 4033 1181 4056 ,
1210 3993 1299 4047 ubi
1328 3992 1395 4046 ad
1427 3992 1587 4047 tinem
1631 3995 1878 4060 veniunt,

281 4084 450 4151 magis
474 4083 753 4137 enituntur
790 4092 844 4137 et
880 4083 1100 4151 vigilant
1135 4100 1149 4135 :
1186 4082 1374 4137 eodem
1402 4084 1562 4137 modo
1593 4093 1647 4137 et
1668 4100 1763 4137 nos
1792 4084 1874 4137 fa-

279 4173 485 4225 ciamus
510 4180 761 4240 oportet,
789 4174 912 4241 quia
956 4173 1009 4226 in
1050 4188 1294 4242 magnam
1326 4173 1462 4228 hanc
1488 4173 1875 4230 hebdomadam

283 4264 375 4317 Dei
411 4266 579 4333 gratia
610 4266 981 4333 pervenimus.
1015 4281 1156 4319 nunc
1199 4266 1430 4321 maxime
1454 4268 1641 4337 jejunii
1688 4284 1880 4324 cursus

283 4355 659 4420 intendendus,
688 4365 743 4410 et
765 4356 1113 4411 ferventiores
1136 4356 1416 4412 fundanda:
1440 4373 1655 4427 preces,
1684 4359 1880 4415 facien-

281 4448 457 4517 daque
477 4447 705 4516 diligens
725 4457 778 4502 et
801 4463 930 4517 pura
958 4457 1295 4517 peccatorum
1316 4448 1604 4514 confessio,
1632 4461 1685 4505 et
1712 4451 1764 4504 in
1786 4452 1883 4507 bo-

283 4539 365 4591 nis
393 4537 647 4606 operibus
670 4537 923 4592 sedulitas
960 4537 1279 4605 exhibenda,
1312 4540 1649 4609 cleemosyna
1698 4541 1839 4609 larga
1861 4582 1881 4608 ,

283 4629 548 4697 aquilas,
576 4629 961 4694 mansuetudo,
1007 4629 1233 4701 aliasque
1274 4632 1502 4686 virtutes
1536 4649 1548 4683 :
1593 4640 1651 4684 ut
1689 4632 1882 4687 talibus

281 4718 457 4771 ornati
479 4719 783 4785 virtutibus,
814 4720 898 4775 ubi
931 4721 982 4773 in
1009 4719 1150 4774 diem
1182 4721 1510 4776 Dominimm
1540 4721 1759 4776 Pascha;
1783 4737 1881 4777 ve-

284 4810 542 4872 nerimus,
575 4808 787 4863 Domini
818 4811 1133 4867 liberalitate
1154 4812 1412 4867 fruamur.
1436 4814 1677 4885 Magnam
1700 4827 1881 4870 autem

283 4913 540 4952 meamus
571 4898 989 4966 hebdomadam,
1013 4916 1117 4954 non
1145 4902 1288 4970 quod
1317 4904 1585 4972 longiores
1609 4906 1661 4958 in
1684 4920 1744 4959 ea
1776 4907 1883 4960 sint

287 4990 437 5044 horae
465 5007 477 5042 :
512 4999 638 5044 sunt
665 4990 807 5044 enim
839 4991 957 5044 aliae
981 5006 1100 5060 quae
1139 4992 1305 5045 multo
1337 4992 1567 5061 majores
1595 4994 1753 5049 horas
1782 4997 1877 5048 ha-

286 5080 447 5144 bent;
483 5095 654 5148 neque
678 5080 821 5149 quod
853 5080 1030 5149 plures
1057 5081 1173 5136 dies
1203 5082 1396 5137 habeat
1426 5100 1438 5135 :
1468 5094 1550 5138 est
1571 5086 1712 5138 enim
1743 5086 1881 5141 idem

288 5186 544 5224 numerus
585 5172 634 5223 in
665 5170 767 5224 hac
804 5172 1027 5242 aliisque
1066 5172 1335 5227 omnibus.
1381 5174 1557 5241 Quare
1582 5191 1712 5247 ergo
1741 5178 1881 5231 illam

288 5276 542 5315 vocamus
565 5264 846 5331 magnam?
868 5263 1001 5329 Quia
1025 5264 1078 5317 in
1103 5264 1189 5317 illa
1208 5280 1399 5334 magna
1416 5267 1658 5336 quredam
1678 5278 1730 5324 et
1752 5268 1887 5327 inef-

290 5354 469 5409 fabilia
502 5354 636 5407 bona
679 5354 1019 5423 contigerunt
1045 5356 1220 5409 nobis.
1262 5355 1319 5409 In
1350 5356 1437 5411 illa
1473 5358 1617 5412 enim
1655 5360 1885 5415 solutum

286 5456 371 5499 est
401 5445 596 5500 bellum
643 5445 903 5498 diutinum
923 5485 938 5512 ,
967 5446 1225 5500 exstincta
1268 5462 1436 5517 mors,
1467 5450 1771 5505 maledictio
1801 5451 1882 5505 in-

287 5547 573 5606 terempta,
600 5535 796 5589 diaboli
821 5539 1056 5606 tyrannis
1074 5538 1351 5608 dissoluta,
1377 5556 1499 5597 vasa
1518 5541 1632 5610 ejus
1659 5541 1882 5612 direpta;

351 5668 425 5729 (lt)
446 5670 526 5716 Itis
543 5669 698 5736 innuit
719 5669 1100 5736 clavsostomus,
1124 5686 1215 5723 suo
1238 5681 1463 5736 tempore
1486 5676 1534 5724 in
1556 5688 1691 5723 more
1718 5674 1885 5733 fuisse,

289 5738 343 5778 ut
368 5744 427 5777 ex
458 5731 690 5798 navibus,
726 5730 948 5781 confecto
981 5730 1301 5793 navigationis
1332 5730 1503 5794 cursu,
1541 5745 1802 5798 antequam
1841 5730 1887 5785 in

292 5798 484 5853 portum
507 5792 793 5861 intrat-etum
814 5807 965 5844 onera
992 5803 1044 5845 et
1066 5792 1267 5849 sarcina:
1295 5792 1640 5861 educerentur,
1664 5792 1713 5849 et
1738 5801 1787 5848 in
1812 5813 1886 5849 su-

290 5866 461 5916 premo
477 5853 697 5905 tabulato
718 5866 1041 5918 ponerentur.

1220 415 1289 471 IN
1323 416 1474 473 CAP.
1519 416 1563 471 Χ
1604 414 1691 470 ΕΤ
1733 414 1821 470 XI.
1864 414 2092 470 CENI'S
2154 412 2382 469 1101111..
2425 413 2596 469 XXX.

3434 409 3537 463 274

1945 524 2083 578 Deus
2114 525 2417 578 hominibus
2444 523 2817 579 reconciliatus
2841 530 2943 586 est,
2972 521 3160 575 en‘lum
3210 521 3540 589 penetrabile

1941 613 2136 668 factum
2165 624 2265 673 est.
2301 615 2547 668 homines
2573 629 2694 667 cum
2717 614 2923 683 angelis
2948 615 3223 667 commixti
3252 620 3395 677 sunt,
3422 631 3542 682 qun:

1942 704 2210 757 distabant
2234 706 2513 774 conjuncta
2538 714 2681 768 sunt,
2700 719 2857 771 scpes
2877 705 3104 768 sublata,
3128 715 3336 772 septum
3365 720 3543 758 remo-

1947 804 2080 861 tum,
2114 796 2253 851 Deus
2280 798 2425 865 pacis
2449 798 2667 866 pacifica
2710 796 2832 851 fecit
2857 798 3058 863 omnia,
3086 813 3205 867 qua:
3234 798 3285 851 in
3319 798 3469 851 c:elis
3496 806 3549 850 et

1946 903 2063 955 qua:
2094 887 2146 941 in
2176 888 2354 941 terris.
2380 888 2491 942 llac
2512 889 2687 957 itaque
2707 888 2773 943 de
2799 904 2959 943 causa
2986 904 3232 958 magnam
3257 889 3550 943 hebdoma-

1948 978 2070 1031 dam
2102 994 2373 1045 vocamus,
2400 982 2521 1048 quia
2550 990 2750 1033 tantam
2787 980 2939 1034 nobis
2963 980 3227 1034 donorum
3252 981 3517 1034 multitudi
3537 1009 3550 1017 -

1950 1084 2072 1122 nem
2105 1069 2155 1122 in
2194 1069 2279 1122 illa
2320 1069 2540 1139 largitus
2565 1081 2647 1125 est
2679 1071 2955 1124 Dominus.
2990 1071 3055 1124 Et
3083 1070 3280 1124 idcirco
3307 1072 3460 1123 multi
3487 1080 3544 1125 et

1948 1158 2209 1226 jejunium
2241 1160 2551 1226 intendunt,
2571 1171 2623 1215 et
2653 1160 2880 1230 vigilias,
2921 1170 2976 1216 ct
3003 1161 3436 1230 pernoctationes
3463 1175 3551 1214 sa-

1952 1265 2101 1312 cras,
2150 1260 2205 1304 et
2246 1251 2647 1322 eleemosynas,
2679 1251 2801 1304 hinc
2836 1251 3148 1306 exhibentes
3189 1267 3347 1315 cum,
3386 1265 3546 1320 quem

1956 1342 2307 1396 hebdomade
2337 1343 2461 1397 huic
2489 1352 2766 1412 praestant,
2801 1342 3080 1403 honorem.
3111 1344 3243 1398 Nam
3287 1344 3333 1398 si
3372 1343 3557 1397 Domi-

1956 1450 2056 1488 nus
2087 1436 2211 1490 talia
2235 1436 2373 1490 bona
2408 1438 2458 1491 in
2500 1438 2587 1492 illa
2622 1438 3049 1506 nobisdonavit,
3073 1440 3344 1510 quomodo
3370 1456 3475 1493 non
3503 1448 3559 1493 et

1960 1542 2058 1581 nos
2077 1526 2354 1594 debemus,
2378 1540 2637 1598 quantum
2664 1544 2975 1600 possumus,
3001 1535 3356 1588 reverentiam
3378 1542 3433 1587 et
3459 1533 3557 1587 ho-

1960 1632 2144 1671 norem
2172 1620 2457 1673 ostenderc
2474 1620 2496 1673 i

2030 1706 2295 1761 Justitiam
2320 1710 2564 1763 indictum
2598 1711 2914 1765 hebdomadi!
2944 1722 3144 1765 sancta.
3175 1743 3245 1753 --
3272 1713 3559 1768 Enimvero

1962 1797 2320 1867 Imperatores
2342 1800 2440 1869 ipsi
2460 1802 2625 1869 gestis
2655 1801 2767 1856 suis
2792 1802 3067 1856 declarant
3091 1818 3253 1873 quam
3276 1804 3529 1857 venerabi
3547 1832 3561 1841 ο

1963 1889 2039 1942 les
2068 1889 2188 1945 illos
2212 1890 2327 1946 dics
2369 1892 2631 1955 habeant,
2661 1893 2978 1949 mandantes
3008 1903 3064 1947 ut
3086 1894 3335 1949 omnibus
3357 1894 3465 1948 sint
3486 1897 3563 1947 in-

1963 1981 2133 2036 duciae
2154 1993 2209 2038 et
2235 1982 2383 2038 feriat
2412 1985 2476 2039 iis
2501 1986 2591 2054 qui
2612 1986 2858 2041 civilibus
2887 1986 3181 2057 funguntur
3206 1988 3453 2057 negotiis,
3485 1998 3563 2042 ut~

1964 2086 2070 2139 que
2098 2073 2414 2127 claudantur
2442 2073 2585 2130 fores
2608 2075 2930 2145 jndiciorum
2951 2116 2969 2144 ,
2996 2086 3051 2133 et
3077 2077 3421 2133 eliminentur
3450 2094 3565 2132 om-

1966 2178 2062 2218 nes
2092 2164 2264 2219 litium
2289 2176 2343 2221 et
2372 2167 2776 2222 contentionum
2808 2174 3038 2237 species,
3065 2166 3177 2240 quo
3204 2187 3392 2242 magna
3417 2180 3571 2225 tran-

1966 2254 2233 2322 qnillitste
2243 2269 2309 2310 ac
2322 2257 2503 2325 quiete
2520 2258 2674 2312 liceat
2692 2258 2760 2313 ad
2771 2259 3066 2329 spiritualia
3084 2268 3229 2315 recte
3246 2262 3568 2329 perﬁcienda

1968 2344 2238 2400 festinare.
2270 2346 2337 2402 Et
2359 2362 2466 2401 non
2488 2347 2591 2402 hoc
2607 2349 2800 2415 solum,
2826 2349 2922 2404 sed
2937 2358 2990 2404 et
3009 2351 3168 2405 aliam
3195 2352 3581 2407 liberalitatem.

1969 2436 2265 2490 ostendunt
2290 2454 2303 2491 :
2328 2452 2422 2493 eos
2446 2440 2590 2494 enim
2617 2439 2708 2509 qui
2734 2440 2787 2494 in
2814 2440 3120 2497 carceribus
3147 2449 3294 2506 sunt,
3325 2456 3357 2497 a
3388 2445 3572 2497 vinem

1970 2527 2036 2606 lis
2059 2529 2308 2595 solvunt,
2346 2540 2401 2586 et
2438 2546 2535 2600 pro
2565 2531 2797 2586 humana
2826 2532 3074 2589 facultate
3102 2534 3387 2589 Dominum
3417 2548 3573 2589 suum

1972 2619 2269 2675 imitantur.
2306 2622 2456 2677 Sicut
2494 2624 2640 2677 enim
2676 2623 2791 2694 ipse
2833 2637 2864 2676 a
2915 2624 3063 2694 gravi
3097 2639 3194 2678 nos
3232 2633 3573 2695 peccatorum

1972 2725 2187 2766 carcere
2242 2713 2462 2778 liberat,
2515 2722 2570 2768 et
2617 2713 2916 2770 innumeris
2962 2715 3115 2769 bonis
3145 2714 3311 2770 afﬁcit
3340 2733 3351 2767 :
3385 2717 3578 2772 eodem

1974 2803 2135 2857 modo
2162 2813 2216 2859 et
2245 2804 2399 2859 nobis
2429 2820 2535 2874 pro
2558 2804 2705 2859 virili.
2724 2808 3027 2864 iaciendum
3049 2816 3150 2869 est,
3174 2818 3230 2861 ut
3261 2808 3429 2862 simus
3456 2808 3575 2862 imi-

1974 2902 2173 2950 tatores
2203 2895 2584 2951 misericordiae
2620 2897 2831 2951 Domini
2857 2898 2949 2952 Dei
2976 2899 3168 2953 nostri.
3202 2898 3420 2954 Vidistis
3442 2914 3576 2969 quo-

1974 2985 2135 3038 modo
2159 2985 2355 3055 singuli
2381 2986 2433 3039 in
2450 2987 2707 3041 omnibus
2723 2988 2996 3057 specimen
3024 2989 3249 3042 edamus
3273 2989 3388 3059 ejus
3411 2989 3576 3045 hono-

1975 3077 2049 3129 ris
2073 3091 2137 3130 ac
2159 3078 2494 3142 reverentiae,
2523 3093 2681 3147 quam
2711 3078 3027 3133 exhibemus
3057 3079 3249 3135 diebus
3269 3082 3334 3135 iis
3361 3082 3451 3151 qui
3480 3097 3578 3136 nec

1978 3166 2060 3220 bis
2089 3176 2167 3221 tot
2210 3168 2476 3222 bonorum
2510 3184 2688 3223 causa:
2732 3171 2895 3224 sunt?
2923 3170 3158 3226 Proinde
3187 3188 3317 3243 rogo
3355 3188 3500 3228 nunc
3534 3174 3580 3228 si

1977 3274 2232 3329 umquam
2258 3259 2412 3326 alias,
2440 3270 2495 3314 ut
2523 3261 2751 3330 repulsis
2777 3264 3123 3318 smeularibus
3144 3264 3578 3335 cogitationibus,

1978 3360 2029 3403 ct
2059 3359 2239 3404 mente
2270 3361 2496 3419 purgata
2519 3366 2583 3405 ac
2622 3351 2767 3423 vigili
2794 3352 2900 3407 huc
2938 3354 3344 3410 conveniamus.
3394 3355 3580 3411 Nullus

1976 3441 2259 3496 ecclesiam
2305 3442 2575 3511 ingressus
2605 3444 2895 3499 smeulares
2919 3460 3077 3499 curas
3101 3461 3283 3501 secum
3315 3447 3495 3518 ducat,
3526 3460 3591 3505 ur

1976 3533 2138 3600 digna
2165 3533 2405 3587 laborum
2432 3535 2681 3590 mercede
2715 3545 2950 3605 recepta,
2985 3538 3175 3591 iterum
3203 3538 3420 3593 domum
3452 3556 3582 3609 pro-

1983 3626 2147 3680 ficisci
2171 3626 2346 3681 liceat.
2379 3628 2491 3697 Age
2518 3628 2676 3697 igitur
2705 3639 3021 3683 consuetam
3043 3630 3192 3685 vobis
3217 3646 3457 3686 mensam
3487 3634 3583 3687 ite-

1980 3735 2099 3773 rum
2129 3736 2489 3790 proponamus
2510 3763 2524 3787 ,
2569 3730 2625 3775 et
2664 3721 2731 3776 de
2761 3722 2973 3792 iis—qum
3003 3723 3139 3778 lecta
3171 3733 3297 3777 sunt
3333 3740 3396 3779 ex
3427 3726 3584 3782 beato

1984 3814 2151 3877 Mose,
2182 3815 2390 3868 caritati
2414 3823 2604 3869 vestra:
2630 3815 2935 3869 convivium
2959 3830 3228 3885 paremus,
3254 3817 3440 3871 eadem
3472 3818 3585 3887 ipsa

1984 3908 2036 3960 in
2061 3906 2293 3961 medium
2323 3905 2653 3962 addtmenms
2674 3915 2728 3961 et
2749 3907 3047 3962 indicantes
3073 3907 3272 3963 divina:
3295 3908 3586 3977 Scriptura:

1984 3998 2334 4069 diligentiam.
2372 3996 2506 4052 Nam
2547 4008 2827 4067 postquam
2872 3998 3110 4052 historiae
3156 3999 3225 4053 de
3275 3998 3429 4054 beato
3476 3999 3590 4057 Noe

1988 4089 2148 4142 linem
2198 4088 2469 4157 imposuit,
2524 4089 2895 4157 genealogiam
2939 4099 3337 4157 consequenter
3388 4104 3417 4143 a
3461 4088 3588 4145 Sem

1986 4182 2282 4245 exorditur,
2310 4193 2364 4237 et
2390 4181 2519 4235 dicit
2549 4199 2561 4233 :
2590 4181 2679 4234 21.
2713 4179 2864 4252 (Gen.
2890 4181 2980 4251 l0)
2999 4180 3065 4233 Et
3097 4182 3219 4235 Seni
3246 4183 3355 4235 nati
3378 4192 3514 4249 sunt,
3544 4196 3590 4237 et

1987 4274 2086 4343 ipsi
2114 4274 2248 4343 patri
2273 4274 2501 4327 omnium
2532 4273 2762 4339 filiorum
2791 4271 2978 4338 lleber,
3011 4273 3160 4343 fratri
3200 4272 3428 4341 Japhcth
3476 4291 3589 4326 ma-

1979 4367 2113 4437 joris
2142 4367 2258 4434 lilii.
2309 4365 2509 4420 Deinde
2534 4363 2780 4417 confecto
2802 4365 3075 4419 nominum
3097 4365 3342 4434 catalogo
3364 4366 3435 4419 ait
3460 4382 3473 4416 :
3498 4366 3587 4419 25.

1990 4460 2056 4512 Et
2081 4459 2243 4513 Heber
2261 4459 2368 4512 nati
2391 4469 2505 4511 sunt
2533 4458 2634 4511 duo
2664 4458 2780 4525 ﬁlii,
2806 4474 2987 4510 nomen
3025 4458 3113 4509 uni
3140 4457 3335 4510 Phalec
3358 4473 3376 4511 :
3398 4459 3515 4527 quia
3541 4459 3593 4511 in

1988 4551 2163 4604 diebus
2202 4551 2340 4603 illius
2370 4548 2531 4602 divisa
2566 4556 2638 4601 est
2688 4558 2845 4602 terra.
2890 4547 3185 4602 Considera
3214 4548 3485 4618 quomodo
3515 4549 3590 4600 si-

1989 4645 2076 4715 gni
2109 4643 2184 4715 (a)
2214 4657 2317 4697 non
2353 4641 2522 4695 multo
2551 4647 2671 4709 post
2708 4639 2867 4694 futuri
2904 4640 3300 4708 priescientiam
3328 4639 3590 4693 vocabulo

1990 4738 2099 4792 nati
2130 4738 2273 4806 pueri
2302 4734 2509 4801 indidit,
2540 4744 2596 4787 ut
2628 4748 2748 4787 cum
2776 4732 2973 4786 videris
3002 4746 3113 4785 rem
3140 4746 3307 4800 opere
3330 4731 3595 4803 adimple-

1990 4839 2125 4896 tam,
2154 4843 2262 4883 non
2289 4828 2423 4882 ultra
2448 4825 2680 4892 mireris,
2704 4825 2891 4879 videns
2916 4824 3173 4881 divinitus
3195 4824 3298 4881 hoc
3321 4827 3470 4897 pueri
3496 4843 3593 4881 no-

1990 4925 2134 4978 mine
2174 4921 2508 4991 prardictum.
2556 4919 2689 4975 Nam
2738 4928 3019 4990 postquam
3064 4920 3364 4989 catalogum
3405 4934 3592 4974 eorum

1991 5015 2135 5079 fecit,
2168 5014 2256 5083 qni
2289 5021 2473 5081 postea
2514 5013 2622 5067 nati
2665 5022 2811 5075 sunt,
2841 5012 3056 5082 inquit:
3094 5012 3145 5066 1.
3190 5011 3340 5083 (Cap.
3390 5012 3478 5079 11)
3529 5008 3596 5062 Et

1990 5115 2098 5160 erat
2138 5105 2305 5159 omnis
2329 5114 2464 5158 terra
2493 5103 2681 5157 (obium
2728 5120 2921 5169 unum,
2949 5113 2995 5157 et
3038 5119 3136 5157 nox
3172 5120 3274 5158 una
3317 5102 3550 5156 omnibus
3580 5119 3590 5152 :

1994 5213 2099 5251 non
2148 5196 2217 5251 de
2267 5205 2405 5249 terra
2449 5196 2697 5263 loquens,
2728 5194 2821 5249 sed
2869 5194 2937 5248 de
2969 5194 3245 5248 hominum
3288 5208 3507 5263 genere,
3544 5205 3601 5249 ut

1993 5305 2091 5342 nos
2141 5286 2332 5339 doceat
2362 5301 2521 5340 unam
2553 5286 2786 5355 linguam
2812 5284 2959 5339 omni
2988 5285 3263 5339 hominum
3300 5286 3465 5339 fuisse
3498 5300 3598 5339 na-

1995 5388 2144 5431 [ιιι-ω.
2175 5375 2241 5429 Et
2260 5387 2367 5430 erat
2398 5378 2558 5429 omnis
2586 5386 2719 5428 terra
2745 5376 2935 5429 fabium
2964 5394 3139 5442 unum,
3168 5386 3213 5431 et
3240 5393 3337 5430 vox
3363 5393 3465 5429 uua
3486 5394 3596 5430 oni-

1994 5472 2161 5525 nibus.
2191 5471 2403 5523 Lubiam
2440 5487 2619 5537 unum,
2646 5486 2947 5526 sermonem
2975 5472 3125 5534 dicit.
3155 5479 3208 5525 et
3234 5470 3463 5541 idipsum
3496 5472 3593 5525 itc-

1997 5581 2113 5619 rum
2145 5580 2237 5634 per
2272 5580 2457 5619 vocem
2502 5564 2739 5628 indicat,
2766 5565 3073 5634 significans
3113 5579 3303 5619 omnes
3346 5578 3471 5618 usos
3500 5577 3590 5615 ea—

1996 5660 2117 5714 dem
2149 5673 2277 5714 voce
2306 5667 2360 5714 et
2400 5658 2593 5728 lingua.
2629 5658 2693 5712 Et
2719 5659 2861 5728 quod
2899 5659 2968 5713 de
3012 5658 3224 5728 loquela
3250 5656 3481 5719 dicatur,
3524 5654 3592 5709 Et

2056 5798 2157 5911 (1'11r
2164 5806 2232 5848 ne
2268 5801 2407 5864 signo
2458 5814 2548 5851 seu
2588 5799 2819 5851 miraculo
2864 5798 3115 5849 divisionis
3181 5796 3456 5858 linguarum
3518 5791 3580 5836 lo-

2056 5876 2079 5910 λι
2165 5897 2176 5910 .

1996 5876 2176 5925 quitur.
