4070 6392
490 383 596 441 I75

485 514 603 562 erat
645 498 807 556 omnis
844 508 978 554 terra
1022 496 1209 552 labium
1249 512 1440 561 unm,
1469 492 1594 549 audi
1620 492 1946 564 Scripturam
1974 489 2079 544 alio

498 593 619 646 loco
653 590 960 646 dicentem:
1019 588 1268 643 Venenum
1303 584 1539 656 aspidum
1580 583 1671 639 sub
1720 582 1864 637 labiis
1908 594 2080 634 eorum

495 684 520 751 ι
548 682 699 739 Psul.
735 681 857 739 £39.
886 683 921 737 4
942 682 983 750 ).
1017 680 1092 734 Ita
1116 680 1255 734 solet
1281 677 1555 747 Scriptura
1582 676 1837 731 labiorum
1865 671 2080 726 nomine

498 775 766 844 loquelam
796 772 1082 842 appellare.
1114 770 1168 823 2.
1196 768 1261 823 Et
1279 774 1469 840 factum
1494 778 1568 823 est
1591 783 1705 821 cum
1731 772 1980 820 mouerent
2004 762 2080 816 illi

495 867 561 918 ab
587 864 812 930 Oriente,
842 863 1134 915 inuenerunt
1153 876 1392 929 campum
1408 860 1463 913 in
1484 866 1621 913 terra
1641 855 1896 919 Seunaar,
1921 861 1969 906 et
1988 851 2081 904 ha-

496 954 774 1009 bitaverunt
800 954 928 1008 illic.

564 1044 623 1098 ἃ.
664 1042 903 1097 Humana
922 1053 1109 1097 natura
1132 1057 1330 1113 majora
1355 1054 1551 1109 semper
1573 1036 1783 1109 appetit.
1819 1033 2081 1090 Memoria

497 1145 698 1188 (sternte
738 1134 1009 1203 cupiditas.
1042 1162 1114 1176 -—-
1145 1132 1277 1187 Vide
1313 1127 1581 1201 quomodo
1619 1128 1847 1182 humana
1893 1133 2078 1179 natura

498 1238 603 1277 non
634 1232 808 1292 potest
831 1224 1125 1280 subsistere
1156 1221 1294 1276 intra
1319 1234 1448 1275 suos
1474 1219 1693 1285 limites,
1722 1215 1816 1272 sed
1852 1214 2079 1284 amplius

496 1314 899 1383 concupiscens,
932 1314 1137 1383 majora
1165 1327 1325 1383 supra
1354 1326 1415 1367 se
1432 1311 1654 1383 appetit.
1682 1310 1854 1379 Atque
1879 1306 1981 1362 hoc
1998 1314 2081 1361 est

494 1404 638 1472 quod
678 1402 965 1458 humanum
1012 1418 1180 1474 genus
1207 1404 1536 1473 potissimum
1580 1399 1776 1471 perdit,
1820 1400 1943 1469 quia
1973 1413 2078 1453 non

496 1495 609 1549 vult
640 1504 842 1549 natura:
881 1509 995 1550 sua:
1035 1508 1339 1550 mensuram
1382 1505 1707 1563 agnoscere,
1736 1490 1832 1546 sed
1869 1504 2080 1558 semper

497 1585 702 1655 majora
746 1586 976 1656 appetit,
1025 1594 1081 1640 et
1107 1598 1225 1654 qua:
1253 1597 1411 1654 supra
1438 1598 1589 1639 suam
1615 1590 1743 1638 sunt
1768 1580 2077 1651 dignitatem

498 1676 639 1732 votis
677 1677 923 1746 concipit.
969 1675 1101 1729 Hine
1139 1683 1194 1731 et
1222 1674 1317 1745 qui
1367 1672 1631 1728 mundana
1657 1672 1986 1743 suspiciunt,
2034 1671 2081 1726 si

495 1767 711 1834 quando
735 1766 900 1821 multo
919 1765 1302 1822 abundaverint
1330 1780 1482 1832 auro,
1508 1773 1563 1821 et
1589 1772 1832 1833 potentes
1861 1761 2078 1828 iuerint,

495 1857 649 1927 quasi
671 1857 820 1913 obliti
845 1872 957 1913 sua:
978 1867 1201 1923 naturae,
1234 1858 1285 1911 in
1308 1866 1508 1911 tantum
1527 1871 1587 1912 se
1612 1854 1878 1926 fastigium
1900 1853 2081 1909 etIerri

496 1948 718 2013 volunt,
763 1949 936 2003 donec
984 1948 1035 2001 in
1084 1946 1402 2016 profundqu
1434 1946 1606 2016 ipsum
1634 1944 1968 2015 dcjiciantur.
2016 1943 2081 1999 Et

496 2037 606 2094 hoc
651 2038 891 2094 videmus
936 2038 1170 2109 quotidie
1211 2039 1553 2109 contingere,
1579 2036 1819 2107 quamvis
1858 2050 1957 2091 nec
1982 2033 2083 2090 hac

500 2129 705 2185 ratione
752 2129 1142 2185 emendatiores
1178 2126 1407 2183 evadant
1452 2126 1583 2180 alii:
1610 2126 1704 2181 sed
1734 2126 1832 2181 etsi
1862 2124 1927 2178 ad
1959 2139 2081 2193 par-

500 2234 625 2275 vum
647 2226 855 2287 tempus
875 2218 1255 2288 reprimantur,
1274 2218 1449 2271 subito
1466 2224 1641 2271 tamen
1657 2214 1893 2270 omnium
1908 2212 2080 2278 obliti,

498 2310 692 2366 iterum
716 2307 958 2364 eamdem
988 2308 1241 2363 incedunt
1264 2307 1435 2373 viam,
1462 2314 1518 2363 et
1542 2306 1596 2361 in
1621 2304 1808 2361 eadem
1836 2302 2081 2374 principi-

498 2399 571 2454 tia
595 2397 906 2453 deferuntur
954 2412 969 2450 :
1020 2397 1072 2453 id
1114 2396 1257 2467 quod
1292 2405 1348 2452 et
1374 2410 1515 2451 nunc
1551 2396 1737 2451 videre
1778 2396 1904 2451 licet
1944 2394 2083 2465 apud

499 2489 633 2544 istos
662 2488 879 2543 iactum.
908 2486 976 2540 Et
998 2490 1189 2557 factum
1216 2496 1288 2542 est
1318 2503 1431 2540 cum
1451 2485 1797 2541 mouerent-illi
1817 2484 1879 2540 ab
1900 2483 2084 2539 Orien-

500 2590 571 2646 te,
596 2580 891 2634 inuenerunt
918 2593 1155 2649 campum
1180 2579 1233 2632 in
1251 2587 1386 2632 terra
1401 2578 1655 2645 Sennaar,
1674 2587 1723 2632 et
1741 2577 2084 2631 habitaverunt
2106 2564 2111 2569 ’

499 2672 627 2727 illic.
659 2670 789 2726 Vide
811 2669 1080 2741 quomodo
1107 2670 1358 2740 paulatim
1384 2670 1542 2725 docet
1563 2684 1659 2725 nos
1690 2669 1934 2724 instabile
1963 2668 2083 2724 illo.

500 2775 620 2817 rum
651 2760 1001 2830 propOsitum.
1028 2759 1288 2828 Quoniam
1309 2759 1577 2825 viderunt,
1601 2760 1787 2831 inquit,
1814 2774 2084 2830 campum,

498 2853 790 2923 migrantes
813 2893 831 2919 ,
862 2860 915 2908 et
944 2851 1131 2907 relicto
1166 2851 1330 2923 priori
1356 2851 1475 2908 loco
1495 2894 1511 2919 ,
1540 2852 1649 2908 illic
1692 2851 2083 2907 habitavean

500 2943 706 3003 Deinde
730 2944 893 3000 dicit:
925 2944 978 2999 5.
1016 2942 1156 2998 Dixit
1180 2945 1519 3015 unusquisque
1544 2944 1774 3011 proximo
1803 2959 1897 2998 suo
1928 2958 1948 2998 :
1984 2942 2085 2997 Ve-

502 3039 625 3103 nite,
654 3038 984 3107 conﬁdamus
1006 3038 1203 3101 lateres,
1233 3044 1281 3092 et
1304 3052 1576 3106 coquamus
1601 3052 1686 3091 eos
1712 3036 1837 3106 igni.
1869 3034 1935 3089 Et
1962 3034 2085 3104 facti

504 3137 621 3183 sunt
648 3128 750 3182 illis
774 3128 956 3183 lateres
980 3128 1033 3181 in
1057 3126 1303 3197 lapidein,
1325 3136 1373 3181 et
1393 3126 1615 3181 bitumen
1638 3136 1743 3181 erat
1773 3125 1874 3180 illis
1899 3125 2083 3179 lutum.

504 3220 561 3275 4.
592 3217 659 3272 Et
683 3218 920 3273 dixerunt
948 3236 962 3271 :
1003 3216 1209 3284 Venite,
1237 3216 1545 3287 artiﬁcem
1573 3215 1716 3271 nobis
1738 3216 1983 3270 civitatem
2002 3255 2017 3279 ,
2041 3224 2089 3268 et

502 3310 704 3373 turrim,
743 3309 890 3378 cujus
914 3316 1070 3377 caput
1095 3307 1189 3362 erit
1213 3322 1369 3378 usque
1402 3307 1455 3361 in
1490 3306 1709 3375 ca'lnnt,
1749 3315 1797 3361 et
1840 3306 2088 3378 faciamus

503 3400 647 3455 nobis
686 3401 811 3470 ipsis
838 3416 1051 3465 nomen,
1084 3401 1379 3469 priusquam
1415 3400 1764 3472 disperguntur
1804 3415 1956 3470 super
1977 3394 2113 3453 our-7

506 3508 619 3546 nem
644 3502 845 3547 terram.
879 3492 1011 3547 Vide
1038 3490 1306 3563 quomodo
1332 3492 1619 3547 abutuntur
1637 3490 1903 3547 communi
1932 3506 2081 3556 voce,

504 3592 560 3639 et
578 3585 844 3657 quomodo
868 3600 1061 3640 vanum
1086 3585 1205 3640 vine
1230 3586 1558 3655 pr0positum
1581 3584 1648 3639 sit
1670 3585 1953 3639 multorum
1974 3598 2088 3639 ma-

506 3678 680 3733 lorum
714 3680 944 3733 occasio.
984 3677 1177 3745 Venite,
1210 3678 1399 3748 inquit,
1432 3678 1677 3747 faciamus
1705 3678 1901 3743 lateres,
1930 3686 1978 3731 et
2002 3694 2088 3731 co-

506 3785 718 3833 quamus
744 3785 826 3821 eos
852 3768 977 3837 igni.
1010 3768 1073 3823 Et
1098 3769 1222 3838 facti
1246 3778 1365 3822 sunt
1397 3767 1499 3821 illis
1534 3767 1711 3822 lateres
1737 3768 1791 3822 in
1833 3766 2085 3838 lapidem,

508 3871 555 3914 et
594 3859 811 3913 bitumen
852 3861 903 3912 in
948 3876 1161 3913 aenum.
1211 3861 1343 3915 Vide
1370 3870 1563 3928 quanta
1596 3864 1877 3916 securitate
1908 3861 2089 3917 volunt

508 3950 797 4014 a'dilicare,
838 3951 1138 4005 nescientes
1169 3950 1328 4009 illud.
1349 3949 1467 4004 Nisi
1493 3949 1743 4005 Dominus
1770 3952 2090 4019 ludiﬁcaverit

510 4041 733 4103 domum,
762 4041 813 4092 in
836 4056 1017 4093 vultum
1034 4039 1384 4095 laboraverunt
1402 4042 1488 4110 qui
1505 4041 1758 4109 a'di/icant
1780 4057 1889 4095 eam
1914 4041 2087 4112 (Psal.

511 4133 636 4186 1‘26.
671 4134 743 4202 i).
780 4131 840 4184 Et
869 4133 1191 4201 redi/iceram,
1218 4132 1479 4204 inquiunt,
1510 4132 1650 4188 nobis
1670 4134 1918 4188 civitatem
1938 4150 1957 4188 :
1984 4150 2091 4190 non

508 4226 641 4286 Deo,
674 4224 765 4277 sed
801 4222 961 4278 Nobis
989 4226 1131 4293 ipsis.
1160 4223 1314 4289 Vide,
1345 4238 1465 4291 oro,
1493 4240 1651 4295 quam
1690 4225 1911 4279 invaluit
1936 4226 2091 4279 mali-

510 4316 580 4367 tia
608 4333 620 4367 :
651 4314 906 4369 habentes
930 4314 1105 4370 adhuc
1123 4322 1393 4373 recentem
1415 4315 1726 4370 memoriam
1752 4314 2017 4385 generalis
2038 4315 2091 4370 in

510 4409 646 4461 dilm
662 4409 712 4461 io
740 4409 1010 4467 interitus.
1063 4408 1113 4462 in
1146 4416 1345 4462 tantam
1380 4408 1679 4464 inciderunt
1713 4410 1992 4464 insaniam.
2026 4407 2094 4463 Et

510 4500 841 4575 mdiﬁcentus,
872 4499 1060 4568 inquit,
1085 4500 1223 4553 nobis
1253 4500 1518 4565 civitatem,
1542 4512 1587 4553 et
1619 4501 1816 4567 turrim,
1842 4502 1989 4572 cujus
2007 4517 2094 4554 ca-

512 4600 601 4657 put
622 4591 715 4643 erit
735 4605 889 4656 usque
916 4590 967 4642 in
988 4590 1186 4643 caelum.
1209 4588 1433 4645 Nomine
1452 4589 1567 4644 caeli
1594 4604 1854 4644 summam
1883 4591 2094 4645 illorum

514 4680 789 4735 audaciam
835 4681 1106 4749 Scriptura
1134 4680 1312 4736 divina
1343 4680 1598 4742 declarat.
1630 4680 1695 4734 Et
1718 4682 1987 4751 faciamus,
2016 4683 2098 4736 in-

512 4775 661 4841 quit,
702 4773 970 4841 nobisipsis
1012 4789 1211 4829 nomen.
1254 4772 1473 4829 Vidistis
1528 4774 1761 4829 radicem
1806 4774 1962 4829 mali?
1995 4774 2095 4841 Ut,

517 4868 709 4937 inquit,
739 4876 1045 4938 perpetuam
1073 4867 1385 4921 memoriam
1406 4882 1818 4937 consequamur,
1847 4875 1904 4921 ut
1930 4868 2099 4922 nostri

519 4967 775 5029 perpetuo
824 4972 1090 5012 memores
1136 4958 1243 5013 sint
1284 4958 1481 5028 posteri
1514 4975 1531 5014 :
1564 4958 1670 5014 tale
1714 4958 1819 5013 erit
1857 4969 2098 5013 nostrum

517 5065 685 5121 opus,
716 5059 774 5104 ut
820 5063 1105 5119 numquam
1131 5049 1382 5105 oblivioni
1415 5049 1671 5103 tradatur.
1718 5048 1782 5103 Et
1811 5048 1912 5103 hoc
1943 5049 2101 5103 iacia-

517 5157 637 5197 IIIIIS
668 5140 975 5211 Priusquam
1007 5142 1352 5211 disperguntur
1371 5157 1520 5211 super
1545 5143 1721 5211 facient
1749 5142 1911 5195 omnis
1932 5152 2097 5195 teme.

520 5233 738 5297 Adhuc,
773 5232 941 5302 inquit
963 5273 977 5298 ,
1004 5234 1305 5303 congregati
1335 5233 1476 5304 quod
1499 5233 1652 5288 nobis
1677 5234 1846 5288 visum
1872 5245 1952 5289 est
1980 5234 2102 5288 etil-

519 5326 719 5379 ciamus
741 5366 755 5391 ,
788 5334 845 5378 ut
878 5325 1106 5393 posteris
1133 5336 1446 5394 perpetuum
1486 5341 1681 5382 nomen
1719 5328 2094 5398 relinquamuS.

521 5420 660 5474 Sunt
689 5418 835 5472 inulti
863 5418 1023 5472 etiam
1052 5416 1211 5472 hodie
1238 5417 1327 5488 qui
1354 5418 1473 5472 illus
1504 5418 1796 5483 imitantur,
1826 5430 1879 5474 et
1910 5419 2101 5474 talibus

522 5510 770 5577 operibus
790 5509 1048 5563 celebrari
1073 5509 1275 5573 volunt,
1304 5510 1391 5577 qui
1422 5509 1728 5579 splendidas
1754 5509 1942 5565 domus
1968 5512 2100 5564 aedi-

526 5600 707 5664 liCant,
732 5608 785 5652 et
812 5601 1041 5666 lavacra,
1069 5608 1122 5655 et
1148 5601 1379 5670 porticus
1402 5641 1416 5665 ,
1460 5610 1513 5654 et
1542 5601 1934 5656 dcambulacra.
1960 5604 2103 5667 Quo-

527 5706 641 5746 tum
670 5692 712 5745 si
733 5690 961 5761 aliquem
986 5693 1284 5761 rogaveris,
1317 5707 1481 5762 quare
1504 5693 1573 5746 ita
1611 5692 1812 5747 laboret
1834 5700 1889 5747 et
1913 5692 2100 5762 fatige-

526 5792 632 5852 tur,
686 5792 966 5857 tantosqne
1024 5786 1363 5857 pecuniarum
1416 5793 1655 5858 sumptus
1696 5786 1869 5855 iaciat,
1902 5801 2099 5859 eosijue

1168 380 1227 437 S.
1265 375 1543 437 JOANNIS
1567 371 2041 435 ειιιιῐδοετοιη
2077 368 2396 430 ΔΒΟΠΙΕΡ.
2436 371 2970 435 ΟΟΝΞΤΔΝΤῘΝΟΡ.

3658 377 3767 437 1⁸16

2190 490 2406 548 inutiles
2432 509 2448 547 :
2477 492 2609 548 nihil
2649 494 2794 551 aliud
2821 494 3026 563 audies,
3053 508 3213 565 quam
3239 492 3355 551 luce
3380 491 3563 561 verba,
3586 502 3644 549 ut
3671 493 3775 551 lm-

2187 584 2429 640 mortalis
2452 595 2697 641 servetur
2722 588 2997 655 memoria,
3022 596 3079 643 et
3097 584 3308 656 dicatur
3334 586 3476 641 illius
3493 599 3615 642 esse
3635 584 3777 641 hanc

2186 676 2423 744 domum,
2450 678 2591 734 illius
2620 677 2762 734 hunc
2784 693 2991 750 agrum.
3024 679 3093 734 At
3116 678 3220 735 hoc
3242 692 3349 734 non
3373 687 3459 734 est
3480 677 3695 734 laudem
3719 688 3777 734 et

2188 768 2533 833 memoriam,
2558 769 2653 847 sed
2686 768 2890 824 crimen
2932 769 3033 825 sibi
3071 784 3284 839 parare.
3324 768 3456 825 Nam
3495 769 3679 824 statim
3707 768 3775 825 ad

2188 853 2305 912 haec
2329 857 2717 928 subjungentur
2742 858 3089 929 plurimarum
3112 858 3553 915 contumeliarum
3581 858 3771 923 verba;

2186 960 2380 1016 nempe
2399 946 2558 1017 hujus
2577 957 2661 1005 est
2676 949 2845 1013 avari,
2882 947 3041 1017 hujus
3066 948 3294 1019 rapacis,
3322 948 3477 1020 hujus
3496 949 3777 1005 viduarum

2184 1048 2241 1095 et
2267 1041 2627 1111 orphanorum
2656 1040 2977 1112 spoliatoris.
3007 1039 3172 1112 Igitur
3195 1042 3299 1098 hoc
3324 1056 3431 1097 non
3456 1050 3541 1100 est
3564 1055 3779 1098 memo-

2186 1130 2318 1185 riam
2332 1130 2567 1205 assequi,
2588 1131 2687 1191 sed
2712 1132 2983 1201 perpetuis
3006 1131 3167 1201 objici
3188 1132 3519 1199 criminibus,
3537 1141 3596 1189 et
3613 1134 3778 1190 etiam

2186 1228 2308 1288 post
2333 1216 2559 1276 mortem
2590 1220 2856 1288 infamari,
2879 1237 2943 1279 ac
2960 1230 3321 1294 spectatorum
3341 1223 3549 1295 linguas
3572 1238 3771 1281 acuere

2188 1310 2239 1364 in
2267 1297 2649 1380 blasphemiam
2668 1351 2685 1378 ,
2714 1321 2769 1367 et
2794 1313 3189 1369 accusationem
3223 1313 3342 1384 ejus
3370 1314 3459 1383 qui
3484 1313 3574 1369 illa
3604 1314 3779 1385 possi-

2184 1398 2298 1456 det.
2327 1401 2480 1469 Quod
2522 1403 2568 1458 si
2599 1394 2817 1458 omnino
2844 1413 3100 1459 :eternam
3128 1403 3442 1460 memoriam
3471 1419 3643 1470 amas,
3672 1419 3777 1475 ego

2187 1490 2278 1545 tibi
2310 1493 2448 1546 viam
2478 1492 2808 1557 monstrabo,
2830 1508 2933 1563 qua
2954 1493 3156 1564 poteris
3174 1508 3392 1564 semper
3412 1493 3691 1561 celebrari,
3721 1502 3781 1550 et

2184 1595 2305 1650 qua:
2322 1580 2476 1637 dab.t
2498 1581 2591 1637 tibi
2619 1582 2865 1638 fiduciam
2892 1584 2945 1639 in
2966 1583 3146 1639 futuro
3172 1584 3392 1638 smculo.
3413 1582 3658 1651 Quonam
3682 1598 3778 1654 pa-

2187 1681 2273 1728 cto
2296 1671 2456 1744 igitur
2481 1674 2683 1744 poteris
2709 1683 2765 1730 et
2788 1675 3217 1739 commemorari,
3244 1681 3300 1729 et
3320 1674 3578 1729 celebrari
3599 1672 3780 1743 quoti-

2186 1766 2294 1834 die,
2319 1765 2681 1837 encomiisque
2700 1765 2855 1823 evehi
2876 1767 3037 1823 etiam
3061 1776 3182 1837 post
3206 1765 3347 1822 hanc
3375 1766 3577 1821 vitam?
3598 1765 3655 1821 Si
3679 1765 3780 1822 has

2188 1857 2438 1928 pecunias
2463 1857 2516 1912 in
2545 1872 2735 1912 manus
2764 1859 2981 1928 inopum
3011 1859 3312 1929 dispenses,
3343 1859 3549 1915 relictis
3586 1858 3781 1929 lapidi-

2188 1950 2307 2016 bus,
2330 1950 2536 2022 magnis
2559 1950 2818 2017 :ediiiciis,
2854 1951 3011 2017 villis,
3032 1960 3085 2006 et
3111 1950 3336 2006 balneis.
3366 1951 3491 2006 llzce
3516 1950 3778 2007 memoria

2189 2041 2499 2097 innumeros
2522 2042 2615 2097 tibi
2641 2042 2922 2098 thesauros
2944 2042 3215 2108 conciliat,
3243 2042 3359 2097 haec
3378 2043 3636 2097 memoria
3662 2057 3781 2098 sar-

2185 2131 2359 2185 cinam
2390 2138 2728 2202 peccatorum
2757 2131 2988 2197 alleviat,
3018 2133 3133 2187 haec
3157 2132 3376 2187 multam
3404 2132 3498 2187 tibi
3528 2128 3782 2188 ﬁduciam

2185 2223 2326 2293 apud
2372 2224 2651 2279 Dominum
2697 2224 2966 2280 mnciliat.
3009 2223 3217 2295 Cogita,
3266 2225 3527 2289 obsecro,
3558 2231 3615 2279 et
3662 2224 3785 2280 ιιι-ο

2187 2314 2347 2372 verba
2376 2331 2497 2386 qum
2535 2316 2726 2387 singuli
2770 2315 2961 2371 dicturi
2999 2323 3159 2382 sunt,
3189 2323 3441 2372 vocantes
3467 2315 3780 2371 misericor-

2187 2408 2330 2475 dem,
2349 2408 2654 2479 benignum,
2678 2418 3034 2475 mansuetum,
3051 2420 3291 2476 suavem,
3318 2416 3424 2462 tam
3446 2407 3650 2478 largum
3669 2404 3785 2463 dis-

2187 2508 2547 2571 pensatorem.
2576 2498 2829 2567 Dispersit
2871 2500 3038 2565 enim,
3068 2497 3258 2567 inquit,
3291 2496 3429 2553 dedit
3450 2496 3786 2567 pauperibus;

2177 2591 2380 2662 justitia
2409 2592 2516 2661 ejus
2541 2600 2709 2646 manet
2746 2591 2800 2645 in
2827 2592 3070 2645 steculunt
3097 2587 3269 2661 (l’sal.
3302 2589 3427 2646 Ill.
3456 2586 3537 2660 9).
3580 2588 3785 2659 lluqu-

2187 2680 2333 2735 modi
2352 2682 2493 2736 enim
2521 2689 2647 2737 sunt
2696 2680 3038 2751 pecuniarum
3077 2678 3307 2746 divitia;
3359 2676 3623 2750 dispersa.-
3661 2692 3785 2734 ma-

2188 2778 2349 2835 nent;
2395 2771 2441 2825 si
2487 2771 2814 2827 retineantur
2839 2778 2895 2826 et
2920 2768 3326 2835 concludantur,
3364 2771 3529 2825 etiam
3568 2784 3629 2825 se
3656 2783 3786 2825 ser-

2189 2867 2404 2915 vantem
2431 2875 2611 2915 secum
2657 2860 2907 2931 perdunt.
2954 2859 3205 2930 Dispersit
3232 2859 3397 2925 enim,
3426 2859 3619 2929 inquit,
3642 2858 3787 2914 dedit

2190 2953 2513 3022 pauperibus.
2536 2951 2641 3009 Sed
2667 2951 2788 3007 audi
2808 2966 2929 3022 qum
2947 2960 3240 3021 sequuntur
3266 2967 3281 3003 :
3310 2950 3521 3005 laetitia
3543 2952 3653 3021 ejus
3671 2966 3788 3004 nsa-

2189 3043 2607 3099 ratiunculam.
2627 3042 2748 3100 Uno
2759 3042 2847 3098 die
2862 3041 3073 3098 divitias
3090 3040 3362 3113 dispersit,
3379 3050 3433 3095 et
3444 3039 3649 3111 justitia
3662 3039 3788 3110 ejus

2191 3145 2372 3191 manet
2407 3135 2460 3191 in
2494 3134 2785 3201 saeculum,
2825 3143 2880 3189 et
2909 3133 3220 3189 memoriam
3250 3132 3376 3188 facit
3401 3130 3783 3187 immortalem.

2266 3226 2320 3282 3.
2355 3224 2617 3281 Memoria:
2639 3226 2719 3281 sui
2742 3226 3084 3295 relinquenda:
3110 3225 3241 3278 ratio
3268 3225 3480 3295 aptium.
3497 3254 3570 3264 —
3589 3222 3786 3279 Vidisti

2192 3318 2529 3385 memoriam,
2550 3333 2671 3389 qua:
2697 3332 2757 3373 se
2772 3317 2825 3372 in
2842 3331 3004 3372 omne
3021 3316 3275 3372 szeculutn
3296 3315 3577 3371 extendit?
3602 3314 3787 3371 vidisti

2191 3407 2503 3462 memoriam
2532 3407 2735 3478 magnis
2757 3415 2813 3462 et
2837 3405 3193 3461 ineffabilibus
3222 3405 3437 3475 plenam
3458 3405 3652 3461 bonis?
3679 3404 3788 3462 ’1⁵³-

2191 3497 2332 3553 libus
2351 3498 2591 3553 :cdiliciis
2607 3498 2773 3553 nostri
2793 3500 3104 3553 memoriam
3131 3497 3438 3568 relinquere
3448 3498 3789 3555 stndeamus.

2193 3591 2326 3647 Nam
2349 3589 2614 3661 lapidibus
2636 3591 2950 3655 aediﬁcasse,
2973 3604 3081 3644 non
3106 3588 3277 3645 solum
3296 3588 3424 3643 nihil
3449 3589 3605 3653 nobis
3622 3588 3790 3659 prod-

2191 3697 2312 3739 esse
2359 3682 2593 3753 poterit,
2638 3680 2737 3736 sed
2762 3695 2863 3736 nos
2900 3680 3167 3736 continuo
3186 3688 3456 3750 tamquam
3500 3680 3787 3747 columna,

2196 3774 2341 3829 clara
2373 3788 2503 3828 voce
2534 3771 2831 3828 infamabit.
2864 3772 2930 3826 Et
2952 3786 3053 3827 nos
3092 3771 3217 3827 hinc
3242 3770 3453 3827 abimus
3477 3769 3793 3827 deterentes

2194 3872 2408 3935 peccata
2438 3864 2560 3919 inde
2588 3872 2758 3932 parta,
2780 3871 2835 3917 et
2856 3862 3079 3917 nidificia
3106 3861 3194 3917 hic
3221 3860 3577 3933 relinquimus
3607 3878 3622 3916 :
3656 3861 3789 3932 quin

2195 3970 2295 4012 nec
2339 3953 2585 4025 frigidam
2637 3954 2782 4008 illam
2830 3962 2887 4008 et
2941 3952 3182 4007 inutilem
3233 3952 3547 4007 memoriam
3595 3966 3793 4011 censes

2196 4044 2429 4115 quimur,
2458 4042 2552 4098 sed
2582 4042 2760 4113 potius
2810 4040 3020 4112 probris
3062 4040 3433 4112 deturpamur,
3484 4055 3794 4112 nomenque

2197 4137 2373 4193 statim
2404 4136 2596 4190 transit
2626 4134 2692 4189 ad
2719 4134 2967 4189 alterum.
2994 4133 3206 4189 Etenim
3238 4134 3316 4188 sic
3344 4147 3403 4188 se
3437 4147 3525 4188 res
3550 4131 3753 4187 habent
3771 4171 3788 4198 ,

2196 4238 2257 4283 ut
2284 4226 2352 4281 ab
2391 4227 2494 4281 hoc
2530 4226 2597 4280 ad
2628 4226 2789 4279 alium
2842 4234 3152 4290 transeant,
3182 4233 3239 4279 et
3273 4224 3459 4281 abillo
3496 4224 3695 4280 iterum
3734 4224 3793 4281 in

2197 4319 2380 4373 alium.
2428 4318 2497 4373 Et
2547 4316 2707 4371 hodie
2754 4315 2969 4385 quidem
3019 4314 3212 4370 domus
3259 4313 3539 4370 dicebatur
3592 4314 3792 4385 hujus,

2198 4424 2319 4463 cras
2385 4408 2523 4462 illius
2554 4448 2571 4475 ,
2626 4405 2921 4475 postridie,
2975 4404 3186 4460 dicetur
3239 4402 3483 4460 alterius.
3567 4403 3795 4460 interim

2198 4509 2389 4569 sponte
2436 4514 2535 4553 nos
2582 4498 2726 4569 ipsos
2776 4496 3107 4566 decipimus,
3166 4503 3417 4566 putantes
3464 4508 3565 4551 nos
3611 4495 3793 4550 domi-

2201 4594 2346 4647 nium
2377 4590 2641 4660 quoddam
2672 4578 2946 4660 possidere
2965 4630 2981 4654 ,
3005 4589 3308 4644 nescientes
3350 4601 3449 4642 nos
3472 4586 3649 4643 solum
3694 4602 3795 4643 usu

2204 4682 2382 4752 potiri,
2408 4692 2460 4736 et
2482 4680 2724 4745 velimus,
2752 4678 3002 4742 nolimus,
3022 4677 3140 4731 aliis
3166 4677 3283 4733 hmc
3300 4677 3599 4734 concedere
3628 4696 3642 4733 :
3670 4682 3797 4735 nam

2204 4775 2345 4846 quod
2372 4774 2562 4844 quibus
2604 4774 2871 4834 nolumus,
2904 4769 2955 4824 id
2992 4771 3100 4839 jam
3132 4780 3416 4841 praetereo.
3446 4767 3683 4827 Omnino
3712 4781 3797 4826 ta-

2206 4884 2349 4931 men,
2382 4867 2426 4921 si
2458 4866 2769 4922 memoriam
2801 4859 3163 4931 concupiscis,
3192 4871 3249 4918 et
3278 4862 3435 4931 hujus
3464 4862 3559 4917 tibi
3586 4870 3796 4918 tantum

2207 4962 2437 5017 studium
2482 4970 2563 5015 est
2594 4978 2606 5015 :
2635 4959 2757 5013 audi
2802 4956 3073 5029 quomodo
3114 4955 3288 5009 vidua:
3333 4966 3601 5009 memores
3644 4963 3801 5009 erant

2206 5054 2484 5119 Tabithm,
2534 5060 2589 5106 et
2630 5051 2902 5121 quomodo
2941 5045 3359 5103 circumstabant
3392 5044 3613 5101 Petrum
3656 5045 3797 5102 lien-

2208 5157 2322 5213 tcs,
2361 5154 2416 5202 et
2470 5146 2897 5199 demonstrantes
2947 5142 3151 5197 tunicas
3187 5149 3243 5196 et
3286 5148 3499 5203 vestes,
3539 5156 3675 5210 quas
3717 5140 3799 5195 ia-

2206 5238 2381 5295 ciebat
2416 5237 2521 5293 illis
2565 5238 2791 5299 Dorcas,
2832 5250 2951 5290 cnm
2996 5233 3169 5287 adhuc
3205 5241 3515 5303 superesset
3570 5234 3709 5303 (Act.
3742 5235 3798 5293 9.

2208 5330 2419 5401 39-“).
2465 5328 2653 5383 Vidisti
2687 5328 2880 5383 domus
2915 5326 3175 5381 animatas
3213 5339 3401 5380 vocem
3456 5325 3800 5395 amittentes,

2206 5433 2261 5479 et
2312 5431 2473 5477 ιτδιιιεε
2528 5421 2776 5487 virtutis,
2828 5429 2885 5474 ut
2929 5435 2960 5473 a
2999 5428 3172 5473 morte
3221 5417 3287 5471 ad
3336 5418 3497 5471 vitam
3544 5433 3797 5475 revocare

2206 5514 2440 5584 queant?
2467 5512 2597 5567 Nam
2630 5521 2904 5581 postquam
2931 5510 3402 5566 circumsteterunt
3434 5508 3677 5574 Petrum,
3708 5526 3791 5566 ca-

2208 5605 2344 5659 lidas
2399 5605 2662 5674 lacrymas
2710 5602 3130 5671 profundentcs,
3176 5600 3463 5670 cibumque
3506 5609 3563 5656 et
3603 5602 3801 5672 quibus

2208 5710 2342 5765 opus
2364 5694 2631 5749 habebant
2649 5703 2975 5763 qumrentes,
3012 5692 3201 5747 Petrus
3221 5691 3411 5759 ejectis
3433 5692 3710 5758 omnibus,
3741 5701 3800 5747 et

2212 5789 2399 5859 positis
2436 5787 2661 5860 genibus
2683 5786 2889 5854 oravit;
2932 5792 2987 5842 et
3013 5798 3133 5841 cum
3164 5783 3451 5841 excitasset
3480 5783 3661 5853 illam,
3698 5797 3791 5839 vo-
