4070 6382
253 419 364 478 επ

1383 408 1453 468 IN
1487 409 1641 467 CAP.
1677 403 1748 462 XI
1783 397 2031 462 GENES.
2069 395 2308 456 BOMlL.
2338 395 2509 454 XXX.

3609 383 3718 440 278

257 535 376 598 λιες
406 536 626 607 εῐρηται
653 537 735 600 τδ,
765 533 874 590 Kal
913 527 993 603 ἦν
1018 525 1191 588 πᾶσα
1229 528 1270 596 ἡ
1304 526 1379 596 τῆ
1412 525 1615 596 χεῖλος
1639 521 1732 586 ἐν,
1761 519 1927 607 ἄκουε
2030 513 2333 607 χρημέίτων
2351 511 2606 607 δαπάνην
2635 509 2719 607 εἰς
2741 506 2898 607 οὐδὲν
2923 503 3458 607 δέονζούδένέτερον

252 619 353 688 τῆς
384 602 608 692 Γρᾶερἧς
635 619 868 691 ἀλλαχοῦ
893 602 1164 687 λεγούσης
1185 633 1198 646 ο
1240 614 1357 680 Ἶὸς
1393 610 1670 667 ἀσπίδων
1709 605 1828 661 ὑπὸ
1857 602 1933 692 τὰ

257 691 437 774 χείλη
452 705 668 762 αὐτῶν.
697 705 886 770 ῡῦτως
910 702 1051 759 οἶδεν
1075 706 1110 774 ή
1141 702 1183 755 Γ
1186 700 1332 772 ραφή
1351 699 1428 770 τῷ
1453 697 1546 751 τοῦ
1575 695 1786 766 χείλους
1809 691 1931 744 δνό-

259 809 387 862 ματι
415 793 512 864 τὴν
532 793 720 847 λαλιὰν
740 790 1188 864 προσαγορεύειν.
1228 787 1337 842 Kal
1366 785 1603 855 ἐγένετο
1635 783 1705 835 ἐν
1725 777 1806 846 τῷ
1841 795 1934 832 κι-

255 877 444 946 νῆσαι
470 863 692 944 αὐτοὺς
726 863 849 932 ἀπὸ
883 874 1220 938 ἀνατολῶν,
1269 868 1455 942 εὗρον
1483 869 1696 924 πεδίον
1733 867 1804 922 ἂν
1857 863 1936 937 τῇ

258 964 547 1032 Σενναὰρ,
576 966 674 1018 καί
698 965 1058 1032 κατῴκησαν
1079 961 1224 1017 ἐκεῖ.

329 1053 550 1122 β’.¹’ορα
577 1053 696 1116 πῶς
713 1055 746 1123 ή
775 1050 1090 1123 ἀνθρωπίνη
1114 1049 1279 1118 φύσις
1306 1046 1406 1100 οὑκ
1420 1039 1937 1114 ἀνέχεταιίστασθαι

256 1138 350 1190 ἐπὶ
397 1138 506 1191 τῶν
548 1140 764 1193 οἰκείων
797 1139 960 1209 ὅρων,
993 1135 1110 1191 ἀλλ’
1143 1136 1231 1189 ἀεὶ
1257 1132 1357 1187 τοῦ
1399 1131 1643 1194 πλείονος
1673 1127 1936 1200 ἐφιεμένῃ

253 1223 506 1293 ὀρέγεται
546 1225 654 1277 τῶν
717 1222 995 1294 μειζόνων.
1041 1221 1152 1276 Καὶ
1193 1219 1350 1273 τοῦτό
1407 1219 1572 1289 ἰστινΔ
1611 1216 1641 1270 δ
1697 1216 1936 1286 μάλιστα

259 1309 519 1363 ἀπόλλυσι
575 1309 636 1362 τὸ
673 1308 1014 1378 ἀνθρώπινον
1060 1307 1236 1376 γένος,
1275 1304 1336 1358 τὸ
1369 1301 1450 1374 μή
1503 1300 1791 1374 βούλεσθαι
1836 1301 1937 1369 τῆς

256 1396 466 1458 οἰκείας
504 1395 720 1464 φύσεως
762 1394 1150 1464 ἐπιγινώσκειν
1179 1391 1249 1445 τὰ
1302 1391 1502 1462 μέτρα,
1557 1388 1668 1444 ἀλλ’
1701 1388 1789 1442 ἀεὶ
1825 1386 1939 1439 τῶν

261 1480 524 1549 μειζόνων
554 1481 821 1549 ἐφίεσθαι,
836 1482 930 1535 καὶ
959 1482 1028 1533 τὰ
1057 1479 1198 1549 ὑπὲρ
1232 1480 1333 1550 τὴν
1365 1477 1526 1542 ἀξίαν
1548 1473 1938 1544 φαντάζεσθαι.
1977 1520 1985 1525 .

271 1566 554 1619 Ἐντεῦθεν
593 1569 687 1620 καὶ
715 1569 765 1620 οί
796 1568 924 1638 περὶ
962 1567 1029 1620 τά
1060 1566 1155 1618 τοῦ
1193 1564 1403 1634 κόσμου
1435 1561 1766 1630 ἐπτοημένοι
1805 1560 1941 1630 πρά-

259 1668 466 1721 γματα,
499 1653 716 1709 ἐπειδὰν
754 1655 919 1708 πολὺν
947 1651 1380 1724 περιϐάλλωνται
1405 1649 1638 1703 πλοῦτον
1663 1646 1758 1700 καὶ
1781 1647 1942 1701 δυνα-

262 1740 482 1808 στείαν,
533 1742 722 1813 ῶσπερ
780 1739 1263 1810 ἐπιλανθανόμενοι
1300 1736 1401 1808 τῆς
1446 1736 1654 1797 οἰκείας
1702 1733 1940 1803 φύσεως,

265 1833 428 1904 μέχρι
459 1830 716 1884 τοσούτου
749 1830 829 1892 εἰς
862 1827 993 1898 ὕψος
1038 1825 1363 1897 ἐπαίρεσθαι
1395 1822 1711 1894 βούλονται,
1747 1821 1941 1892 μέχρις

262 1920 327 1973 ἃν
355 1922 436 1984 εἰς
470 1917 634 1973 αὑτὸν
659 1917 751 1970 τὸν
785 1915 1036 1985 πυθμένα
1083 1910 1474 1981 κατενεχθῶσι.
1515 1910 1627 1964 Kal
1653 1908 1814 1962 τοῦτο
1843 1909 1942 1961 ἴδοι

260 2023 345 2069 τις
374 2005 444 2059 ἂν
471 2004 554 2074 ἐφ’
585 2003 822 2073 ἑκάστης
853 2000 1150 2071 συμϐαῖνον
1185 1996 1419 2069 ἡμέρας,
1461 1996 1556 2050 καὶ
1598 1996 1720 2049 οὐδὲ
1767 1995 1940 2068 ταύτῃ

261 2095 388 2157 τοὺς
444 2092 663 2154 λοιποὺς
715 2088 1240 2160 σωφρονιζομένους,
1289 2085 1425 2140 ἀλλά
1455 2086 1587 2157 πρὸς
1634 2085 1811 2156 βραχὺ
1840 2085 1942 2155 μὲν

265 2179 740 2249 συστελλομένους,
779 2177 974 2248 ἀθρόον
1001 2177 1058 2229 δὲ
1089 2175 1304 2228 πάντων
1354 2171 1524 2242 λήθην
1560 2175 1939 2243 ποιουμένους,

265 2269 358 2321 καὶ
381 2267 544 2320 πάλιν
573 2265 670 2337 τὴν
690 2265 863 2336 αὐτὴν
908 2262 1138 2327 ἐκείνοις
1183 2257 1499 2331 βαδίζοντας
1545 2261 1685 2323 ὁδὸν,
1721 2262 1816 2314 καὶ
1861 2263 1944 2326 εἰς

263 2353 434 2408 αὐτὸν
462 2353 553 2406 τὸν
581 2351 824 2421 κρημνὸν
864 2349 1274 2419 καταγομένους
1295 2366 1309 2380 ο
1355 2347 1490 2418 ὕπερ
1521 2347 1614 2401 καὶ
1645 2347 1740 2400 νῦν
1794 2347 1946 2403 ἔστιν

267 2439 397 2491 ἰδεῖν
426 2436 518 2489 ἐπὶ
552 2435 757 2488 τούτων
786 2434 1030 2501 γεγονός.
1062 2433 1170 2486 Kal
1198 2433 1434 2502 ἐγένετο
1463 2433 1532 2486 ἐν
1568 2431 1648 2497 τῷ
1695 2429 1944 2499 κινῆσαι

261 2525 484 2590 αὐτοὺς
505 2524 622 2577 ἀπὸ
645 2521 978 2587 ἀνατολῶν,
1011 2519 1196 2590 εὗρον
1221 2523 1432 2578 πεδίον
1457 2524 1525 2576 ἐν
1551 2521 1630 2590 τῇ
1655 2519 1941 2589 Σενναὰρ,

264 2611 366 2666 καί
392 2609 756 2678 κατῴκησαν
776 2607 919 2663 ἐκεῖ.
953 2609 1097 2680 Ὅρα
1121 2610 1240 2672 πῶς
1271 2611 1413 2665 κατά
1460 2609 1654 2679 μικρὸν
1685 2609 1832 2678 ἡμᾶς
1869 2607 1946 2660 δι-

261 2699 576 2770 δάσκειτῆς
624 2698 850 2768 γνώμης
894 2697 1078 2750 αὐτῶν
1125 2697 1188 2751 τὸ
1216 2697 1468 2752 ἀστατον.
1515 2696 1736 2766 Ἐπειδὴ
1784 2692 1943 2761 εἶδον,

264 2786 422 2855 φησὶ,
453 2783 602 2856 [296]
624 2783 686 2837 τὸ
702 2783 907 2850 πεδίον,
934 2784 1371 2853 μεταναστάντες
1420 2785 1513 2837 καὶ
1553 2783 1948 2844 καταλιπόντες

262 2873 363 2942 τὴν
401 2871 676 2942 προτέραν
715 2871 952 2941 οἴκησιν,
987 2871 1106 2924 ἐκεί
1144 2871 1496 2940 κατῴκησαν.
1559 2867 1692 2925 Εἶτά
1747 2884 1946 2940 φησιν’

265 2955 453 3013 Εἶπεν
505 2957 764 3022 ἕκαστος
803 2955 884 3022 τῷ
929 2957 1201 3024 πλησίον
1243 2956 1461 3010 αὐτοῦ’
1521 2957 1722 3021 Δεῦτε,
1770 2959 1948 3010 πλιν-

264 3047 574 3115 θεύσωμεν
624 3045 942 3110 πλίνθους,
999 3043 1098 3096 καί
1145 3044 1504 3113 όπτήσωμεν
1553 3045 1740 3109 αὑτὰς
1780 3042 1943 3109 πυρί.

266 3133 374 3188 Kal
408 3133 644 3202 ἐγένετο
672 3130 877 3196 αὐτοῖς
911 3130 950 3196 η
977 3130 1230 3194 πλίνθος
1251 3131 1339 3195 είς
1365 3131 1560 3193 λίθον,
1593 3129 1691 3182 καί
1719 3129 1949 3197 ἀσφαλ-

267 3236 370 3285 τος
407 3215 488 3288 ἦν
515 3217 718 3282 αὐτοῖς
747 3218 780 3270 ό
813 3217 1028 3283 πηλός.
1059 3217 1170 3268 Kal
1194 3212 1368 3268 εἷπον
1389 3233 1402 3246 ·
1445 3216 1645 3277 Δεῦτε,
1671 3216 1768 3268 καί
1787 3217 1947 3268 οἱκο-

265 3308 626 3378 δομήσωμεν
645 3303 883 3369 ἑαυτοῖς
917 3304 1122 3368 πόλιν,
1156 3303 1255 3358 καί
1299 3303 1552 3374 πύργον,
1593 3298 1665 3357 οὗ
1695 3302 1867 3355 ἔσται
1911 3302 1947 3368 ἠ

265 3393 502 3464 κεφαλὴ
538 3393 650 3459 ἕως
682 3392 785 3446 τοῦ
841 3392 1134 3460 οὐρανοῦ·
1181 3392 1281 3444 καί
1327 3393 1676 3461 ποιήσωμεν
1713 3388 1951 3456 ἑαυτοῖς

267 3481 458 3551 ὄνομα
505 3478 620 3547 πρὸ
668 3478 772 3531 τοῦ
804 3475 1211 3545 διασπαρῆναι
1255 3477 1415 3545 ἡμᾶς
1459 3478 1558 3530 ἐπί
1609 3477 1814 3544 πάσης
1839 3478 1951 3546 τῆς

267 3565 397 3638 τῆς,
430 3568 573 3636 Ὅρα
607 3565 723 3627 πῶς
752 3563 852 3616 οὐκ
876 3565 955 3626 είς
975 3563 1091 3617 δέον
1119 3564 1416 3635 ἐκέχρηντο
1437 3568 1502 3634 τῇ
1525 3565 1829 3634 ὁμοφωνία,
1859 3567 1952 3618 καὶ

267 3657 348 3709 ὅτι
378 3656 412 3723 ή
445 3652 650 3724 ματαία
674 3651 766 3705 τοῦ
807 3650 924 3720 βίου
955 3650 1147 3704 τούτου
1183 3651 1349 3721 βουλὴ
1385 3652 1596 3719 γίνεται
1620 3651 1730 3704 τῶν
1765 3651 1952 3704 κακῶν

269 3741 548 3805 ὑπόθεσις.
606 3741 804 3805 Δεῦτε,
863 3740 1036 3810 φησὶ,
1087 3737 1433 3806 ποιήσωμεν
1482 3739 1810 3803 πλίνθους,
1853 3739 1952 3791 καί

268 3828 630 3897 όπτήσωμεν
655 3828 843 3893 αὐτὰς
868 3827 1030 3893 πυρί.
1069 3824 1182 3878 Kal
1210 3824 1448 3893 ἐγένετο
1473 3823 1678 3888 αὐτοῖς
1707 3825 1744 3891 ἡ
1778 3825 1952 3876 πλίν-

270 3913 376 3974 θος
405 3911 495 3974 είς
531 3911 706 3962 λίθον
731 3948 746 3973 ,
801 3908 899 3962 καί
942 3907 1256 3976 ἄσφαλτος
1302 3902 1382 3974 ἦν
1420 3905 1625 3972 αὐτοῖς
1656 3908 1687 3958 ό
1733 3907 1949 3972 πηλός.

269 3995 474 4046 Σκόπει
499 3993 670 4062 πόσην
691 3993 994 4062 ἀσφάλειαν
1029 3991 1314 4060 ἐπινοῆσαι
1366 3991 1642 4059 βούλονται
1666 3993 1732 4060 τῇ
1759 3993 1956 4044 οἰκοδο.

275 4085 391 4152 μῇ,
425 4082 526 4136 οὐκ
570 4081 773 4145 εἰδότες
818 4081 900 4135 δτι
931 4121 948 4146 ,
992 4079 1134 4133 Ἐὰν
1170 4077 1257 4147 μὴ
1309 4080 1525 4146 Κύριος
1578 4077 1950 4147 οίκοδοιιήση

269 4170 460 4234 οἷκον,
481 4171 569 4234 είς
585 4167 786 4237 μάτην
814 4167 1154 4221 ἐκοπίασαν
1175 4169 1228 4219 οί
1253 4164 1711 4234 οίκοδομοῦντες
1741 4167 1950 4222 αὐτόν.

270 4256 381 4310 Kal
420 4253 930 4323 οίποδομήσωμεν,
981 4253 1168 4324 φησὶν,
1214 4251 1452 4318 ἑαυτοῖς
1501 4253 1704 4317 πόλιν,
1735 4253 1832 4321 οὐχ
1869 4253 1952 4306 ὅτι

269 4341 412 4412 Θεῷ,
453 4341 567 4394 ἀλλ’
600 4339 886 4406 Ἑαυτοῖς.
921 4340 1066 4408 Ὅρα
1094 4340 1236 4410 πόση
1258 4339 1354 4407 τῆς
1386 4338 1582 4399 κακίας
1607 4340 1642 4408 ή
1679 4338 1950 4402 ἐπίτασις·

272 4431 496 4484 ἔναυλον
535 4431 748 4499 ἔχοντες
776 4428 876 4500 τὴν
909 4430 1130 4500 μνήμην
1153 4431 1250 4498 τῆς
1288 4427 1665 4496 πανωλεθρίας
1711 4428 1950 4498 ἐκείνης,

271 4520 366 4572 ἐπὶ
393 4519 662 4590 τοσαύτην
693 4519 892 4589 μανίαν
933 4517 1248 4584 ἐξώκειλαν.
1287 4517 1398 4570 Kal
1439 4516 1951 4584 οίκοδομήσωμεν,

273 4607 463 4677 φησὶν,
500 4605 736 4671 ἑαυτοῖς
764 4607 944 4658 πόλιν
965 4605 1064 4658 καὶ
1082 4605 1333 4673 πύργον,
1359 4599 1432 4658 οὗ
1455 4603 1628 4656 ἔσται
1650 4605 1687 4672 η
1713 4604 1949 4672 κεφαλὴ

271 4693 384 4759 ἓως
417 4693 524 4746 τοῦ
547 4692 826 4760 οὐρανοῦ.
846 4691 936 4762 Τῷ
953 4692 1177 4762 ὀνόματι
1199 4690 1292 4743 τοῦ
1314 4690 1543 4760 ούρανοῦ
1565 4695 1597 4760 ή
1622 4691 1741 4744 θεία
1761 4691 1953 4761 Γραφὴ

271 4783 373 4852 τῆς
426 4779 633 4849 τόλμης
683 4779 865 4832 αὐτῶν
927 4778 1024 4849 τὴν
1065 4777 1370 4848 ὑπερϐολὴν
1408 4781 1538 4848 ἡμῖν
1597 4781 1950 4849 παραστῆσαι

275 4867 566 4937 ἐϐουλήθη.
620 4864 730 4919 Kal
790 4864 1152 4940 ποιήσωμεν,
1208 4867 1411 4933 φησὶν,
1470 4866 1707 4930 ἑαυτοῖς
1742 4868 1952 4934 ὄνομα.

275 4953 431 5020 Εἶδες
452 4956 551 5027 τὴν
591 4955 746 5025 ρίζαν
776 4956 874 5025 τῆς
911 4955 1143 5018 κακίας;
1173 4953 1312 5019 Ἵνα,
1339 4953 1493 5023 φησὶ,
1525 4957 1746 5024 μνήμης
1775 4956 1954 5027 διηνε-

276 5045 410 5107 κοῦς
437 5042 857 5114 ἀπολαύσωμεν,
887 5042 974 5095 ἵνα
1003 5042 1081 5105 είς
1115 5042 1176 5095 τὸ
1205 5041 1452 5112 διηνεκὲς
1488 5042 1702 5113 ἔχωμεν
1737 5062 1954 5114 μνημο-

275 5131 549 5185 νεύεσθαι.
572 5127 809 5197 Τοιαύτη
834 5129 990 5199 ἡμῶν
1026 5129 1179 5182 ἔσται
1233 5129 1267 5198 ή
1299 5129 1498 5199 πρᾶξις
1528 5131 1620 5182 καὶ
1672 5129 1734 5182 τὸ
1773 5130 1956 5201 ἔργον,

274 5219 354 5283 ὡς
381 5219 649 5289 μηδέποτε
667 5217 809 5291 λήθῃ
838 5217 1330 5290 παραπεμφθῖψαι.
1363 5219 1475 5272 Καὶ
1505 5219 1663 5272 τοῦτο
1712 5223 1958 5291 ποιήσω-

281 5325 385 5377 μεν
408 5305 530 5374 Πρὸ
557 5305 663 5360 τοῦ
689 5304 1095 5373 διασπαρῆναι
1121 5305 1219 5358 ἐπὶ
1244 5304 1570 5373 προσώπου
1602 5307 1809 5375 πάσης
1847 5309 1958 5376 τῆς

278 5385 414 5456 τῆς.
461 5385 549 5448 Ὠς
574 5383 675 5447 ἐτι,
699 5383 855 5455 φησὶ,
884 5383 1027 5437 κατά
1055 5383 1249 5436 ταύτόν
1283 5387 1470 5454 ἐσμεν,
1498 5386 1578 5447 είς
1616 5385 1778 5454 ἔργον
1819 5388 1958 5455 ἀγάο

280 5483 471 5537 γωμεν
502 5464 564 5518 τὸ
591 5464 751 5531 δόξαν
777 5467 932 5535 ήμῖν,
965 5464 1052 5517 ἵνα
1085 5463 1428 5518 ἀδιάλειπτον
1475 5466 1696 5534 μνήμην
1734 5467 1958 5519 καταλί-

281 5563 476 5616 πωμεν
528 5545 648 5606 ταῖς
700 5544 780 5607 είς
831 5542 894 5595 τὸ
920 5542 1049 5611 ἑξῆς
1087 5544 1322 5608 γενεαῖς.
1367 5543 1488 5594 Εἰσί⁵
1526 5542 1710 5595 πολλοὶ
1739 5546 1835 5598 καὶ
1864 5543 1960 5598 νῦν

279 5625 501 5688 τούτους
534 5621 883 5694 μιμούμενοι,
923 5621 1017 5674 καὶ
1055 5621 1165 5674 ἀπὸ
1187 5619 1444 5674 τοιούτων
1475 5621 1727 5691 πράξεων
1751 5640 1962 5696 μνημοο

281 5703 536 5757 νεύεσθαι
587 5700 900 5772 βουλόμενοι
933 5741 950 5765 ,
989 5700 1038 5751 οί
1089 5699 1190 5762 τὰς
1241 5699 1503 5768 λαμπρὰς
1553 5699 1962 5770 οἰκοδομοῦντες

282 5782 482 5845 οἰκίας,
515 5783 609 5834 καὶ
644 5781 714 5834 τά
741 5779 964 5848 λουτρὰ,
987 5776 1082 5830 καὶ
1109 5777 1206 5839 τὰς
1238 5778 1418 5840 στοὰς,
1441 5778 1538 5830 καὶ
1574 5779 1698 5842 τοὺς
1727 5781 1963 5850 περιπά-

283 5879 427 5926 τους.
473 5859 602 5915 Ἐὰν
627 5861 737 5931 γὰρ
760 5859 856 5913 καὶ
882 5859 1086 5911 τούτων
1113 5857 1343 5911 ἕκαστον
1373 5859 1658 5930 ἐρωτήσῃς
1683 5859 1824 5924 τίνος
1847 5863 1962 5915 ἓνε-

290 5957 384 5996 κεν
419 5940 570 5994 πονεί
593 5940 688 5995 καὶ
706 5937 1158 6008 ταλαιπωρεῖται,
1185 5936 1278 5993 καὶ
1304 5936 1569 6008 τοσαύτην
1600 5939 1962 5995 ἐπιδείκνυται

2100 581 2276 650 ταῦτα
2307 593 2375 649 τὰ
2396 581 2638 664 ῥήματα,
2684 591 2826 645 ὥστε
2847 589 2948 660 τὴν
2977 588 3199 659 μνήμην
3230 584 3496 656 διηνεκῶς
3543 581 3718 646 σὼξιο

2036 683 2181 746 σθαι,
2210 683 2306 735 καὶ
2337 680 2556 735 ἀκούειν
2584 681 2667 733 ὅτι
2691 676 2785 732 τοῦ
2818 677 2990 740 δεῖνος
3020 677 3054 746 ή
3084 673 3255 741 οἰκία,
3289 673 3383 726 καὶ
3423 671 3520 724 τοῦ
3548 670 3723 732 δεῖνος

2034 774 2064 826 ό
2097 773 2286 844 ἀγρός.
2331 769 2491 825 Ἀλλά
2533 767 2697 823 τοῦτο
2716 767 2816 821 οὐκ
2843 766 2961 820 ἔστι
2994 765 3216 836 μνήμης
3245 760 3554 825 ἀξιοῦσθαι,
3583 758 3722 812 ἀλλά

2040 859 2242 930 μᾶλλον
2297 857 2653 928 κατηγορίας.
2713 853 2930 917 Εὐθέως
2970 853 3080 923 7&9
3127 853 3242 914 τοίς
3270 849 3451 916 λόγοις
3512 844 3722 909 τούτοις

2035 945 2420 1016 ἐπεισέρχεται
2445 945 2538 998 καὶ
2570 943 2642 999 τὰ
2673 942 2886 1014 μυρίων
2927 937 3274 1010 κατηγοριῶν
3300 937 3428 1001 ἀξια
3463 937 3684 1006 ῥήματα
3703 951 3718 966 ·

2037 1031 2130 1086 τοῦ
2162 1032 2336 1096 δεῖνος
2364 1030 2459 1086 τοῦ
2483 1031 2830 1093 πλεονέκτου,
2853 1027 2946 1082 τοῦ
2985 1026 3253 1097 ἅρπαγος,
3285 1022 3380 1078 τοῦ
3419 1024 3595 1093 χήρας
3625 1020 3722 1074 καὶ

2037 1119 2308 1189 ὀρφανοὺς
2333 1117 2744 1187 γυμνῶσαντος.
2796 1115 2914 1170 Οὐκ
2937 1113 3053 1168 εστι
3098 1112 3280 1167 τοίνυν
3304 1109 3464 1164 τοῦτο
3499 1109 3721 1180 μνήμης

2039 1205 2358 1269 ἀπολαύειν,
2389 1203 2524 1259 ἀλλά
2557 1202 2916 1274 κατηγορίαις
2955 1199 3228 1271 διηνεκέσι
3267 1195 3580 1268 βάλλεσθαι,
3625 1192 3721 1246 καὶ

2043 1292 2183 1363 μετά
2238 1290 2468 1345 θάνατον
2510 1288 2942 1360 στηλιτεύεσθαι,
2999 1287 3094 1340 καὶ
3149 1284 3251 1348 τὰς
3309 1282 3419 1337 τῶν
3467 1278 3722 1354 δρώντων

2040 1376 2288 1445 γλώττας
2351 1377 2556 1448 ἀκονᾷν
2613 1378 2694 1439 είς
2732 1373 3080 1445 βλασφημίαν
3113 1372 3209 1426 καὶ
3243 1367 3578 1440 κατηγορίαν
3624 1367 3722 1419 τοῦ

2042 1463 2215 1519 ταῦτα
2238 1463 2603 1535 κτησαμένου.
2631 1463 2694 1517 El
2727 1461 2786 1516 δέ
2819 1460 2955 1523 ὅλως
2983 1463 3204 1530 μνήμης
3235 1458 3367 1528 ἐρᾷς
3417 1451 3718 1526 διηνεκοῦς,

2040 1547 2153 1617 ἐγώ
2186 1567 2268 1604 σοι
2302 1549 2568 1615 ὑποδείξω
2589 1549 2725 1612 ὁδὸν,
2755 1548 2822 1602 δι’
2849 1539 2919 1618 ἧς
2938 1546 3142 1617 δυνήσῃ
3169 1545 3265 1598 καὶ
3286 1539 3724 1615 μνημονεύεσθαι

2038 1634 2129 1689 διὰ
2159 1635 2380 1700 παντὸς,
2423 1635 2516 1689 καὶ
2553 1633 2672 1705 μετ’
2709 1633 2996 1704 ,εὐφημίας
3027 1630 3229 1700 πολλῆς
3277 1629 3373 1683 καὶ
3405 1626 3608 1698 πολλήν
3639 1642 3726 1679 σοι

2041 1721 2142 1794 τὴν
2188 1721 2506 1795 παρρησίαν
2539 1722 2598 1774 ἰν
2633 1719 2713 1791 τῷ
2763 1719 3014 1790 μέλλοντι
3049 1716 3228 1788 καιρῷ
3274 1714 3553 1786 παρέξεις.
3595 1711 3724 1776 Πῶς

2040 1803 2134 1862 οὖν
2175 1807 2380 1880 δυνήσῃ
2428 1808 2525 1862 καὶ
2564 1805 3002 1878 μνημονεύεσθαι
3052 1803 3176 1858 καθ’
3212 1803 3452 1872 ἑκάστην
3486 1799 3720 1870 ἡμέραν,

2043 1895 2138 1948 καὶ
2161 1896 2273 1958 τοῖς
2314 1894 2610 1966 ἐγκωμίοις
2659 1891 2951 1964 βάλλεσθαι
2999 1893 3094 1946 καὶ
3145 1891 3286 1961 μετά
3320 1888 3419 1960 τὴν
3442 1888 3543 1958 τῆς
3576 1887 3726 1957 ζωῆς

2045 1984 2379 2053 μετάστασιν
2402 2001 2417 2049 ;
2440 1981 2505 2036 Εἰ
2530 1985 2690 2038 ταυτὶ
2713 1982 2784 2036 τά
2809 1983 3070 2054 χρήματα
3094 1981 3173 2045 εἰς
3199 1981 3301 2042 τάς
3331 1980 3441 2033 τῶν
3473 1980 3725 2048 πενήτων

2041 2071 2326 2145 διανείμῃς
2376 2073 2587 2144 χεῖρας,
2625 2071 2786 2139 ἀφεὶς
2823 2070 2948 2134 τοὺς
2980 2065 3162 2132 λίθους
3194 2068 3291 2122 καί⁵
3336 2069 3437 2131 τάς
3477 2063 3726 2138 μεγάλας

2043 2159 2349 2229 οίκοδομάς,
2374 2160 2469 2214 καὶ
2487 2159 2614 2222 τοὺς
2638 2155 2788 2230 [997]
2805 2157 3025 2226 ἀγροὺς,
3055 2156 3149 2210 καὶ
3176 2155 3247 2208 τὰ
3271 2153 3548 2224 βαλανεῖα.
3576 2152 3726 2220 Δῦτη

2043 2246 2076 2316 ή
2113 2247 2302 2317 μνήμη
2326 2247 2613 2309 ἀθάνατος,
2641 2244 2782 2316 αῦτη
2811 2247 2845 2316 ή
2873 2245 3061 2316 μνήμη
3093 2241 3301 2314 μυρίων
3325 2258 3407 2294 σοι
3437 2239 3729 2310 θησαυρῶν

2044 2333 2303 2404 πρόξενος
2327 2334 2558 2403 γίνεται,
2590 2331 2731 2403 αῦτη
2764 2333 2798 2402 η
2826 2332 3015 2403 μνήμη
3036 2329 3131 2383 τοῦ
3162 2328 3387 2399 φορτίου
3417 2325 3526 2380 τῶν
3556 2327 3732 2397 ἀμαρο

2043 2422 2305 2490 τημάτων
2339 2419 2695 2488 κουφίζουσα,
2738 2417 2944 2489 πολλήν
2983 2433 3067 2469 σοι
3113 2415 3212 2486 τὴν
3245 2413 3562 2487 παρρησίαν
3596 2429 3732 2485 προ-

2046 2506 2189 2572 ξενεῖ
2210 2504 2365 2576 παρά
2397 2504 2474 2576 τῷ
2505 2503 2778 2576 Δεσπότη.
2819 2502 3104 2572 Ἐννόησον
3125 2502 3234 2572 γάρ
3265 2519 3356 2573 μοι
3384 2499 3478 2555 καὶ
3501 2500 3638 2554 αὐτὰ
3663 2501 3734 2554 τά

2047 2595 2289 2665 ρήματα,
2321 2593 2463 2666 ἀπερ
2497 2576 2730 2656 ἕκαστος
2766 2590 2950 2662 μέλλει
2984 2590 3191 2659 λέγειν,
3215 2589 3310 2644 τὸν
3335 2589 3607 2659 ἐλεήμονα
3640 2589 3734 2642 καὶ

2045 2681 2460 2752 φιλάνθρωπον,
2481 2678 2576 2732 τέν
2603 2677 2848 2748 ἐπιεικῆ,
2878 2677 2972 2732 τδν
3021 2675 3278 2751 χρηστὸν,
3309 2677 3404 2730 τὸν
3433 2676 3572 2747 μετά
3605 2674 3735 2728 πολ-

2045 2768 2144 2838 λῆς
2168 2765 2448 2836 δαψιλείας
2495 2764 2870 2835 διανείμαντα.
2932 2765 3302 2833 ἐσκόρπισε
3333 2763 3443 2834 γὰρ
3465 2801 3483 2828 ,
3526 2763 3692 2834 φησὶν
3715 2803 3732 2827 ,

2046 2855 2233 2908 ἔδωκε
2261 2852 2387 2920 τοῖς
2411 2853 2700 2922 πένησιν·
2739 2852 2778 2920 ἠ
2809 2851 3169 2920 δικαιοσύνη
3209 2852 3402 2906 αὐτοῦ
3437 2849 3607 2920 μένει
3645 2853 3735 2917 εἰς

2047 2942 2156 2997 τὸν
2185 2941 2392 2997 αίῶνα.
2452 2941 2706 2995 Τοιοῦτον
2733 2940 2843 3012 7&9
2874 2941 2904 2994 ό
2951 2940 3061 2993 τῶν
3108 2939 3412 3010 χρημάτων
3458 2937 3692 3001 πλοῦτος
3715 2953 3732 2970 ο

2050 3028 2480 3100 σκορπιζόμενος
2506 3026 2708 3098 μᾶλλον
2747 3025 3089 3097 παραμένει·
3130 3026 3484 3095 συνεχόμενος
3529 3025 3588 3079 δέ
3639 3024 3736 3078 καὶ

2047 3115 2196 3170 ἔνδον
2224 3114 2645 3183 ἀποκλειόμενος
2673 3112 2770 3166 καὶ
2796 3114 2922 3176 τοὺς
2951 3111 3281 3182 κατέχοντας
3315 3111 3732 3168 συναπόλλυσιν.

2062 3203 2420 3270 Ἑσκόρπισε
2455 3201 2588 3273 γὰρ,
2625 3199 2814 3271 φησιν,
2856 3200 3041 3254 ἔδωκε
3086 3199 3209 3266 τοῖς
3253 3198 3536 3267 πένησιν.
3592 3196 3736 3252 ’Δλλ’

2049 3288 2214 3342 ἀκουε
2236 3290 2329 3341 καὶ
2361 3287 2470 3341 τῶν
2498 3287 2624 3356 ἑξῆς
2645 3303 2658 3316 ·
2703 3286 2775 3342 Ἡ
2797 3282 3157 3354 δικαιοσύνη
3206 3287 3397 3342 αὐτοῦ
3437 3285 3610 3356 μένει
3648 3289 3738 3352 εἰς

2051 3376 2159 3431 τὸν
2183 3373 2390 3432 αἰῶνα.
2439 3375 2527 3428 Ἐν
2565 3376 2664 3447 μιᾷ
2699 3375 2885 3446 ήμέρᾳ
2904 3373 2994 3429 τὸν
3026 3373 3255 3428 πλοῦτον
3299 3375 3616 3446 ἐσκόρπισε,
3642 3375 3738 3428 καὶ

2051 3467 2087 3535 ή
2114 3463 2426 3535 δικαιοσύνη
2453 3463 2620 3517 αὑτοῦ
2663 3464 2742 3526 είς
2776 3463 2953 3516 πάντα
2996 3461 3088 3516 τὸν
3132 3461 3305 3516 αἰῶνα
3337 3462 3606 3532 διαμένει,
3642 3463 3744 3517 καὶ

2049 3555 2150 3622 τήν
2183 3552 2402 3621 μνήμην
2420 3549 2682 3602 ἀθάνατον
2709 3545 3022 3620 ἐργάζεται.

2124 3643 2170 3704 7’
2180 3679 2193 3692 .
2219 3633 2372 3700 Εἶδες
2390 3639 2613 3708 μνήμην
2627 3637 2791 3689 παντὶ
2803 3635 2880 3705 τῷ
2892 3634 3048 3691 αἰῶνι
3061 3637 3581 3708 παρεκτεινομένην;
3600 3633 3741 3701 εἶδες

2054 3727 2280 3797 μνήμην
2306 3725 2558 3796 μεγάλων
2591 3725 2685 3778 καὶ
2704 3724 3036 3796 ἀπορρήτων
3062 3724 3341 3795 γέμουσαν
3357 3725 3578 3792 ἀγαθῶν
3599 3743 3614 3791 ;
3639 3727 3740 3778 Διά

2052 3811 2308 3864 τοιούτων
2344 3810 2645 3880 οἰκοδομῶν
2691 3807 3129 3882 μνημονεύεσθαι
3195 3811 3610 3880 σπουδάζωμεν.
3670 3813 3741 3864 Al

2052 3899 2161 3971 γὰρ
2188 3899 2277 3952 διά
2312 3898 2422 3952 τῶν
2466 3897 2628 3951 λίθων
2657 3900 2719 3951 ού
2754 3897 2917 3969 μόνον
2957 3899 3105 3970 ήμᾶς
3137 3898 3289 3952 οὐδὲν
3339 3898 3619 3968 ὠφελῆσαι
3648 3899 3742 3952 δύ-

2054 4003 2262 4050 νανται,
2298 3985 2437 4039 ἀλλά
2464 3985 2558 4038 καὶ
2591 3983 2714 4038 ἀντὶ
2762 3984 2965 4056 στήλης
2996 3984 3279 4053 διηνεκοῦς
3309 3985 3466 4056 ήμῶν
3509 3987 3740 4059 λαμπρᾷ

2053 4075 2120 4143 τῇ
2152 4075 2304 4144 φωνῇ
2329 4069 2658 4126 καταϐοῶσι.
2691 4072 2801 4124 Kal
2828 4071 2896 4124 τά
2920 4071 3022 4141 μὲν
3048 4073 3112 4124 ἐκ
3137 4071 3342 4124 τούτων
3363 4072 3739 4142 ἁμαρτήματα

2055 4161 2210 4214 αὐτοὶ
2243 4159 2460 4230 ἔχοντες
2518 4159 2746 4228 ἄπιμεν,
2787 4158 2929 4212 αὐτὰ
2959 4157 3026 4211 ’δέ
3050 4157 3442 4222 καταλιπόντες
3481 4159 3740 4224 ἐνταῦθα,

2053 4247 2175 4302 οὐδὲ
2207 4247 2310 4317 τῆς
2336 4246 2552 4318 ψυχρᾶς
2581 4245 2800 4315 ἐκείνης
2826 4245 2921 4298 καὶ
2956 4245 3214 4316 ἀνονήτου
3239 4246 3371 4316 παρ’
3401 4245 3581 4298 αὐτῶν
3611 4248 3743 4317 μνήο

2056 4353 2165 4406 μης
2191 4333 2489 4404 ἀξιούμεθα
2509 4349 2522 4364 ’
2555 4333 2692 4386 ἀλλά
2725 4321 2858 4396 ταῖς
2871 4330 2972 4402 μὲν
2998 4331 3368 4403 κατηγορίαις
3407 4332 3739 4402 βαλλόμεθα,

2055 4425 2089 4492 ή
2108 4423 2166 4475 δέ
2194 4419 2538 4492 προσηγορία
2570 4419 2892 4490 μεθίσταται
2915 4418 3122 4482 εὐθέως
3142 4419 3222 4481 είς
3251 4417 3459 4489 ἕτερον.
3491 4420 3604 4473 Kal
3630 4420 3741 4490 7&9

2055 4509 2226 4571 οὕτως
2257 4508 2368 4578 ἔχει
2388 4525 2403 4540 ο
2438 4508 2546 4560 ἀπὸ
2574 4508 2763 4560 τούτου
2791 4508 2869 4567 εἰς
2893 4506 3080 4576 ἕτερον
3113 4506 3450 4575 μεταϐαίνει,
3502 4506 3594 4561 καὶ
3641 4507 3742 4559 ἀπ’

2055 4596 2266 4649 ἐκείνου
2293 4597 2372 4656 είς
2402 4595 2560 4648 ἀλλον
2587 4595 2770 4647 πάλιν.
2824 4592 2936 4646 Καὶ
2988 4594 3230 4663 σήμερον
3259 4592 3358 4662 μὲν
3391 4595 3425 4664 ή
3450 4594 3595 4646 οἰκία
3619 4593 3741 4647 ὲλέο

2055 4700 2184 4752 γετο
2207 4683 2300 4736 τοῦ
2329 4683 2518 4746 δεῖνος,
2549 4682 2738 4752 αὗριον
2761 4680 2817 4733 δέ
2847 4679 2943 4731 τοῦ
2962 4679 3153 4743 δεῖνος,
3187 4680 3280 4731 καί
3314 4680 3579 4750 μετὰ,τὴν
3609 4674 3739 4750 εξῆς

2057 4771 2218 4824 πάλιν
2261 4769 2472 4840 ἐτέρου.
2505 4769 2612 4821 Καὶ
2643 4767 2939 4836 ἀπατῶμεν
2973 4765 3190 4830 ἑκόντες
3221 4767 3466 4832 ἑαυτοὺς,
3503 4767 3744 4838 νομίζον-

2055 4875 2145 4921 τες
2172 4857 2491 4910 δεσποτείαν
2535 4854 2657 4907 τινὰ
2683 4853 3006 4924 κεκτῆσθαι,
3063 4853 3164 4906 οὐκ
3216 4852 3417 4916 εἰδότες
3454 4855 3538 4906 ὅτι
3579 4854 3742 4923 μόνον

2055 4949 2156 5016 τῆς
2185 4946 2434 5015 χρήσεως
2462 4939 2831 5011 ἀπολαύομεν,
2864 4940 2958 4993 καὶ
2990 4939 3210 5002 ἑκόντες
3235 4938 3331 4992 καί⁵
3369 4940 3593 5003 ἄκοντες
3625 4940 3741 4992 ἑτέ-

2061 5049 2174 5102 ροις
2198 5032 2403 5085 τούτων
2429 5027 2895 5100 παραχωρούμεν·
2931 5028 3015 5082 ὅτι
3048 5026 3158 5098 γὰρ
3209 5028 3305 5081 καὶ
3332 5022 3414 5090 οἷς
3463 5027 3525 5080 οὐ
3553 5026 3741 5098 βουλό-

2060 5121 2221 5193 μεθα,
2255 5120 2414 5173 τοῦτο
2441 5118 2581 5180 τέως
2611 5115 2874 5187 παρίημι.
2907 5116 3085 5178 Ὀλως
3109 5115 3167 5170 δὲ
3213 5117 3261 5168 εἰ
3291 5117 3515 5186 μνήμης
3546 5114 3742 5168 ἐπιθυ-

2061 5212 2206 5279 μεῖς,
2247 5207 2342 5260 καὶ
2362 5205 2522 5260 τοῦτό
2550 5221 2631 5257 σοι
2653 5202 3142 5274 περισπούδαστον,
3161 5203 3326 5257 ἄκουε
3358 5200 3477 5264 πῶς
3503 5203 3559 5254 αί
3575 5202 3744 5273 χῆραι

2061 5296 2370 5367 ἐμέμνηντο
2400 5297 2497 5365 τῆς
2527 5293 2790 5355 Ταϐιθᾶς,
2813 5290 2907 5342 καὶ
2935 5289 3053 5354 πῶς
3089 5288 3180 5342 τὸν
3214 5289 3419 5358 Πέτρον
3453 5290 3744 5361 περιεστή-

2062 5402 2252 5440 κεισαν
2279 5383 2562 5438 κλαίουσαι
2591 5380 2683 5433 καὶ
2731 5376 3180 5448 ἐπιδεικνύμεναι
3207 5376 3442 5446 χιτῶνας
3475 5377 3573 5430 καὶ
3625 5376 3744 5446 ἱμά-

2061 5490 2172 5532 τια.
2197 5473 2299 5526 ὅσα
2325 5467 2496 5522 ἐποίει
2531 5465 2648 5537 μετ’
2669 5465 2850 5519 αὐτῶν
2878 5461 3016 5518 οὖσα
3043 5465 3078 5534 ή
3103 5464 3335 5534 Δορκάς.
3391 5458 3546 5524 Εἶδες
3598 5462 3745 5514 οἰκο-

2060 5550 2228 5622 δομάς
2257 5546 2533 5620 ἐμψύχους
2568 5547 2753 5615 φωνὰς
2796 5544 3050 5613 ἀφιείσας
3074 5583 3090 5608 ,
3130 5543 3225 5622 καὶ
3275 5539 3547 5608 τοσαύτην
3589 5540 3745 5610 ἰσχὺν

2062 5621 2314 5701 ἐχούσας,
2354 5627 2430 5690 ὡς
2460 5628 2555 5679 καὶ
2611 5624 2720 5679 ἀπὸ
2757 5623 2993 5678 θανάτου
3037 5625 3118 5686 εἰς
3159 5621 3306 5691 ζωήν
3337 5622 3742 5701 ἐπαναγαγείνς

2076 5698 2436 5790 ῑππειδὴπάρ
2467 5706 2834 5790 περιέστησα
2856 5701 2957 5790 ίτδν
2984 5698 3395 5790 ,ηέξρφνςέῆὶ
3413 5698 3745 5790 τέι-δέξρξέπ

2069 5778 2248 5850 θερμὰ
2275 5767 2516 5845 ἐξέχεαν,
2541 5767 2646 5844 ’τὴν
2677 5767 2881 5842 τροφὴν
2915 5771 3009 5824 καὶ
3043 5767 3142 5840 τὴν
3169 5769 3431 5850 χορηγίαν
3453 5767 3747 5850 ἐπιζητοῦ-

2071 5846 2185 5924 σαι,
2216 5854 2460 5911 ἐκϐαλὼν
2494 5855 2726 5914 πάντας,
2761 5850 2945 5920 φησὶν,
2978 5851 3008 5902 ό
3036 5850 3262 5918 Πέτρος,
3300 5846 3413 5904 θεὶς
3443 5846 3512 5898 τὰ
3544 5847 3746 5924 γόνατα

2073 5923 2439 6009 προσηύξατο,
2475 5934 2569 5990 καὶ
2591 5930 2902 6000 ἀναστήσας
2926 5927 3097 5999 αὐτὴν
3120 5926 3367 5997 ἐφώνησε
3394 5925 3520 5989 τοὺς
3559 5923 3750 5993 ἁγίους
