4070 6382
291 460 397 516 377

286 574 429 629 cavit
472 580 688 628 sanctos
726 576 781 626 et
819 566 1025 630 viduas,
1071 570 1125 620 et
1162 560 1397 618 reddidit
1423 572 1545 616 eam
1574 557 1771 611 vivam.
1820 555 1876 609 Si

289 664 607 721 memoriam
628 660 845 733 qu:eris,
875 657 921 713 si
945 670 1127 713 veram
1153 653 1377 723 gloriam
1398 663 1570 714 amas,
1600 647 1739 701 hanc
1767 644 1884 702 imi-

290 768 437 821 tare,
467 755 602 813 tales
626 754 818 808 domus
840 758 1059 803 exstrue
1081 787 1096 811 ,
1126 745 1236 800 noli
1276 750 1526 811 sumptus
1558 748 1677 793 tuos
1706 734 1882 795 inani-

290 850 451 905 matis
484 842 814 915 impendere,
843 840 938 897 sed
965 854 1087 894 cum
1118 838 1224 898 illis
1250 835 1341 906 qui
1367 832 1606 903 ejusdem
1637 835 1761 884 sunt
1788 840 1884 896 ge-

289 940 437 995 neris
487 931 910 991 misericordiam
961 931 1139 985 facito.
1194 927 1323 985 llmc
1373 923 1531 981 laude
1586 919 1745 993 digna
1803 925 1887 971 est

292 1020 574 1090 memoria,
606 1027 720 1083 haec
756 1037 1009 1094 magnum
1056 1021 1261 1075 lucrum
1301 1014 1473 1070 affert.
1515 1010 1781 1066 Caeterum
1817 1005 1885 1061 ad

292 1122 599 1177 institutum
631 1117 917 1174 redeamus
937 1155 953 1179 ,
985 1121 1041 1168 et
1066 1110 1343 1165 videamus
1370 1105 1583 1160 illorum
1623 1102 1883 1164 virorum,

290 1214 379 1283 qui
411 1223 534 1265 tunc
559 1219 733 1272 erant,
761 1204 1062 1261 audaciam.
1106 1200 1326 1255 illorum
1352 1196 1497 1252 enim
1535 1191 1847 1248 aﬂectiones
1866 1230 1883 1256 ,

293 1316 514 1372 nostrm,
548 1305 592 1359 si
622 1316 811 1370 sapere
857 1295 1204 1356 voluerimus,
1233 1288 1597 1347 emendationi
1625 1284 1885 1341 serviunt.

291 1400 345 1453 4.
380 1397 443 1450 Et
489 1395 823 1461 mliﬁcemus,
867 1389 1058 1459 inquit,
1107 1385 1253 1439 nobis
1290 1383 1572 1446 civitatem,
1602 1386 1647 1433 et
1687 1374 1887 1439 turrim,

292 1490 438 1559 cujus
467 1494 621 1556 caput
648 1483 739 1537 erit
765 1496 921 1551 usque
939 1482 995 1534 in
1021 1478 1223 1541 uelum,
1254 1483 1301 1527 et
1329 1472 1580 1543 faciamus
1609 1467 1890 1535 nobisipsis

294 1558 476 1632 nomen
524 1576 818 1645 priusquam
864 1572 1217 1641 disperguntur
1258 1581 1413 1635 super
1464 1571 1670 1617 terram.
1726 1558 1890 1614 Vides

293 1669 566 1741 quomodo
592 1666 993 1735 corruptionem
1021 1661 1215 1716 animae
1245 1673 1355 1714 sua:
1394 1656 1587 1726 ubique
1612 1651 1890 1708 exhibent.

297 1764 364 1818 Et
410 1762 761 1829 wdi/icemus,
803 1756 997 1825 inquit,
1042 1752 1185 1807 nobis
1223 1749 1513 1803 civitatem:
1540 1752 1596 1804 et
1636 1745 1832 1799 iterum
1878 1758 1893 1795 :

298 1856 576 1909 Faciamus
596 1851 737 1904 nobis
761 1848 891 1917 ipsis
912 1861 1115 1900 nomen.
1145 1842 1273 1899 \‘ide
1302 1837 1571 1912 quomodo
1591 1837 1751 1892 etiam
1776 1844 1896 1904 pOSt

299 1944 611 2016 generalem
637 1941 879 1996 oumium
923 1937 1197 1993 interitum
1230 1949 1336 1989 non
1379 1933 1585 1986 minora
1630 1928 1767 1983 mula
1798 1941 1895 1995 ag-

297 2036 629 2106 grediuntur.
660 2031 799 2100 Quid
839 2045 968 2100 ergo
997 2028 1132 2083 ﬁet?
1162 2024 1433 2096 quomodo
1468 2022 1537 2076 ab
1566 2020 1772 2075 insania
1800 2031 1895 2072 sua

303 2123 704 2195 reprimuntur?
729 2121 1007 2178 Pollicitus
1029 2128 1113 2173 est
1145 2119 1306 2181 Deus,
1338 2130 1397 2169 se
1426 2128 1533 2169 non
1561 2112 1700 2166 ultra
1728 2110 1897 2163 lactu-

301 2235 416 2272 l'lllll
442 2217 730 2279 diluvium,
771 2215 1026 2268 nimirum
1058 2208 1443 2265 misericordia:
1469 2221 1581 2259 sua:
1608 2210 1898 2257 consuetu-

298 2312 479 2365 dinem
510 2322 737 2364 servans
762 2324 774 2359 :
802 2306 876 2361 illi
902 2314 1083 2359 autem
1108 2317 1282 2371 neque
1307 2300 1481 2370 ιιωηὶε
1502 2294 1900 2356 eineudatiores

302 2401 424 2456 lacti
452 2410 600 2466 sunt,
630 2414 806 2468 neque
836 2395 1111 2451 beneliciis
1140 2393 1411 2447 meliores.

376 2492 498 2547 Non
540 2501 657 2546 sunt
684 2500 865 2543 temere
892 2486 1261 2542 condemnandi
1292 2485 1498 2552 fratres,
1528 2496 1688 2551 neque
1714 2494 1775 2539 ea:
1805 2492 1901 2529 au-

302 2587 412 2640 ditu
450 2583 813 2656 judicandum.
839 2610 912 2621 —
937 2580 1076 2635 Audi
1097 2594 1217 2648 qua:
1258 2585 1595 2646 sequuntur,
1622 2581 1681 2628 ut
1724 2572 1903 2627 discas

305 2675 593 2731 int-ﬂabilis
641 2670 1029 2728 misericordia:
1080 2670 1172 2724 Dei
1223 2666 1671 2737 magnitudinem.
1729 2664 1785 2718 5.
1838 2660 1903 2715 Et

304 2767 585 2830 descendit,
620 2764 811 2833 inquit,
846 2761 1099 2815 Dominus
1128 2758 1266 2813 Deus
1286 2800 1302 2824 ,
1328 2766 1384 2811 ut
1411 2756 1601 2809 videret
1627 2754 1901 2816 ciuitatem,

307 2871 354 2914 et
382 2859 590 2922 turrim,
620 2872 772 2933 quam
801 2853 1121 2921 aedificabant
1154 2851 1251 2919 ﬁlii
1293 2849 1573 2903 hominum.
1607 2843 1744 2899 Vide
1773 2856 1908 2911 quo-

305 2950 466 3007 modo
489 2948 723 3002 lnunano
752 2958 904 2999 more
945 2942 1221 3013 Scriptura
1254 2940 1509 3009 loquitur.
1536 2936 1606 2990 Et
1627 2933 1905 2997 descendit,

310 3046 507 3117 inquit,
543 3042 796 3097 Dominus
823 3038 993 3102 Deus;
1022 3051 1129 3092 non
1177 3043 1233 3089 ut
1264 3034 1499 3089 humano
1529 3028 1690 3084 modo
1714 3026 1907 3082 intelli-

306 3153 517 3209 gamus,
547 3135 642 3191 sed
670 3143 729 3190 ut
758 3147 853 3202 per
882 3131 983 3186 hoc
1011 3127 1338 3191 erudiamur,
1373 3134 1667 3191 numquam
1701 3127 1909 3171 temere

310 3206 502 3286 iratres
529 3221 990 3285 condemnandos,
1024 3231 1199 3287 neque
1220 3213 1401 3271 auditu
1423 3211 1540 3266 solo
1560 3206 1909 3281 iudicandum

308 3334 452 3383 esse,
488 3317 591 3371 nisi
621 3313 866 3384 pluribus
894 3308 1227 3381 argumentis
1256 3303 1403 3372 prius
1431 3302 1563 3356 certi
1591 3298 1907 3354 reddamur.

308 3410 501 3467 Omnia
521 3410 664 3465 enim
690 3421 722 3461 a
755 3405 863 3459 Deo
893 3402 1016 3456 ideo
1039 3401 1188 3462 tiuut,
1210 3405 1265 3452 et
1290 3396 1360 3450 ob
1382 3394 1486 3449 hoc
1512 3401 1660 3447 tanta
1687 3389 1753 3443 ad
1784 3403 1911 3443 eru-

311 3501 569 3557 diendum
612 3498 903 3553 humanum
932 3506 1100 3562 genus
1136 3489 1303 3543 utitur
1345 3483 1613 3540 sermonis
1651 3489 1915 3546 attempe-

313 3594 545 3649 ratione.
606 3588 675 3643 Et
722 3585 1006 3649 descendit,
1067 3581 1272 3652 inquit,
1322 3576 1575 3631 Dominus
1626 3571 1800 3633 Deus,
1860 3576 1914 3620 ut

315 3688 507 3740 videret
537 3683 787 3737 civitatem
815 3688 861 3731 et
892 3676 1090 3729 turrim.
1129 3672 1262 3727 Vide
1288 3666 1558 3739 quomodo
1586 3679 1692 3718 non
1732 3662 1915 3715 statim

315 3780 383 3833 ab
415 3777 569 3832 initio
597 3775 811 3828 illorum
840 3768 1083 3840 reprimit
1112 3765 1397 3827 insaniam,
1430 3759 1523 3815 sed
1553 3759 1805 3813 diuturna
1835 3755 1914 3809 le-

319 3872 487 3925 uitate
533 3869 719 3932 utitur,
769 3872 823 3919 et
870 3867 1146 3930 exspectat
1181 3857 1353 3911 donec
1390 3866 1605 3907 omnem
1657 3848 1916 3902 malitiam

318 3977 471 4017 suam
510 3972 674 4027 opere
715 3955 1013 4017 declarent,
1062 3956 1119 4005 et
1159 3958 1286 4005 tunc
1330 3956 1559 4002 conatus
1591 3956 1779 3997 eorum
1819 3940 1919 3993 im-

322 4050 466 4121 pedit
517 4049 591 4102 Ne
616 4047 758 4100 enim
787 4044 907 4114 quis
932 4043 1115 4096 dicere
1135 4039 1325 4109 possit,
1348 4035 1674 4090 deliberasse
1699 4031 1919 4102 quidem

324 4144 462 4204 illos,
490 4138 585 4193 sed
632 4154 750 4206 qua:
787 4136 1173 4198 decreverant,
1206 4132 1257 4184 in
1298 4143 1433 4199 Opus
1462 4143 1569 4181 non
1606 4124 1917 4190 deduxisse,

326 4231 665 4302 pt‘acstolalur
703 4228 877 4282 donec
933 4225 1116 4278 animo
1167 4221 1493 4276 destinatum
1546 4231 1683 4286 Opus
1726 4228 1919 4284 aggre-

329 4324 577 4383 dianlur,
612 4329 667 4371 ut
708 4327 832 4372 tunc
872 4321 1137 4373 monstret
1173 4312 1252 4369 eis
1290 4326 1453 4381 quam
1497 4308 1702 4363 inutilia
1749 4317 1924 4361 atten-

328 4416 509 4470 tariut.
546 4411 614 4467 Et
654 4410 932 4477 descendit,
966 4408 1169 4479 inquit,
1202 4406 1453 4460 Dominus
1479 4409 1638 4464 Deus.
1657 4412 1711 4455 ut
1736 4402 1924 4456 uideret

325 4508 603 4569 civita'cm,
631 4519 691 4556 ac
721 4504 931 4565 turrim,
962 4518 1115 4570 quam
1147 4499 1474 4568 aediﬁcabant
1516 4496 1609 4562 ﬁlii
1638 4496 1923 4549 hominum.

330 4595 463 4651 Vide
492 4591 877 4649 misericordia:
903 4589 1313 4646 excellentiam:
1346 4586 1589 4658 permisit
1625 4585 1744 4639 illos
1772 4584 1925 4638 labo-

331 4689 479 4742 ribus
506 4701 626 4740 sese
653 4684 915 4755 afﬂigere,
940 4692 998 4738 ut
1015 4697 1193 4737 rerum
1216 4679 1552 4750 experientia
1580 4676 1926 4748 prazceptoris

332 4783 451 4836 loco
493 4779 598 4834 illis
630 4786 795 4833 eSSet.
847 4774 916 4829 Et
960 4775 1212 4844 quoniam
1249 4772 1381 4827 vidit
1426 4770 1684 4825 malitiam
1721 4768 1927 4823 invale-

331 4887 500 4937 sccre,
534 4880 589 4925 et
617 4868 862 4924 morbum
901 4867 1136 4931 intendi,
1166 4881 1271 4920 non
1314 4879 1485 4933 usque
1515 4863 1581 4917 ad
1620 4862 1778 4917 linem
1810 4876 1931 4931 per-

332 4968 519 5031 mittit,
550 4962 644 5018 sed
668 4976 817 5016 suam
840 4960 1078 5015 declarat
1103 4959 1395 5013 bonitatem
1428 4974 1441 5009 :
1475 4954 1928 5026 quemadmodum

332 5059 574 5114 medicos
599 5055 771 5109 bonus
796 5052 984 5107 videns
1012 5050 1257 5106 morbum
1283 5049 1488 5118 augeri,
1518 5058 1573 5103 et
1593 5048 1745 5102 ulcus
1775 5047 1929 5099 incu-

334 5149 501 5205 rabile
531 5147 667 5211 tieri,
705 5145 884 5199 statim
930 5143 1171 5198 sectione
1198 5142 1393 5205 utitur,
1428 5149 1485 5195 ut
1510 5153 1727 5194 omnem
1756 5135 1929 5192 morbi

334 5256 554 5296 causam
606 5238 772 5293 tollat.
807 5236 860 5291 6.
909 5235 975 5289 Et
1015 5234 1167 5301 dixit,
1214 5234 1406 5303 inquit,
1454 5231 1704 5286 Dominus
1745 5230 1883 5285 Deus
1911 5244 1931 5285 :

342 5332 473 5387 Ecce
499 5348 656 5403 genus
688 5346 853 5384 unum
872 5338 920 5382 et
956 5327 1143 5382 labium
1184 5343 1344 5379 unum
1371 5327 1594 5379 omnium
1622 5340 1640 5377 :
1684 5324 1784 5378 hoc
1817 5333 1929 5388 est,

341 5443 444 5481 vox
468 5442 569 5480 una
599 5432 653 5479 et
679 5424 854 5494 lingua
881 5437 1005 5476 una.
1035 5421 1102 5475 Et
1128 5422 1222 5475 hoc
1239 5430 1495 5491 cmperunt
1518 5423 1704 5492 facere,
1725 5430 1772 5475 et
1800 5436 1934 5474 nunc

339 5537 440 5574 non
466 5518 733 5572 cessabunt
761 5516 823 5570 ab
852 5518 914 5570 iis
938 5531 1050 5585 qua
1073 5515 1395 5569 decreverunt
1424 5515 1608 5582 facere.

410 5614 465 5668 4.
505 5612 649 5667 Solet
697 5610 833 5665 Deus
870 5611 1143 5663 admonere
1189 5619 1462 5679 antequam
1505 5608 1703 5677 puniat.
1732 5634 1803 5645 -
1832 5607 1931 5660 At-

342 5703 501 5759 tende
532 5702 742 5756 Domini
781 5700 1225 5755 misericordiam.
1266 5699 1529 5765 Quoniam
1574 5707 1797 5752 conatus
1826 5698 1931 5751 im-

344 5795 622 5865 pediturus
649 5803 783 5859 erat,
827 5795 1056 5864 primum
1097 5793 1466 5864 purgationem
1512 5793 1611 5847 sibi
1659 5801 1839 5861 parat,
1882 5802 1936 5847 et

344 5888 496 5959 quasi
523 5885 755 5944 ostendit
791 5886 993 5958 peccati
1023 5901 1209 5943 eorum
1255 5884 1674 5955 magnitudinem
1698 5924 1712 5951 ,
1746 5894 1798 5941 et
1830 5886 1931 5940 im-

1315 444 1378 506 ΙΝ
1413 444 1581 502 ΒΑΡω
1611 439 1702 498 XI.
1746 437 1991 499 GENES.
2034 438 2263 496 ilOMll...
2307 439 2470 502 XXX.

3485 450 3592 511 9η

2002 555 2283 625 probitatis
2314 570 2615 624 excessum,
2649 558 2898 630 ipsosque
2937 560 3135 618 abusos
3170 578 3291 620 esse
3321 564 3512 637 lingua:
3540 580 3596 627 et

1997 646 2147 699 vocis
2190 649 2563 703 consonantia.
2598 648 2726 704 Ecce
2767 652 2944 716 enim,
2982 653 3183 723 inquit,
3226 673 3382 725 genus
3432 677 3594 715 unum

1992 743 2038 786 et
2088 730 2288 790 “lubiuns
2334 754 2489 792 unum
2531 741 2774 794 omnium.
2826 740 2898 796 Et
2942 743 3034 800 hoc
3070 757 3330 814 carpes-unt
3387 752 3591 819 facere,

1992 832 2040 879 et
2092 841 2227 879 nunc
2268 843 2370 881 non
2420 829 2686 889 cessabunt
2741 830 2803 884 ab
2856 833 2918 887 iis
2958 850 3072 901 quis
3126 836 3452 893 decreverunt
3511 843 3593 911 fa-

1991 930 2123 973 cere.
2152 915 2250 970 llic
2267 918 2411 976 enim
2443 918 2534 977 Dei
2564 935 2683 974 mos
2702 930 2808 988 est,
2839 934 2897 977 ut
2918 924 3200 992 puniturus
3228 927 3375 995 prius
3397 929 3599 992 indicet

1992 1023 2153 1079 quam
2186 1024 2376 1081 magna
2403 1012 2512 1069 sint
2536 1024 2787 1083 peccata,
2822 1025 2877 1071 et
2901 1017 3067 1075 veluti
3096 1018 3467 1076 defensionem
3501 1024 3600 1076 ali-

1992 1114 2153 1169 quam
2176 1101 2274 1157 sibi
2301 1112 2474 1171 paret,
2504 1120 2566 1161 ac
2592 1115 2719 1161 tunc
2750 1106 2964 1163 totidem
2993 1110 3267 1179 corripiat.
3291 1112 3424 1166 Nam
3458 1122 3601 1166 tem-

1996 1205 2127 1259 pore
2151 1191 2368 1257 diluvii,
2424 1209 2546 1252 cum
2593 1196 2865 1255 terribiles
2908 1199 3029 1255 illas
3073 1201 3248 1257 minas
3288 1202 3598 1269 iutentsret,

1994 1280 2125 1335 dicit
2166 1282 2442 1353 Scriptura
2490 1304 2502 1339 :
2539 1284 2608 1341 Ut
2642 1296 2811 1341 autem
2858 1290 2982 1345 sidit
3018 1289 3183 1358 Deus,
3234 1294 3374 1363 quod
3418 1295 3599 1347 inulti-

1996 1371 2199 1442 plicatae
2226 1384 2345 1427 sunt
2372 1375 2584 1430 malitia:
2622 1376 2905 1445 hominum,
2940 1388 2987 1433 et
3028 1384 3371 1453 unusquisque
3411 1384 3601 1454 cogitat

1996 1462 2049 1515 in
2071 1464 2223 1518 corde
2247 1480 2342 1519 suo
2368 1466 2639 1536 diligenter
2659 1470 2713 1521 in
2736 1468 2875 1525 mala
2899 1485 2930 1523 a
2947 1470 3215 1540 juventute
3249 1472 3402 1543 (Gen.
3434 1472 3485 1527 6.
3517 1475 3596 1543 5).

1998 1551 2191 1608 Vidisti
2215 1556 2489 1625 quomodo
2514 1558 2663 1627 prius
2689 1560 3007 1615 monstravit
3033 1562 3251 1617 malitia:
3273 1578 3460 1618 eorum
3490 1580 3605 1618 ma-

1998 1644 2368 1715 gnitudinem,
2399 1655 2455 1703 et
2498 1658 2682 1719 postea
2727 1649 2856 1705 dicit
2883 1668 2896 1704 :
2921 1649 3112 1705 Delebo
3155 1652 3409 1707 hominem
3441 1652 3602 1725 (Ibid.

2000 1754 2047 1792 υ.
2075 1739 2175 1804 7)?
2203 1739 2277 1793 ιω
2315 1748 2370 1796 et
2396 1756 2540 1795 nunc
2568 1759 2580 1794 :
2612 1740 2744 1795 Ecce
2773 1758 2931 1812 genus
2959 1758 3118 1797 unum
3149 1753 3197 1797 et
3228 1744 3422 1799 labium
3442 1762 3606 1799 unum

2000 1833 2254 1900 omnium,
2300 1843 2347 1887 et
2375 1834 2470 1888 hoc
2515 1844 2776 1905 cmperunt
2803 1836 2996 1905 facere.
3036 1835 3093 1910 Si
3127 1850 3253 1893 cum
3296 1846 3442 1894 tanta
3478 1855 3609 1895 cono

2001 1924 2210 1989 cordia,
2242 1933 2296 1979 et
2338 1926 2534 1995 linguas
2575 1926 2781 1981 unitate
2829 1927 2882 1980 in
2923 1908 3126 1982 tantam
3170 1928 3476 1985 inciderunt
3521 1935 3608 1986 in—

2003 2018 2207 2072 Sunium
2234 2034 2249 2071 :
2278 2018 2367 2073 tibi
2408 2027 2623 2086 tempus
2668 2020 3023 2087 processerit,
3065 2021 3336 2090 quomodo
3381 2037 3487 2076 non
3515 2023 3612 2078 de-

2006 2111 2202 2166 teriora
2240 2112 2617 2168 attentabunti
2645 2112 2768 2167 Non
2808 2115 3074 2171 cessabunt
3115 2116 3263 2171 enim
3300 2117 3368 2171 ab
3409 2118 3471 2171 iis
3499 2133 3616 2187 quat

2004 2201 2334 2257 decreverunt
2362 2208 2532 2274 facere
2557 2221 2575 2259 :
2604 2207 2737 2261 nihil
2765 2222 2953 2261 eorum
2988 2208 3249 2278 impetum
3278 2218 3333 2264 et
3360 2209 3612 2264 ardorem

2005 2297 2210 2351 morari
2234 2300 2453 2369 poterit,
2472 2298 2569 2353 sed
2590 2300 2772 2354 ontnia
2793 2315 2913 2369 quae
2937 2309 3248 2355 statuerunt
3264 2315 3470 2366 secum,
3500 2310 3614 2355 stu—

2006 2388 2209 2445 debunt
2262 2390 2543 2460 perﬁcere,
2592 2392 2647 2447 ni
2696 2393 2878 2448 statim
2929 2408 3031 2463 pro
3066 2395 3353 2448 attentatis
3401 2408 3615 2462 pmiiam

2008 2482 2181 2541 luant.
2209 2482 2263 2536 Id
2297 2498 2511 2553 quoque
2557 2485 2793 2539 inveniet
2838 2485 3035 2554 aliquis
3071 2493 3129 2540 et
3170 2485 3239 2539 de
3279 2486 3619 2555 protoplasto

2008 2572 2214 2629 factum
2266 2588 2409 2629 esse.
2437 2574 2724 2644 Ejecturus
2762 2576 2908 2630 enim
2939 2575 3088 2629 illum
3129 2575 3273 2631 Deus
3313 2590 3342 2628 a
3384 2575 3617 2645 paradisi

2010 2666 2283 2731 incolatu,
2326 2668 2436 2731 ait,
2472 2669 2603 2735 Quis
2646 2668 2967 2721 annuntiauit
2998 2667 3087 2720 tibi
3116 2668 3249 2735 quod
3276 2668 3445 2720 nudus
3486 2682 3619 2721 esses

2011 2756 2176 2826 (Ibid.
2208 2759 2264 2812 3.
2298 2758 2431 2827 il)?
2458 2759 2526 2813 Et
2556 2758 2790 2814 iterum:
2825 2758 2962 2814 Ecce
2984 2759 3149 2812 Adam
3177 2762 3347 2829 factus
3376 2770 3447 2814 est
3474 2760 3622 2829 quasi

2011 2864 2147 2901 unus
2165 2863 2229 2902 ea:
2253 2849 2398 2903 nobis
2422 2865 2441 2903 :
2468 2860 2523 2903 ut
2548 2852 2674 2903 sciat
2709 2849 2898 2903 bonum
2940 2859 2988 2904 et
3019 2849 3233 2904 malum.
3281 2850 3348 2903 Et
3385 2867 3518 2903 nunc
3559 2865 3623 2902 ne

2012 2937 2147 3006 forte
2175 2942 2418 2991 extendat
2446 2956 2654 2992 manum
2684 2955 2853 3005 suam,
2881 2948 2928 2993 et
2968 2940 3188 3009 diripiat
3216 2939 3277 2992 de
3308 2939 3448 3010 ligno
3482 2940 3621 3004 uitis,

1996 3036 2063 3083 ’et
2088 3029 2342 3094 comedat,
2372 3038 2418 3083 et
2458 3030 2590 3082 vivat
2615 3030 2669 3081 iu
2708 3030 2973 3083 malum.
3016 3028 3082 3082 Et
3125 3030 3292 3086 emisit
3322 3031 3470 3083 illum
3516 3030 3625 3084 Do-

2014 3123 2185 3177 minus
2211 3124 2273 3177 de
2290 3124 2532 3193 paradiso
2556 3122 2719 3194 (Ibid.
2742 3139 2791 3177 υ.
2809 3123 2901 3177 22.
2922 3123 3039 3194 25).
3061 3123 3236 3177 Etiam
3255 3138 3398 3179 nunc
3416 3124 3621 3194 inquit:

2016 3214 2151 3268 Ecce
2174 3232 2334 3285 genus
2365 3232 2523 3268 unum
2550 3208 2597 3268 3t
2627 3214 2818 3269 labium
2844 3232 3003 3269 unum
3036 3218 3283 3281 omnium,
3316 3228 3363 3271 et
3391 3218 3487 3271 ltoc
3514 3234 3622 3272 cae-

2018 3318 2203 3376 perunt
2230 3308 2397 3375 facere
2430 3323 2449 3361 :
2476 3317 2522 3360 et
2551 3322 2688 3359 nunc
2717 3323 2820 3360 non
2845 3306 3111 3361 cessabunt
3137 3310 3199 3361 ab
3226 3310 3297 3363 iis
3316 3326 3431 3379 qua:
3456 3311 3627 3364 decre-

2018 3407 2194 3451 verunt
2222 3400 2410 3466 facere.
2444 3398 2501 3450 7.
2536 3396 2741 3462 Venite,
2775 3406 2819 3450 et
2851 3396 3211 3452 descendentes
3251 3401 3629 3471 con/trudimus

2017 3489 2463 3559 illorumliuguas,
2488 3498 2539 3541 ut
2558 3505 2620 3541 ne
2636 3488 2813 3541 audiat
2831 3490 3174 3561 unusquisque
3186 3506 3358 3544 uocem
3379 3491 3625 3560 proximi.

2020 3579 2156 3636 Vide
2196 3581 2390 3635 iterum
2424 3581 2713 3635 verborum
2743 3590 3155 3650 attemperatam
3202 3586 3489 3638 rationem.
3531 3583 3631 3638 νευ-

2020 3673 2143 3737 nite,
2173 3672 2376 3741 inquit,
2405 3680 2451 3724 et
2492 3671 2873 3725 descendentes.
2906 3672 3044 3739 Quid
3088 3674 3277 3728 volunt
3315 3674 3417 3728 sibi
3468 3674 3631 3729 verba

2024 3762 2139 3816 haze
2164 3763 2187 3816 ?
2212 3761 2431 3833 Opusne
2460 3762 2622 3817 habet
2650 3765 3034 3832 cooperatione
3065 3764 3322 3820 Dominus
3344 3765 3413 3819 ad
3444 3780 3631 3821 curre.

2021 3855 2257 3910 ctionem
2277 3855 2301 3907 ?
2320 3871 2389 3909 an
2411 3856 2653 3910 subsidio
2665 3856 2731 3909 ad
2748 3856 2957 3910 illorum
2975 3856 3399 3912 destructionem
3416 3859 3439 3911 ἲ
3457 3860 3631 3913 Absit.

2023 3945 2128 4001 Sed
2172 3948 2310 4000 sicut
2348 3947 2458 4016 jam
2504 3948 2639 4001 dixit
2675 3947 2952 4016 Scriptura
2979 3965 2992 4001 :
3022 3946 3299 4002 Descendit
3326 3948 3580 4004 Dominus
3610 3966 3629 4005 :

2024 4036 2226 4091 docens
2258 4052 2358 4093 nos
2385 4053 2480 4108 per
2508 4038 2610 4094 hoc
2628 4054 2695 4094 se
2708 4038 2988 4093 evidenter
3015 4039 3234 4093 malitia:
3272 4040 3489 4095 illorum
3521 4056 3634 4095 ma—

2025 4132 2366 4201 gnitudinem
2387 4131 2587 4187 vidisse
2612 4149 2625 4185 :
2652 4133 2723 4185 ita
2744 4140 2798 4185 et
2819 4129 2909 4185 hic
2927 4130 3058 4185 dicit
3081 4147 3095 4184 :
3131 4128 3326 4197 Venite,
3352 4144 3398 4185 et
3423 4132 3636 4187 descen-

2028 4228 2221 4282 dentes.
2265 4226 2477 4281 Dietnm
2508 4225 2652 4280 haud
2678 4225 2840 4280 dubie
2865 4234 2948 4279 est
2982 4239 3079 4279 ceu
3109 4225 3174 4279 ad
3214 4225 3418 4279 honore
3456 4241 3633 4296 pareS.

2044 4320 2235 4384 Venite,
2287 4320 2478 4388 inquit,
2520 4330 2568 4373 et
2604 4318 2965 4373 descendentes
3007 4317 3388 4389 confundamus
3430 4318 3637 4373 illorum

2030 4412 2256 4483 linguas,
2276 4422 2330 4464 ut
2351 4428 2414 4465 ne
2429 4411 2607 4465 audiat
2629 4410 2974 4479 unusquisque
2990 4424 3159 4462 uocem
3175 4408 3415 4477 proximi.
3441 4409 3635 4477 Quem-

2031 4502 2356 4566 admodum,
2413 4502 2619 4571 inquit,
2664 4502 2883 4571 cippum
2932 4499 3221 4570 quemdam
3276 4510 3635 4569 perpetuum,

2036 4594 2200 4648 talem
2257 4593 2365 4646 illis
2405 4601 2588 4647 statuo
2615 4607 2829 4663 pmnam
2863 4591 3012 4645 omni
3054 4590 3255 4644 smeolo
3299 4590 3639 4658 duraturam,

2034 4695 2093 4739 ut
2125 4684 2272 4739 nullo
2303 4692 2548 4753 tempore
2574 4684 2690 4737 hzec
2718 4683 3126 4737 obliviscantur.
3153 4680 3287 4735 Nam
3333 4683 3456 4751 quia
3488 4684 3644 4739 abusi

2034 4787 2159 4835 sunt
2185 4775 2643 4833 vociseoncordia
2665 4818 2679 4841 ,
2717 4775 2845 4830 ideo
2863 4776 3011 4829 vocis
3040 4773 3355 4828 diversitate
3390 4774 3645 4845 castigar‘

2036 4884 2132 4926 eos
2159 4868 2304 4923 volo.
2337 4868 2428 4922 Sic
2454 4868 2598 4922 enim
2623 4866 2823 4935 ubique
2848 4866 3025 4919 facere
3046 4862 3330 4918 consuevit
3359 4864 3619 4920 Dominus

2038 4961 2152 5015 lloe
2173 4959 2245 5013 ab
2273 4958 2427 5013 initio
2452 4958 2597 5013 circa
2625 4955 2909 5010 mulierem
2930 4952 3128 5007 factum
3154 4962 3240 5007 est
3268 4971 3281 5005 :
3312 4954 3588 5010 abutebat.
3612 4974 3639 5009 r

2036 5054 2128 5108 illa
2158 5054 2366 5109 honore
2391 5065 2673 5116 concesso,
2706 5047 2848 5103 unde
2877 5046 3110 5116 subjecit
3134 5062 3253 5101 eam
3286 5047 3425 5103 viro.
3459 5050 3525 5104 Et
3563 5068 3607 5105 al
3634 5083 3643 5091 ε

2038 5145 2243 5202 militer
2286 5145 2419 5200 Ada:
2458 5142 2725 5211 contigit:
2760 5140 2883 5210 quia
2928 5138 3072 5193 enim
3114 5153 3182 5193 ex
3214 5139 3383 5193 multa
3423 5157 3645 5211 prospe-

2042 5242 2219 5303 ritate,
2252 5234 2847 5310 paradisiqueincolatu
2876 5220 3010 5286 nihil
3042 5230 3173 5285 lucri
3204 5230 3350 5298 fecit,
3382 5233 3477 5287 sed
3511 5251 3648 5303 pra»

2040 5330 2335 5385 varieando
2362 5344 2534 5400 paena:
2565 5325 2833 5382 obnoxius
2859 5330 2943 5377 est
2988 5320 3191 5387 factus,
3242 5322 3400 5392 ejecit
3426 5340 3547 5379 eum
3580 5342 3646 5383 ex

2041 5423 2325 5493 paradiso:
2358 5432 2411 5476 et
2439 5433 2650 5489 pinnam
2678 5416 2728 5471 ei
2767 5423 3080 5485 perpetuam
3124 5413 3380 5483 iniunxit,
3409 5415 3595 5469 dicens
3631 5436 3646 5472 :

2042 5512 2238 5582 Spinas
2277 5523 2323 5565 et
2368 5511 2577 5563 tribulos
2618 5506 2918 5579 germinabit
2958 5504 3047 5559 tibi
3075 5514 3208 5558 terra
3235 5504 3392 5574 (Gen.
3431 5507 3483 5561 5.
3533 5507 3644 5575 i8).

2043 5605 2245 5660 llorum
2273 5618 2487 5673 quoque
2522 5601 2739 5655 malitim
2786 5612 3024 5662 cursum,
3056 5597 3177 5665 quia
3216 5598 3423 5650 unitate
3455 5597 3647 5667 linguae

2045 5695 2316 5761 honorati,
2347 5693 2550 5747 honore
2598 5704 2861 5745 concesso
2908 5688 2960 5742 in
3005 5687 3201 5741 malum
3249 5686 3643 5755 abutebantur,

2047 5792 2186 5845 Deus
2216 5804 2310 5858 per
2348 5788 2645 5857 linguarum
2680 5786 2989 5837 varietatem
3031 5780 3292 5834 cohibuit.
3325 5778 3393 5832 Et
3423 5787 3643 5848 confun-

2047 5886 2244 5951 dumus,
2296 5880 2487 5951 Inquit,
2534 5878 2738 5932 illorum
2786 5877 3035 5945 linguam,
3083 5884 3135 5925 ut
3164 5888 3226 5926 ne
3266 5872 3442 5925 audiat
3493 5880 3655 5921 unus-
