4070 6444
477 446 589 503 2⁸19

474 566 680 637 quisque
702 575 868 616 uocem
897 555 1116 628 proximi
1139 569 1158 610 :
1186 563 1244 609 ut
1274 553 1411 608 sicut
1440 551 1632 621 lingua:
1663 548 1843 604 unitas
1865 553 2054 637 contu-

479 635 721 710 bernium
767 649 910 714 fecit,
939 649 1010 704 ita
1039 647 1233 715 lingua:
1269 641 1551 697 diversitas
1585 639 1877 709 dispergat.
1921 635 2051 690 Nam

476 742 671 809 quibus
702 754 810 794 non
827 747 910 794 est
932 737 1070 790 idem
1092 747 1271 787 sermo
1287 739 1342 785 et
1372 731 1570 799 lingua,
1602 725 1871 798 quomodo
1897 723 2052 778 simul

483 831 724 886 habitare
745 828 1002 900 possunt?
1017 827 1070 880 8-.
1095 825 1156 878 Et
1182 821 1414 891 dispersit
1437 819 1577 885 iflos,
1599 818 1787 888 inquit,
1811 814 2054 869 Dominus

478 919 617 976 Deus
638 921 700 973 ab
721 919 814 973 illo
843 919 952 972 loco
970 931 1120 984 super
1141 914 1321 983 faciem
1351 911 1598 964 universa:
1621 919 1789 972 terrm,
1818 915 1864 960 et
1887 919 2053 958 cessa-

480 1019 655 1064 verunt
679 1007 986 1075 sedi/icon!“
1014 1005 1266 1057 civitatein
1301 1011 1348 1054 et
1385 1000 1584 1052 turrim.
1615 997 1907 1052 Considera
1950 995 2056 1048 Do-

478 1101 608 1155 mini
640 1097 1082 1163 misericordiam,
1113 1095 1164 1149 in
1194 1103 1444 1164 quantam
1471 1090 1634 1145 animi
1665 1088 2053 1143 haesitationem

477 1191 624 1259 ipsos
663 1189 887 1257 impulit.
922 1186 1239 1242 Amentibus
1284 1185 1428 1238 enim
1469 1192 1654 1252 postea
1693 1179 1898 1234 similes
1944 1175 2058 1232 fue—

475 1292 621 1336 runt.
653 1281 722 1336 Et
748 1282 836 1336 ille
877 1280 1089 1350 quidem
1133 1277 1429 1346 imperabat
1456 1275 1577 1338 hoc,
1609 1283 1663 1327 et
1703 1273 1839 1326 alios
1863 1284 2056 1339 suppe-

475 1373 680 1428 ditabat
701 1372 842 1426 aliud
867 1388 882 1436 ;
907 1371 1214 1438 inutilisque
1235 1367 1333 1422 fuit
1361 1371 1537 1420 omnis
1564 1366 1774 1418 illorum
1798 1371 2052 1416 conatus:

477 1463 600 1518 ideo
631 1464 963 1518 Cessaverunt
1007 1461 1266 1528 tediﬁcare
1302 1459 1548 1512 ciuitatem
1574 1465 1622 1509 et
1659 1454 1859 1508 turrim.
1904 1451 1958 1507 9.
1989 1449 2056 1504 Et

476 1555 668 1608 idcirco
687 1564 917 1606 uocatum
962 1563 1034 1606 est
1066 1567 1246 1604 nomen
1282 1548 1441 1610 illius,
1482 1544 1726 1616 Confusio
1746 1584 1762 1609 ,
1788 1543 1906 1613 quia
1948 1541 2056 1594 illic

475 1646 707 1712 confudit
729 1643 981 1696 Dominus
1030 1641 1164 1693 Deus
1192 1638 1325 1693 labia
1358 1639 1522 1690 omnis
1545 1645 1695 1689 terra:
1716 1651 1734 1688 .'
1758 1643 1805 1688 et
1834 1634 1950 1688 hinc
1976 1631 2057 1684 dia-

476 1737 660 1804 spersit
701 1736 837 1803 ipsos
877 1733 1126 1787 Dominus
1165 1729 1302 1783 Deus
1335 1731 1389 1782 in
1428 1743 1624 1782 omnem
1669 1735 1877 1780 terram.
1925 1723 2058 1778 Vide

475 1838 670 1899 quanta
705 1828 852 1893 ﬁant,
883 1835 940 1880 ιιι
970 1822 1224 1879 memoria
1252 1821 1406 1891 hujus
1431 1820 1551 1875 facti
1584 1820 1634 1873 in
1663 1817 1840 1872 omnia
1861 1815 2056 1871 saecula

475 1912 747 1983 pervadat.
779 1911 1010 1964 Primum
1035 1910 1326 1976 linguarum
1350 1906 1410 1958 fit
1433 1905 1647 1970 divisio,
1673 1903 1781 1958 imo
1801 1910 1925 1955 ante
1954 1899 2082 1955 boc-

479 2005 710 2059 nominis
735 2002 1017 2073 appellatio
1040 2016 1062 2055 :
1085 1999 1279 2054 Phalec
1301 1998 1444 2053 enim
1473 2012 1689 2054 nomen.
1719 1995 1860 2065 quod
1882 1994 2060 2049 lleber

482 2096 594 2150 ﬁlio
623 2096 895 2164 imposuit,
921 2092 1264 2163 partitionem
1293 2090 1577 2160 significat.
1601 2087 1803 2143 Deinde
1834 2087 1936 2141 loci
1958 2101 2057 2153 ap-

477 2185 699 2254 pellatio
727 2181 1002 2253 :Confusio
1027 2183 1169 2236 cnim
1191 2189 1410 2234 vocatus
1437 2187 1541 2243 est,
1571 2177 1623 2231 id
1649 2177 1790 2246 quod
1818 2174 2056 2245 Babylon

475 2284 653 2344 sonat.
685 2275 1019 2330 Postremum
1054 2271 1229 2327 lleber
1270 2271 1382 2340 ipse
1429 2268 1624 2322 mansit
1660 2267 1799 2321 idem
1835 2279 2057 2321 servans

480 2364 698 2429 idioma,
723 2363 865 2434 quod
907 2371 960 2416 et
995 2371 1148 2416 antea
1197 2359 1460 2423 habebat,
1496 2365 1556 2411 ut
1597 2355 1936 2411 manifestum
1977 2355 2059 2410 di-

472 2454 699 2509 visionis
726 2454 885 2524 hujus
922 2453 1132 2523 signum
1160 2450 1302 2505 foret
1324 2450 1428 2519 (ιι).
1461 2450 1650 2504 Vidisti
1697 2464 1790 2518 per
1814 2456 1944 2518 quot
1970 2462 2059 2503 res

476 2545 835 2600 immortalem
866 2543 1114 2612 nullaque
1141 2540 1410 2596 oblivione
1434 2539 1718 2594 delendam
1745 2538 1906 2608 hujus
1930 2537 2058 2592 facti

476 2636 791 2691 memoriam
832 2629 1034 2690 servari
1084 2631 1346 2686 voluerit?
1389 2630 1522 2685 Hinc
1567 2630 1710 2685 enim
1755 2637 1907 2698 pater
1949 2626 2060 2682 ﬁlis

479 2735 664 2794 postea
691 2725 980 2797 cogebatur
1016 2723 1196 2779 dicere
1224 2737 1439 2778 causam
1486 2733 1590 2775 tam
1620 2720 1850 2775 diversa:
1888 2718 2056 2774 vocis.

481 2816 548 2870 Et
574 2831 712 2885 puer
731 2831 762 2869 a
794 2824 944 2885 patre
965 2812 1239 2883 quaerebat
1268 2827 1434 2881 quare
1468 2811 1547 2866 sic
1575 2810 1722 2864 locus
1760 2809 1850 2864 ille
1875 2809 2058 2878 appel-

475 2905 678 2960 laretur
703 2923 718 2960 :
747 2904 866 2960 ideo
889 2918 1117 2972 namque
1139 2902 1374 2972 Babylon
1401 2900 1577 2955 dictus
1598 2908 1682 2953 est
1703 2899 1890 2963 locus;
1915 2897 2058 2969 quod

471 3005 556 3052 est
575 2995 818 3052 confusio
832 3035 852 3060 ,
874 2995 1012 3064 quod
1035 2994 1141 3048 illic
1169 2993 1429 3048 Dominus
1446 2992 1586 3046 Deus
1600 2990 1900 3046 confuderit
1917 2990 2057 3045 labia

479 3088 743 3142 universae
769 3097 946 3153 teme,
975 3096 1028 3141 et
1058 3086 1125 3140 ab
1151 3085 1242 3138 illo
1273 3087 1391 3139 loco
1417 3084 1731 3153 disperserit
1757 3083 1894 3137 illos.
1922 3081 2054 3137 Nam

473 3188 762 3248 utrumque
790 3176 892 3232 loci
918 3175 1204 3245 appellatio
1231 3175 1359 3229 mihi
1389 3175 1693 3254 signiﬁcare
1725 3174 1970 3238 videtur,
2002 3181 2058 3228 et

475 3266 620 3338 quod
639 3267 843 3337 linguas
853 3265 1172 3332 confuderit,
1193 3265 1402 3334 etquod
1425 3264 1546 3319 inde
1558 3264 1823 3333 dispersio
1838 3271 1952 3317 orta
1965 3262 2054 3318 sit.

544 3360 597 3415 5.
627 3358 934 3419 Audivistis,
964 3358 1164 3423 dilecti,
1197 3357 1337 3411 unde
1368 3357 1493 3426 ipsis
1518 3355 1865 3424 dispersionis
1886 3356 2058 3410 varie-

475 3450 703 3518 tatisque
727 3448 1022 3518 linguarum
1042 3455 1158 3501 orta
1180 3447 1249 3500 sit
1274 3462 1450 3501 causa.
1474 3444 1782 3514 Fugiamus,
1804 3445 2055 3510 obsecro,

478 3553 547 3592 ne
576 3541 672 3591 bos
704 3537 1009 3591 imitemur:
1042 3546 1095 3589 et
1121 3535 1186 3589 iis
1201 3551 1318 3604 qua:
1341 3535 1494 3589 nobis
1522 3535 1660 3589 Deus
1688 3536 1953 3589 concessit
1992 3551 2060 3590 ne

476 3627 758 3682 abutamur
787 3644 803 3683 :
833 3643 895 3680 ac
926 3637 1167 3680 naturam
1210 3625 1498 3679 humanam
1525 3624 1951 3690 considerantes,
1993 3640 2057 3679 ea

477 3720 842 3774 consulte-mus
879 3734 997 3787 quae
1028 3719 1279 3772 mortales
1318 3716 1561 3772 homines
1587 3715 1812 3771 deceant
1841 3735 1855 3770 :
1884 3727 1939 3772 et
1967 3731 2058 3771 co.

473 3813 705 3882 gitantes
757 3811 1035 3880 pra‘sentis
1070 3811 1193 3864 vita:
1243 3809 1598 3879 fragilitatem,
1625 3824 1688 3863 ac
1713 3825 1868 3880 quam
1895 3810 2057 3864 breve

473 3896 542 3949 sit
575 3905 783 3963 tempus
818 3897 939 3948 vitae
964 3906 1179 3957 nosme,
1229 3896 1447 3948 multam
1496 3909 1593 3963 per
1619 3894 1881 3948 bonorum
1925 3909 2058 3963 ope-

476 4001 593 4040 rum
619 3986 929 4038 exercitium
957 3984 1204 4038 ﬁduciam
1231 3983 1617 4037 recondamus:
1658 3991 1714 4036 et
1755 3998 1860 4036 non
1886 3983 2055 4037 Solum

479 4091 575 4144 per
601 4076 700 4129 hos
729 4076 845 4129 dies
887 4090 1157 4129 servemus
1207 4075 1392 4143 jejunii
1441 4073 1728 4138 fervorem,
1759 4073 1852 4129 sed
1899 4073 2058 4128 etiam

477 4169 837 4237 clccmosynte
877 4167 1169 4237 largitatem
1209 4159 1263 4221 Et
1311 4182 1525 4235 precum
1554 4165 1939 4220 assiduitatem.
1965 4165 2057 4220 Et-

481 4260 620 4313 enim
646 4258 848 4328 jejunio
876 4274 1060 4326 preces
1086 4274 1298 4327 semper
1327 4258 1637 4328 conjunctas
1677 4272 1796 4312 esse
1825 4257 2066 4326 oportet.

478 4351 548 4404 Et
575 4353 714 4420 quod
746 4350 845 4404 hoc
883 4367 1064 4403 verum
1116 4351 1202 4416 sit,
1260 4351 1378 4405 audi
1418 4349 1690 4405 Christum
1744 4347 2054 4404 dicentem:

482 4441 593 4494 Hoc
620 4458 774 4512 genus
798 4441 1157 4495 dwntwiorum
1178 4459 1278 4494 non
1308 4442 1559 4512 egreditur
1585 4441 1683 4496 nisi
1702 4443 1754 4494 in
1775 4443 2063 4509 precatione

475 4544 522 4586 et
540 4533 737 4603 jejunio
759 4531 971 4603 (Matth.
1003 4533 1088 4587 l7.
1117 4532 1228 4602 20).
1254 4533 1319 4586 Et
1347 4535 1532 4587 iterum
1562 4534 1627 4587 de
1642 4534 1898 4602 apostolis
1923 4532 2058 4586 dici-

481 4632 569 4678 tur
600 4643 614 4677 :
645 4622 783 4675 Nunt
811 4638 926 4675 cum
948 4633 1193 4688 orassem,
1227 4624 1413 4692 inquit,
1446 4634 1492 4676 ct
1533 4626 1872 4695 jejunassent,
1919 4640 2058 4677 com-

485 4714 844 4767 mcndavcrunt
878 4727 964 4767 eos
1009 4709 1254 4776 Domino,
1300 4713 1350 4764 in
1376 4729 1522 4780 quem
1559 4715 1876 4769 crediderant
1921 4714 2058 4782 (Act.

489 4804 574 4856 14.
741 4803 816 4859 Ει
836 4804 1023 4856 iterum
1045 4801 1210 4870 inquit
1237 4802 1522 4871 Apostolus
1553 4820 1565 4856 :
1601 4803 1682 4857 Ne
1706 4803 1955 4870 fraudetis
1983 4803 2057 4855 in.

478 4897 651 4959 vicem,
684 4898 778 4950 nisi
802 4898 853 4948 in
872 4897 1154 4965 precatione
1173 4905 1220 4949 et
1239 4896 1432 4963 jejunio
1453 4897 1498 4966 (l
1513 4935 1528 4949 .
1549 4894 1669 4950 Cor.
1691 4895 1744 4949 7.
1767 4896 1844 4963 5).
1876 4893 2062 4948 Vidisti

483 4985 749 5056 quomodo
767 4986 1027 5055 jejunium
1060 4988 1158 5041 hoc
1176 4987 1413 5041 subsidio
1439 4987 1708 5057 indigeat?
1739 4986 1889 5041 Tunc
1918 4987 2062 5041 enim

485 5077 817 5147 [uilissimum
847 5091 1032 5145 preces
1065 5091 1186 5130 cum
1218 5077 1507 5132 attentione
1538 5077 1691 5144 fiunt,
1727 5090 1846 5131 cum
1899 5089 2066 5145 expc-

486 5167 752 5219 ditiorcst
799 5181 949 5220 meus
977 5176 1182 5232 nostra,
1227 5182 1398 5237 neque
1421 5178 1655 5236 gravata,
1697 5183 1870 5237 neque
1917 5167 2061 5220 malo

486 5258 796 5312 deliciarum
815 5272 978 5312 onere
1000 5273 1179 5328 pressa
1207 5259 1382 5314 fuerit.
1413 5258 1595 5329 Magna
1623 5275 1767 5313 arma
1785 5268 1909 5314 sunt
1939 5273 2064 5329 pre-

546 5453 621 5512 (α)
654 5452 706 5502 Id
730 5454 856 5516 quo“
881 5455 961 5521 llic.
981 5456 1049 5504 ³η
1068 5455 1453 5521 οδνῐειοδὲιοωιξδι
1489 5456 1734 5521 "(alterum
1758 5459 2074 5521 nempcrprir

478 5527 608 5584 scam
630 5515 850 5587 servasse
869 5515 1146 5587 dialectum,
1162 5515 1364 5587 qualem
1377 5519 1592 5587 Adamus
1607 5515 1912 5581 loquebatui,
1927 5515 2063 5576 illud,

478 5576 699 5639 inquam,
723 5575 906 5639 aliquot
927 5575 1288 5627 difficultatibus
1323 5581 1586 5628 obnoxium
1619 5575 1698 5629 est
1724 5594 1736 5629 :
1760 5594 1870 5630 nam
1903 5575 2066 5631 utrum

478 5588 699 5683 suum,
723 5588 906 5639 aliquot
927 5588 1288 5627 unucuttatmus
1323 5588 1586 5628 onnoxium
1619 5588 1698 5629 est
1724 5594 1736 5629 :
1760 5594 1870 5630 nam
1903 5589 2064 5631 utrum

478 5642 558 5710 tte
597 5705 609 5710 Δ
635 5709 641 5710 7
663 5639 862 5710 priscam
889 5638 1411 5710 linguamservaverit,
1436 5655 1529 5710 non
1556 5643 1620 5710 it_a
1644 5643 2064 5710 certum_cst_.t)is-

476 5705 684 5762 putat_ur_
699 5704 860 5762 autem
884 5699 989 5748 utra
1012 5699 1250 5749 dialectus
1270 5703 1554 5762 primigenia
1577 5703 1752 5761 fuerit,
1768 5704 2065 5753 tteliraicane

477 5756 537 5805 3;.
574 5756 850 5817 dmldaica;
886 5773 971 5828 pro
1003 5770 1208 5828 utraque
1240 5756 1466 5828 opinione
1499 5771 1628 5814 stant
1659 5756 1756 5816 noxi
1787 5765 2064 5828 spernenda

475 5828 783 5882 argumenta,
807 5833 918 5884 qua:
941 5821 1138 5885 longius
1155 5821 1288 5875 esset
1312 5823 1522 5877 referre.

1195 438 1254 495 S.
1292 432 1567 494 JOANNIS
1592 427 2066 491 CHRYSOSTOMI
2104 428 2998 492 ΔΠΕιΠΕΡηΕΟΝςΤΛΝΤΙΝΟΡ.

2161 559 2275 612 ccs,
2321 560 2507 615 magna
2550 547 2839 614 securitas,
2888 562 3110 618 magnus
3157 545 3474 618 thesaurus,
3525 567 3751 624 magnus

2163 646 2370 705 portus,
2393 637 2687 694 tutissimus
2715 638 2911 694 locus:
2952 639 3113 695 modo
3139 639 3302 697 sobrii
3333 651 3390 698 et
3413 642 3603 714 vigiles
3633 647 3743 701 Do-

2163 726 2364 780 minum
2394 725 2666 793 adeamus,
2711 737 2892 784 mente
2913 737 3094 784 nostra
3118 729 3348 801 undique
3372 733 3618 799 collecta,
3641 735 3747 790 ini-

2162 815 2409 886 micoque
2439 824 2634 872 nostra:
2661 817 2848 872 salutis
2895 819 3043 874 nullo
3092 820 3238 876 aditu
3282 823 3566 892 permisso.
3613 822 3748 880 Cum

2162 902 2296 956 sciat
2326 905 2468 959 enim
2495 905 2740 961 inimicus
2769 915 2970 972 noster,
2995 922 3094 963 nos
3122 924 3219 979 per
3247 919 3456 980 tempus
3483 913 3610 969 illud
3631 920 3751 984 pos-

2161 1008 2220 1048 se
2263 995 2332 1051 de
2360 997 2425 1051 iis
2449 1013 2565 1068 quae
2593 997 2660 1053 ad
2707 1007 2943 1054 nostram
2973 1001 3199 1056 salutem
3225 1004 3453 1060 attinent
3485 1005 3663 1076 loqui,
3694 1013 3758 1061 et

2162 1097 2376 1154 peccata
2396 1088 2658 1154 conﬁteri,
2683 1090 2968 1146 et'vulnera
2997 1091 3204 1148 medico
3229 1095 3536 1158 ostendere,
3577 1106 3633 1151 et
3658 1112 3744 1151 sa-

2162 1178 2382 1232 nitatem
2426 1179 2675 1248 consequi
2709 1197 2722 1232 :
2755 1180 2874 1236 ideo
2922 1183 3154 1238 maxime
3196 1193 3320 1238 tunc
3347 1186 3578 1248 obsiStit',
3633 1202 3753 1241 om-

2161 1267 2353 1337 niaque
2380 1268 2506 1322 facit
2533 1279 2591 1323 et
2619 1278 2831 1334 tractat,
2862 1279 2920 1324 ut
2961 1287 3058 1326 nos
3111 1275 3413 1341 supplantet
3435 1317 3449 1340 ,
3480 1275 3755 1345 negligen-

2163 1364 2346 1426 tesque
2365 1357 2571 1413 reddat.
2598 1357 2828 1413 Proinde
2854 1360 3150 1430 vigilemus,
3170 1362 3415 1429 obsecro,
3443 1373 3494 1419 et
3517 1365 3757 1420 scientes

2163 1449 2304 1505 illius
2337 1451 2576 1517 insidias,
2605 1452 2834 1507 maxime
2855 1463 3095 1523 tempore
3123 1455 3214 1509 illo
3233 1469 3452 1524 operam
3479 1457 3672 1512 demus
3695 1468 3755 1512 ut

2163 1539 2312 1608 quasi
2346 1549 2660 1609 przesentem
2688 1542 2849 1596 illum
2869 1554 2992 1598 ante
3020 1544 3205 1598 oculos
3233 1555 3461 1600 stantem
3510 1547 3759 1602 videntes

2163 1645 2550 1700 oppugnemus,
2582 1641 2635 1686 ct
2657 1634 3028 1702 cogitationem
3057 1649 3292 1697 omnem,
3317 1652 3434 1705 quae
3465 1652 3563 1689 nos
3585 1639 3762 1692 inter--

2165 1722 2378 1776 turbare
2405 1723 2590 1790 possit,
2621 1723 2938 1792 repellamus
2970 1743 2983 1779 :
3017 1727 3218 1793 totique
3242 1726 3474 1782 nitamur
3494 1729 3662 1782 Deum
3693 1737 3758 1783 ut

2164 1809 2317 1865 decet
2337 1811 2552 1881 alloqui,
2573 1823 2632 1867 ut
2661 1829 2766 1867 non
2790 1815 2964 1868 solum
2993 1815 3175 1880 verba,
3207 1816 3300 1870 sed
3321 1825 3542 1872 etmens
3569 1819 3757 1873 verbo-

2162 1918 2280 1957 rum
2309 1918 2491 1959 comes
2512 1905 2576 1959 ad
2610 1906 2776 1961 Deum
2801 1907 3076 1962 accedant.
3104 1908 3233 1962 Nam
3260 1909 3304 1963 si
3332 1909 3508 1980 lingua
3535 1911 3770 1980 quidem

2165 1992 2399 2062 proferat
2442 1993 2626 2059 verba,
2661 2011 2812 2051 mens
2841 2006 3017 2050 autem
3049 1997 3178 2051 foris
3205 2009 3476 2068 evagetur,
3507 2015 3628 2069 qua:
3653 2000 3758 2054 do-

2164 2084 2235 2136 mi
2266 2092 2388 2136 sunt
2413 2083 2644 2138 lustrans
2663 2126 2675 2147 ,
2703 2094 2757 2139 et
2788 2086 3082 2155 imaginaris
3119 2102 3240 2156 qua:
3280 2087 3330 2141 in
3361 2088 3479 2142 foro
3499 2099 3752 2158 aguntur,

2163 2175 2308 2229 nulla
2340 2176 2492 2229 nobis
2511 2176 2714 2230 utilitas
2737 2187 2839 2244 est,
2860 2178 3100 2232 fortassis
3127 2187 3303 2234 autem
3324 2189 3392 2234 et'
3423 2180 3598 2249 major
3623 2196 3772 2234 cono-
3804 2235 3808 2239 _

2160 2265 2449 2320 demnatio.
2506 2263 2795 2321 Enimvero
2837 2267 2883 2321 si
2937 2282 3057 2320 cum
3093 2268 3338 2322 homines
3368 2269 3610 2334 adimus,
3647 2279 3756 2323 tam

2161 2356 2399 2411 studiose
2423 2355 2473 2410 id
2491 2356 2717 2422 agimus,
2750 2365 2807 2410 ut
2826 2371 2990 2426 prope
3015 2365 3221 2412 stantes
3244 2372 3619 2428 smpenumero
3645 2375 3771 2414 non.

2163 2446 2459 2514 videamus,
2507 2446 2600 2502 sed
2630 2446 2932 2516 colligimus
2957 2456 3222 2516 mentem,
3254 2456 3309 2501 et
3331 2447 3399 2502 ad
3424 2463 3547 2502 eum
3579 2447 3758 2503 Sultltll

2162 2545 2465 2604 spectamus
2499 2535 2565 2588 ad
2609 2550 2766 2605 quem
2797 2535 3101 2591 accedimus
3135 2547 3372 2606 :quanto
3401 2536 3572 2606 magis
3613 2537 3779 2607 apudi

2163 2624 2331 2678 Deum
2364 2624 2502 2679 idem
2540 2625 2714 2680 facere
2743 2633 2992 2694 oportet,
3023 2635 3076 2680 et
3103 2625 3298 2696 jugiter
3329 2627 3578 2694 precibus
3623 2627 3757 2682 insi~

2160 2716 2342 2772 stere?
2363 2717 2587 2786 Propter
2604 2717 2708 2771 hoc
2730 2725 2786 2772 et
2814 2716 3007 2772 Paulus
3027 2717 3268 2772 scribens
3293 2715 3502 2772 dicebat
3534 2736 3547 2771 :
3578 2718 3754 2772 θωκ-

2161 2818 2233 2861 tes
2263 2808 2315 2861 in
2340 2808 2480 2862 omni
2509 2818 2760 2878 tempore,
2799 2816 2941 2862 orate
2975 2819 3022 2863 et
3051 2808 3102 2862 in
3132 2808 3314 2876 spiritu
3343 2806 3505 2878 (Eph.
3534 2809 3589 2864 ϐ.
3627 2810 3758 2880 l8)-:

2164 2914 2272 2953 non
2300 2899 2476 2968 lingua
2507 2909 2733 2966 tantum,
2759 2908 2958 2955 etcum
2984 2911 3261 2971 perpetua,
3295 2900 3489 2971 inquit,
3519 2903 3756 2974 vigilan-

2164 2989 2257 3056 tia,
2284 2990 2378 3045 sed
2407 2989 2472 3043 Et
2493 2991 2545 3043 in
2589 2991 2788 3060 spiritu.
2821 2991 3138 3059 Spirituales
3173 2992 3314 3048 enim
3339 3033 3355 3058 ,
3409 2993 3600 3064 inquit,
3650 2995 3760 3050 sint

2161 3089 2352 3135 vestrae
2383 3080 2686 3150 petitiones,
2717 3084 2906 3138 sobria-
2921 3083 2991 3138 sit
3045 3084 3205 3151 ratio,
3238 3093 3292 3140 et
3319 3085 3384 3140 iis
3413 3101 3534 3156 quae
3562 3087 3758 3142 dicun-

2161 3180 2250 3224 tur
2276 3185 2428 3226 mens
2455 3173 2714 3226 attendatt
2745 3171 2895 3227 'Falia
2926 3175 3108 3243 petite,
3131 3175 3308 3245 qualia
3337 3190 3371 3230 a
3419 3176 3529 3232 Deo
3569 3187 3758 3248 petere

2161 3262 2435 3328 convenit,
2485 3271 2542 3316 ιιι
2568 3272 2617 3317 et
2641 3264 2804 3332 petita
2832 3264 3115 3320 obtineatis
3147 3283 3162 3320 :
3192 3276 3247 3321 et
3283 3269 3338 3322 in
3379 3267 3510 3323 illud
3550 3268 3762 3324 incum-

2163 3353 2373 3418 bentes,
2402 3362 2457 3406 ct
2502 3353 2596 3407 toti
2631 3354 3007 3424 expergefacti,
3035 3355 3200 3411 sobrii
3246 3366 3300 3412 et
3327 3367 3506 3412 mente
3543 3360 3757 3429 vigiles,

2163 3461 2269 3500 non
2299 3446 2607 3512 oscitantes,
2637 3461 2735 3502 nec
2766 3461 2860 3502 vos
2891 3446 3170 3515 frieantes,
3204 3457 3259 3504 et
3286 3448 3411 3504 hinc
3449 3450 3574 3506 inde
3600 3467 3762 3506 men-

2165 3547 2272 3591 tem
2305 3546 2615 3592 vertentes:
2665 3537 2759 3592 sed
2786 3553 2906 3592 cum
2949 3539 3140 3594 timore
3168 3547 3223 3594 et
3252 3548 3486 3596 tremore
3525 3543 3759 3598 salutem

2163 3636 2396 3682 vestram
2428 3627 2740 3695 operemini.
2771 3625 2959 3681 Beatus
2987 3628 3151 3690 enim,
3180 3628 3371 3698 inquit,
3415 3630 3506 3698 qui
3551 3639 3762 3699 propter

2165 3719 2397 3787 pietatem
2423 3719 2597 3771 metuit
2625 3718 2794 3771 omnia
2827 3717 3008 3789 (Prov.
3036 3718 3127 3774 2&
3155 3719 3266 3790 Η).
3289 3720 3532 3790 Magnum
3555 3722 3761 3777 bonum

2164 3808 2421 3878 precatio.
2440 3807 2571 3860 Nam
2593 3807 2864 3862 si-homini
2892 3809 3011 3878 quis
3036 3809 3259 3879 loquens
3284 3811 3478 3866 virtute
3507 3813 3773 3881 plaudite,

2166 3913 2269 3952 non
2296 3913 2514 3967 parvum
2537 3898 2659 3954 inde
2689 3899 2914 3954 fructum
2941 3901 3162 3970 percipit
3186 3919 3203 3956 :
3225 3905 3439 3972 quantis
3470 3903 3626 3958 bonis
3645 3881 3760 3960 no;

2166 3991 2370 4045 fruetur
2420 3992 2487 4057 is,
2530 3993 2613 4045 cui
2654 4007 2773 4046 cum
2815 3994 2926 4047 Deo
2958 3994 3280 4063 colloquiqu
3332 3995 3529 4050 fuerit?
3571 3997 3772 4053 Oratio-

2167 4084 2309 4136 enim
2335 4083 2655 4154 colloquium
2679 4094 2760 4138 est
2804 4100 2924 4138 cum
2967 4085 3094 4140 Deo.
3128 4086 3279 4153 Quod
3324 4095 3380 4141 ut
3421 4089 3581 4155 scias,
3632 4092 3758 4146 audi

2169 4178 2481 4246 prophetam
2535 4177 2798 4231 dicentem
2830 4195 2843 4230 :
2873 4176 3169 4231 Iucundum
3223 4179 3288 4232 sit
3348 4163 3456 4234 Deo
3500 4182 3758 4251 eloquium

2169 4286 2330 4322 meum
2359 4269 2528 4340 (Psal.
2556 4270 2677 4324 105.
2702 4270 2792 4336 55)
2825 4287 2837 4321 :
2865 4269 2969 4323 hoc
2989 4278 3089 4333 est,
3115 4285 3295 4325 sermo
3323 4271 3768 4342 meusjncnndus

2166 4369 2418 4429 appareat
2452 4360 2578 4413 Deo.
2605 4360 2793 4412 Annon
2818 4359 2958 4412 enim
2978 4369 3230 4428 prmstare
3254 4371 3424 4429 potest
3447 4363 3755 4433 priusquam

2169 4450 2451 4517 petamus?
2479 4448 2673 4502 Verum
2713 4457 2928 4517 preptcr
2955 4447 3056 4503 hoc
3075 4447 3258 4504 differt
3274 4459 3335 4505 ct'
3353 4464 3650 4520 exspectat.
3704 4464 3759 4508 ιιι

2166 4540 2502 4594 occasionem
2549 4540 2795 4608 accipiat,
2825 4554 2927 4608 qua
2954 4541 3096 4607 juste
3141 4554 3240 4595 nos
3289 4555 3383 4595 sua
3423 4542 3758 4611 providentia

2166 4628 2355 4697 dignos
2377 4627 2552 4681 faciat.
2575 4628 2698 4683 Sive
2714 4639 2893 4682 autem
2919 4643 3311 4699 consequamur
3336 4632 3476 4700 quod
3504 4636 3753 4702 petimus,

2166 4720 2280 4773 sive
2309 4735 2413 4773 non
2443 4733 2855 4789 consequamur,
2883 4734 3287 4789 perseveremus
3312 4737 3525 4792 semper
3550 4725 3603 4778 in
3634 4743 3764 4780 ora-

2170 4812 2312 4865 tione
2342 4827 2355 4864 :
2391 4821 2446 4866 et
2471 4827 2576 4865 non
2603 4812 2774 4866 solum
2801 4814 2998 4881 gratias
3024 4827 3243 4883 agamus
3271 4815 3314 4867 si
3341 4830 3756 4886 consequamur,

2167 4904 2260 4958 sed
2285 4903 2491 4959 etiamsi
2516 4904 2780 4974 repulsam
2809 4904 2952 4973 passi
2985 4902 3264 4959 ﬁnxerimus.
3295 4905 3429 4960 Nam
3466 4907 3759 4979 denegare,

2167 5009 2287 5048 cum
2316 4995 2452 5050 Deus
2479 4995 2610 5060 vult,
2651 5011 2766 5051 non
2789 4995 2964 5050 minus
2993 5004 3078 5049 est
3105 5011 3262 5064 quam
3291 4997 3335 5050 si
3378 5001 3772 5055 concessisset.

2169 5084 2444 5140 Nescimus
2471 5087 2612 5141 enim
2643 5100 2744 5140 nos
2769 5101 2887 5155 qua:
2932 5085 3084 5140 nobis
3111 5087 3431 5152 cenducant,
3453 5090 3604 5166 sicut
3647 5091 3762 5162 ipse

2170 5179 2334 5232 novit.
2364 5177 2545 5247 Itaque
2572 5177 2684 5232 sive
2711 5179 2818 5232 voti
2846 5189 3149 5247 compotes,
3174 5193 3287 5233 snve
3312 5180 3547 5248 imputes
3569 5183 3764 5250 simus,

2170 5269 2365 5338 gratias
2389 5282 2548 5338 agere
2566 5267 2848 5323 debemus.
2871 5267 2938 5322 Et
2963 5269 3088 5337 quid
3120 5269 3353 5336 miraris,
3383 5272 3426 5326 si
3458 5288 3564 5327 nos
3589 5276 3763 5330 nesei-

2173 5374 2291 5414 tnus
2313 5360 2438 5430 quid
2467 5360 2620 5414 nobis
2657 5359 2859 5431 prosit?
2898 5359 3093 5413 Paulus
3118 5401 3132 5425 ,
3181 5361 3300 5414 talis
3335 5371 3388 5414 et
3439 5371 3619 5418 tantus
3659 5366 3762 5433 vir.

2172 5465 2362 5506 arcana
2397 5451 2582 5507 audire
2623 5450 2817 5522 dignus
2851 5451 3083 5515 habitus,
3134 5451 3410 5520 igllttrdbal
3433 5466 3493 5506 se
3532 5469 3601 5507 ea
3639 5471 3763 5524 quia

2173 5559 2277 5598 non
2317 5544 2678 5613 expediebant
2730 5545 2956 5613 precari.
3005 5543 3134 5597 Nam
3165 5545 3286 5612 quia
3333 5544 3549 5600 videbat
3579 5560 3640 5600 se
3688 5557 3762 5602 tut

2171 5633 2434 5689 molestiis
2475 5634 2639 5705 cingi,
2674 5649 2741 5690 ac
2765 5634 3082 5691 circumdari
3110 5635 3314 5689 crebris
3354 5635 3763 5706 tentationibus,

2171 5723 2360 5778 orabat
2384 5732 2440 5778 ut
2468 5723 2537 5788 ab
2562 5725 2638 5779 eis
2660 5725 3008 5789 liberaretur,
3052 5725 3209 5794 idque
3238 5741 3341 5778 non
3390 5727 3556 5780 semel
3588 5743 3762 5798 neque

2178 5817 2394 5885 iterum,
2450 5816 2544 5871 sed
2572 5826 2626 5872 et
2665 5817 2880 5888 sepius.
2911 5814 3009 5881 Ter
3037 5817 3205 5886 attint,
3253 5816 3444 5888 inquit,
3490 5815 3762 5872 Dominum
