4070 6388
319 364 415 419 28!

320 478 462 540 λεσε,
501 475 596 530 καὶ
617 476 716 530 οὐκ
746 472 1028 546 ἐπέτυχεν.
1062 473 1288 543 Ἵδωμεν
1311 467 1404 526 οῦν
1436 469 1552 534 πῶς
1573 467 1802 536 διετέθη.
1828 459 1976 536 ’Ᾱρα

320 565 397 635 μὴ
420 564 773 634 ἐδυσχέρανεν
791 570 843 627 ⁶;
862 559 989 632 ἆρα
1016 561 1373 632 ὀκνηρότερος
1397 559 1651 626 -γέγονεν;
1688 551 1796 624 ἆρα
1819 553 1971 622 ἐνάρ·

316 667 515 719 κησεν;
566 651 718 721 Οὐχί.
757 649 915 704 Ἀλλά
968 649 1020 702 τί
1074 663 1272 718 φησιν;
1329 642 1516 708 Εἷπεν,
1556 642 1738 710 Ἀρκεῖ
1784 656 1880 694 σοι
1938 641 1977 706 ἠ

317 739 489 806 χάρις
519 755 659 807 μου.
689 735 751 794 Ἢ
789 737 897 807 γὰρ
924 734 1152 804 δύναμίς
1179 752 1279 804 μου
1310 734 1367 785 ἐν
1388 729 1638 800 ἀσθενείᾳ
1659 725 1977 780 τελειοῦται.

317 827 393 878 Οὐ
424 827 582 894 μόνον
610 824 707 877 οὐκ
754 822 1124 893 ἠλευθέρωσεν
1170 821 1331 875 αὐτὸν
1357 817 1465 871 τῶν
1494 815 1854 884 ἐπικειμένων
1891 812 1981 865 λυ-

320 908 532 982 πηρῶν,
582 909 715 964 ἀλλά
749 910 843 963 καὶ
883 909 1237 978 ἐναπομένειν
1263 905 1421 960 αὐτὸν
1450 903 1618 958 είασε.
1663 901 1803 956 Ναί·
1846 897 1980 954 ἀλλά

320 999 480 1052 πόθεν
503 993 657 1067 δῆλον
678 993 759 1050 δτι
792 995 892 1049 οὐκ
917 994 1307 1065 ἐδυσχέρανεν;
1344 994 1540 1044 Ἀκουε
1569 987 1781 1045 Παύλου
1803 987 1981 1054 λέγον⁹

314 1103 423 1149 τος,
457 1081 641 1155 ἐπειδὴ
676 1082 846 1154 ἔμαθε
879 1083 950 1137 τὰ
990 1079 1245 1136 δοκοῦντα
1289 1078 1366 1150 τῷ
1413 1079 1690 1148 Δεσπότη·
1733 1075 1980 1131 Ἥδιστα

313 1167 430 1226 οὖν
451 1171 832 1240 καυχήσομαι
852 1171 922 1224 ἐν
945 1169 1075 1235 ταῖς
1126 1169 1464 1233 ἀσθενείαις
1512 1183 1652 1234 μου.
1679 1163 1754 1217 Οὐ
1799 1161 1979 1233 μόνον,

313 1258 470 1328 φησὶ,
493 1257 676 1312 λοιπὸν
708 1256 1088 1328 ἀπαλλαγῆναι
1119 1255 1219 1309 οὐκ
1245 1253 1508 1324 ἐπιζητῶ,
1539 1250 1676 1306 ἀλλά
1711 1251 1806 1304 καὶ
1843 1247 1978 1319 μετά

313 1344 558 1407 πλείονος
595 1344 694 1415 τῆς
721 1342 914 1414 ἡδονῆς
943 1343 1290 1412 καυχήσομαι
1321 1341 1412 1393 ἐπὶ
1451 1339 1678 1401 τούτοις.
1712 1333 1863 1399 Εἶδες
1891 1335 1979 1388 εὖο

312 1429 562 1500 γνώμονα
589 1430 802 1501 ψυχήν;
846 1427 983 1494 εἶδες
1016 1430 1178 1484 πόθον
1200 1429 1294 1482 τὸν
1314 1429 1441 1498 περί
1467 1427 1556 1479 τὸν
1583 1424 1744 1489 Θεόν;
1774 1426 1976 1476 ’Λκου-

315 1534 406 1570 σον
446 1517 610 1570 αὑτοῦ
661 1517 942 1585 λέγοντος·
989 1517 1059 1570 Τὸ
1109 1515 1219 1584 γὰρ
1251 1516 1308 1568 τί
1344 1513 1792 1583 προσευξόμεθα
1831 1511 1976 1565 καθὸ

312 1604 424 1666 δεῖ,
463 1607 575 1657 οὐκ
615 1604 875 1674 οῑδαμεν.
909 1602 1028 1673 Οὐχ
1049 1599 1158 1657 οἷόν
1187 1620 1267 1664 τε,
1289 1602 1471 1672 φησὶν,
1489 1599 1807 1670 ἀνθρώπους
1828 1598 1976 1668 ἡμᾶς

311 1692 472 1754 δντας
496 1691 692 1744 εἰδέναι
723 1692 913 1762 ,πάντα
944 1690 1206 1760 ἀκριϐῶς.
1250 1691 1340 1741 Δεῖ
1381 1685 1475 1742 οὖν
1516 1689 1866 1758 παραχωρεῖν
1895 1685 1974 1756 τῷ

311 1775 623 1846 δημιουργῷ
665 1774 761 1844 τῆς
791 1775 1062 1848 ἡμετέρας
1097 1775 1332 1844 φύσεως,
1365 1775 1592 1826 κάκεῖνα
1626 1772 1762 1841 μετά
1802 1774 1977 1842 χαρᾶς

310 1862 558 1931 δέχεσθαι
591 1863 681 1914 καὶ
708 1860 907 1929 πολλῆς
939 1862 1037 1930 τῆς
1068 1862 1284 1930 ἡδονῆς,
1309 1860 1452 1930 άπερ
1475 1859 1636 1921 αὐτὸς
1669 1859 1976 1928 δοκιμάσει,

313 1951 405 2000 καὶ
441 1949 514 2019 μὴ
555 1947 690 2018 πρὸς
724 1949 822 2018 τὴν
865 1947 986 2016 δψιν
1024 1947 1133 2000 τῶν
1163 1947 1461 2016 γινομένων
1503 1947 1653 2016 ὁρᾷν,
1681 1944 1817 1998 ἀλλά
1844 1944 1978 2014 πρὸς

312 2037 379 2086 τὰ
417 2034 672 2088 δοκοῦντα
714 2033 792 2103 τῷ
843 2034 1107 2103 Δεσπότῃ.
1154 2033 1214 2084 '0
1257 2031 1364 2102 γὰρ
1402 2030 1555 2093 είδὼς
1602 2031 1662 2083 τὸ
1699 2030 1977 2098 συμφέρον

317 2119 518 2188 μᾶλλον
561 2120 740 2190 ἡμῶν,
785 2119 944 2182 αὐτὸς
981 2115 1088 2170 οἶδε
1129 2119 1220 2170 καὶ
1260 2118 1410 2181 ὅπως
1448 2117 1530 2168 δεῖ
1573 2116 1671 2186 τὴν
1706 2116 1978 2185 σωτηρίαν

314 2207 413 2275 τὴν
445 2206 719 2276 ἡμετέραν
756 2205 1094 2275 μεθοδεῦσαι.

384 2299 456 2356 ς’.
473 2292 660 2362 Ἥμῶν
682 2292 860 2344 τοίνυν
877 2291 933 2343 ἓν
954 2292 1111 2362 ἔργον
1136 2291 1296 2354 ἔστω,
1317 2290 1376 2342 τὸ
1390 2290 1652 2358 διηνεκῶς
1673 2292 1789 2353 ταῖς
1808 2305 1977 2360 προσ-

313 2381 498 2448 ευχαῖς
575 2382 1032 2449 προσκαρτερεῖν,
1081 2379 1175 2431 καὶ
1230 2378 1305 2448 μὴ
1364 2378 1651 2447 ἀσχάλλειν
1695 2379 1831 2448 πρὸς
1878 2382 1976 2449 τὴν

314 2465 640 2534 βραδυτῆτα,
681 2465 817 2518 ἀλλά
867 2463 1065 2535 πολλὴν
1109 2466 1207 2536 τὴν
1248 2464 1628 2536 μακροθυμίαν
1678 2465 1980 2517 ἐπιδείκνυ-

316 2552 458 2604 σθαι.
487 2551 620 2604 Οὐδὲ
645 2551 753 2622 γὰρ
775 2551 1049 2604 ἀνανεύων
1070 2551 1225 2621 ἡμῶν
1257 2551 1394 2621 πρὸς
1419 2551 1516 2612 τὰς
1542 2551 1790 2618 αἰτήσεις
1819 2551 1981 2618 ὑπερ-

309 2637 542 2701 τίθεται,
573 2637 708 2691 am
761 2638 1112 2706 σοφιζόμενος
1141 2637 1300 2706 ἡμῶν
1347 2637 1446 2705 τὴν
1487 2635 1837 2706 προσεδρίαν,
1884 2635 1980 2690 καὶ

317 2723 636 2793 βουλόμενος
682 2727 831 2794 ἡμᾶς
890 2723 1153 2792 διηνεκῶς
1203 2723 1340 2792 πρὸς
1386 2723 1575 2776 ἐαυτὸν
1627 2721 1974 2790 ἐφέλκεσθαι.

325 2808 475 2863 Ἐπεὶ
504 2811 596 2864 καὶ
622 2810 801 2880 πατὴρ
825 2809 1174 2880 φιλόστοργος
1200 2809 1518 2880 αἰτούμενος
1547 2809 1806 2872 πολλάκις
1830 2811 1980 2881 παρὰ

314 2896 408 2949 τοῦ
441 2897 629 2959 παιδὸς
656 2897 754 2948 οὐκ
807 2895 1069 2959 ἐπινεύει,
1098 2897 1219 2966 οὐχὶ
1266 2895 1340 2965 μὴ
1398 2895 1720 2965 βουλόμενος
1771 2897 1978 2961 δοῦναι,

314 2984 452 3036 ἀλλά
471 2983 564 3036 τοῦ
587 2983 772 3044 παιδὸς
798 2982 894 3053 τὴν
918 2982 1241 3053 προσεδρίαν
1263 2981 1351 3033 διὰ
1371 2981 1558 3033 τούτου
1581 2982 1976 3054 ἐπισπώμενος.

316 3069 501 3122 Ταῦτα
529 3069 585 3121 δέ
605 3069 964 3136 γινώσκοντες
996 3068 1043 3135 ιι,
1075 3068 1343 3140 μηδέποτε
1371 3068 1821 3139 ἀπαγορεύωμεν,
1845 3070 1980 3140 μηδέ

317 3156 684 3227 διαλείπωμεν
712 3158 1048 3226 προσιόντες,
1085 3155 1179 3208 καὶ
1214 3155 1311 3217 τὰς
1336 3155 1613 3226 ἱκετηρίας
1643 3155 1978 3226 ποιούμενοι.

318 3243 381 3295 Εἰ
408 3243 518 3313 γὰρ
557 3243 648 3295 τὸν
671 3243 821 3312 ώμὺν
844 3243 1050 3294 ἐκεῖνον
1077 3242 1169 3294 καὶ
1205 3239 1390 3309 ἀπηνῆ
1414 3240 1693 3310 δικαστὴν,
1725 3244 1818 3294 καί.
1845 3244 1980 3312 μήτε

315 3331 408 3385 τὸν
423 3329 555 3382 θεὸν
585 3327 935 3399 φοϐούμενον,
977 3330 1010 3397 ἡ
1051 3327 1346 3398 προσεδρία
1369 3327 1468 3397 τῆς
1497 3328 1754 3394 γυναικὸς
1775 3326 1985 3392 ἐξεϐιά·

318 3436 470 3483 cum,
504 3421 599 3472 καὶ
625 3417 777 3490 [505]
815 3416 1172 3480 ἐξεκαλέσατο
1201 3417 1279 3477 είς
1313 3415 1410 3480 τὴν
1440 3416 1637 3485 ἐαυτῆς
1662 3415 1946 3485 ἀντίληψιν
1965 3432 1979 3448 ο

319 3505 469 3574 πόσῳ
496 3501 694 3574 μᾶλλον
722 3505 900 3573 ἡμεῖς,
924 3503 971 3554 εἰ
997 3501 1387 3571 βουληθείημεν
1403 3501 1617 3570 ἐκείνην
1643 3502 1982 3573 μιμήσασθαι

316 3592 417 3658 τὴν
447 3591 702 3656 γυναῖκα,
734 3588 825 3639 τὸν
857 3588 890 3656 ἡ
900 3602 1064 3656 μερον
1086 3586 1182 3638 καὶ⁵
1204 3584 1584 3655 φιλάνθρωπον
1609 3585 1768 3655 ἡμῶν
1786 3587 1986 3638 Δεσπό-

315 3692 438 3743 την,
460 3675 550 3728 τὸν
578 3670 962 3740 εὖσπλαγχνον,
985 3673 1080 3725 καὶ
1102 3671 1452 3741 ἐπιτρέχοντα
1473 3671 1628 3741 ἡμῶν
1652 3671 1718 3742 τῇ
1745 3673 1986 3744 σωτηρίᾳ

317 3759 723 3831 ἐκκαλεσόμεθα
770 3765 904 3828 πρὸς
935 3758 1033 3828 τὴν
1073 3758 1278 3811 οἰκείαν
1319 3757 1634 3828 ἀντίληψιν;
1675 3758 1984 3811 Παιδεύσω-

322 3865 422 3917 μεν
458 3847 634 3899 τοίνυν
661 3845 885 3904 ἑαυτοὺς
913 3843 1372 3905 δυσαποσπάστως
1399 3842 1560 3913 ἔχειν,
1601 3843 1695 3896 καὶ
1722 3844 1985 3913 διηνεκῶς

317 3945 438 4002 ταῖς
458 3941 782 4010 προσευχαῖς
808 3935 1206 4008 προσηλῶσθαι,
1229 3937 1322 3989 καὶ
1343 3939 1399 3988 ἐν
1424 3938 1604 4006 ἡμέρᾳ
1620 3938 1711 3989 καὶ
1736 3940 1792 3989 ἐν
1811 3939 1982 4005 νυκτὶ,

325 4029 416 4080 καὶ
450 4026 647 4095 μᾶλλον
700 4027 756 4076 ἐν
789 4023 960 4082 νυκτὶ,
998 4023 1086 4075 ὅτε
1120 4022 1294 4085 οὐδεὶς
1322 4023 1350 4073 6
1391 4021 1645 4091 ἐνοχλῶν,
1689 4022 1774 4073 ὅτε
1819 4023 1986 4092 πολλὴ

317 4114 428 4169 τῶν
456 4111 728 4182 λογισμῶν
756 4113 788 4180 ἡ
819 4109 1044 4178 γαλήνη.
1078 4109 1164 4161 ὅτε
1189 4108 1354 4176 πολλὴ
1388 4108 1420 4177 ἡ
1455 4109 1672 4178 ἡσυχία,
1700 4109 1793 4160 καί
1817 4126 1986 4179 ταρα-

317 4201 419 4268 χῆς
449 4197 606 4260 ἐκτὸς
642 4196 703 4250 τδ
725 4197 1009 4266 δωμάτιον,
1048 4194 1256 4257 οὐδενὸς
1277 4193 1428 4256 δντος
1456 4193 1548 4246 τοῦ
1579 4194 1872 4262 ἐκκροῦσαι
1900 4195 1989 4247 δυ⁴

321 4283 576 4354 ναμένου,
610 4285 704 4336 καὶ
731 4282 1037 4351 ἀποστῆσαι
1056 4282 1153 4351 τῆς
1186 4280 1468 4350 προσόδου,
1496 4280 1583 4333 δτε
1616 4282 1924 4352 συνηρμένη
1960 4293 1982 4320 ο

318 4371 660 4440 τυγχάνουσα
697 4373 730 4439 ἡ
760 4369 963 4424 διάνοια
987 4370 1161 4424 πάντα
1205 4369 1337 4441 μετὰ
1369 4368 1653 4441 ἀκριϐείας
1692 4369 1985 4424 ἀναθέσθαι

318 4456 540 4510 δύναται
572 4458 648 4527 τῷ
672 4457 780 4510 τῶν
803 4457 987 4527 ψυχῶν
1015 4457 1200 4528 ἰατρῷ.
1227 4459 1289 4510 Εἰ
1318 4459 1425 4527 γάρ
1448 4459 1476 4510 6
1506 4457 1776 4527 μακάριος
1801 4457 1982 4524 Δαυῒδ,

319 4545 348 4596 6
378 4544 625 4610 βασιλεὺς
658 4543 793 4613 ὁμοῦ
823 4545 915 4596 καὶ
948 4545 1255 4614 προφήτης,
1288 4543 1392 4596 ὑπὸ
1432 4544 1699 4596 τοσούτων
1727 4544 1986 4613 ὀχλούμε-

320 4648 409 4692 νος
433 4630 788 4701 πραγμάτων,
814 4631 906 4682 καὶ
933 4630 1220 4701 ἁλουργίδα
1243 4629 1335 4681 καὶ
1355 4629 1586 4698 διάδημα
1609 4630 1987 4697 περικείμενος

321 4717 473 4784 ἔλεγε
496 4735 508 4747 ·
528 4718 934 4770 Μεσονύκτιον
949 4716 1337 4783 ἐξηγειρόμην
1367 4715 1473 4769 τοῦ
1503 4715 1988 4784 ἐξομολογεῖσθαι

321 4817 421 4854 σοι
440 4802 536 4853 ἐπὶ
554 4803 624 4855 τὰ
646 4804 896 4869 κρίματα
925 4801 1031 4868 τῆς
1060 4801 1448 4866 δικαιοσύνης
1479 4816 1618 4855 σουο
1651 4802 1706 4854 τί
1733 4803 1798 4855 ἂν
1820 4803 1988 4855 εῐποι-

327 4905 426 4956 μεν
453 4887 635 4956 ἡμεῖς,
659 4889 708 4937 οἰ
747 4889 836 4939 τὸν
869 4887 1134 4940 ἰδιωτικὸν
1166 4887 1260 4939 καὶ
1289 4887 1616 4956 ἀπράγμονα
1640 4887 1752 4956 βίον
1781 4891 1988 4958 μετιόν-

322 4990 435 5034 τες,
464 4973 556 5024 καί
594 4973 725 5043 μηδὲ
754 4971 821 5023 τὰ
868 4972 1003 5024 αὑτά
1047 4972 1237 5040 ἐκείνῳ
1270 4972 1584 5038 ποιοῦντες;
1631 4974 1844 5043 Ἐπειδὴ
1880 4976 1987 5045 γάρ

323 5061 382 5111 ἐν
415 5059 596 5129 ἡμέρᾳ
633 5058 800 5110 πολλὰ
841 5052 982 5127 εἶχεν
1011 5058 1171 5110 αὑτὸν
1198 5057 1265 5111 τὰ
1301 5060 1670 5128 περισπῶντα,
1695 5062 1787 5114 καί
1822 5062 1987 5125 πολὺς

321 5143 389 5217 ἦν
419 5151 446 5199 6
476 5148 584 5199 τῶν
628 5145 964 5216 πραγμάτων
1003 5144 1175 5213 δχλος,
1223 5145 1317 5198 καὶ
1349 5145 1515 5214 πολλὴ
1551 5149 1583 5215 ἡ
1630 5146 1860 5217 ταραχὴ,
1892 5149 1987 5201 καὶ

324 5234 638 5304 καιρδνηούχ
669 5233 926 5301 ηῦρισκεν
966 5231 1263 5300 ἐπιτήδειον
1296 5232 1469 5302 ἐαυτῷ
1499 5233 1631 5302 πρὸς
1668 5235 1766 5303 τὴν
1800 5235 1984 5288 τοιαύ-

322 5336 420 5386 την
454 5319 729 5386 πρόσοδον,
761 5317 852 5367 τὸν
879 5315 975 5384 τῆς
1021 5314 1253 5377 ἀνέσεως
1281 5316 1488 5386 καιρὸν,
1521 5317 1578 5368 δν
1609 5318 1783 5389 ἐτεροι
1815 5319 1983 5374 ὕπνου

323 5403 601 5456 ποιοῦνται
641 5403 826 5472 καιρὸν
865 5403 956 5454 ἐπὶ
986 5402 1094 5454 τῶν
1125 5401 1343 5454 ἁπαλῶν
1374 5403 1708 5473 στρωμάτων
1755 5422 1984 5459 κατακε-

321 5491 588 5558 κλιμένοι,
624 5490 716 5541 καί
737 5483 837 5541 ὧδε
873 5489 1093 5540 κάκεῖσε
1120 5489 1622 5558 περιστρεφόμενοι,
1648 5493 1675 5542 6
1710 5490 1982 5560 βασιλεὺς,

323 5579 352 5628 6
403 5575 666 5643 τοσαύτην
704 5573 1121 5643 ἀναδεδεγμένος
1172 5573 1443 5640 φροντίδα,
1487 5577 1745 5644 προσόδου
1797 5579 1982 5648 καιρὸν

324 5663 576 5723 ἐποιεῖτο,
613 5661 730 5712 κατ’
773 5660 904 5711 ἰδίαν
947 5659 1020 5729 τῷ
1047 5659 1164 5728 Θεῷ
1191 5659 1585 5725 διαλεγόμενος,
1626 5663 1718 5715 καὶ
1764 5665 1983 5736 εἰλικρι-

389 5810 414 5837 ⁸
436 5809 635 5864 Quidam
659 5820 770 5854 mss.
799 5806 890 5867 ἆρα
918 5806 1235 5866 ἐδυσχέρανεν.

391 5867 419 5904 ι’
438 5869 557 5918 Tres
579 5883 692 5918 mss.
715 5865 1127 5924 ἀναγινώσκοντες.
1194 5871 1215 5898 ο
1241 5865 1336 5917 Alii
1365 5867 1633 5930 συνηγμένη

1089 358 1146 414 S.
1181 353 1464 412 JUANNIS
1498 341 1988 410 οιιιιγεοετοιιι
2023 341 2343 405 ARCIIIEP.
2375 341 2919 405 CONSTANTINOP.

3650 340 3758 401 28!

2083 465 2193 526 νεῖς
2215 463 2308 516 καὶ
2326 462 2726 530 συντεταμένας
2750 461 2847 526 τὰς
2869 460 3034 532 εὐχὰς
3061 460 3402 529 ποιούμενος,
3427 455 3592 528 ἡνυεν
3611 459 3762 530 imp

2083 546 2269 617 ἡθελε·
2305 549 2400 601 καὶ
2444 547 2534 601 διὰ
2561 546 2669 600 τῶν
2701 544 3016 615 προσευχῶν
3060 543 3264 596 τούτων
3303 544 3430 606 τοὺς
3488 542 3757 611 πολέμους

2083 628 2390 700 κατώρθου,
2421 626 2680 699 τρόπαιον
2711 625 3007 688 ἰστάς,.καὶ
3038 627 3194 690 νίκας
3226 627 3405 686 νίκαις
3447 624 3753 678 συνάπτων.

2083 709 2210 782 Εἶχε
2224 713 2295 780 γά
2303 731 2334 784 ρ
2348 713 2508 765 ὅπλον
2525 710 2842 781 ἀχείρωτον,
2856 710 2955 778 τὴν
2973 709 3177 762 ἀνωθεν
3190 706 3526 778 συμμαχίαν,
3545 706 3605 758 οὐ
3619 703 3759 774 πρὸς

2079 795 2207 856 τοὺς
2241 794 2390 865 παρά
2419 793 2526 848 τῶν
2553 791 2855 862 ἀνθρώπιον
2886 790 3156 861 πολέμους
3188 791 3416 862 ἀρκέσαι
3447 787 3758 857 δυναμένην

2087 877 2266 948 μόνον,
2298 876 2434 929 ἀλλά
2465 873 2716 944 καὶπρὸς
2749 872 2845 936 τὰς
2868 872 2975 925 τῶν
2995 873 3261 941 δαιμόνων
3287 873 3594 941 φάλαγγας.
3629 865 3762 921 Τοῦ-

2083 970 2173 1012 τον
2197 959 2379 1011 τοίνυν
2409 957 2498 1010 καὶ
2526 959 2686 1028 ἡμεῖς
2719 955 3107 1028 μιμησώμεθα,
3150 957 3199 1007 οἰ
3235 955 3440 1008 ἰδιῶται
3472 954 3563 1007 τὸν
3606 952 3762 1022 βασις

2082 1037 2200 1102 λέα,
2230 1038 2319 1092 τὸν
2351 1039 2679 1108 ἀπράγμονα
2710 1040 2802 1091 καὶ
2835 1036 3056 1108 ἡσύχιον
3092 1037 3204 1107 βίον
3249 1037 3544 1106 μετιόντες,
3581 1037 3675 1089 τὸν
3698 1032 3762 1092 ’ἐν

2083 1120 2360 1191 ἁλουργίδι
2392 1120 2484 1173 καὶ
2512 1120 2822 1189 διαδήματι,
2854 1121 2945 1173 τὸν
2977 1119 3082 1173 τῶν
3119 1118 3366 1188 μοναχῶν
3407 1115 3518 1185 βίον
3547 1113 3759 1189 ὑπερα-

2082 1203 2421 1256 κοντίσαντα.
2459 1202 2654 1253 Ἄκουε
2683 1199 2792 1269 γὰρ
2817 1201 2978 1254 πάλιν
3016 1198 3178 1254 αὑτοῦ
3203 1196 3434 1269 ἀλλαχοῦ
3472 1198 3754 1266 λέγοντος·

2097 1285 2383 1353 Ἐγεννήθη
2439 1282 2511 1336 τὰ
2556 1277 2787 1349 δάκρυά
2831 1299 2951 1351 μου
2993 1282 3122 1350 ἐμοὶ
3159 1281 3339 1349 ἄρεος
3384 1278 3613 1349 ἡμέρας
3659 1282 3762 1336 καί

2083 1368 2324 1430 νυκτός.
2365 1360 2516 1426 Εἶδες
2558 1363 2736 1434 ψυχὴν
2766 1365 2824 1416 ἐν
2863 1361 3100 1433 διηνεκεῖ
3140 1361 3426 1428 κατανύξει
3458 1363 3756 1432 τυγχάνου-

2087 1465 2216 1509 σαν;
2253 1449 2316 1500 Ἡ
2341 1447 2514 1518 τροφή
2545 1465 2670 1517 μου,
2702 1447 2888 1515 φησὶν,
2919 1447 2946 1498 6
2970 1446 3132 1516 ἄρτος
3163 1463 3288 1515 μου,
3316 1447 3349 1515 ἡ
3382 1447 3626 1509 ἐστίασίς
3656 1463 3760 1515 μου

2083 1531 2232 1584 οὐδὲν
2259 1531 2444 1598 ἕτερον
2469 1525 2557 1599 ἦν,
2580 1529 2612 1598 ἡ
2640 1527 2708 1580 τά
2727 1527 2939 1598 δάκρυά
2969 1544 3068 1596 μου
3096 1527 3154 1578 ἐν
3173 1527 3327 1579 νυκτὶ
3352 1528 3446 1580 καὶ
3471 1529 3530 1580 ἐν
3550 1529 3584 1596 ἡ
3594 1529 3758 1598 μέρα.

2085 1612 2192 1666 Καὶ
2224 1611 2404 1672 πάλιν,
2449 1611 2771 1663 Ἑκοπίασα
2799 1607 2869 1662 ἐν
2913 1608 2993 1674 τῷ
3021 1608 3334 1678 στεναγμῷ
3371 1625 3509 1677 μου,
3550 1611 3761 1662 λούσω

2084 1694 2210 1748 καθ’
2251 1692 2518 1758 ἑκάστην
2561 1690 2751 1744 νύκτα
2799 1689 2914 1758 τὴν
2964 1691 3183 1757 κλίνην
3225 1707 3366 1759 μου.
3416 1691 3482 1744 Τί
3523 1690 3761 1761 ἐροῦμεν

2083 1775 2242 1848 ἡμεῖς
2280 1778 2312 1845 ἡ
2361 1777 2412 1829 τί
2456 1772 2926 1843 ἀπολογησόμεθα,
2956 1772 3076 1824 οὐδέ
3108 1773 3207 1842 τὴν
3255 1772 3376 1843 ίσην
3410 1771 3488 1844 τῷ
3551 1773 3763 1842 βασιλεῖ

2083 1858 2159 1928 τῷ
2191 1859 2294 1911 ὑπὸ
2324 1859 2591 1911 τοσούτων
2631 1857 2971 1927 πραγμάτων
3019 1854 3424 1925 περισπωμένῳ
3467 1857 3762 1922 κατάνυξιν

2084 1941 2452 2006 ἐπιδείξασθαι
2490 1938 2834 2008 βουλόμενοι;
2871 1937 2934 1989 Τί
2967 1935 3095 2006 γὰρ,
3135 1936 3255 1990 εἰπέ
3282 1953 3392 2007 μοι,
3422 1935 3529 1989 τῶν
3560 1937 3764 2004 ὀφθαλο

2087 2021 2203 2089 μῶν
2249 2021 2472 2073 ἐκείνων
2511 2019 2835 2089 ώραιότερον
2878 2017 2986 2069 τῶν
3033 2017 3137 2069 ὑπὸ
3169 2016 3266 2085 τῆς
3321 2017 3601 2086 συνεχείας
3653 2016 3763 2070 τῶν

2082 2101 2351 2172 δακρύων,
2387 2101 2636 2169 καθάπερ
2670 2100 2773 2152 ὑπὸ
2803 2098 3158 2170 μαργαριτῶν
3189 2115 3371 2160 τινων,
3419 2098 3764 2151 κεκαλλωπι-

2085 2183 2330 2252 σμένων;
2363 2180 2512 2244 Εἶδες
2541 2182 2630 2234 τὸν
2680 2181 2904 2251 βασιλέα
2956 2181 3049 2233 καὶ
3078 2183 3135 2235 ἐν
3162 2183 3319 2233 νυκτὶ
3355 2181 3445 2234 καὶ
3474 2183 3531 2233 ἐν
3575 2181 3765 2251 ἡμέρᾳ⁴

2083 2267 2337 2336 δακρύοις
2362 2266 2456 2318 καὶ
2487 2265 2668 2334 εὐχαῖς
2699 2265 2889 2319 ἑαυτὸν
2913 2265 3246 2318 ἐκδεδωκότα
3264 2282 3278 2296 ο
3304 2265 3406 2336 δρα
3431 2264 3524 2318 καὶ
3550 2265 3642 2318 τὸν
3665 2266 3765 2335 τῆς

2085 2350 2407 2419 οἰκουμένης
2459 2348 2773 2401 διδάσκαλον
2823 2349 2881 2400 ἐν
2935 2347 3292 2417 δεσμωτηρίῳ
3342 2345 3763 2416 καθειργμένον,

2086 2433 2181 2485 καὶ
2213 2432 2336 2494 τοὺς
2369 2430 2534 2491 πόδας
2566 2429 2759 2498 ἔχοντα
2794 2430 2852 2481 ἐν
2885 2428 2961 2498 τῷ
2992 2427 3129 2498 ξύλῳ
3159 2427 3616 2498 προσδεδεμένους
3644 2428 3766 2496 ἅμα

2084 2513 2163 2580 τῷ
2197 2512 2345 2581 Σίλᾳ,
2374 2513 2470 2564 κα)⁸
2502 2510 2589 2564 διὰ
2611 2510 2792 2578 πάσης
2821 2512 2918 2580 τῆς
2938 2513 3132 2574 νυκτὸς
3154 2510 3608 2581 προσευχόμενον,
3637 2510 3765 2562 οὕτε

2085 2595 2189 2648 ὑπὸ
2214 2595 2312 2665 τῆς
2339 2591 2695 2664 ὀδύνης,,οῦτε
2724 2593 2827 2646 ὑπὸ
2855 2594 2962 2648 τῶν
2988 2593 3200 2663 δεσμῶν
3230 2593 3592 2664 κωλυόμενον,
3627 2593 3768 2646 ἀλλά

2082 2677 2254 2746 ταύτῃ
2305 2675 2499 2744 μᾶλλον
2531 2674 2680 2745 [304]
2731 2675 2896 2728 πολὺν
2942 2677 3035 2727 καὶ
3086 2674 3413 2745 θερμότερον
3465 2674 3558 2729 τὸν
3597 2675 3768 2728 πόθον

2085 2756 2524 2829 ἐπιδεικνύμενον
2567 2758 2657 2812 τὸν
2693 2759 2820 2829 περὶ
2861 2757 2951 2810 τὸν
2991 2756 3306 2827 Δεσπότηνο
3348 2755 3592 2823 Παῦλος
3627 2757 3764 2828 γὰρ,

2086 2841 2239 2911 φησὶ,
2265 2842 2362 2895 καί
2387 2841 2571 2904 Σίλας
2591 2839 2740 2893 κατὰ
2769 2839 2834 2892 τὸ
2859 2841 3262 2908 μεσονύκτιον
3286 2840 3767 2908 προσευχόμενοι

2083 2924 2319 2992 ὕμνουν
2354 2922 2460 2976 τὸν
2492 2921 2660 2976 Θεόν.
2704 2923 2760 2975 '0
2788 2919 2951 2974 Δαυτδ
2984 2922 3041 2973 ἐν
3072 2920 3321 2991 βασιλείᾳ
3349 2922 3443 2974 καί.
3470 2921 3766 2991 διαδήματι

2083 3001 2339 3072 δακρύοις
2385 3001 2478 3055 καὶ
2509 2999 2693 3070 εὐχαῖς
2735 3000 2949 3054 ἅπαντα
2994 2999 3084 3052 τὸν
3117 2999 3230 3068 βίον
3274 3000 3704 3070 κατανήλισκεν·
3735 3003 3767 3054 6

2082 3081 2423 3143 Ἀπόστολος,
2457 3076 2485 3130 6
2512 3079 2590 3144 εἰς
2617 3078 2797 3149 τρίτον
2824 3079 3052 3149 οὐρανὸν
3067 3078 3358 3148 άρπαγείς,
3393 3081 3424 3132 6
3455 3078 3562 3132 τῶν
3591 3081 3769 3150 ἀπορ-

2089 3161 2266 3230 ρήτων
2293 3157 2538 3223 ἀξιωθεὶς
2575 3157 2907 3227 μυστηρίων,
2938 3158 2996 3209 ἐν
3033 3155 3250 3226 δεσμοῖς
3295 3157 3582 3228 τυγχάνων
3620 3158 3768 3212 κατὰ

2087 3239 2146 3292 τὸ
2175 3238 2336 3308 μέσον
2360 3240 2456 3307 τῆς
2497 3236 2684 3296 νυκτὸς
2713 3236 3019 3306 προσευχὰς
3055 3237 3146 3288 καί⁵
3190 3235 3392 3306 ὕμνους
3426 3237 3658 3308 ἀνέφερε
3685 3235 3767 3307 τῷ

2088 3318 2366 3388 Δεσπότῃο
2418 3316 2512 3368 καὶ
2558 3317 2586 3367 6
2646 3314 2896 3382 βασιλεὺς
2951 3313 3300 3384 μεσονύκτιον
3355 3313 3765 3385 ἐξεγειρόμενος

2088 3393 2494 3463 ἐξωμολογεῖτο,
2521 3393 2612 3444 καὶ
2638 3394 2687 3443 οἰ
2717 3391 3001 3443 ἀπόστολοι
3034 3391 3171 3444 κατά
3195 3393 3256 3444 τὸ
3285 3391 3637 3461 μεσονύκτιον
3670 3394 3767 3446 ἐκο

2086 3475 2259 3534 τενεῖς
2291 3467 2388 3534 τὰς
2423 3469 2727 3542 προσευχὰς
2761 3470 2852 3521 καὶ.
2896 3470 3023 3531 τοὺς
3055 3469 3255 3539 ῦμνους
3301 3469 3596 3524 ἐποιοῦντο.
3627 3471 3770 3524 Τού-

2086 3569 2211 3613 τους
2243 3548 2606 3620 μιμησώμεθα
2635 3549 2727 3601 καὶ
2757 3549 2939 3616 ἡμεῖς,
2971 3549 3063 3602 καί
3085 3551 3149 3617 τῇ
3183 3548 3430 3618 συνεχείᾳ
3455 3549 3564 3600 τῶν
3592 3567 3768 3619 προσ-

2089 3630 2263 3698 ευχῶν
2307 3629 2632 3697 τειχίζωμεν
2679 3629 2838 3697 ἡμῶν
2895 3630 2992 3699 τὴν
3037 3626 3216 3697 ζωὴν,
3273 3629 3366 3680 καὶ
3415 3629 3582 3697 μηδὲν
3627 3632 3768 3699 ἡμῖν

2089 3725 2219 3762 ποτε
2252 3707 2477 3776 κώλυμα
2522 3705 2781 3773 γενέσθω.
2818 3706 2980 3760 Οὐδὲν
3013 3707 3120 3774 γάρ
3152 3709 3300 3758 ἐστιν
3337 3708 3466 3775 ἡμῖν
3514 3706 3572 3759 τὸ
3605 3707 3769 3764 δυνά-

2092 3803 2250 3856 μενον
2277 3785 2585 3853 ἐμποδίσαι,
2603 3784 2698 3837 ἐὰν
2718 3785 2994 3854 νήφωμεν.
3020 3785 3109 3854 Μὴ
3138 3782 3248 3854 γὰρ
3271 3784 3438 3836 τόπου
3461 3785 3764 3857 χρῄζομεν,

2089 3865 2120 3934 ἢ
2151 3862 2378 3934 καιροῦ;
2411 3864 2524 3925 Πᾶς
2552 3862 2737 3925 τόπος,
2775 3863 2880 3923 πᾶς
2920 3862 3109 3932 καιρὸς
3136 3863 3438 3930 ἐπιτήδειος
3465 3866 3600 3932 ἡμῖν
3627 3867 3766 3936 πρὸς

2087 3943 2185 4011 τὴν
2229 3940 2482 4010 τοιαύτην
2523 3940 2801 4012 πρόσοδον.
2853 3940 3050 3991 ’Δκουε
3096 3939 3204 4011 γάρ
3250 3940 3411 3993 πάλιν
3461 3941 3626 3994 αὐτοῦ
3667 3945 3764 3995 τοῦ

2087 4024 2405 4077 διδασκάλου
2433 4023 2529 4092 τῆς
2569 4023 2890 4093 οἰκουμένης
2929 4021 3206 4089 λέγοντοςο
3249 4022 3351 4074 Ἑν
3379 4022 3558 4074 παντὶ
3601 4023 3767 4090 τόπῳ

2090 4103 2434 4168 ἐπαίροντες
2475 4101 2684 4165 ὁσίους
2718 4101 2919 4169 χεῖρας
2951 4098 3128 4167 χωρίς
3156 4099 3340 4168 ὀργῆς
3360 4100 3466 4152 υκαι
3503 4098 3766 4168 διαλογι-

2089 4181 2269 4248 σμοῦ.
2303 4180 2399 4231 Ἂν
2421 4178 2519 4244 τὴν
2551 4177 2785 4229 διάνοιαν
2811 4178 2937 4246 ἔχῃς
2965 4175 3374 4246 καθαρεύουσαν
3406 4177 3515 4230 τῶν
3544 4179 3767 4230 ἀτόπων

2091 4256 2300 4319 παθῶν,
2333 4254 2433 4308 κᾶν
2466 4257 2522 4306 ἐν
2553 4255 2728 4323 ἀγορᾷ
2759 4249 2845 4324 ᾖς,
2882 4252 2985 4304 κᾶν
3008 4255 3064 4304 ἐν
3090 4253 3255 4322 οἰκίᾳ,
3285 4254 3390 4306 κᾶν
3417 4255 3472 4306 ἐν
3498 4255 3623 4324 ὁδῷ.
3656 4257 3765 4309 κᾶν

2089 4338 2147 4388 ἐν
2175 4333 2510 4404 δικαστηρίῳ
2549 4330 2850 4402 παρεστὼς,
2881 4331 2983 4404 κᾶν
3013 4331 3069 4382 ἐν
3095 4329 3360 4402 θαλάσσῃ,
3390 4332 3489 4385 κᾶν
3528 4334 3585 4385 ἐν
3621 4350 3766 4387 παν-

2087 4411 2296 4482 δοχείῳ,
2324 4403 2428 4463 κᾶν
2455 4411 2541 4461 ἐπ’
2585 4409 2928 4478 ἐργαστηρίῳ
2955 4403 3022 4481 ᾗς
3066 4407 3330 4479 ἑστηκὼς,
3376 4409 3476 4462 κᾶν
3514 4411 3766 4484 ὅπουπερ

2088 4492 2153 4545 ἂν
2187 4487 2273 4561 ᾖς,
2318 4489 2521 4558 δυνήσῃ
2562 4487 2654 4538 τὸν
2693 4486 2824 4539 Θεὸν
2858 4485 3092 4549 καλέσας
3144 4488 3417 4555 ἐπιτυχεῖν
3464 4488 3562 4557 τῆς
3613 4494 3768 4561 αἰτή.

2091 4585 2248 4628 σεως,
2283 4567 2458 4632 Ὅπερ
2493 4563 2711 4627 εἰδότες,
2739 4564 3059 4632 παρακαλῶ,
3091 4564 3225 4632 μετά
3254 4565 3354 4633 τῆς
3387 4567 3640 4634 νηστείας
3665 4572 3766 4623 καὶ

2091 4645 2189 4714 τῆς
2237 4641 2544 4714 προσευχῆς
2577 4642 2678 4710 τὴν
2730 4642 3015 4710 ἀκρίϐειαν
3064 4641 3477 4710 ἐπιδειξώμεθα,
3515 4647 3608 4696 καὶ
3661 4647 3766 4717 τὴν

2090 4720 2336 4775 ἐντεῦθεν
2372 4719 2683 4788 συμμαχίαν
2732 4719 2943 4782 ἑαυτοῖς
2970 4722 3501 4789 κατασκευάσωμεν*
3538 4722 3623 4775 ἵνα
3662 4726 3767 4795 τῆς

2092 4801 2221 4871 παρ’
2265 4798 2428 4852 αὑτοῦ
2477 4798 2646 4867 ῥοπῆς
2685 4798 3013 4868 ἀξιούμενοι,
3062 4799 3155 4850 καὶ
3205 4799 3294 4850 τὸν
3351 4801 3592 4868 παρόντα
3648 4804 3765 4872 βίον

2089 4879 2393 4948 εὐαρέστως
2424 4873 2569 4946 αύτῷ
2596 4875 2953 4946 διανύσωμεν,
2987 4879 3079 4929 καὶ
3112 4877 3168 4929 ἐν
3195 4877 3272 4945 τῷ
3300 4878 3542 4945 μέλλοντι
3569 4882 3764 4946 φιλανο

2091 4957 2335 5027 θρωπίας
2386 4955 2529 5018 τινὸς
2561 4955 2904 5022 ἀξιωθῶμεν,
2955 4955 3137 5022 χάριτι
3190 4955 3282 5027 καὶ
3312 4957 3617 5024 οίκτιρμοῖπ
3664 4962 3764 5014 τοῦ

2090 5025 2292 5104 Κυρίου
2326 5033 2484 5103 ἡμῶν
2544 5033 2714 5102 Ἰησοῦ
2755 5032 3013 5102 Χριστοῦ,
3049 5032 3166 5100 μεθ’
3194 5025 3254 5085 οὗ
3295 5032 3370 5100 τῷ
3409 5035 3604 5103 Πατρί,
3644 5038 3762 5107 ἅμα

2090 5113 2166 5183 τῷ
2191 5113 2329 5182 ἀγίῳ
2361 5109 2656 5180 Πνεύματι,
2690 5109 2836 5173 δόξα,
2868 5110 3084 5181 κράτος,
3109 5109 3262 5180 τιμὴ,
3290 5111 3384 5164 νῦν
3412 5114 3504 5164 καὶ
3531 5115 3639 5179 ἀεὶ,
3665 5117 3762 5169 καὶ

2089 5194 2170 5254 είς
2199 5193 2324 5252 τοὺς
2356 5189 2558 5250 αἰῶνας
2592 5187 2699 5240 τῶν
2735 5188 2963 5240 αἰώνων.
3009 5189 3194 5258 Ἀμήν.

2705 5271 2948 5323 ΟΜΙΛΙΑ
2999 5272 3123 5322 ΛΑ’.

2088 5357 2197 5411 Καὶ
2235 5356 2414 5410 ἔλαϐε
2443 5352 2638 5424 Θάρῤα
2670 5352 2774 5424 τὸν
2797 5355 3028 5424 γ”Αὸραμ
3074 5353 3169 5424 καί
3213 5353 3320 5405 τόν
3350 5355 3563 5422 Ναχὼρ
3615 5358 3762 5424 τοὺς

2157 5426 2323 5489 υἱοὺς
2363 5421 2572 5484 αὑτοῦ,
2609 5420 2706 5473 καὶ
2747 5423 2853 5490 τόν
2886 5420 3012 5474 Λὼτ
3055 5423 3163 5474 τὸν
3213 5424 3348 5476 υἱὸν
3392 5420 3606 5490 Ἅβραν
3653 5420 3760 5481 τοῦ

2158 5494 2292 5547 υῘΟῦ
2331 5492 2536 5553 αὑτοῦ,
2590 5491 2686 5543 καί
2730 5489 2842 5555 τὴν
3099 5491 3212 5557 τὴν
3255 5489 3498 5559 νύμφηγί
3544 5497 3757 5558 αὑτρῦ’

2157 5563 2420 5632 γυναῖκα
2443 5560 2511 5612 δὲ
2547 5561 2767 5632 ξΑϐραμ
2793 5561 2896 5613 τοῦ
2921 5561 3050 5632 οἱοῦ
3077 5560 3262 5632 αὐτοῦ
3283 5577 3296 5590 ·
3325 5563 3422 5613 καὶ
3461 5562 3757 5631 ἐξήγαγεν

2156 5628 2376 5695 αὐτοὺς
2400 5631 2478 5699 ἐκέ
2498 5628 2609 5696 τῆς
2643 5629 2835 5698 χώρας
2873 5629 2989 5682 τῶν
3018 5628 3346 5699 Χαζδαίων,
3389 5628 3757 5699 πορευθῆναι

2157 5706 2246 5767 εὶς
2272 5694 2388 5770 γῆν
2416 5698 2535 5770 τῶν
2561 5694 2954 5770 Χαναναίων·
2986 5697 3082 5753 καὶ
3114 5694 3298 5769 ἦλθεν
3343 5694 3754 5768 ἐῶς’Χιιῤῥὰν,

2157 5773 2254 5826 καί
2281 5767 2631 5835 κατῴκησεν
2660 5767 2801 5820 ἐκεῖ.

2161 5854 2703 5926 α’.Πολλάςὺμίνέχω
2725 5854 2970 5926 χάριτας,
3016 5857 3097 5912 ὅτι
3143 5873 3198 5909 τε
3249 5855 3368 5927 μεθ’
3410 5854 3600 5927 ἡδονῆς
3641 5858 3752 5910 ἐδέο
