4070 6384
262 359 358 414 281

252 469 443 540 rogaui
475 469 550 539 (2.
579 467 696 525 Cor.
731 469 820 524 12.
845 468 920 539 8).
948 467 1078 533 Ter,
1111 467 1164 524 id
1189 479 1301 533 est,
1351 469 1558 522 vocavit
1607 483 1751 538 smpe
1798 479 1852 523 et

262 578 371 618 non
404 563 726 633 impetravit.
755 563 1044 618 Videamus
1066 577 1194 633 ergo
1217 562 1487 631 quomodo
1506 561 1728 615 allectus
1745 559 1860 615 fue-

259 655 354 708 rit.
384 653 521 708 Num
550 653 808 724 gravatim
839 654 989 707 tulit?
1023 669 1147 707 num
1173 653 1388 722 segnior
1417 652 1553 706 fuit?
1581 668 1708 705 num
1755 650 1860 705 ob-

265 745 504 812 torpuit?
543 744 777 799 Minime.
809 743 916 798 Sed
943 743 1069 812 quid
1093 742 1305 811 inquit?
1341 742 1476 796 Disit
1509 760 1522 796 :
1555 740 1752 812 Suﬁieit
1774 741 1862 794 tibi

266 835 439 903 gratia
465 851 598 887 mea.
654 832 828 888 Virtus
874 836 1006 888 enim
1039 848 1150 886 mea
1179 834 1230 885 in
1259 833 1553 900 inﬁrmitate
1601 831 1863 901 perﬁcitur

267 924 434 994 (Ibid.
467 941 517 978 υ.
543 925 622 994 9).
653 926 766 980 Non
792 926 964 980 solum
996 941 1099 979 non
1129 925 1372 979 liberavit
1411 925 1558 978 illum
1580 925 1862 993 pnesenti-

268 1017 368 1071 bns
395 1018 574 1080 malis,
624 1017 718 1072 sed
751 1018 803 1071 in
855 1017 986 1086 ipsis
1018 1032 1360 1086 perseverare
1395 1016 1656 1086 permisit.
1694 1017 1860 1070 Esto:

267 1105 366 1160 sed
419 1108 559 1162 unde
584 1108 838 1162 discimus
864 1123 987 1161 cum
1032 1122 1139 1161 non
1187 1109 1422 1177 graviter
1463 1106 1687 1161 tulisse?
1726 1105 1863 1161 Audi

271 1197 495 1252 Paulum
515 1198 804 1264 dicentem,
857 1206 1139 1267 postquam
1169 1198 1354 1252 didicit
1380 1213 1444 1252 ea
1462 1213 1590 1266 qua:
1636 1197 1863 1252 Domino

269 1287 462 1355 placita
503 1295 658 1342 erant
687 1304 701 1342 :
729 1286 968 1341 Libenter
991 1289 1148 1358 igitur
1173 1288 1434 1358 gloriabor
1461 1290 1513 1342 in
1548 1287 1862 1357 inﬁrmitati-

270 1378 360 1430 bus
384 1377 529 1432 meis.
561 1377 676 1432 Non
720 1378 914 1441 solum,
953 1378 1144 1446 inquit,
1195 1378 1449 1447 deinceps
1489 1378 1703 1432 liberari
1756 1393 1862 1432 non

271 1469 506 1537 requiro,
533 1470 626 1523 sed
654 1479 707 1523 et
729 1470 916 1539 majori
943 1471 1212 1539 voluptate
1239 1470 1289 1539 gl
1312 1471 1507 1524 »τίίὼυτ
1529 1471 1580 1523 in
1606 1469 1733 1523 illis.
1775 1469 1866 1523 Vi-

271 1557 395 1611 disti
421 1566 624 1628 gratam
652 1558 926 1612 animum?
971 1559 1148 1611 vidisti
1170 1560 1288 1627 ejus
1314 1560 1364 1612 in
1398 1559 1562 1612 Deum
1593 1559 1866 1614 amorem?

271 1647 408 1700 Audi
429 1648 590 1699 etiam
609 1648 876 1702 dicentem
908 1666 921 1701 ε
961 1648 1098 1712 Quid
1128 1651 1259 1701 enim
1283 1665 1550 1717 precemur
1571 1658 1624 1702 ut
1649 1657 1862 1717 oportet,

271 1739 518 1792 nescimus
545 1738 726 1809 (Rom.
751 1740 807 1794 8.
830 1740 942 1808 ‘26).
975 1741 1330 1809 lmpossibile,
1379 1742 1571 1810 inquit,
1599 1750 1702 1806 est,
1744 1757 1865 1796 cum

273 1842 372 1881 1108
402 1830 645 1883 honunes
701 1831 888 1896 simus,
935 1831 1114 1884 omnia
1146 1838 1294 1883 (ιιι-ιο
1338 1831 1496 1884 scire.
1543 1830 1868 1900 Relinquen-

271 1921 397 1973 dum
430 1935 559 1991 ergo
601 1922 701 1976 hoc
725 1932 807 1976 est
844 1923 1086 1976 omnium
1133 1921 1450 1984 Conditori;
1498 1921 1868 1988 sumendaquc

273 2021 396 2064 sunt
431 2027 552 2065 cum
577 2013 771 2080 gaudio
793 2022 847 2066 et
887 2013 1158 2082 voluptate
1177 2025 1529 2079 qua'cumque.
1551 2011 1666 2080 ipse
1694 2011 1870 2065 \olur-

275 2101 389 2165 rit;
425 2117 524 2155 uec
571 2103 919 2172 spectandum
950 2104 1016 2156 ad
1074 2102 1308 2170 speciem
1352 2116 1537 2154 eorum
1589 2116 1711 2170 quae
1740 2118 1868 2156 evr-

275 2192 448 2255 niunt,
473 2191 564 2246 sed
596 2193 722 2262 quid
751 2203 1027 2262 acceptum
1053 2193 1119 2245 sit
1149 2191 1390 2245 Domino.
1414 2191 1512 2258 Qui
1534 2193 1677 2246 enim
1704 2193 1870 2261 magis

272 2283 373 2335 scit
409 2281 534 2351 quid
563 2282 714 2337 nobis
743 2286 926 2351 prosit,
956 2298 1112 2352 quam
1143 2281 1241 2350 ipsi
1270 2295 1390 2347 nos,
1412 2282 1526 2351 ipse
1553 2281 1705 2336 novit
1734 2298 1868 2350 quo-

275 2373 435 2425 modo
464 2373 606 2426 salus
627 2389 660 2426 n
685 2385 808 2427 istra
835 2373 1091 2442 paranda.

345 2461 399 2513 6.
441 2461 690 2514 Noui-um
723 2477 851 2530 ergo
898 2478 1059 2514 unum
1107 2463 1174 2514 sit
1220 2475 1373 2530 opus,
1403 2460 1674 2514 continuis
1738 2461 1870 2513 iusi-

273 2561 418 2604 stere
449 2551 714 2620 precibus,
747 2563 802 2606 et
832 2567 937 2606 non
973 2567 1114 2619 a‘gre
1159 2551 1298 2605 ferre
1336 2552 1380 2604 si
1411 2552 1685 2605 differatur
1729 2553 1869 2618 quod

276 2642 532 2708 petimus,
583 2643 677 2694 sed
729 2641 949 2694 multum
994 2642 1302 2710 patientiam
1352 2641 1628 2695 exhibere.
1682 2641 1866 2711 Neque

277 2730 420 2783 enim
469 2732 710 2785 :bnueus
736 2745 924 2800 preces
968 2740 1178 2784 nostras
1205 2731 1384 2784 dili'ert
1429 2749 1442 2785 :
1483 2730 1577 2785 sed
1626 2731 1725 2784 hac
1759 2743 1875 2785 arte

275 2821 407 2874 sedu
429 2833 494 2874 os
517 2835 616 2874 nos
643 2819 908 2884 cilicium,
953 2821 1019 2873 ad
1049 2822 1394 2890 semetipsum
1424 2831 1678 2890 perpetuo
1704 2831 1875 2874 attra-

279 2913 407 2966 here
439 2914 569 2966 Vttll.
611 2911 744 2966 Nam
785 2923 835 2967 et
871 2923 1018 2982 pater
1048 2913 1212 2981 prolis
1255 2927 1442 2965 amans
1472 2927 1592 2966 cum
1640 2927 1670 2966 a
1710 2926 1878 2982 puero

274 3011 514 3072 rogatur,
542 3004 750 3069 abnuit,
775 3018 879 3058 non
922 3004 1063 3073 quod
1094 3004 1224 3057 dare
1264 3004 1418 3066 nolit,
1464 3005 1555 3055 sed
1587 3013 1642 3056 ut
1668 3003 1734 3056 ad
1763 3003 1875 3056 diuo

277 3095 380 3146 tius
404 3092 722 3147 adStandum
750 3095 1043 3164 pertrahat.
1073 3092 1200 3146 [late
1227 3095 1404 3162 itaque
1437 3094 1666 3147 scientes
1688 3107 1755 3146 ne
1776 3093 1876 3146 dc-

278 3199 582 3254 speremus,
602 3202 669 3239 ne
691 3201 965 3241 cessemus
981 3201 1103 3239 eum
1125 3184 1303 3250 adire,
1335 3197 1390 3239 et
1417 3199 1603 3255 preces
1634 3185 1875 3240 fundere.

278 3279 487 3334 Etenim
515 3279 559 3331 si
581 3280 852 3334 crudelem
875 3289 929 3333 et
956 3279 1305 3332 inhumanum
1330 3279 1476 3332 illum
1505 3279 1764 3348 iudicem,
1785 3278 1875 3348 qui

276 3396 451 3451 neque
474 3382 639 3436 Deum
661 3379 900 3444 timebat,
925 3379 1162 3433 mulieris
1177 3375 1432 3431 sedulitas
1452 3372 1648 3441 coegit,
1673 3382 1722 3426 ct
1753 3385 1878 3439 pro-

278 3473 485 3526 vocavit
506 3480 562 3525 ttt
587 3471 688 3525 sibi
716 3478 1050 3524 succurreret
1079 3468 1230 3539 (Luc.
1257 3465 1419 3521 133.
1447 3481 1552 3534 sqq.
1579 3467 1597 3532 )
1633 3481 1646 3515 :
1680 3471 1880 3531 quanto

278 3565 446 3635 magis
491 3578 626 3627 nos,
672 3563 716 3616 si
759 3562 1087 3616 voluerimus
1137 3561 1278 3614 illam
1326 3557 1518 3611 imitari
1572 3554 1876 3618 mulierem,

281 3653 348 3709 ad
397 3653 767 3723 opitulandum
813 3653 968 3706 nobis
997 3651 1408 3719 provombimus
1438 3655 1775 3701 mansuetum
1823 3653 1880 3698 et

278 3745 682 3802 misericordem
716 3756 958 3800 n0strum
1004 3745 1309 3807 Dominum,
1345 3741 1778 3810 compaticntem,
1827 3744 1882 3789 ct

278 3837 346 3890 ad
373 3837 604 3891 salutem
635 3847 871 3891 nostram
896 3835 1305 3890 occurrentem?
1333 3831 1442 3887 Nos
1470 3846 1600 3900 ergo
1627 3831 1876 3883 institua-

280 3942 421 3993 mus,
474 3938 531 3982 ut
564 3927 782 3983 dilticile
828 3927 1156 3995 avellamur,
1213 3936 1268 3981 et
1314 3934 1572 3995 perpetuo
1629 3922 1881 3992 precibus

283 4019 674 4081 incumbamus,
705 4028 810 4072 tam
837 4018 944 4082 die,
970 4033 1129 4088 quam
1155 4025 1346 4080 noctu;
1372 4014 1480 4069 imo
1500 4015 1669 4080 magis
1695 4022 1883 4079 noctu,

279 4110 700 4179 quandonullus
727 4111 1065 4174 interturbat,
1097 4108 1312 4179 quando
1355 4121 1547 4175 magna
1600 4106 1881 4175 cogitatio-

284 4217 411 4255 num
461 4201 848 4271 tranquiliitas,
903 4200 1118 4271 quando
1165 4198 1343 4254 nullus
1395 4197 1540 4253 domi
1591 4196 1875 4260 tumultus,

282 4293 497 4362 quando
553 4295 726 4348 nullus
765 4302 851 4349 est
876 4294 963 4364 qui
993 4293 1063 4346 ab
1091 4307 1308 4347 accessu
1333 4291 1607 4361 prohibeat
1633 4300 1685 4344 et
1709 4289 1878 4342 abdu-

282 4396 390 4452 cat,
419 4386 633 4455 quando
655 4397 837 4441 erecta
861 4402 1012 4440 mens
1033 4385 1212 4439 omnia
1246 4385 1530 4453 diligenter
1559 4381 1763 4436 referre
1787 4397 1882 4448 po-

287 4485 394 4531 test
419 4477 718 4530 animarqu
749 4478 979 4531 medico.
1009 4477 1066 4530 Si
1116 4477 1259 4530 enim
1313 4477 1498 4529 beatus
1551 4473 1736 4536 David,
1791 4487 1883 4525 rex

285 4570 524 4624 simulac
550 4569 828 4638 propheta,
848 4572 1008 4624 tantis
1039 4569 1325 4638 implicitus
1360 4567 1609 4636 t.egotiis,
1646 4579 1881 4634 purpura

286 4670 342 4715 et
368 4660 671 4714 diademate
700 4663 925 4714 amirtus
948 4701 963 4725 ,
997 4661 1138 4714 dicat
1169 4679 1183 4714 :
1213 4659 1385 4712 Media
1430 4668 1574 4710 nocte
1618 4654 1884 4725 surgebant

286 4753 356 4804 ml
373 4751 715 4818 conﬁtendum
739 4751 826 4804 tibi
847 4769 996 4821 super
1001 4752 1203 4821 judicia
1219 4751 1437 4820 justitia:
1451 4759 1550 4801 tua:
1578 4745 1780 4818 (Psol.l
1799 4746 1881 4799 18.

288 4841 381 4908 6‘2)
420 4860 433 4893 :
461 4841 590 4909 quid
621 4855 717 4894 nos
745 4841 983 4896 dicemus
1009 4842 1098 4909 qui
1130 4841 1385 4909 privatam
1430 4849 1485 4892 et
1533 4839 1758 4889 otiosam
1804 4842 1884 4887 vi-

292 4939 401 4984 tam
428 4930 653 4999 agimus,
713 4945 884 4999 neque
935 4930 1123 4984 eadem
1153 4944 1272 4998 qua:
1325 4929 1412 4981 ile
1451 4925 1713 4979 iacimus?
1752 4924 1808 4978 Ν.
1832 4940 1884 4978 tu

302 5034 425 5074 cmn
449 5022 499 5073 in
528 5019 616 5073 die
642 5020 825 5074 multis
848 5021 1272 5074 circumdarctnr
1314 5019 1477 5079 curis,
1527 5018 1752 5085 negotiis
1773 5058 1787 5079 ,
1834 5027 1889 5069 et

296 5113 632 5178 tumultibus,
657 5129 753 5168 nec
777 5121 987 5183 tempus
1013 5116 1276 5169 inveniret
1304 5123 1482 5182 aptum
1503 5127 1602 5166 suo
1625 5115 1688 5166 ad
1721 5112 1887 5165 Demn

293 5204 557 5265 accessui,
593 5204 985 5275 tranquillitatis
1016 5216 1242 5274 tempus,
1284 5206 1423 5274 quod
1451 5206 1538 5257 alii
1567 5220 1755 5259 somno
1785 5206 1886 5258 im-

298 5296 538 5361 pendunt
563 5296 615 5348 in
663 5297 910 5352 mollibus
946 5301 1128 5352 stratis
1155 5299 1548 5363 recumbeutcs,
1580 5308 1634 5351 et
1664 5298 1786 5352 hinc
1834 5307 1889 5352 ct

299 5386 423 5440 inde
463 5402 522 5441 sc
549 5400 842 5457 versantes,
885 5407 979 5445 rex
1025 5393 1186 5444 tantis
1225 5392 1500 5445 districtus
1528 5391 1691 5449 curis.
1730 5405 1885 5444 acce-

300 5476 458 5530 dendi
488 5477 552 5530 ad
579 5477 742 5532 Dcttm
767 5490 974 5548 tempus
997 5479 1244 5544 faciebat,
1270 5481 1492 5534 scorsim
1518 5481 1624 5533 lieo
1642 5480 1885 5547 loquens,

302 5577 356 5618 et
399 5570 623 5622 sincerae
671 5570 989 5638 intenta-que
1020 5571 1310 5640 precationi
1354 5571 1584 5634 deditus,
1641 5571 1887 5639 perlicie-

305 5656 392 5710 ltat
421 5673 769 5728 qumcumquc
816 5661 1061 5725 volebat;
1101 5671 1155 5714 et
1204 5662 1536 5715 orationibus
1588 5661 1699 5714 suis
1747 5661 1886 5714 bella

305 5751 643 5821 conficiebat,
694 5761 996 5824 tropteaque
1020 5762 1287 5824 statuens,
1341 5755 1618 5812 victoriam
1654 5754 1888 5811 victoria:

1299 358 1363 415 ΙΝ
1400 358 1558 416 CAP.
1598 356 1694 414 XI.
1735 356 1979 417 GENES.
2019 352 2255 412 HOIlL.
2294 351 2490 411 XXXI.

3451 339 3565 394 ἳδῖ

1968 468 2272 538 copulabat.
2319 465 2513 521 llabuit
2536 463 2679 520 enim
2708 461 2904 518 invicta
2925 469 3096 525 artua,
3145 467 3376 528 superna
3421 454 3566 508 scili-

1966 571 2054 615 cet
2079 557 2346 628 prmsidia,
2381 572 2499 626 qua:
2545 570 2653 610 non
2679 554 2852 609 solum
2877 552 2943 607 ad
2971 551 3202 606 humana
3230 548 3365 602 bella
3397 545 3564 600 conii-

1965 649 2154 706 cienda
2183 647 2475 714 sufﬁciunt,
2500 646 2594 703 sed
2610 648 2772 701 etiam
2789 644 2856 700 ad
2876 645 3182 700 daemonum
3207 639 3457 695 enhortes
3481 636 3566 688 fu-

1970 740 2193 813 gandas.
2225 738 2390 810 Igitur
2416 747 2471 793 et
2494 751 2592 792 nos
2621 737 2763 792 hunc
2787 735 3068 790 imitemur
3083 732 3278 803 privati
3302 738 3350 784 et
3384 727 3562 781 idint:c

1966 846 2170 901 regem,
2210 832 2299 900 qui
2325 831 2550 884 otiosam
2584 836 2641 883 et
2681 827 2918 897 quietam
2966 827 3128 877 vitam
3183 823 3561 889 agituusmoin

1963 923 2061 994 qui
2116 923 2170 977 in
2215 934 2450 992 purpura
2500 926 2557 976 ct
2600 915 2905 973 diademate
2958 911 3344 968 monachorum
3400 913 3563 960 vitam

1967 1013 2398 1069 transcendebat.
2424 1011 2562 1067 Audi
2589 1011 2733 1066 enim
2754 1022 2876 1064 eum
2899 1007 3091 1062 iterum
3118 1001 3243 1056 alibi
3273 1001 3562 1054 dicentem:

1968 1105 2149 1160 Facta
2195 1114 2315 1160 sunt
2359 1104 2485 1158 mihi
2525 1103 2767 1174 lac-rgum:
2806 1114 2934 1154 mea
2985 1113 3140 1168 panes
3186 1096 3270 1148 die
3313 1109 3374 1146 ac
3425 1100 3569 1145 nocte

1967 1195 2144 1266 (Psal.
2172 1197 2261 1251 41.
2293 1195 2372 1268 4).
2426 1194 2614 1250 Vidisti
2648 1193 2883 1249 animam
2915 1191 2969 1245 in
2995 1189 3250 1244 continua
3301 1197 3565 1254 compun-

1967 1289 2183 1346 ctioue?
2212 1288 2475 1344 Alimenia
2501 1300 2641 1354 mea,
2667 1286 2858 1356 inquit,
2886 1282 3036 1352 panis
3061 1294 3234 1343 meus,
3261 1276 3564 1332 convivium

1969 1394 2150 1437 meum
2187 1380 2318 1435 nihil
2348 1379 2490 1434 aliud
2511 1386 2667 1434 erant
2687 1391 2849 1447 quam
2881 1375 3132 1445 lacryinae
3157 1381 3264 1424 tam
3296 1369 3382 1423 die
3406 1381 3565 1437 quam

1969 1479 2147 1527 nocte.
2176 1469 2246 1525 Et
2267 1471 2460 1525 iterum
2497 1486 2509 1522 :
2536 1467 2785 1522 Laboravi
2815 1466 2868 1519 in
2889 1464 3076 1535 gemitu
3101 1477 3232 1526 meo,
3265 1458 3442 1513 lavabo
3477 1471 3568 1526 per

1969 1562 2198 1633 singulas
2245 1571 2412 1616 noctes
2441 1562 2620 1615 lectum
2661 1574 2829 1612 meum
2856 1554 3032 1627 (Psal.
3063 1553 3117 1607 6.
3147 1551 3222 1623 7).
3243 1547 3378 1619 Quid
3421 1547 3568 1602 dice-

1971 1665 2112 1717 mus,
2145 1651 2225 1706 vel
2257 1651 2382 1721 qnid
2413 1648 2878 1719 respondebimus,
2909 1645 2997 1715 qui
3029 1658 3204 1711 neque
3257 1656 3376 1695 eam
3419 1653 3569 1694 com-

1971 1744 2314 1812 punctionem
2342 1741 2597 1796 exhibere
2617 1739 2884 1803 volumus,
2908 1750 3070 1806 quam
3095 1749 3188 1789 res
3216 1740 3295 1786 tot
3313 1731 3572 1797 obseptus

1972 1834 2200 1903 negotiis
2227 1833 2508 1887 exhibuit?
2535 1831 2824 1897 Quidnam,
2849 1827 2956 1894 dic,
2985 1841 3104 1890 om,
3129 1826 3298 1879 oculis
3330 1823 3434 1876 illis
3458 1821 3568 1874 lor-

1973 1925 2173 1979 mnsius
2205 1933 2464 1992 perpetuo
2490 1923 2846 1993 lacrymarum
2875 1921 3070 1978 imbre.
3097 1927 3152 1972 et
3179 1915 3331 1986 quasi
3362 1929 3572 1982 marga-

1973 2019 2194 2072 ritarum
2216 2019 2415 2072 decore
2439 2016 2675 2070 ornatis?
2710 2013 2898 2068 Vidisti
2931 2025 3112 2082 regem
3137 2050 3153 2073 ,
3183 2010 3273 2079 qui
3326 2006 3574 2060 noctibus

1972 2116 2133 2178 atque
2158 2109 2347 2163 diebus
2368 2108 2622 2178 lacrymis
2651 2105 3007 2176 precibusque
3040 2101 3254 2156 deditus
3283 2099 3378 2152 l‘uit
3407 2115 3419 2150 :
3451 2111 3574 2166 spe-

1972 2209 2057 2254 cta
2086 2208 2140 2255 ct
2186 2200 2464 2254 doctorem
2509 2199 2657 2253 orbis
2704 2197 2759 2251 in
2803 2210 3020 2251 carcere
3064 2190 3425 2260 compeditum
3469 2204 3572 2242 una

1972 2303 2094 2345 cum
2120 2290 2251 2357 Sila,
2280 2300 2333 2344 et
2362 2298 2604 2344 orantem
2628 2298 2735 2343 tota
2765 2296 2942 2352 nocte,
2976 2299 3151 2354 neque
3177 2282 3380 2343 dolore,
3402 2294 3576 2348 neque

1975 2381 2203 2435 vinculis
2233 2381 2522 2450 prohiberi,
2566 2379 2662 2435 scd
2694 2393 2760 2434 co
2788 2377 2958 2447 magis
2985 2375 3252 2445 ingentem
3284 2371 3574 2426 fervidum-

1974 2488 2082 2542 que
2107 2488 2344 2527 amorem
2365 2473 2640 2528 declarare
2670 2486 2795 2540 erga
2828 2469 3110 2523 Dominum
3143 2484 3155 2518 :
3185 2464 3383 2518 Paulus
3407 2461 3574 2526 cnim,

1978 2565 2177 2633 inquit,
2218 2573 2267 2617 et
2291 2563 2432 2618 Silus
2456 2564 2622 2616 media
2666 2571 2810 2616 nocte
2854 2571 3057 2614 orantes
3093 2555 3368 2610 laudabant
3416 2552 3580 2604 Deum

1978 2655 2109 2725 (Act.
2140 2656 2226 2709 16.
2257 2654 2370 2722 25).
2404 2653 2568 2709 David
2595 2654 2648 2707 in
2689 2665 2854 2722 regno
2875 2658 2932 2704 et
2982 2648 3284 2703 diademate
3327 2642 3580 2716 lacrymis

1975 2757 2032 2801 et
2060 2749 2306 2814 precibus
2333 2755 2496 2800 totam
2517 2747 2677 2799 vitam
2706 2743 3044 2807 insumebat;
3067 2739 3375 2820 Apostolus,
3403 2737 3492 2817 qui
3524 2737 3576 2788 in

1981 2838 2195 2891 tertium
2226 2837 2419 2891 catlum
2448 2845 2652 2904 raptus,
2674 2837 2760 2890 cui
2805 2847 3002 2888 arcana
3041 2840 3167 2886 sunt
3192 2829 3426 2884 revelata
3463 2842 3581 2897 my-

1979 2927 2356 2992 steria,media
2375 2939 2536 2987 nocte
2552 2927 2605 2982 in
2621 2925 2848 2980 vinculis
2876 2937 3064 2994 preces
3089 2932 3145 2978 ct
3172 2921 3358 2975 laudes
3386 2919 3583 2973 oll‘ere-

1981 3014 2072 3067 bat
2096 3015 2354 3080 Domino;
2384 3024 2440 3069 et
2481 3029 2578 3070 res
2620 3014 2796 3069 media
2827 3025 2986 3068 noete
3015 3009 3420 3081 expergefactus
3448 3025 3581 3062 con-

1984 3105 2255 3170 litebatur,
2285 3115 2339 3160 et
2363 3107 2590 3176 apostoli
2617 3105 2792 3160 media
2829 3113 2986 3158 nocte
3005 3104 3288 3156 continuas
3319 3114 3505 3170 preces
3529 3108 3584 3154 ct

1983 3197 2167 3250 laudes
2189 3197 2498 3251 reddebant.
2537 3197 2660 3250 Illos
2691 3197 2963 3250 imitemur
3011 3201 3066 3248 et
3103 3208 3222 3258 nos,
3269 3202 3324 3247 et
3352 3205 3572 3260 precum

1981 3288 2298 3343 assiduitate
2325 3290 2486 3342 vitam
2516 3297 2755 3342 nostrain
2805 3286 3131 3348 muniamus,
3163 3293 3216 3338 et
3241 3283 3445 3339 nullum
3487 3297 3586 3334 no-

1984 3381 2065 3436 bis
2107 3394 2359 3450 umquatn
2401 3381 2505 3434 erit
2533 3379 2891 3434 obstaculum.
2935 3375 3076 3430 Nihil
3119 3377 3262 3429 enim
3311 3386 3395 3429 est
3441 3373 3583 3444 quod

1983 3473 2175 3526 obesse
2203 3470 2358 3525 nobis
2396 3471 2583 3539 possit,
2617 3467 2780 3522 modo
2809 3467 2974 3521 sobrii
3003 3466 3192 3520 simus.
3233 3464 3369 3518 Num
3391 3464 3507 3518 loco
3528 3472 3586 3517 et

1987 3573 2225 3633 tempore
2253 3563 2407 3617 nobis
2426 3576 2562 3632 opus
2589 3560 2712 3616 est?
2738 3559 2926 3615 Omnis
2957 3559 3127 3624 locus,
3166 3572 3330 3612 omne
3373 3567 3586 3625 tempus

1986 3655 2111 3710 huic
2133 3655 2370 3709 acccssui
2399 3653 2671 3708 convenit.
2703 3651 2835 3706 Nam
2866 3651 3060 3704 iterum
3097 3647 3224 3702 audi
3264 3648 3584 3718 magistrum

1984 3748 2133 3802 orbis
2173 3748 2440 3802 dicentem
2469 3763 2482 3800 :
2518 3745 2582 3797 In
2609 3745 2746 3798 omni
2776 3745 2886 3797 loco
2913 3743 3132 3795 levantes
3175 3749 3379 3794 sanctas
3403 3755 3587 3792 manus

1983 3839 2168 3908 absque
2209 3837 2286 3890 ira
2323 3848 2368 3890 et
2395 3835 2756 3904 disceptatione
2785 3833 2862 3904 (l.
2898 3832 3032 3886 Tim.
3063 3831 3118 3883 2.
3141 3830 3220 3899 8).
3247 3830 3303 3884 Si
3346 3839 3583 3884 mentem

1987 3931 2240 3985 habueris
2270 3940 2544 4000 purgatam
2575 3927 2644 3981 ab
2675 3927 2875 3981 illicitis
2915 3924 3291 3978 all‘ectionibus
3311 3965 3326 3988 ,
3375 3924 3488 3976 sive
3534 3921 3588 3975 in

1989 4024 2126 4088 foro,
2155 4023 2271 4078 sive
2300 4022 2468 4086 domi,
2500 4023 2615 4076 sive
2644 4021 2696 4074 in
2726 4019 2828 4084 via,
2850 4019 2934 4072 vel
2958 4018 3009 4070 in
3036 4031 3275 4080 carcere,
3298 4016 3381 4069 vel
3407 4015 3456 4067 in
3487 4028 3591 4066 ina-

1987 4115 2056 4180 ri,
2088 4114 2170 4167 vel
2203 4114 2256 4166 in
2304 4112 2621 4176 diversorio,
2658 4111 2743 4165 vel
2775 4111 2828 4163 in
2859 4107 3073 4162 ol‘licina
3093 4148 3110 4173 ,
3159 4116 3214 4162 et
3269 4106 3592 4173 ubicumque

1989 4206 2154 4261 fueris
2184 4210 2526 4270 constitutus,
2545 4204 2757 4274 poteris
2773 4202 3021 4256 invocato
3046 4201 3156 4254 Deo
3176 4199 3280 4252 voti
3302 4198 3416 4251 lieri
3444 4211 3594 4249 com-

1989 4312 2106 4368 pos.
2138 4296 2293 4363 Quod
2324 4312 2444 4351 cum
2475 4297 2728 4360 sciamus,
2755 4293 2981 4348 obsecro
3005 4301 3060 4345 ut
3089 4307 3211 4345 cum
3233 4291 3440 4359 jejunio
3471 4304 3592 4357 prc-

1989 4390 2142 4443 cibus
2169 4387 2498 4456 diligentiam
2541 4385 2915 4448 adhibeamus,
2950 4381 3247 4438 subsidium
3276 4381 3431 4434 nobis
3469 4379 3595 4433 inde

1990 4491 2241 4550 parantes
2275 4497 2288 4532 :
2323 4495 2430 4550 quo
2455 4493 2744 4548 supernam
2771 4475 3044 4545 assequuti
3074 4475 3324 4542 gratiam,
3354 4484 3405 4526 et
3453 4485 3593 4539 pra:-

1991 4584 2200 4628 sentem
2228 4576 2391 4626 vitam
2425 4573 2493 4626 ita
2522 4585 2744 4640 agamus
2767 4580 2824 4623 ut
2854 4571 2965 4622 Deo
2993 4567 3273 4636 probetur,
3295 4574 3347 4617 et
3377 4565 3428 4617 in
3459 4562 3594 4614 lutu-

1992 4683 2055 4722 ro
2082 4665 2504 4721 miscricordiam
2537 4664 2768 4732 aliquam
2792 4659 3185 4729 adipiscamur,
3214 4657 3382 4725 gratia
3409 4664 3463 4709 et
3494 4657 3595 4707 uii-

1992 4758 2350 4812 scrationihus
2407 4753 2613 4809 Domini
2664 4751 2834 4806 nostri
2868 4751 2997 4805 Jesu
3032 4748 3260 4810 Christi,
3313 4761 3432 4800 cum
3489 4761 3596 4813 quo

1993 4848 2137 4903 Patri
2184 4856 2238 4902 et
2265 4845 2483 4915 Spiritui
2513 4853 2696 4898 sancto
2722 4844 2792 4898 sit
2819 4842 2986 4912 gloria
3009 4881 3023 4906 ,
3078 4840 3384 4907 imperium,
3413 4848 3466 4890 et
3499 4838 3596 4888 ho-

1993 4955 2111 5006 nor,
2144 4952 2283 4991 uunc
2303 4946 2355 4992 et
2380 4951 2617 5006 semper,
2641 4945 2694 4989 et
2713 4935 2765 4988 in
2793 4932 2986 4987 szecula
3016 4931 3356 4984 smculorum.
3390 4930 3586 4982 Amen.

2532 5065 2814 5123 IIOMILIA
2851 5060 3052 5119 XXXI.

1997 5185 2064 5240 Et
2111 5187 2302 5257 accepit
2352 5185 2527 5240 Tltara
2557 5184 2745 5237 Abram
2792 5190 2838 5234 et
2882 5179 3090 5232 Nachor
3112 5175 3244 5244 ﬁlios
3266 5170 3598 5239 suos,e.tLot

2066 5279 2229 5348 ﬁlium
2274 5279 2429 5330 Aram
2464 5276 2557 5342 filii
2596 5275 2714 5337 sui;
2745 5282 2790 5326 et
2821 5271 3009 5326 Saram
3043 5284 3226 5321 nurum
3253 5281 3430 5328 suam,
3464 5278 3591 5316 uxo-

2065 5387 2170 5423 rem
2212 5379 2378 5422 autem
2403 5367 2590 5420 Abram
2630 5366 2726 5434 lilii
2766 5365 2845 5417 sui
2889 5381 2909 5428 ,°
2959 5371 3002 5416 et
3048 5361 3217 5415 eduxit
3267 5375 3349 5411 eos
3373 5373 3436 5410 ea:
3465 5367 3594 5408 terra

2068 5460 2454 5526 Chaldaeorum,
2497 5467 2550 5510 ut
2588 5457 3026 5526 proﬁciscerentur
3067 5452 3121 5505 in
3167 5461 3351 5504 terram
3390 5447 3588 5502 Chunu-

2068 5570 2290 5606 rucorum
2342 5567 2361 5606 :
2404 5561 2450 5604 et
2493 5551 2623 5603 venit
2652 5564 2810 5617 usque
2847 5546 3113 5609 Charran,
3156 5552 3201 5596 et
3223 5540 3462 5594 habitavit
3487 5537 3592 5590 illic

2073 5643 2222 5714 (Cen.
2253 5645 2336 5698 ll.
2363 5643 2474 5712 3i).

2071 5757 2122 5811 l.
2169 5755 2412 5828 Ingentes
2445 5753 2596 5811 vobis
2632 5752 2806 5810 habeo
2844 5747 3075 5823 gratias,
3119 5743 3262 5816 quod
3286 5743 3598 5802 hesternum
