4070 6380
549 457 620 514 de
641 455 883 513 oratione
905 472 1212 516 scrmonem
1233 474 1354 515 cum
1383 460 1656 529 voluptate
1674 460 2017 531 susceperitis
2033 502 2050 526 ,
2077 470 2133 518 ct

551 558 703 622 tanto
722 548 901 605 studio
926 550 996 607 ad
1022 550 1348 609 audiendum
1375 551 1675 607 cetlﬂuatis.
1708 551 1839 609 Illud
1867 552 2008 607 enim
2034 545 2133 607 nos

547 636 726 695 reddit
752 640 1044 699 alacriores
1063 683 1082 707 ,
1105 650 1168 698 ut
1184 640 1287 698 hoc
1307 642 1585 712 spirituale
1610 642 1911 699 convivium
1938 643 2133 713 largius

546 729 703 786 vobis
742 745 1124 804 proponamus.
1162 732 1295 801 Quia
1335 741 1392 789 ct
1417 733 1648 805 agricola
1674 733 1724 789 si
1751 734 1966 805 quando
1988 733 2133 789 videt

544 820 976 890 agrumetjacta
1000 822 1945 897 seminavirescereetgermiaare,
1974 837 2129 893 sege-

547 916 765 977 temque
788 921 1049 978 vernare,
1075 909 1209 966 nihil
1236 910 1379 983 quod
1400 910 1471 967 ad
1498 913 1766 969 sealtinet
1792 912 2128 980 intermittit,

544 996 782 1065 quotidie
821 1008 1203 1069 meum
1241 1001 1383 1056 illia
1425 1015 1610 1058 curam
1649 1016 1851 1073 agens,
1889 1011 1946 1058 et
1971 1011 2129 1074 nocte

540 1084 735 1155 dieque
759 1087 2126 1162 comideram,nefouequidlaboressuosladat:

541 1173 703 1230 simili
745 1177 909 1233 modo
945 1187 1003 1235 et
1024 1193 1130 1253 ego
1153 1181 1486 1252 spiritualem
1514 1183 1655 1238 hunc
1683 1197 1869 1253 agrum
1886 1192 2127 1239 vestrum

540 1262 773 1334 ﬂorere,
815 1274 874 1331 et
915 1282 1102 1326 semen
1145 1268 1248 1327 hoc
1288 1271 1571 1341 spirituale
1608 1272 1663 1328 in
1702 1271 1909 1329 sinibus
1934 1280 2127 1328 vestra

539 1356 739 1410 mentis
777 1358 996 1415 recondi
1018 1357 1209 1418 videns
1229 1401 1248 1428 ,
1282 1362 1493 1433 gaudeo
1520 1370 1577 1419 et
1600 1363 1776 1431 lator,
1796 1363 2127 1434 multumque

537 1454 659 1498 sum
688 1446 881 1501 anxius
900 1485 918 1511 ,
948 1463 1059 1504 non
1084 1447 1337 1519 ignorans
1360 1466 1519 1522 quam
1545 1452 1810 1523 malignus
1833 1452 1905 1509 sit
1931 1452 2121 1520 hostis,

537 1531 629 1600 qui
656 1542 850 1591 vestra
888 1536 1046 1594 saluti
1074 1539 1372 1598 insidiatur.
1398 1539 1535 1599 Nam
1562 1541 2009 1613 quemadmodum
2036 1543 2126 1616 pi.

540 1632 674 1679 rata:
712 1625 928 1695 quando
971 1628 1156 1686 vident
1196 1645 1389 1688 navem
1424 1632 1607 1689 multis
1631 1633 1903 1691 mercibus
1924 1649 2123 1691 onera-

536 1721 676 1779 tam,
715 1727 771 1771 et
811 1716 1063 1786 plurimas
1101 1719 1456 1780 adnitentem
1482 1723 1695 1783 divitias
1715 1766 1733 1791 .
1764 1732 1892 1782 ωηο
1910 1727 2127 1796 W-

535 1817 683 1863 mum
726 1808 905 1863 varias
945 1810 1245 1870 moliuntur
1279 1812 1534 1882 insidias,
1572 1824 1633 1871 ut
1676 1817 1882 1886 possint
1916 1832 2125 1876 merces

533 1906 725 1953 omnes
748 1894 1082 1970 demet-gere,
1108 1914 1174 1957 ac
1188 1892 1436 1961 vectores
1459 1904 1579 1961 illos
1598 1905 1832 1977 spoliare
1859 1926 1875 1962 :
1901 1910 1973 1964 ita
1994 1923 2125 1966 sane

532 1991 592 2039 et
634 1984 914 2057 diabolus,
961 2003 1085 2047 cum
1120 1993 1316 2051 viderit
1349 1995 1655 2065 spiritualcs
1687 1998 1886 2057 multas
1908 1998 2123 2057 divitias

535 2086 929 2145 coacervata,
945 2080 1557 2142 alacritatemlervidam
1577 2126 1595 2155 ,
1620 2096 1856 2145 mentem
1876 2088 2119 2161 vigilem,

534 2170 594 2218 et
640 2165 878 2236 quotidie
916 2168 1131 2227 divitias
1173 2174 1357 2243 augeri
1375 2213 1394 2241 ,
1434 2176 1702 2233 cruciatur
1754 2192 1819 2234 ac
1870 2179 2120 2238 dentibus

533 2251 775 2323 frondet,
816 2265 875 2311 et
907 2258 1057 2328 quasi
1082 2260 1255 2332 pirata
1280 2263 1561 2334 circumit,
1588 2266 2119 2341 innumerasque“-

529 2342 732 2431 cogitat
755 2353 901 2402 artes
924 2385 945 2415 ,
973 2358 1031 2404 ut
1054 2350 1103 2407 si
1129 2366 1234 2422 qua
1252 2353 1338 2411 vel
1363 2369 1587 2426 parvum
1616 2356 1852 2415 inveniat
1877 2361 2077 2419 aditum
2096 2402 2117 2431 ,

531 2430 903 2524 nosdeuudet
938 2453 1007 2497 ac
1042 2441 1239 2513 spoliet
1256 2484 1274 2513 ,
1314 2454 1371 2501 et
1394 2445 1650 2518 quidquid
1677 2450 1832 2507 nobis
1849 2460 1936 2509 est
1959 2430 2118 2524 spiri-

530 2523 753 2581 tualium
787 2525 1092 2587 divitiarum
1129 2532 1490 2604 depredetur.
1528 2539 1693 2611 Igitur
1719 2542 1885 2598 sobrii
1909 2523 2114 2615 simus,

526 2628 746 2683 quaso,
786 2623 844 2674 et
885 2628 1087 2691 quanto
1132 2624 1306 2696 magis
1343 2627 1643 2697 spirituales
1672 2640 1875 2688 nostra:
1897 2634 2121 2692 facultad

527 2712 611 2759 tes
643 2716 926 2777 «erant,
972 2719 1121 2768 tanto
1154 2715 1325 2787 magis
1359 2724 1418 2773 et
1441 2718 1634 2790 vigilia;
1670 2731 2117 2796 nostrtcaugean-

526 2802 631 2859 tur,
653 2797 963 2869 mundique
981 2802 1328 2862 excludamus
1342 2806 1583 2876 insidias,
1605 2820 1662 2868 et
1686 2811 2112 2873 benevolentiam

525 2884 622 2941 Dei
666 2886 774 2944 vita
822 2892 1024 2960 optima
1063 2894 1219 2952 nobis
1254 2898 1600 2958 conciliantes
1622 2944 1639 2970 ,
1684 2906 1948 2975 superiori
1993 2908 2114 2967 loco

522 2985 762 3068 stemus,
801 2994 963 3049 quam
1004 2991 1066 3038 ut
1107 2984 1249 3042 illius
1282 2987 1459 3057 iacula
1504 3007 1700 3050 nocere
1732 3007 1948 3068 queant.
1976 2998 2111 3057 Ilala

521 3064 670 3122 enim
695 3066 864 3125 bestia
891 3080 975 3127 est
990 3112 1010 3140 ,
1038 3083 1093 3129 et
1116 3074 1442 3147 multiplices
1467 3064 1887 3143 machinationes
1912 3091 2110 3148 struit:

522 3156 832 3247 «quando
874 3175 984 3218 non
1024 3173 1203 3235 potest
1226 3176 1374 3223 recta
1403 3185 1501 3227 nos
1527 3172 1597 3227 ad
1622 3173 1746 3229 vitia
1772 3175 1990 3235 allicere
2009 3220 2026 3247 ,
2056 3189 2114 3238 et

520 3245 637 3339 suis
666 3246 814 3339 dolis
842 3248 1124 3319 inescare;
1163 3270 1277 3312 non
1312 3258 1458 3315 enim
1496 3262 1670 3333 cogit,
1702 3264 1785 3321 vel
1811 3267 1917 3324 vim
1946 3245 2106 3339 facit,

522 3334 702 3431 absit:
724 3338 821 3395 sed
837 3339 1039 3413 decipit
1061 3354 1267 3402 tantum
1283 3388 1301 3417 ,
1321 3358 1378 3405 et
1396 3365 1535 3422 quos
1559 3353 1893 3426 negligentes
1920 3360 2066 3417 videt

521 3427 867 3524 supplantat;
907 3434 1121 3505 quando
1155 3436 1316 3509 igitur
1347 3441 1576 3500 aluum
1603 3455 1840 3504 nostram
1867 3427 2107 3524 nequitia

517 3533 617 3616 sua
657 3522 940 3616 manifeste
1215 3533 1436 3603 nequit,
1475 3549 1622 3608 stupe
1658 3552 1755 3610 per
1790 3540 1904 3614 ipsa
1940 3522 2106 3616 opera

516 3607 760 3676 virtutis,
788 3628 910 3685 quas
933 3614 1140 3698 agitatus
1159 3658 1178 3687 ,
1206 3620 1508 3682 clanwlum
1535 3607 1859 3701 esca—illati,
1891 3607 2107 3695 divitias

517 3708 729 3756 nostras
752 3703 926 3773 perdit
942 3720 1151 3764 omnes.

592 3790 677 3845 Ea:
711 3793 855 3887 bonis
884 3799 1117 3871 operibus
1140 3815 1271 3857 sana
1287 3804 1454 3875 gloria
1475 3811 1719 3866 emenda.
1746 3842 1818 3853 —
1843 3813 1979 3882 Quid
2005 3815 2101 3887 igi-

518 3891 609 3935 tur
638 3893 722 3938 est
756 3884 893 3952 hoc,
932 3889 1074 3959 quod
1111 3890 1277 3949 dico?
1300 3910 1480 3965 opera:
1507 3901 1735 3969 pretium
1776 3906 1921 3962 enim
1948 3884 2107 3964 fuerit

515 3973 850 4030 nianilesuus
887 3980 1199 4049 explicare,
1228 3992 1290 4038 ut
1310 3985 1459 4042 illius
1483 3991 1714 4061 cognitis
1740 3992 1946 4065 insidiis
1964 4038 1980 4061 ,
2010 3998 2105 4052 da-

514 4078 698 4157 mnum
732 4066 879 4137 quod
900 4068 1026 4126 inde
1050 4072 1288 4132 nascitur
1308 4115 1326 4142 ,
1358 4077 1529 4136 vitare
1558 4082 1853 4157 possimus.
1877 4085 2104 4153 Quando

514 4154 657 4210 videt
695 4173 795 4215 nos
819 4158 961 4215 nuda
989 4162 1117 4217 vitia
1152 4165 1235 4220 vix
1263 4159 1549 4227 admittere
1566 4211 1583 4236 ,
1609 4182 1664 4229 et
1691 4154 1878 4247 fugere
1904 4180 2102 4236 intem-

513 4250 840 4317 perantiam,
884 4252 1265 4311 continentiam
1306 4272 1437 4315 vero
1476 4263 1768 4333 amplexari
1815 4287 1831 4323 :
1880 4269 1949 4325 ad
1987 4269 2103 4327 lucc

510 4340 748 4394 aversari
776 4342 1078 4411 avaritiam,
1106 4346 1232 4402 odio
1260 4346 1460 4406 habere
1486 4352 1818 4422 iniustitiam.
1844 4360 2021 4417 ridere
2045 4371 2100 4418 et

508 4437 859 4487 contemnere
897 4432 1158 4505 delicias,
1192 4436 1414 4508 jejuuiis
1449 4454 1628 4500 autem
1653 4456 1711 4502 et
1736 4452 1978 4518 precibus
2003 4470 2099 4509 va-

510 4533 636 4574 care
658 4560 675 4586 ,
697 4535 761 4577 ac
779 4522 1135 4597 eleemosynis
1159 4527 1292 4585 dare
1313 4545 1534 4601 operam
1564 4552 1591 4611 ε,
1607 4544 1734 4592 tunc
1760 4539 1921 4595 alium
1950 4557 2099 4598 com-

512 4609 814 4666 miniscitur
860 4612 1042 4670 dolum
1074 4655 1091 4680 ,
1135 4631 1245 4689 quo
1287 4609 1599 4691 pessumdet
1643 4641 1833 4684 omnes
1886 4642 2099 4690 nostras

508 4981 652 5065 cient
672 4975 894 5044 gloriam
909 5018 927 5045 ,
957 4995 1066 5050 quo
1083 4983 1290 5041 scilicet
1307 5002 1340 5043 a
1361 5004 1484 5045 vera
1509 5006 1605 5049 eos
1630 4993 1797 5065 gloria
1823 4975 2092 5057 deturbet.

511 5063 723 5161 litenim
756 5070 844 5137 qui
871 5072 1146 5140 spirituale
1170 5076 1299 5147 quid
1328 5078 1529 5138 faciens
1557 5063 1845 5143 humanam
1875 5091 2096 5161 respicit

505 5155 761 5227 gloriam,
804 5163 1103 5221 mercedem
1141 5183 1292 5224 suam
1337 5170 1425 5228 hic
1464 5176 1697 5247 accipit,
1742 5190 1794 5236 et
1822 5181 1933 5251 jam
1954 5155 2091 5240 ultra

509 5250 676 5307 Deum
710 5267 817 5309 non
861 5254 1024 5312 habet
1049 5258 1371 5321 debitorem.
1406 5267 1451 5321 Α
1480 5268 1673 5339 quibus
1698 5250 1840 5329 enim
1867 5277 2089 5343 gloriam

507 5342 699 5439 «Ξειωῴ
720 5386 737 5413 ,
760 5346 914 5403 abiis
936 5348 1121 5407 laudes
1148 5363 1336 5412 nactus
1360 5365 1464 5428 est,
1488 5368 1543 5414 et
1566 5374 1627 5417 se
1643 5364 1817 5433 privat
1838 5342 1939 5422 illis
1958 5384 2092 5439 quas

507 5432 765 5491 Dominus
800 5440 1077 5519 promisit,
1113 5454 1299 5514 utpote
1323 5448 1538 5519 majoris
1564 5450 1764 5510 faciens
1790 5432 2089 5513 momentao

506 5538 663 5581 neam
700 5528 975 5586 hominum
1009 5513 1241 5603 modem,
1270 5513 1429 5608 quam
1452 5542 1547 5599 Dei
1574 5560 1813 5603 omnium
1842 5550 2090 5606 condito—

505 5614 582 5710 ris
612 5632 627 5670 :
747 5622 888 5691 quod
929 5622 1174 5682 Christus
1203 5628 1273 5683 de
1299 5632 1545 5700 precibus
1564 5674 1579 5700 ,
1610 5637 1969 5710 eleemosynis
1989 5682 2004 5705 ,
2032 5651 2087 5697 et

504 5703 716 5779 ieiuniis
752 5720 910 5769 antea
944 5712 1159 5790 docuit,
1199 5719 1279 5777 sic
1313 5720 1501 5782 dicens
1540 5742 1555 5784 :
1599 5726 1816 5795 Quando
1884 5703 2040 5801 ianos
2062 5770 2084 5802 ,

1293 365 1356 425 8.
1392 364 1673 427 JOANNIS
1706 363 2182 424 CIIRYSOS'I'OII
2219 362 2541 424 ARiIlﬂEP.
2570 366 3110 429 CONSTANTINOP.

2237 476 2370 530 tinge
2408 471 2563 530 caput
2598 471 2773 531 tuum,
2812 474 2862 519 et
2901 464 3016 518 iura
3045 464 3227 533 facient
3248 470 3386 519 tam
3407 504 3425 532 ,
3451 472 3509 520 ut
3531 482 3595 522 tte
3612 467 3818 526 videaris

2235 551 2518 605 hominibus
2550 554 2799 621 jejunum
2819 594 2836 617 ,
2876 555 2967 609 sed
3004 554 3154 609 Patri
3181 564 3268 609 tuo
3293 556 3378 619 qui
3402 565 3476 610 est
3500 556 3554 611 in
3580 560 3775 614 occulte
3799 574 3821 626 ;

2232 650 2280 694 et
2302 634 2459 696 Pater
2496 652 2641 707 tuas,
2667 646 2757 715 qui
2784 646 2915 700 uidet
2940 647 2995 701 in
3027 648 3253 713 occulto,
3292 649 3469 704 reddet
3490 648 3580 704 tibi
3603 651 3819 721 (lauti.

2232 730 2287 786 6.
2335 733 2424 787 Π.
2474 733 2587 802 18).
2620 733 2690 789 Et
2727 738 2961 791 iterum:
2992 738 3210 805 Quando
3233 740 3392 810 [acies
3417 740 3784 811 elme
3803 783 3819 805 ,

2233 838 2297 875 ne
2314 824 2433 878 tuba
2481 841 2668 893 canes,
2692 827 2893 893 inquit,
2914 838 3033 881 ante
3052 836 3135 895 te,
3158 830 3289 883 sicut
3313 832 3589 900 hypocrita
3621 833 3825 898 [eciam

2231 912 2286 966 in
2320 916 2593 984 δεδωροςή
2624 926 2671 970 et
2710 917 2889 985 pluteis
2906 957 2923 984 ,
2964 927 3021 971 ut
3045 917 3396 987 gloriﬁcent"
3424 921 3487 975 ob
3510 921 3820 978 hominibus.

2230 1002 2390 1058 Amen
2417 1006 2533 1061 dico
2558 1006 2728 1076 vobis,
2758 1017 3056 1078 acceperunt
3084 1011 3363 1064 mercedem
3390 1029 3534 1066 suam
3562 1013 3726 1083 (Ibid.
3765 1030 3826 1071 ν.

2228 1091 2309 1162 2).
2340 1092 2561 1150 Vidistis
2596 1097 2899 1165 quomodo,
2944 1098 3032 1167 qui
3059 1097 3198 1154 banc
3222 1099 3445 1170 gloriam
3472 1100 3722 1171 inquirit,
3751 1101 3832 1157 il-

2231 1179 2339 1235 lam
2364 1182 2603 1238 amittit?
2630 1185 2731 1249 Qui
2751 1195 2929 1240 autem
2954 1187 3205 1242 virtutem
3231 1187 3299 1242 ita
3326 1199 3580 1257 operatur
3599 1231 3616 1258 ,
3644 1200 3703 1245 ut
3733 1191 3821 1246 la-

2230 1280 2347 1327 tere
2388 1273 2517 1328 velit
2554 1273 2839 1341 homines,
2880 1276 2935 1330 in
2975 1275 3066 1332 die
3109 1277 3200 1332 illo
3223 1277 3443 1333 terribili
3470 1279 3644 1349 palam
3668 1279 3825 1335 acci-

2230 1362 2341 1431 piet
2374 1376 2407 1417 a
2450 1362 2675 1419 Domino
2715 1366 3144 1422 retributionem.
3185 1366 3317 1422 Nam
3344 1354 3519 1422 Ῥοιοῖ
3548 1378 3663 1425 ιω
3684 1410 3700 1432 .
3729 1371 3826 1440 qui

2228 1451 2359 1505 ridet
2387 1452 2443 1507 in
2476 1453 2705 1522 accubo,
2742 1454 2919 1510 reddet
2942 1457 3034 1511 tibi
3063 1457 3117 1511 in
3148 1458 3415 1529 manifesto
3439 1457 3603 1530 (Ibid.
3643 1476 3693 1515 υ.
3732 1462 3822 1531 4).

2226 1538 2307 1595 Ne
2338 1540 2575 1611 cogites,
2618 1541 2822 1613 inquit,
2862 1544 3069 1600 nullum
3094 1545 3365 1601 hominem
3396 1555 3450 1602 te
3477 1547 3692 1605 laudare
3712 1592 3727 1613 ,
3758 1557 3825 1606 et

2228 1638 2282 1685 te
2306 1630 2557 1686 virtutem
2597 1632 2737 1688 clam
2770 1648 3026 1690 exercere
3055 1652 3071 1689 :
3104 1637 3200 1692 scd
3244 1636 3345 1692 hoc
3371 1640 3580 1709 cogita,
3615 1650 3825 1696 tantam

2225 1718 2339 1776 fore
2365 1720 2524 1790 paulo
2543 1731 2665 1791 post
2683 1723 2891 1779 Domini
2914 1723 3287 1781 liberalitatem
3304 1768 3323 1793 ,
3345 1736 3527 1783 utnon
3548 1730 3691 1785 sinat
3712 1731 3825 1787 hoc

2222 1811 2363 1866 clam
2402 1811 2489 1867 vel
2528 1811 2585 1867 in
2622 1812 2832 1869 occulto
2859 1830 2981 1871 esse
3010 1832 3027 1871 :
3051 1816 3148 1871 sed
3176 1828 3440 1887 prasente
3465 1821 3612 1874 omni
3640 1821 3821 1877 homi-

2224 1916 2354 1957 num
2394 1916 2625 1973 genere,
2668 1903 2739 1959 ab
2772 1904 2941 1959 Adam
2989 1920 3158 1975 usque
3196 1906 3266 1961 ad
3290 1910 3815 1967 consummationem

2222 1994 2408 2048 ιωαηί
2449 2002 2504 2050 te
2548 1996 2804 2066 praedicet
2847 2005 2903 2053 et
2937 2008 3193 2065 coronet,
3242 1992 3726 2074 susceptorumque
3760 2006 3821 2063 ita

2222 2083 2521 2140 exercenda
2547 2085 2745 2142 virtute
2768 2086 3011 2143 laborum
3042 2091 3258 2160 plu-mia
3283 2091 3498 2147 tribuat.
3519 2093 3632 2161 Qua
3658 2096 3821 2165 igitur

2220 2177 2564 2233 causatione
2598 2179 2744 2249 digni
2786 2178 2982 2235 fuerint
3008 2181 3041 2235 ii
3067 2182 3159 2252 qui
3188 2183 3423 2238 laborem
3447 2185 3662 2241 virtutis
3689 2201 3817 2243 sus-

2222 2266 2431 2334 tinent,
2467 2276 2522 2322 et
2564 2276 2783 2339 propter
2822 2283 3251 2327 motnenlaneam
3291 2283 3346 2329 et
3393 2274 3550 2331 vilem
3578 2276 3818 2333 {utilem-

2218 2373 2326 2429 que
2372 2358 2647 2416 hominum
2687 2361 2914 2433 gloriam
2938 2404 2955 2432 ,
2999 2373 3200 2420 :eterna
3228 2365 3320 2421 illa
3348 2368 3669 2441 semetipsos
3697 2370 3813 2440 pri-

2219 2460 2346 2506 vant
2369 2450 2395 2503 τ

2287 2540 2343 2595 2.
2374 2540 2612 2598 Obsecro
2640 2543 2817 2614 igitur,
2839 2553 2898 2600 ut
2920 2559 3020 2601 nos
3045 2546 3181 2602 bene
3208 2547 3534 2616 muniamus,
3556 2558 3611 2607 et
3633 2552 3811 2622 quod-

2215 2645 2445 2703 cumque
2486 2635 2763 2704 spirituale
2804 2651 2943 2707 opus
2981 2639 3378 2709 aggrediemur,
3432 2644 3535 2700 hoc
3586 2644 3810 2701 studea-

2218 2741 2338 2782 mus
2390 2727 2442 2781 in
2485 2730 2865 2799 promptuariis
2912 2730 3075 2786 animi
3145 2734 3312 2788 nostri
3361 2736 3702 2803 recondere,
3751 2746 3812 2793 ut

2218 2814 2398 2872 laudet
2440 2832 2539 2873 nos
2574 2821 2759 2880 oculos
2802 2821 2893 2876 ille
2936 2822 3026 2891 qui
3062 2837 3356 2895 numquam
3388 2824 3687 2883 dormitat:
3740 2844 3809 2884 ne

2216 2918 2437 2979 propter
2472 2910 2747 2966 hominum
2792 2910 3009 2981 laudes,
3051 2928 3198 2985 saepe
3226 2914 3293 2969 ad
3328 2917 3554 2986 gratiam
3579 2928 3809 2989 captan-

2214 2997 2337 3053 dam
2374 2999 2528 3055 datas
2550 3042 2567 3067 ,
2595 3000 2794 3072 indigni
2819 3002 3122 3060 emciamur
3148 3005 3355 3060 Domini
3382 3006 3649 3064 laudibus.
3679 3008 3813 3068 lin

2212 3092 2359 3147 enim
2397 3092 2556 3148 ambo
2595 3094 2893 3164 perniciosa
2918 3105 3080 3162 sunt,
3110 3105 3165 3152 et
3194 3097 3352 3152 saluti
3381 3108 3580 3155 nostra:
3602 3101 3765 3157 noxia
3791 3119 3810 3168 ;

2213 3182 2488 3253 spiritualc
2534 3183 2731 3254 aliquid
2778 3186 3052 3256 operando
3107 3187 3173 3241 ad
3226 3186 3513 3245 humanam
3558 3202 3811 3261 spectare

2212 3273 2467 3343 gloriam,
2514 3282 2569 3329 et
2606 3274 2744 3331 bene
2784 3276 2992 3346 agendo
3028 3276 3258 3334 sublime
3297 3279 3367 3336 de
3392 3293 3454 3336 se
3475 3295 3687 3351 sapere.
3721 3282 3811 3340 ld-

2213 3366 2587 3421 circo-sobrios
2606 3381 2727 3423 esse
2753 3382 2852 3424 nos
2880 3378 3092 3440 oportet
3118 3384 3183 3425 ac
3208 3370 3394 3440 vigiles
3416 3412 3432 3436 ,
3454 3382 3511 3428 et
3527 3388 3810 3444 apponere

2210 3456 2367 3511 nobis
2404 3457 2713 3528 quotidiana
2756 3473 2790 3515 e
2824 3460 2992 3515 sacris
3028 3459 3221 3534 Litoris
3258 3463 3577 3532 pharmaca,
3622 3467 3693 3521 ita
3746 3477 3809 3522 ut

2211 3546 2525 3615 perniciosis
2569 3545 2941 3605 aﬂ'cctionibus
2985 3550 3102 3606 istis
3151 3568 3258 3607 non
3304 3553 3635 3611 irretiomur.
3667 3556 3806 3615 Nam

2208 3636 2311 3692 etsi
2350 3637 2471 3707 quis
2515 3638 2792 3694 innumera
2836 3638 2975 3696 bona
3001 3656 3166 3712 opera
3196 3643 3415 3711 fecerit,
3440 3645 3808 3721 virtutemque

2202 3741 2421 3783 omnem
2448 3728 2757 3796 absolverit,
2785 3731 2830 3786 si
2862 3739 3039 3787 tamen
3067 3748 3315 3804 magnum
3341 3736 3469 3806 quid
3496 3736 3566 3793 de
3589 3754 3652 3794 se
3669 3754 3804 3797 stm-

2208 3818 2339 3884 tiat,
2368 3820 2607 3876 omnium
2633 3820 2969 3877 miserrimus
2995 3823 3171 3878 fuerit.
3199 3823 3353 3892 Quod
3384 3825 3538 3899 nobis
3568 3830 3807 3887 manifeo

2207 3918 2348 3963 stum
2393 3920 2478 3965 est
2517 3926 2583 3967 ex
2620 3911 2683 3966 iis
2720 3926 2841 3983 quae
2880 3912 3150 3969 Pbarisam
3172 3915 3480 3972 acciderunt
3504 3958 3521 3983 ,
3550 3919 3641 3987 qui
3669 3920 3801 3977 dum

2208 4015 2397 4072 magna
2432 4002 2502 4059 de
2529 4018 2589 4059 se
2614 4006 2816 4070 sensit,
2844 4012 2899 4059 et
2929 4006 3267 4073 publicanum
3290 4011 3619 4081 contempsit
3644 4011 3798 4084 (Luc.

2207 4090 2335 4162 i8),
2380 4093 2558 4148 subito
2593 4093 2828 4150 deterior
2867 4096 3036 4151 iactus
3076 4105 3162 4152 est
3183 4096 3496 4166 publicano,
3522 4109 3579 4155 et
3606 4116 3801 4159 omnes

2207 4183 2463 4238 virtutum
2507 4183 2719 4239 divitias
2764 4186 2937 4255 lingua
2979 4201 3074 4241 sua
3118 4188 3305 4244 ell'udit
3347 4206 3362 4243 :
3406 4205 3555 4246 acse
3584 4194 3800 4249 nudans

2204 4288 2538 4347 vacuumque
2574 4278 2942 4343 consumens,
2982 4280 3300 4349 stupendum
3343 4289 3400 4336 et
3436 4297 3632 4338 novum
3660 4301 3799 4340 nau-

2204 4363 2429 4434 fragium
2471 4366 2704 4434 pertulit.
2749 4364 2879 4421 Cum
2920 4369 3063 4423 enim
3090 4368 3158 4424 ad
3186 4379 3395 4440 portum
3424 4374 3795 4442 pervenisset,

2202 4469 2391 4511 omnes
2430 4470 2640 4511 merces
2679 4470 2804 4511 suas
2830 4456 3139 4515 submersit.
3169 4460 3302 4517 Nam
3342 4462 3386 4517 si
3427 4462 3479 4517 id
3519 4464 3795 4522 infortunii

2204 4558 2422 4619 prapter
2467 4563 2655 4618 preces
2698 4548 2912 4620 indigne
2941 4551 3163 4606 emissas
3190 4554 3392 4608 accidat
3413 4595 3430 4619 ,
3459 4555 3688 4624 perinde
3710 4570 3795 4613 est

2200 4653 2264 4693 ac
2285 4638 2329 4694 si
2354 4639 2471 4708 quis
2497 4638 2548 4693 in
2574 4639 2750 4695 medio
2775 4648 2925 4709 portu
2948 4640 3278 4710 naufragium
3301 4643 3458 4697 faciat
3503 4643 3797 4715 Propterea

2200 4740 2256 4786 et
2285 4729 2527 4786 Christus
2553 4731 2826 4801 discipulis
2852 4733 2963 4787 suis
2993 4734 3305 4802 pm'cipioos
3326 4776 3343 4801 ,
3374 4735 3587 4791 dicebat
3616 4755 3631 4791 :
3664 4738 3795 4794 Cum

2076 4860 2093 4887 ,
2201 4820 2373 4875 omnia
2398 4822 2611 4893 feceritis
2633 4862 2648 4884 .
2675 4821 2825 4875 dicite
2872 4836 2892 4876 :
2930 4820 3074 4877 Serui
3102 4822 3304 4878 inutiles
3318 4841 3492 4880 solum
3512 4824 3669 4897 (Luc.
3704 4829 3791 4886 Π.

2203 4911 2313 4982 10).
2341 4912 2458 4979 Quo
2482 4910 2626 4966 dicto
2650 4912 2858 4965 munire
2881 4927 2975 4966 eos
2996 4912 3107 4965 vult
3130 4952 3145 4976 ,
3172 4921 3227 4968 et
3245 4929 3403 4983 quam
3427 4915 3742 4986 longissime
3759 4935 3794 4976 a

2201 5002 2500 5073 pernicioso
2540 5002 2634 5057 illo
2677 5002 2866 5056 morbo
2899 5003 3154 5057 alienare.
3186 5002 3435 5071 Vidistis,
3478 5008 3789 5079 carissimi,

2197 5093 2465 5163 quomodo
2509 5092 2553 5148 is
2595 5093 2685 5162 qui
2730 5092 3013 5148 humanum
3061 5095 3283 5164 gloriam
3320 5098 3519 5163 ambit,
3560 5100 3791 5172 ejusque

2196 5184 2363 5254 gratia
2393 5184 2600 5238 virtutis
2628 5184 2881 5239 exercitia
2912 5183 3051 5251 adit,
3085 5186 3363 5241 utilitatem
3386 5189 3587 5245 nullam
3615 5195 3788 5259 perci-

2198 5276 2273 5346 pit
2303 5293 2316 5328 :
2345 5285 2399 5330 et
2444 5284 2563 5345 post
2598 5276 2895 5331 exautlatos
2922 5290 3108 5332 omnes
3134 5278 3341 5333 virtutis
3367 5278 3579 5335 labores
3605 5324 3619 5346 ,
3647 5286 3693 5337 si
3721 5285 3787 5341 de

2196 5367 2260 5421 iis
2295 5367 2539 5422 videatur
2573 5368 2737 5421 altum
2768 5382 2956 5435 sapere
2974 5409 2989 5432 ,
3015 5382 3252 5423 omnium
3279 5384 3475 5424 vacuus
3504 5373 3786 5443 nudusque

2194 5457 2424 5513 evadat?
2466 5457 2751 5527 Fugiamus
2790 5460 2980 5527 igitur,
3012 5458 3269 5525 obsecro,
3310 5460 3637 5530 perniciosas
3668 5467 3787 5521 illas

2192 5549 2533 5616 aﬂectiones,
2563 5558 2619 5604 et
2650 5550 2715 5604 ad
2752 5550 2897 5605 illum
2932 5565 3145 5620 semper
3177 5552 3387 5621 vigilem
3413 5555 3625 5608 oculmn
3656 5572 3781 5627 spe.

2192 5649 2401 5694 ciemus
2444 5650 2689 5695 tantum:
2728 5657 2791 5697 ac
2837 5643 2967 5697 nihil
3007 5659 3288 5698 commune
3330 5644 3621 5702 habeamus
3660 5664 3781 5705 cum

2196 5734 2594 5805 nostrigcncris
2615 5734 2913 5793 hominibus
2932 5778 2946 5804 ,
2970 5751 3140 5809 neque
3163 5736 3229 5792 ab
3254 5736 3331 5793 eis
3356 5736 3555 5795 laudari
3573 5754 3782 5813 quara-
