4070 6384
588 398 688 452 ὶῆθι
1292 389 1349 445 S.
1388 384 1677 446 JOANNIS
1713 377 2200 439 CHRYSOSTOMI
2238 379 2559 438 ARCHIEP.
2594 369 3146 435 CONSTANTINOP.

588 516 823 571 ἔπαινον,
862 507 977 562 ἀλλ’
1008 505 1302 578 ἀρκώμεθα
1326 504 1407 574 τῷ
1434 503 1584 574 παρά
1611 502 1703 556 τοῦ
1742 501 2028 555 Δεσπότου.
2065 488 2150 549 Οὗ

586 597 621 647 ό
652 594 899 656 ἔπαινος
923 590 1051 661 7&9,
1079 589 1262 661 φησιν,
1290 590 1402 641 οὐκ
1434 586 1502 650 ἐξ
1530 585 1874 653 ἀνθρώπων,
1913 582 2048 638 ἀλλ’
2083 581 2153 633 ἐκ

587 675 757 729 Θεοῦ.
782 673 891 727 Καὶ
929 673 1037 741 ὅσῳ
1066 672 1132 725 ἂν
1150 665 1302 739 ’πρὸς
1332 668 1551 739 μείζονα
1583 666 1909 736 ἐπιδιδῶμεν
1932 663 2152 734 ἀρετὴν,

586 755 823 825 τοσούτῳ
846 753 1042 825 μᾶλλον
1058 752 1283 814 ἑαυτοὺς
1307 749 1615 821 μετριάζειν
1630 746 2149 820 παρασκευάζωμεν,

586 840 680 893 καὶ
700 833 1071 891 συνεστάλθαι.
1107 833 1225 887 Κάν
1251 832 1358 902 γὰρ
1378 832 1514 903 πρὸς
1544 831 1717 902 αὐτὴν
1742 830 2035 899 φθάσωμεν
2054 826 2155 894 τῆς

586 922 785 994 ἀρετῆς
814 919 913 991 τὴν
967 917 1234 988 κορυφὴν,
1283 915 1379 970 ἐάν
1412 913 1717 984 ἀντιθῶμεν
1745 913 1842 978 τάς
1878 912 2029 986 παρά
2058 910 2154 965 τοῦ

583 993 852 1057 Δεσπότου
910 1000 1225 1070 εὐεργεσίας
1286 998 1422 1068 μετά
1476 997 1675 1067 πολλῆς
1719 993 2153 1066 εὐγνωμοσύνης,

583 1086 702 1139 τότε
729 1083 908 1146 καλῶς
933 1081 1194 1151 ὀψόμεθα,
1217 1082 1297 1133 ὅτι
1317 1081 1439 1133 οὐδὲ
1465 1079 1527 1132 τὸ
1552 1079 1838 1133 πολλοστὸν
1864 1078 2029 1148 μέρος
2046 1076 2156 1130 τῶν

584 1166 735 1236 παρά
761 1165 855 1218 τοῦ
889 1164 1025 1217 Θεοῦ
1057 1166 1136 1225 εἰς
1164 1163 1310 1233 ἡμᾶς
1336 1162 1702 1233 ὑπηργμένων
1737 1160 2152 1230 εἰσηνέγκαμεν.

584 1250 696 1302 Καὶ
736 1247 845 1319 γὰρ
880 1248 1112 1307 ἐκαστος
1155 1244 1264 1297 τῶν
1302 1245 1473 1311 ἀγίων
1520 1242 1767 1297 ἐντεῦθεν
1799 1240 2153 1311 ηὐδοκίμησε.

586 1330 697 1385 Καὶ⁵
730 1332 818 1384 ἵνα
842 1329 1040 1400 μάθῃς,
1057 1328 1221 1381 ἀκουε
1239 1325 1333 1379 τοῦ
1362 1327 1460 1396 τῆς
1474 1325 1793 1395 οἰκουμένης
1815 1322 2155 1383 διδασκάλου,

584 1416 683 1486 τῆς
705 1412 1114 1483 οὐρανομήκους
1134 1410 1348 1479 ἐκείνης
1374 1408 1570 1486 ψυχῆς,
1601 1407 1720 1469 πῶς
1742 1408 1898 1476 ..μετὰ
1923 1405 2157 1459 τοσαῦτα

587 1484 1007 1565 κατορθώματα,
1040 1492 1178 1563 μετά
1202 1492 1299 1561 τὴν
1324 1484 1589 1557 τοσαύτην
1614 1488 1816 1542 ἀνωθεν
1858 1486 2159 1557 μαρτυρίαν

589 1578 848 1646 (Σκεῦος
866 1577 993 1645 7&9,
1017 1575 1201 1644 φησὶν,
1225 1572 1485 1641 ἐκλογῆς
1520 1570 1654 1625 ἐστί
1676 1589 1776 1639 μοι
1805 1566 2024 1636 οὗτος).
2060 1568 2161 1622 οὐκ

587 1658 996 1712 ἐπιλανθάνεται
1026 1656 1135 1709 τῶν
1161 1654 1378 1707 οἰκείων
1400 1653 1902 1723 πλημμελημάτων,
1927 1652 2039 1704 ἀλλ’
2062 1652 2163 1721 ἀμ-

587 1744 707 1809 φοῖν
726 1740 896 1794 ταῦτα
930 1736 1304 1809 περιστρέφει,
1344 1736 1437 1789 καὶ
1473 1736 1615 1806 ὑπὲρ
1665 1729 1741 1788 ὧν
1781 1734 2014 1805 μάλιστα
2059 1751 2161 1787 πε-

589 1823 989 1895 πληροφόρητο,
1040 1821 1123 1873 ὅτι
1176 1819 1276 1890 τὴν
1305 1818 1655 1888 συγχώρησιν
1685 1819 1901 1884 ἐδέξατο
1933 1818 2020 1870 διὰ
2066 1814 2161 1869 τοῦ

592 1905 982 1974 βαπτίσματος,
1012 1902 1130 1955 οὐδὲ
1166 1902 1368 1959 τούτων
1414 1900 1859 1954 ἐπιλανθάνεσθαι
1888 1900 2160 1969 ἀνέχεται,

590 1986 728 2041 ἀλλά
753 1987 847 2056 βοᾷ
880 1985 974 2039 καὶ
999 1985 1167 2051 λέγει,
1196 1984 1277 2036 ὅτι
1323 1982 1679 2050 Ἐλὰχιστός
1719 1983 1832 2048 εἰμι
1869 1980 1987 2033 τῶν
2017 1982 2165 2034 ἀπο-

590 2071 849 2130 στόλων,
904 2067 1001 2120 καί
1032 2068 1141 2118 οὐκ
1171 2065 1286 2132 είμί
1322 2063 1528 2126 ἱκανὸς
1559 2061 1867 2114 καλεῖσθαι
1905 2059 2165 2115 ἀπόστοο

590 2155 720 2215 λος.
748 2146 877 2202 Εἶτα
901 2149 989 2202 ἵνα
1014 2147 1112 2217 τὴν
1146 2144 1451 2220 ὑπερϐολὴν
1475 2143 1639 2197 αὐτοῦ
1671 2142 2045 2220 παιδευθῶμεν
2065 2139 2162 2212 τῆς

589 2228 1107 2300 ταπεινοφροσύνης,
1136 2217 1467 2298 προσέθηκε,
1487 2226 1640 2297 Διότι
1664 2224 1878 2288 ἐδίωξα
1902 2217 2018 2291 τὴν
2034 2225 2165 2278 Ἔκ-

590 2314 856 2378 κλησΙαν
885 2310 991 2364 τοῦ
1027 2310 1194 2365 Θεοῦ.
1228 2309 1292 2361 τί
1330 2311 1521 2372 ποιεῖς,
1551 2301 1596 2360 ὦ
1621 2306 1832 2369 Παῦλε;
1874 2307 1931 2359 '0
1963 2307 2165 2360 Δεσπόο

590 2410 692 2464 της
718 2393 805 2447 διὰ
828 2392 925 2464 τὴν
945 2391 1151 2445 οἰκείαν
1174 2391 1483 2460 φιλοτιμίαν
1516 2388 1889 2460 συνεχώρησε,
1933 2390 2028 2442 καὶ
2060 2390 2164 2442 άπ-

593 2474 812 2545 ήλειψεν
860 2475 1073 2528 ἅπαντα
1109 2472 1182 2524 τά
1215 2471 1577 2543 ἡμαρτημένα
1621 2487 1724 2535 σοι,
1754 2471 1847 2524 καὶ
1882 2471 1947 2524 σὺ
1995 2469 2165 2523 ταῦτα

596 2556 883 2627 στρέφειςς
913 2553 1021 2608 Ναὶ
1040 2594 1056 2617 ,
1088 2550 1203 2607 οἶδα
1223 2593 1238 2616 ,
1274 2554 1439 2622 φησί,
1472 2553 1568 2607 καὶ
1598 2554 1698 2606 οὐκ
1736 2553 1915 2621 ἀγνοῶ
1943 2551 2037 2606 τοῦ
2067 2555 2165 2606 Δε-

505 2652 509 2657 ·
598 2640 795 2692 σπότου
830 2636 924 2689 τοῦ
980 2635 1113 2706 ἐμοῦ
1154 2635 1253 2704 τὴν
1283 2635 1437 2689 λύσιν
1460 2651 1473 2664 °
1509 2635 1624 2689 ἀλλ’
1663 2637 1789 2689 ὅταν
1831 2637 2065 2702 ἐννοήσω
2096 2634 2168 2688 τά

595 2720 718 2789 ἐμοὶ
749 2717 1103 2787 εἰργασμένα.
1137 2718 1231 2769 καὶ
1286 2716 1377 2769 ίδω
1415 2716 1476 2769 τὸ
1521 2716 1755 2786 πέλαγος
1786 2718 1883 2787 τῆς
1909 2716 2002 2770 τοῦ
2033 2715 2166 2770 Θεοῦ

596 2800 1021 2869 φιλανθρωπίας,
1056 2798 1177 2851 τότε
1210 2796 1463 2867 μανθάνω
1494 2798 1709 2862 καλῶς,
1740 2799 1823 2851 ὅτι
1856 2798 2036 2869 χάριτι
2073 2799 2168 2851 αὐ-

596 2882 688 2936 τοῦ
718 2883 810 2935 καὶ
832 2879 1210 2951 φιλανθρωπίᾳ
1238 2880 1352 2949 είμὶ
1379 2879 1406 2931 ὃ
1429 2880 1563 2948 εἰμι.
1594 2878 1776 2932 Εἰπὼν
1796 2880 1926 2950 7&9,
1951 2881 2031 2932 ὅτι
2045 2881 2166 2933 Οὐκ

598 2966 713 3031 εὶμί
742 2964 948 3028 ἱκανὸς
994 2960 1305 3015 καλεῖσθαι
1355 2961 1715 3026 ἀπόστολος,
1776 2960 1923 3014 διότι
1954 2959 2168 3023 ἐδίωξα

597 3047 713 3114 τὴν
749 3048 1117 3111 Ἐκκλησίαν
1156 3044 1261 3096 τοῦ
1312 3040 1480 3107 Θεοῦ,
1534 3042 1779 3112 ἐπήγαγε
1802 3058 1818 3074 ο
1853 3041 2050 3109 Χάριτι
2101 3040 2169 3093 δὲ

601 3131 749 3184 Θεοῦ
778 3131 892 3196 εἰμι
924 3125 958 3179 6
989 3129 1121 3195 εἰμι.
1161 3124 1300 3189 Ἐγὼ
1338 3126 1455 3194 μὲν,
1488 3125 1640 3192 φησι,
1673 3122 1939 3194 τοσαύτην
1964 3123 2169 3176 ἐπεδειο

601 3211 779 3281 ξάμην
809 3209 906 3278 τὴν
930 3210 1127 3278 μανίαν
1147 3224 1160 3237 ’
1191 3208 1224 3274 ή
1250 3206 1306 3258 δὲ
1340 3205 1543 3274 άφατος
1568 3205 1733 3259 αὑτοῦ
1777 3205 2050 3274 ἀγαθότης
2075 3205 2170 3259 καὶ

595 3295 630 3363 ἠ
659 3293 815 3363 χάρις
840 3292 940 3359 τὴν
970 3288 1314 3358 συγχώρησιν
1341 3286 1650 3357 ἐχαρίσατο.
1682 3283 1833 3349 Εἶδες
1851 3286 2028 3357 ψυχὴν
2052 3304 2171 3340 συν-

595 3373 986 3446 τετριμμένην,
1011 3372 1105 3424 καὶ
1133 3369 1243 3422 τῶν
1269 3368 1377 3440 πρὸ
1392 3368 1488 3422 τοῦ
1521 3367 1893 3440 βαπτίσματος
1919 3371 2169 3438 ἡμαρτη-

602 3457 777 3528 μένων
824 3452 1082 3523 διηνεκῶς
1112 3452 1209 3522 τὴν
1241 3453 1458 3522 μνήμην
1495 3450 1932 3520 περιφέρουσανς
1969 3448 2167 3503 Τοῦτον

598 3536 663 3609 δὴ
685 3538 779 3591 καὶ
809 3538 966 3606 ἡμεῖς
998 3531 1384 3604 μιμησώμεθα,
1410 3532 1503 3584 καὶ⁵
1531 3531 1599 3584 τὰ
1635 3532 1768 3599 μετά
1797 3532 1859 3585 τὸ
1888 3532 2169 3602 βάπτισμα

568 3618 731 3690 ’ἡμῖν
776 3615 1159 3688 ἡμαρτημένα,
1199 3612 1370 3667 ταῦτα
1411 3611 1531 3665 καθ’
1564 3612 1800 3683 ἑκάστην
1838 3615 2046 3685 ἡμέραν
2080 3633 2168 3684 μια

604 3702 986 3772 μνησκόμενοι,
1022 3697 1115 3750 καὶ
1141 3696 1402 3766 διηνεκῶς
1432 3697 1490 3749 ἐν
1522 3696 1586 3767 τῇ
1636 3696 1846 3767 διανοίᾳ
1890 3698 2171 3770 περιστρέ-

601 3801 811 3852 φοντες,
846 3779 1114 3852 μηδέποτε
1146 3777 1513 3847 συγχωρῶμεν
1533 3780 1613 3840 εἰς
1638 3778 1806 3848 λήθην
1825 3780 1972 3849 ἡμᾶς
1993 3780 2169 3833 αὐτῶν

601 3867 882 3937 ἐμπεσεῖν.
925 3861 1130 3923 Ἱκανὸς
1158 3860 1266 3930 7&9
1293 3862 1423 3929 ἡμῖν
1467 3860 1680 3929 χαλινὸς
1704 3861 1861 3915 τοῦτο
1886 3865 2169 3932 γενήσεται

600 3947 738 4018 πρὸς
770 3946 829 3997 τὸ
880 3941 1229 3996 συνεστάλθαι
1282 3942 1377 3995 καὶ
1418 3940 1745 4013 μετριάζειν.
1801 3944 1909 3997 Καὶ
1939 3944 1990 3998 τί
2031 3945 2170 4013 λέγω

604 4026 836 4089 Παῦλον,
869 4025 960 4079 τὸν
996 4023 1247 4077 τοσοῦτον
1284 4023 1378 4076 καὶ
1430 4023 1773 4092 τηλικοῦτον;
1809 4024 1993 4088 Θέλεις
2046 4026 2171 4080 ἰδεῖν

602 4109 840 4171 καὶτοὺς
874 4108 933 4159 ἐν
957 4108 1022 4175 τῇ
1055 4104 1263 4175 nam;
1312 4102 1558 4158 ἐντεῦθεν
1596 4104 1830 4174 μάλιστα
1881 4106 2171 4179 εὐδοκιμή-

604 4206 822 4252 σαντας,
851 4188 960 4241 ἀπὸ
986 4186 1080 4239 τοῦ
1113 4186 1422 4257 μετριάζειν
1452 4185 1587 4256 μετά
1613 4188 1784 4258 μυρία
1817 4189 2172 4259 κατορθώμα-

600 4288 687 4331 τα,
703 4272 795 4324 καὶ
808 4270 906 4341 τὴν
926 4269 1130 4338 ἄφατον
1150 4268 1461 4339 παρρησίαν
1480 4284 1495 4331 ;
1513 4268 1708 4320 Ἄκουε
1722 4267 1815 4322 τοῦ
1833 4271 2169 4341 πατριάρχου

600 4352 867 4416 λέγοντος,
894 4350 1030 4425 μετά
1056 4350 1153 4419 τὴν
1189 4350 1402 4419 ὁμιλίαν
1429 4348 1525 4419 τὴν
1552 4349 1687 4419 πρὸς
1715 4349 1805 4403 τὸν
1836 4350 1988 4413 Θεὸν,
2034 4353 2170 4422 μετά

603 4434 699 4504 τὴν
727 4431 1054 4501 ἐπαγγελίαν
1081 4431 1177 4501 τὴν
1205 4432 1284 4494 εἰς
1310 4430 1469 4484 αὐτὸν
1487 4431 1861 4502 γεγενημένην
1880 4448 1893 4462 ·
1932 4432 2073 4502 Ἐγὼ
2103 4432 2172 4487 δέ

522 4564 525 4565 ν
601 4519 717 4585 ειμι
753 4514 831 4583 γῆ
866 4514 963 4567 καί
994 4512 1242 4579 σποδός.

672 4611 741 4665 7'.
772 4595 917 4668 [508]
961 4594 1098 4647 Ἀλλ’
1122 4594 1306 4665 ἐπειδὴ
1327 4594 1419 4648 τοῦ
1441 4594 1778 4665 πατριάρχου
1807 4596 2101 4667 ἐμνήσθην,
2122 4600 2171 4649 εἰ

601 4679 767 4743 δοκεῖ,
804 4677 873 4731 τά
908 4678 1145 4747 σήμερον
1173 4678 1586 4746 ἀναγνωσθέντα
1616 4677 1905 4750 προθῶμεν
1951 4678 2044 4729 ἐπὶ
2074 4681 2172 4748 τῆς

605 4762 873 4832 ὑμετέρας
927 4760 1147 4829 ἀγάπης
1168 4800 1183 4822 ,
1216 4760 1301 4813 ἶνα
1332 4759 1506 4813 ταῦτα
1538 4760 1943 4826 ἀναπτύξαντες
1973 4760 2172 4828 ίδωμεν

602 4843 702 4913 τῆς
729 4842 928 4912 ἀρετῆς
959 4841 1051 4894 τοῦ
1084 4841 1291 4894 δικαίου
1320 4842 1419 4913 τὴν
1452 4842 1779 4913 ὑπερϐολήν.
1818 4844 1929 4896 Καὶ
1972 4842 2170 4905 ἔλαϐε,

606 4926 759 4994 φησὶ,
788 4924 982 4990 adma
998 4922 1104 4975 τὸν
1125 4923 1338 4989 Ἀϐραμ
1361 4924 1457 4976 καί
1481 4923 1587 4976 τὸν
1604 4924 1816 4992 Ναχὼρ
1840 4923 1981 4989 τοὺς
2004 4924 2175 4989 υἱοὺς

602 5005 806 5063 αὑτοῦ.
840 5004 938 5057 καὶ
969 5003 1073 5055 τὸν
1098 5002 1227 5057 Λὼτ
1258 5004 1364 5056 τόν
1383 5005 1517 5059 υἱὸν
1536 5006 1640 5059 τοῦ
1662 5006 1795 5060 υιοῦ
1827 5006 2036 5069 αὑτοῦ,
2070 5006 2172 5059 καὶ

603 5088 718 5153 τὴν
748 5087 946 5154 Σάραν
970 5084 1083 5149 τὴν
1101 5085 1343 5152 νύμφην
1364 5085 1570 5149 αὑτοῦ,
1601 5087 1853 5155 γυναῖκα
1875 5087 1944 5140 δὲ
1957 5089 2173 5155 Ἀϐραμ

603 5168 711 5224 τοῦ
743 5168 876 5222 υἱοῦ
906 5165 1090 5219 αὑτοῦ
1114 5181 1127 5193 ·
1156 5165 1254 5218 καί
1268 5166 1561 5235 ἐξήγαγεν
1578 5168 1799 5234 αὐτοὺς
1831 5169 1899 5221 ἐκ
1930 5168 2040 5236 τῆς
2061 5168 2174 5237 χώ-

604 5268 714 5319 ρας
736 5251 859 5304 τῶν
886 5248 1216 5308 Χαλδαίων,
1248 5246 1607 5316 πορευθῆναι
1642 5252 1730 5314 είς
1776 5250 1890 5317 τὴν
1915 5250 2032 5319 γῆν
2056 5250 2176 5304 τῶν

605 5331 972 5390 Χαναναίων,
992 5328 1089 5382 καί
1110 5323 1294 5397 ἦλθεν
1319 5329 1425 5395 ἕως
1447 5330 1682 5399 Χαρρὰν
1702 5332 1796 5384 καί
1829 5332 2176 5400 κατῴκησεν

606 5414 755 5468 ἐκεῖ·
791 5413 887 5466 καῖ
940 5410 1218 5480 ἐγένοντο
1270 5410 1456 5466 πᾶσαι
1510 5415 1571 5465 αἱ
1616 5411 1824 5481 ἡμέραι
1873 5412 2068 5481 adma
2105 5415 2176 5468 ἐν

609 5496 842 5562 Χαρρὰν
890 5494 994 5559 ἔτη
1042 5492 1322 5546 διακόσια
1358 5492 1534 5547 πέντε
1556 5533 1571 5556 ,
1632 5495 1730 5547 καὶ
1779 5494 2075 5550 ἀπέθανεν
2105 5498 2174 5551 ἐν

606 5578 863 5647 Χαῤῥάν.
893 5576 1048 5630 Μετά
1091 5576 1376 5648 ἀκριϐείας
1426 5577 1797 5647 προσέχωμεν,
1848 5580 2171 5650 παρακαλῶ,

606 5665 720 5724 τοῖς
756 5659 1200 5727 ἀναγνωσθεῖσιν,
1252 5661 1339 5713 ἴνα
1368 5658 1684 5729 δυνηθῶμεν
1735 5660 2054 5715 καταλαϐεῖν
2083 5663 2173 5717 τὸν

606 5741 733 5794 νοῦν
780 5742 888 5794 τῶν
926 5741 1406 5811 ἐγγεγραμμένων.
1460 5742 1587 5794 Ἰδοὺ
1620 5741 1726 5809 7&9
1778 5742 1834 5793 ἐν
1873 5744 2173 5813 προοιμίοις

608 5826 754 5879 δοκεῖ
782 5825 999 5895 ζήτημα
1019 5818 1157 5875 εἶναι
1179 5825 1235 5876 ἐν
1252 5826 1365 5886 τοῖς
1388 5823 1715 5894 εἰρημένοις.
1742 5823 1845 5876 Τοῦ
1871 5824 1979 5896 γὰρ
2004 5844 2169 5896 μακαο

614 5908 731 5982 ρίου
758 5907 947 5961 τούτου
976 5906 1275 5979 προφήτου,
1298 5905 1391 5959 τοῦ
1424 5906 1698 5968 Μωῦσέως
1724 5905 1885 5976 λέγω,
1908 5909 2169 5973 εἰπόντος,

3724 371 3833 428 286

2260 497 2342 551 ὅτι
2373 496 2591 551 Ἔλασε
2624 493 2821 561 Θὰρῤα
2841 491 2950 545 τὸν
2968 488 3034 540 Ἀ
3044 488 3193 555 ὄραμ
3221 485 3319 538 καὶ
3350 483 3459 538 τὸν
3483 485 3721 554 Ναχὼρ,
3744 490 3843 543 και

2259 577 2551 647 ἐξήγαγεν
2580 574 2648 628 ἐκ
2682 573 2796 643 γῆς
2833 568 3147 627 Χαλδαίων
3162 606 3181 631 ,
3214 561 3579 635 πορευθῆναι
3608 569 3698 632 είς
3729 567 3845 633 τὴν

2260 660 2379 729 τῆν
2402 659 2521 713 τῶν
2547 657 2916 720 Χαναναίων,
2954 651 3056 712 καὶ
3084 647 3274 720 ἦλθεν
3295 649 3409 717 ἕως
3443 650 3705 718 Χαρῤἀνν
3744 652 3842 705 καί

2259 741 2612 807 κατῴκησεν
2636 738 2790 793 ἐκεῖ·
2831 739 2860 790 6
2885 737 3158 808 μακάριος
3186 733 3458 802 Στέφανος
3481 732 3848 802 ἐγκωμιάζων

2259 826 2385 889 τοὺς
2422 824 2707 886 Ἰουδαίους
2734 822 2918 892 φησίν·
2962 822 3016 873 '0
3045 817 3193 885 Θεός
3224 813 3333 885 τῆς
3362 815 3548 881 δόξης
3575 814 3741 883 ὤφθη
3765 814 3849 879 τῷ

2260 908 2437 974 πατρί
2466 907 2635 977 ἡμῶν
2668 906 2922 973 Ἀϐραὰμ
2958 894 3085 957 ὄντι
3118 904 3189 955 ἐν
3220 901 3672 968 Μεσοποταμίᾳ,
3702 898 3853 967 πρὶν

2260 991 2299 1057 ἢ
2320 982 2673 1055 κατοικῆσαι
2704 988 2889 1043 αὐτὸν
2912 989 2981 1043 ἐν
3005 986 3259 1054 Χαρρὰν,
3283 982 3583 1046 κάκεῖθεν,
3602 982 3752 1049 μετὰ
3781 980 3851 1035 τὸ

2260 1072 2590 1128 ἀποθανεῖν
2623 1073 2730 1125 τὸν
2766 1071 2990 1137 πατέρα
3019 1070 3235 1129 αὐτοῦ,
3264 1063 3600 1136 μετῴκισεν
3635 1066 3848 1119 αὐτόν.

2261 1158 2329 1210 Τί
2350 1151 2444 1210 οὖν
2473 1158 2656 1217 ἐστιν;
2697 1154 3036 1207 ἐναντιοῦται
3074 1140 3243 1223 ἑαυτῇ
3275 1154 3307 1223 ἡ
3339 1149 3459 1203 θεία
3492 1148 3683 1219 Γραφή
3710 1165 3726 1209 ;
3758 1146 3851 1217 Μὴ

2262 1240 2469 1308 γένοιτο
2488 1256 2499 1268 ·
2536 1236 2671 1292 ἀλλά
2713 1237 2940 1290 συνιδεῖν
2968 1238 3033 1289 ἐκ
3058 1235 3247 1289 τούτου
3295 1233 3583 1305 προσήκει,
3618 1231 3700 1283 ὅτι
3726 1230 3849 1283 θεο-

2264 1321 2451 1390 φιλοῦς
2478 1320 2628 1384 ὄντος
2654 1318 2746 1373 τοῦ
2779 1318 2967 1381 παιδὸς
2992 1359 3007 1380 ,
3046 1317 3235 1387 ὀφθεὶς
3276 1314 3427 1384 αὐτῷ
3449 1314 3479 1366 6
3505 1312 3638 1375 Θεὸς
3677 1327 3852 1379 προσ-

2264 1404 2417 1468 έταξε
2444 1402 2836 1473 μεταναστῆναι
2857 1400 3085 1455 ἐκεῖθεν.
3113 1401 3221 1453 Καὶ
3235 1398 3391 1451 τοῦτο
3412 1395 3574 1464 γνοὺς
3608 1396 3635 1448 6
3652 1394 3850 1465 6άρρα

2263 1487 2291 1538 6
2318 1485 2506 1538 τούτου
2536 1485 2737 1556 πατὴρ,
2759 1485 2808 1537 εἰ
2836 1483 2928 1536 καὶ
2956 1483 3182 1543 ἄπιστος
3208 1479 3523 1548 ἐτύγχανεν,
3558 1476 3675 1529 ἀλλ’
3696 1478 3853 1545 ὅμως

2265 1567 2370 1621 ὑπὸ
2406 1567 2500 1620 τοῦ
2532 1568 2665 1637 πρὸς
2709 1567 2801 1618 τὸν
2853 1564 3017 1617 παῖδα
3072 1562 3299 1632 φίλτρου
3336 1559 3664 1629 κοινωνῆσαι
3694 1558 3853 1626 αύτῷ

2265 1649 2586 1714 κατεδέξατο
2622 1649 2721 1718 τῆς
2750 1646 3081 1716 ἀποδημίας,
3121 1644 3215 1697 καὶ
3244 1642 3416 1696 ἐλθὼν
3451 1642 3531 1705 εἰς
3568 1640 3665 1711 τὴν
3691 1641 3847 1710 Xap-

2269 1733 2387 1803 ρἀ,
2438 1733 2598 1784 κάκεῖ
2643 1732 2991 1798 κατοικήσας,
3044 1726 3185 1780 οῦτω
3220 1724 3522 1796 μετήλλαξε
3567 1724 3658 1776 τὸν
3698 1722 3847 1792 βίον

2266 1817 2360 1870 καὶ
2382 1816 2504 1868 τότε
2532 1814 2884 1872 κελεύσαντος
2911 1810 3006 1864 τοῦ
3045 1810 3179 1862 Θεοῦ
3207 1809 3596 1879 μετανίσταται
3632 1809 3713 1869 είς
3746 1807 3853 1875 τὴν

2267 1896 2576 1951 Χαναναίαν
2598 1896 2625 1946 6
2652 1895 3017 1964 πατριάρχης.
3052 1892 3267 1962 Ἀμέλει
3299 1892 3360 1944 ού
3393 1892 3655 1961 πρότερον
3686 1888 3855 1941 αὐτὸν

2267 1983 2296 2034 6
2320 1980 2451 2042 Θεὸς
2494 1978 2704 2030 ἐκεῖθεν
2753 1976 3041 2046 ἀνέστησε,
3078 1977 3270 2045 μέχρις
3289 1976 3379 2028 ὅτε
3404 1975 3600 2045 Θάρρα
3636 1971 3856 2025 ἐτελεύ-

2267 2078 2416 2130 τησε.
2450 2060 2580 2112 Τότε
2605 2059 2712 2128 7&9
2736 2059 2875 2127 μετά
2891 2059 2991 2127 τὴν
3019 2057 3227 2110 ἐκείνου
3257 2056 3533 2125 τελευτὴν,
3561 2054 3718 2124 φησὶ,
3735 2053 3853 2107 Καὶ

2266 2137 2396 2197 εἷπε
2428 2142 2641 2207 Κύριος
2663 2139 2743 2206 τῷ
2769 2141 2983 2208 Ἀϐραμ
3005 2157 3020 2171 ·
3059 2139 3309 2203 Ἔξελθε
3336 2139 3406 2192 ἐκ
3432 2137 3543 2204 τῆς
3568 2138 3683 2207 γῆς
3706 2153 3851 2197 σου,

2268 2226 2364 2279 καί
2397 2225 2463 2279 ἐκ
2489 2224 2599 2291 τῆς
2626 2223 2978 2292 συγγενείας
3001 2236 3138 2284 σου,
3165 2222 3262 2275 καί
3288 2221 3358 2275 ἐκ
3405 2221 3514 2275 τοῦ
3537 2221 3706 2274 οἴκου
3740 2217 3856 2273 τοῦ

2269 2308 2491 2375 πατρός
2512 2320 2651 2369 σου,
2683 2306 2779 2359 καί
2814 2304 2991 2372 δεῦρο
3019 2307 3104 2369 εἰς
3132 2302 3272 2375 γῆν,
3309 2302 3392 2370 ἦν
3419 2302 3496 2356 ἄν
3524 2319 3622 2357 σοι
3649 2302 3850 2365 δείξω.

2269 2392 2377 2445 Καὶ
2411 2390 2644 2455 ποιήσω
2671 2402 2746 2442 σε
2774 2391 2863 2453 εἰς
2894 2388 3061 2453 ἔθνος
3084 2386 3257 2457 μέγα,
3286 2388 3385 2441 καί
3411 2386 3730 2457 εὐλογήσω
3753 2402 3855 2448 σε,

2269 2474 2368 2528 καί
2387 2472 2706 2542 μεταλυνῶ
2750 2471 2816 2524 τὸ
2855 2471 3042 2539 ὄνομα
3071 2486 3209 2535 σου,
3241 2470 3340 2525 καί
3385 2471 3505 2538 ἔσῃ
3532 2468 3860 2539 εὐλογημέ-

2270 2573 2409 2622 νος·
2442 2553 2541 2608 καί
2596 2552 2911 2623 εὐλογήσω
2965 2552 3107 2619 τοὺς
3148 2552 3555 2623 εὐλογοῦντάς
3584 2567 3663 2607 σε
3685 2594 3702 2618 ,
3750 2551 3854 2607 καί

2270 2639 2412 2704 τοὺς
2435 2635 2887 2705 καταρωμένους
2911 2650 2985 2689 σε
3012 2635 3417 2704 καταράσομαι
3436 2653 3451 2667 ο
3481 2636 3582 2690 καί
3605 2636 3858 2690 ἐνευλο-

2271 2718 2637 2790 τηθήσονται
2663 2718 2735 2772 ἐν
2754 2716 2853 2772 σοί
2875 2718 3064 2773 πᾶσαι
3094 2721 3155 2771 αἱ
3185 2718 3370 2786 φυλαὶ
3396 2716 3505 2784 τῆς
3522 2717 3657 2787 γῆς.
3680 2718 3859 2770 Ἕκα.

2274 2820 2398 2856 στον
2422 2800 2528 2854 τῶν
2548 2800 2854 2872 εἰρημένων
2878 2799 3016 2870 μετά
3039 2799 3322 2869 ἀκριϐείας
3348 2799 3427 2852 διε
3437 2797 3854 2871 ρευνησώμεθα,

2273 2884 2361 2936 ἵνα
2389 2883 2587 2952 ἴδωμεν
2615 2880 2719 2949 τῆς
2747 2881 2973 2951 γνώμης
2999 2877 3091 2933 τοῦ
3120 2881 3456 2951 πατριάρχου
3488 2880 3551 2933 τὸ
3582 2879 3855 2948 φιλόθεον.

2342 2964 2432 3035 Μὴ
2462 2963 2570 3034 7&9
2599 2962 2785 3025 ἁπλῶς
2814 2961 3265 3033 παραδράμωμειθ
3286 2963 3347 3015 τὸ
3394 2962 3706 3033 εἰρημένον.
3736 2961 3856 3015 ἀλλ’

2273 3046 2613 3115 ἐννοήσωμεν
2646 3042 2769 3108 ὅσος
2794 3040 2890 3096 τοῦ
2918 3041 3289 3113 ἐπιτάγματος
3308 3044 3336 3097 6
3356 3043 3540 3111 ὄγκος.
3574 3044 3855 3107 Ἔξελθε,

2275 3125 2457 3195 φησὶν,
2504 3127 2570 3181 ἐκ
2626 3125 2736 3193 τῆς
2768 3125 2879 3194 γῆς
2908 3140 3046 3186 σου,
3105 3124 3205 3180 καί
3237 3124 3306 3179 ἐκ
3341 3120 3450 3191 τῆς
3497 3126 3859 3194 συγγενείας

2275 3222 2412 3272 σου,
2447 3208 2544 3261 καί
2577 3210 2645 3262 ἐκ
2671 3208 2778 3262 τοῦ
2806 3209 2975 3262 οικου
2997 3208 3104 3262 τοῦ
3134 3208 3360 3276 πατρός
3382 3224 3520 3270 σου,
3548 3208 3649 3262 καί
3675 3209 3860 3276 δεῦρο

2274 3293 2362 3355 εἰς
2384 3289 2501 3358 τὴν
2527 3289 2663 3359 γῆν,
2691 3288 2768 3357 ἣν
2799 3290 2879 3343 ἀν
2903 3306 3003 3344 σοι
3033 3289 3228 3353 δείξω.
3264 3289 3568 3354 Κατάλιπε,
3596 3290 3751 3359 φησὶ,
3786 3290 3857 3343 τά

2274 3372 2407 3441 δῆλα
2428 3372 2521 3425 καὶ
2548 3372 2618 3427 τά
2635 3371 3051 3442 ὡμολογημένα,
3081 3372 3177 3426 καὶ
3208 3370 3544 3443 προτιμησον
3574 3372 3643 3426 τά
3683 3373 3859 3441 άδηλα

2274 3455 2368 3508 καί
2399 3456 2466 3509 τά
2502 3454 2577 3525 μὴ
2607 3455 2927 3524 φαινόμενα.
2947 3454 3147 3509 Σκόπει
3180 3454 3298 3518 πῶς
3334 3453 3394 3519 ἐξ
3435 3456 3611 3525 ἀρχῆς
3660 3458 3758 3509 καὶ
3790 3458 3860 3510 ἐκ

2274 3536 2574 3608 προοιμίων
2595 3534 2934 3607 ἐγυμνάζετο
2960 3539 2988 3591 6
3008 3538 3213 3601 δίκαιος
3240 3538 3308 3591 τά
3334 3534 3409 3608 μὴ
3426 3538 3723 3608 φαινόμενα
3747 3540 3863 3593 τῶν

2274 3618 2615 3688 φαινομένων
2645 3620 2935 3690 προτιμᾷν,
2964 3620 3057 3673 καὶ
3088 3620 3158 3673 τά
3192 3619 3451 3687 μέλλοντα
3496 3618 3605 3672 τῶν
3632 3622 3691 3672 ἐν
3728 3638 3863 3691 χερ-

2276 3702 2360 3754 σὶν
2407 3702 2595 3755 ὄντων.
2646 3700 2781 3754 Οὐδὲ
2811 3700 2921 3771 7&9
2952 3700 3013 3753 τὸ
3042 3702 3204 3771 τυχὸν
3234 3697 3302 3772 ἦν
3356 3698 3494 3771 ὅπερ
3528 3701 3862 3757 ἐπετάττετο

2275 3784 2515 3855 ποιῆσαι,
2571 3782 2723 3856 [309]
2777 3782 3098 3837 καταλιπεῖν
3122 3784 3221 3855 τὴν
3259 3782 3384 3853 γῆν,
3419 3784 3547 3837 ἔνθα
3598 3785 3862 3841 τοσοῦτον

2273 3866 2456 3937 ᾤκησε
2484 3865 2696 3936 χρόνον,
2724 3864 2820 3919 καὶ
2839 3868 2938 3937 τὴν
2961 3864 3279 3935 συγγένειαν
3295 3867 3533 3930 ἃπασαν,
3558 3869 3655 3920 καὶ
3679 3868 3861 3924 πάντα

2274 3947 2368 3999 τοῦ
2403 3946 2609 4017 πατρὸς
2632 3947 2723 4000 τὸν
2750 3941 2919 4010 οἷκον,
2952 3949 3045 4002 καὶ
3077 3948 3254 4002 ἐλθεῖν
3274 3944 3403 4002 ἔνθα
3440 3949 3513 4019 μὴ
3541 3949 3682 4020 ᾔδει,
3719 3952 3862 4021 μηδὲ

2275 4029 2560 4096 ἠπίστατο.
2598 4029 2672 4081 Οὐ
2701 4029 2809 4100 7&9
2833 4026 2987 4082 εἶπεν
3014 4032 3093 4092 εἰς
3120 4032 3281 4084 ποίαν
3314 4029 3478 4084 αὐτὸν
3508 4029 3692 4101 χώραν
3728 4031 3861 4102 βού⁶

2275 4110 2427 4164 λεται
2468 4114 2818 4182 μεταστῆσαι.
2851 4112 2985 4165 ἀλλά
3009 4114 3088 4181 τῷ
3109 4114 3401 4185 ἀδιορίστῳ
3425 4114 3519 4167 τοῦ
3549 4116 3862 4185 ἐπιτάγμα-

2276 4209 2365 4255 τος
2399 4192 2669 4263 ἐγύμναζε
2706 4193 2801 4245 τοῦ
2848 4193 3193 4265 πατριάρχου
3231 4195 3291 4248 τὸ
3346 4195 3615 4263 φιλόθεον.
3675 4196 3862 4265 Aci-po

2276 4272 2405 4344 7&9,
2438 4274 2621 4344 φησιν.
2649 4274 2736 4339 είς
2762 4272 2877 4340 τὴν
2911 4273 3047 4342 τὴν,
3082 4273 3162 4339 ἦν
3188 4275 3266 4327 ἀν
3291 4288 3389 4329 σοι
3413 4276 3609 4342 δείξω.
3640 4280 3862 4350 Ἐννόη-

2277 4354 2367 4408 σόν
2412 4372 2521 4425 μοι,
2570 4355 2843 4425 ἀγαπητέ,
2877 4356 3026 4419 ὅπως
3061 4355 3271 4426 ὑψηλῆς·
3330 4356 3500 4411 ἐδεῖτο
3531 4359 3761 4431 γνώμης
3802 4363 3863 4416 τὸ

2275 4435 2572 4506 ἐπίταγμα,
2609 4438 2703 4491 καὶ
2733 4438 2973 4507 μηδεμιᾷ
3002 4437 3345 4509 προσπαθείᾳ
3373 4440 3405 4508 ἢ
3438 4440 3700 4512 συνηθείᾳ
3727 4461 3863 4497 κατ-

2276 4518 2557 4588 εχομένης.
2597 4520 2657 4572 Εἰ
2681 4520 2788 4589 7&9
2824 4518 2917 4571 νῦν
2956 4521 3090 4587 μετά
3146 4518 3205 4570 τὸ
3254 4519 3531 4573 ἐπιδοῦναι
3574 4524 3675 4592 τὴν
3703 4526 3865 4578 εὐσέ-

2277 4600 2449 4661 ϐειαν,
2482 4596 2652 4663 οὕτως
2681 4601 2789 4653 εἰσί
2821 4601 3003 4653 πολλοὶ
3036 4603 3101 4671 τῇ
3132 4599 3391 4671 συνηθείᾳ
3415 4602 3859 4674 προσδεδεμένοι,

2275 4680 2351 4742 ὡς
2383 4680 2477 4732 καὶ
2509 4678 2766 4751 μυριάκις
2795 4682 2862 4734 ἂν
2891 4682 3112 4745 ἕλοιντο,
3144 4680 3246 4733 κᾶν
3274 4682 3489 4752 ἀνάγκη
3526 4687 3858 4761 κατεπείγῃ,

2278 4762 2453 4815 πάντα
2483 4763 2788 4833 ὑπομεῖναι,
2814 4763 2846 4833 ἢ
2869 4762 2976 4815 τῶν
2994 4764 3175 4816 τόπων
3196 4764 3547 4835 μεταστῆναι,
3567 4765 3700 4820 ενθα
3726 4773 3865 4841 πρός

2275 4861 2430 4915 τερον
2453 4845 2551 4904 τὴν
2582 4844 2793 4915 οῐκησιν
2818 4845 2994 4915 ἔσχον,
3033 4846 3320 4899 καὶταῦτα
3360 4847 3461 4901 οὐκ
3496 4848 3590 4903 ἐπὶ
3628 4850 3740 4903 τῶν
3766 4869 3862 4906 τυο

2277 4928 2480 4997 χόντων
2505 4928 2664 4997 μόνον
2692 4927 2901 4997 ἀνδρῶν
2931 4927 3077 4979 ἐστιν
3123 4926 3270 4989 ἰδεῖν,
3310 4928 3449 4981 ἀλλά
3489 4932 3585 4983 καὶ
3637 4932 3736 4985 ἐπὶ
3763 4951 3861 5002 φυ-

2278 5010 2479 5078 γόντων
2507 5011 2633 5070 τοὺς
2658 5011 2716 5062 ἐν
2747 5009 2897 5078 μέσῳ
2924 5006 3201 5077 θορύϐους,
3237 5011 3445 5064 καὶτὸν
3471 5011 3582 5065 τῶν
3606 5016 3864 5086 μοναχιῖω

2279 5091 2547 5162 ἑλομένων
2587 5088 2730 5159 βίονο
2773 5088 2953 5158 πολλῷ
2994 5090 3058 5159 δὴ
3116 5090 3314 5159 μᾶλλον
3359 5094 3479 5146 τότε
3528 5094 3622 5149 τὸν
3648 5097 3860 5153 δίκαιον

2276 5172 2458 5226 τοῦτον
2513 5172 2659 5234 εἰκὸς
2712 5166 2781 5241 ἦν
2806 5171 3127 5241 δυσχερᾶναι
3160 5171 3296 5243 πρὸς
3328 5173 3389 5228 τὸ
3421 5176 3726 5249 ἐπίταγμα,
3760 5182 3861 5235 καὶ

2276 5254 2629 5325 ὀκνηρότερον
2656 5252 3010 5323 καταστῆναι.
3032 5252 3273 5320 Ἔξελθε,
3290 5257 3443 5327 φησι,
3466 5259 3560 5312 καὶ
3582 5262 3857 5316 κατάλιπε

2276 5338 2401 5399 τοὺς
2422 5338 2721 5404 συγγενεῖς,
2740 5335 2938 5389 καὶτὸν
2958 5331 3104 5388 οἷκον
3120 5335 3210 5390 τὸν
3233 5336 3519 5408 πατρικὸν,
3551 5341 3647 5393 xal
3667 5343 3861 5411 Δεῦρο

2277 5420 2363 5484 είς
2388 5418 2522 5487 γῆν.
2550 5416 2630 5484 ἢν
2642 5417 2719 5471 ἀν
2742 5433 2841 5472 σοι
2863 5417 3056 5483 δείξω.
3079 5419 3213 5472 Τίνα
3228 5416 3321 5473 οὖν
3336 5420 3437 5473 οῦκ
3464 5422 3530 5475 ἂν
3550 5423 3855 5495 ἐθορύϐησε

2276 5500 2435 5553 ταυτὶ
2466 5500 2534 5553 τά
2570 5500 2823 5569 ρήματας
2874 5501 3008 5555 Οὔτε
3036 5501 3128 5555 τὸν
3152 5502 3338 5569 τόπον,
3376 5502 3497 5557 οὔτε
3539 5504 3638 5575 τὴν
3668 5508 3859 5579 χώραν

2276 5582 2442 5654 δήλην
2485 5581 2631 5651 αὐτῷ
2659 5584 2819 5648 ποιεῖ,
2852 5583 2988 5637 ἀλλά
3014 5582 3093 5653 τῷ
3125 5583 3413 5656 ἀδιορίστῳ
3441 5586 3721 5656 βασανίζει
3758 5592 3857 5644 τοῦ

2275 5664 2484 5718 δικαίου
2512 5664 2889 5741 τὴννγνώμην.
2932 5665 2996 5720 Εἰ
3022 5667 3130 5737 7&9
3165 5667 3350 5739 ἐτερός
3381 5686 3467 5733 τις
3512 5666 3581 5741 ἦν
3605 5674 3636 5723 6
3668 5673 3859 5727 κελευ-

2279 5747 2446 5810 σθεὶς,
2477 5746 2570 5799 καὶ
2591 5740 2672 5811 εἷς
2703 5747 2810 5801 τῶν
2833 5748 3062 5811 πολλῶν,
3093 5747 3245 5803 εἷπεν
3263 5750 3347 5803 ἀν·
3376 5746 3576 5806 Ἔστω·
3608 5755 3858 5819 κελεύεις

2280 5844 2347 5899 με
2362 5827 2679 5883 καταλιπεῖν
2695 5829 2793 5900 τὴν
2817 5830 2921 5899 γῆν
2943 5829 3069 5883 ἔνθα
3092 5830 3187 5883 νῦν
3210 5832 3365 5897 οἰκῶ,
3386 5835 3486 5904 τὴν
3508 5838 3852 5905 συγγένειαν,

2276 5910 2369 5964 τὸν
2411 5906 2561 5965 οἶκον
2606 5910 2697 5965 τὸν
2729 5912 3023 5983 πατρικόν·
3075 5912 3216 5978 τίνος
3248 5913 3432 5969 ἕνεκεν
3479 5916 3597 5984 οὐχὶ
3633 5919 3727 5975 καὶ
3758 5917 3853 5975 τὸν
