4070 6386
283 389 392 444 185
1242 374 1308 431 ΙΝ
1345 371 1507 428 CAP.
1542 371 1634 425 XI.
1678 369 1764 424 ΕΤ
1806 367 1895 422 ΧΙΙ

286 515 406 554 mus
436 516 450 552 :
480 495 574 553 sed
602 494 834 550 contenti
856 493 1023 547 simus
1047 487 1313 545 dominica
1341 485 1516 539 laude.
1551 484 1708 555 Cujus
1732 484 1848 535 laus
1869 522 1885 545 ,

285 592 491 662 inquit,
538 606 640 643 non
678 604 741 643 ea:
780 585 1095 650 hominibus,
1126 580 1216 635 sed
1242 595 1309 633 ea;
1334 578 1443 631 Deo
1484 575 1659 648 (Rom.
1686 574 1741 628 2.
1767 573 1887 643 ‘29).

288 684 355 738 Et
395 696 505 752 quo
547 681 714 749 magis
745 675 1031 731 virtutibus
1058 671 1449 741 locnpletamur
1473 677 1527 722 et
1554 666 1849 722 crescimus
1873 705 1888 728 ,

288 775 389 829 hoc
418 774 590 843 magis
619 770 844 824 modesti
876 770 1044 823 simus
1064 776 1119 821 et
1140 764 1499 820 humiliemur.
1533 759 1665 814 Nam
1691 758 1791 813 etsi
1822 756 1890 811 ad

284 881 555 920 summum
596 862 805 918 virtutis
852 862 1058 929 apicem
1102 855 1506 927 pertigerimus,
1549 851 1595 905 si
1642 849 1692 905 id
1741 857 1893 919 grato

285 958 471 1010 animo
497 970 619 1009 eum
654 953 744 1007 Dei
770 952 1044 1007 beneficiis
1070 960 1442 1016 comparemus
1461 984 1474 1007 ,
1506 942 1662 997 facile
1689 940 1895 995 videbi-

286 1063 406 1101 mus
426 1088 441 1113 ,
491 1062 559 1101 ne
601 1045 875 1098 minimam
920 1041 1133 1111 quidem
1161 1048 1367 1108 partem
1397 1050 1496 1089 nos
1520 1048 1706 1089 eorum
1728 1073 1743 1098 ,
1774 1046 1894 1100 quae

285 1142 339 1194 in
373 1155 473 1193 nos
512 1136 779 1199 contulit,
809 1134 1145 1202 admtjuasse.
1177 1129 1310 1183 Hinc
1338 1127 1482 1182 enim
1510 1137 1701 1178 omnes
1722 1121 1893 1176 sancti

286 1229 494 1299 probati
540 1229 785 1288 inerunt,
826 1233 881 1279 et
917 1223 1027 1277 Deo
1052 1220 1276 1289 accepti.
1309 1218 1421 1272 Hoc
1451 1224 1508 1270 nt
1529 1214 1735 1279 discas,
1765 1213 1890 1267 audi

285 1320 567 1375 doctorem
608 1317 784 1378 orbis,
829 1314 1061 1368 animam
1100 1311 1243 1365 illam
1274 1324 1393 1379 qua:
1421 1308 1474 1361 in
1505 1306 1697 1361 cmlum
1728 1317 1896 1373 usque

288 1413 574 1483 pertingit,
617 1408 888 1480 quomodo
938 1413 1058 1476 post
1102 1412 1181 1457 tat
1226 1401 1480 1471 prteclara
1526 1412 1725 1468 opera,
1777 1404 1898 1465 post

288 1515 494 1562 tantum
512 1504 581 1557 de
598 1504 729 1557 cmlo
761 1497 1120 1556 testimonium
1144 1493 1279 1566 (Vas
1294 1493 1459 1557 enim,
1487 1489 1677 1560 inquit,
1700 1488 1900 1542 electio-

285 1601 364 1654 nis
390 1609 462 1652 est
486 1597 611 1650 mihi
634 1596 717 1648 hic
745 1593 881 1666 [Ασι.
909 1592 960 1646 9.
990 1584 1091 1660 i5]
1111 1590 1152 1657 ),
1185 1602 1290 1640 non
1322 1584 1653 1639 obliviscitur
1677 1595 1897 1635 suorum

283 1691 606 1746 delictorum
629 1729 644 1754 ,
675 1687 767 1742 sed
790 1684 1050 1739 ambabus
1080 1680 1357 1743 manibus,
1384 1683 1443 1730 ut
1469 1676 1652 1740 aiunt,
1680 1688 1740 1727 ea
1775 1686 1897 1724 ver-

284 1791 404 1848 sat,
437 1790 493 1835 et
523 1794 696 1850 neque
720 1791 906 1833 eorum
937 1754 1252 1829 memoriam
1281 1767 1553 1824 obiiterari
1585 1766 1805 1837 patitur,
1829 1762 1898 1818 de

284 1874 481 1942 quibus
526 1870 859 1925 certissimus
892 1873 1043 1929 erat,
1090 1864 1203 1932 ipsa
1250 1875 1345 1929 per
1384 1858 1705 1928 baptismum
1736 1856 1898 1909 fuisse

285 1964 529 2027 dimissa,
552 1962 645 2017 sed
663 1961 855 2015 clamat
872 1967 925 2013 et
940 1955 1068 2012 dicit
1093 1972 1108 2010 :
1136 1953 1379 2007 Minimus
1399 1967 1511 2006 sum
1532 1948 1896 2019 apostolorum,

284 2065 336 2109 et
368 2070 469 2108 non
510 2068 622 2107 sum
659 2052 842 2120 dignus
870 2047 1042 2102 uocari
1072 2044 1332 2115 apostolus
1361 2041 1437 2115 (I.
1466 2040 1583 2095 Cor.
1616 2040 1702 2095 15.
1728 2038 1806 2111 9).
1834 2039 1900 2092 Et

287 2156 495 2213 postea,
515 2151 573 2197 nt
592 2144 859 2212 ingentem
884 2139 1000 2207 ejus
1030 2136 1299 2191 discamus
1324 2133 1698 2197 humilitatem,
1718 2129 1895 2184 addit:

288 2234 367 2288 Eo
395 2234 531 2302 quod
555 2240 884 2303 persequutus
910 2245 1017 2282 sum
1054 2226 1333 2280 Ecclesiam
1366 2224 1479 2277 Dt’i.
1512 2222 1647 2290 Quid
1678 2223 1791 2292 agis
1812 2265 1825 2285 ,
1856 2232 1890 2275 ο

287 2324 495 2380 Paule?
541 2316 799 2378 Dominus
840 2336 936 2390 per
977 2314 1397 2373 misericordiam
1437 2329 1588 2368 suam
1622 2312 1817 2368 delevit
1845 2320 1899 2366 et

285 2417 489 2473 dimisit
532 2415 712 2469 omnia
753 2422 970 2483 peccata
1016 2419 1123 2475 ttta,
1169 2417 1223 2462 et
1264 2417 1319 2460 tu
1369 2420 1429 2461 ea
1467 2405 1641 2460 adhuc
1668 2402 1897 2459 subinde

287 2523 474 2563 versas
494 2550 509 2570 ,
553 2517 609 2561 et
647 2503 960 2560 memoras?
1006 2501 1225 2565 Etiam:
1255 2498 1367 2552 scio
1396 2497 1539 2551 enim
1561 2537 1575 2561 ,
1610 2495 1816 2564 inquit,
1846 2504 1899 2548 et

287 2618 396 2657 non
440 2601 631 2670 ignoro
659 2597 944 2650 Dominum
972 2607 1150 2648 meum
1182 2590 1271 2645 illa
1297 2588 1567 2643 dimisisse
1601 2604 1613 2639 :
1644 2586 1737 2641 sed
1770 2587 1895 2639 dum

286 2708 497 2748 mecum
525 2690 807 2746 considero
833 2702 951 2756 qute
974 2684 1225 2747 fecerim,
1253 2691 1307 2736 et
1331 2680 1488 2735 video
1513 2679 1705 2733 divinae
1729 2681 1899 2731 mise-

286 2784 533 2839 ricordia:
574 2784 794 2852 pelagus
824 2796 837 2831 ε
873 2785 999 2833 tbnc
1032 2775 1199 2847 probe
1221 2774 1369 2828 disco
1395 2787 1481 2825 me
1507 2770 1677 2841 gratia
1709 2782 1765 2824 et
1791 2768 1895 2821 mi-

285 2874 581 2931 sericordia
631 2873 721 2927 Dei
755 2878 875 2927 esse
906 2869 957 2923 id
985 2867 1125 2938 quod
1155 2880 1294 2920 sum.
1325 2863 1457 2918 Nam
1490 2877 1610 2916 cum
1641 2860 1896 2929 dixisset,

286 2969 413 3023 Non
457 2985 569 3022 sum
617 2966 804 3036 dignus
836 2963 1004 3017 uocari
1030 2962 1292 3029 apostolus
1312 2998 1327 3023 ,
1355 2973 1414 3011 eo
1444 2956 1579 3026 quod
1615 2954 1893 3007 Ecclesium

285 3062 383 3115 Dei
411 3078 524 3115 sum
555 3067 880 3127 persequutus
900 3098 915 3119 ,
942 3053 1178 3109 subdidit
1210 3069 1222 3105 :
1257 3048 1438 3105 Gratia
1464 3052 1637 3101 autem
1667 3044 1763 3100 Dei
1783 3062 1895 3099 sum

286 3158 342 3211 id
382 3156 519 3225 quod
561 3171 675 3209 sum
717 3151 950 3221 (lbid.u.
992 3148 1102 3215 i0).
1144 3133 1257 3215 Ego
1278 3136 1730 3213 quidem,inqnit,
1754 3141 1895 3191 tanta

286 3246 502 3302 ferebar
524 3245 731 3299 insania
756 3260 769 3307 ;
801 3238 1082 3296 ineffabilis
1112 3246 1291 3291 autem
1324 3233 1442 3303 ejus
1464 3231 1677 3287 bonitas
1698 3237 1753 3283 et
1772 3236 1896 3299 g‘ra-

285 3343 357 3396 tia
390 3338 762 3394 remissionem
788 3332 955 3388 dedit.
981 3329 1200 3385 Vidistis
1220 3326 1453 3379 animam
1479 3323 1766 3377 contritam
1796 3361 1810 3385 ,
1842 3328 1897 3373 et

285 3434 603 3489 memoriam
649 3434 987 3498 peccatorum
1010 3464 1025 3487 ,
1071 3436 1190 3491 qua:
1232 3426 1359 3473 ante
1388 3415 1710 3485 baptismum
1742 3427 1894 3467 cotn-
1924 3486 1935 3491 ἐ

288 3527 534 3589 miserat,
568 3529 827 3592 perpetuo
858 3512 1324 3571 circumferentem
1351 3509 1373 3562 l
1400 3507 1549 3562 Illum
1572 3515 1626 3560 et
1651 3519 1749 3559 nos
1775 3502 1893 3558 imi-

288 3626 501 3680 temur,
550 3624 605 3667 et
647 3625 835 3666 eorum
878 3623 997 3678 quae
1046 3612 1167 3673 post
1209 3600 1534 3670 baptismum
1577 3596 1896 3651 admisimus

286 3707 528 3778 quotidie
575 3716 842 3759 memores
862 3740 876 3766 ,
909 3698 1272 3765 continuoque
1298 3707 1358 3746 ea
1391 3693 1441 3746 in
1468 3698 1649 3744 mente
1672 3702 1894 3741 versan-

287 3808 369 3852 tes
393 3838 407 3862 ,
437 3809 727 3864 numquam
757 3791 1129 3861 permittamus
1155 3794 1211 3840 ut
1235 3784 1473 3853 ipsorum
1491 3779 1894 3836 obliviscamur.

288 3888 403 3945 Hoc
433 3888 576 3943 enim
606 3886 814 3940 frenum
839 3882 1068 3938 sufiiciet
1094 3878 1161 3933 ad
1189 3873 1583 3932 humiliandum
1606 3887 1727 3937 nos,
1752 3879 1807 3925 et
1826 3869 1893 3924 ad

287 3979 611 4035 modestiam
653 3972 1091 4045 ingencrandam.
1122 3970 1191 4025 Et
1218 3967 1345 4039 quid
1373 3967 1495 4022 dico
1522 3961 1745 4020 Paulum
1775 3971 1895 4017 tan:-

288 4082 401 4126 tum
429 4080 485 4126 et
514 4069 673 4124 talem
706 4068 877 4121 virum
901 4066 923 4118 τ
957 4055 1049 4119 Vis
1080 4063 1264 4117 videre
1293 4059 1454 4115 etiam
1480 4072 1575 4114 eos
1600 4058 1691 4127 qui
1719 4059 1775 4111 in
1798 4070 1895 4111 vet-

288 4166 390 4220 teri
436 4164 552 4233 lege
598 4162 721 4215 hinc
765 4162 996 4213 maxime
1035 4158 1376 4217 claruerunt,
1408 4150 1549 4222 quod
1583 4159 1705 4221 post
1734 4150 1895 4204 innu-

289 4270 439 4311 mera
471 4254 608 4307 bona
632 4266 793 4322 opera
810 4291 827 4318 ,
855 4258 911 4305 et
934 4247 1259 4303 ineli'abilem
1288 4244 1430 4314 apud
1455 4244 1623 4299 Deum
1648 4235 1894 4298 ﬁduciam

290 4345 521 4401 modesti
571 4344 805 4398 fuerint?
847 4340 986 4396 Audi
1021 4338 1147 4409 quid
1194 4337 1340 4392 dicat
1378 4333 1715 4405 patriarcha,
1742 4338 1894 4403 post-

288 4454 451 4508 quam
480 4433 925 4491 consuetudinem
948 4446 1069 4485 cttm
1103 4431 1211 4483 Deo
1239 4427 1459 4491 habuit,
1495 4426 1712 4480 etfacta
1738 4434 1822 4481 est
1841 4425 1893 4479 ei

290 4528 579 4599 promissio
620 4544 635 4581 :
680 4525 794 4599 Ego
835 4534 1002 4578 autem
1033 4563 1048 4589 ,
1096 4521 1303 4591 inquit,
1353 4528 1488 4572 terra
1527 4532 1640 4571 sum
1680 4524 1729 4571 et
1766 4516 1894 4570 cinis

291 4614 447 4685 (Gen.
484 4613 570 4668 i8.
600 4611 715 4682 ‘27).

365 4709 419 4761 3.
462 4707 729 4761 Czeterum
772 4702 895 4773 quia
924 4701 975 4753 in
1004 4697 1320 4767 patriarcha:
1345 4694 1672 4749 mentionem
1700 4688 1892 4745 incidi-

293 4816 416 4858 mus
438 4840 451 4865 ,
474 4799 520 4853 si
545 4797 748 4867 placet,
774 4810 836 4849 ea
859 4808 979 4861 quae
1004 4789 1163 4843 hodie
1190 4789 1324 4841 lecta
1350 4793 1475 4839 sunt
1494 4826 1509 4851 ,
1531 4796 1895 4853 proponamus

293 4890 507 4949 caritati
547 4896 740 4943 vestra:
762 4926 779 4952 ,
825 4897 931 4953 quo
977 4881 1079 4934 illis
1105 4878 1386 4947 explicatis
1411 4876 1687 4928 videamus
1716 4872 1895 4925 excel-

298 4988 496 5041 lentem
526 4980 653 5052 justi
679 4978 947 5032 virtutem.
976 4974 1066 5029 Eii.
1099 4970 1167 5023 Et
1193 4970 1385 5037 accepit
1410 5010 1425 5033 ,
1456 4967 1620 5036 inquit
1644 5006 1658 5027 ,
1694 4959 1895 5017 Tharra

298 5079 489 5132 Abram
526 5083 574 5127 et
602 5071 813 5126 Nachor
842 5068 975 5137 ﬁlios
1004 5078 1120 5119 suos
1144 5104 1160 5129 ,
1187 5073 1233 5117 et
1260 5058 1355 5116 Lot
1384 5057 1550 5130 ﬁlium
1578 5058 1672 5126 ﬁlii
1698 5057 1777 5111 sui
1807 5072 1825 5109 :
1849 5064 1897 5109 et

300 5168 490 5223 Suram
530 5180 716 5219 nurum
753 5176 897 5215 suam
917 5200 932 5223 ,
973 5172 1183 5211 uxorein
1207 5163 1374 5206 autem
1404 5152 1552 5205 Alme
1580 5150 1674 5216 ﬁlii
1704 5149 1784 5201 sui
1804 5187 1816 5209 ,
1848 5156 1897 5199 et

302 5257 478 5312 eduxit
517 5271 600 5307 eos
630 5269 693 5307 ea:
716 5260 851 5306 terra
877 5248 1257 5309 Chaldaeorum,
1301 5252 1354 5295 ut
1380 5241 1817 5310 proﬁciscerentur
1843 5238 1897 5289 in

302 5361 487 5404 terram
510 5345 934 5402 Chananazorum,
961 5348 1006 5392 et
1029 5337 1161 5392 venit
1181 5349 1336 5403 usque
1355 5331 1421 5384 ad
1446 5328 1697 5393 Chanan,
1731 5338 1777 5381 et
1807 5327 1899 5379 ita—

303 5443 475 5496 bitavit
504 5440 629 5492 illic.
659 5436 747 5489 32.
782 5433 849 5486 Et
876 5437 1077 5495 fuerunt
1098 5443 1269 5481 omnes
1295 5426 1402 5478 dies
1431 5422 1640 5475 Tharria
1660 5421 1712 5472 in
1735 5418 1900 5474 Char-

302 5550 418 5591 ran.
458 5529 580 5582 anni
615 5526 814 5578 ducenti
856 5522 1072 5588 quinque
1091 5559 1107 5585 ,
1135 5526 1180 5571 et
1213 5526 1439 5569 mortuus
1467 5520 1539 5566 est
1569 5512 1621 5563 in
1646 5510 1894 5563 Charran.

308 5624 557 5679 Animum
585 5594 888 5687 diligenter,
916 5615 1160 5671 obsecro.
1193 5611 1257 5663 iis
1286 5622 1405 5677 quze
1432 5607 1565 5659 lecta
1592 5610 1717 5657 sunt
1741 5602 1897 5655 adhi-

304 5717 529 5771 beamus
552 5752 568 5777 ,
615 5721 672 5764 ut
712 5716 947 5763 mentem
992 5714 1208 5765 coram,
1240 5714 1359 5767 qua:
1381 5699 1431 5752 in
1456 5695 1667 5765 scriptis
1694 5694 1858 5747 latent
1882 5733 1897 5754 ,

309 5802 793 5877 deprehendamus.
828 5790 965 5852 Ecce
996 5793 1136 5849 cnim
1170 5800 1298 5845 mox
1323 5790 1375 5842 in
1406 5786 1666 5859 principio
1690 5782 1899 5837 videtur

1906 405 1920 420 .
1962 366 2211 424 GENES.
2255 367 2485 424 ιιοδίιι..
2528 366 2723 423 XXXI.

3502 372 3609 426 286

2002 495 2125 535 esse
2171 482 2418 551 quasstio.
2452 480 2585 536 Nam
2615 491 2738 536 cum
2769 481 2858 537 ille
2884 481 3073 537 beatus
3104 481 3360 554 [replicta
3383 527 3400 549 ,
3439 475 3613 540 tiosos

1999 571 2214 641 inquam
2240 613 2256 637 ,
2282 572 2477 627 dixerit
2507 590 2520 626 :
2549 572 2755 643 Accepit
2780 571 2984 627 Tharra
3014 575 3201 628 Abram
3222 585 3268 629 'et
3294 575 3527 643 Nachor,
3566 587 3614 631 et

1997 662 2168 716 eduxit
2205 679 2267 716 ea:
2295 672 2428 716 terra
2467 664 2848 726 Chaldteorum,
2880 676 2935 718 ut
2964 666 3404 733 proﬁciscerentur
3430 669 3482 722 in
3510 678 3611 722 ter-

1996 769 2106 806 ram
2128 752 2539 807 Cltanantcorum
2571 769 2590 807 :
2619 764 2666 807 et
2693 753 2825 808 venit
2852 772 3010 824 usque
3032 757 3102 809 ad
3124 755 3379 825 Charran,
3400 758 3448 812 et
3470 761 3615 813 nabi-

2000 843 2120 895 tavit
2144 843 2252 897 illic
2276 858 2294 896 :
2325 842 2516 898 beatus
2544 844 2852 913 Stephanus
2878 844 3096 902 .lndteos
3130 847 3376 915 laudans,
3405 850 3610 920 inquit:

2000 933 2137 988 Deus
2174 935 2355 1005 gloria:
2390 937 2527 990 visus
2560 946 2634 990 est
2661 939 2793 1005 patri
2821 949 2994 992 nostro
3022 940 3279 995 Abraham
3297 978 3313 1007 ,
3344 959 3460 996 cum
3487 954 3616 998 esset

2000 1026 2053 1079 in
2085 1025 2477 1095 HesOpotamia,
2503 1031 2804 1099 priusquam
2827 1032 3075 1085 habitaret
3102 1034 3153 1086 in
3174 1032 3432 1099 Charran,
3460 1046 3507 1090 ct
3534 1037 3615 1091 il-

2001 1118 2133 1183 linc,
2178 1128 2444 1188 postquam
2473 1130 2700 1175 mortuus
2728 1133 2802 1175 est
2836 1133 2981 1185 pater
3005 1126 3115 1195 ejus
3135 1166 3150 1188 ,
3180 1127 3435 1195 proﬁcisci
3454 1129 3616 1199 jussit

2001 1206 2141 1278 (Act.
2185 1210 2239 1263 7.
2282 1210 2337 1263 2.
2368 1211 2449 1280 4).
2481 1211 2618 1278 Quid
2658 1212 2853 1283 igitur?
2882 1215 3217 1272 dissidentne
3246 1232 3277 1272 a
3309 1220 3500 1288 seipsis
3527 1220 3614 1273 di—

2000 1302 2137 1356 vina:
2180 1302 2516 1372 Scriptum?
2557 1304 2750 1370 Absit;
2792 1306 2887 1360 sed
2940 1323 3005 1362 ex
3047 1308 3149 1363 hoc
3185 1309 3618 1367 animadvertere

2005 1392 2127 1447 licet
2151 1426 2167 1460 ,
2198 1396 2340 1463 quod
2370 1410 2492 1449 cum
2522 1395 2661 1449 [ilius
2690 1396 2973 1467 religiosus
3002 1409 3180 1467 esset,
3209 1401 3354 1456 visus
3380 1402 3431 1456 ei
3464 1403 3607 1457 Dens

2003 1483 2287 1552 imperavit
2326 1495 2384 1539 ut
2426 1485 2550 1540 inde
2588 1487 2862 1555 migraret.
2889 1488 3042 1557 Quod
3074 1499 3132 1544 ut
3154 1492 3371 1559 agnovit
3402 1492 3610 1547 Tharra

2006 1584 2155 1642 pater
2173 1576 2313 1645 ejus,
2345 1577 2469 1632 licet
2498 1577 2728 1633 inﬁdelis
2755 1590 2921 1646 esset,
2944 1591 3177 1637 attamen
3207 1582 3277 1636 ob
3297 1598 3537 1639 amorem
3559 1585 3612 1639 in

2006 1665 2171 1720 lilium
2214 1669 2394 1722 socius
2434 1669 2507 1723 illi
2554 1672 3000 1740 peregrinationis
3045 1687 3165 1728 esse
3207 1674 3394 1727 volnit.
3441 1676 3507 1730 Et
3555 1687 3612 1729 nt

2002 1759 2151 1813 venit
2168 1759 2218 1813 in
2242 1760 2502 1825 Charran,
2520 1776 2584 1816 ac
2608 1762 2713 1817 illic
2732 1763 2988 1818 habitavit
3009 1764 3357 1834 aliquamdiu,
3378 1767 3485 1820 vita
3511 1768 3613 1821 hac

2003 1850 2235 1904 excessit
2268 1867 2280 1903 :
2316 1851 2615 1918 patriarcha
2644 1863 2821 1908 autem
2854 1866 2977 1909 tunc
2998 1855 3223 1924 jnbente
3253 1857 3363 1911 Deo
3390 1858 3439 1910 in
3467 1856 3612 1912 Cha-

2005 1954 2249 1994 nanaram
2265 1943 2553 1997 concessit.
2582 1944 2817 2014 Denique
2847 1955 2953 2000 non
2985 1957 3140 2001 antea
3168 1960 3293 2001 eum
3326 1948 3464 2002 Deus
3489 1950 3614 2003 inde

2002 2031 2266 2098 evocavit,
2281 2032 2453 2087 donec
2472 2044 2715 2089 mortuus
2732 2035 3052 2091 estTharra.
3072 2037 3224 2093 Tunc
3237 2039 3383 2093 enim
3410 2040 3499 2094 illo
3520 2040 3615 2097 tie-

2003 2120 2206 2191 functo,
2222 2124 2396 2195 inquit
2412 2126 2456 2180 τι
2471 2124 2645 2196 .(Cap.
2659 2130 2676 2180 l
2689 2126 2745 2198 2)
2768 2127 2831 2181 Et
2848 2130 2976 2183 dixit
2998 2130 3240 2185 Dominus
3254 2132 3431 2186 Abrtz:
3450 2131 3612 2203 Egre-

2002 2213 2121 2267 dere
2141 2214 2205 2267 de
2226 2223 2361 2267 terra
2391 2226 2499 2281 tua,
2530 2225 2577 2269 et
2608 2216 2669 2269 de
2694 2222 2992 2287 cognatione
3020 2228 3109 2272 tua
3132 2260 3147 2285 ,
3178 2230 3225 2274 et
3250 2221 3313 2275 de
3340 2222 3491 2275 dumo
3518 2240 3613 2289 pa-

2002 2307 2093 2359 tris
2116 2308 2221 2371 tui,
2256 2318 2303 2359 et
2330 2309 2441 2360 veni
2469 2310 2522 2362 in
2554 2318 2739 2362 terram
2765 2328 2916 2376 quant
2948 2325 3293 2366 monstrarem
3319 2316 3425 2367 tibi.
3456 2314 3511 2368 2.
3552 2314 3614 2367 Et

2004 2398 2193 2467 faciam
2220 2408 2265 2450 te
2293 2400 2345 2450 in
2365 2410 2564 2468 gentem
2590 2416 2827 2470 magnam
2852 2413 2937 2455 :et
2960 2402 3249 2456 benetlicam
3275 2403 3364 2456 tibi
3384 2432 3399 2471 ί
3424 2414 3471 2458 et
3497 2422 3612 2458 ma-

2002 2489 2256 2558 gniﬁcabo
2295 2506 2476 2544 nomen
2508 2501 2681 2559 tuum,
2722 2501 2767 2547 et
2798 2493 2897 2547 eris
2927 2493 3265 2558 benedictus;
3295 2496 3349 2551 5.
3382 2506 3430 2549 et
3458 2495 3601 2551 bene-

2002 2580 2169 2633 dicam
2197 2581 2600 2636 benedicentibu’s
2624 2592 2696 2648 te,
2732 2592 2778 2637 et
2808 2584 3163 2639 maledicentes
3190 2596 3235 2639 te
3263 2586 3566 2641 maledicam
3592 2606 3609 2653 ,-

2001 2679 2048 2723 et
2070 2670 2425 2725 benedicentur
2454 2674 2508 2726 in
2535 2682 2583 2727 te
2608 2690 2779 2728 omnes
2803 2676 2966 2729 tribus
2994 2685 3161 2730 term.
3203 2675 3423 2746 Singula
3465 2678 3606 2733 diota

2001 2760 2287 2831 diligenter
2328 2772 2761 2833 perscrutemur,
2805 2776 2863 2820 ut
2909 2767 3213 2837 religiosam
3253 2778 3309 2824 et
3344 2770 3486 2839 piam
3519 2786 3612 2840 pa-

2002 2852 2250 2905 triarchtr
2279 2862 2517 2908 mentem
2542 2856 2838 2911 videamus.

2075 2942 2334 3006 Quantum
2369 2946 2432 2997 sit
2462 2947 2681 3014 patriam
2710 2964 2855 2999 suam
2880 2948 3255 3019 relinquere.—
3274 2949 3353 3005 Ne
3384 2962 3611 3021 printer-

2000 3048 2195 3087 eamus
2233 3034 2408 3089 obiter
2449 3036 2626 3101 dicta,
2676 3037 2771 3091 sed
2816 3040 3305 3098 animadvertamus
3353 3053 3611 3109 quantum

2002 3122 2209 3192 imperii
2254 3124 2485 3195 pondus.
2516 3124 2808 3193 Egredere,
2838 3129 3044 3198 inquit,
3072 3130 3137 3184 de
3161 3140 3294 3184 terra
3325 3141 3451 3200 tua,
3480 3146 3527 3187 et
3548 3138 3613 3188 de

2000 3215 2299 3284 Cognatione
2325 3225 2411 3269 tua
2430 3257 2444 3280 ,
2470 3227 2517 3269 et
2548 3218 2611 3270 de
2632 3218 2781 3271 domo
2808 3221 2969 3288 patris
2995 3221 3096 3287 tui,
3128 3233 3175 3275 et
3201 3223 3313 3277 veni
3347 3225 3400 3277 in
3425 3235 3611 3279 terram

1998 3327 2150 3378 quam
2183 3322 2527 3366 monstravero
2556 3311 2664 3365 tibi.
2697 3312 2858 3379 Quasi
2885 3314 3089 3369 diceret
3121 3332 3134 3368 :
3166 3315 3429 3386 Relinque
3458 3329 3604 3376 certa

1999 3412 2054 3456 et
2081 3405 2330 3457 omnibus
2369 3415 2553 3474 aperta
2573 3446 2588 3470 ,
2622 3414 2676 3461 et
2703 3406 2841 3476 elige
2868 3407 3036 3477 magis
3070 3409 3270 3463 incerta
3298 3420 3353 3465 et
3382 3426 3487 3466 non
3516 3429 3607 3483 ap-

2001 3493 2263 3563 parentia.
2322 3492 2616 3551 Considera
2670 3497 2941 3567 quomodo
2993 3499 3062 3553 ab
3113 3500 3264 3555 initio
3316 3514 3606 3558 exercetur

1993 3584 2191 3651 justus,
2218 3594 2275 3639 ut
2304 3587 2575 3656 praeeligat
2600 3602 2705 3642 non
2732 3590 3040 3657 apparentia
3067 3606 3176 3659 pra:
3197 3594 3598 3660 apparentibus,

1998 3686 2054 3732 et
2081 3676 2253 3731 futura
2302 3692 2412 3748 pra:
2460 3679 2525 3733 iis
2553 3693 2672 3750 quas
2697 3679 2748 3732 in
2782 3681 3028 3735 manibus
3071 3693 3217 3735 sunt.
3248 3683 3432 3753 Neqbe
3464 3688 3607 3742 enitn

2002 3770 2220 3838 vulgare
2248 3779 2300 3823 et
2329 3778 2547 3839 parvum
2590 3769 2789 3840 aliquid
2816 3781 2933 3825 erat
2961 3772 3033 3836 id,
3062 3775 3205 3843 quod
3236 3775 3284 3829 ei
3318 3785 3374 3831 ut
3405 3778 3606 3834 faceret

1998 3860 2337 3932 praecipiebat
2365 3861 2505 3916 Deus
2525 3878 2537 3912 :
2558 3877 2752 3931 nempe
2769 3870 2826 3915 ut
2847 3870 3043 3917 terram
3068 3864 3415 3936 relinqueret,
3439 3882 3603 3939 quam

2000 3952 2323 4008 inhabitant
2362 3962 2509 4007 tanto
2549 3962 2810 4023 tempore,
2842 3963 2897 4010 et
2939 3970 3155 4011 omnem
3199 3962 3603 4029 cognationem.

1998 4053 2053 4099 et
2080 4043 2244 4098 totam
2288 4044 2453 4115 patris
2479 4044 2717 4111 domum,
2763 4046 2967 4115 iretque
2994 4050 3240 4104 nesciens
3268 4059 3324 4105 et
3352 4052 3605 4123 ignorans

2000 4144 2281 4206 qucrsum.
2307 4136 2422 4190 Non
2449 4138 2591 4191 enim
2619 4137 2755 4192 dixit
2774 4139 2845 4204 ei,
2870 4138 2921 4193 in
2943 4154 3101 4210 quam
3123 4143 3395 4211 regionem
3427 4148 3607 4200 trans-

1998 4226 2145 4283 ferre
2183 4241 2306 4282 eunt
2350 4229 2531 4293 vellet,
2561 4228 2658 4283 sed
2686 4230 2935 4283 mandato
2963 4230 3240 4286 indefinito
3265 4234 3409 4304 piunt
3441 4236 3607 4304 patri-

1998 4322 2216 4375 archam
2257 4321 2517 4375 exercuit.
2559 4318 2683 4374 Veni
2724 4320 2891 4384 enim,
2931 4321 3122 4391 inquit,
3154 4322 3209 4376 in
3238 4333 3422 4377 terram
3453 4342 3607 4395 quam

2000 4416 2341 4468 monstrarem
2373 4411 2479 4464 tibi.
2512 4412 2720 4481 Cugita,
2752 4424 2957 4482 quaeso,
2990 4413 3206 4480 dilecte,
3236 4430 3396 4484 quam
3436 4418 3607 4471 subii-

1997 4518 2140 4558 mem
2182 4502 2418 4555 animum
2451 4501 2758 4570 requirebat
2787 4502 2889 4559 hoc
2922 4503 3272 4558 mandatum:
3317 4506 3407 4575 qui
3450 4506 3608 4576 plane

1999 4592 2140 4647 nulla
2166 4593 2251 4648 vel
2276 4590 2581 4658 aﬂ'ectione,
2612 4591 2696 4647 vel
2722 4592 3109 4648 consuetudine
3138 4594 3385 4664 impediri
3416 4606 3601 4665 potue-

1999 4685 2087 4739 rit.
2128 4682 2185 4739 Si
2213 4683 2356 4738 enim
2386 4697 2550 4750 nunc,
2584 4692 2704 4752 post
2740 4692 2882 4737 tanta
2931 4682 3206 4752 religionis
3252 4685 3602 4749 incrementa,

2000 4776 2152 4830 multi
2181 4775 2318 4831 adeo
2345 4782 2466 4831 sunt
2510 4776 2880 4829 censuetudini
2928 4790 3042 4829 sua:
3082 4776 3301 4846 alligati,
3333 4786 3389 4830 ut
3431 4779 3609 4845 potius

2000 4867 2187 4929 multa,
2215 4867 2316 4921 etsi
2359 4866 2649 4921 necessitas
2695 4878 2901 4935 urgeat,
2926 4867 3213 4938 omniaque
3244 4868 3386 4923 ierre
3414 4869 3605 4937 velint,

2000 4973 2159 5027 quam
2188 4958 2301 5011 loca
2331 4966 2537 5011 mutare
2578 4957 2629 5010 in
2675 4958 2869 5027 quibus
2899 4959 3046 5027 pribs
3073 4959 3340 5013 habebant
3378 4962 3597 5015 domici-

2002 5048 2129 5102 lium
2154 5064 2168 5101 ε
2190 5047 2243 5101 id
2267 5047 2408 5117 quod
2439 5054 2541 5102 noti
2566 5049 2739 5101 solum
2765 5065 2794 5103 a
2825 5048 3133 5119 vulgaribus
3156 5050 3462 5107 hominibus
3488 5053 3606 5109 liert

2000 5139 2266 5203 videmus,
2290 5140 2383 5194 sed
2406 5139 2567 5194 etiam
2595 5140 2747 5194 abiis
2774 5140 2862 5209 qui
2881 5156 2912 5194 e
2935 5142 3113 5195 medio
3140 5144 3370 5197 tumultu
3397 5145 3607 5215 fugere,

2002 5242 2059 5286 et
2085 5232 2432 5286 monasticam
2464 5232 2625 5286 vitam
2649 5233 2959 5301 delegerunt
2987 5251 2999 5285 :
3024 5246 3225 5304 quanto
3250 5237 3419 5307 magis
3459 5239 3605 5295 veri-

2003 5324 2177 5379 simile
2204 5334 2320 5377 erat
2340 5324 2540 5390 jnsmm
2571 5323 2716 5376 illum
2746 5322 2814 5377 ad
2856 5323 2957 5379 hoc
2978 5325 3288 5381 mandatum
3314 5327 3606 5384 tardiorem

2004 5415 2160 5471 iure?
2189 5415 2478 5485 Egredere,
2514 5415 2703 5483 inquit,
2737 5425 2790 5471 et
2830 5417 3071 5488 relinque
3106 5429 3383 5489 cognatos,
3422 5429 3476 5475 et
3504 5419 3605 5476 do-

2005 5516 2151 5562 mum
2183 5512 2479 5574 patet‘nam,
2512 5515 2567 5559 et
2591 5506 2710 5560 veni
2739 5507 2789 5560 in
2822 5516 3015 5561 terram
3046 5524 3206 5579 quam
3235 5521 3609 5566 monstravere

2006 5599 2120 5653 tibi.
2160 5592 2331 5664 Quem
2362 5608 2466 5649 non
2509 5597 2785 5651 turbarent
2810 5597 2973 5653 verba
3020 5599 3161 5653 ista?
3186 5598 3369 5669 Neque
3408 5601 3606 5665 locum,

2007 5705 2180 5759 neque
2219 5689 2490 5757 regiOnem
2521 5698 2723 5743 certam
2770 5689 2819 5741 ei
2866 5688 3132 5759 designat,
3176 5690 3270 5744 sed
3326 5690 3606 5745 indefinito

2012 5787 2281 5851 prmcepto
2310 5788 2545 5833 mentem
2582 5780 2824 5850 explorat
2863 5780 3012 5850 justi.
3060 5781 3192 5836 Nam
3229 5781 3273 5837 si
3299 5783 3419 5855 quis
3446 5781 3607 5850 alius,
