  <div class='ocr_page' id='page_1' title='image "/cluster/home/n/w/nwhite01/storage/ocr_20150623/53/ien.35556001660802/289.png"; bbox 0 0 4070 6388; ppageno 0'>
   <div class='ocr_carea' id='block_1_1' title="bbox 570 381 672 434">
    <p class='ocr_par' dir='ltr' id='par_1_1' title="bbox 570 381 672 434">
     <span class='ocr_line' id='line_1_1' title="bbox 570 381 672 434; baseline -0.01 0"><span class='ocrx_word' id='word_1_1' title='bbox 570 381 672 434; x_wconf 72' lang='lat'><strong>287</strong></span> 
     </span>
    </p>
   </div>
   <div class='ocr_carea' id='block_1_2' title="bbox 565 483 2134 561">
    <p class='ocr_par' dir='ltr' id='par_1_2' title="bbox 565 483 2134 561">
     <span class='ocr_line' id='line_1_2' title="bbox 565 483 2134 561; baseline -0.008 -13"><span class='ocrx_word' id='word_1_2' title='bbox 565 503 622 547; x_wconf 91' lang='lat' dir='ltr'><strong>et</strong></span> <span class='ocrx_word' id='word_1_3' title='bbox 645 506 678 548; x_wconf 91' lang='lat' dir='ltr'><strong>e</strong></span> <span class='ocrx_word' id='word_1_4' title='bbox 716 490 872 561; x_wconf 84' lang='lat' dir='ltr'><strong>vulgo</strong></span> <span class='ocrx_word' id='word_1_5' title='bbox 912 488 1099 544; x_wconf 86' lang='lat' dir='ltr'><strong>fuisset</strong></span> <span class='ocrx_word' id='word_1_6' title='bbox 1141 487 1185 544; x_wconf 92' lang='lat' dir='ltr'><strong>is</strong></span> <span class='ocrx_word' id='word_1_7' title='bbox 1210 487 1299 558; x_wconf 88' lang='lat' dir='ltr'><strong>qui</strong></span> <span class='ocrx_word' id='word_1_8' title='bbox 1326 484 1629 540; x_wconf 72' lang='lat' dir='ltr'><strong>mandatum</strong></span> <span class='ocrx_word' id='word_1_9' title='bbox 1655 484 1883 554; x_wconf 86' lang='lat' dir='ltr'><strong>accepit,</strong></span> <span class='ocrx_word' id='word_1_10' title='bbox 1915 483 2134 539; x_wconf 75' lang='lat' dir='ltr'><strong>dixisset</strong></span> 
     </span>
    </p>
   </div>
   <div class='ocr_carea' id='block_1_3' title="bbox 567 577 2132 652">
    <p class='ocr_par' dir='ltr' id='par_1_3' title="bbox 567 577 2132 652">
     <span class='ocr_line' id='line_1_3' title="bbox 567 577 2132 652; baseline -0.005 -16"><span class='ocrx_word' id='word_1_11' title='bbox 567 583 748 652; x_wconf 79' lang='lat' dir='ltr'><strong>utique</strong></span> <span class='ocrx_word' id='word_1_12' title='bbox 773 600 787 636; x_wconf 92' lang='lat'><strong>:</strong></span> <span class='ocrx_word' id='word_1_13' title='bbox 833 580 999 649; x_wconf 84' lang='lat' dir='ltr'><strong>Esto;</strong></span> <span class='ocrx_word' id='word_1_14' title='bbox 1026 579 1285 651; x_wconf 73' lang='lat' dir='ltr'><strong>principis,</strong></span> <span class='ocrx_word' id='word_1_15' title='bbox 1326 585 1388 634; x_wconf 91' lang='lat' dir='ltr'><strong>ut</strong></span> <span class='ocrx_word' id='word_1_16' title='bbox 1413 577 1706 646; x_wconf 75' lang='lat' dir='ltr'><strong>relinquam</strong></span> <span class='ocrx_word' id='word_1_17' title='bbox 1751 585 1948 632; x_wconf 89' lang='lat' dir='ltr'><strong>terram</strong></span> <span class='ocrx_word' id='word_1_18' title='bbox 1973 589 2132 645; x_wconf 80' lang='lat' dir='ltr'><strong>quam</strong></span> 
     </span>
    </p>
   </div>
   <div class='ocr_carea' id='block_1_4' title="bbox 566 669 2132 744">
    <p class='ocr_par' dir='ltr' id='par_1_4' title="bbox 566 669 2132 744">
     <span class='ocr_line' id='line_1_4' title="bbox 566 669 2132 744; baseline -0.004 -19"><span class='ocrx_word' id='word_1_19' title='bbox 566 673 825 740; x_wconf 86' lang='lat' dir='ltr'><strong>inbabito,</strong></span> <span class='ocrx_word' id='word_1_20' title='bbox 852 671 1234 744; x_wconf 55' lang='lat' dir='ltr'><strong>dignationem,</strong></span> <span class='ocrx_word' id='word_1_21' title='bbox 1264 669 1480 724; x_wconf 88' lang='lat' dir='ltr'><strong>domum</strong></span> <span class='ocrx_word' id='word_1_22' title='bbox 1502 676 1777 737; x_wconf 78' lang='lat' dir='ltr'><strong>paternam</strong></span> <span class='ocrx_word' id='word_1_23' title='bbox 1802 685 1817 721; x_wconf 88' lang='lat'><strong>:</strong></span> <span class='ocrx_word' id='word_1_24' title='bbox 1839 681 2003 737; x_wconf 88' lang='lat' dir='ltr'><strong>quare</strong></span> <span class='ocrx_word' id='word_1_25' title='bbox 2027 679 2132 720; x_wconf 86' lang='lat' dir='ltr'><strong>non</strong></span> 
     </span>
    </p>
   </div>
   <div class='ocr_carea' id='block_1_5' title="bbox 562 757 2134 830">
    <p class='ocr_par' dir='ltr' id='par_1_5' title="bbox 562 757 2134 830">
     <span class='ocr_line' id='line_1_5' title="bbox 562 757 2134 830; baseline -0.003 -16"><span class='ocrx_word' id='word_1_26' title='bbox 562 765 724 820; x_wconf 67' lang='lat' dir='ltr'><strong>etiam</strong></span> <span class='ocrx_word' id='word_1_27' title='bbox 749 764 922 820; x_wconf 85' lang='lat' dir='ltr'><strong>locum</strong></span> <span class='ocrx_word' id='word_1_28' title='bbox 939 761 1198 827; x_wconf 80' lang='lat' dir='ltr'><strong>declaras,</strong></span> <span class='ocrx_word' id='word_1_29' title='bbox 1220 761 1273 815; x_wconf 91' lang='lat' dir='ltr'><strong>in</strong></span> <span class='ocrx_word' id='word_1_30' title='bbox 1295 775 1455 830; x_wconf 86' lang='lat' dir='ltr'><strong>quem</strong></span> <span class='ocrx_word' id='word_1_31' title='bbox 1471 773 1560 814; x_wconf 87' lang='lat' dir='ltr'><strong>me</strong></span> <span class='ocrx_word' id='word_1_32' title='bbox 1587 757 1848 828; x_wconf 87' lang='lat' dir='ltr'><strong>prollcisci</strong></span> <span class='ocrx_word' id='word_1_33' title='bbox 1871 757 2044 826; x_wconf 72' lang='lat' dir='ltr'><strong>iubes,</strong></span> <span class='ocrx_word' id='word_1_34' title='bbox 2073 766 2134 810; x_wconf 82' lang='lat' dir='ltr'><strong>ut</strong></span> 
     </span>
    </p>
   </div>
   <div class='ocr_carea' id='block_1_6' title="bbox 562 848 2132 920">
    <p class='ocr_par' dir='ltr' id='par_1_6' title="bbox 562 848 2132 920">
     <span class='ocr_line' id='line_1_6' title="bbox 562 848 2132 920; baseline -0.005 -10"><span class='ocrx_word' id='word_1_35' title='bbox 562 857 843 910; x_wconf 74' lang='lat' dir='ltr'><strong>certiorem</strong></span> <span class='ocrx_word' id='word_1_36' title='bbox 904 868 991 910; x_wconf 86' lang='lat' dir='ltr'><strong>me</strong></span> <span class='ocrx_word' id='word_1_37' title='bbox 1041 851 1236 908; x_wconf 80' lang='lat' dir='ltr'><strong>reddas</strong></span> <span class='ocrx_word' id='word_1_38' title='bbox 1275 859 1532 920; x_wconf 88' lang='lat' dir='ltr'><strong>quantum</strong></span> <span class='ocrx_word' id='word_1_39' title='bbox 1574 850 1644 906; x_wconf 89' lang='lat' dir='ltr'><strong>sit</strong></span> <span class='ocrx_word' id='word_1_40' title='bbox 1683 850 1782 904; x_wconf 90' lang='lat' dir='ltr'><strong>iter</strong></span> <span class='ocrx_word' id='word_1_41' title='bbox 1829 848 2132 920; x_wconf 72' lang='lat' dir='ltr'><strong>agendum?</strong></span> 
     </span>
    </p>
   </div>
   <div class='ocr_carea' id='block_1_7' title="bbox 563 937 2131 1013">
    <p class='ocr_par' dir='ltr' id='par_1_7' title="bbox 563 937 2131 1013">
     <span class='ocr_line' id='line_1_7' title="bbox 563 937 2131 1013; baseline -0.006 -10"><span class='ocrx_word' id='word_1_42' title='bbox 563 947 716 1005; x_wconf 89' lang='lat' dir='ltr'><strong>lJnde</strong></span> <span class='ocrx_word' id='word_1_43' title='bbox 737 947 880 1002; x_wconf 81' lang='lat' dir='ltr'><strong>enim</strong></span> <span class='ocrx_word' id='word_1_44' title='bbox 909 957 1065 1000; x_wconf 85' lang='lat' dir='ltr'><strong>nosse</strong></span> <span class='ocrx_word' id='word_1_45' title='bbox 1089 937 1291 999; x_wconf 88' lang='lat' dir='ltr'><strong>valeam</strong></span> <span class='ocrx_word' id='word_1_46' title='bbox 1313 943 1434 1010; x_wconf 86' lang='lat' dir='ltr'><strong>hac,</strong></span> <span class='ocrx_word' id='word_1_47' title='bbox 1455 957 1614 1013; x_wconf 85' lang='lat' dir='ltr'><strong>quam</strong></span> <span class='ocrx_word' id='word_1_48' title='bbox 1640 942 1904 1013; x_wconf 81' lang='lat' dir='ltr'><strong>relinquo,</strong></span> <span class='ocrx_word' id='word_1_49' title='bbox 1924 940 2131 995; x_wconf 85' lang='lat' dir='ltr'><strong>uberio-</strong></span> 
     </span>
    </p>
   </div>
   <div class='ocr_carea' id='block_1_8' title="bbox 561 1029 2130 1105">
    <p class='ocr_par' dir='ltr' id='par_1_8' title="bbox 561 1029 2130 1105">
     <span class='ocr_line' id='line_1_8' title="bbox 561 1029 2130 1105; baseline -0.004 -15"><span class='ocrx_word' id='word_1_50' title='bbox 561 1050 674 1092; x_wconf 95' lang='lat' dir='ltr'><strong>rem</strong></span> <span class='ocrx_word' id='word_1_51' title='bbox 696 1045 750 1091; x_wconf 83' lang='lat' dir='ltr'><strong>et</strong></span> <span class='ocrx_word' id='word_1_52' title='bbox 777 1036 1197 1105; x_wconf 74' lang='lat' dir='ltr'><strong>pra-stantiorem</strong></span> <span class='ocrx_word' id='word_1_53' title='bbox 1225 1035 1369 1088; x_wconf 88' lang='lat' dir='ltr'><strong>illam</strong></span> <span class='ocrx_word' id='word_1_54' title='bbox 1395 1032 1554 1088; x_wconf 75' lang='lat' dir='ltr'><strong>esse?</strong></span> <span class='ocrx_word' id='word_1_55' title='bbox 1583 1032 1654 1087; x_wconf 80' lang='lat' dir='ltr'><strong>At</strong></span> <span class='ocrx_word' id='word_1_56' title='bbox 1672 1033 1845 1102; x_wconf 84' lang='lat' dir='ltr'><strong>justus</strong></span> <span class='ocrx_word' id='word_1_57' title='bbox 1877 1029 2006 1085; x_wconf 86' lang='lat' dir='ltr'><strong>nihil</strong></span> <span class='ocrx_word' id='word_1_58' title='bbox 2034 1032 2130 1084; x_wconf 80' lang='lat' dir='ltr'><strong>lio-</strong></span> 
     </span>
    </p>
   </div>
   <div class='ocr_carea' id='block_1_9' title="bbox 560 1119 2130 1192">
    <p class='ocr_par' dir='ltr' id='par_1_9' title="bbox 560 1119 2130 1192">
     <span class='ocr_line' id='line_1_9' title="bbox 560 1119 2130 1192; baseline -0.005 -12"><span class='ocrx_word' id='word_1_59' title='bbox 560 1140 678 1180; x_wconf 88' lang='lat' dir='ltr'><strong>rnm</strong></span> <span class='ocrx_word' id='word_1_60' title='bbox 701 1126 782 1180; x_wconf 92' lang='lat' dir='ltr'><strong>vel</strong></span> <span class='ocrx_word' id='word_1_61' title='bbox 810 1124 964 1185; x_wconf 82' lang='lat' dir='ltr'><strong>dixit,</strong></span> <span class='ocrx_word' id='word_1_62' title='bbox 987 1123 1069 1180; x_wconf 88' lang='lat' dir='ltr'><strong>vel</strong></span> <span class='ocrx_word' id='word_1_63' title='bbox 1099 1122 1345 1192; x_wconf 79' lang='lat' dir='ltr'><strong>cogitavit</strong></span> <span class='ocrx_word' id='word_1_64' title='bbox 1369 1140 1383 1176; x_wconf 88' lang='lat'><strong>:</strong></span> <span class='ocrx_word' id='word_1_65' title='bbox 1414 1122 1508 1178; x_wconf 80' lang='lat' dir='ltr'><strong>sed</strong></span> <span class='ocrx_word' id='word_1_66' title='bbox 1536 1122 1822 1191; x_wconf 75' lang='lat' dir='ltr'><strong>respiciens</strong></span> <span class='ocrx_word' id='word_1_67' title='bbox 1841 1119 1912 1175; x_wconf 86' lang='lat' dir='ltr'><strong>ad</strong></span> <span class='ocrx_word' id='word_1_68' title='bbox 1928 1119 2130 1189; x_wconf 81' lang='lat' dir='ltr'><strong>magni-</strong></span> 
     </span>
    </p>
   </div>
   <div class='ocr_carea' id='block_1_10' title="bbox 559 1210 2126 1282">
    <p class='ocr_par' dir='ltr' id='par_1_10' title="bbox 559 1210 2126 1282">
     <span class='ocr_line' id='line_1_10' title="bbox 559 1210 2126 1282; baseline -0.003 -15"><span class='ocrx_word' id='word_1_69' title='bbox 559 1214 794 1270; x_wconf 78' lang='lat' dir='ltr'><strong>tudinem</strong></span> <span class='ocrx_word' id='word_1_70' title='bbox 822 1228 1008 1269; x_wconf 87' lang='lat' dir='ltr'><strong>eorum</strong></span> <span class='ocrx_word' id='word_1_71' title='bbox 1031 1226 1150 1282; x_wconf 66' lang='lat' dir='ltr'><strong>qua</strong></span> <span class='ocrx_word' id='word_1_72' title='bbox 1176 1214 1432 1281; x_wconf 87' lang='lat' dir='ltr'><strong>imperata</strong></span> <span class='ocrx_word' id='word_1_73' title='bbox 1461 1219 1633 1276; x_wconf 86' lang='lat' dir='ltr'><strong>erant,</strong></span> <span class='ocrx_word' id='word_1_74' title='bbox 1668 1211 1733 1265; x_wconf 90' lang='lat' dir='ltr'><strong>iis</strong></span> <span class='ocrx_word' id='word_1_75' title='bbox 1773 1224 1892 1280; x_wconf 66' lang='lat' dir='ltr'><strong>quae</strong></span> <span class='ocrx_word' id='word_1_76' title='bbox 1929 1210 1980 1264; x_wconf 89' lang='lat' dir='ltr'><strong>in</strong></span> <span class='ocrx_word' id='word_1_77' title='bbox 2011 1224 2126 1262; x_wconf 77' lang='lat' dir='ltr'><strong>ma-</strong></span> 
     </span>
    </p>
   </div>
   <div class='ocr_carea' id='block_1_11' title="bbox 559 1300 2125 1372">
    <p class='ocr_par' dir='ltr' id='par_1_11' title="bbox 559 1300 2125 1372">
     <span class='ocr_line' id='line_1_11' title="bbox 559 1300 2125 1372; baseline -0.002 -15"><span class='ocrx_word' id='word_1_78' title='bbox 559 1305 714 1360; x_wconf 88' lang='lat' dir='ltr'><strong>nibus</strong></span> <span class='ocrx_word' id='word_1_79' title='bbox 742 1303 968 1359; x_wconf 86' lang='lat' dir='ltr'><strong>habebat</strong></span> <span class='ocrx_word' id='word_1_80' title='bbox 1010 1304 1207 1358; x_wconf 88' lang='lat' dir='ltr'><strong>incerta</strong></span> <span class='ocrx_word' id='word_1_81' title='bbox 1238 1300 1570 1372; x_wconf 70' lang='lat' dir='ltr'><strong>prteferebat.</strong></span> <span class='ocrx_word' id='word_1_82' title='bbox 1600 1301 1757 1370; x_wconf 78' lang='lat' dir='ltr'><strong>Atqui</strong></span> <span class='ocrx_word' id='word_1_83' title='bbox 1798 1301 1845 1355; x_wconf 87' lang='lat' dir='ltr'><strong>si</strong></span> <span class='ocrx_word' id='word_1_84' title='bbox 1883 1315 1989 1354; x_wconf 87' lang='lat' dir='ltr'><strong>non</strong></span> <span class='ocrx_word' id='word_1_85' title='bbox 2018 1309 2125 1354; x_wconf 82' lang='lat' dir='ltr'><strong>tam</strong></span> 
     </span>
    </p>
   </div>
   <div class='ocr_carea' id='block_1_12' title="bbox 555 1389 2123 1461">
    <p class='ocr_par' dir='ltr' id='par_1_12' title="bbox 555 1389 2123 1461">
     <span class='ocr_line' id='line_1_12' title="bbox 555 1389 2123 1461; baseline -0.002 -14"><span class='ocrx_word' id='word_1_86' title='bbox 555 1406 870 1461; x_wconf 85' lang='lat' dir='ltr'><strong>generosum</strong></span> <span class='ocrx_word' id='word_1_87' title='bbox 896 1391 1161 1461; x_wconf 84' lang='lat' dir='ltr'><strong>spiritum,</strong></span> <span class='ocrx_word' id='word_1_88' title='bbox 1195 1407 1293 1447; x_wconf 90' lang='lat' dir='ltr'><strong>nec</strong></span> <span class='ocrx_word' id='word_1_89' title='bbox 1319 1402 1423 1446; x_wconf 89' lang='lat' dir='ltr'><strong>tam</strong></span> <span class='ocrx_word' id='word_1_90' title='bbox 1450 1389 1866 1461; x_wconf 86' lang='lat' dir='ltr'><strong>philosophicnm</strong></span> <span class='ocrx_word' id='word_1_91' title='bbox 1893 1398 2123 1444; x_wconf 81' lang='lat' dir='ltr'><strong>mentem</strong></span> 
     </span>
    </p>
   </div>
   <div class='ocr_carea' id='block_1_13' title="bbox 557 1477 2124 1550">
    <p class='ocr_par' dir='ltr' id='par_1_13' title="bbox 557 1477 2124 1550">
     <span class='ocr_line' id='line_1_13' title="bbox 557 1477 2124 1550; baseline -0.001 -15"><span class='ocrx_word' id='word_1_92' title='bbox 557 1483 863 1547; x_wconf 77' lang='lat' dir='ltr'><strong>habuisset,</strong></span> <span class='ocrx_word' id='word_1_93' title='bbox 903 1496 1003 1538; x_wconf 89' lang='lat' dir='ltr'><strong>nec</strong></span> <span class='ocrx_word' id='word_1_94' title='bbox 1044 1481 1318 1549; x_wconf 82' lang='lat' dir='ltr'><strong>didicisset</strong></span> <span class='ocrx_word' id='word_1_95' title='bbox 1344 1495 1440 1550; x_wconf 90' lang='lat' dir='ltr'><strong>per</strong></span> <span class='ocrx_word' id='word_1_96' title='bbox 1473 1479 1648 1532; x_wconf 80' lang='lat' dir='ltr'><strong>omnia</strong></span> <span class='ocrx_word' id='word_1_97' title='bbox 1687 1477 1797 1532; x_wconf 89' lang='lat' dir='ltr'><strong>Deo</strong></span> <span class='ocrx_word' id='word_1_98' title='bbox 1835 1477 2124 1547; x_wconf 82' lang='lat' dir='ltr'><strong>parendum</strong></span> 
     </span>
    </p>
   </div>
   <div class='ocr_carea' id='block_1_14' title="bbox 553 1568 2124 1637">
    <p class='ocr_par' dir='ltr' id='par_1_14' title="bbox 553 1568 2124 1637">
     <span class='ocr_line' id='line_1_14' title="bbox 553 1568 2124 1637; baseline -0.003 -11"><span class='ocrx_word' id='word_1_99' title='bbox 553 1587 706 1636; x_wconf 83' lang='lat' dir='ltr'><strong>esse;</strong></span> <span class='ocrx_word' id='word_1_100' title='bbox 747 1571 935 1628; x_wconf 86' lang='lat' dir='ltr'><strong>fuisset</strong></span> <span class='ocrx_word' id='word_1_101' title='bbox 961 1580 1135 1626; x_wconf 89' lang='lat' dir='ltr'><strong>tamen</strong></span> <span class='ocrx_word' id='word_1_102' title='bbox 1163 1572 1212 1624; x_wconf 90' lang='lat' dir='ltr'><strong>ei</strong></span> <span class='ocrx_word' id='word_1_103' title='bbox 1240 1577 1297 1625; x_wconf 85' lang='lat' dir='ltr'><strong>et</strong></span> <span class='ocrx_word' id='word_1_104' title='bbox 1319 1568 1460 1624; x_wconf 90' lang='lat' dir='ltr'><strong>aliud</strong></span> <span class='ocrx_word' id='word_1_105' title='bbox 1487 1570 1650 1624; x_wconf 89' lang='lat' dir='ltr'><strong>etiam</strong></span> <span class='ocrx_word' id='word_1_106' title='bbox 1676 1569 1848 1637; x_wconf 88' lang='lat' dir='ltr'><strong>ipsum</strong></span> <span class='ocrx_word' id='word_1_107' title='bbox 1871 1583 1976 1621; x_wconf 88' lang='lat' dir='ltr'><strong>non</strong></span> <span class='ocrx_word' id='word_1_108' title='bbox 1999 1582 2124 1636; x_wconf 88' lang='lat' dir='ltr'><strong>par-</strong></span> 
     </span>
    </p>
   </div>
   <div class='ocr_carea' id='block_1_15' title="bbox 555 1657 2123 1731">
    <p class='ocr_par' dir='ltr' id='par_1_15' title="bbox 555 1657 2123 1731">
     <span class='ocr_line' id='line_1_15' title="bbox 555 1657 2123 1731; baseline -0.003 -15"><span class='ocrx_word' id='word_1_109' title='bbox 555 1677 677 1717; x_wconf 81' lang='lat' dir='ltr'><strong>vum</strong></span> <span class='ocrx_word' id='word_1_110' title='bbox 703 1661 1168 1731; x_wconf 76' lang='lat' dir='ltr'><strong>impedimentum;</strong></span> <span class='ocrx_word' id='word_1_111' title='bbox 1197 1674 1388 1728; x_wconf 88' lang='lat' dir='ltr'><strong>nempe</strong></span> <span class='ocrx_word' id='word_1_112' title='bbox 1411 1673 1556 1714; x_wconf 79' lang='lat' dir='ltr'><strong>mors</strong></span> <span class='ocrx_word' id='word_1_113' title='bbox 1584 1659 1766 1730; x_wconf 84' lang='lat' dir='ltr'><strong>patris.</strong></span> <span class='ocrx_word' id='word_1_114' title='bbox 1793 1657 1951 1712; x_wconf 86' lang='lat' dir='ltr'><strong>Scitis</strong></span> <span class='ocrx_word' id='word_1_115' title='bbox 1977 1658 2123 1713; x_wconf 87' lang='lat' dir='ltr'><strong>enim</strong></span> 
     </span>
    </p>
   </div>
   <div class='ocr_carea' id='block_1_16' title="bbox 552 1749 2122 1820">
    <p class='ocr_par' dir='ltr' id='par_1_16' title="bbox 552 1749 2122 1820">
     <span class='ocr_line' id='line_1_16' title="bbox 552 1749 2122 1820; baseline -0.001 -14"><span class='ocrx_word' id='word_1_116' title='bbox 552 1750 745 1806; x_wconf 85' lang='lat' dir='ltr'><strong>multus</strong></span> <span class='ocrx_word' id='word_1_117' title='bbox 772 1765 1140 1819; x_wconf 63' lang='lat' dir='ltr'><strong>smpermmero</strong></span> <span class='ocrx_word' id='word_1_118' title='bbox 1178 1759 1394 1820; x_wconf 87' lang='lat' dir='ltr'><strong>propter</strong></span> <span class='ocrx_word' id='word_1_119' title='bbox 1429 1749 1671 1819; x_wconf 81' lang='lat' dir='ltr'><strong>sepulcra</strong></span> <span class='ocrx_word' id='word_1_120' title='bbox 1695 1757 2039 1818; x_wconf 87' lang='lat' dir='ltr'><strong>cognatorum</strong></span> <span class='ocrx_word' id='word_1_121' title='bbox 2068 1749 2122 1806; x_wconf 89' lang='lat' dir='ltr'><strong>in</strong></span> 
     </span>
    </p>
   </div>
   <div class='ocr_carea' id='block_1_17' title="bbox 551 1839 2122 1911">
    <p class='ocr_par' dir='ltr' id='par_1_17' title="bbox 551 1839 2122 1911">
     <span class='ocr_line' id='line_1_17' title="bbox 551 1839 2122 1911; baseline 0 -19"><span class='ocrx_word' id='word_1_122' title='bbox 551 1841 655 1896; x_wconf 85' lang='lat' dir='ltr'><strong>illis</strong></span> <span class='ocrx_word' id='word_1_123' title='bbox 689 1841 820 1895; x_wconf 88' lang='lat' dir='ltr'><strong>locis</strong></span> <span class='ocrx_word' id='word_1_124' title='bbox 845 1841 981 1895; x_wconf 90' lang='lat' dir='ltr'><strong>mori</strong></span> <span class='ocrx_word' id='word_1_125' title='bbox 1009 1840 1267 1911; x_wconf 82' lang='lat' dir='ltr'><strong>deligere,</strong></span> <span class='ocrx_word' id='word_1_126' title='bbox 1308 1839 1397 1894; x_wconf 89' lang='lat' dir='ltr'><strong>ubi</strong></span> <span class='ocrx_word' id='word_1_127' title='bbox 1436 1847 1686 1910; x_wconf 83' lang='lat' dir='ltr'><strong>parentes</strong></span> <span class='ocrx_word' id='word_1_128' title='bbox 1711 1854 1898 1896; x_wconf 88' lang='lat' dir='ltr'><strong>eorum</strong></span> <span class='ocrx_word' id='word_1_129' title='bbox 1927 1839 2122 1894; x_wconf 81' lang='lat' dir='ltr'><strong>mortui</strong></span> 
     </span>
    </p>
   </div>
   <div class='ocr_carea' id='block_1_18' title="bbox 549 1932 986 2001">
    <p class='ocr_par' dir='ltr' id='par_1_18' title="bbox 549 1932 986 2001">
     <span class='ocr_line' id='line_1_18' title="bbox 549 1932 986 2001; baseline 0 -17"><span class='ocrx_word' id='word_1_130' title='bbox 549 1941 603 1984; x_wconf 90' lang='lat' dir='ltr'><strong>et</strong></span> <span class='ocrx_word' id='word_1_131' title='bbox 628 1932 817 2001; x_wconf 86' lang='lat' dir='ltr'><strong>sepulti</strong></span> <span class='ocrx_word' id='word_1_132' title='bbox 841 1938 986 1984; x_wconf 84' lang='lat' dir='ltr'><strong>sunt.</strong></span> 
     </span>
    </p>
   </div>
   <div class='ocr_carea' id='block_1_19' title="bbox 619 2016 2122 2089">
    <p class='ocr_par' dir='ltr' id='par_1_19' title="bbox 619 2016 2122 2089">
     <span class='ocr_line' id='line_1_19' title="bbox 619 2016 2122 2089; baseline -0.003 -13"><span class='ocrx_word' id='word_1_133' title='bbox 619 2021 674 2076; x_wconf 72' lang='grc' dir='ltr'><strong>ι.</strong></span> <span class='ocrx_word' id='word_1_134' title='bbox 708 2019 1003 2075; x_wconf 81' lang='lat' dir='ltr'><strong>Verisimile</strong></span> <span class='ocrx_word' id='word_1_135' title='bbox 1023 2019 1179 2089; x_wconf 88' lang='lat' dir='ltr'><strong>igitur</strong></span> <span class='ocrx_word' id='word_1_136' title='bbox 1195 2025 1311 2073; x_wconf 57' lang='lat' dir='ltr'><strong>erat</strong></span> <span class='ocrx_word' id='word_1_137' title='bbox 1331 2025 1387 2072; x_wconf 90' lang='lat' dir='ltr'><strong>et</strong></span> <span class='ocrx_word' id='word_1_138' title='bbox 1409 2022 1608 2086; x_wconf 75' lang='lat' dir='ltr'><strong>justum</strong></span> <span class='ocrx_word' id='word_1_139' title='bbox 1629 2016 1770 2072; x_wconf 87' lang='lat' dir='ltr'><strong>hunc</strong></span> <span class='ocrx_word' id='word_1_140' title='bbox 1790 2057 1807 2083; x_wconf 91' lang='lat'><strong>,</strong></span> <span class='ocrx_word' id='word_1_141' title='bbox 1829 2016 1930 2070; x_wconf 76' lang='lat' dir='ltr'><strong>nisi</strong></span> <span class='ocrx_word' id='word_1_142' title='bbox 1954 2016 2122 2072; x_wconf 88' lang='lat' dir='ltr'><strong>Deum</strong></span> 
     </span>
    </p>
   </div>
   <div class='ocr_carea' id='block_1_20' title="bbox 548 2105 2122 2179">
    <p class='ocr_par' dir='ltr' id='par_1_20' title="bbox 548 2105 2122 2179">
     <span class='ocr_line' id='line_1_20' title="bbox 548 2105 2122 2179; baseline -0.001 -17"><span class='ocrx_word' id='word_1_143' title='bbox 548 2109 832 2179; x_wconf 86' lang='lat' dir='ltr'><strong>plurimum</strong></span> <span class='ocrx_word' id='word_1_144' title='bbox 852 2116 1113 2173; x_wconf 88' lang='lat' dir='ltr'><strong>amasset,</strong></span> <span class='ocrx_word' id='word_1_145' title='bbox 1147 2107 1268 2161; x_wconf 85' lang='lat' dir='ltr'><strong>talia</strong></span> <span class='ocrx_word' id='word_1_146' title='bbox 1298 2106 1532 2176; x_wconf 87' lang='lat' dir='ltr'><strong>potuisse</strong></span> <span class='ocrx_word' id='word_1_147' title='bbox 1557 2106 1790 2174; x_wconf 86' lang='lat' dir='ltr'><strong>cogitare</strong></span> <span class='ocrx_word' id='word_1_148' title='bbox 1815 2121 1828 2158; x_wconf 94' lang='lat'>:</span> <span class='ocrx_word' id='word_1_149' title='bbox 1856 2105 1996 2160; x_wconf 84' lang='lat' dir='ltr'><strong>Ecce</strong></span> <span class='ocrx_word' id='word_1_150' title='bbox 2022 2120 2122 2175; x_wconf 85' lang='lat' dir='ltr'><strong>pa-</strong></span> 
     </span>
    </p>
   </div>
   <div class='ocr_carea' id='block_1_21' title="bbox 550 2195 2120 2270">
    <p class='ocr_par' dir='ltr' id='par_1_21' title="bbox 550 2195 2120 2270">
     <span class='ocr_line' id='line_1_21' title="bbox 550 2195 2120 2270; baseline -0.001 -16"><span class='ocrx_word' id='word_1_151' title='bbox 550 2210 632 2254; x_wconf 89' lang='lat' dir='ltr'><strong>ter</strong></span> <span class='ocrx_word' id='word_1_152' title='bbox 655 2207 870 2270; x_wconf 85' lang='lat' dir='ltr'><strong>prepter</strong></span> <span class='ocrx_word' id='word_1_153' title='bbox 909 2213 1059 2252; x_wconf 90' lang='lat' dir='ltr'><strong>suum</strong></span> <span class='ocrx_word' id='word_1_154' title='bbox 1088 2198 1141 2252; x_wconf 92' lang='lat' dir='ltr'><strong>in</strong></span> <span class='ocrx_word' id='word_1_155' title='bbox 1172 2211 1257 2251; x_wconf 86' lang='lat' dir='ltr'><strong>me</strong></span> <span class='ocrx_word' id='word_1_156' title='bbox 1301 2210 1537 2251; x_wconf 85' lang='lat' dir='ltr'><strong>amorem</strong></span> <span class='ocrx_word' id='word_1_157' title='bbox 1564 2211 1596 2252; x_wconf 87' lang='lat' dir='ltr'><strong>e</strong></span> <span class='ocrx_word' id='word_1_158' title='bbox 1619 2195 1780 2251; x_wconf 91' lang='lat' dir='ltr'><strong>domo</strong></span> <span class='ocrx_word' id='word_1_159' title='bbox 1807 2210 1903 2251; x_wconf 85' lang='lat' dir='ltr'><strong>sua</strong></span> <span class='ocrx_word' id='word_1_160' title='bbox 1941 2197 2120 2265; x_wconf 87' lang='lat' dir='ltr'><strong>profe-</strong></span> 
     </span>
    </p>
   </div>
   <div class='ocr_carea' id='block_1_22' title="bbox 546 2286 2122 2359">
    <p class='ocr_par' dir='ltr' id='par_1_22' title="bbox 546 2286 2122 2359">
     <span class='ocr_line' id='line_1_22' title="bbox 546 2286 2122 2359; baseline 0.001 -16"><span class='ocrx_word' id='word_1_161' title='bbox 546 2298 697 2354; x_wconf 89' lang='lat' dir='ltr'><strong>ctus,</strong></span> <span class='ocrx_word' id='word_1_162' title='bbox 719 2288 970 2359; x_wconf 88' lang='lat' dir='ltr'><strong>pristinas</strong></span> <span class='ocrx_word' id='word_1_163' title='bbox 998 2286 1409 2342; x_wconf 90' lang='lat' dir='ltr'><strong>consuetudines</strong></span> <span class='ocrx_word' id='word_1_164' title='bbox 1432 2286 1693 2356; x_wconf 75' lang='lat' dir='ltr'><strong>despexit,</strong></span> <span class='ocrx_word' id='word_1_165' title='bbox 1723 2295 1780 2342; x_wconf 92' lang='lat' dir='ltr'><strong>et</strong></span> <span class='ocrx_word' id='word_1_166' title='bbox 1802 2287 2122 2358; x_wconf 86' lang='lat' dir='ltr'><strong>contemptis</strong></span> 
     </span>
    </p>
   </div>
   <div class='ocr_carea' id='block_1_23' title="bbox 547 2376 2121 2449">
    <p class='ocr_par' dir='ltr' id='par_1_23' title="bbox 547 2376 2121 2449">
     <span class='ocr_line' id='line_1_23' title="bbox 547 2376 2121 2449; baseline 0.002 -17"><span class='ocrx_word' id='word_1_167' title='bbox 547 2376 794 2432; x_wconf 85' lang='lat' dir='ltr'><strong>omnibus</strong></span> <span class='ocrx_word' id='word_1_168' title='bbox 821 2376 924 2432; x_wconf 90' lang='lat' dir='ltr'><strong>huc</strong></span> <span class='ocrx_word' id='word_1_169' title='bbox 952 2391 1117 2447; x_wconf 88' lang='lat' dir='ltr'><strong>usque</strong></span> <span class='ocrx_word' id='word_1_170' title='bbox 1139 2377 1321 2441; x_wconf 87' lang='lat' dir='ltr'><strong>venit;</strong></span> <span class='ocrx_word' id='word_1_171' title='bbox 1350 2378 1500 2448; x_wconf 85' lang='lat' dir='ltr'><strong>quasi</strong></span> <span class='ocrx_word' id='word_1_172' title='bbox 1525 2377 1724 2433; x_wconf 85' lang='lat' dir='ltr'><strong>diceret</strong></span> <span class='ocrx_word' id='word_1_173' title='bbox 1749 2395 1762 2431; x_wconf 93' lang='lat'><strong>:</strong></span> <span class='ocrx_word' id='word_1_174' title='bbox 1791 2377 2012 2449; x_wconf 86' lang='lat' dir='ltr'><strong>Propter</strong></span> <span class='ocrx_word' id='word_1_175' title='bbox 2035 2395 2121 2435; x_wconf 86' lang='lat' dir='ltr'><strong>me</strong></span> 
     </span>
    </p>
   </div>
   <div class='ocr_carea' id='block_1_24' title="bbox 547 2467 2115 2538">
    <p class='ocr_par' dir='ltr' id='par_1_24' title="bbox 547 2467 2115 2538">
     <span class='ocr_line' id='line_1_24' title="bbox 547 2467 2115 2538; baseline 0.001 -14"><span class='ocrx_word' id='word_1_176' title='bbox 547 2471 602 2524; x_wconf 88' lang='lat' dir='ltr'><strong>in</strong></span> <span class='ocrx_word' id='word_1_177' title='bbox 628 2468 796 2524; x_wconf 89' lang='lat' dir='ltr'><strong>aliena</strong></span> <span class='ocrx_word' id='word_1_178' title='bbox 825 2476 964 2524; x_wconf 90' lang='lat' dir='ltr'><strong>terra</strong></span> <span class='ocrx_word' id='word_1_179' title='bbox 988 2470 1094 2524; x_wconf 86' lang='lat' dir='ltr'><strong>vita</strong></span> <span class='ocrx_word' id='word_1_180' title='bbox 1114 2467 1393 2524; x_wconf 81' lang='lat' dir='ltr'><strong>defunctus</strong></span> <span class='ocrx_word' id='word_1_181' title='bbox 1413 2477 1496 2523; x_wconf 84' lang='lat' dir='ltr'><strong>est</strong></span> <span class='ocrx_word' id='word_1_182' title='bbox 1521 2485 1537 2526; x_wconf 91' lang='lat'><strong>:</strong></span> <span class='ocrx_word' id='word_1_183' title='bbox 1565 2483 1666 2538; x_wconf 90' lang='lat' dir='ltr'><strong>ego</strong></span> <span class='ocrx_word' id='word_1_184' title='bbox 1688 2479 1866 2523; x_wconf 87' lang='lat' dir='ltr'><strong>autem</strong></span> <span class='ocrx_word' id='word_1_185' title='bbox 1892 2485 1996 2524; x_wconf 91' lang='lat' dir='ltr'><strong>non</strong></span> <span class='ocrx_word' id='word_1_186' title='bbox 2019 2470 2115 2526; x_wconf 78' lang='lat' dir='ltr'><strong>da-</strong></span> 
     </span>
    </p>
   </div>
   <div class='ocr_carea' id='block_1_25' title="bbox 545 2559 2115 2629">
    <p class='ocr_par' dir='ltr' id='par_1_25' title="bbox 545 2559 2115 2629">
     <span class='ocr_line' id='line_1_25' title="bbox 545 2559 2115 2629; baseline -0.001 -14"><span class='ocrx_word' id='word_1_187' title='bbox 545 2567 698 2615; x_wconf 82' lang='lat' dir='ltr'><strong>turus</strong></span> <span class='ocrx_word' id='word_1_188' title='bbox 723 2572 839 2612; x_wconf 87' lang='lat' dir='ltr'><strong>sum</strong></span> <span class='ocrx_word' id='word_1_189' title='bbox 880 2572 1119 2629; x_wconf 84' lang='lat' dir='ltr'><strong>operam,</strong></span> <span class='ocrx_word' id='word_1_190' title='bbox 1161 2566 1220 2612; x_wconf 91' lang='lat' dir='ltr'><strong>ut</strong></span> <span class='ocrx_word' id='word_1_191' title='bbox 1249 2567 1366 2626; x_wconf 89' lang='lat' dir='ltr'><strong>post</strong></span> <span class='ocrx_word' id='word_1_192' title='bbox 1394 2567 1618 2613; x_wconf 89' lang='lat' dir='ltr'><strong>mortem</strong></span> <span class='ocrx_word' id='word_1_193' title='bbox 1654 2573 1750 2628; x_wconf 91' lang='lat' dir='ltr'><strong>par</strong></span> <span class='ocrx_word' id='word_1_194' title='bbox 1774 2560 1822 2614; x_wconf 90' lang='lat' dir='ltr'><strong>ei</strong></span> <span class='ocrx_word' id='word_1_195' title='bbox 1864 2559 2078 2614; x_wconf 77' lang='lat' dir='ltr'><strong>reddam</strong></span> <span class='ocrx_word' id='word_1_196' title='bbox 2099 2602 2115 2627; x_wconf 94' lang='lat'><strong>,</strong></span> 
     </span>
    </p>
   </div>
   <div class='ocr_carea' id='block_1_26' title="bbox 545 2650 2120 2720">
    <p class='ocr_par' dir='ltr' id='par_1_26' title="bbox 545 2650 2120 2720">
     <span class='ocr_line' id='line_1_26' title="bbox 545 2650 2120 2720; baseline 0.003 -15"><span class='ocrx_word' id='word_1_197' title='bbox 545 2650 644 2705; x_wconf 89' lang='lat' dir='ltr'><strong>sed</strong></span> <span class='ocrx_word' id='word_1_198' title='bbox 691 2650 877 2706; x_wconf 89' lang='lat' dir='ltr'><strong>relicto</strong></span> <span class='ocrx_word' id='word_1_199' title='bbox 925 2664 1046 2705; x_wconf 87' lang='lat' dir='ltr'><strong>cum</strong></span> <span class='ocrx_word' id='word_1_200' title='bbox 1095 2650 1409 2720; x_wconf 78' lang='lat' dir='ltr'><strong>cognatione</strong></span> <span class='ocrx_word' id='word_1_201' title='bbox 1455 2652 1621 2719; x_wconf 86' lang='lat' dir='ltr'><strong>patris</strong></span> <span class='ocrx_word' id='word_1_202' title='bbox 1665 2652 1946 2720; x_wconf 84' lang='lat' dir='ltr'><strong>sepulcro,</strong></span> <span class='ocrx_word' id='word_1_203' title='bbox 1997 2652 2120 2709; x_wconf 86' lang='lat' dir='ltr'><strong>hinc</strong></span> 
     </span>
    </p>
   </div>
   <div class='ocr_carea' id='block_1_27' title="bbox 545 2740 2121 2812">
    <p class='ocr_par' dir='ltr' id='par_1_27' title="bbox 545 2740 2121 2812">
     <span class='ocr_line' id='line_1_27' title="bbox 545 2740 2121 2812; baseline 0.002 -16"><span class='ocrx_word' id='word_1_204' title='bbox 545 2743 773 2797; x_wconf 73' lang='lat' dir='ltr'><strong>abeam?</strong></span> <span class='ocrx_word' id='word_1_205' title='bbox 801 2742 958 2811; x_wconf 80' lang='lat' dir='ltr'><strong>Atqui</strong></span> <span class='ocrx_word' id='word_1_206' title='bbox 985 2743 1113 2797; x_wconf 90' lang='lat' dir='ltr'><strong>nihil</strong></span> <span class='ocrx_word' id='word_1_207' title='bbox 1142 2740 1328 2796; x_wconf 89' lang='lat' dir='ltr'><strong>horum</strong></span> <span class='ocrx_word' id='word_1_208' title='bbox 1368 2741 1691 2796; x_wconf 84' lang='lat' dir='ltr'><strong>alacritatem</strong></span> <span class='ocrx_word' id='word_1_209' title='bbox 1718 2743 1834 2812; x_wconf 86' lang='lat' dir='ltr'><strong>ejus</strong></span> <span class='ocrx_word' id='word_1_210' title='bbox 1866 2746 2121 2800; x_wconf 88' lang='lat' dir='ltr'><strong>remorari</strong></span> 
     </span>
    </p>
   </div>
   <div class='ocr_carea' id='block_1_28' title="bbox 544 2830 2120 2903">
    <p class='ocr_par' dir='ltr' id='par_1_28' title="bbox 544 2830 2120 2903">
     <span class='ocr_line' id='line_1_28' title="bbox 544 2830 2120 2903; baseline 0.002 -17"><span class='ocrx_word' id='word_1_211' title='bbox 544 2833 759 2902; x_wconf 86' lang='lat' dir='ltr'><strong>potuit:</strong></span> <span class='ocrx_word' id='word_1_212' title='bbox 803 2832 895 2887; x_wconf 84' lang='lat' dir='ltr'><strong>sed</strong></span> <span class='ocrx_word' id='word_1_213' title='bbox 925 2831 1103 2888; x_wconf 82' lang='lat' dir='ltr'><strong>omnia</strong></span> <span class='ocrx_word' id='word_1_214' title='bbox 1142 2833 1276 2888; x_wconf 82' lang='lat' dir='ltr'><strong>levia</strong></span> <span class='ocrx_word' id='word_1_215' title='bbox 1320 2839 1373 2887; x_wconf 89' lang='lat' dir='ltr'><strong>et</strong></span> <span class='ocrx_word' id='word_1_216' title='bbox 1414 2830 1587 2887; x_wconf 75' lang='lat' dir='ltr'><strong>facilia</strong></span> <span class='ocrx_word' id='word_1_217' title='bbox 1629 2833 1678 2887; x_wconf 92' lang='lat' dir='ltr'><strong>ei</strong></span> <span class='ocrx_word' id='word_1_218' title='bbox 1706 2835 2120 2903; x_wconf 70' lang='lat' dir='ltr'><strong>repmscntabat</strong></span> 
     </span>
    </p>
   </div>
   <div class='ocr_carea' id='block_1_29' title="bbox 542 2921 2120 2979">
    <p class='ocr_par' dir='ltr' id='par_1_29' title="bbox 542 2921 2120 2979">
     <span class='ocr_line' id='line_1_29' title="bbox 542 2921 2120 2979; baseline 0 0"><span class='ocrx_word' id='word_1_219' title='bbox 542 2939 670 2979; x_wconf 82' lang='lat' dir='ltr'><strong>suus</strong></span> <span class='ocrx_word' id='word_1_220' title='bbox 699 2924 752 2979; x_wconf 93' lang='lat' dir='ltr'><strong>in</strong></span> <span class='ocrx_word' id='word_1_221' title='bbox 783 2923 948 2978; x_wconf 84' lang='lat' dir='ltr'><strong>Deum</strong></span> <span class='ocrx_word' id='word_1_222' title='bbox 973 2939 1143 2979; x_wconf 88' lang='lat' dir='ltr'><strong>amur.</strong></span> <span class='ocrx_word' id='word_1_223' title='bbox 1166 2921 1436 2978; x_wconf 70' lang='lat' dir='ltr'><strong>fortassis</strong></span> <span class='ocrx_word' id='word_1_224' title='bbox 1458 2931 1514 2977; x_wconf 88' lang='lat' dir='ltr'><strong>et</strong></span> <span class='ocrx_word' id='word_1_225' title='bbox 1539 2922 1665 2977; x_wconf 90' lang='lat' dir='ltr'><strong>illud</strong></span> <span class='ocrx_word' id='word_1_226' title='bbox 1697 2933 1872 2979; x_wconf 87' lang='lat' dir='ltr'><strong>mente</strong></span> <span class='ocrx_word' id='word_1_227' title='bbox 1900 2933 2120 2979; x_wconf 75' lang='lat' dir='ltr'><strong>tractas-</strong></span> 
     </span>
    </p>
   </div>
   <div class='ocr_carea' id='block_1_30' title="bbox 543 3011 2118 3084">
    <p class='ocr_par' dir='ltr' id='par_1_30' title="bbox 543 3011 2118 3084">
     <span class='ocr_line' id='line_1_30' title="bbox 543 3011 2118 3084; baseline 0.001 -17"><span class='ocrx_word' id='word_1_228' title='bbox 543 3022 660 3080; x_wconf 74' lang='lat' dir='ltr'><strong>set,</strong></span> <span class='ocrx_word' id='word_1_229' title='bbox 691 3013 948 3084; x_wconf 89' lang='lat' dir='ltr'><strong>siquidem</strong></span> <span class='ocrx_word' id='word_1_230' title='bbox 988 3012 1233 3067; x_wconf 85' lang='lat' dir='ltr'><strong>humanis</strong></span> <span class='ocrx_word' id='word_1_231' title='bbox 1261 3011 1556 3078; x_wconf 84' lang='lat' dir='ltr'><strong>rationibus</strong></span> <span class='ocrx_word' id='word_1_232' title='bbox 1580 3027 1670 3067; x_wconf 89' lang='lat' dir='ltr'><strong>res</strong></span> <span class='ocrx_word' id='word_1_233' title='bbox 1705 3028 1828 3068; x_wconf 88' lang='lat' dir='ltr'><strong>suas</strong></span> <span class='ocrx_word' id='word_1_234' title='bbox 1856 3014 2118 3070; x_wconf 67' lang='lat' dir='ltr'><strong>mulera-ri</strong></span> 
     </span>
    </p>
   </div>
   <div class='ocr_carea' id='block_1_31' title="bbox 544 3100 2118 3171">
    <p class='ocr_par' dir='ltr' id='par_1_31' title="bbox 544 3100 2118 3171">
     <span class='ocr_line' id='line_1_31' title="bbox 544 3100 2118 3171; baseline 0.003 -18"><span class='ocrx_word' id='word_1_235' title='bbox 544 3103 836 3157; x_wconf 84' lang='lat' dir='ltr'><strong>voluisset:</strong></span> <span class='ocrx_word' id='word_1_236' title='bbox 866 3102 924 3156; x_wconf 89' lang='lat' dir='ltr'><strong>in</strong></span> <span class='ocrx_word' id='word_1_237' title='bbox 955 3100 1053 3157; x_wconf 86' lang='lat' dir='ltr'><strong>hac</strong></span> <span class='ocrx_word' id='word_1_238' title='bbox 1076 3108 1253 3166; x_wconf 77' lang='lat' dir='ltr'><strong>:etate,</strong></span> <span class='ocrx_word' id='word_1_239' title='bbox 1279 3116 1382 3171; x_wconf 91' lang='lat' dir='ltr'><strong>qua</strong></span> <span class='ocrx_word' id='word_1_240' title='bbox 1419 3115 1560 3156; x_wconf 89' lang='lat' dir='ltr'><strong>nunc</strong></span> <span class='ocrx_word' id='word_1_241' title='bbox 1587 3100 1656 3155; x_wconf 89' lang='lat' dir='ltr'><strong>ad</strong></span> <span class='ocrx_word' id='word_1_242' title='bbox 1686 3111 2002 3170; x_wconf 86' lang='lat' dir='ltr'><strong>postremam</strong></span> <span class='ocrx_word' id='word_1_243' title='bbox 2031 3119 2118 3158; x_wconf 84' lang='lat' dir='ltr'><strong>se-</strong></span> 
     </span>
    </p>
   </div>
   <div class='ocr_carea' id='block_1_32' title="bbox 545 3192 2118 3263">
    <p class='ocr_par' dir='ltr' id='par_1_32' title="bbox 545 3192 2118 3263">
     <span class='ocr_line' id='line_1_32' title="bbox 545 3192 2118 3263; baseline 0.002 -17"><span class='ocrx_word' id='word_1_244' title='bbox 545 3201 755 3247; x_wconf 85' lang='lat' dir='ltr'><strong>nectam</strong></span> <span class='ocrx_word' id='word_1_245' title='bbox 795 3192 976 3257; x_wconf 86' lang='lat' dir='ltr'><strong>tcndo,</strong></span> <span class='ocrx_word' id='word_1_246' title='bbox 999 3207 1250 3263; x_wconf 85' lang='lat' dir='ltr'><strong>quorsum</strong></span> <span class='ocrx_word' id='word_1_247' title='bbox 1293 3193 1535 3249; x_wconf 89' lang='lat' dir='ltr'><strong>abiturus</strong></span> <span class='ocrx_word' id='word_1_248' title='bbox 1571 3193 1730 3246; x_wconf 80' lang='lat' dir='ltr'><strong>sum?</strong></span> <span class='ocrx_word' id='word_1_249' title='bbox 1757 3209 1861 3248; x_wconf 89' lang='lat' dir='ltr'><strong>non</strong></span> <span class='ocrx_word' id='word_1_250' title='bbox 1903 3195 2118 3249; x_wconf 90' lang='lat' dir='ltr'><strong>fratrem</strong></span> 
     </span>
    </p>
   </div>
   <div class='ocr_carea' id='block_1_33' title="bbox 543 3281 2118 3352">
    <p class='ocr_par' dir='ltr' id='par_1_33' title="bbox 543 3281 2118 3352">
     <span class='ocr_line' id='line_1_33' title="bbox 543 3281 2118 3352; baseline 0.001 -15"><span class='ocrx_word' id='word_1_251' title='bbox 543 3297 754 3338; x_wconf 84' lang='lat' dir='ltr'><strong>mecum</strong></span> <span class='ocrx_word' id='word_1_252' title='bbox 794 3282 1014 3347; x_wconf 88' lang='lat' dir='ltr'><strong>ducens,</strong></span> <span class='ocrx_word' id='word_1_253' title='bbox 1044 3297 1215 3352; x_wconf 90' lang='lat' dir='ltr'><strong>nequc</strong></span> <span class='ocrx_word' id='word_1_254' title='bbox 1243 3291 1497 3352; x_wconf 87' lang='lat' dir='ltr'><strong>cognatos</strong></span> <span class='ocrx_word' id='word_1_255' title='bbox 1522 3295 1730 3336; x_wconf 89' lang='lat' dir='ltr'><strong>mecmn</strong></span> <span class='ocrx_word' id='word_1_256' title='bbox 1761 3281 1960 3338; x_wconf 82' lang='lat' dir='ltr'><strong>habens</strong></span> <span class='ocrx_word' id='word_1_257' title='bbox 1978 3323 1996 3349; x_wconf 89' lang='lat'><strong>,</strong></span> <span class='ocrx_word' id='word_1_258' title='bbox 2026 3287 2118 3339; x_wconf 87' lang='lat' dir='ltr'><strong>sed</strong></span> 
     </span>
    </p>
   </div>
   <div class='ocr_carea' id='block_1_34' title="bbox 540 3371 2119 3441">
    <p class='ocr_par' dir='ltr' id='par_1_34' title="bbox 540 3371 2119 3441">
     <span class='ocr_line' id='line_1_34' title="bbox 540 3371 2119 3441; baseline -0.001 -13"><span class='ocrx_word' id='word_1_259' title='bbox 540 3373 611 3428; x_wconf 86' lang='lat' dir='ltr'><strong>ab</strong></span> <span class='ocrx_word' id='word_1_260' title='bbox 632 3371 877 3427; x_wconf 88' lang='lat' dir='ltr'><strong>omnibus</strong></span> <span class='ocrx_word' id='word_1_261' title='bbox 900 3371 1305 3441; x_wconf 75' lang='lat' dir='ltr'><strong>consanguineis</strong></span> <span class='ocrx_word' id='word_1_262' title='bbox 1332 3378 1712 3440; x_wconf 86' lang='lat' dir='ltr'><strong>sequestratus.</strong></span> <span class='ocrx_word' id='word_1_263' title='bbox 1736 3371 2007 3440; x_wconf 83' lang='lat' dir='ltr'><strong>quomodo</strong></span> <span class='ocrx_word' id='word_1_264' title='bbox 2029 3388 2119 3426; x_wconf 78' lang='lat' dir='ltr'><strong>so-</strong></span> 
     </span>
    </p>
   </div>
   <div class='ocr_carea' id='block_1_35' title="bbox 543 3463 2112 3534">
    <p class='ocr_par' dir='ltr' id='par_1_35' title="bbox 543 3463 2112 3534">
     <span class='ocr_line' id='line_1_35' title="bbox 543 3463 2112 3534; baseline -0.001 -14"><span class='ocrx_word' id='word_1_265' title='bbox 543 3466 749 3521; x_wconf 88' lang='lat' dir='ltr'><strong>litarius</strong></span> <span class='ocrx_word' id='word_1_266' title='bbox 777 3472 832 3519; x_wconf 91' lang='lat' dir='ltr'><strong>et</strong></span> <span class='ocrx_word' id='word_1_267' title='bbox 855 3464 1163 3534; x_wconf 83' lang='lat' dir='ltr'><strong>peregrinus</strong></span> <span class='ocrx_word' id='word_1_268' title='bbox 1188 3464 1240 3517; x_wconf 93' lang='lat' dir='ltr'><strong>in</strong></span> <span class='ocrx_word' id='word_1_269' title='bbox 1272 3473 1468 3519; x_wconf 90' lang='lat' dir='ltr'><strong>terram</strong></span> <span class='ocrx_word' id='word_1_270' title='bbox 1493 3463 1720 3517; x_wconf 87' lang='lat' dir='ltr'><strong>alienam</strong></span> <span class='ocrx_word' id='word_1_271' title='bbox 1749 3477 1986 3534; x_wconf 87' lang='lat' dir='ltr'><strong>pergam,</strong></span> <span class='ocrx_word' id='word_1_272' title='bbox 2019 3479 2112 3519; x_wconf 91' lang='lat' dir='ltr'><strong>ne-</strong></span> 
     </span>
    </p>
   </div>
   <div class='ocr_carea' id='block_1_36' title="bbox 544 3552 2119 3619">
    <p class='ocr_par' dir='ltr' id='par_1_36' title="bbox 544 3552 2119 3619">
     <span class='ocr_line' id='line_1_36' title="bbox 544 3552 2119 3619; baseline -0.002 -8"><span class='ocrx_word' id='word_1_273' title='bbox 544 3556 688 3611; x_wconf 86' lang='lat' dir='ltr'><strong>scius</strong></span> <span class='ocrx_word' id='word_1_274' title='bbox 730 3554 818 3610; x_wconf 87' lang='lat' dir='ltr'><strong>ubi</strong></span> <span class='ocrx_word' id='word_1_275' title='bbox 847 3553 1058 3608; x_wconf 87' lang='lat' dir='ltr'><strong>errandi</strong></span> <span class='ocrx_word' id='word_1_276' title='bbox 1099 3553 1221 3606; x_wconf 85' lang='lat' dir='ltr'><strong>linis</strong></span> <span class='ocrx_word' id='word_1_277' title='bbox 1248 3553 1450 3607; x_wconf 83' lang='lat' dir='ltr'><strong>futurus</strong></span> <span class='ocrx_word' id='word_1_278' title='bbox 1474 3552 1586 3608; x_wconf 78' lang='lat' dir='ltr'><strong>sit?</strong></span> <span class='ocrx_word' id='word_1_279' title='bbox 1609 3553 1759 3619; x_wconf 81' lang='lat' dir='ltr'><strong>Quod</strong></span> <span class='ocrx_word' id='word_1_280' title='bbox 1788 3555 1834 3609; x_wconf 87' lang='lat' dir='ltr'><strong>si</strong></span> <span class='ocrx_word' id='word_1_281' title='bbox 1863 3555 2043 3609; x_wconf 91' lang='lat' dir='ltr'><strong>medio</strong></span> <span class='ocrx_word' id='word_1_282' title='bbox 2064 3557 2119 3608; x_wconf 88' lang='lat' dir='ltr'><strong>in</strong></span> 
     </span>
    </p>
   </div>
   <div class='ocr_carea' id='block_1_37' title="bbox 543 3635 2116 3713">
    <p class='ocr_par' dir='ltr' id='par_1_37' title="bbox 543 3635 2116 3713">
     <span class='ocr_line' id='line_1_37' title="bbox 543 3635 2116 3713; baseline -0.001 -14"><span class='ocrx_word' id='word_1_283' title='bbox 543 3645 734 3699; x_wconf 86' lang='lat' dir='ltr'><strong>itinere</strong></span> <span class='ocrx_word' id='word_1_284' title='bbox 758 3635 1029 3712; x_wconf 75' lang='lat' dir='ltr'><strong>contingat</strong></span> <span class='ocrx_word' id='word_1_285' title='bbox 1049 3658 1134 3698; x_wconf 89' lang='lat' dir='ltr'><strong>me</strong></span> <span class='ocrx_word' id='word_1_286' title='bbox 1161 3642 1265 3696; x_wconf 87' lang='lat' dir='ltr'><strong>vita</strong></span> <span class='ocrx_word' id='word_1_287' title='bbox 1290 3641 1526 3713; x_wconf 87' lang='lat' dir='ltr'><strong>defungi,</strong></span> <span class='ocrx_word' id='word_1_288' title='bbox 1554 3658 1670 3712; x_wconf 74' lang='lat' dir='ltr'><strong>quce</strong></span> <span class='ocrx_word' id='word_1_289' title='bbox 1701 3652 1860 3698; x_wconf 72' lang='lat' dir='ltr'><strong>tanta:</strong></span> <span class='ocrx_word' id='word_1_290' title='bbox 1889 3645 2116 3700; x_wconf 76' lang='lat' dir='ltr'><strong>miseria:</strong></span> 
     </span>
    </p>
   </div>
   <div class='ocr_carea' id='block_1_38' title="bbox 543 3734 2115 3804">
    <p class='ocr_par' dir='ltr' id='par_1_38' title="bbox 543 3734 2115 3804">
     <span class='ocr_line' id='line_1_38' title="bbox 543 3734 2115 3804; baseline 0.001 -16"><span class='ocrx_word' id='word_1_291' title='bbox 543 3735 701 3789; x_wconf 84' lang='lat' dir='ltr'><strong>fuerit</strong></span> <span class='ocrx_word' id='word_1_292' title='bbox 729 3735 966 3789; x_wconf 84' lang='lat' dir='ltr'><strong>utilitas?</strong></span> <span class='ocrx_word' id='word_1_293' title='bbox 992 3735 1109 3803; x_wconf 83' lang='lat' dir='ltr'><strong>quis</strong></span> <span class='ocrx_word' id='word_1_294' title='bbox 1135 3748 1220 3787; x_wconf 90' lang='lat' dir='ltr'><strong>me</strong></span> <span class='ocrx_word' id='word_1_295' title='bbox 1241 3740 1505 3786; x_wconf 87' lang='lat' dir='ltr'><strong>mortuum</strong></span> <span class='ocrx_word' id='word_1_296' title='bbox 1529 3734 1733 3788; x_wconf 87' lang='lat' dir='ltr'><strong>curabit</strong></span> <span class='ocrx_word' id='word_1_297' title='bbox 1757 3748 1961 3801; x_wconf 84' lang='lat' dir='ltr'><strong>senem,</strong></span> <span class='ocrx_word' id='word_1_298' title='bbox 1993 3750 2115 3804; x_wconf 79' lang='lat' dir='ltr'><strong>per-</strong></span> 
     </span>
    </p>
   </div>
   <div class='ocr_carea' id='block_1_39' title="bbox 541 3823 2120 3893">
    <p class='ocr_par' dir='ltr' id='par_1_39' title="bbox 541 3823 2120 3893">
     <span class='ocr_line' id='line_1_39' title="bbox 541 3823 2120 3893; baseline 0.001 -16"><span class='ocrx_word' id='word_1_299' title='bbox 541 3826 1090 3893; x_wconf 82' lang='lat' dir='ltr'><strong>egrinttnt,carenlem</strong></span> <span class='ocrx_word' id='word_1_300' title='bbox 1134 3823 1384 3884; x_wconf 80' lang='lat' dir='ltr'><strong>civitate,</strong></span> <span class='ocrx_word' id='word_1_301' title='bbox 1442 3833 1712 3876; x_wconf 83' lang='lat' dir='ltr'><strong>carentem</strong></span> <span class='ocrx_word' id='word_1_302' title='bbox 1748 3824 1946 3878; x_wconf 82' lang='lat' dir='ltr'><strong>domo?</strong></span> <span class='ocrx_word' id='word_1_303' title='bbox 1989 3824 2120 3879; x_wconf 77' lang='lat' dir='ltr'><strong>For-</strong></span> 
     </span>
    </p>
   </div>
   <div class='ocr_carea' id='block_1_40' title="bbox 546 3911 2116 3977">
    <p class='ocr_par' dir='ltr' id='par_1_40' title="bbox 546 3911 2116 3977">
     <span class='ocr_line' id='line_1_40' title="bbox 546 3911 2116 3977; baseline 0.001 -11"><span class='ocrx_word' id='word_1_304' title='bbox 546 3915 702 3966; x_wconf 86' lang='lat' dir='ltr'><strong>tassis</strong></span> <span class='ocrx_word' id='word_1_305' title='bbox 753 3928 886 3965; x_wconf 78' lang='lat' dir='ltr'><strong>uxor</strong></span> <span class='ocrx_word' id='word_1_306' title='bbox 933 3912 1134 3966; x_wconf 74' lang='lat' dir='ltr'><strong>vicinos</strong></span> <span class='ocrx_word' id='word_1_307' title='bbox 1178 3911 1452 3977; x_wconf 78' lang='lat' dir='ltr'><strong>exorabit,</strong></span> <span class='ocrx_word' id='word_1_308' title='bbox 1502 3919 1558 3965; x_wconf 94' lang='lat' dir='ltr'><strong>ut</strong></span> <span class='ocrx_word' id='word_1_309' title='bbox 1606 3914 2116 3970; x_wconf 82' lang='lat' dir='ltr'><strong>commiserationem</strong></span> 
     </span>
    </p>
   </div>
   <div class='ocr_carea' id='block_1_41' title="bbox 542 4003 2122 4078">
    <p class='ocr_par' dir='ltr' id='par_1_41' title="bbox 542 4003 2122 4078">
     <span class='ocr_line' id='line_1_41' title="bbox 542 4003 2122 4078; baseline 0.001 -23"><span class='ocrx_word' id='word_1_310' title='bbox 542 4003 827 4072; x_wconf 83' lang='lat' dir='ltr'><strong>quamdam</strong></span> <span class='ocrx_word' id='word_1_311' title='bbox 850 4004 902 4056; x_wconf 92' lang='lat' dir='ltr'><strong>in</strong></span> <span class='ocrx_word' id='word_1_312' title='bbox 925 4019 1010 4057; x_wconf 89' lang='lat' dir='ltr'><strong>me</strong></span> <span class='ocrx_word' id='word_1_313' title='bbox 1037 4003 1340 4068; x_wconf 78' lang='lat' dir='ltr'><strong>exhibeant,</strong></span> <span class='ocrx_word' id='word_1_314' title='bbox 1369 4012 1422 4057; x_wconf 91' lang='lat' dir='ltr'><strong>et</strong></span> <span class='ocrx_word' id='word_1_315' title='bbox 1437 4003 1578 4072; x_wconf 84' lang='lat' dir='ltr'><strong>jnsta</strong></span> <span class='ocrx_word' id='word_1_316' title='bbox 1607 4019 1673 4058; x_wconf 78' lang='lat' dir='ltr'><strong>ex</strong></span> <span class='ocrx_word' id='word_1_317' title='bbox 1704 4005 1952 4061; x_wconf 85' lang='lat' dir='ltr'><strong>collatitia</strong></span> <span class='ocrx_word' id='word_1_318' title='bbox 1983 4009 2122 4078; x_wconf 79' lang='lat' dir='ltr'><strong>stipe</strong></span> 
     </span>
    </p>
   </div>
   <div class='ocr_carea' id='block_1_42' title="bbox 545 4093 2115 4168">
    <p class='ocr_par' dir='ltr' id='par_1_42' title="bbox 545 4093 2115 4168">
     <span class='ocr_line' id='line_1_42' title="bbox 545 4093 2115 4168; baseline 0.006 -22"><span class='ocrx_word' id='word_1_319' title='bbox 545 4094 718 4148; x_wconf 77' lang='lat' dir='ltr'><strong>faciet.</strong></span> <span class='ocrx_word' id='word_1_320' title='bbox 736 4093 946 4160; x_wconf 86' lang='lat' dir='ltr'><strong>Quanto</strong></span> <span class='ocrx_word' id='word_1_321' title='bbox 971 4094 1132 4148; x_wconf 85' lang='lat' dir='ltr'><strong>satius</strong></span> <span class='ocrx_word' id='word_1_322' title='bbox 1163 4093 1339 4158; x_wconf 88' lang='lat' dir='ltr'><strong>fuerit,</strong></span> <span class='ocrx_word' id='word_1_323' title='bbox 1361 4103 1416 4147; x_wconf 90' lang='lat' dir='ltr'><strong>ut</strong></span> <span class='ocrx_word' id='word_1_324' title='bbox 1445 4095 1557 4164; x_wconf 87' lang='lat' dir='ltr'><strong>ipse</strong></span> <span class='ocrx_word' id='word_1_325' title='bbox 1587 4095 1730 4151; x_wconf 82' lang='lat' dir='ltr'><strong>brevi</strong></span> <span class='ocrx_word' id='word_1_326' title='bbox 1760 4097 1898 4166; x_wconf 87' lang='lat' dir='ltr'><strong>quod</strong></span> <span class='ocrx_word' id='word_1_327' title='bbox 1927 4113 2115 4168; x_wconf 88' lang='lat' dir='ltr'><strong>super-</strong></span> 
     </span>
    </p>
   </div>
   <div class='ocr_carea' id='block_1_43' title="bbox 547 4181 2116 4256">
    <p class='ocr_par' dir='ltr' id='par_1_43' title="bbox 547 4181 2116 4256">
     <span class='ocr_line' id='line_1_43' title="bbox 547 4181 2116 4256; baseline 0.007 -23"><span class='ocrx_word' id='word_1_328' title='bbox 547 4191 623 4235; x_wconf 76' lang='lat' dir='ltr'><strong>rst</strong></span> <span class='ocrx_word' id='word_1_329' title='bbox 651 4192 887 4251; x_wconf 85' lang='lat' dir='ltr'><strong>tempore</strong></span> <span class='ocrx_word' id='word_1_330' title='bbox 926 4181 1012 4236; x_wconf 88' lang='lat' dir='ltr'><strong>hic</strong></span> <span class='ocrx_word' id='word_1_331' title='bbox 1042 4183 1279 4237; x_wconf 88' lang='lat' dir='ltr'><strong>residens</strong></span> <span class='ocrx_word' id='word_1_332' title='bbox 1329 4184 1490 4237; x_wconf 88' lang='lat' dir='ltr'><strong>vitam</strong></span> <span class='ocrx_word' id='word_1_333' title='bbox 1534 4186 1835 4251; x_wconf 83' lang='lat' dir='ltr'><strong>terminem,</strong></span> <span class='ocrx_word' id='word_1_334' title='bbox 1875 4202 2033 4256; x_wconf 86' lang='lat' dir='ltr'><strong>quam</strong></span> <span class='ocrx_word' id='word_1_335' title='bbox 2071 4190 2116 4244; x_wconf 91' lang='lat' dir='ltr'><strong>si</strong></span> 
     </span>
    </p>
   </div>
   <div class='ocr_carea' id='block_1_44' title="bbox 543 4272 2116 4342">
    <p class='ocr_par' dir='ltr' id='par_1_44' title="bbox 543 4272 2116 4342">
     <span class='ocr_line' id='line_1_44' title="bbox 543 4272 2116 4342; baseline 0.004 -15"><span class='ocrx_word' id='word_1_336' title='bbox 543 4287 705 4327; x_wconf 78' lang='lat' dir='ltr'><strong>scncx</strong></span> <span class='ocrx_word' id='word_1_337' title='bbox 739 4272 861 4326; x_wconf 81' lang='lat' dir='ltr'><strong>hinc</strong></span> <span class='ocrx_word' id='word_1_338' title='bbox 902 4281 958 4327; x_wconf 94' lang='lat' dir='ltr'><strong>et</strong></span> <span class='ocrx_word' id='word_1_339' title='bbox 982 4272 1104 4327; x_wconf 89' lang='lat' dir='ltr'><strong>inde</strong></span> <span class='ocrx_word' id='word_1_340' title='bbox 1144 4289 1320 4342; x_wconf 86' lang='lat' dir='ltr'><strong>vager,</strong></span> <span class='ocrx_word' id='word_1_341' title='bbox 1351 4283 1405 4328; x_wconf 93' lang='lat' dir='ltr'><strong>et</strong></span> <span class='ocrx_word' id='word_1_342' title='bbox 1431 4275 1666 4328; x_wconf 88' lang='lat' dir='ltr'><strong>omnium</strong></span> <span class='ocrx_word' id='word_1_343' title='bbox 1697 4277 2002 4332; x_wconf 88' lang='lat' dir='ltr'><strong>scommatis</strong></span> <span class='ocrx_word' id='word_1_344' title='bbox 2031 4277 2116 4332; x_wconf 79' lang='lat' dir='ltr'><strong>in-</strong></span> 
     </span>
    </p>
   </div>
   <div class='ocr_carea' id='block_1_45' title="bbox 546 4361 2114 4432">
    <p class='ocr_par' dir='ltr' id='par_1_45' title="bbox 546 4361 2114 4432">
     <span class='ocr_line' id='line_1_45' title="bbox 546 4361 2114 4432; baseline 0.004 -16"><span class='ocrx_word' id='word_1_345' title='bbox 546 4374 744 4425; x_wconf 86' lang='lat' dir='ltr'><strong>cessar,</strong></span> <span class='ocrx_word' id='word_1_346' title='bbox 772 4361 862 4429; x_wconf 88' lang='lat' dir='ltr'><strong>qui</strong></span> <span class='ocrx_word' id='word_1_347' title='bbox 881 4376 1050 4430; x_wconf 88' lang='lat' dir='ltr'><strong>neque</strong></span> <span class='ocrx_word' id='word_1_348' title='bbox 1077 4362 1125 4413; x_wconf 90' lang='lat' dir='ltr'><strong>in</strong></span> <span class='ocrx_word' id='word_1_349' title='bbox 1151 4372 1305 4416; x_wconf 77' lang='lat' dir='ltr'><strong>:etate</strong></span> <span class='ocrx_word' id='word_1_350' title='bbox 1327 4361 1416 4416; x_wconf 91' lang='lat' dir='ltr'><strong>illa</strong></span> <span class='ocrx_word' id='word_1_351' title='bbox 1440 4363 1648 4432; x_wconf 86' lang='lat' dir='ltr'><strong>quietus</strong></span> <span class='ocrx_word' id='word_1_352' title='bbox 1669 4365 1863 4426; x_wconf 85' lang='lat' dir='ltr'><strong>vivam,</strong></span> <span class='ocrx_word' id='word_1_353' title='bbox 1885 4366 1979 4422; x_wconf 87' lang='lat' dir='ltr'><strong>sed</strong></span> <span class='ocrx_word' id='word_1_354' title='bbox 1999 4367 2114 4422; x_wconf 89' lang='lat' dir='ltr'><strong>loca</strong></span> 
     </span>
    </p>
   </div>
   <div class='ocr_carea' id='block_1_46' title="bbox 546 4444 2116 4524">
    <p class='ocr_par' dir='ltr' id='par_1_46' title="bbox 546 4444 2116 4524">
     <span class='ocr_line' id='line_1_46' title="bbox 546 4444 2116 4524; baseline 0.006 -21"><span class='ocrx_word' id='word_1_355' title='bbox 546 4451 678 4505; x_wconf 80' lang='lat' dir='ltr'><strong>locis</strong></span> <span class='ocrx_word' id='word_1_356' title='bbox 702 4459 930 4513; x_wconf 86' lang='lat' dir='ltr'><strong>mutans,</strong></span> <span class='ocrx_word' id='word_1_357' title='bbox 959 4451 1144 4505; x_wconf 88' lang='lat' dir='ltr'><strong>nnilibi</strong></span> <span class='ocrx_word' id='word_1_358' title='bbox 1171 4452 1493 4506; x_wconf 77' lang='lat' dir='ltr'><strong>subsistam?</strong></span> <span class='ocrx_word' id='word_1_359' title='bbox 1521 4444 1782 4509; x_wconf 64' lang='lat' dir='ltr'><strong>Cteterum</strong></span> <span class='ocrx_word' id='word_1_360' title='bbox 1817 4455 1991 4524; x_wconf 87' lang='lat' dir='ltr'><strong>justus</strong></span> <span class='ocrx_word' id='word_1_361' title='bbox 2018 4459 2116 4513; x_wconf 86' lang='lat' dir='ltr'><strong>iste</strong></span> 
     </span>
    </p>
   </div>
   <div class='ocr_carea' id='block_1_47' title="bbox 546 4539 2117 4611">
    <p class='ocr_par' dir='ltr' id='par_1_47' title="bbox 546 4539 2117 4611">
     <span class='ocr_line' id='line_1_47' title="bbox 546 4539 2117 4611; baseline 0.003 -16"><span class='ocrx_word' id='word_1_362' title='bbox 546 4541 678 4595; x_wconf 82' lang='lat' dir='ltr'><strong>nihil</strong></span> <span class='ocrx_word' id='word_1_363' title='bbox 708 4539 900 4594; x_wconf 78' lang='lat' dir='ltr'><strong>horum</strong></span> <span class='ocrx_word' id='word_1_364' title='bbox 939 4539 1216 4609; x_wconf 77' lang='lat' dir='ltr'><strong>cogitavit.</strong></span> <span class='ocrx_word' id='word_1_365' title='bbox 1247 4540 1341 4594; x_wconf 90' lang='lat' dir='ltr'><strong>sed</strong></span> <span class='ocrx_word' id='word_1_366' title='bbox 1379 4542 1700 4611; x_wconf 66' lang='lat' dir='ltr'><strong>prtecipiei-ti</strong></span> <span class='ocrx_word' id='word_1_367' title='bbox 1727 4544 1943 4599; x_wconf 81' lang='lat' dir='ltr'><strong>obedire</strong></span> <span class='ocrx_word' id='word_1_368' title='bbox 1975 4547 2117 4600; x_wconf 81' lang='lat' dir='ltr'><strong>festi-</strong></span> 
     </span>
    </p>
   </div>
   <div class='ocr_carea' id='block_1_48' title="bbox 544 4628 2114 4700">
    <p class='ocr_par' dir='ltr' id='par_1_48' title="bbox 544 4628 2114 4700">
     <span class='ocr_line' id='line_1_48' title="bbox 544 4628 2114 4700; baseline 0.003 -16"><span class='ocrx_word' id='word_1_369' title='bbox 544 4629 708 4684; x_wconf 84' lang='lat' dir='ltr'><strong>navit.</strong></span> <span class='ocrx_word' id='word_1_370' title='bbox 747 4628 852 4683; x_wconf 88' lang='lat' dir='ltr'><strong>Sed</strong></span> <span class='ocrx_word' id='word_1_371' title='bbox 882 4630 1014 4683; x_wconf 86' lang='lat' dir='ltr'><strong>forte</strong></span> <span class='ocrx_word' id='word_1_372' title='bbox 1051 4629 1244 4683; x_wconf 75' lang='lat' dir='ltr'><strong>dixerit</strong></span> <span class='ocrx_word' id='word_1_373' title='bbox 1268 4630 1566 4700; x_wconf 84' lang='lat' dir='ltr'><strong>quispiam:</strong></span> <span class='ocrx_word' id='word_1_374' title='bbox 1605 4631 1684 4686; x_wconf 81' lang='lat' dir='ltr'><strong>Ad</strong></span> <span class='ocrx_word' id='word_1_375' title='bbox 1724 4633 2114 4690; x_wconf 82' lang='lat' dir='ltr'><strong>incitamentum</strong></span> 
     </span>
    </p>
   </div>
   <div class='ocr_carea' id='block_1_49' title="bbox 546 4717 2165 4788">
    <p class='ocr_par' dir='ltr' id='par_1_49' title="bbox 546 4717 2165 4788">
     <span class='ocr_line' id='line_1_49' title="bbox 546 4717 2165 4788; baseline 0.004 -15"><span class='ocrx_word' id='word_1_376' title='bbox 546 4720 675 4773; x_wconf 83' lang='lat' dir='ltr'><strong>satis</strong></span> <span class='ocrx_word' id='word_1_377' title='bbox 702 4717 800 4772; x_wconf 82' lang='lat' dir='ltr'><strong>fuit</strong></span> <span class='ocrx_word' id='word_1_378' title='bbox 823 4720 895 4784; x_wconf 88' lang='lat' dir='ltr'><strong>ei,</strong></span> <span class='ocrx_word' id='word_1_379' title='bbox 936 4717 1056 4771; x_wconf 78' lang='lat' dir='ltr'><strong>Veni</strong></span> <span class='ocrx_word' id='word_1_380' title='bbox 1085 4720 1135 4772; x_wconf 85' lang='lat' dir='ltr'><strong>in</strong></span> <span class='ocrx_word' id='word_1_381' title='bbox 1162 4728 1347 4772; x_wconf 84' lang='lat' dir='ltr'><strong>terram</strong></span> <span class='ocrx_word' id='word_1_382' title='bbox 1375 4736 1527 4788; x_wconf 75' lang='lat' dir='ltr'><strong>quam</strong></span> <span class='ocrx_word' id='word_1_383' title='bbox 1554 4721 1640 4773; x_wconf 87' lang='lat' dir='ltr'><strong>tibi</strong></span> <span class='ocrx_word' id='word_1_384' title='bbox 1669 4731 2044 4788; x_wconf 68' lang='lat' dir='ltr'><strong>monstraret-0;</strong></span> <span class='ocrx_word' id='word_1_385' title='bbox 2071 4734 2117 4779; x_wconf 73' lang='lat' dir='ltr'><strong>et</strong></span> <span class='ocrx_word' id='word_1_386' title='bbox 2164 4757 2165 4760; x_wconf 59' lang='grc' dir='ltr'><strong>η</strong></span> 
     </span>
    </p>
   </div>
   <div class='ocr_carea' id='block_1_50' title="bbox 545 4807 2115 4878">
    <p class='ocr_par' dir='ltr' id='par_1_50' title="bbox 545 4807 2115 4878">
     <span class='ocr_line' id='line_1_50' title="bbox 545 4807 2115 4878; baseline 0.006 -18"><span class='ocrx_word' id='word_1_387' title='bbox 545 4807 733 4874; x_wconf 73' lang='lat' dir='ltr'><strong>faciant</strong></span> <span class='ocrx_word' id='word_1_388' title='bbox 773 4817 819 4861; x_wconf 88' lang='lat' dir='ltr'><strong>te</strong></span> <span class='ocrx_word' id='word_1_389' title='bbox 842 4808 892 4860; x_wconf 87' lang='lat' dir='ltr'><strong>in</strong></span> <span class='ocrx_word' id='word_1_390' title='bbox 921 4817 1115 4876; x_wconf 78' lang='lat' dir='ltr'><strong>gentem</strong></span> <span class='ocrx_word' id='word_1_391' title='bbox 1142 4825 1407 4878; x_wconf 82' lang='lat' dir='ltr'><strong>magnam,</strong></span> <span class='ocrx_word' id='word_1_392' title='bbox 1440 4820 1484 4863; x_wconf 88' lang='lat' dir='ltr'><strong>et</strong></span> <span class='ocrx_word' id='word_1_393' title='bbox 1515 4811 1798 4864; x_wconf 79' lang='lat' dir='ltr'><strong>benedicam</strong></span> <span class='ocrx_word' id='word_1_394' title='bbox 1824 4821 1888 4865; x_wconf 86' lang='lat' dir='ltr'><strong>te.</strong></span> <span class='ocrx_word' id='word_1_395' title='bbox 1924 4813 2115 4869; x_wconf 87' lang='lat' dir='ltr'><strong>Verum</strong></span> 
     </span>
    </p>
   </div>
   <div class='ocr_carea' id='block_1_51' title="bbox 543 4894 2114 4965">
    <p class='ocr_par' dir='ltr' id='par_1_51' title="bbox 543 4894 2114 4965">
     <span class='ocr_line' id='line_1_51' title="bbox 543 4894 2114 4965; baseline 0.006 -17"><span class='ocrx_word' id='word_1_396' title='bbox 543 4894 683 4950; x_wconf 83' lang='lat' dir='ltr'><strong>istud</strong></span> <span class='ocrx_word' id='word_1_397' title='bbox 713 4895 902 4964; x_wconf 89' lang='lat' dir='ltr'><strong>ipsum,</strong></span> <span class='ocrx_word' id='word_1_398' title='bbox 927 4897 1024 4950; x_wconf 89' lang='lat' dir='ltr'><strong>nisi</strong></span> <span class='ocrx_word' id='word_1_399' title='bbox 1047 4897 1166 4965; x_wconf 82' lang='lat' dir='ltr'><strong>pius</strong></span> <span class='ocrx_word' id='word_1_400' title='bbox 1184 4896 1385 4964; x_wconf 88' lang='lat' dir='ltr'><strong>fuisset,</strong></span> <span class='ocrx_word' id='word_1_401' title='bbox 1411 4901 1539 4953; x_wconf 85' lang='lat' dir='ltr'><strong>satis</strong></span> <span class='ocrx_word' id='word_1_402' title='bbox 1559 4911 1674 4955; x_wconf 89' lang='lat' dir='ltr'><strong>erat</strong></span> <span class='ocrx_word' id='word_1_403' title='bbox 1698 4901 1764 4955; x_wconf 91' lang='lat' dir='ltr'><strong>ad</strong></span> <span class='ocrx_word' id='word_1_404' title='bbox 1789 4902 2114 4959; x_wconf 87' lang='lat' dir='ltr'><strong>reddendum</strong></span> 
     </span>
    </p>
   </div>
   <div class='ocr_carea' id='block_1_52' title="bbox 545 4985 2118 5060">
    <p class='ocr_par' dir='ltr' id='par_1_52' title="bbox 545 4985 2118 5060">
     <span class='ocr_line' id='line_1_52' title="bbox 545 4985 2118 5060; baseline 0.006 -20"><span class='ocrx_word' id='word_1_405' title='bbox 545 4999 669 5040; x_wconf 89' lang='lat' dir='ltr'><strong>eum</strong></span> <span class='ocrx_word' id='word_1_406' title='bbox 700 4985 1020 5054; x_wconf 79' lang='lat' dir='ltr'><strong>segniorem,</strong></span> <span class='ocrx_word' id='word_1_407' title='bbox 1053 4999 1106 5041; x_wconf 90' lang='lat' dir='ltr'><strong>et</strong></span> <span class='ocrx_word' id='word_1_408' title='bbox 1137 4987 1203 5040; x_wconf 90' lang='lat' dir='ltr'><strong>ad</strong></span> <span class='ocrx_word' id='word_1_409' title='bbox 1226 4987 1578 5044; x_wconf 83' lang='lat' dir='ltr'><strong>obedientiam</strong></span> <span class='ocrx_word' id='word_1_410' title='bbox 1602 4991 1766 5060; x_wconf 85' lang='lat' dir='ltr'><strong>magis</strong></span> <span class='ocrx_word' id='word_1_411' title='bbox 1789 4995 2118 5049; x_wconf 84' lang='lat' dir='ltr'><strong>cunctabun-</strong></span> 
     </span>
    </p>
   </div>
   <div class='ocr_carea' id='block_1_53' title="bbox 545 5075 2117 5156">
    <p class='ocr_par' dir='ltr' id='par_1_53' title="bbox 545 5075 2117 5156">
     <span class='ocr_line' id='line_1_53' title="bbox 545 5075 2117 5156; baseline 0.008 -26"><span class='ocrx_word' id='word_1_412' title='bbox 545 5077 691 5130; x_wconf 86' lang='lat' dir='ltr'><strong>dum.</strong></span> <span class='ocrx_word' id='word_1_413' title='bbox 724 5075 856 5131; x_wconf 80' lang='lat' dir='ltr'><strong>Nam</strong></span> <span class='ocrx_word' id='word_1_414' title='bbox 887 5077 931 5131; x_wconf 87' lang='lat' dir='ltr'><strong>si</strong></span> <span class='ocrx_word' id='word_1_415' title='bbox 958 5092 1096 5131; x_wconf 88' lang='lat' dir='ltr'><strong>unus</strong></span> <span class='ocrx_word' id='word_1_416' title='bbox 1126 5077 1324 5148; x_wconf 78' lang='lat' dir='ltr'><strong>aliquis</strong></span> <span class='ocrx_word' id='word_1_417' title='bbox 1344 5094 1376 5134; x_wconf 92' lang='lat' dir='ltr'><strong>e</strong></span> <span class='ocrx_word' id='word_1_418' title='bbox 1402 5080 1558 5148; x_wconf 89' lang='lat' dir='ltr'><strong>vulgo</strong></span> <span class='ocrx_word' id='word_1_419' title='bbox 1585 5081 1791 5149; x_wconf 86' lang='lat' dir='ltr'><strong>fuisset,</strong></span> <span class='ocrx_word' id='word_1_420' title='bbox 1817 5085 1994 5141; x_wconf 86' lang='lat' dir='ltr'><strong>dicere</strong></span> <span class='ocrx_word' id='word_1_421' title='bbox 2018 5103 2117 5156; x_wconf 75' lang='lat' dir='ltr'><strong>po-</strong></span> 
     </span>
    </p>
   </div>
   <div class='ocr_carea' id='block_1_54' title="bbox 545 5168 2115 5241">
    <p class='ocr_par' dir='ltr' id='par_1_54' title="bbox 545 5168 2115 5241">
     <span class='ocr_line' id='line_1_54' title="bbox 545 5168 2115 5241; baseline 0.006 -20"><span class='ocrx_word' id='word_1_422' title='bbox 545 5168 766 5222; x_wconf 82' lang='lat' dir='ltr'><strong>tuisset:</strong></span> <span class='ocrx_word' id='word_1_423' title='bbox 793 5168 968 5235; x_wconf 83' lang='lat' dir='ltr'><strong>Quare</strong></span> <span class='ocrx_word' id='word_1_424' title='bbox 995 5185 1079 5223; x_wconf 89' lang='lat' dir='ltr'><strong>me</strong></span> <span class='ocrx_word' id='word_1_425' title='bbox 1109 5185 1329 5239; x_wconf 79' lang='lat' dir='ltr'><strong>peregre</strong></span> <span class='ocrx_word' id='word_1_426' title='bbox 1355 5169 1614 5239; x_wconf 74' lang='lat' dir='ltr'><strong>proﬁcisci</strong></span> <span class='ocrx_word' id='word_1_427' title='bbox 1631 5173 1806 5241; x_wconf 89' lang='lat' dir='ltr'><strong>jubcs,</strong></span> <span class='ocrx_word' id='word_1_428' title='bbox 1834 5184 1890 5229; x_wconf 91' lang='lat' dir='ltr'><strong>et</strong></span> <span class='ocrx_word' id='word_1_429' title='bbox 1914 5177 1965 5230; x_wconf 90' lang='lat' dir='ltr'><strong>in</strong></span> <span class='ocrx_word' id='word_1_430' title='bbox 1987 5177 2115 5232; x_wconf 85' lang='lat' dir='ltr'><strong>alie-</strong></span> 
     </span>
    </p>
   </div>
   <div class='ocr_carea' id='block_1_55' title="bbox 546 5257 2110 5334">
    <p class='ocr_par' dir='ltr' id='par_1_55' title="bbox 546 5257 2110 5334">
     <span class='ocr_line' id='line_1_55' title="bbox 546 5257 2110 5334; baseline 0.008 -26"><span class='ocrx_word' id='word_1_431' title='bbox 546 5270 668 5310; x_wconf 87' lang='lat' dir='ltr'><strong>nam</strong></span> <span class='ocrx_word' id='word_1_432' title='bbox 696 5264 887 5310; x_wconf 87' lang='lat' dir='ltr'><strong>terram</strong></span> <span class='ocrx_word' id='word_1_433' title='bbox 913 5257 1165 5321; x_wconf 85' lang='lat' dir='ltr'><strong>abducis?</strong></span> <span class='ocrx_word' id='word_1_434' title='bbox 1192 5275 1354 5326; x_wconf 87' lang='lat' dir='ltr'><strong>quare</strong></span> <span class='ocrx_word' id='word_1_435' title='bbox 1375 5263 1417 5313; x_wconf 88' lang='lat' dir='ltr'><strong>si</strong></span> <span class='ocrx_word' id='word_1_436' title='bbox 1444 5275 1528 5313; x_wconf 90' lang='lat' dir='ltr'><strong>me</strong></span> <span class='ocrx_word' id='word_1_437' title='bbox 1548 5275 1793 5330; x_wconf 86' lang='lat' dir='ltr'><strong>magnum</strong></span> <span class='ocrx_word' id='word_1_438' title='bbox 1815 5264 1992 5320; x_wconf 85' lang='lat' dir='ltr'><strong>facere</strong></span> <span class='ocrx_word' id='word_1_439' title='bbox 2012 5268 2110 5334; x_wconf 85' lang='lat' dir='ltr'><strong>vis,</strong></span> 
     </span>
    </p>
   </div>
   <div class='ocr_carea' id='block_1_56' title="bbox 545 5347 2112 5422">
    <p class='ocr_par' dir='ltr' id='par_1_56' title="bbox 545 5347 2112 5422">
     <span class='ocr_line' id='line_1_56' title="bbox 545 5347 2112 5422; baseline 0.007 -21"><span class='ocrx_word' id='word_1_440' title='bbox 545 5362 652 5402; x_wconf 85' lang='lat' dir='ltr'><strong>non</strong></span> <span class='ocrx_word' id='word_1_441' title='bbox 681 5347 766 5402; x_wconf 91' lang='lat' dir='ltr'><strong>hic</strong></span> <span class='ocrx_word' id='word_1_442' title='bbox 793 5362 1036 5418; x_wconf 83' lang='lat' dir='ltr'><strong>magnum</strong></span> <span class='ocrx_word' id='word_1_443' title='bbox 1077 5349 1248 5402; x_wconf 78' lang='lat' dir='ltr'><strong>iacis?</strong></span> <span class='ocrx_word' id='word_1_444' title='bbox 1278 5365 1441 5417; x_wconf 89' lang='lat' dir='ltr'><strong>quare</strong></span> <span class='ocrx_word' id='word_1_445' title='bbox 1469 5351 1519 5404; x_wconf 90' lang='lat' dir='ltr'><strong>in</strong></span> <span class='ocrx_word' id='word_1_446' title='bbox 1549 5352 1708 5405; x_wconf 86' lang='lat' dir='ltr'><strong>domo</strong></span> <span class='ocrx_word' id='word_1_447' title='bbox 1746 5363 1960 5422; x_wconf 68' lang='lat' dir='ltr'><strong>paterna</strong></span> <span class='ocrx_word' id='word_1_448' title='bbox 1995 5373 2112 5412; x_wconf 85' lang='lat' dir='ltr'><strong>ver—</strong></span> 
     </span>
    </p>
   </div>
   <div class='ocr_carea' id='block_1_57' title="bbox 546 5437 2116 5508">
    <p class='ocr_par' dir='ltr' id='par_1_57' title="bbox 546 5437 2116 5508">
     <span class='ocr_line' id='line_1_57' title="bbox 546 5437 2116 5508; baseline 0.007 -19"><span class='ocrx_word' id='word_1_449' title='bbox 546 5446 776 5501; x_wconf 85' lang='lat' dir='ltr'><strong>santem,</strong></span> <span class='ocrx_word' id='word_1_450' title='bbox 812 5446 900 5491; x_wconf 88' lang='lat' dir='ltr'><strong>tua</strong></span> <span class='ocrx_word' id='word_1_451' title='bbox 928 5437 1292 5492; x_wconf 88' lang='lat' dir='ltr'><strong>benedictione</strong></span> <span class='ocrx_word' id='word_1_452' title='bbox 1316 5453 1420 5491; x_wconf 90' lang='lat' dir='ltr'><strong>non</strong></span> <span class='ocrx_word' id='word_1_453' title='bbox 1449 5439 1680 5508; x_wconf 74' lang='lat' dir='ltr'><strong>dignaris</strong></span> <span class='ocrx_word' id='word_1_454' title='bbox 1698 5443 1722 5492; x_wconf 84' lang='lat'><strong>?</strong></span> <span class='ocrx_word' id='word_1_455' title='bbox 1745 5443 1894 5508; x_wconf 91' lang='lat' dir='ltr'><strong>Quod</strong></span> <span class='ocrx_word' id='word_1_456' title='bbox 1919 5446 1964 5500; x_wconf 90' lang='lat' dir='ltr'><strong>si</strong></span> <span class='ocrx_word' id='word_1_457' title='bbox 1989 5461 2116 5500; x_wconf 89' lang='lat' dir='ltr'><strong>con-</strong></span> 
     </span>
    </p>
   </div>
   <div class='ocr_carea' id='block_1_58' title="bbox 546 5527 2112 5601">
    <p class='ocr_par' dir='ltr' id='par_1_58' title="bbox 546 5527 2112 5601">
     <span class='ocr_line' id='line_1_58' title="bbox 546 5527 2112 5601; baseline 0.006 -22"><span class='ocrx_word' id='word_1_458' title='bbox 546 5527 713 5596; x_wconf 81' lang='lat' dir='ltr'><strong>tingat</strong></span> <span class='ocrx_word' id='word_1_459' title='bbox 760 5528 1057 5597; x_wconf 84' lang='lat' dir='ltr'><strong>priusquam</strong></span> <span class='ocrx_word' id='word_1_460' title='bbox 1104 5528 1403 5596; x_wconf 77' lang='lat' dir='ltr'><strong>perveniam</strong></span> <span class='ocrx_word' id='word_1_461' title='bbox 1445 5528 1495 5580; x_wconf 89' lang='lat' dir='ltr'><strong>in</strong></span> <span class='ocrx_word' id='word_1_462' title='bbox 1525 5530 1695 5583; x_wconf 86' lang='lat' dir='ltr'><strong>locum</strong></span> <span class='ocrx_word' id='word_1_463' title='bbox 1735 5546 1892 5601; x_wconf 89' lang='lat' dir='ltr'><strong>quem</strong></span> <span class='ocrx_word' id='word_1_464' title='bbox 1925 5534 2112 5601; x_wconf 86' lang='lat' dir='ltr'><strong>jubes,</strong></span> 
     </span>
    </p>
   </div>
   <div class='ocr_carea' id='block_1_59' title="bbox 549 5617 2114 5690">
    <p class='ocr_par' dir='ltr' id='par_1_59' title="bbox 549 5617 2114 5690">
     <span class='ocr_line' id='line_1_59' title="bbox 549 5617 2114 5690; baseline 0.006 -19"><span class='ocrx_word' id='word_1_465' title='bbox 549 5617 889 5686; x_wconf 80' lang='lat' dir='ltr'><strong>defatigatam</strong></span> <span class='ocrx_word' id='word_1_466' title='bbox 920 5633 1003 5672; x_wconf 90' lang='lat' dir='ltr'><strong>me</strong></span> <span class='ocrx_word' id='word_1_467' title='bbox 1033 5620 1234 5674; x_wconf 85' lang='lat' dir='ltr'><strong>itineris</strong></span> <span class='ocrx_word' id='word_1_468' title='bbox 1263 5620 1531 5674; x_wconf 83' lang='lat' dir='ltr'><strong>laboribus</strong></span> <span class='ocrx_word' id='word_1_469' title='bbox 1561 5623 1756 5690; x_wconf 83' lang='lat' dir='ltr'><strong>perire,</strong></span> <span class='ocrx_word' id='word_1_470' title='bbox 1781 5633 1834 5677; x_wconf 93' lang='lat' dir='ltr'><strong>et</strong></span> <span class='ocrx_word' id='word_1_471' title='bbox 1863 5624 2019 5680; x_wconf 76' lang='lat' dir='ltr'><strong>vitam</strong></span> <span class='ocrx_word' id='word_1_472' title='bbox 2052 5626 2114 5679; x_wconf 87' lang='lat' dir='ltr'><strong>li-</strong></span> 
     </span>
    </p>
   </div>
   <div class='ocr_carea' id='block_1_60' title="bbox 551 5705 2110 5778">
    <p class='ocr_par' dir='ltr' id='par_1_60' title="bbox 551 5705 2110 5778">
     <span class='ocr_line' id='line_1_60' title="bbox 551 5705 2110 5778; baseline 0.01 -22"><span class='ocrx_word' id='word_1_473' title='bbox 551 5707 685 5774; x_wconf 79' lang='lat' dir='ltr'><strong>nire,</strong></span> <span class='ocrx_word' id='word_1_474' title='bbox 712 5721 830 5778; x_wconf 72' lang='lat' dir='ltr'><strong>qua:</strong></span> <span class='ocrx_word' id='word_1_475' title='bbox 860 5705 984 5760; x_wconf 88' lang='lat' dir='ltr'><strong>mihi</strong></span> <span class='ocrx_word' id='word_1_476' title='bbox 1015 5723 1076 5761; x_wconf 74' lang='lat' dir='ltr'><strong>ex</strong></span> <span class='ocrx_word' id='word_1_477' title='bbox 1107 5708 1379 5778; x_wconf 80' lang='lat' dir='ltr'><strong>promissis</strong></span> <span class='ocrx_word' id='word_1_478' title='bbox 1405 5709 1645 5765; x_wconf 78' lang='lat' dir='ltr'><strong>utilitas?</strong></span> <span class='ocrx_word' id='word_1_479' title='bbox 1671 5712 1744 5765; x_wconf 76' lang='lat' dir='ltr'><strong>At</strong></span> <span class='ocrx_word' id='word_1_480' title='bbox 1768 5709 1898 5768; x_wconf 74' lang='lat' dir='ltr'><strong>nihil</strong></span> <span class='ocrx_word' id='word_1_481' title='bbox 1921 5713 2110 5772; x_wconf 73' lang='lat' dir='ltr'><strong>horum</strong></span> 
     </span>
    </p>
   </div>
   <div class='ocr_carea' id='block_1_61' title="bbox 1274 364 3070 428">
    <p class='ocr_par' dir='ltr' id='par_1_61' title="bbox 1274 364 3070 428">
     <span class='ocr_line' id='line_1_61' title="bbox 1274 364 3070 428; baseline -0.003 0"><span class='ocrx_word' id='word_1_482' title='bbox 1274 373 1330 428; x_wconf 65' lang='lat' dir='ltr'><strong>Sa</strong></span> <span class='ocrx_word' id='word_1_483' title='bbox 1368 368 1644 426; x_wconf 66' lang='lat' dir='ltr'><strong>JOANNIS</strong></span> <span class='ocrx_word' id='word_1_484' title='bbox 1681 366 2149 424; x_wconf 69' lang='lat' dir='ltr'><strong>CIIRYSOSTOMI</strong></span> <span class='ocrx_word' id='word_1_485' title='bbox 2189 365 2502 421; x_wconf 73' lang='lat' dir='ltr'><strong>ARCHIEP.</strong></span> <span class='ocrx_word' id='word_1_486' title='bbox 2540 364 3070 422; x_wconf 73' lang='lat' dir='ltr'><strong>CONSTANTINOP.</strong></span> 
     </span>
    </p>
   </div>
   <div class='ocr_carea' id='block_1_62' title="bbox 3709 369 3810 427">
    <p class='ocr_par' dir='ltr' id='par_1_62' title="bbox 3709 369 3810 427">
     <span class='ocr_line' id='line_1_62' title="bbox 3709 369 3810 427; baseline 0 -4"><span class='ocrx_word' id='word_1_487' title='bbox 3709 369 3810 427; x_wconf 71' lang='lat'><strong>288</strong></span> 
     </span>
    </p>
   </div>
   <div class='ocr_carea' id='block_1_63' title="bbox 2237 478 3813 549">
    <p class='ocr_par' dir='ltr' id='par_1_63' title="bbox 2237 478 3813 549">
     <span class='ocr_line' id='line_1_63' title="bbox 2237 478 3813 549; baseline 0.006 -17"><span class='ocrx_word' id='word_1_488' title='bbox 2237 478 2322 532; x_wconf 87' lang='lat' dir='ltr'><strong>vel</strong></span> <span class='ocrx_word' id='word_1_489' title='bbox 2349 478 2402 532; x_wconf 89' lang='lat' dir='ltr'><strong>in</strong></span> <span class='ocrx_word' id='word_1_490' title='bbox 2433 487 2611 533; x_wconf 82' lang='lat' dir='ltr'><strong>mente</strong></span> <span class='ocrx_word' id='word_1_491' title='bbox 2647 479 3040 549; x_wconf 85' lang='lat' dir='ltr'><strong>suscipiendum</strong></span> <span class='ocrx_word' id='word_1_492' title='bbox 3065 481 3293 545; x_wconf 88' lang='lat' dir='ltr'><strong>censuit,</strong></span> <span class='ocrx_word' id='word_1_493' title='bbox 3321 481 3440 546; x_wconf 88' lang='lat' dir='ltr'><strong>sed,</strong></span> <span class='ocrx_word' id='word_1_494' title='bbox 3479 481 3618 536; x_wconf 86' lang='lat' dir='ltr'><strong>sicut</strong></span> <span class='ocrx_word' id='word_1_495' title='bbox 3647 484 3813 542; x_wconf 83' lang='lat' dir='ltr'><strong>tidelis</strong></span> 
     </span>
    </p>
   </div>
   <div class='ocr_carea' id='block_1_64' title="bbox 2238 567 3816 640">
    <p class='ocr_par' dir='ltr' id='par_1_64' title="bbox 2238 567 3816 640">
     <span class='ocr_line' id='line_1_64' title="bbox 2238 567 3816 640; baseline 0.006 -18"><span class='ocrx_word' id='word_1_496' title='bbox 2238 579 2444 634; x_wconf 88' lang='lat' dir='ltr'><strong>servus,</strong></span> <span class='ocrx_word' id='word_1_497' title='bbox 2490 567 2556 623; x_wconf 86' lang='lat' dir='ltr'><strong>ad</strong></span> <span class='ocrx_word' id='word_1_498' title='bbox 2601 568 2774 626; x_wconf 84' lang='lat' dir='ltr'><strong>solum</strong></span> <span class='ocrx_word' id='word_1_499' title='bbox 2815 568 3098 639; x_wconf 84' lang='lat' dir='ltr'><strong>imperium</strong></span> <span class='ocrx_word' id='word_1_500' title='bbox 3139 571 3391 640; x_wconf 75' lang='lat' dir='ltr'><strong>obedivit,</strong></span> <span class='ocrx_word' id='word_1_501' title='bbox 3433 572 3563 628; x_wconf 82' lang='lat' dir='ltr'><strong>nihil</strong></span> <span class='ocrx_word' id='word_1_502' title='bbox 3603 574 3816 632; x_wconf 78' lang='lat' dir='ltr'><strong>curiose</strong></span> 
     </span>
    </p>
   </div>
   <div class='ocr_carea' id='block_1_65' title="bbox 2235 659 3814 732">
    <p class='ocr_par' dir='ltr' id='par_1_65' title="bbox 2235 659 3814 732">
     <span class='ocr_line' id='line_1_65' title="bbox 2235 659 3814 732; baseline 0.007 -22"><span class='ocrx_word' id='word_1_503' title='bbox 2235 673 2504 728; x_wconf 68' lang='lat' dir='ltr'><strong>quarens,</strong></span> <span class='ocrx_word' id='word_1_504' title='bbox 2534 659 2852 730; x_wconf 75' lang='lat' dir='ltr'><strong>nullumque</strong></span> <span class='ocrx_word' id='word_1_505' title='bbox 2865 659 3008 716; x_wconf 86' lang='lat' dir='ltr'><strong>aliud</strong></span> <span class='ocrx_word' id='word_1_506' title='bbox 3047 661 3314 732; x_wconf 83' lang='lat' dir='ltr'><strong>negotium</strong></span> <span class='ocrx_word' id='word_1_507' title='bbox 3345 670 3685 731; x_wconf 48' lang='lat' dir='ltr'><strong>praetexens;</strong></span> <span class='ocrx_word' id='word_1_508' title='bbox 3721 665 3814 721; x_wconf 88' lang='lat' dir='ltr'><strong>sed</strong></span> 
     </span>
    </p>
   </div>
   <div class='ocr_carea' id='block_1_66' title="bbox 2235 748 3814 822">
    <p class='ocr_par' dir='ltr' id='par_1_66' title="bbox 2235 748 3814 822">
     <span class='ocr_line' id='line_1_66' title="bbox 2235 748 3814 822; baseline 0.004 -18"><span class='ocrx_word' id='word_1_509' title='bbox 2235 748 2638 818; x_wconf 72' lang='lat' dir='ltr'><strong>obtemperavit,</strong></span> <span class='ocrx_word' id='word_1_510' title='bbox 2683 758 2892 805; x_wconf 88' lang='lat' dir='ltr'><strong>certum</strong></span> <span class='ocrx_word' id='word_1_511' title='bbox 2919 750 3143 815; x_wconf 84' lang='lat' dir='ltr'><strong>habens,</strong></span> <span class='ocrx_word' id='word_1_512' title='bbox 3191 754 3495 822; x_wconf 82' lang='lat' dir='ltr'><strong>neutiquam</strong></span> <span class='ocrx_word' id='word_1_513' title='bbox 3541 754 3814 812; x_wconf 86' lang='lat' dir='ltr'><strong>mendacia</strong></span> 
     </span>
    </p>
   </div>
   <div class='ocr_carea' id='block_1_67' title="bbox 2234 839 3815 917">
    <p class='ocr_par' dir='ltr' id='par_1_67' title="bbox 2234 839 3815 917">
     <span class='ocr_line' id='line_1_67' title="bbox 2234 839 3815 917; baseline 0.003 -21"><span class='ocrx_word' id='word_1_514' title='bbox 2234 853 2356 896; x_wconf 86' lang='lat' dir='ltr'><strong>esse</strong></span> <span class='ocrx_word' id='word_1_515' title='bbox 2389 840 2480 896; x_wconf 81' lang='lat' dir='ltr'><strong>Dei</strong></span> <span class='ocrx_word' id='word_1_516' title='bbox 2509 842 2803 911; x_wconf 86' lang='lat' dir='ltr'><strong>promissa:</strong></span> <span class='ocrx_word' id='word_1_517' title='bbox 2837 839 2904 896; x_wconf 82' lang='lat' dir='ltr'><strong>Et</strong></span> <span class='ocrx_word' id='word_1_518' title='bbox 2938 843 3128 913; x_wconf 79' lang='lat' dir='ltr'><strong>faciam</strong></span> <span class='ocrx_word' id='word_1_519' title='bbox 3155 853 3204 897; x_wconf 83' lang='lat' dir='ltr'><strong>ts</strong></span> <span class='ocrx_word' id='word_1_520' title='bbox 3233 844 3288 897; x_wconf 76' lang='lat' dir='ltr'><strong>in</strong></span> <span class='ocrx_word' id='word_1_521' title='bbox 3323 855 3519 915; x_wconf 68' lang='lat' dir='ltr'><strong>gentem</strong></span> <span class='ocrx_word' id='word_1_522' title='bbox 3555 863 3815 917; x_wconf 69' lang='lat' dir='ltr'><strong>magnam,</strong></span> 
     </span>
    </p>
   </div>
   <div class='ocr_carea' id='block_1_68' title="bbox 2233 929 3817 1004">
    <p class='ocr_par' dir='ltr' id='par_1_68' title="bbox 2233 929 3817 1004">
     <span class='ocr_line' id='line_1_68' title="bbox 2233 929 3817 1004; baseline 0.004 -20"><span class='ocrx_word' id='word_1_523' title='bbox 2233 929 2423 1000; x_wconf 77' lang='lat' dir='ltr'><strong>inquit,</strong></span> <span class='ocrx_word' id='word_1_524' title='bbox 2447 940 2494 986; x_wconf 88' lang='lat' dir='ltr'><strong>et</strong></span> <span class='ocrx_word' id='word_1_525' title='bbox 2519 932 2806 987; x_wconf 78' lang='lat' dir='ltr'><strong>benedicem</strong></span> <span class='ocrx_word' id='word_1_526' title='bbox 2831 945 2898 999; x_wconf 88' lang='lat' dir='ltr'><strong>te,</strong></span> <span class='ocrx_word' id='word_1_527' title='bbox 2933 943 2982 988; x_wconf 91' lang='lat' dir='ltr'><strong>et</strong></span> <span class='ocrx_word' id='word_1_528' title='bbox 3011 933 3343 1004; x_wconf 76' lang='lat' dir='ltr'><strong>magniﬁcnbo</strong></span> <span class='ocrx_word' id='word_1_529' title='bbox 3367 951 3547 989; x_wconf 79' lang='lat' dir='ltr'><strong>nomen</strong></span> <span class='ocrx_word' id='word_1_530' title='bbox 3579 945 3742 1000; x_wconf 78' lang='lat' dir='ltr'><strong>tuum,</strong></span> <span class='ocrx_word' id='word_1_531' title='bbox 3769 947 3817 990; x_wconf 86' lang='lat' dir='ltr'><strong>et</strong></span> 
     </span>
    </p>
   </div>
   <div class='ocr_carea' id='block_1_69' title="bbox 2231 1020 3815 1094">
    <p class='ocr_par' dir='ltr' id='par_1_69' title="bbox 2231 1020 3815 1094">
     <span class='ocr_line' id='line_1_69' title="bbox 2231 1020 3815 1094; baseline 0.002 -20"><span class='ocrx_word' id='word_1_532' title='bbox 2231 1021 2329 1074; x_wconf 82' lang='lat' dir='ltr'><strong>eris</strong></span> <span class='ocrx_word' id='word_1_533' title='bbox 2355 1020 2660 1076; x_wconf 72' lang='lat' dir='ltr'><strong>benedictus.</strong></span> <span class='ocrx_word' id='word_1_534' title='bbox 2686 1022 2928 1092; x_wconf 75' lang='lat' dir='ltr'><strong>Magnum</strong></span> <span class='ocrx_word' id='word_1_535' title='bbox 2958 1024 3322 1092; x_wconf 86' lang='lat' dir='ltr'><strong>promissionis</strong></span> <span class='ocrx_word' id='word_1_536' title='bbox 3346 1025 3572 1094; x_wconf 89' lang='lat' dir='ltr'><strong>pondus.</strong></span> <span class='ocrx_word' id='word_1_537' title='bbox 3601 1025 3815 1079; x_wconf 75' lang='lat' dir='ltr'><strong>Faciam</strong></span> 
     </span>
    </p>
   </div>
   <div class='ocr_carea' id='block_1_70' title="bbox 2231 1111 3815 1184">
    <p class='ocr_par' dir='ltr' id='par_1_70' title="bbox 2231 1111 3815 1184">
     <span class='ocr_line' id='line_1_70' title="bbox 2231 1111 3815 1184; baseline 0.004 -20"><span class='ocrx_word' id='word_1_538' title='bbox 2231 1117 2299 1174; x_wconf 72' lang='lat' dir='ltr'><strong>te,</strong></span> <span class='ocrx_word' id='word_1_539' title='bbox 2348 1111 2536 1180; x_wconf 86' lang='lat' dir='ltr'><strong>inquit,</strong></span> <span class='ocrx_word' id='word_1_540' title='bbox 2585 1113 2639 1166; x_wconf 75' lang='lat' dir='ltr'><strong>iis</strong></span> <span class='ocrx_word' id='word_1_541' title='bbox 2681 1124 2878 1182; x_wconf 77' lang='lat' dir='ltr'><strong>gentem</strong></span> <span class='ocrx_word' id='word_1_542' title='bbox 2919 1129 3176 1184; x_wconf 67' lang='lat' dir='ltr'><strong>magnam,</strong></span> <span class='ocrx_word' id='word_1_543' title='bbox 3220 1124 3267 1168; x_wconf 87' lang='lat' dir='ltr'><strong>et</strong></span> <span class='ocrx_word' id='word_1_544' title='bbox 3309 1114 3597 1169; x_wconf 79' lang='lat' dir='ltr'><strong>benedicam</strong></span> <span class='ocrx_word' id='word_1_545' title='bbox 3644 1126 3719 1180; x_wconf 86' lang='lat' dir='ltr'><strong>te,</strong></span> <span class='ocrx_word' id='word_1_546' title='bbox 3765 1129 3815 1170; x_wconf 86' lang='lat' dir='ltr'><strong>et</strong></span> 
     </span>
    </p>
   </div>
   <div class='ocr_carea' id='block_1_71' title="bbox 2229 1199 3814 1274">
    <p class='ocr_par' dir='ltr' id='par_1_71' title="bbox 2229 1199 3814 1274">
     <span class='ocr_line' id='line_1_71' title="bbox 2229 1199 3814 1274; baseline 0.004 -21"><span class='ocrx_word' id='word_1_547' title='bbox 2229 1199 2568 1269; x_wconf 58' lang='lat' dir='ltr'><strong>Magniﬁca»</strong></span> <span class='ocrx_word' id='word_1_548' title='bbox 2592 1217 2776 1255; x_wconf 70' lang='lat' dir='ltr'><strong>nomen</strong></span> <span class='ocrx_word' id='word_1_549' title='bbox 2802 1212 2965 1256; x_wconf 72' lang='lat' dir='ltr'><strong>tum.</strong></span> <span class='ocrx_word' id='word_1_550' title='bbox 2994 1202 3110 1257; x_wconf 76' lang='lat' dir='ltr'><strong>Non</strong></span> <span class='ocrx_word' id='word_1_551' title='bbox 3153 1203 3325 1257; x_wconf 89' lang='lat' dir='ltr'><strong>solum</strong></span> <span class='ocrx_word' id='word_1_552' title='bbox 3347 1205 3492 1273; x_wconf 86' lang='lat' dir='ltr'><strong>genti</strong></span> <span class='ocrx_word' id='word_1_553' title='bbox 3521 1219 3730 1274; x_wconf 72' lang='lat' dir='ltr'><strong>magna:</strong></span> <span class='ocrx_word' id='word_1_554' title='bbox 3759 1216 3814 1260; x_wconf 81' lang='lat' dir='ltr'><strong>te</strong></span> 
     </span>
    </p>
   </div>
   <div class='ocr_carea' id='block_1_72' title="bbox 2229 1288 3813 1358">
    <p class='ocr_par' dir='ltr' id='par_1_72' title="bbox 2229 1288 3813 1358">
     <span class='ocr_line' id='line_1_72' title="bbox 2229 1288 3813 1358; baseline 0.004 -16"><span class='ocrx_word' id='word_1_555' title='bbox 2229 1288 2536 1358; x_wconf 72' lang='lat' dir='ltr'><strong>pnetlciam.</strong></span> <span class='ocrx_word' id='word_1_556' title='bbox 2551 1298 2607 1346; x_wconf 87' lang='lat' dir='ltr'><strong>et</strong></span> <span class='ocrx_word' id='word_1_557' title='bbox 2632 1305 2822 1346; x_wconf 87' lang='lat' dir='ltr'><strong>nomen</strong></span> <span class='ocrx_word' id='word_1_558' title='bbox 2845 1300 2992 1345; x_wconf 89' lang='lat' dir='ltr'><strong>tuum</strong></span> <span class='ocrx_word' id='word_1_559' title='bbox 3009 1292 3259 1346; x_wconf 82' lang='lat' dir='ltr'><strong>extollam</strong></span> <span class='ocrx_word' id='word_1_560' title='bbox 3283 1309 3298 1345; x_wconf 88' lang='lat'><strong>:</strong></span> <span class='ocrx_word' id='word_1_561' title='bbox 3320 1293 3415 1346; x_wconf 85' lang='lat' dir='ltr'><strong>sed</strong></span> <span class='ocrx_word' id='word_1_562' title='bbox 3433 1302 3486 1348; x_wconf 90' lang='lat' dir='ltr'><strong>et</strong></span> <span class='ocrx_word' id='word_1_563' title='bbox 3507 1290 3813 1348; x_wconf 65' lang='lat' dir='ltr'><strong>Benedictum</strong></span> 
     </span>
    </p>
   </div>
   <div class='ocr_carea' id='block_1_73' title="bbox 2228 1378 3811 1453">
    <p class='ocr_par' dir='ltr' id='par_1_73' title="bbox 2228 1378 3811 1453">
     <span class='ocr_line' id='line_1_73' title="bbox 2228 1378 3811 1453; baseline 0.003 -22"><span class='ocrx_word' id='word_1_564' title='bbox 2228 1385 2296 1442; x_wconf 87' lang='lat' dir='ltr'><strong>te,</strong></span> <span class='ocrx_word' id='word_1_565' title='bbox 2323 1387 2369 1431; x_wconf 88' lang='lat' dir='ltr'><strong>et</strong></span> <span class='ocrx_word' id='word_1_566' title='bbox 2396 1379 2494 1434; x_wconf 85' lang='lat' dir='ltr'><strong>eris</strong></span> <span class='ocrx_word' id='word_1_567' title='bbox 2519 1379 2823 1434; x_wconf 72' lang='lat' dir='ltr'><strong>benedictus.</strong></span> <span class='ocrx_word' id='word_1_568' title='bbox 2854 1378 2932 1434; x_wconf 80' lang='lat' dir='ltr'><strong>Ne</strong></span> <span class='ocrx_word' id='word_1_569' title='bbox 2963 1389 3136 1449; x_wconf 81' lang='lat' dir='ltr'><strong>putes,</strong></span> <span class='ocrx_word' id='word_1_570' title='bbox 3175 1381 3389 1448; x_wconf 86' lang='lat' dir='ltr'><strong>dilecte,</strong></span> <span class='ocrx_word' id='word_1_571' title='bbox 3423 1397 3623 1437; x_wconf 81' lang='lat' dir='ltr'><strong>meram</strong></span> <span class='ocrx_word' id='word_1_572' title='bbox 3655 1399 3811 1453; x_wconf 82' lang='lat' dir='ltr'><strong>repe-</strong></span> 
     </span>
    </p>
   </div>
   <div class='ocr_carea' id='block_1_74' title="bbox 2228 1468 3811 1538">
    <p class='ocr_par' dir='ltr' id='par_1_74' title="bbox 2228 1468 3811 1538">
     <span class='ocr_line' id='line_1_74' title="bbox 2228 1468 3811 1538; baseline 0.004 -17"><span class='ocrx_word' id='word_1_573' title='bbox 2228 1468 2466 1525; x_wconf 88' lang='lat' dir='ltr'><strong>titionem</strong></span> <span class='ocrx_word' id='word_1_574' title='bbox 2489 1483 2629 1536; x_wconf 84' lang='lat' dir='ltr'><strong>esse,</strong></span> <span class='ocrx_word' id='word_1_575' title='bbox 2657 1478 2713 1525; x_wconf 91' lang='lat' dir='ltr'><strong>et</strong></span> <span class='ocrx_word' id='word_1_576' title='bbox 2740 1469 2880 1524; x_wconf 90' lang='lat' dir='ltr'><strong>idem</strong></span> <span class='ocrx_word' id='word_1_577' title='bbox 2899 1469 2982 1524; x_wconf 91' lang='lat' dir='ltr'><strong>bis</strong></span> <span class='ocrx_word' id='word_1_578' title='bbox 3009 1469 3256 1538; x_wconf 76' lang='lat' dir='ltr'><strong>proferri,</strong></span> <span class='ocrx_word' id='word_1_579' title='bbox 3280 1485 3402 1526; x_wconf 89' lang='lat' dir='ltr'><strong>cum</strong></span> <span class='ocrx_word' id='word_1_580' title='bbox 3430 1470 3625 1527; x_wconf 90' lang='lat' dir='ltr'><strong>dicitur</strong></span> <span class='ocrx_word' id='word_1_581' title='bbox 3643 1473 3811 1528; x_wconf 69' lang='lat' dir='ltr'><strong>liene-</strong></span> 
     </span>
    </p>
   </div>
   <div class='ocr_carea' id='block_1_75' title="bbox 2227 1560 3805 1635">
    <p class='ocr_par' dir='ltr' id='par_1_75' title="bbox 2227 1560 3805 1635">
     <span class='ocr_line' id='line_1_75' title="bbox 2227 1560 3805 1635; baseline 0.004 -22"><span class='ocrx_word' id='word_1_582' title='bbox 2227 1560 2396 1614; x_wconf 78' lang='lat' dir='ltr'><strong>dicain</strong></span> <span class='ocrx_word' id='word_1_583' title='bbox 2437 1570 2518 1626; x_wconf 82' lang='lat' dir='ltr'><strong>te,</strong></span> <span class='ocrx_word' id='word_1_584' title='bbox 2547 1570 2598 1616; x_wconf 89' lang='lat' dir='ltr'><strong>et</strong></span> <span class='ocrx_word' id='word_1_585' title='bbox 2637 1561 2739 1617; x_wconf 87' lang='lat' dir='ltr'><strong>eris</strong></span> <span class='ocrx_word' id='word_1_586' title='bbox 2787 1562 3086 1616; x_wconf 74' lang='lat' dir='ltr'><strong>benedictus.</strong></span> <span class='ocrx_word' id='word_1_587' title='bbox 3121 1561 3284 1616; x_wconf 82' lang='lat' dir='ltr'><strong>Tanta</strong></span> <span class='ocrx_word' id='word_1_588' title='bbox 3315 1563 3454 1618; x_wconf 83' lang='lat' dir='ltr'><strong>enim</strong></span> <span class='ocrx_word' id='word_1_589' title='bbox 3487 1573 3559 1629; x_wconf 91' lang='lat' dir='ltr'><strong>te,</strong></span> <span class='ocrx_word' id='word_1_590' title='bbox 3602 1565 3805 1635; x_wconf 88' lang='lat' dir='ltr'><strong>inquit,</strong></span> 
     </span>
    </p>
   </div>
   <div class='ocr_carea' id='block_1_76' title="bbox 2226 1650 3810 1744">
    <p class='ocr_par' dir='ltr' id='par_1_76' title="bbox 2226 1650 3810 1744">
     <span class='ocr_line' id='line_1_76' title="bbox 2226 1650 3810 1744; baseline 0.002 -37"><span class='ocrx_word' id='word_1_591' title='bbox 2226 1650 2592 1744; x_wconf 62' lang='lat' dir='ltr'><strong>bt‘nedictionf</strong></span> <span class='ocrx_word' id='word_1_592' title='bbox 2623 1651 2912 1744; x_wconf 79' lang='lat' dir='ltr'><strong>dignabor,</strong></span> <span class='ocrx_word' id='word_1_593' title='bbox 2961 1653 3129 1744; x_wconf 44' lang='lat' dir='ltr'><strong>altilia</strong></span> <span class='ocrx_word' id='word_1_594' title='bbox 3158 1652 3213 1744; x_wconf 89' lang='lat' dir='ltr'><strong>in</strong></span> <span class='ocrx_word' id='word_1_595' title='bbox 3253 1669 3413 1710; x_wconf 90' lang='lat' dir='ltr'><strong>omne</strong></span> <span class='ocrx_word' id='word_1_596' title='bbox 3434 1657 3691 1710; x_wconf 66' lang='lat' dir='ltr'><strong>saeculum</strong></span> <span class='ocrx_word' id='word_1_597' title='bbox 3733 1655 3810 1710; x_wconf 87' lang='lat' dir='ltr'><strong>sit</strong></span> 
     </span>
    </p>
   </div>
   <div class='ocr_carea' id='block_1_77' title="bbox 2226 1738 3808 1807">
    <p class='ocr_par' dir='ltr' id='par_1_77' title="bbox 2226 1738 3808 1807">
     <span class='ocr_line' id='line_1_77' title="bbox 2226 1738 3808 1807; baseline 0.004 -13"><span class='ocrx_word' id='word_1_598' title='bbox 2226 1739 2499 1796; x_wconf 84' lang='lat' dir='ltr'><strong>duratura.</strong></span> <span class='ocrx_word' id='word_1_599' title='bbox 2541 1738 2662 1795; x_wconf 71' lang='lat' dir='ltr'><strong>Eri:</strong></span> <span class='ocrx_word' id='word_1_600' title='bbox 2697 1738 3177 1807; x_wconf 76' lang='lat' dir='ltr'><strong>enim&#39;benedictss,</strong></span> <span class='ocrx_word' id='word_1_601' title='bbox 3203 1743 3274 1796; x_wconf 88' lang='lat' dir='ltr'><strong>ita</strong></span> <span class='ocrx_word' id='word_1_602' title='bbox 3301 1752 3360 1797; x_wconf 89' lang='lat' dir='ltr'><strong>ut</strong></span> <span class='ocrx_word' id='word_1_603' title='bbox 3395 1758 3583 1800; x_wconf 78' lang='lat' dir='ltr'><strong>onines</strong></span> <span class='ocrx_word' id='word_1_604' title='bbox 3611 1747 3808 1800; x_wconf 87' lang='lat' dir='ltr'><strong>summi</strong></span> 
     </span>
    </p>
   </div>
   <div class='ocr_carea' id='block_1_78' title="bbox 2228 1827 3809 1897">
    <p class='ocr_par' dir='ltr' id='par_1_78' title="bbox 2228 1827 3809 1897">
     <span class='ocr_line' id='line_1_78' title="bbox 2228 1827 3809 1897; baseline 0.004 -15"><span class='ocrx_word' id='word_1_605' title='bbox 2228 1827 2446 1884; x_wconf 87' lang='lat' dir='ltr'><strong>honoris</strong></span> <span class='ocrx_word' id='word_1_606' title='bbox 2487 1829 2604 1884; x_wconf 92' lang='lat' dir='ltr'><strong>loco</strong></span> <span class='ocrx_word' id='word_1_607' title='bbox 2642 1829 2872 1884; x_wconf 88' lang='lat' dir='ltr'><strong>habituri</strong></span> <span class='ocrx_word' id='word_1_608' title='bbox 2917 1831 3045 1897; x_wconf 88' lang='lat' dir='ltr'><strong>sint,</strong></span> <span class='ocrx_word' id='word_1_609' title='bbox 3073 1832 3120 1886; x_wconf 88' lang='lat' dir='ltr'><strong>si</strong></span> <span class='ocrx_word' id='word_1_610' title='bbox 3162 1832 3242 1888; x_wconf 86' lang='lat' dir='ltr'><strong>eis</strong></span> <span class='ocrx_word' id='word_1_611' title='bbox 3270 1840 3445 1887; x_wconf 86' lang='lat' dir='ltr'><strong>tecum</strong></span> <span class='ocrx_word' id='word_1_612' title='bbox 3474 1832 3809 1888; x_wconf 82' lang='lat' dir='ltr'><strong>familiaritas</strong></span> 
     </span>
    </p>
   </div>
   <div class='ocr_carea' id='block_1_79' title="bbox 2226 1919 3807 1993">
    <p class='ocr_par' dir='ltr' id='par_1_79' title="bbox 2226 1919 3807 1993">
     <span class='ocr_line' id='line_1_79' title="bbox 2226 1919 3807 1993; baseline 0.001 -17"><span class='ocrx_word' id='word_1_613' title='bbox 2226 1922 2515 1990; x_wconf 83' lang='lat' dir='ltr'><strong>contingat.</strong></span> <span class='ocrx_word' id='word_1_614' title='bbox 2535 1919 2690 1975; x_wconf 77' lang='lat' dir='ltr'><strong>Vides</strong></span> <span class='ocrx_word' id='word_1_615' title='bbox 2715 1921 2982 1990; x_wconf 80' lang='lat' dir='ltr'><strong>quomodo</strong></span> <span class='ocrx_word' id='word_1_616' title='bbox 3004 1931 3160 1976; x_wconf 90' lang='lat' dir='ltr'><strong>antea</strong></span> <span class='ocrx_word' id='word_1_617' title='bbox 3184 1931 3239 1977; x_wconf 89' lang='lat' dir='ltr'><strong>et</strong></span> <span class='ocrx_word' id='word_1_618' title='bbox 3265 1921 3334 1976; x_wconf 88' lang='lat' dir='ltr'><strong>ab</strong></span> <span class='ocrx_word' id='word_1_619' title='bbox 3357 1923 3505 1978; x_wconf 90' lang='lat' dir='ltr'><strong>initio</strong></span> <span class='ocrx_word' id='word_1_620' title='bbox 3533 1923 3583 1978; x_wconf 87' lang='lat' dir='ltr'><strong>ei</strong></span> <span class='ocrx_word' id='word_1_621' title='bbox 3615 1924 3807 1993; x_wconf 55' lang='lat' dir='ltr'><strong>praedi»</strong></span> 
     </span>
    </p>
   </div>
   <div class='ocr_carea' id='block_1_80' title="bbox 2225 2009 3806 2080">
    <p class='ocr_par' dir='ltr' id='par_1_80' title="bbox 2225 2009 3806 2080">
     <span class='ocr_line' id='line_1_80' title="bbox 2225 2009 3806 2080; baseline 0.004 -18"><span class='ocrx_word' id='word_1_622' title='bbox 2225 2009 2298 2062; x_wconf 89' lang='lat' dir='ltr'><strong>cit</strong></span> <span class='ocrx_word' id='word_1_623' title='bbox 2338 2011 2630 2065; x_wconf 86' lang='lat' dir='ltr'><strong>claritatem</strong></span> <span class='ocrx_word' id='word_1_624' title='bbox 2657 2020 2816 2080; x_wconf 86' lang='lat' dir='ltr'><strong>quam</strong></span> <span class='ocrx_word' id='word_1_625' title='bbox 2855 2010 2929 2066; x_wconf 91' lang='lat' dir='ltr'><strong>illi</strong></span> <span class='ocrx_word' id='word_1_626' title='bbox 2956 2011 3177 2067; x_wconf 89' lang='lat' dir='ltr'><strong>daturus</strong></span> <span class='ocrx_word' id='word_1_627' title='bbox 3203 2020 3337 2066; x_wconf 85' lang='lat' dir='ltr'><strong>erat.</strong></span> <span class='ocrx_word' id='word_1_628' title='bbox 3373 2011 3589 2067; x_wconf 79' lang='lat' dir='ltr'><strong>Faciam</strong></span> <span class='ocrx_word' id='word_1_629' title='bbox 3617 2024 3685 2077; x_wconf 89' lang='lat' dir='ltr'><strong>te,</strong></span> <span class='ocrx_word' id='word_1_630' title='bbox 3710 2015 3806 2070; x_wconf 83' lang='lat' dir='ltr'><strong>in-</strong></span> 
     </span>
    </p>
   </div>
   <div class='ocr_carea' id='block_1_81' title="bbox 2223 2099 3804 2172">
    <p class='ocr_par' dir='ltr' id='par_1_81' title="bbox 2223 2099 3804 2172">
     <span class='ocr_line' id='line_1_81' title="bbox 2223 2099 3804 2172; baseline 0.004 -21"><span class='ocrx_word' id='word_1_631' title='bbox 2223 2099 2361 2166; x_wconf 91' lang='lat' dir='ltr'><strong>quit,</strong></span> <span class='ocrx_word' id='word_1_632' title='bbox 2388 2099 2441 2152; x_wconf 80' lang='lat' dir='ltr'><strong>in</strong></span> <span class='ocrx_word' id='word_1_633' title='bbox 2469 2109 2663 2170; x_wconf 81' lang='lat' dir='ltr'><strong>gentem</strong></span> <span class='ocrx_word' id='word_1_634' title='bbox 2692 2116 2948 2170; x_wconf 73' lang='lat' dir='ltr'><strong>magnam,</strong></span> <span class='ocrx_word' id='word_1_635' title='bbox 2977 2111 3025 2154; x_wconf 90' lang='lat' dir='ltr'><strong>et</strong></span> <span class='ocrx_word' id='word_1_636' title='bbox 3055 2101 3387 2172; x_wconf 76' lang='lat' dir='ltr'><strong>magni/icabo</strong></span> <span class='ocrx_word' id='word_1_637' title='bbox 3414 2119 3593 2156; x_wconf 75' lang='lat' dir='ltr'><strong>nomen</strong></span> <span class='ocrx_word' id='word_1_638' title='bbox 3623 2114 3765 2158; x_wconf 69' lang='lat' dir='ltr'><strong>tum</strong></span> <span class='ocrx_word' id='word_1_639' title='bbox 3786 2147 3804 2171; x_wconf 86' lang='lat'><strong>,</strong></span> 
     </span>
    </p>
   </div>
   <div class='ocr_carea' id='block_1_82' title="bbox 2223 2188 3808 2254">
    <p class='ocr_par' dir='ltr' id='par_1_82' title="bbox 2223 2188 3808 2254">
     <span class='ocr_line' id='line_1_82' title="bbox 2223 2188 3808 2254; baseline 0.003 -12"><span class='ocrx_word' id='word_1_640' title='bbox 2223 2197 2272 2242; x_wconf 82' lang='lat' dir='ltr'><strong>et</strong></span> <span class='ocrx_word' id='word_1_641' title='bbox 2298 2188 2586 2242; x_wconf 83' lang='lat' dir='ltr'><strong>benedicum</strong></span> <span class='ocrx_word' id='word_1_642' title='bbox 2612 2198 2679 2254; x_wconf 88' lang='lat' dir='ltr'><strong>te,</strong></span> <span class='ocrx_word' id='word_1_643' title='bbox 2706 2199 2755 2244; x_wconf 87' lang='lat' dir='ltr'><strong>et</strong></span> <span class='ocrx_word' id='word_1_644' title='bbox 2780 2193 2879 2244; x_wconf 85' lang='lat' dir='ltr'><strong>eris</strong></span> <span class='ocrx_word' id='word_1_645' title='bbox 2903 2191 3203 2245; x_wconf 70' lang='lat' dir='ltr'><strong>benedictus.</strong></span> <span class='ocrx_word' id='word_1_646' title='bbox 3235 2190 3437 2247; x_wconf 89' lang='lat' dir='ltr'><strong>Idcirco</strong></span> <span class='ocrx_word' id='word_1_647' title='bbox 3458 2204 3512 2247; x_wconf 93' lang='lat' dir='ltr'><strong>et</strong></span> <span class='ocrx_word' id='word_1_648' title='bbox 3537 2189 3708 2250; x_wconf 68' lang='lat' dir='ltr'><strong>Judaei</strong></span> <span class='ocrx_word' id='word_1_649' title='bbox 3735 2194 3808 2247; x_wconf 79' lang='lat' dir='ltr'><strong>de</strong></span> 
     </span>
    </p>
   </div>
   <div class='ocr_carea' id='block_1_83' title="bbox 2224 2277 3810 2352">
    <p class='ocr_par' dir='ltr' id='par_1_83' title="bbox 2224 2277 3810 2352">
     <span class='ocr_line' id='line_1_83' title="bbox 2224 2277 3810 2352; baseline 0.005 -22"><span class='ocrx_word' id='word_1_650' title='bbox 2224 2278 2521 2347; x_wconf 82' lang='lat' dir='ltr'><strong>patriarcha</strong></span> <span class='ocrx_word' id='word_1_651' title='bbox 2544 2277 2912 2348; x_wconf 85' lang='lat' dir='ltr'><strong>superbientes</strong></span> <span class='ocrx_word' id='word_1_652' title='bbox 2952 2279 3198 2334; x_wconf 85' lang='lat' dir='ltr'><strong>volebant</strong></span> <span class='ocrx_word' id='word_1_653' title='bbox 3220 2295 3280 2336; x_wconf 87' lang='lat' dir='ltr'><strong>se</strong></span> <span class='ocrx_word' id='word_1_654' title='bbox 3316 2279 3370 2335; x_wconf 88' lang='lat' dir='ltr'><strong>in</strong></span> <span class='ocrx_word' id='word_1_655' title='bbox 3409 2281 3527 2352; x_wconf 82' lang='lat' dir='ltr'><strong>ejus</strong></span> <span class='ocrx_word' id='word_1_656' title='bbox 3551 2281 3810 2338; x_wconf 70' lang='lat' dir='ltr'><strong>familiam</strong></span> 
     </span>
    </p>
   </div>
   <div class='ocr_carea' id='block_1_84' title="bbox 2224 2369 3811 2436">
    <p class='ocr_par' dir='ltr' id='par_1_84' title="bbox 2224 2369 3811 2436">
     <span class='ocr_line' id='line_1_84' title="bbox 2224 2369 3811 2436; baseline 0.004 -13"><span class='ocrx_word' id='word_1_657' title='bbox 2224 2369 2517 2436; x_wconf 85' lang='lat' dir='ltr'><strong>intrudere,</strong></span> <span class='ocrx_word' id='word_1_658' title='bbox 2543 2381 2598 2426; x_wconf 90' lang='lat' dir='ltr'><strong>et</strong></span> <span class='ocrx_word' id='word_1_659' title='bbox 2621 2369 2867 2428; x_wconf 84' lang='lat' dir='ltr'><strong>dicebant</strong></span> <span class='ocrx_word' id='word_1_660' title='bbox 2898 2388 2912 2425; x_wconf 90' lang='lat'><strong>:</strong></span> <span class='ocrx_word' id='word_1_661' title='bbox 2943 2369 3068 2427; x_wconf 81' lang='lat' dir='ltr'><strong>Filii</strong></span> <span class='ocrx_word' id='word_1_662' title='bbox 3098 2371 3354 2425; x_wconf 68' lang='lat' dir='ltr'><strong>Abraham</strong></span> <span class='ocrx_word' id='word_1_663' title='bbox 3377 2387 3567 2427; x_wconf 62' lang='lat' dir='ltr'><strong>urnas.</strong></span> <span class='ocrx_word' id='word_1_664' title='bbox 3599 2371 3708 2427; x_wconf 87' lang='lat' dir='ltr'><strong>Sed</strong></span> <span class='ocrx_word' id='word_1_665' title='bbox 3745 2380 3811 2429; x_wconf 82' lang='lat' dir='ltr'><strong>ut</strong></span> 
     </span>
    </p>
   </div>
   <div class='ocr_carea' id='block_1_85' title="bbox 2224 2460 3804 2532">
    <p class='ocr_par' dir='ltr' id='par_1_85' title="bbox 2224 2460 3804 2532">
     <span class='ocr_line' id='line_1_85' title="bbox 2224 2460 3804 2532; baseline 0.003 -19"><span class='ocrx_word' id='word_1_666' title='bbox 2224 2460 2429 2514; x_wconf 83' lang='lat' dir='ltr'><strong>discant</strong></span> <span class='ocrx_word' id='word_1_667' title='bbox 2456 2475 2516 2516; x_wconf 86' lang='lat' dir='ltr'><strong>se</strong></span> <span class='ocrx_word' id='word_1_668' title='bbox 2543 2470 2761 2531; x_wconf 86' lang='lat' dir='ltr'><strong>propter</strong></span> <span class='ocrx_word' id='word_1_669' title='bbox 2789 2462 2958 2517; x_wconf 89' lang='lat' dir='ltr'><strong>malos</strong></span> <span class='ocrx_word' id='word_1_670' title='bbox 2980 2475 3158 2516; x_wconf 88' lang='lat' dir='ltr'><strong>mores</strong></span> <span class='ocrx_word' id='word_1_671' title='bbox 3184 2462 3429 2532; x_wconf 88' lang='lat' dir='ltr'><strong>indignos</strong></span> <span class='ocrx_word' id='word_1_672' title='bbox 3454 2477 3575 2518; x_wconf 88' lang='lat' dir='ltr'><strong>esse</strong></span> <span class='ocrx_word' id='word_1_673' title='bbox 3600 2462 3690 2516; x_wconf 92' lang='lat' dir='ltr'><strong>illa</strong></span> <span class='ocrx_word' id='word_1_674' title='bbox 3720 2462 3804 2518; x_wconf 84' lang='lat' dir='ltr'><strong>fa-</strong></span> 
     </span>
    </p>
   </div>
   <div class='ocr_carea' id='block_1_86' title="bbox 2225 2549 3802 2622">
    <p class='ocr_par' dir='ltr' id='par_1_86' title="bbox 2225 2549 3802 2622">
     <span class='ocr_line' id='line_1_86' title="bbox 2225 2549 3802 2622; baseline 0.003 -18"><span class='ocrx_word' id='word_1_675' title='bbox 2225 2551 2367 2605; x_wconf 89' lang='lat' dir='ltr'><strong>milia</strong></span> <span class='ocrx_word' id='word_1_676' title='bbox 2395 2560 2451 2606; x_wconf 92' lang='lat' dir='ltr'><strong>et</strong></span> <span class='ocrx_word' id='word_1_677' title='bbox 2475 2566 2688 2622; x_wconf 86' lang='lat' dir='ltr'><strong>genere,</strong></span> <span class='ocrx_word' id='word_1_678' title='bbox 2705 2549 2836 2606; x_wconf 87' lang='lat' dir='ltr'><strong>dicit</strong></span> <span class='ocrx_word' id='word_1_679' title='bbox 2853 2552 2933 2606; x_wconf 92' lang='lat' dir='ltr'><strong>eis</strong></span> <span class='ocrx_word' id='word_1_680' title='bbox 2956 2551 3236 2608; x_wconf 85' lang='lat' dir='ltr'><strong>Christus:</strong></span> <span class='ocrx_word' id='word_1_681' title='bbox 3268 2552 3330 2608; x_wconf 89' lang='lat' dir='ltr'><strong>Si</strong></span> <span class='ocrx_word' id='word_1_682' title='bbox 3349 2553 3445 2621; x_wconf 70' lang='lat' dir='ltr'><strong>ﬁlii</strong></span> <span class='ocrx_word' id='word_1_683' title='bbox 3471 2553 3691 2608; x_wconf 73' lang='lat' dir='ltr'><strong>Abraltc</strong></span> <span class='ocrx_word' id='word_1_684' title='bbox 3713 2569 3802 2609; x_wconf 79' lang='lat' dir='ltr'><strong>es-</strong></span> 
     </span>
    </p>
   </div>
   <div class='ocr_carea' id='block_1_87' title="bbox 2224 2641 3805 2716">
    <p class='ocr_par' dir='ltr' id='par_1_87' title="bbox 2224 2641 3805 2716">
     <span class='ocr_line' id='line_1_87' title="bbox 2224 2641 3805 2716; baseline 0.004 -22"><span class='ocrx_word' id='word_1_685' title='bbox 2224 2641 2362 2706; x_wconf 79' lang='lat' dir='ltr'><strong>setis,</strong></span> <span class='ocrx_word' id='word_1_686' title='bbox 2404 2657 2559 2711; x_wconf 78' lang='lat' dir='ltr'><strong>Opera</strong></span> <span class='ocrx_word' id='word_1_687' title='bbox 2601 2641 2818 2697; x_wconf 64' lang='lat' dir='ltr'><strong>Abrahae</strong></span> <span class='ocrx_word' id='word_1_688' title='bbox 2857 2643 3089 2712; x_wconf 76' lang='lat' dir='ltr'><strong>faceretis</strong></span> <span class='ocrx_word' id='word_1_689' title='bbox 3129 2644 3300 2712; x_wconf 73' lang='lat' dir='ltr'><strong>utique</strong></span> <span class='ocrx_word' id='word_1_690' title='bbox 3344 2643 3534 2714; x_wconf 80' lang='lat' dir='ltr'><strong>(Joan.</strong></span> <span class='ocrx_word' id='word_1_691' title='bbox 3565 2643 3621 2698; x_wconf 85' lang='lat'><strong>8.</strong></span> <span class='ocrx_word' id='word_1_692' title='bbox 3668 2643 3738 2699; x_wconf 76' lang='lat'><strong>39</strong></span> <span class='ocrx_word' id='word_1_693' title='bbox 3759 2647 3805 2716; x_wconf 87' lang='lat'><strong>).</strong></span> 
     </span>
    </p>
   </div>
   <div class='ocr_carea' id='block_1_88' title="bbox 2222 2729 3808 2802">
    <p class='ocr_par' dir='ltr' id='par_1_88' title="bbox 2222 2729 3808 2802">
     <span class='ocr_line' id='line_1_88' title="bbox 2222 2729 3808 2802; baseline 0.002 -16"><span class='ocrx_word' id='word_1_694' title='bbox 2222 2729 2456 2786; x_wconf 81' lang='lat' dir='ltr'><strong>Joannes</strong></span> <span class='ocrx_word' id='word_1_695' title='bbox 2494 2744 2723 2802; x_wconf 84' lang='lat' dir='ltr'><strong>quoque,</strong></span> <span class='ocrx_word' id='word_1_696' title='bbox 2769 2731 3040 2788; x_wconf 70' lang='lat' dir='ltr'><strong>Zachariae</strong></span> <span class='ocrx_word' id='word_1_697' title='bbox 3069 2731 3226 2798; x_wconf 83' lang='lat' dir='ltr'><strong>illius,</strong></span> <span class='ocrx_word' id='word_1_698' title='bbox 3255 2748 3377 2788; x_wconf 91' lang='lat' dir='ltr'><strong>cum</strong></span> <span class='ocrx_word' id='word_1_699' title='bbox 3409 2732 3477 2786; x_wconf 82' lang='lat' dir='ltr'><strong>ad</strong></span> <span class='ocrx_word' id='word_1_700' title='bbox 3517 2732 3808 2790; x_wconf 80' lang='lat' dir='ltr'><strong>Jurdanem</strong></span> 
     </span>
    </p>
   </div>
   <div class='ocr_carea' id='block_1_89' title="bbox 2222 2793 3806 2897">
    <p class='ocr_par' dir='ltr' id='par_1_89' title="bbox 2222 2793 3806 2897">
     <span class='ocr_line' id='line_1_89' title="bbox 2222 2793 3806 2897; baseline -0.002 -16"><span class='ocrx_word' id='word_1_701' title='bbox 2222 2793 2828 2895; x_wconf 41' lang='lat' dir='ltr'><strong>conﬂuereniihaptisari</strong></span> <span class='ocrx_word' id='word_1_702' title='bbox 2850 2826 3149 2895; x_wconf 85' lang='lat' dir='ltr'><strong>cupientes,</strong></span> <span class='ocrx_word' id='word_1_703' title='bbox 3189 2793 3402 2880; x_wconf 81' lang='lat' dir='ltr'><strong>dicebat</strong></span> <span class='ocrx_word' id='word_1_704' title='bbox 3443 2826 3560 2880; x_wconf 86' lang='lat' dir='ltr'><strong>eis:</strong></span> <span class='ocrx_word' id='word_1_705' title='bbox 3606 2823 3806 2897; x_wconf 68' lang='lat' dir='ltr'><strong>Progeo</strong></span> 
     </span>
    </p>
   </div>
   <div class='ocr_carea' id='block_1_90' title="bbox 2223 2915 3810 2987">
    <p class='ocr_par' dir='ltr' id='par_1_90' title="bbox 2223 2915 3810 2987">
     <span class='ocr_line' id='line_1_90' title="bbox 2223 2915 3810 2987; baseline 0.002 -18"><span class='ocrx_word' id='word_1_706' title='bbox 2223 2916 2330 2969; x_wconf 79' lang='lat' dir='ltr'><strong>nies</strong></span> <span class='ocrx_word' id='word_1_707' title='bbox 2367 2915 2669 2986; x_wconf 67' lang='lat' dir='ltr'><strong>vipereum,</strong></span> <span class='ocrx_word' id='word_1_708' title='bbox 2712 2917 2827 2986; x_wconf 81' lang='lat' dir='ltr'><strong>quis</strong></span> <span class='ocrx_word' id='word_1_709' title='bbox 2849 2915 3143 2970; x_wconf 68' lang='lat' dir='ltr'><strong>monstravit</strong></span> <span class='ocrx_word' id='word_1_710' title='bbox 3187 2915 3323 2969; x_wconf 74' lang='lat' dir='ltr'><strong>nobis</strong></span> <span class='ocrx_word' id='word_1_711' title='bbox 3357 2915 3534 2987; x_wconf 76' lang='lat' dir='ltr'><strong>{agere</strong></span> <span class='ocrx_word' id='word_1_712' title='bbox 3559 2933 3592 2968; x_wconf 77' lang='grc' dir='ltr'><strong>α</strong></span> <span class='ocrx_word' id='word_1_713' title='bbox 3628 2916 3810 2986; x_wconf 68' lang='lat' dir='ltr'><strong>{utare</strong></span> 
     </span>
    </p>
   </div>
   <div class='ocr_carea' id='block_1_91' title="bbox 2221 3002 3809 3076">
    <p class='ocr_par' dir='ltr' id='par_1_91' title="bbox 2221 3002 3809 3076">
     <span class='ocr_line' id='line_1_91' title="bbox 2221 3002 3809 3076; baseline 0.001 -18"><span class='ocrx_word' id='word_1_714' title='bbox 2221 3005 2302 3058; x_wconf 83' lang='lat' dir='ltr'><strong>ira</strong></span> <span class='ocrx_word' id='word_1_715' title='bbox 2317 3004 2343 3058; x_wconf 74' lang='grc'><strong><em>7</em></strong></span> <span class='ocrx_word' id='word_1_716' title='bbox 2383 3002 2561 3058; x_wconf 80' lang='lat' dir='ltr'><strong>Facite</strong></span> <span class='ocrx_word' id='word_1_717' title='bbox 2591 3005 2748 3074; x_wconf 66' lang='lat' dir='ltr'><strong>igitur</strong></span> <span class='ocrx_word' id='word_1_718' title='bbox 2785 3006 3005 3076; x_wconf 74' lang='lat' dir='ltr'><strong>fructum</strong></span> <span class='ocrx_word' id='word_1_719' title='bbox 3050 3005 3258 3076; x_wconf 75' lang='lat' dir='ltr'><strong>dignum</strong></span> <span class='ocrx_word' id='word_1_720' title='bbox 3299 3005 3622 3076; x_wconf 65' lang='lat' dir='ltr'><strong>pestilentiae,</strong></span> <span class='ocrx_word' id='word_1_721' title='bbox 3666 3013 3716 3061; x_wconf 86' lang='lat' dir='ltr'><strong>et</strong></span> <span class='ocrx_word' id='word_1_722' title='bbox 3744 3023 3809 3060; x_wconf 83' lang='lat' dir='ltr'><strong>ne</strong></span> 
     </span>
    </p>
   </div>
   <div class='ocr_carea' id='block_1_92' title="bbox 2224 3093 3807 3167">
    <p class='ocr_par' dir='ltr' id='par_1_92' title="bbox 2224 3093 3807 3167">
     <span class='ocr_line' id='line_1_92' title="bbox 2224 3093 3807 3167; baseline 0.001 -17"><span class='ocrx_word' id='word_1_723' title='bbox 2224 3098 2541 3167; x_wconf 68' lang='lat' dir='ltr'><strong>presumstis</strong></span> <span class='ocrx_word' id='word_1_724' title='bbox 2583 3097 2764 3162; x_wconf 78' lang='lat' dir='ltr'><strong>dicere,</strong></span> <span class='ocrx_word' id='word_1_725' title='bbox 2815 3093 3024 3151; x_wconf 80' lang='lat' dir='ltr'><strong>Patrem</strong></span> <span class='ocrx_word' id='word_1_726' title='bbox 3069 3097 3308 3151; x_wconf 81' lang='lat' dir='ltr'><strong>habemus</strong></span> <span class='ocrx_word' id='word_1_727' title='bbox 3353 3097 3630 3152; x_wconf 75' lang='lat' dir='ltr'><strong>Abraham.</strong></span> <span class='ocrx_word' id='word_1_728' title='bbox 3652 3135 3657 3154; x_wconf 71' lang='grc'><strong>,-</strong></span> <span class='ocrx_word' id='word_1_729' title='bbox 3675 3095 3807 3152; x_wconf 79' lang='lat' dir='ltr'><strong>Dice</strong></span> 
     </span>
    </p>
   </div>
   <div class='ocr_carea' id='block_1_93' title="bbox 2223 3183 3805 3256">
    <p class='ocr_par' dir='ltr' id='par_1_93' title="bbox 2223 3183 3805 3256">
     <span class='ocr_line' id='line_1_93' title="bbox 2223 3183 3805 3256; baseline 0.001 -17"><span class='ocrx_word' id='word_1_730' title='bbox 2223 3187 2355 3239; x_wconf 85' lang='lat' dir='ltr'><strong>enim</strong></span> <span class='ocrx_word' id='word_1_731' title='bbox 2379 3185 2535 3250; x_wconf 82' lang='lat' dir='ltr'><strong>subis,</strong></span> <span class='ocrx_word' id='word_1_732' title='bbox 2563 3185 2700 3255; x_wconf 80' lang='lat' dir='ltr'><strong>quod</strong></span> <span class='ocrx_word' id='word_1_733' title='bbox 2727 3195 2885 3256; x_wconf 86' lang='lat' dir='ltr'><strong>potest</strong></span> <span class='ocrx_word' id='word_1_734' title='bbox 2915 3183 3054 3239; x_wconf 81' lang='lat' dir='ltr'><strong>Deus</strong></span> <span class='ocrx_word' id='word_1_735' title='bbox 3079 3201 3142 3239; x_wconf 76' lang='lat' dir='ltr'><strong>es;</strong></span> <span class='ocrx_word' id='word_1_736' title='bbox 3167 3186 3421 3255; x_wconf 72' lang='lat' dir='ltr'><strong>lapidibus</strong></span> <span class='ocrx_word' id='word_1_737' title='bbox 3449 3186 3557 3240; x_wconf 84' lang='lat' dir='ltr'><strong>istis</strong></span> <span class='ocrx_word' id='word_1_738' title='bbox 3580 3188 3805 3243; x_wconf 71' lang='lat' dir='ltr'><strong>excitare</strong></span> 
     </span>
    </p>
   </div>
   <div class='ocr_carea' id='block_1_94' title="bbox 2205 3275 3805 3351">
    <p class='ocr_par' dir='ltr' id='par_1_94' title="bbox 2205 3275 3805 3351">
     <span class='ocr_line' id='line_1_94' title="bbox 2205 3275 3805 3351; baseline 0.001 -22"><span class='ocrx_word' id='word_1_739' title='bbox 2205 3277 2358 3351; x_wconf 67' lang='lat' dir='ltr'><strong>ﬁlios</strong></span> <span class='ocrx_word' id='word_1_740' title='bbox 2408 3277 2624 3330; x_wconf 73' lang='lat' dir='ltr'><strong>Abrahtz</strong></span> <span class='ocrx_word' id='word_1_741' title='bbox 2689 3275 2918 3347; x_wconf 77' lang='lat' dir='ltr'><strong>(Matth.</strong></span> <span class='ocrx_word' id='word_1_742' title='bbox 2960 3277 3014 3331; x_wconf 78' lang='grc'><strong>5.</strong></span> <span class='ocrx_word' id='word_1_743' title='bbox 3055 3276 3149 3330; x_wconf 77' lang='lat'><strong>7-9</strong></span> <span class='ocrx_word' id='word_1_744' title='bbox 3168 3276 3208 3346; x_wconf 89' lang='lat'><strong>).</strong></span> <span class='ocrx_word' id='word_1_745' title='bbox 3272 3276 3486 3332; x_wconf 77' lang='lat' dir='ltr'><strong>Vidistis</strong></span> <span class='ocrx_word' id='word_1_746' title='bbox 3531 3277 3805 3346; x_wconf 85' lang='lat' dir='ltr'><strong>quomodo</strong></span> 
     </span>
    </p>
   </div>
   <div class='ocr_carea' id='block_1_95' title="bbox 2223 3363 3806 3435">
    <p class='ocr_par' dir='ltr' id='par_1_95' title="bbox 2223 3363 3806 3435">
     <span class='ocr_line' id='line_1_95' title="bbox 2223 3363 3806 3435; baseline 0.001 -15"><span class='ocrx_word' id='word_1_747' title='bbox 2223 3379 2472 3435; x_wconf 75' lang='lat' dir='ltr'><strong>magnum</strong></span> <span class='ocrx_word' id='word_1_748' title='bbox 2510 3364 2651 3434; x_wconf 89' lang='lat' dir='ltr'><strong>apud</strong></span> <span class='ocrx_word' id='word_1_749' title='bbox 2685 3378 2875 3420; x_wconf 87' lang='lat' dir='ltr'><strong>omnes</strong></span> <span class='ocrx_word' id='word_1_750' title='bbox 2910 3366 3030 3435; x_wconf 82' lang='lat' dir='ltr'><strong>ejus</strong></span> <span class='ocrx_word' id='word_1_751' title='bbox 3075 3379 3268 3420; x_wconf 87' lang='lat' dir='ltr'><strong>nomen</strong></span> <span class='ocrx_word' id='word_1_752' title='bbox 3309 3363 3506 3420; x_wconf 69' lang='lat' dir='ltr'><strong>fuerit?</strong></span> <span class='ocrx_word' id='word_1_753' title='bbox 3544 3366 3652 3424; x_wconf 86' lang='lat' dir='ltr'><strong>Sed</strong></span> <span class='ocrx_word' id='word_1_754' title='bbox 3679 3375 3806 3422; x_wconf 84' lang='lat' dir='ltr'><strong>ante</strong></span> 
     </span>
    </p>
   </div>
   <div class='ocr_carea' id='block_1_96' title="bbox 2221 3455 3804 3527">
    <p class='ocr_par' dir='ltr' id='par_1_96' title="bbox 2221 3455 3804 3527">
     <span class='ocr_line' id='line_1_96' title="bbox 2221 3455 3804 3527; baseline 0.003 -18"><span class='ocrx_word' id='word_1_755' title='bbox 2221 3464 2471 3511; x_wconf 89' lang='lat' dir='ltr'><strong>eventum</strong></span> <span class='ocrx_word' id='word_1_756' title='bbox 2493 3455 2621 3525; x_wconf 83' lang='lat' dir='ltr'><strong>justi</strong></span> <span class='ocrx_word' id='word_1_757' title='bbox 2648 3457 2818 3525; x_wconf 87' lang='lat' dir='ltr'><strong>pictas</strong></span> <span class='ocrx_word' id='word_1_758' title='bbox 2855 3463 3200 3520; x_wconf 83' lang='lat' dir='ltr'><strong>monstratur,</strong></span> <span class='ocrx_word' id='word_1_759' title='bbox 3236 3455 3500 3527; x_wconf 87' lang='lat' dir='ltr'><strong>quomodo</strong></span> <span class='ocrx_word' id='word_1_760' title='bbox 3528 3456 3683 3513; x_wconf 90' lang='lat' dir='ltr'><strong>dictis</strong></span> <span class='ocrx_word' id='word_1_761' title='bbox 3710 3459 3804 3513; x_wconf 88' lang='lat' dir='ltr'><strong>Dei</strong></span> 
     </span>
    </p>
   </div>
   <div class='ocr_carea' id='block_1_97' title="bbox 2221 3545 3801 3619">
    <p class='ocr_par' dir='ltr' id='par_1_97' title="bbox 2221 3545 3801 3619">
     <span class='ocr_line' id='line_1_97' title="bbox 2221 3545 3801 3619; baseline 0.003 -20"><span class='ocrx_word' id='word_1_762' title='bbox 2221 3545 2531 3611; x_wconf 88' lang='lat' dir='ltr'><strong>crediderit,</strong></span> <span class='ocrx_word' id='word_1_763' title='bbox 2581 3554 2637 3601; x_wconf 92' lang='lat' dir='ltr'><strong>et</strong></span> <span class='ocrx_word' id='word_1_764' title='bbox 2684 3547 2865 3601; x_wconf 84' lang='lat' dir='ltr'><strong>omnia</strong></span> <span class='ocrx_word' id='word_1_765' title='bbox 2905 3559 3025 3616; x_wconf 69' lang='lat' dir='ltr'><strong>qua:</strong></span> <span class='ocrx_word' id='word_1_766' title='bbox 3073 3547 3384 3602; x_wconf 86' lang='lat' dir='ltr'><strong>videbantur</strong></span> <span class='ocrx_word' id='word_1_767' title='bbox 3427 3563 3548 3604; x_wconf 89' lang='lat' dir='ltr'><strong>esse</strong></span> <span class='ocrx_word' id='word_1_768' title='bbox 3583 3550 3801 3619; x_wconf 86' lang='lat' dir='ltr'><strong>gravia,</strong></span> 
     </span>
    </p>
   </div>
   <div class='ocr_carea' id='block_1_98' title="bbox 2224 3633 3802 3709">
    <p class='ocr_par' dir='ltr' id='par_1_98' title="bbox 2224 3633 3802 3709">
     <span class='ocr_line' id='line_1_98' title="bbox 2224 3633 3802 3709; baseline 0.004 -21"><span class='ocrx_word' id='word_1_769' title='bbox 2224 3649 2412 3703; x_wconf 84' lang='lat' dir='ltr'><strong>magna</strong></span> <span class='ocrx_word' id='word_1_770' title='bbox 2434 3633 2691 3693; x_wconf 80' lang='lat' dir='ltr'><strong>facilitate</strong></span> <span class='ocrx_word' id='word_1_771' title='bbox 2712 3635 3025 3705; x_wconf 77' lang='lat' dir='ltr'><strong>susceperit.</strong></span> <span class='ocrx_word' id='word_1_772' title='bbox 3055 3635 3117 3690; x_wconf 82' lang='lat' dir='ltr'><strong>Et</strong></span> <span class='ocrx_word' id='word_1_773' title='bbox 3140 3637 3450 3703; x_wconf 72' lang='lat' dir='ltr'><strong>bent-dicam,</strong></span> <span class='ocrx_word' id='word_1_774' title='bbox 3480 3639 3683 3709; x_wconf 84' lang='lat' dir='ltr'><strong>inquit,</strong></span> <span class='ocrx_word' id='word_1_775' title='bbox 3708 3639 3802 3694; x_wconf 80' lang='lat' dir='ltr'><strong>be-</strong></span> 
     </span>
    </p>
   </div>
   <div class='ocr_carea' id='block_1_99' title="bbox 2222 3723 3799 3788">
    <p class='ocr_par' dir='ltr' id='par_1_99' title="bbox 2222 3723 3799 3788">
     <span class='ocr_line' id='line_1_99' title="bbox 2222 3723 3799 3788; baseline 0.006 -13"><span class='ocrx_word' id='word_1_776' title='bbox 2222 3723 2510 3780; x_wconf 83' lang='lat' dir='ltr'><strong>nedicentes</strong></span> <span class='ocrx_word' id='word_1_777' title='bbox 2534 3730 2602 3788; x_wconf 82' lang='lat' dir='ltr'><strong>te,</strong></span> <span class='ocrx_word' id='word_1_778' title='bbox 2620 3731 2670 3778; x_wconf 85' lang='lat' dir='ltr'><strong>et</strong></span> <span class='ocrx_word' id='word_1_779' title='bbox 2699 3724 3046 3780; x_wconf 78' lang='lat' dir='ltr'><strong>maledicentes</strong></span> <span class='ocrx_word' id='word_1_780' title='bbox 3071 3737 3119 3780; x_wconf 86' lang='lat' dir='ltr'><strong>te</strong></span> <span class='ocrx_word' id='word_1_781' title='bbox 3148 3727 3444 3782; x_wconf 76' lang='lat' dir='ltr'><strong>maledicam</strong></span> <span class='ocrx_word' id='word_1_782' title='bbox 3473 3745 3493 3781; x_wconf 89' lang='lat'><strong><em>:</em></strong></span> <span class='ocrx_word' id='word_1_783' title='bbox 3517 3739 3565 3783; x_wconf 90' lang='lat' dir='ltr'><strong>et</strong></span> <span class='ocrx_word' id='word_1_784' title='bbox 3589 3731 3799 3784; x_wconf 80' lang='lat' dir='ltr'><strong>benedi-</strong></span> 
     </span>
    </p>
   </div>
   <div class='ocr_carea' id='block_1_100' title="bbox 2222 3815 3803 3890">
    <p class='ocr_par' dir='ltr' id='par_1_100' title="bbox 2222 3815 3803 3890">
     <span class='ocr_line' id='line_1_100' title="bbox 2222 3815 3803 3890; baseline 0.008 -25"><span class='ocrx_word' id='word_1_785' title='bbox 2222 3825 2397 3867; x_wconf 77' lang='lat' dir='ltr'><strong>centur</strong></span> <span class='ocrx_word' id='word_1_786' title='bbox 2417 3815 2470 3866; x_wconf 84' lang='lat' dir='ltr'><strong>in</strong></span> <span class='ocrx_word' id='word_1_787' title='bbox 2499 3822 2548 3869; x_wconf 82' lang='lat' dir='ltr'><strong>ts</strong></span> <span class='ocrx_word' id='word_1_788' title='bbox 2571 3831 2743 3870; x_wconf 82' lang='lat' dir='ltr'><strong>omnes</strong></span> <span class='ocrx_word' id='word_1_789' title='bbox 2769 3817 2926 3872; x_wconf 81' lang='lat' dir='ltr'><strong>tribus</strong></span> <span class='ocrx_word' id='word_1_790' title='bbox 2953 3827 3117 3873; x_wconf 78' lang='lat' dir='ltr'><strong>teme.</strong></span> <span class='ocrx_word' id='word_1_791' title='bbox 3147 3817 3277 3876; x_wconf 77' lang='lat' dir='ltr'><strong>Vide</strong></span> <span class='ocrx_word' id='word_1_792' title='bbox 3309 3821 3579 3890; x_wconf 86' lang='lat' dir='ltr'><strong>quomodo</strong></span> <span class='ocrx_word' id='word_1_793' title='bbox 3607 3831 3803 3878; x_wconf 89' lang='lat' dir='ltr'><strong>attem-</strong></span> 
     </span>
    </p>
   </div>
   <div class='ocr_carea' id='block_1_101' title="bbox 2224 3907 3806 3978">
    <p class='ocr_par' dir='ltr' id='par_1_101' title="bbox 2224 3907 3806 3978">
     <span class='ocr_line' id='line_1_101' title="bbox 2224 3907 3806 3978; baseline 0.009 -22"><span class='ocrx_word' id='word_1_794' title='bbox 2224 3912 2375 3973; x_wconf 81' lang='lat' dir='ltr'><strong>perat</strong></span> <span class='ocrx_word' id='word_1_795' title='bbox 2399 3916 2700 3959; x_wconf 88' lang='lat' dir='ltr'><strong>sermonem</strong></span> <span class='ocrx_word' id='word_1_796' title='bbox 2729 3907 2889 3975; x_wconf 87' lang='lat' dir='ltr'><strong>Deus,</strong></span> <span class='ocrx_word' id='word_1_797' title='bbox 2910 3917 3233 3978; x_wconf 84' lang='lat' dir='ltr'><strong>etqnantum</strong></span> <span class='ocrx_word' id='word_1_798' title='bbox 3263 3912 3512 3967; x_wconf 74' lang='lat' dir='ltr'><strong>amicitia:</strong></span> <span class='ocrx_word' id='word_1_799' title='bbox 3541 3925 3806 3971; x_wconf 87' lang='lat' dir='ltr'><strong>monstrat</strong></span> 
     </span>
    </p>
   </div>
   <div class='ocr_carea' id='block_1_102' title="bbox 2223 3995 3805 4074">
    <p class='ocr_par' dir='ltr' id='par_1_102' title="bbox 2223 3995 3805 4074">
     <span class='ocr_line' id='line_1_102' title="bbox 2223 3995 3805 4074; baseline 0.009 -29"><span class='ocrx_word' id='word_1_800' title='bbox 2223 4005 2612 4062; x_wconf 87' lang='lat' dir='ltr'><strong>argumentum.</strong></span> <span class='ocrx_word' id='word_1_801' title='bbox 2648 3995 2788 4062; x_wconf 84' lang='lat' dir='ltr'><strong>Ilios,</strong></span> <span class='ocrx_word' id='word_1_802' title='bbox 2819 3998 3007 4067; x_wconf 88' lang='lat' dir='ltr'><strong>inquit,</strong></span> <span class='ocrx_word' id='word_1_803' title='bbox 3038 4003 3238 4055; x_wconf 86' lang='lat' dir='ltr'><strong>amicos</strong></span> <span class='ocrx_word' id='word_1_804' title='bbox 3265 4003 3491 4068; x_wconf 89' lang='lat' dir='ltr'><strong>habebo,</strong></span> <span class='ocrx_word' id='word_1_805' title='bbox 3521 4005 3612 4074; x_wconf 88' lang='lat' dir='ltr'><strong>qui</strong></span> <span class='ocrx_word' id='word_1_806' title='bbox 3641 4007 3805 4060; x_wconf 86' lang='lat' dir='ltr'><strong>bene-</strong></span> 
     </span>
    </p>
   </div>
   <div class='ocr_carea' id='block_1_103' title="bbox 2224 4087 3800 4164">
    <p class='ocr_par' dir='ltr' id='par_1_103' title="bbox 2224 4087 3800 4164">
     <span class='ocr_line' id='line_1_103' title="bbox 2224 4087 3800 4164; baseline 0.009 -25"><span class='ocrx_word' id='word_1_807' title='bbox 2224 4087 2343 4140; x_wconf 86' lang='lat' dir='ltr'><strong>vole</strong></span> <span class='ocrx_word' id='word_1_808' title='bbox 2368 4101 2491 4156; x_wconf 85' lang='lat' dir='ltr'><strong>erga</strong></span> <span class='ocrx_word' id='word_1_809' title='bbox 2532 4095 2584 4141; x_wconf 90' lang='lat' dir='ltr'><strong>te</strong></span> <span class='ocrx_word' id='word_1_810' title='bbox 2619 4097 2776 4141; x_wconf 88' lang='lat' dir='ltr'><strong>erunt</strong></span> <span class='ocrx_word' id='word_1_811' title='bbox 2812 4088 2985 4144; x_wconf 70' lang='lat' dir='ltr'><strong>affecti</strong></span> <span class='ocrx_word' id='word_1_812' title='bbox 3009 4108 3024 4145; x_wconf 92' lang='lat'><strong>:</strong></span> <span class='ocrx_word' id='word_1_813' title='bbox 3051 4100 3105 4147; x_wconf 91' lang='lat' dir='ltr'><strong>et</strong></span> <span class='ocrx_word' id='word_1_814' title='bbox 3143 4092 3258 4148; x_wconf 85' lang='lat' dir='ltr'><strong>illos</strong></span> <span class='ocrx_word' id='word_1_815' title='bbox 3290 4095 3528 4150; x_wconf 85' lang='lat' dir='ltr'><strong>inimicos</strong></span> <span class='ocrx_word' id='word_1_816' title='bbox 3571 4096 3800 4164; x_wconf 82' lang='lat' dir='ltr'><strong>habebo,</strong></span> 
     </span>
    </p>
   </div>
   <div class='ocr_carea' id='block_1_104' title="bbox 2222 4175 3802 4256">
    <p class='ocr_par' dir='ltr' id='par_1_104' title="bbox 2222 4175 3802 4256">
     <span class='ocr_line' id='line_1_104' title="bbox 2222 4175 3802 4256; baseline 0.008 -27"><span class='ocrx_word' id='word_1_817' title='bbox 2222 4175 2311 4245; x_wconf 89' lang='lat' dir='ltr'><strong>qui</strong></span> <span class='ocrx_word' id='word_1_818' title='bbox 2342 4191 2464 4246; x_wconf 88' lang='lat' dir='ltr'><strong>erga</strong></span> <span class='ocrx_word' id='word_1_819' title='bbox 2486 4184 2539 4231; x_wconf 86' lang='lat' dir='ltr'><strong>te</strong></span> <span class='ocrx_word' id='word_1_820' title='bbox 2569 4179 2836 4232; x_wconf 88' lang='lat' dir='ltr'><strong>contrario</strong></span> <span class='ocrx_word' id='word_1_821' title='bbox 2862 4180 3021 4233; x_wconf 90' lang='lat' dir='ltr'><strong>modo</strong></span> <span class='ocrx_word' id='word_1_822' title='bbox 3047 4193 3204 4234; x_wconf 88' lang='lat' dir='ltr'><strong>erunt</strong></span> <span class='ocrx_word' id='word_1_823' title='bbox 3227 4183 3438 4238; x_wconf 83' lang='lat' dir='ltr'><strong>ali&#39;ecti:</strong></span> <span class='ocrx_word' id='word_1_824' title='bbox 3469 4187 3518 4239; x_wconf 90' lang='lat' dir='ltr'><strong>id</strong></span> <span class='ocrx_word' id='word_1_825' title='bbox 3543 4187 3687 4256; x_wconf 84' lang='lat' dir='ltr'><strong>quod</strong></span> <span class='ocrx_word' id='word_1_826' title='bbox 3718 4189 3802 4243; x_wconf 74' lang='lat' dir='ltr'><strong>vix</strong></span> 
     </span>
    </p>
   </div>
   <div class='ocr_carea' id='block_1_105' title="bbox 2223 4266 3806 4348">
    <p class='ocr_par' dir='ltr' id='par_1_105' title="bbox 2223 4266 3806 4348">
     <span class='ocr_line' id='line_1_105' title="bbox 2223 4266 3806 4348; baseline 0.009 -28"><span class='ocrx_word' id='word_1_827' title='bbox 2223 4266 2314 4320; x_wconf 88' lang='lat' dir='ltr'><strong>lilii</strong></span> <span class='ocrx_word' id='word_1_828' title='bbox 2343 4282 2465 4337; x_wconf 83' lang='lat' dir='ltr'><strong>erga</strong></span> <span class='ocrx_word' id='word_1_829' title='bbox 2497 4276 2674 4336; x_wconf 83' lang='lat' dir='ltr'><strong>patres</strong></span> <span class='ocrx_word' id='word_1_830' title='bbox 2703 4268 2999 4324; x_wconf 82' lang='lat' dir='ltr'><strong>faciendum</strong></span> <span class='ocrx_word' id='word_1_831' title='bbox 3027 4283 3292 4340; x_wconf 79' lang='lat' dir='ltr'><strong>putarent,</strong></span> <span class='ocrx_word' id='word_1_832' title='bbox 3337 4285 3394 4329; x_wconf 91' lang='lat' dir='ltr'><strong>ut</strong></span> <span class='ocrx_word' id='word_1_833' title='bbox 3415 4278 3632 4332; x_wconf 72' lang='lat' dir='ltr'><strong>eosdem</strong></span> <span class='ocrx_word' id='word_1_834' title='bbox 3668 4297 3806 4348; x_wconf 69' lang='lat' dir='ltr'><strong>imos</strong></span> 
     </span>
    </p>
   </div>
   <div class='ocr_carea' id='block_1_106' title="bbox 2221 4356 3803 4438">
    <p class='ocr_par' dir='ltr' id='par_1_106' title="bbox 2221 4356 3803 4438">
     <span class='ocr_line' id='line_1_106' title="bbox 2221 4356 3803 4438; baseline 0.009 -28"><span class='ocrx_word' id='word_1_835' title='bbox 2221 4356 2296 4411; x_wconf 86' lang='lat' dir='ltr'><strong>illi</strong></span> <span class='ocrx_word' id='word_1_836' title='bbox 2324 4357 2580 4412; x_wconf 84' lang='lat' dir='ltr'><strong>haberent</strong></span> <span class='ocrx_word' id='word_1_837' title='bbox 2606 4358 2806 4412; x_wconf 83' lang='lat' dir='ltr'><strong>amicos</strong></span> <span class='ocrx_word' id='word_1_838' title='bbox 2833 4366 2889 4414; x_wconf 87' lang='lat' dir='ltr'><strong>et</strong></span> <span class='ocrx_word' id='word_1_839' title='bbox 2913 4361 3176 4416; x_wconf 89' lang='lat' dir='ltr'><strong>inimicos.</strong></span> <span class='ocrx_word' id='word_1_840' title='bbox 3209 4363 3438 4420; x_wconf 79' lang='lat' dir='ltr'><strong>Maxima</strong></span> <span class='ocrx_word' id='word_1_841' title='bbox 3459 4407 3474 4429; x_wconf 86' lang='lat'><strong>,</strong></span> <span class='ocrx_word' id='word_1_842' title='bbox 3506 4366 3726 4438; x_wconf 87' lang='lat' dir='ltr'><strong>dilecti,</strong></span> <span class='ocrx_word' id='word_1_843' title='bbox 3751 4371 3803 4424; x_wconf 92' lang='lat' dir='ltr'><strong>in</strong></span> 
     </span>
    </p>
   </div>
   <div class='ocr_carea' id='block_1_107' title="bbox 2221 4445 3808 4525">
    <p class='ocr_par' dir='ltr' id='par_1_107' title="bbox 2221 4445 3808 4525">
     <span class='ocr_line' id='line_1_107' title="bbox 2221 4445 3808 4525; baseline 0.01 -26"><span class='ocrx_word' id='word_1_844' title='bbox 2221 4447 2575 4516; x_wconf 82' lang='lat' dir='ltr'><strong>patriarcbam</strong></span> <span class='ocrx_word' id='word_1_845' title='bbox 2604 4448 2694 4504; x_wconf 89' lang='lat' dir='ltr'><strong>Dei</strong></span> <span class='ocrx_word' id='word_1_846' title='bbox 2718 4450 2832 4505; x_wconf 71' lang='lat' dir='ltr'><strong>inec</strong></span> <span class='ocrx_word' id='word_1_847' title='bbox 2856 4461 2935 4505; x_wconf 89' lang='lat' dir='ltr'><strong>est</strong></span> <span class='ocrx_word' id='word_1_848' title='bbox 2963 4451 3351 4510; x_wconf 78' lang='lat' dir='ltr'><strong>benevolentia.</strong></span> <span class='ocrx_word' id='word_1_849' title='bbox 3379 4454 3504 4511; x_wconf 81' lang='lat' dir='ltr'><strong>Illos</strong></span> <span class='ocrx_word' id='word_1_850' title='bbox 3527 4462 3695 4525; x_wconf 88' lang='lat' dir='ltr'><strong>enim,</strong></span> <span class='ocrx_word' id='word_1_851' title='bbox 3726 4445 3808 4514; x_wconf 75' lang='lat' dir='ltr'><strong>in-</strong></span> 
     </span>
    </p>
   </div>
   <div class='ocr_carea' id='block_1_108' title="bbox 2221 4536 3808 4610">
    <p class='ocr_par' dir='ltr' id='par_1_108' title="bbox 2221 4536 3808 4610">
     <span class='ocr_line' id='line_1_108' title="bbox 2221 4536 3808 4610; baseline 0.011 -20"><span class='ocrx_word' id='word_1_852' title='bbox 2221 4537 2354 4608; x_wconf 90' lang='lat' dir='ltr'><strong>quit,</strong></span> <span class='ocrx_word' id='word_1_853' title='bbox 2384 4536 2715 4600; x_wconf 85' lang='lat' dir='ltr'><strong>benedicam,</strong></span> <span class='ocrx_word' id='word_1_854' title='bbox 2740 4542 2828 4610; x_wconf 90' lang='lat' dir='ltr'><strong>qui</strong></span> <span class='ocrx_word' id='word_1_855' title='bbox 2855 4542 3169 4597; x_wconf 90' lang='lat' dir='ltr'><strong>bcnedicent</strong></span> <span class='ocrx_word' id='word_1_856' title='bbox 3195 4545 3288 4600; x_wconf 90' lang='lat' dir='ltr'><strong>tibi</strong></span> <span class='ocrx_word' id='word_1_857' title='bbox 3315 4562 3328 4598; x_wconf 91' lang='lat'><strong>:</strong></span> <span class='ocrx_word' id='word_1_858' title='bbox 3355 4554 3410 4600; x_wconf 90' lang='lat' dir='ltr'><strong>et</strong></span> <span class='ocrx_word' id='word_1_859' title='bbox 3433 4548 3554 4601; x_wconf 90' lang='lat' dir='ltr'><strong>illos</strong></span> <span class='ocrx_word' id='word_1_860' title='bbox 3583 4552 3808 4608; x_wconf 84' lang='lat' dir='ltr'><strong>maledi-</strong></span> 
     </span>
    </p>
   </div>
   <div class='ocr_carea' id='block_1_109' title="bbox 2220 4630 3807 4700">
    <p class='ocr_par' dir='ltr' id='par_1_109' title="bbox 2220 4630 3807 4700">
     <span class='ocr_line' id='line_1_109' title="bbox 2220 4630 3807 4700; baseline 0.01 -17"><span class='ocrx_word' id='word_1_861' title='bbox 2220 4645 2361 4696; x_wconf 87' lang='lat' dir='ltr'><strong>cam,</strong></span> <span class='ocrx_word' id='word_1_862' title='bbox 2387 4631 2477 4700; x_wconf 88' lang='lat' dir='ltr'><strong>qui</strong></span> <span class='ocrx_word' id='word_1_863' title='bbox 2506 4630 2825 4686; x_wconf 82' lang='lat' dir='ltr'><strong>maledi&#39;eent</strong></span> <span class='ocrx_word' id='word_1_864' title='bbox 2848 4633 2942 4687; x_wconf 88' lang='lat' dir='ltr'><strong>tibi</strong></span> <span class='ocrx_word' id='word_1_865' title='bbox 2974 4651 2987 4686; x_wconf 95' lang='lat'>:</span> <span class='ocrx_word' id='word_1_866' title='bbox 3022 4635 3087 4688; x_wconf 83' lang='lat' dir='ltr'><strong>Et</strong></span> <span class='ocrx_word' id='word_1_867' title='bbox 3107 4635 3456 4692; x_wconf 77' lang='lat' dir='ltr'><strong>benedicentur</strong></span> <span class='ocrx_word' id='word_1_868' title='bbox 3481 4641 3537 4692; x_wconf 81' lang='lat' dir='ltr'><strong>in</strong></span> <span class='ocrx_word' id='word_1_869' title='bbox 3561 4650 3608 4696; x_wconf 85' lang='lat' dir='ltr'><strong>te</strong></span> <span class='ocrx_word' id='word_1_870' title='bbox 3630 4661 3807 4699; x_wconf 83' lang='lat' dir='ltr'><strong>omnes</strong></span> 
     </span>
    </p>
   </div>
   <div class='ocr_carea' id='block_1_110' title="bbox 2223 4719 3806 4788">
    <p class='ocr_par' dir='ltr' id='par_1_110' title="bbox 2223 4719 3806 4788">
     <span class='ocr_line' id='line_1_110' title="bbox 2223 4719 3806 4788; baseline 0.012 -18"><span class='ocrx_word' id='word_1_871' title='bbox 2223 4719 2378 4772; x_wconf 84' lang='lat' dir='ltr'><strong>tribus</strong></span> <span class='ocrx_word' id='word_1_872' title='bbox 2404 4729 2568 4773; x_wconf 69' lang='lat' dir='ltr'><strong>terra.</strong></span> <span class='ocrx_word' id='word_1_873' title='bbox 2599 4719 2735 4775; x_wconf 86' lang='lat' dir='ltr'><strong>Ecce</strong></span> <span class='ocrx_word' id='word_1_874' title='bbox 2764 4731 2819 4776; x_wconf 89' lang='lat' dir='ltr'><strong>et</strong></span> <span class='ocrx_word' id='word_1_875' title='bbox 2847 4723 3064 4778; x_wconf 82' lang='lat' dir='ltr'><strong>alterius</strong></span> <span class='ocrx_word' id='word_1_876' title='bbox 3092 4725 3427 4783; x_wconf 80' lang='lat' dir='ltr'><strong>liberalitatis</strong></span> <span class='ocrx_word' id='word_1_877' title='bbox 3464 4728 3806 4788; x_wconf 84' lang='lat' dir='ltr'><strong>additamen-</strong></span> 
     </span>
    </p>
   </div>
   <div class='ocr_carea' id='block_1_111' title="bbox 2220 4809 3807 4884">
    <p class='ocr_par' dir='ltr' id='par_1_111' title="bbox 2220 4809 3807 4884">
     <span class='ocr_line' id='line_1_111' title="bbox 2220 4809 3807 4884; baseline 0.013 -22"><span class='ocrx_word' id='word_1_878' title='bbox 2220 4815 2352 4863; x_wconf 91' lang='lat' dir='ltr'><strong>tum.</strong></span> <span class='ocrx_word' id='word_1_879' title='bbox 2393 4809 2593 4865; x_wconf 88' lang='lat' dir='ltr'><strong>Omnes</strong></span> <span class='ocrx_word' id='word_1_880' title='bbox 2617 4812 2758 4866; x_wconf 90' lang='lat' dir='ltr'><strong>cnim</strong></span> <span class='ocrx_word' id='word_1_881' title='bbox 2785 4813 2951 4868; x_wconf 88' lang='lat' dir='ltr'><strong>tribus</strong></span> <span class='ocrx_word' id='word_1_882' title='bbox 2998 4824 3155 4871; x_wconf 72' lang='lat' dir='ltr'><strong>terrm</strong></span> <span class='ocrx_word' id='word_1_883' title='bbox 3197 4820 3485 4884; x_wconf 90' lang='lat' dir='ltr'><strong>enitentur,</strong></span> <span class='ocrx_word' id='word_1_884' title='bbox 3532 4833 3590 4876; x_wconf 92' lang='lat' dir='ltr'><strong>ut</strong></span> <span class='ocrx_word' id='word_1_885' title='bbox 3620 4824 3673 4878; x_wconf 91' lang='lat' dir='ltr'><strong>in</strong></span> <span class='ocrx_word' id='word_1_886' title='bbox 3712 4835 3807 4882; x_wconf 91' lang='lat' dir='ltr'><strong>tuo</strong></span> 
     </span>
    </p>
   </div>
   <div class='ocr_carea' id='block_1_112' title="bbox 2220 4899 3805 4979">
    <p class='ocr_par' dir='ltr' id='par_1_112' title="bbox 2220 4899 3805 4979">
     <span class='ocr_line' id='line_1_112' title="bbox 2220 4899 3805 4979; baseline 0.011 -26"><span class='ocrx_word' id='word_1_887' title='bbox 2220 4899 2437 4955; x_wconf 88' lang='lat' dir='ltr'><strong>nomine</strong></span> <span class='ocrx_word' id='word_1_888' title='bbox 2460 4901 2858 4972; x_wconf 85' lang='lat' dir='ltr'><strong>benedicantur,</strong></span> <span class='ocrx_word' id='word_1_889' title='bbox 2881 4913 2936 4959; x_wconf 87' lang='lat' dir='ltr'><strong>et</strong></span> <span class='ocrx_word' id='word_1_890' title='bbox 2959 4919 3048 4961; x_wconf 85' lang='lat' dir='ltr'><strong>res</strong></span> <span class='ocrx_word' id='word_1_891' title='bbox 3071 4920 3196 4962; x_wconf 87' lang='lat' dir='ltr'><strong>suas</strong></span> <span class='ocrx_word' id='word_1_892' title='bbox 3219 4917 3306 4963; x_wconf 89' lang='lat' dir='ltr'><strong>tua</strong></span> <span class='ocrx_word' id='word_1_893' title='bbox 3325 4911 3689 4979; x_wconf 86' lang='lat' dir='ltr'><strong>appellatione</strong></span> <span class='ocrx_word' id='word_1_894' title='bbox 3709 4916 3805 4971; x_wconf 80' lang='lat' dir='ltr'><strong>ito-</strong></span> 
     </span>
    </p>
   </div>
   <div class='ocr_carea' id='block_1_113' title="bbox 2222 4991 2714 5046">
    <p class='ocr_par' dir='ltr' id='par_1_113' title="bbox 2222 4991 2714 5046">
     <span class='ocr_line' id='line_1_113' title="bbox 2222 4991 2714 5046; baseline 0.006 -4"><span class='ocrx_word' id='word_1_895' title='bbox 2222 4992 2481 5045; x_wconf 90' lang='lat' dir='ltr'><strong>nestiores</strong></span> <span class='ocrx_word' id='word_1_896' title='bbox 2503 4991 2714 5046; x_wconf 85' lang='lat' dir='ltr'><strong>faciant.</strong></span> 
     </span>
    </p>
   </div>
   <div class='ocr_carea' id='block_1_114' title="bbox 2293 5082 3807 5156">
    <p class='ocr_par' dir='ltr' id='par_1_114' title="bbox 2293 5082 3807 5156">
     <span class='ocr_line' id='line_1_114' title="bbox 2293 5082 3807 5156; baseline 0.011 -21"><span class='ocrx_word' id='word_1_897' title='bbox 2293 5082 2345 5136; x_wconf 89' lang='lat'><strong>5.</strong></span> <span class='ocrx_word' id='word_1_898' title='bbox 2373 5082 2629 5148; x_wconf 84' lang='lat' dir='ltr'><strong>Audistis,</strong></span> <span class='ocrx_word' id='word_1_899' title='bbox 2655 5083 2852 5148; x_wconf 87' lang='lat' dir='ltr'><strong>dilecti,</strong></span> <span class='ocrx_word' id='word_1_900' title='bbox 2875 5087 3046 5155; x_wconf 85' lang='lat' dir='ltr'><strong>qualia</strong></span> <span class='ocrx_word' id='word_1_901' title='bbox 3070 5087 3347 5156; x_wconf 85' lang='lat' dir='ltr'><strong>imperavit</strong></span> <span class='ocrx_word' id='word_1_902' title='bbox 3369 5091 3623 5146; x_wconf 88' lang='lat' dir='ltr'><strong>Dominus</strong></span> <span class='ocrx_word' id='word_1_903' title='bbox 3644 5094 3807 5152; x_wconf 79' lang='lat' dir='ltr'><strong>Chal-</strong></span> 
     </span>
    </p>
   </div>
   <div class='ocr_carea' id='block_1_115' title="bbox 2219 5169 3805 5252">
    <p class='ocr_par' dir='ltr' id='par_1_115' title="bbox 2219 5169 3805 5252">
     <span class='ocr_line' id='line_1_115' title="bbox 2219 5169 3805 5252; baseline 0.01 -27"><span class='ocrx_word' id='word_1_904' title='bbox 2219 5169 2338 5225; x_wconf 73' lang='lat' dir='ltr'><strong>daeo</strong></span> <span class='ocrx_word' id='word_1_905' title='bbox 2363 5171 2500 5238; x_wconf 84' lang='lat' dir='ltr'><strong>seni,</strong></span> <span class='ocrx_word' id='word_1_906' title='bbox 2524 5174 2611 5241; x_wconf 90' lang='lat' dir='ltr'><strong>qui</strong></span> <span class='ocrx_word' id='word_1_907' title='bbox 2642 5189 2814 5243; x_wconf 87' lang='lat' dir='ltr'><strong>neque</strong></span> <span class='ocrx_word' id='word_1_908' title='bbox 2843 5174 3010 5245; x_wconf 83' lang='lat' dir='ltr'><strong>legem</strong></span> <span class='ocrx_word' id='word_1_909' title='bbox 3034 5190 3274 5242; x_wconf 80' lang='lat' dir='ltr'><strong>noverat,</strong></span> <span class='ocrx_word' id='word_1_910' title='bbox 3307 5196 3476 5250; x_wconf 86' lang='lat' dir='ltr'><strong>neque</strong></span> <span class='ocrx_word' id='word_1_911' title='bbox 3509 5184 3805 5252; x_wconf 83' lang='lat' dir='ltr'><strong>propheta-</strong></span> 
     </span>
    </p>
   </div>
   <div class='ocr_carea' id='block_1_116' title="bbox 2221 5263 3802 5336">
    <p class='ocr_par' dir='ltr' id='par_1_116' title="bbox 2221 5263 3802 5336">
     <span class='ocr_line' id='line_1_116' title="bbox 2221 5263 3802 5336; baseline 0.011 -22"><span class='ocrx_word' id='word_1_912' title='bbox 2221 5276 2336 5314; x_wconf 87' lang='lat' dir='ltr'><strong>rum</strong></span> <span class='ocrx_word' id='word_1_913' title='bbox 2367 5263 2566 5331; x_wconf 82' lang='lat' dir='ltr'><strong>legerat</strong></span> <span class='ocrx_word' id='word_1_914' title='bbox 2593 5264 2836 5318; x_wconf 81' lang='lat' dir='ltr'><strong>vaticinia</strong></span> <span class='ocrx_word' id='word_1_915' title='bbox 2864 5266 2905 5329; x_wconf 71' lang='grc' dir='ltr'><strong>ί,</strong></span> <span class='ocrx_word' id='word_1_916' title='bbox 2934 5283 3105 5336; x_wconf 89' lang='lat' dir='ltr'><strong>neque</strong></span> <span class='ocrx_word' id='word_1_917' title='bbox 3133 5269 3291 5323; x_wconf 85' lang='lat' dir='ltr'><strong>ullam</strong></span> <span class='ocrx_word' id='word_1_918' title='bbox 3315 5272 3470 5326; x_wconf 83' lang='lat' dir='ltr'><strong>aliam</strong></span> <span class='ocrx_word' id='word_1_919' title='bbox 3500 5275 3802 5333; x_wconf 81' lang='lat' dir='ltr'><strong>doctrinam</strong></span> 
     </span>
    </p>
   </div>
   <div class='ocr_carea' id='block_1_117' title="bbox 2218 5354 3804 5436">
    <p class='ocr_par' dir='ltr' id='par_1_117' title="bbox 2218 5354 3804 5436">
     <span class='ocr_line' id='line_1_117' title="bbox 2218 5354 3804 5436; baseline 0.011 -32"><span class='ocrx_word' id='word_1_920' title='bbox 2218 5354 2539 5418; x_wconf 78' lang='lat' dir='ltr'><strong>acceperat?</strong></span> <span class='ocrx_word' id='word_1_921' title='bbox 2567 5354 2780 5408; x_wconf 82' lang='lat' dir='ltr'><strong>Vidistis</strong></span> <span class='ocrx_word' id='word_1_922' title='bbox 2805 5366 3000 5430; x_wconf 81' lang='lat' dir='ltr'><strong>quanta</strong></span> <span class='ocrx_word' id='word_1_923' title='bbox 3029 5371 3410 5429; x_wconf 57' lang='lat' dir='ltr'><strong>praeceptorum</strong></span> <span class='ocrx_word' id='word_1_924' title='bbox 3437 5366 3646 5419; x_wconf 74' lang='lat' dir='ltr'><strong>moles?</strong></span> <span class='ocrx_word' id='word_1_925' title='bbox 3665 5384 3804 5436; x_wconf 82' lang='lat' dir='ltr'><strong>quo-</strong></span> 
     </span>
    </p>
   </div>
   <div class='ocr_carea' id='block_1_118' title="bbox 2218 5443 3804 5522">
    <p class='ocr_par' dir='ltr' id='par_1_118' title="bbox 2218 5443 3804 5522">
     <span class='ocr_line' id='line_1_118' title="bbox 2218 5443 3804 5522; baseline 0.011 -27"><span class='ocrx_word' id='word_1_926' title='bbox 2218 5443 2378 5497; x_wconf 88' lang='lat' dir='ltr'><strong>modo</strong></span> <span class='ocrx_word' id='word_1_927' title='bbox 2401 5445 2467 5498; x_wconf 90' lang='lat' dir='ltr'><strong>ad</strong></span> <span class='ocrx_word' id='word_1_928' title='bbox 2495 5460 2557 5499; x_wconf 86' lang='lat' dir='ltr'><strong>ea</strong></span> <span class='ocrx_word' id='word_1_929' title='bbox 2585 5447 2905 5513; x_wconf 72' lang='lat' dir='ltr'><strong>perficienda</strong></span> <span class='ocrx_word' id='word_1_930' title='bbox 2935 5451 3146 5504; x_wconf 87' lang='lat' dir='ltr'><strong>sublimi</strong></span> <span class='ocrx_word' id='word_1_931' title='bbox 3175 5462 3228 5507; x_wconf 90' lang='lat' dir='ltr'><strong>et</strong></span> <span class='ocrx_word' id='word_1_932' title='bbox 3249 5455 3464 5522; x_wconf 65' lang='lat' dir='ltr'><strong>juvenili</strong></span> <span class='ocrx_word' id='word_1_933' title='bbox 3492 5461 3674 5514; x_wconf 84' lang='lat' dir='ltr'><strong>animo</strong></span> <span class='ocrx_word' id='word_1_934' title='bbox 3708 5462 3804 5515; x_wconf 75' lang='lat' dir='ltr'><strong>ha-</strong></span> 
     </span>
    </p>
   </div>
   <div class='ocr_carea' id='block_1_119' title="bbox 2218 5533 3799 5616">
    <p class='ocr_par' dir='ltr' id='par_1_119' title="bbox 2218 5533 3799 5616">
     <span class='ocr_line' id='line_1_119' title="bbox 2218 5533 3799 5616; baseline 0.009 -27"><span class='ocrx_word' id='word_1_935' title='bbox 2218 5533 2374 5589; x_wconf 87' lang='lat' dir='ltr'><strong>bebat</strong></span> <span class='ocrx_word' id='word_1_936' title='bbox 2396 5536 2571 5604; x_wconf 80' lang='lat' dir='ltr'><strong>opus?</strong></span> <span class='ocrx_word' id='word_1_937' title='bbox 2600 5536 2782 5592; x_wconf 80' lang='lat' dir='ltr'><strong>Videte</strong></span> <span class='ocrx_word' id='word_1_938' title='bbox 2806 5539 3027 5607; x_wconf 86' lang='lat' dir='ltr'><strong>posthac</strong></span> <span class='ocrx_word' id='word_1_939' title='bbox 3046 5551 3100 5596; x_wconf 90' lang='lat' dir='ltr'><strong>et</strong></span> <span class='ocrx_word' id='word_1_940' title='bbox 3127 5545 3436 5612; x_wconf 64' lang='lat' dir='ltr'><strong>patriarcha</strong></span> <span class='ocrx_word' id='word_1_941' title='bbox 3460 5549 3799 5616; x_wconf 88' lang='lat' dir='ltr'><strong>probitatem,</strong></span> 
     </span>
    </p>
   </div>
   <div class='ocr_carea' id='block_1_120' title="bbox 2284 5665 3802 5738">
    <p class='ocr_par' dir='ltr' id='par_1_120' title="bbox 2284 5665 3802 5738">
     <span class='ocr_line' id='line_1_120' title="bbox 2284 5665 3802 5738; baseline 0.012 -25"><span class='ocrx_word' id='word_1_942' title='bbox 2284 5666 2299 5700; x_wconf 75' lang='grc' dir='ltr'>ι</span> <span class='ocrx_word' id='word_1_943' title='bbox 2337 5665 2391 5738; x_wconf 81' lang='lat' dir='ltr'><strong>In</strong></span> <span class='ocrx_word' id='word_1_944' title='bbox 2412 5679 2608 5738; x_wconf 69' lang='lat' dir='ltr'><strong>graeco,</strong></span> <span class='ocrx_word' id='word_1_945' title='bbox 2631 5680 2720 5727; x_wconf 61' lang='grc' dir='ltr'><strong>ρῆτι</strong></span> <span class='ocrx_word' id='word_1_946' title='bbox 2740 5683 2934 5732; x_wconf 58' lang='grc' dir='ltr'><strong>κρυφίαις</strong></span> <span class='ocrx_word' id='word_1_947' title='bbox 2969 5684 3174 5736; x_wconf 69' lang='grc' dir='ltr'><strong>ιυπιάηι,</strong></span> <span class='ocrx_word' id='word_1_948' title='bbox 3197 5675 3333 5738; x_wconf 82' lang='lat' dir='ltr'><strong>quod</strong></span> <span class='ocrx_word' id='word_1_949' title='bbox 3368 5680 3514 5726; x_wconf 83' lang='lat' dir='ltr'><strong>etiam</strong></span> <span class='ocrx_word' id='word_1_950' title='bbox 3547 5679 3637 5728; x_wconf 89' lang='lat' dir='ltr'><strong>hoc</strong></span> <span class='ocrx_word' id='word_1_951' title='bbox 3657 5684 3802 5732; x_wconf 70' lang='lat' dir='ltr'><strong>mulo</strong></span> 
     </span>
    </p>
   </div>
   <div class='ocr_carea' id='block_1_121' title="bbox 2219 5736 3732 5803">
    <p class='ocr_par' dir='ltr' id='par_1_121' title="bbox 2219 5736 3732 5803">
     <span class='ocr_line' id='line_1_121' title="bbox 2219 5736 3732 5803; baseline 0.011 -28"><span class='ocrx_word' id='word_1_952' title='bbox 2219 5736 2388 5788; x_wconf 82' lang='lat' dir='ltr'><strong>posset</strong></span> <span class='ocrx_word' id='word_1_953' title='bbox 2411 5736 2742 5791; x_wconf 77' lang='lat' dir='ltr'><strong>interpretari,</strong></span> <span class='ocrx_word' id='word_1_954' title='bbox 2760 5743 2910 5794; x_wconf 73' lang='lat' dir='ltr'><strong>neque</strong></span> <span class='ocrx_word' id='word_1_955' title='bbox 2931 5746 3040 5784; x_wconf 79' lang='lat' dir='ltr'><strong>cum</strong></span> <span class='ocrx_word' id='word_1_956' title='bbox 3063 5736 3306 5798; x_wconf 74' lang='lat' dir='ltr'><strong>prophetis</strong></span> <span class='ocrx_word' id='word_1_957' title='bbox 3327 5747 3540 5790; x_wconf 74' lang='lat' dir='ltr'><strong>versatus</strong></span> <span class='ocrx_word' id='word_1_958' title='bbox 3557 5742 3732 5803; x_wconf 71' lang='lat' dir='ltr'><strong>fuerat.</strong></span> 
     </span>
    </p>
   </div>
  </div>
