4070 6386
243 366 347 419 289

232 467 508 537 quomodo
531 463 688 521 nobis
713 479 831 519 eam
862 461 1139 530 Scriptura
1168 460 1487 515 manil‘estet.
1522 459 1573 511 4.
1611 456 1675 509 Et
1707 472 1828 524 pro-

235 564 395 629 fectus
425 567 520 623 est,
567 558 755 626 inquit,
786 554 997 619 Abram,
1029 555 1158 607 sicut
1198 553 1431 620 loquutus
1467 560 1538 604 est
1568 549 1613 601 ei
1649 547 1831 600 Domi-

234 670 327 706 nus
359 652 517 717 Deus,
555 662 602 705 st
631 652 716 705 ivit
750 667 864 703 cum
904 666 962 703 eo
1007 648 1120 703 Lot.
1163 646 1277 702 Non
1319 644 1633 715 simpliciter
1675 641 1828 706 dixit,

237 742 303 794 Et
330 748 585 813 profectus
609 752 679 795 est
704 741 889 793 Abram
911 757 930 793 :
956 739 1069 806 sed,
1105 739 1250 793 Sicut
1277 738 1510 805 loquutus
1538 744 1609 788 est
1639 734 1685 788 ei
1719 732 1833 785 Do-

233 836 405 888 minus
437 834 593 888 Deus.
626 832 840 897 Omnia,
876 832 1066 901 inquit,
1111 829 1232 885 fecit
1262 845 1381 897 qua:
1413 827 1481 880 ad
1508 834 1833 895 praeceptum

236 928 338 980 huc
365 926 719 997 pertinebant.
754 925 895 977 Dixit
916 932 972 976 nt
991 922 1316 990 relinqueret
1336 918 1536 979 omnia,
1560 927 1616 971 et
1637 930 1834 984 cogna-

236 1022 436 1075 tionem
465 1030 519 1072 ει
545 1019 794 1083 domum;
825 1028 880 1072 et
906 1016 1137 1085 reliquit.
1173 1014 1313 1067 Dixit
1340 1022 1396 1065 ut
1425 1012 1525 1065 iret
1551 1011 1601 1063 in
1634 1018 1833 1063 terram

233 1127 392 1180 quam
422 1110 691 1164 nesciret:
731 1106 1138 1177 obtemperavit.
1182 1103 1434 1158 Promisit
1466 1102 1607 1156 Deus
1645 1114 1706 1155 se
1750 1096 1832 1153 fa-

232 1214 447 1256 cturum
491 1217 611 1256 eum
640 1200 691 1254 in
736 1208 949 1267 gentem
991 1210 1261 1265 magnam,
1290 1202 1347 1249 et
1388 1191 1830 1248 benedicturum:

231 1290 460 1345 credidit
489 1291 683 1344 Abram
714 1290 872 1342 etiam
906 1288 1007 1341 hoc
1036 1296 1376 1341 eventurum.
1402 1283 1552 1339 Sicut
1583 1282 1833 1350 loquutus

232 1393 316 1439 est
345 1385 393 1438 ei
426 1384 701 1446 Dominus,
734 1384 802 1435 ita
834 1380 1103 1450 profectus
1131 1387 1216 1434 est
1248 1395 1260 1431 :
1292 1377 1341 1430 id
1370 1384 1472 1442 est,
1515 1373 1742 1428 credidit
1768 1372 1835 1426 iis

231 1490 353 1543 qua:
380 1475 479 1527 sibi
502 1489 531 1527 a
561 1473 673 1527 Deo
696 1481 823 1527 sunt
850 1472 1011 1536 dicta,
1044 1470 1174 1524 nihil
1204 1468 1489 1529 ﬂuctuans,
1514 1464 1643 1518 nihil
1674 1462 1833 1517 dubi-

233 1576 373 1632 una,
406 1566 497 1620 sed
523 1566 732 1619 firmato
760 1565 939 1618 animo
969 1564 1037 1616 ita
1066 1562 1333 1630 profectus
1353 1569 1435 1614 est
1460 1578 1472 1614 :
1500 1558 1699 1613 idcirco
1728 1566 1781 1611 et
1803 1570 1832 1609 a

234 1658 461 1711 Domino
491 1672 735 1727 magnam
780 1656 1008 1710 obtinuit
1045 1655 1288 1725 gratiam.
1321 1652 1389 1707 Et
1414 1653 1521 1718 ivit,
1553 1650 1743 1720 inquit,
1787 1657 1834 1702 et

232 1748 333 1803 ιο(
368 1766 485 1801 cum
514 1766 596 1803 eo.
629 1753 806 1815 Quare
841 1763 963 1802 cum
1011 1748 1266 1800 Dominus
1293 1745 1486 1799 dixerit
1517 1762 1529 1798 :
1579 1742 1835 1812 Egredere

229 1842 295 1893 de
319 1850 453 1894 terra
479 1851 586 1905 tua,
617 1850 665 1894 et
686 1841 750 1893 de
769 1841 1069 1910 cognatione
1096 1849 1183 1891 tua
1205 1847 1251 1890 et
1277 1837 1340 1890 de
1364 1836 1515 1890 domo
1538 1834 1698 1904 patris
1718 1834 1791 1885 lui
1813 1847 1833 1895 ;

230 1931 375 1985 hunc
403 1931 735 2000 assumpsit?
781 1930 897 1983 Non
929 1928 1028 1982 fuit
1072 1927 1386 1982 inobedieus
1432 1925 1695 1980 Domino:
1738 1924 1832 1977 sed

230 2022 369 2078 forte
396 2023 516 2092 quia
543 2022 727 2091 juveni
757 2031 872 2074 erat
918 2020 1082 2090 patris
1113 2019 1234 2073 loco
1261 2018 1579 2089 prtefectus:
1614 2023 1667 2069 et
1705 2014 1830 2079 ille,

228 2115 301 2169 ob
341 2116 667 2185 singularem
714 2129 989 2178 amorem,
1038 2126 1355 2180 morumque
1403 2109 1751 2172 suavitatem,
1802 2120 1831 2159 a

227 2208 370 2275 justo
397 2206 577 2261 divelli
606 2206 794 2271 noluit,
835 2204 934 2259 hac
959 2203 1026 2259 de
1064 2217 1225 2258 causa
1255 2204 1454 2256 Abram
1498 2216 1619 2255 eum
1652 2198 1824 2253 relin-

226 2312 395 2367 quere
424 2296 637 2351 noluit:
673 2297 891 2365 insuper
934 2310 1056 2349 cum
1105 2293 1195 2347 lilii
1237 2293 1355 2347 loco
1396 2300 1579 2360 postea
1611 2288 1829 2353 habuit;

229 2390 530 2459 przesertim
559 2389 701 2460 quod
732 2399 838 2442 tam
880 2386 1196 2457 grandmvus
1232 2384 1437 2438 nullum
1464 2383 1638 2437 adhuc
1665 2380 1831 2435 habe-

228 2489 311 2534 ret
339 2480 505 2533 filium
547 2489 769 2549 propter
796 2478 945 2532 Sara:
993 2477 1352 2532 sterilitatem.
1388 2473 1634 2543 Alioquin
1670 2472 1832 2526 etiam

230 2585 413 2625 mores
456 2570 818 2624 adolescentis
847 2585 950 2623 non
977 2569 1201 2623 multum
1232 2582 1259 2619 a
1287 2566 1415 2634 justi
1444 2564 1708 2635 probitate
1741 2562 1835 2615 ab-

225 2672 401 2719 erant.
431 2662 564 2717 Nam
597 2663 699 2717 hoc
729 2663 899 2731 ipsum
930 2660 1093 2731 quod,
1116 2659 1405 2730 propositis
1426 2658 1473 2711 ei
1502 2656 1710 2710 duobus
1732 2654 1841 2707 fra-

226 2755 427 2822 tribus,
454 2755 569 2823 ipse
601 2753 748 2822 justo
783 2753 1105 2815 adita-reret,
1148 2761 1360 2821 quanta:
1391 2747 1685 2818 prudentia:
1716 2745 1833 2809 luit,

226 2844 733 2911 dijudicarenempe
755 2853 807 2896 et
836 2842 1144 2897 discernere
1172 2842 1256 2895 cui
1292 2850 1601 2909 patruorum
1625 2837 1705 2891 sui
1737 2852 1835 2891 cu-

228 2950 342 2989 ram
376 2936 686 3005 permittere
713 2934 972 2989 deberet?
1004 2934 1225 3003 insuper
1262 2943 1315 2988 et
1346 2931 1832 3003 peregrinationem

227 3027 446 3096 eligere,
492 3026 789 3080 honestatis
833 3040 1043 3081 morum
1083 3034 1200 3078 erat
1235 3024 1511 3077 indicium.
1551 3023 1680 3074 Nam
1714 3022 1837 3075 licet

228 3119 447 3174 tandem
491 3120 547 3173 in
586 3118 902 3189 quibusdam
934 3132 1148 3172 errasse
1176 3116 1435 3181 videatur,
1473 3116 1689 3185 quando
1736 3130 1835 3182 po-

228 3210 394 3264 tiores
424 3210 527 3263 sibi
568 3217 747 3276 partes
792 3208 1087 3276 usurpavit,
1118 3216 1354 3260 attamen
1387 3206 1665 3274 vestigium
1710 3204 1841 3272 justi

228 3300 483 3369 subsequi
508 3299 750 3368 proxime
774 3297 1043 3354 studebat.
1073 3303 1248 3368 Atque
1269 3297 1390 3351 ideo
1406 3297 1584 3365 justus
1605 3297 1754 3350 illum
1783 3296 1839 3350 in

230 3393 437 3448 socium
460 3393 668 3447 itineris
695 3396 920 3463 accepit,
949 3404 1003 3447 et
1030 3393 1146 3460 ipse
1183 3406 1374 3461 magna
1402 3390 1676 3445 alacritate
1720 3405 1841 3458 per-

232 3486 475 3554 egrinam
509 3484 669 3538 vitam
698 3484 1007 3540 domesticae
1036 3482 1283 3552 praetulit.
1320 3481 1486 3537 Porro
1516 3490 1573 3535 ut
1606 3482 1840 3535 sciamus

234 3577 349 3630 bare
377 3591 407 3628 a
442 3576 551 3631 Deo
580 3575 741 3630 fuisse
763 3576 1018 3644 imperata
1048 3571 1388 3643 patriarchae,
1412 3588 1516 3627 non
1541 3587 1660 3627 cum
1684 3572 1840 3641 juve-

233 3667 315 3720 nis
342 3676 508 3731 esset,
539 3666 632 3720 sed
656 3666 767 3735 jam
787 3666 853 3719 ad
883 3673 1154 3719 senectam
1184 3664 1446 3733 vergenti,
1480 3662 1694 3731 quando
1721 3664 1838 3731 ple-

235 3761 389 3829 rique
438 3760 713 3812 hominum
757 3756 824 3811 ad
870 3754 1316 3826 peregrinandum
1356 3754 1633 3823 segniores
1674 3762 1838 3821 sunt,

235 3853 405 3921 inquit
446 3870 458 3904 :
486 3852 675 3904 Abram
712 3861 882 3903 autent
910 3858 1017 3903 erat
1044 3863 1299 3901 annorum
1340 3847 1662 3915 septuaginta
1690 3845 1841 3914 quin-

236 3959 350 4009 que,
387 3942 593 4009 quando
635 3941 787 3994 exivit
813 3956 877 4018 ex
906 3938 1158 3993 Charran.
1192 3936 1413 3991 Vidistis
1443 3937 1715 4005 quomodo
1744 3951 1843 3990 nec

235 4046 369 4090 aetas
381 4037 431 4090 ei
454 4034 552 4089 fuit
578 4034 871 4097 obstaculo,
898 4047 1071 4101 neque
1091 4030 1234 4084 aliud
1256 4030 1507 4099 quiddam
1527 4029 1700 4097 potuit
1719 4044 1841 4082 eum

237 4129 480 4182 detinere
531 4135 588 4179 ut
625 4125 769 4179 domi
816 4124 1113 4178 resideret:
1156 4120 1250 4175 sed
1283 4121 1407 4174 vicit
1443 4119 1622 4173 omnia
1677 4119 1844 4189 ipsius

238 4222 290 4274 in
323 4221 489 4273 Deum
522 4232 691 4271 amor.
726 4216 917 4268 Anima
948 4214 1089 4267 enim
1119 4212 1342 4278 vigilans
1368 4220 1424 4265 et
1446 4210 1624 4265 sobria
1650 4220 1843 4264 cuncta

239 4308 508 4376 abrumpit
538 4306 937 4375 impedimenta,
982 4312 1197 4370 totaque
1237 4300 1294 4353 lit
1325 4300 1440 4369 ejus
1471 4315 1629 4368 quem
1675 4308 1841 4365 amat,

239 4410 293 4457 et
317 4417 345 4453 a
378 4400 523 4453 nullo
553 4397 695 4468 quod
729 4397 779 4449 in
821 4395 996 4449 medio
1024 4393 1242 4446 difficile
1270 4401 1545 4460 appareat,
1582 4390 1841 4444 retardari

238 4508 297 4548 se
337 4493 535 4561 patitur
564 4506 578 4541 ι
613 4489 706 4541 sed
741 4488 917 4539 omnia
962 4486 1217 4550 pra-terit,
1248 4498 1348 4536 nec
1374 4480 1616 4535 subsistit
1658 4481 1840 4549 prius-

240 4597 399 4652 quam
428 4595 485 4635 re
525 4578 823 4647 desiderata
855 4576 1105 4644 potiatur.
1139 4574 1427 4642 Propterea
1462 4579 1519 4626 et
1542 4571 1717 4639 justus
1745 4573 1845 4623 iste

242 4688 419 4742 neque
448 4679 742 4733 senectute,
767 4682 940 4737 neque
960 4665 1078 4719 aliis
1108 4664 1347 4733 pluribus
1371 4663 1547 4718 causis
1572 4661 1844 4733 prohiberi

245 4766 435 4837 potuit,
466 4762 591 4833 quin
621 4760 868 4813 omnibus
893 4757 1148 4824 disruptis
1173 4756 1421 4821 vinculis,
1452 4756 1603 4826 quasi
1628 4755 1843 4824 juvenis

242 4868 296 4914 et
336 4862 493 4910 aztate
524 4854 743 4915 ﬂorens,
773 4848 925 4918 quasi
955 4863 983 4899 a
1033 4848 1178 4900 nullo
1209 4846 1529 4914 prohibitus,
1570 4845 1847 4900 festinaret

242 4960 297 5005 et
347 4945 628 5001 anhelaret
680 4940 891 4995 Domini
947 4948 1275 5007 prmceptnm
1330 4936 1606 5006 perlicere.
1663 4936 1847 5004 Neque

244 5040 387 5095 enim
421 5034 674 5105 possibile
704 5041 807 5097 est,
838 5040 893 5084 ut
929 5044 1041 5083 rem
1090 5027 1282 5082 fortem
1322 5037 1377 5082 et
1414 5028 1682 5097 egregiam
1726 5026 1847 5096 quis

249 5145 499 5199 umquam
528 5127 682 5180 aliter
714 5124 891 5187 faciat,
918 5122 1016 5174 nisi
1042 5128 1197 5174 antea
1232 5119 1494 5174 adversus
1520 5119 1699 5172 omnia
1726 5135 1848 5188 quae

245 5219 513 5291 ejusmodi
552 5217 763 5271 conatui
795 5215 1059 5269 obsistere
1090 5220 1334 5280 possunt,
1378 5225 1439 5265 se
1467 5220 1639 5264 armet
1669 5219 1723 5264 et
1761 5210 1846 5264 in-

248 5322 437 5369 struat.
484 5311 595 5364 lloc
624 5308 808 5376 utique
846 5306 991 5359 clare
1032 5304 1207 5359 sciens
1235 5304 1408 5372 justus
1445 5303 1556 5369 ille,
1598 5302 1849 5357 omnibus

252 5401 557 5474 pra-teritis,
602 5414 707 5452 non
748 5396 967 5449 curabat
996 5397 1079 5450 vel
1124 5394 1583 5456 consuetudinem,
1629 5393 1712 5447 vel
1753 5391 1849 5447 do-

250 5515 395 5554 mum
424 5503 723 5567 paternam,
749 5490 827 5543 vel
852 5490 1176 5557 sepulcrum,
1202 5489 1280 5542 vel
1304 5496 1632 5541 senectutem
1656 5486 1845 5554 ipsam,

252 5594 345 5649 sed
375 5594 427 5645 in
471 5592 573 5644 hoc
608 5588 888 5641 dumtaxat
930 5582 1123 5651 figebat
1153 5591 1409 5648 mentem,
1442 5580 1711 5651 quomodo
1752 5581 1851 5635 im-

258 5689 404 5756 plere
433 5692 611 5753 posset
633 5680 770 5750 quod
802 5695 829 5729 a
865 5677 1087 5730 Domino
1119 5675 1287 5729 fuerat
1317 5679 1654 5743 imperatum.
1683 5673 1747 5727 Et
1776 5674 1853 5726 vi-

254 5780 383 5834 dere
420 5787 533 5832 erat
583 5790 697 5829 rem
733 5788 926 5843 inagno
969 5772 1200 5841 periculo
1230 5769 1759 5841 plcnam,hominem
1796 5765 1850 5825 in

1310 345 1374 401 IN
1413 345 1565 400 CAP.
1609 343 1721 397 XII.
1767 339 2011 396 GENES.
2056 340 2290 394 IIOMIL.
2335 340 2529 396 XXXI.

3443 343 3549 399 290

1944 455 2343 521 provectissima
2384 464 2621 519 senecta,
2668 468 2789 509 cum
2820 469 2987 509 uxore
3013 455 3172 509 etiam
3218 457 3329 525 ipsa
3380 460 3553 512 (etatis

1942 553 2208 614 provecta:
2234 555 2288 599 et
2312 545 2491 598 multis
2517 544 2728 598 famulis
2754 560 2815 599 se
2841 546 2946 599 alio
2969 546 3280 605 transferre.
3308 548 3546 601 nescium

1944 637 2159 689 ubinam
2187 635 2401 689 errandi
2446 634 2654 690 futurus
2696 635 2816 691 finis
2856 646 3021 691 esset.
3056 637 3207 704 Quod
3252 639 3298 693 si
3340 640 3461 708 quis
3500 650 3555 693 et

1942 729 2073 783 illud
2118 728 2407 797 prudenter
2445 728 2733 798 expendat,
2767 739 2982 799 quantae
3020 745 3115 798 per
3160 729 3291 785 illud
3339 741 3553 799 tempus

1945 819 2150 874 viarum
2190 818 2535 874 difficultates
2576 828 2770 875 erant:
2804 836 2979 890 neque
3006 820 3175 884 enim,
3216 823 3358 876 sicut
3386 839 3549 888 initae,

1943 909 2138 966 licebat
2165 911 2429 980 impavide
2458 927 2581 966 cum
2607 912 2726 966 aliis
2755 914 2979 979 versari,
3015 924 3069 969 et
3099 924 3203 969 tam
3238 916 3394 971 facile
3421 933 3549 985 pro-

1940 999 2199 1056 fectiones
2224 1002 2520 1072 suscipere,
2550 1018 2672 1058 cum
2701 1004 2910 1074 singula
2942 1004 3057 1059 loca
3090 1008 3321 1075 propriis
3351 1008 3550 1077 princi-

1940 1092 2151 1161 patibus
2179 1092 2428 1148 distincta
2452 1103 2654 1160 essent,
2680 1110 3009 1166 necesseque
3036 1107 3179 1151 esset
3211 1098 3310 1151 iter
3338 1100 3550 1167 agenti-

1938 1181 2041 1237 bus
2066 1183 2134 1236 ab
2163 1183 2282 1237 aliis
2310 1183 2378 1238 ad
2402 1184 2536 1241 alios
2564 1186 2832 1256 principes
2858 1188 3109 1253 transire,
3138 1198 3192 1242 et
3210 1187 3332 1253 fere
3367 1190 3551 1259 quoti-

1939 1272 2027 1329 die
2053 1274 2120 1328 de
2144 1288 2310 1344 regno
2348 1275 2399 1330 in
2428 1292 2649 1347 regnum
2690 1279 2982 1349 progredi:
3014 1290 3129 1334 erat
3168 1281 3328 1350 igitur
3363 1292 3416 1336 et
3448 1280 3553 1339 hoc

1940 1366 2275 1422 obstaculum
2313 1367 2479 1437 justo,
2531 1370 2631 1424 nisi
2679 1379 2883 1424 tantum
2934 1371 3211 1428 habuisset
3252 1376 3455 1429 amoris
3496 1386 3553 1430 et

1941 1458 2189 1513 mandata
2219 1460 2527 1529 perficiendi
2557 1461 2906 1517 desiderium.
2931 1462 3131 1518 Verum
3159 1465 3410 1520 ouinibus
3443 1466 3548 1521 illis

1941 1549 2360 1619 impedimentis,
2412 1552 2564 1621 quasi
2608 1568 2822 1609 araneze
2869 1554 2991 1609 telae
3040 1565 3243 1621 essent,
3294 1558 3550 1626 disruptis

1940 1652 2227 1712 menteque
2272 1642 2376 1698 fide
2406 1643 2672 1709 roborata,
2715 1645 2884 1714 probe
2922 1645 3094 1701 fidens
3135 1647 3376 1717 dignitati
3418 1663 3547 1719 pro-

1939 1734 2220 1800 mittentis,
2265 1736 2365 1790 iter
2406 1751 2691 1807 aggressus
2735 1746 2839 1792 est.
2863 1737 2916 1792 5.
2979 1738 3047 1791 Et
3095 1741 3311 1809 accepit,
3353 1742 3545 1811 inquit,

1938 1827 2127 1881 Abram
2154 1829 2342 1883 Soram
2382 1846 2591 1883 uxorem
2619 1847 2766 1883 suam
2783 1871 2798 1893 ,
2828 1841 2875 1884 et
2907 1830 3002 1884 Lot
3049 1833 3214 1900 ﬁlium
3240 1833 3416 1902 fratris
3444 1835 3546 1899 sui,

1938 1925 2322 1990 universumque
2338 1922 2668 1976 substantiam
2698 1940 2850 1987 quam
2879 1925 3202 1991 possederant
3222 1927 3275 1979 in
3290 1925 3547 1993 Claarran,

1937 2018 1987 2062 et
2016 2008 2164 2063 exivit
2201 2020 2255 2062 ut
2287 2011 2689 2079 proﬁcisceretur
2716 2014 2768 2066 in
2794 2024 2980 2068 terram
3010 2014 3280 2075 Chanaan.

2015 2099 2069 2154 6.
2120 2100 2249 2155 Vide
2301 2100 2591 2171 Scriptura:
2635 2103 3017 2174 diligentiam,
3067 2106 3338 2176 quomodo
3389 2109 3552 2165 nobis

1938 2191 2117 2244 omnia
2163 2202 2379 2255 narrat,
2411 2204 2467 2247 ut
2498 2209 2592 2263 per
2616 2195 2796 2249 omnia
2821 2196 3091 2250 discamus
3126 2196 3260 2267 justi
3292 2198 3544 2267 pietatem

1938 2296 2001 2335 ac
2029 2282 2365 2352 religionem.
2397 2283 2622 2353 Accepit,
2657 2285 2827 2353 inquit
2853 2325 2869 2349 ,
2906 2285 3096 2340 Soram
3123 2303 3336 2342 uxorem
3359 2305 3506 2342 suam
3531 2331 3547 2355 ,

1940 2380 1984 2424 et
2011 2371 2108 2424 Lat
2130 2374 2295 2440 ﬁlium
2318 2378 2498 2444 fratris
2516 2375 2619 2441 sui,
2642 2376 3027 2445 universumque
3044 2377 3378 2433 substantiam
3398 2396 3551 2448 quant

1941 2463 2271 2531 possederant
2298 2465 2353 2517 in
2380 2465 2634 2520 Charran.
2675 2465 2793 2521 Non
2819 2468 3293 2537 simpliciterdixit
3320 2488 3332 2524 :
3362 2470 3551 2526 Omnia

1940 2569 2266 2625 quaecumque
2304 2557 2633 2625 possederant
2663 2558 2714 2611 in
2742 2559 2974 2613 Charran
3003 2578 3021 2615 :
3060 2562 3154 2615 sed
3187 2571 3244 2616 ut
3281 2561 3553 2619 discamus

1940 2644 2158 2700 nihilex
2196 2645 2350 2700 bonis
2378 2646 2681 2703 Chaldaicis
2723 2651 2996 2719 accepisse
3047 2653 3426 2720 patriarcham,
3456 2655 3551 2709 sed

1945 2737 2185 2805 paternis
2220 2737 2324 2791 illis
2353 2739 2603 2794 omnibus
2632 2740 2784 2795 fratri
2805 2742 3007 2796 relictis
3030 2744 3227 2798 exiisse
3247 2786 3262 2810 ,
3290 2760 3352 2798 ea
3375 2746 3550 2798 solent

1935 2841 2121 2884 secum
2146 2828 2406 2885 ferentem
2431 2846 2550 2901 quae
2574 2840 2631 2887 et
2651 2832 2704 2887 in
2725 2832 2963 2889 Charran
2995 2836 3324 2905 possidebat.
3356 2838 3422 2892 Et
3448 2838 3553 2893 hoc

1943 2918 2170 2975 faciebat
2204 2920 2287 2976 vir
2315 2920 2684 2989 admirandus,
2717 2938 2825 2981 non
2852 2926 2994 2995 quod
3030 2926 3121 2982 illa
3147 2929 3323 2997 magni
3352 2928 3555 2986 faceret

1944 3012 2026 3065 vel
2053 3012 2194 3080 quod
2225 3028 2419 3068 avarus
2439 3023 2585 3070 esset
2613 3029 2631 3069 :
2661 3015 2755 3070 sed
2775 3024 2831 3070 ut
2852 3032 2921 3073 ex
2948 3017 3290 3073 facultatibus
3309 3020 3413 3074 illis
3430 3036 3555 3090 pos-

1944 3113 2025 3157 set
2064 3104 2313 3157 omnibus
2342 3106 2546 3172 testari,
2579 3118 2775 3175 quanta
2810 3108 2904 3163 Dei
2942 3125 3068 3179 erga
3101 3125 3161 3165 se
3200 3111 3390 3165 fuisset
3428 3129 3554 3181 pro-

1945 3191 2198 3246 videntia.
2228 3194 2331 3260 Qui
2360 3196 2503 3248 enim
2534 3211 2599 3249 ex
2630 3204 2772 3251 terra
2801 3197 3320 3256 Chaldatorumeum
3345 3203 3553 3271 eduxit,

1944 3295 2000 3341 et
2042 3287 2233 3341 iterum
2264 3287 2385 3341 inde
2412 3288 2647 3355 migrare
2688 3289 2868 3357 jussit,
2928 3292 3045 3360 ipse
3091 3300 3146 3347 et
3199 3294 3556 3349 substantiam

1948 3378 2089 3431 illius
2121 3379 2358 3447 quotidie
2386 3380 2647 3449 augebat,
2679 3389 2734 3435 et
2759 3395 2975 3436 omnem
3004 3383 3306 3438 molestiam
3339 3386 3557 3442 aufere-

1946 3468 2055 3523 bat.
2098 3468 2283 3539 Itaque
2326 3455 2471 3539 quod
2510 3470 2627 3525 haec
2663 3484 2849 3526 secum
2900 3471 3087 3539 ferret,
3146 3484 3202 3529 et
3241 3491 3337 3545 per
3390 3486 3558 3533 totam

1946 3558 2087 3613 viam
2110 3559 2187 3613 sic
2224 3560 2559 3628 procederet,
2588 3561 2859 3631 specimen
2888 3572 3006 3617 erat
3045 3564 3145 3632 pia:
3186 3565 3561 3637 religiosaque

1948 3656 2162 3707 mentis.
2193 3651 2526 3719 Quicumque
2551 3652 2695 3706 enim
2717 3668 2841 3707 eum
2862 3654 3101 3721 videbat,
3125 3656 3319 3711 merito
3342 3672 3560 3713 causam

1948 3740 2283 3812 inquirebat,
2318 3758 2484 3812 quare
2520 3742 2700 3812 justus
2747 3744 2837 3799 ille
2864 3746 3315 3814 peregrinaretur.
3360 3747 3564 3804 Deinde

1949 3832 2270 3902 intelligens,
2301 3848 2424 3887 eum
2450 3832 2602 3901 jussu
2628 3833 2722 3888 Dei
2750 3834 2803 3887 in
2832 3834 3063 3889 alienam
3090 3844 3288 3890 terram
3310 3878 3325 3901 ,
3353 3838 3559 3893 relictis

1950 3927 2180 3996 prOpriis
2202 3966 2215 3988 ,
2244 3926 2497 3992 transire,
2529 3941 2625 3996 per
2652 3942 2817 3995 opera
2851 3926 2965 3995 ipsa
2997 3927 3291 3981 docebatur
3307 3939 3360 3983 et
3388 3929 3563 3983 disce-

1950 4019 2042 4075 bat
2064 4036 2222 4090 quam
2250 4023 2331 4089 pia
2372 4030 2515 4075 esset
2559 4021 2689 4090 justi
2723 4021 3050 4080 obedientia.
3096 4032 3151 4075 et
3174 4039 3334 4091 quam
3377 4023 3565 4091 ingens

1953 4110 2045 4165 Dei
2076 4124 2204 4181 erga
2241 4111 2387 4164 illum
2413 4110 2767 4180 providentia.
2802 4110 2870 4163 Et
2898 4112 3071 4177 exiuit,
3099 4111 3289 4180 inquit,
3318 4124 3370 4164 ut
3399 4114 3563 4183 proﬁ-

1950 4202 2217 4256 cisceretur
2242 4208 2295 4255 in
2326 4214 2512 4256 terram
2540 4204 2807 4257 Chanaan.
2863 4204 3016 4258 Unde
3064 4205 3290 4269 sciebat,
3321 4206 3373 4260 in
3422 4216 3563 4260 terra

1950 4296 2374 4351 Chananzeorum
2410 4298 2647 4351 futurum
2671 4312 2792 4351 esse
2826 4312 2937 4350 suae
2975 4297 3421 4367 peregrinationis
3452 4309 3560 4353 ter-

1954 4389 2158 4443 minum
2183 4406 2196 4452 ;
2226 4390 2472 4459 quamvis
2496 4398 2826 4459 prazceptum
2852 4390 2922 4443 ita
2960 4404 3020 4443 se
3062 4391 3281 4445 haberet
3309 4410 3322 4445 :
3364 4391 3485 4445 Veni
3514 4394 3567 4447 in

1958 4493 2147 4536 terram
2172 4499 2327 4551 quam
2364 4494 2710 4537 monstravere
2739 4482 2868 4535 tibi?
2914 4481 3170 4537 Fortasse
3224 4484 3364 4537 Deus
3412 4485 3462 4538 ei
3515 4496 3569 4539 et

1954 4575 2055 4628 hoc
2076 4574 2422 4645 signiﬁcavit,
2464 4575 2707 4629 indicans
2734 4575 2900 4629 menti
2952 4574 3069 4644 ejus
3117 4585 3349 4639 terram,
3381 4577 3430 4630 in
3462 4594 3565 4647 qua

1955 4667 2128 4737 ipsum
2150 4666 2478 4721 constituere
2510 4666 2742 4723 volebat.
2778 4666 3067 4734 Propterea
3103 4666 3247 4720 enim
3279 4683 3400 4721 cum
3429 4683 3567 4737 pne-

1953 4760 2158 4828 ciperet
2186 4761 2234 4814 ei
2262 4801 2277 4826 ,
2307 4759 2587 4814 indeﬁnite
2618 4760 2866 4813 dicebat:
2909 4756 3033 4812 Veni
3079 4759 3132 4811 in
3179 4770 3365 4813 (errant
3417 4778 3570 4825 quant

1955 4864 2298 4907 monstravere
2340 4854 2447 4917 tibi,
2483 4861 2541 4908 nt
2584 4852 2737 4907 nobis
2784 4851 2913 4920 jusi
2966 4852 3221 4908 virtutem
3270 4852 3565 4923 detegeret.

1956 4942 2159 4997 Deinde
2184 4955 2464 5013 postquam
2488 4943 2578 4997 ille
2605 4942 2749 5012 quod
2790 4958 2946 4997 suum
2977 4951 3095 4997 erat
3115 4943 3330 4998 abunde
3358 4946 3558 5010 attulit,

1958 5048 2079 5087 mox
2112 5034 2251 5087 Deus
2276 5033 2324 5087 ei
2355 5034 2678 5102 signiﬁcavit
2702 5074 2716 5099 ,
2747 5034 2797 5087 in
2830 5049 2933 5103 qua
2962 5043 3103 5088 terra
3134 5035 3297 5089 Vellet
3322 5053 3445 5089 eum
3476 5039 3566 5089 ιιωι

1957 5125 2214 5179 micilium
2255 5124 2475 5179 habere.
2526 5124 2658 5192 Quia
2707 5126 2850 5180 enim
2896 5126 3123 5179 eximias
3164 5127 3293 5193 justi
3348 5129 3571 5181 virtutes

1958 5217 2310 5285 pra-videbat,
2364 5218 2563 5270 ideirco
2597 5233 2720 5273 eum
2757 5234 2822 5271 ex
2854 5232 2920 5271 eo
2947 5217 3066 5271 loco
3093 5218 3361 5284 evocavit,
3394 5228 3449 5273 et
3477 5238 3570 5274 ne-

1958 5322 2063 5377 que
2118 5308 2338 5361 fratrem
2387 5319 2444 5361 ut
2497 5309 2768 5376 acciperet
2812 5308 2975 5376 jussit
3017 5309 3314 5377 :quoniam
3356 5310 3571 5364 Volebat

1962 5402 2102 5456 hunc
2125 5401 2401 5455 doctorem
2430 5402 2541 5453 fieri
2570 5443 2583 5464 ,
2617 5417 2758 5454 nunc
2809 5401 3021 5469 quidem
3053 5400 3305 5454 omnibus
3335 5400 3571 5455 Palu-sti-

1961 5511 2083 5549 nam
2117 5494 2491 5557 incolentibus,
2518 5494 2674 5561 paulo
2706 5503 2823 5561 post
2862 5504 3041 5547 autem
3072 5494 3235 5545 etiam
3277 5492 3565 5562 {Egyptian

2042 5587 2159 5640 Non
2188 5588 2238 5639 in
2267 5597 2449 5639 natura
2471 5627 2484 5649 ,
2516 5586 2604 5639 sed
2634 5588 2685 5639 in
2730 5588 2986 5639 voluntate
3016 5588 3169 5639 virtus
3210 5596 3258 5638 et
3295 5586 3415 5637 vitia
3454 5598 3568 5639 sunt

1963 5679 2080 5732 sita.
2111 5709 2143 5718 -
2217 5676 2433 5731 Vidistis
2476 5677 2749 5746 quomodo
2778 5694 2883 5732 non
2920 5678 2970 5729 in
3006 5689 3190 5730 natura
3212 5719 3225 5741 ,
3258 5676 3352 5731 sed
3381 5677 3433 5730 in
3470 5693 3566 5729 vo-

1968 5770 2171 5825 luntate
2208 5778 2261 5825 et
2302 5769 2482 5823 animo
2518 5779 2703 5823 nostro
2735 5771 2834 5824 sita
2864 5775 2989 5823 sunt
3018 5778 3122 5822 tam
3156 5784 3272 5838 qua:
3310 5766 3377 5823 ad
3406 5780 3566 5824 virtu-
