4070 6404
537 359 635 415 θυι

535 476 662 522 teni.
689 477 847 532 quant
874 475 994 530 qua:
1036 459 1104 515 ad
1146 458 1270 513 vitia
1295 452 1600 528 pertineant?
1628 451 1765 506 Ecce
1792 457 1976 504 natura
1997 445 2120 516 qui-

535 558 854 611 demtratres
869 563 1045 618 erant,
1071 553 1184 620 ipse
1205 545 1500 618 patriarcha
1522 551 1575 598 et
1596 541 1827 605 Nachor,
1849 539 2121 592 voluntate

535 656 711 700 autem
744 660 850 699 non
883 643 1045 697 item:
1077 629 1170 696 sed
1196 641 1304 696 ille.
1336 637 1460 691 licet
1489 633 1654 689 frater
1682 631 1750 687 ad
1785 639 1985 684 tantam
2015 626 2119 680 vir-

535 747 705 792 tutem
728 734 1098 803 pervenisset,
1126 730 1302 784 adhuc
1321 740 1508 782 errore
1532 729 1934 793 praeoccupatus
1962 724 2077 772 erat
2103 727 2118 769 :

533 830 621 888 hic
641 837 815 882 autem
841 826 1092 881 omnibus
1109 821 1343 892 quotidie
1364 833 1459 888 per
1475 829 1637 887 Opera
1659 816 1772 884 ipsa
1791 807 2122 867 monstrabat

538 919 750 974 virtutis
779 931 890 970 sine
918 911 1212 970 secundum
1238 912 1404 966 Deum
1433 908 1780 962 incrementa.
1810 902 1862 957 6.
1888 898 2113 965 Etoenit,

537 1007 728 1078 inquit,
766 1007 818 1060 in
842 1016 1028 1060 trrram
1053 1003 1298 1058 Chanaan
1323 1039 1338 1067 ,
1368 1009 1412 1052 et
1435 996 1758 1068 pertrrmsirit
1781 994 1970 1064 Abram
2015 999 2118 1042 ter-

536 1077 645 1153 ram
671 1098 722 1151 in
745 1093 1110 1165 longitudinem
1131 1093 1240 1162 ejus
1269 1131 1284 1155 ,
1311 1105 1465 1160 usque
1484 1087 1553 1142 ad
1582 1086 1749 1141 locum
1775 1081 1991 1154 Sychem
2008 1121 2024 1144 ,
2052 1077 2122 1131 ad

537 1205 776 1259 quercum
805 1185 1070 1241 excelsam.
1106 1183 1270 1237 Docet
1299 1196 1398 1236 nos
1431 1179 1708 1259 Scriptum
1733 1173 1906 1232 locum
1946 1171 2120 1240 regio—

537 1281 643 1344 nis,
669 1281 720 1332 in
750 1293 859 1346 quo
886 1289 1031 1332 nunc
1053 1274 1230 1343 justus
1249 1271 1575 1335 domicilium
1604 1260 1851 1324 collocat.
1885 1260 2118 1325 Deinde.

535 1383 595 1426 ut
623 1371 852 1426 sciamus
895 1367 1168 1440 quomodo
1204 1381 1265 1423 se
1313 1366 1422 1420 illic
1463 1379 1549 1418 res
1595 1359 1883 1423 habebant,
1912 1353 2118 1424 inquit:

537 1467 813 1521 (Ihananazi
857 1476 1027 1520 autem
1061 1474 1180 1516 tunc
1217 1459 1564 1516 inhabitabant
1585 1468 1789 1508 terram.
1814 1450 1994 1520 Neque
2019 1448 2122 1502 hoc

535 1559 846 1628 simpliciter
869 1567 926 1614 et
965 1555 1166 1624 absque
1204 1563 1361 1605 causa
1390 1550 1576 1604 beatus
1605 1545 1778 1600 Moses
1800 1540 2117 1610 assignavit,

537 1650 630 1703 sed
662 1659 718 1702 ut
747 1649 1017 1702 discamus
1036 1647 1195 1699 etiam
1221 1642 1365 1701 illinc
1386 1649 1621 1694 mentem
1647 1631 1964 1705 patriarcha:
1999 1628 2122 1699 phi—

539 1738 861 1806 losophiczuu
889 1753 900 1788 :
925 1737 1050 1805 quia
1080 1745 1199 1787 cum
1247 1731 1361 1787 loca
1402 1729 1488 1784 illa
1532 1733 1898 1797 prazoccupata
1937 1729 2123 1777 essent

536 1845 564 1878 ει
590 1825 928 1890 Chananzeis,
948 1825 1235 1894 cogebatur
1259 1821 1409 1891 quasi
1431 1833 1594 1887 vagus
1616 1827 1667 1871 et
1697 1814 2008 1886 peregrinus
2025 1852 2040 1875 ,
2070 1819 2124 1865 et

534 1919 683 1986 quasi
711 1918 950 1986 ahjectns
973 1927 1026 1969 et
1054 1917 1173 1969 vilis
1198 1917 1359 1970 homo
1391 1911 1648 1967 diversari
1669 1951 1684 1973 ,
1708 1907 1824 1962 sine
1853 1905 1963 1961 ullo
1991 1904 2124 1959 forte

538 2009 784 2078 hospitio.
814 2009 1058 2066 Attamen
1101 2021 1272 2072 neque
1295 2004 1421 2056 illttd
1446 2003 1668 2056 noleste
1690 1997 1713 2051 f
1739 1998 1927 2059 rebat,
1952 2008 2124 2063 neque

534 2101 666 2154 dice'
689 2111 736 2153 at
771 2117 785 2152 :
809 2099 940 2165 Quid
974 2099 1071 2150 hoc
1097 2097 1211 2151 est?
1238 2111 1405 2165 egone
1433 2095 1522 2164 qui
1568 2101 1716 2146 tanto
1745 2105 1866 2144 cum
1888 2087 2119 2153 honore,

535 2199 590 2246 ct
613 2199 756 2244 tanta
778 2204 898 2245 eum
927 2188 1126 2248 familia
1158 2187 1377 2256 agebam
1408 2186 1459 2242 in
1484 2183 1721 2238 Charran
1747 2223 1760 2243 ,
1796 2193 1934 2233 nunc
1959 2191 2122 2246 cogor

539 2281 671 2336 sicut
693 2281 906 2334 civitate
925 2294 1114 2332 carens
1136 2319 1151 2342 ,
1183 2288 1236 2332 et
1259 2276 1590 2345 peregrinus,
1626 2281 1682 2328 et
1702 2271 1905 2326 advena
1935 2269 2120 2325 ubam-

540 2369 742 2431 bulare,
773 2367 931 2438 idque
980 2368 1166 2437 gratia:
1196 2368 1314 2421 loco
1350 2368 1569 2430 ducere,
1601 2372 1653 2418 et
1690 2362 1922 2431 quietem
1954 2360 2007 2414 in
2035 2359 2123 2414 vili

535 2473 780 2526 quan-ere
827 2457 1156 2523 diversorio;
1184 2467 1235 2512 et
1262 2472 1434 2524 neque
1467 2456 1569 2510 hoc
1605 2453 1841 2510 invenire
1881 2466 2121 2521 possum,

532 2549 626 2604 sed
653 2551 705 2602 in
729 2548 1082 2608 tabernaculis
1104 2557 1158 2603 et
1186 2547 1465 2616 tuguriolis
1493 2545 1692 2598 versari
1720 2584 1731 2606 .
1759 2543 1998 2611 aliasque
2025 2540 2122 2594 mi-

533 2641 702 2694 serias
745 2641 885 2695 terre
922 2641 1062 2709 cogit
1104 2652 1187 2692 me
1216 2638 1527 2692 necessitas.
1569 2635 1800 2688 Hoccine
1826 2642 1944 2697 est,
1975 2629 2122 2700 quod

534 2730 743 2784 dicebat
770 2747 784 2784 :
824 2729 962 2792 Veni,
984 2729 1234 2798 etfaciam
1251 2739 1297 2781 te
1323 2729 1372 2780 in
1391 2738 1585 2796 gentem
1607 2723 1877 2794 magnam?
1898 2721 2123 2778 Pulchra

535 2820 739 2874 scilicet
765 2822 1054 2889 praeludis;
1083 2819 1208 2890 quid
1234 2834 1399 2874 suave
1425 2818 1646 2888 posthac
1671 2815 2125 2884 exspectandum?

535 2913 600 2965 At
626 2911 757 2964 nihil
781 2910 882 2965 tale
901 2911 1114 2966 dicebat
1133 2912 1309 2979 justus
1338 2951 1356 2973 ,
1381 2925 1554 2977 neque
1578 2907 1894 2969 ﬂuctuabat;
1920 2906 2015 2961 sed
2037 2906 2122 2958 in-

535 3013 678 3071 tegra
709 3009 896 3057 mente
921 3009 980 3056 et
1003 2994 1237 3070 perfecta
1268 3000 1393 3064 fide,
1422 3000 1556 3061 bene
1583 2999 1751 3052 lidens
1772 2996 1866 3052 Dei
1896 2996 2125 3066 promis-

536 3091 630 3156 sis,
667 3091 890 3145 immoto
937 3090 1169 3160 perstitit
1206 3092 1420 3153 animo;
1465 3089 1606 3144 unde
1634 3089 1814 3148 statim
1839 3096 1894 3143 et
1931 3101 2122 3157 supcr-

539 3197 665 3237 nam
686 3182 1106 3237 consolationem
1138 3183 1381 3252 accipere
1409 3183 1622 3236 meruit.

606 3272 661 3327 7.
683 3272 894 3326 Moralis
917 3273 1493 3326 exbortatio.—Verum
1519 3287 1584 3325 ne
1613 3286 1918 3328 sermonem
1936 3270 2125 3341 pr0du°

531 3379 716 3417 ramus
744 3364 954 3432 longius
980 3404 994 3427 ,
1025 3363 1114 3418 hic
1138 3365 1187 3421 ei
1219 3365 1375 3419 finem
1405 3365 1773 3432 imponamus;
1801 3362 1930 3427 illud
1961 3377 2124 3418 unum

529 3463 746 3507 orantes
774 3455 1050 3514 caritatem
1097 3465 1328 3510 vestram
1355 3496 1372 3519 ,
1427 3464 1486 3508 ut
1534 3465 1768 3510 mentem
1807 3455 1936 3523 justi
1980 3454 2125 3511 illius

534 3547 832 3602 imitemini.
889 3549 1097 3602 Etenim
1145 3547 1582 3602 absurdissimnm
1609 3556 1789 3612 esset,
1819 3549 1865 3601 si
1891 3564 2010 3602 cum
2037 3549 2121 3616 ju-

533 3648 650 3690 stus
673 3638 779 3702 ille,
811 3639 876 3691 de
899 3649 1041 3694 terra
1091 3640 1144 3693 in
1184 3649 1378 3694 terram
1409 3652 1647 3706 vocatus,
1692 3650 1888 3694 tantam
1924 3655 2036 3709 pne
2064 3656 2123 3696 se

535 3729 718 3782 tulerit
756 3729 1137 3794 obedientiam,
1169 3719 1444 3800 et’neque
1490 3741 1760 3798 senectus,
1807 3747 1979 3799 neque
2019 3733 2123 3786 alia

533 3834 652 3884 qua:
682 3821 1114 3874 enumerat-imus
1155 3823 1568 3889 prmpedimenta
1590 3863 1603 3883 .
1628 3838 1800 3892 neque
1825 3831 2122 3892 temporum

535 3911 839 3973 difﬁcultas,
867 3928 1039 3981 neque
1072 3913 1173 3965 ulla
1207 3914 1329 3978 alia,
1353 3929 1471 3981 quae
1494 3917 1748 3970 remorari
1781 3915 1832 3983 ip
1863 3931 1950 3967 um
1973 3930 2127 3982 posse

539 4001 875 4068 videbantur,
928 4003 991 4054 ad
1043 4003 1396 4058 obedieudutn
1447 4005 1735 4058 tardiorem
1782 4021 1902 4058 cum
1951 4005 2128 4062 facere

537 4092 840 4158 potuerint;
871 4094 962 4145 sed
989 4094 1235 4146 omnibus
1264 4095 1492 4148 vinculis
1522 4096 1713 4162 ruptis,
1746 4097 2040 4150 cucurrerit
2072 4105 2128 4153 et

536 4182 867 4234 festinaverit
894 4197 1080 4248 senex,
1113 4183 1260 4251 quasi
1305 4184 1517 4251 juvenis
1563 4184 1848 4251 resumptis
1903 4185 2126 4250 viribus,

533 4281 935 4331 rumuxore,ct
983 4271 1158 4326 fratris
1207 4273 1336 4338 lilio,
1365 4283 1420 4326 et
1463 4274 1671 4327 famulis
1696 4315 1708 4326 .
1744 4286 1798 4327 ut
1847 4275 2129 4344 perlicieus

535 4376 698 4428 opere
733 4362 872 4430 quod
902 4363 1001 4414 sibi
1031 4379 1057 4414 a
1103 4363 1210 4417 Deo
1232 4363 1604 4418 demandatum
1633 4373 1747 4418 erat
1786 4384 1796 4417 :
1829 4381 1925 4419 nos
1946 4376 2124 4420 autent

535 4454 623 4520 qui
652 4468 756 4506 non
787 4453 854 4508 de
887 4461 1023 4509 terra
1053 4456 1104 4509 in
1151 4466 1349 4510 terram
1379 4471 1630 4511 vocamur
1652 4500 1664 4519 .
1699 4458 1791 4511 sed
1819 4458 1884 4512 de
1914 4469 2050 4513 terra
2074 4461 2126 4513 in

537 4546 746 4608 caelum,
782 4563 884 4601 non
935 4547 1177 4602 eamdem
1233 4564 1389 4615 quam
1435 4549 1525 4602 ille
1569 4549 1744 4616 justus
1797 4551 2126 4606 alacritatem

538 4635 834 4689 obedieudo
880 4637 1267 4703 exhibeamus,
1313 4638 1406 4692 sed
1455 4639 1669 4709 frigidas
1719 4641 2030 4708 plerumque
2073 4651 2130 4696 et

540 4726 750 4779 inutiles
771 4737 1120 4796 praetexamus
1157 4743 1380 4792 causas;
1413 4739 1464 4782 et
1495 4745 1664 4796 neque
1706 4746 1801 4781 nos
1837 4731 2128 4796 ρῐύιιιίεςον-

541 4829 656 4867 rum
684 4818 1011 4884 magnitudo,
1045 4834 1214 4885 neque
1269 4819 1548 4872 visibilium
1595 4834 1773 4872 rerum
1805 4819 2006 4885 vditas,
2036 4837 2126 4875 ne-

538 4921 644 4972 que
686 4908 823 4972 quod
874 4918 1099 4961 terrenae
1132 4910 1230 4961 illa:
1271 4911 1377 4962 sint
1415 4917 1469 4962 et
1509 4919 1918 4973 momentanete,
1954 4927 2128 4979 neque

540 4996 780 5049 vocantis
807 4995 1034 5065 dignitas
1057 5000 1189 5051 adeo
1235 4999 1464 5053 attrahat
1493 5016 1505 5050 ε
1534 4998 1626 5052 sed
1655 4999 1787 5053 adeo
1834 4999 2000 5054 simus
2037 5017 2129 5054 nec

540 5086 825 5154 gligentes,
860 5098 913 5140 ut
964 5089 1307 5155 praeferamus
1357 5097 1729 5143 momentanea
1773 5106 1986 5158 semper
2018 5107 2128 5144 ma-

541 5176 811 5242 nentibus,
867 5187 1061 5230 terram
1113 5182 1263 5243 ratio,
1311 5195 1371 5232 ea
1415 5194 1534 5248 qua:
1590 5181 1804 5234 avolant
1847 5193 2127 5251 antequam

542 5267 868 5333 habeantur,
899 5269 962 5321 iis
994 5286 1109 5338 qua:
1136 5287 1418 5339 nuutquam
1451 5272 1609 5325 finem
1629 5273 1865 5341 accipere
1890 5287 2126 5341 possunt.

540 5360 824 5426 Quousque
852 5361 991 5413 enim
1022 5402 1034 5422 ,
1064 5361 1182 5421 dic,
1216 5377 1415 5429 qu:r.so,
1449 5365 1516 5416 ita
1548 5364 1870 5417 insanictntts
1897 5367 1946 5420 iu
1973 5369 2126 5421 colli-

544 5449 728 5509 gendis
777 5453 1053 5517 pecuniis?
1100 5469 1221 5521 qua:
1270 5454 1440 5507 rabies
1479 5456 1620 5524 cogit
1660 5456 1896 5524 quotidie
1937 5473 1967 5510 a
2024 5469 2129 5521 tam

549 5538 769 5591 molesta
800 5545 1226 5610 concupiscentia
1260 5543 1516 5608 infestari,
1545 5555 1596 5598 et
1619 5561 1903 5612 numquam
1926 5550 2127 5613 satiari,

549 5625 637 5677 and
661 5627 895 5683 deterius
923 5632 1114 5686 habere
1141 5651 1296 5702 quam
1326 5635 1411 5703 qui
1445 5646 1560 5687 sunt
1612 5637 1740 5689 ebrii
1764 5637 1786 5687 1’
1826 5637 1954 5690 Nam
1996 5639 2131 5693 sicut

551 5707 625 5771 illi
654 5726 857 5784 quanto
893 5724 1057 5794 magis
1087 5741 1232 5779 mero
1276 5742 1330 5778 se
1385 5726 1715 5794 distendunt,
1773 5738 1914 5788 tanto
1961 5731 2126 5801 magis

1247 347 1304 403 S.
1341 342 1617 402 JOANNIS
1652 331 2132 395 CHRYSOSTOMI
2173 331 2489 388 ARCIIIEP.
2529 331 3063 389 CONSTANTINOP.

3703 327 3819 385 292

2229 442 2451 516 ﬂagrant
2486 443 2596 510 stti,
2617 453 2668 499 et
2693 445 2963 499 caminum
3000 443 3334 500 succendunt
3371 443 3712 514 graviorem:
3740 445 3822 497 ita

2231 534 2481 590 nimirum
2521 543 2577 589 et
2607 535 2694 589 isti
2735 533 2827 604 qui
2853 548 2974 589 sese
3016 533 3278 605 tyrannidi
3308 531 3545 587 avaritiae
3568 531 3824 600 subiece-

2228 637 2352 681 runt
2379 667 2394 692 ,
2457 625 2658 680 nullum
2713 623 3124 694 concupiscendi
3186 625 3344 678 linem
3395 623 3593 682 faciunt
3653 640 3668 676 :
3724 621 3825 677 sed

2225 726 2426 786 quanto
2463 717 2612 787 plura
2637 714 2881 781 afﬂuunt,
2905 725 3056 771 tanto
3086 714 3254 787 magis
3282 712 3494 770 flamma
3520 713 3735 778 crescit,
3763 721 3828 768 et

2225 809 2469 862 caminus
2492 806 2645 863 ardet
2673 805 2918 862 validius.
2960 804 3076 862 Non
3103 807 3345 862 videmus
3359 805 3503 877 quod
3531 805 3566 860 ii
3588 803 3682 876 qui
3697 814 3829 858 ante

2227 912 2327 953 nos
2353 897 2522 965 fuere,
2546 896 2789 968 quamvis
2819 895 3202 968 propemodum
3252 898 3415 952 totius
3442 895 3594 952 orbis
3617 892 3827 949 domini

2226 998 2431 1055 essent,
2459 989 2587 1044 nudi
2613 997 2669 1045 et
2694 987 2917 1044 solitarii
2945 1002 3014 1044 ex
3040 985 3143 1042 hac
3171 987 3278 1043 vita
3303 987 3514 1058 abrepti
3541 997 3688 1052 sunt,
3721 988 3830 1043 hoc

2227 1078 2399 1132 solum
2447 1077 2573 1134 inde
2609 1078 2925 1148 consequuti
2959 1077 3103 1149 quod
3153 1077 3388 1134 rationes
3431 1089 3486 1133 et
3521 1093 3697 1149 paena:
3729 1094 3831 1148 pro

2227 1172 2476 1227 omnibus
2501 1171 2612 1226 illic
2641 1170 2709 1226 ab
2731 1171 2814 1226 eis
2837 1167 3113 1249 exigenda:
3136 1170 3284 1225 sint?
3318 1170 3384 1224 Et
3405 1165 3621 1242 quidem
3649 1185 3829 1240 smpe-

2227 1275 2452 1316 numero
2486 1260 2684 1316 diversi
2728 1259 3013 1316 facultates
3049 1275 3238 1316 eorum
3271 1261 3416 1317 inter
3449 1276 3510 1317 se
3536 1261 3833 1317 distribue-

2229 1360 2390 1405 runt:
2421 1361 2636 1420 peccata
2664 1359 2843 1406 autem
2889 1364 2957 1406 ex
3006 1350 3110 1406 illis
3146 1359 3422 1407 contracta
3472 1347 3592 1422 ipse
3644 1350 3829 1409 solum

2227 1457 2410 1497 secum
2439 1442 2708 1510 auferens,
2747 1439 3010 1508 abscedit,
3039 1451 3095 1497 et
3121 1458 3219 1511 pro
3242 1443 3306 1498 iis
3334 1457 3541 1514 magna:
3584 1442 3831 1514 indigna-

2230 1533 2386 1587 tionis
2414 1532 2672 1604 supplicia
2695 1533 2987 1594 sustinens,
3013 1533 3379 1597 consolatione
3407 1533 3643 1602 undique
3661 1534 3833 1588 desti-
3888 1573 3893 1577 η

2229 1625 2410 1677 tuitur.
2441 1622 2617 1690 Quare
2647 1623 2824 1691 igitur,
2843 1623 2948 1689 dic,
2976 1637 3074 1678 oro
3101 1663 3118 1689 ,
3147 1633 3254 1678 tam
3279 1623 3613 1693 negligentes
3630 1624 3833 1679 salutis

2230 1726 2447 1784 nostra,
2475 1717 2548 1774 ita
2573 1719 2811 1787 segniter
2835 1716 3029 1770 animat
3054 1724 3252 1770 nostra:
3279 1714 3614 1770 consulimus
3631 1759 3646 1781 ,
3669 1717 3831 1785 quasi

2229 1810 2402 1864 aliena
2430 1817 2572 1864 esset
2592 1849 2607 1874 ,
2634 1818 2692 1863 et
2717 1825 2822 1862 non
2846 1817 3030 1863 nostra
3048 1808 3074 1860 ἲ
3101 1805 3216 1862 Non
3245 1807 3400 1862 audis
3428 1808 3702 1860 Christum
3729 1807 3822 1860 di-

2229 1910 2438 1956 contem
2469 1917 2482 1954 :
2511 1898 2675 1966 Quam
2704 1899 2842 1953 dabit
2893 1899 3046 1953 homo
3084 1899 3527 1954 commutationem
3573 1914 3669 1969 pro
3710 1900 3833 1968 apii.

2229 2008 2314 2043 ma
2359 2007 2452 2045 sua
2483 1989 2696 2063 (Matth.
2748 1989 2840 2045 16.
2882 1988 3014 2060 26)?
3048 1989 3114 2045 Et
3159 1991 3354 2046 iterum
3386 2006 3401 2042 :
3436 1990 3574 2057 Quid
3620 1991 3834 2060 prodest

2229 2081 2420 2133 homini
2438 2081 2479 2132 si
2511 2089 2668 2161 totum
2700 2075 2944 2133 mundum
2969 2079 3214 2146 lucretur,
3263 2081 3449 2134 anim
3500 2091 3671 2134 autem
3719 2097 3834 2135 sua

2228 2169 2578 2222 detrimentum
2626 2165 2853 2236 patiatur
2894 2170 2922 2223 .9
2970 2169 3109 2224 Num
3162 2171 3434 2241 quidpiam
3484 2170 3651 2227 habes
3700 2169 3834 2226 huic

2228 2257 2694 2329 mquiparandum?
2723 2259 2941 2316 Etiamsi
2988 2269 3155 2315 totum
3198 2262 3384 2316 orbem
3413 2261 3656 2327 dixeris,
3692 2262 3832 2318 nihil

2228 2351 2394 2406 dices.
2423 2353 2552 2417 Qua:
2580 2352 2722 2406 enim
2770 2352 3002 2419 utilitas,
3040 2353 3339 2422 sicutvdixit
3357 2352 3622 2422 Christus,
3655 2364 3832 2410 totum

2231 2443 2484 2498 mundum
2507 2443 2841 2507 lucrifacere,
2871 2447 3064 2499 animm
3091 2455 3270 2500 autem
3289 2446 3667 2502 detrimentum
3693 2450 3828 2518 pati,

2227 2550 2330 2604 qua
2377 2534 2508 2589 nihil
2542 2536 2696 2590 nobis
2737 2538 2906 2605 magis
2952 2537 3268 2606 proprium?
3301 2537 3492 2592 Verum
3543 2555 3661 2593 eam
3706 2556 3833 2610 qua:

2230 2635 2334 2682 tam
2358 2629 2585 2697 pretiosa
2607 2639 2709 2695 est,
2729 2629 2880 2697 cujus
2919 2639 3116 2682 tzuitam
3143 2645 3326 2686 curam
3355 2645 3515 2702 agere
3542 2632 3829 2698 debemus,

2230 2729 2286 2781 ut
2311 2719 2439 2774 nihil
2469 2722 2539 2775 illi
2571 2721 2804 2792 prteferri
2829 2722 3039 2783 debeat,
3072 2723 3149 2776 sic
3176 2722 3500 2791 deSpicimus
3519 2766 3534 2785 ,
3567 2735 3626 2777 ut
3647 2729 3830 2794 quoti-

2229 2810 2315 2864 die
2340 2811 2672 2880 discerpatur
2690 2852 2704 2877 ,
2737 2822 2790 2865 et
2816 2811 3082 2866 interdum
3109 2810 3178 2865 ab
3209 2813 3430 2867 avaritia
3475 2813 3787 2869 obsideatur
3810 2858 3828 2877 .

2227 2901 2511 2969 aliquando
2539 2917 2569 2955 a
2595 2903 2805 2957 luxuria
2834 2904 3131 2969 laceretur,
3169 2902 3439 2957 interdum
3470 2905 3538 2958 ab
3583 2906 3660 2959 ira
3692 2923 3828 2961 con-

2228 2990 2496 3057 fundatnr,
2520 3002 2573 3048 et
2592 3009 2622 3047 a
2652 2992 2874 3064 singulis
2901 2993 3187 3050 affectibus
3204 2995 3548 3052 multifariam
3573 3009 3824 3064 vexetur,

2229 3093 2283 3137 et
2318 3084 2518 3137 nullam
2546 3085 2625 3138 vel
2666 3099 2788 3138 sero
2836 3084 3048 3139 tandem
3092 3085 3234 3142 illius
3261 3101 3510 3156 geramus
3558 3091 3826 3146 sollicito-

2229 3174 2451 3232 dinem?
2477 3175 2606 3242 Quis
2631 3190 2730 3230 nos
2755 3175 2977 3245 posthac
3002 3175 3309 3247 dignabitur
3333 3181 3506 3245 venia,
3535 3191 3589 3236 et
3619 3184 3688 3236 ab
3722 3185 3825 3236 int-

2230 3269 2467 3322 minente
2508 3267 2770 3336 supplicio
2797 3268 3028 3338 eripiet?
3056 3267 3293 3336 Idcirco,
3326 3271 3585 3337 obsecro,
3619 3283 3676 3327 ut
3700 3275 3829 3330 dum

2231 3369 2442 3428 tempus
2463 3359 2740 3424 habemus,
2771 3359 3111 3430 detergamus
3132 3362 3246 3429 ejus
3274 3363 3464 3417 sordes
3490 3365 3654 3434 largis
3680 3368 3829 3421 elec-

2233 3452 2506 3520 mosynis,
2563 3459 2617 3504 et
2665 3447 2770 3505 illis
2819 3459 3155 3520 peccatorum
3201 3464 3503 3508 nostrorum
3558 3457 3830 3510 flammant

2228 3542 2648 3609 exstinguamus.
2695 3539 2878 3610 Ignem
2911 3543 3054 3595 enim
3077 3585 3090 3608 ,
3123 3543 3325 3612 inquit,
3355 3545 3612 3598 ardentem
3638 3550 3832 3600 eratin-

2229 3643 2343 3701 guet
2387 3650 2535 3701 aqua,
2567 3644 2827 3700 peccatum
2853 3648 2967 3686 vero
2997 3635 3326 3703 eteemosynis
3351 3645 3601 3705 purgatur
3634 3635 3828 3705 (Eccli.

2222 3722 2282 3778 ’5.
2313 3723 2424 3793 53).
2453 3722 2592 3776 Nihil
2624 3722 2766 3778 enim
2798 3738 3017 3792 prorsus
3045 3724 3267 3792 perinde
3307 3739 3404 3788 nos
3448 3725 3687 3782 eximere
3735 3744 3834 3796 po-

2232 3823 2337 3867 test
2384 3829 2411 3866 a
2458 3814 2701 3884 gcltenna
2753 3815 2911 3886 ignis,
2961 3825 3123 3884 atque
3173 3816 3394 3887 largitas
3445 3819 3829 3890 cleemosyna-.

2227 3902 2388 3959 Istam
2411 3907 2452 3959 si
2479 3906 2878 3971 prmstiteriuuts
2900 3905 3192 3960 secundum
3221 3907 3368 3976 leges
3397 3923 3426 3961 a
3456 3908 3687 3964 Domino
3717 3920 3831 3964 tra-

2233 3997 2390 4054 ditas.
2415 4011 2606 4065 nempe
2628 3997 2759 4051 nihil
2786 3997 2850 4051 ad
2889 3999 3301 4053 ostentationem
3330 3999 3605 4066 facientes,
3639 4002 3735 4055 sed
3759 4004 3833 4056 ob

2233 4106 2470 4145 amorem
2503 4092 2551 4144 in
2583 4091 2782 4154 Deum,
2819 4091 3108 4158 poterimus
3139 4103 3192 4146 et
3220 4102 3562 4161 peccatorum
3612 4107 3832 4149 nostro-

2233 4198 2351 4237 rum
2375 4182 2607 4235 niaeulas
2626 4182 2862 4244 abluere,
2891 4190 2944 4234 et
2969 4181 3200 4236 divinam
3229 4183 3650 4238 misericordiam
3677 4202 3830 4240 asse-

2234 4273 2344 4341 qui,
2372 4274 2536 4341 gratia
2565 4282 2616 4325 et
2646 4272 3072 4331 miserationibus
3114 4273 3370 4343 unigeniti
3395 4273 3516 4328 Filii
3545 4275 3662 4345 ejus
3694 4319 3709 4343 ,
3743 4280 3829 4333 cui

2234 4380 2354 4417 cum
2398 4365 2551 4418 Patro
2583 4371 2636 4418 et
2673 4372 2858 4418 sancto
2901 4363 3100 4433 Spiritu
3129 4365 3200 4419 sit
3241 4366 3432 4433 gleria,
3464 4367 3745 4436 imperium
3777 4382 3832 4426 ct

2236 4457 2429 4517 honor,
2474 4471 2614 4510 nunc
2665 4464 2720 4510 et
2771 4470 3004 4524 semper,
3043 4464 3097 4510 et
3139 4456 3192 4510 in
3238 4461 3429 4512 stocula
3481 4463 3830 4518 SR'ClliOTUﬂl.

2235 4547 2423 4600 Anien.

2764 4632 3041 4689 ilOMlLIA
3082 4633 3296 4689 XXX".

2239 4771 2303 4824 Et
2333 4773 2465 4825 uisus
2509 4781 2578 4825 est
2622 4769 2871 4827 Dominus
2911 4769 3095 4838 Alma,
3126 4781 3174 4826 ct
3213 4773 3344 4827 dixit
3383 4774 3428 4827 ei
3458 4793 3476 4828 :
3503 4775 3702 4830 Semini
3746 4792 3832 4832 ηιο

2305 4864 2434 4916 dabo
2461 4874 2644 4916 terram
2682 4863 2850 4928 hanc;
2886 4873 2933 4917 et
2968 4865 3214 4918 exstruxit
3253 4867 3318 4918 ibi
3358 4868 3519 4920 altare
3559 4866 3783 4924 Domino
3811 4915 3826 4933 ,

2308 4955 2392 5023 qui
2416 4955 2549 5008 uisus
2580 4965 2652 5006 est
2681 4955 2726 5007 ei
2751 4953 2900 5022 (Gen.
2935 4954 3020 5008 12.
3051 4954 3128 5023 Ἰ).

2308 5087 2358 5137 1.
2402 5084 2505 5138 Cur
2547 5085 2759 5138 noluerit
2803 5083 2941 5138 Deus
2985 5084 3176 5138 claram
3218 5104 3324 5140 esse
3369 5088 3713 5158 Scripturam.
3759 5128 3829 5139 ——

2236 5177 2427 5230 Mullus
2450 5189 2499 5231 et
2523 5178 2814 5231 immensus
2840 5178 2891 5230 in
2915 5179 2977 5230 iis
3000 5221 3012 5238 ,
3035 5194 3153 5247 qum
3176 5181 3330 5247 paulo
3351 5194 3473 5235 ante
3496 5196 3618 5237 sunt
3653 5190 3788 5240 it't‘ift
3813 5233 3828 5255 ,

2238 5271 2518 5324 thesaurus
2538 5274 2683 5332 latet,
2703 5271 3049 5331 dilectissimi,
3071 5283 3123 5325 et
3143 5289 3275 5340 opus
3296 5284 3374 5326 est
3400 5277 3596 5329 intenta
3621 5290 3827 5345 mente,

2235 5363 2517 5430 Sobriaun
2544 5373 2595 5413 et
2624 5363 2853 5429 vigilanti
2875 5364 3110 5428 ratione,
3145 5364 3210 5416 ita
3246 5376 3299 5417 ttt
3330 5366 3457 5418 nihil
3486 5383 3672 5420 eorum
3705 5388 3827 5438 qui:

2236 5454 2286 5505 in
2319 5453 2561 5505 brevibus
2589 5452 2761 5504 verbis
2793 5454 2975 5516 latent,
3003 5468 3099 5506 nos
3123 5439 3419 5521 prmiorcaL
3449 5456 3577 5509 Nam
3604 5473 3825 5527 propter

2236 5544 2334 5595 hoc
2362 5555 2413 5597 et
2445 5545 2746 5595 misericors
2782 5543 2916 5597 Deus
2948 5560 3049 5598 non
3088 5545 3229 5598 facili
3259 5558 3313 5600 et
3355 5550 3710 5614 perlnuctoria
3744 5555 3824 5607 le-

2235 5635 2410 5688 ctione
2431 5635 2590 5686 voluit
2621 5635 2769 5685 nobis
2798 5636 2971 5688 omnia
2995 5652 3112 5704 qua:
3145 5638 3194 5687 in
3227 5637 3512 5705 Scripturis
3542 5647 3822 5693 t‘.tiltlt!tt‘lt~

2239 5741 2322 5782 tur
2348 5770 2362 5796 ,
2399 5730 2672 5786 titanilesta
2701 5738 2752 5782 et
2785 5729 3055 5799 perspicua
3089 5745 3204 5784 esse
3234 5771 3243 5795 ,
3278 5741 3333 5784 ut
3356 5749 3576 5786 exeussa
3604 5752 3812 5789 bOlttllU‘
