4070 6384
208 520 224 555 /

546 330 655 387 293
1260 331 1319 388 S.
1357 330 1643 392 JOANNIS
1677 333 2090 393 (ΣΗΙέΥὸΟὸΤο

2208 332 2520 391 ARCllIEP.
2563 333 3109 392 CONSTANTINOP.
3691 334 3799 391 996

541 456 711 510 μενοι,
748 437 891 492 οὑτω
928 441 1029 511 τὴν
1058 440 1121 507 ἐξ
1163 442 1342 500 αὐτῶν
1370 444 1633 513 ὠφέλειαν
1666 444 2103 517 καρπωσώμεθα.

537 521 709 577 nemo;
738 522 847 592 γάρ
874 520 988 586 πως
1017 523 1089 576 τά
1117 526 1216 594 μέν
1246 526 1383 594 μετά
1402 527 1564 580 πόνου
1593 528 1687 580 καὶ
1704 525 1983 599 ζητήσεως
2016 526 2109 585 εὑ·

533 603 831 673 ρισκόμενα
864 605 1064 676 μᾶλλον
1088 607 1467 677 ἐμπήγνυσθαι
1492 608 1647 677 ἡμῶν
1673 612 1739 679 τῇ
1775 609 1983 679 διανοίᾳ
2002 626 2017 640 ·
2041 607 2110 661 τά

531 683 591 737 δέ
617 686 733 767 μετ’
755 685 1023 749 εὐκολίας,
1054 686 1246 743 θᾶττον
1266 689 1605 758 ἀφίπτασθαι
1633 691 1734 760 τῆς
1761 690 1980 767 καρδίας
2010 690 2109 762 τῆς

532 766 825 837 ἡμετέρας.
846 768 935 836 Μὴ
962 768 1137 821 τοίνυν
1158 769 1512 840 ρᾳθυμῶμεν,
1538 772 1857 845 παρακαλῶ,
1879 771 2012 826 ἀλλά
2026 771 2108 828 δ.-

512 849 834 921 ἐγείρωμεν
856 850 1011 921 ἡμῶν
1033 852 1122 904 τὸν
1142 850 1419 923 λογισμὸν,
1440 853 1534 906 καὶ
1553 854 1688 925 πρὸς
1708 855 1768 908 τὸ
1792 854 1952 926 βάθος
1976 852 2109 906 αὐτὸ

529 930 641 985 τῶν
670 930 1067 1000 γεγραμμένων
1089 933 1391 1005 ὁλοσχερῶς
1414 936 1889 1007 κατοπτεύσωμεν,
1913 935 1999 992 ῖνα
2018 935 2107 988 δυ-

532 1012 781 1083 νηθῶμεν
805 1013 1157 1084 κερδάναντές
1174 1032 1227 1068 τι
1251 1016 1412 1069 πλέον
1438 1018 1707 1084 ἐντεῦθεν,
1726 1019 1897 1082 οὕτως
1924 1018 2105 1071 οίκαδε

533 1094 866 1148 ἐπανελθεῖν.
896 1097 1005 1150 Καὶ
1027 1098 1136 1169 7&9
1165 1100 1471 1170 πανήγυρίς
1493 1101 1608 1153 ἐστι
1640 1101 1980 1173 πνευματικὴ
2010 1100 2105 1153 τοῦ

530 1177 665 1231 Θεοῦ
707 1180 740 1249 ἡ
776 1179 1057 1251 ἐκκλησία,
1091 1181 1183 1234 καὶ
1229 1184 1461 1254 ίατρεῖόν
1499 1185 1614 1237 ἐστι
1640 1184 1846 1254 ψυχῶν,
1880 1184 1974 1238 καὶ
2002 1184 2102 1248 δεῖ,

531 1260 781 1331 καθάπερ
811 1263 892 1325 είς
921 1264 1226 1334 πανήγυριν
1260 1268 1759 1337 παραγενομένους,
1784 1266 1984 1338 πολλὴν
2005 1266 2105 1338 τὴν

530 1343 792 1414 εὐπορίαν
812 1344 1061 1397 ἐντεῦθεν
1083 1345 1463 1412 συλλέξαντας,
1485 1348 1657 1413 οὑτως
1684 1348 1985 1411 ἐπανιέναι,
2009 1349 2104 1401 καὶ

531 1424 779 1495 καθάπερ
807 1429 889 1491 είς
918 1428 1151 1496 ἰατρεῖον
1179 1430 1552 1495 ἀπαντῶντας,
1573 1431 1643 1484 τά
1669 1432 1975 1502 κατάλληλα
1991 1434 2105 1494 τοῖς

529 1507 910 1577 ὑποκειμένοις
944 1509 1139 1564 πάθεσι
1177 1512 1445 1583 φάρμακα
1478 1513 1738 1577 λαϐόντας
1777 1514 1997 1579 ἐξιέναι.
2018 1514 2100 1567 Οὐ

529 1586 639 1658 7&9
674 1589 760 1642 δια
805 1591 963 1644 τοῦτο
1004 1592 1124 1645 καθ’
1161 1594 1397 1663 ἑκάστην
1442 1594 1654 1665 ἡμέραν
1692 1594 2099 1668 συνεδρεύομεν,

531 1670 618 1723 ἴνα
637 1671 740 1733 τάς
765 1673 899 1743 πρὸς
921 1673 1180 1745 ἀλλήλους
1207 1676 1491 1748 συντυχίας
1516 1679 1700 1743 ἁπλῶς
1720 1679 2100 1750 ποιησάμενοι,

526 1752 699 1816 οὑτως
730 1753 967 1818 ἀπαντες
987 1756 1331 1829 διαλυθῶμεν
1352 1775 1365 1789 ’
1394 1760 1509 1813 ἀλλ’
1536 1762 1624 1815 ῖνα
1658 1761 1889 1814 ἐκαστόν
1915 1778 1969 1814 τι
1991 1760 2101 1813 τῶν

525 1837 812 1906 χρησίμων
856 1838 1067 1907 μαθὼν,
1101 1842 1196 1894 καὶ
1238 1842 1373 1912 πρὸς
1407 1844 1470 1896 τὸ
1507 1844 1759 1913 ἐνοχλοῦν
1802 1844 1973 1907 πάθος
2002 1844 2101 1913 τὴν

526 1920 767 1990 ίατρείαν
794 1920 1105 1990 δεξάμενος,
1135 1923 1308 1989 οὕτως
1338 1926 1584 1981 ἐντεῦθεν
1604 1929 1952 1999 ἀναχωρήσῃ.
1976 1927 2102 1991 Πῶς

526 2000 636 2071 7&9
657 2002 756 2054 οὐκ
790 2002 857 2056 ἀν
892 2002 978 2073 εῐη
1019 2005 1127 2058 τῶν
1160 2006 1547 2073 ἀτοπωτάτων,
1573 2007 1644 2061 τά
1675 2008 1771 2078 μέν
1799 2008 1987 2061 παιδία
2033 2008 2101 2062 τά

522 2082 768 2154 ἡμέτερα
785 2087 864 2147 είς
878 2084 1244 2141 διδασκαλεῖον
1258 2088 1703 2153 ἀποστέλλοντας,
1731 2091 1850 2143 καθ’
1861 2089 2099 2158 ἑκάστην

528 2164 741 2235 ἡμέραν
765 2167 1015 2220 ἀπαιτεῖν
1036 2172 1167 2238 παρ’
1185 2170 1367 2224 αὐτῶν
1391 2171 1707 2243 προσθήκην,
1727 2172 1848 2225 τινά
1866 2171 1974 2223 τῶν
1996 2188 2098 2240 μα-

522 2245 805 2315 θημάτων,
823 2250 914 2301 καὶ
929 2251 1027 2303 οὐκ
1051 2250 1116 2304 άν
1133 2268 1260 2304 ποτε
1276 2253 1646 2323 ἀνασχοίμεθα
1666 2252 1850 2314 ἀπλῶς
1865 2254 1957 2305 καὶ
1971 2253 2093 2322 εἰκῆ

520 2327 694 2381 ταῦτα
738 2327 975 2396 βαδίζειν
1008 2335 1210 2399 ἐκεῖσε,
1232 2337 1281 2387 εί
1316 2334 1392 2405 μή
1423 2334 1618 2405 ῐδωμεν
1647 2335 2004 2405 καρπούμενά
2042 2352 2096 2387 τι

518 2409 683 2464 πλέον
701 2428 714 2442 ·
734 2413 879 2483 ἡμᾶς
890 2413 948 2465 δέ
962 2414 1088 2478 τοὺς
1105 2417 1186 2477 εἰς
1208 2415 1404 2487 μέτρον
1418 2416 1631 2486 ἡλικίας
1653 2417 1983 2487 φθάσαντας,
2003 2416 2097 2469 καὶ

514 2495 599 2557 είς
608 2495 670 2548 τδ
680 2498 1048 2567 πνευματικὸν
1057 2498 1213 2552 τοῦτο
1224 2494 1586 2553 διδασκαλεῖον
1600 2498 2039 2571 παραγενομένου
2048 2516 2093 2565 ς,

519 2580 597 2651 μὴ
612 2578 711 2650 τὴν
732 2579 854 2650 ίσην
870 2582 1100 2645 ἐκείνοις
1121 2582 1355 2654 σπουδὴν
1370 2584 1793 2645 ἐπιδείκνυσθαι,
1808 2584 1902 2636 καὶ
1919 2581 2093 2637 ταῦτα

515 2662 647 2717 ἐνθα
670 2666 750 2724 είς
771 2662 869 2733 τὴν
887 2664 989 2733 τῆς
1005 2666 1183 2733 ψυχῆς
1208 2667 1481 2737 σωτηρίαν
1498 2667 1560 2718 τὸ
1588 2666 1776 2738 κέρδος
1795 2666 2090 2735 διαδαίνει;

520 2746 788 2810 Ἕκαστος
801 2746 979 2800 τοίνυν
994 2748 1169 2816 ἡμῶν,
1182 2747 1505 2818 παρακαλῶ,
1520 2748 1708 2801 ἐαυτὸν
1725 2747 1843 2801 καθ’
1855 2748 2092 2818 ἐκάστην

517 2828 729 2899 ἡμέραν
750 2829 1132 2899 διερευνάσθω,
1150 2827 1201 2881 τί
1224 2830 1323 2897 μὲν
1347 2832 1412 2882 ἐκ
1432 2829 1529 2900 τῆς
1555 2830 1817 2901 ἡμερινῆς
1838 2830 2092 2901 ἐκέρδανε

512 2908 820 2977 διαλέξεως,
850 2910 902 2964 τί
922 2910 978 2963 δέ
1000 2913 1065 2964 ἐκ
1086 2913 1185 2982 τῆς
1210 2912 1489 2983 ἐπιούσης,
1519 2912 1606 2964 ἵνα
1631 2914 1705 2982 μὴ
1734 2911 1971 2982 δόξωμεν
1999 2913 2093 2965 καὶ

513 2993 676 3061 ἡμεῖς
704 2993 826 3061 είκῆ
851 2992 944 3045 καὶ
975 2991 1161 3056 ἁπλῶς
1190 2992 1424 3045 ἐνταῦθα
1454 2994 1867 3064 παραγίνεσθαι.
1890 2994 2011 3045 Ὀτι
2034 2992 2092 3045 δέ

514 3072 674 3126 τοῦτο
697 3076 845 3143 ἡμᾶς
880 3073 981 3144 μέν
1005 3074 1186 3144 πάσης
1222 3074 1400 3136 αἰτίας
1438 3075 1629 3145 ἀφίησι
1657 3076 1768 3144 (τά
1793 3076 1903 3145 γὰρ
1936 3073 2089 3146 [317]

516 3154 637 3209 καθ’
675 3156 900 3220 ἐαυτούς
944 3155 1160 3211 ἅπαντα
1186 3158 1531 3229 εἰσφέρομεν,
1564 3159 1658 3211 καὶ
1683 3158 1831 3211 οὐδὲν
1867 3158 1978 3211 τῶν
2010 3160 2091 3222 εἰς

513 3237 744 3308 δύναμιν
764 3237 1261 3310 παραλιμπάνομεν
1281 3242 1324 3309 ),
1359 3242 1469 3301 τοῖς
1489 3238 1546 3292 δέ
1575 3239 1965 3308 ἀγανακτοῦσι,
1998 3244 2092 3296 καὶ

517 3321 656 3391 μετά
686 3320 970 3390 ἀκριϐείας
1023 3322 1099 3391 μὴ
1148 3323 1495 3392 προσέχουσι,
1537 3323 1631 3375 καὶ
1660 3323 2000 3393 καρποῦσθαί
2038 3341 2090 3378 τι

515 3401 677 3455 πλέον
725 3403 801 3472 μὴ
842 3403 1184 3472 βουλομένοις
1215 3404 1461 3473 μείζονος
1504 3406 1674 3458 αἴτιον
1714 3406 2091 3477 κατακρίσεως

512 3486 741 3555 γίνεται,
767 3487 995 3539 ἄκουσον
1032 3486 1124 3561 τοῦ
1163 3488 1401 3556 Χριστοῦ
1424 3488 1671 3557 λέγοντος
1706 3490 1841 3561 πρὸς
1872 3490 1971 3561 μὲν
1996 3491 2090 3545 τὸν

513 3566 909 3637 καταχώσαντα
932 3567 991 3620 τὸ
1008 3560 1265 3621 τάλαντον
1287 3589 1298 3599 ’
1321 3570 1551 3636 Πονηρὲ
1571 3560 1775 3636 δοῦλε,
1788 3560 1908 3626 ἔδει
1928 3588 2002 3626 σε
2021 3573 2088 3627 τὸ

511 3651 795 3717 ἀργύριόν
806 3666 926 3717 μου
948 3650 1307 3703 καταϐαλεῖν
1327 3651 1423 3702 ἐπὶ
1446 3651 1586 3717 τοὺς
1606 3652 1969 3721 τραπεζῖτας,
1989 3654 2089 3709 καί

511 3730 627 3799 ἐγὼ
646 3730 721 3783 ἂν
742 3731 932 3784 ἐλθὼν
956 3732 1240 3799 ἀπῄτησα
1259 3733 1404 3785 αὐτὸ
1434 3738 1584 3801 μετὰ
1619 3739 1830 3789 τόκου·
1862 3739 1991 3807 περὶ
2026 3737 2087 3790 δὲ

513 3813 624 3865 τῶν
667 3814 952 3865 Ἰουδαίων·
987 3814 1055 3864 El
1080 3814 1166 3880 μὴ
1200 3810 1391 3882 ἦλθον
1417 3815 1514 3867 καί
1556 3816 1828 3883 ἐλάλησα
1858 3821 2083 3886 αὐτοῖς,

512 3895 805 3962 ἁμαρτίαν
820 3896 933 3963 οὐχ
948 3891 1134 3962 εἶχον·
1156 3896 1272 3948 νῦν
1288 3895 1356 3947 δὲ
1373 3897 1675 3964 πρόφασιν
1686 3901 1797 3951 οὐκ
1813 3900 2085 3968 ἔχουσιν.

513 3976 673 4029 Ἀλλά
689 3976 781 4028 νῦν
804 3978 963 4045 ἡμεῖς
983 3979 1043 4029 οὐ
1061 3977 1216 4030 τοῦτο
1239 3980 1569 4048 σκοποῦμεν,
1586 3983 1635 4031 εἰ
1651 3981 1753 4044 ἔξω
1770 3984 1879 4035 τῶν
1899 3985 2089 4055 ἐγκλη-

516 4060 701 4130 μάτων
725 4062 910 4128 ἐσμὲν,
924 4060 1060 4113 ἀλλά
1077 4061 1174 4131 τὴν
1199 4062 1470 4132 ὑμετέραν
1492 4064 1865 4134 ἐπιθυμοῦμεν
1890 4085 2089 4137 προκο-

513 4140 643 4210 πὴν,
675 4143 766 4193 καὶ
799 4143 1306 4213 άκρωτηριάζεσθαι
1325 4146 1457 4214 ἡμῖν
1482 4146 1761 4215 ἡγούμεθα
1779 4149 1847 4201 τά
1869 4151 1968 4221 τῆς
1997 4154 2089 4205 εὑ-

512 4222 807 4294 φροσύνης,
843 4223 946 4308 κάν
973 4225 1225 4308 μυριάκις
1245 4227 1399 4305 αὐτοὶ
1429 4221 1580 4295 ὦμεν
1603 4229 1907 4297 ἀνεύθυνοι,
1934 4236 1983 4287 εί
2011 4236 2087 4308 μὴ

515 4308 607 4362 καὶ
628 4308 784 4377 ὑμεῖς
804 4305 958 4370 ἀξίαν
978 4307 1085 4359 τῶν
1107 4303 1282 4360 πόνων
1299 4308 1408 4361 τῶν
1424 4310 1708 4379 ημετέρων
1723 4315 1822 4385 τὴν
1851 4303 2087 4387 σπουδὴν

510 4389 873 4459 ἐπιδείξησοε.
893 4387 1039 4459 Λῦτη
1056 4390 1167 4459 ,γὰρ
1189 4390 1344 4460 ἡμῶν
1367 4392 1467 4460 τῆς
1483 4394 1819 4466 εὐφροσύνης
1842 4400 1874 4468 ἡ
1899 4399 2087 4453 ὐπόθε-

513 4489 616 4533 σις,
644 4473 703 4523 τὸ
730 4472 863 4540 ὁρᾷν
895 4471 1048 4540 ὑμῶν
1071 4473 1171 4540 τὴν
1192 4474 1248 4524 ἐν
1271 4476 1383 4536 τοῖς
1409 4481 1794 4544 πνευματικοῖς
1826 4480 2083 4537 ἐπίδοσιν.

510 4553 621 4607 Καὶ
641 4548 755 4605 οἶδα
780 4552 879 4621 μὲν
900 4554 983 4605 ὅτι
1009 4553 1098 4605 διὰ
1124 4553 1221 4624 τὴν
1242 4553 1335 4606 τοῦ
1358 4555 1490 4607 Θεοῦ
1522 4558 1679 4627 χάριν
1710 4560 1973 4625 συνέσεως
1996 4582 2085 4617 πε-

511 4635 859 4705 πληρωμένοι
904 4634 1074 4699 ὄντες,
1103 4636 1398 4707 δυνήσεσθε
1430 4639 1524 4691 καὶ
1558 4638 1747 4703 ἄλλους
1773 4642 2043 4699 νουθετεῖν
2065 4662 2079 4677 ’

511 4718 647 4770 ἀλλά
682 4720 822 4772 κατά
860 4718 953 4771 τὸν
990 4720 1259 4789 μακάριον
1308 4720 1547 4788 Παῦλον,
1581 4724 2082 4799 ἐπαναμιμνήσκων

510 4802 673 4869 ὑμᾶς,
702 4802 795 4853 καὶ
819 4801 1102 4871 διεγείρων
1130 4802 1283 4871 ὑμῶν
1308 4805 1399 4855 τὸν
1431 4805 1593 4873 ζῆλον
1635 4808 1724 4859 καλ⁸
1750 4809 1847 4878 τὴν
1878 4813 2081 4881 προθυ-

511 4884 659 4952 μίαν,
699 4884 871 4936 ταῦτα
900 4886 1135 4954 συνεχῶς
1162 4888 1429 4956 παραινῶ,
1471 4890 1790 4959 βουλόμενος
1822 4894 1963 4963 ὑμᾶς
1988 4913 2080 4949 τε-

508 4968 681 5049 λείους
711 4967 802 5019 καὶ
827 4968 1263 5049 ἀπηρτισμένους
1306 4972 1560 5037 γενέσθαι
1619 4974 1693 5025 Οὐ
1741 4978 1933 5046 μικρὸν
1971 4980 2080 5049 7&9

508 5048 601 5101 καὶ
628 5049 787 5100 τοῦτο
806 5047 938 5098 αὐτὸ
963 5048 1158 5117 δεῖγμα
1181 5050 1439 5120 ποιοῦμαι
1466 5054 1564 5121 τῆς
1595 5056 1737 5106 κατὰ
1770 5058 1901 5109 Θεὸν
1927 5047 2079 5127 ὑμῶν

506 5130 808 5199 προκοπῆς,
833 5128 894 5181 τὸ
937 5130 1074 5198 μετά
1124 5132 1391 5201 τοσαύτης
1426 5136 1731 5206 προθυμίας
1782 5142 1902 5192 καθ’
1946 5144 2075 5196 ἐκά-

506 5229 635 5280 στην
665 5212 875 5282 ἡμέραν
904 5212 1137 5266 ἐνταῦθα
1166 5217 1579 5285 παραγίνεσθαι,
1636 5224 1725 5273 καὶ
1768 5224 2076 5294 ἀκορέστως

504 5294 645 5362 ἔχειν
673 5296 801 5378 περὶ
822 5295 919 5363 τὴν
947 5300 1318 5367 πνευματικὴν
1348 5300 1716 5360 διδασκαλίαν.
1742 5308 1948 5377 Ὥσπερ
1966 5312 2073 5378 γὰρ

505 5379 537 5446 ἡ
570 5377 695 5465 περὶ
726 5378 821 5447 τὴν
843 5380 1157 5465 σωματικην
1196 5384 1401 5453 τροφὴν
1439 5386 1615 5454 ὄρεξις
1652 5389 1855 5455 ὑγιείας
1891 5394 1955 5445 iv
1987 5377 2071 5465 εἴη

505 5459 1251 5545 μεγίστης-σημῖονοοὺτως
1302 5468 1333 5534 ἡ
1376 5470 1502 5536 περὶ
1549 5469 1647 5539 τὴν
1698 5459 2070 5545 πνευματικὴν

500 5541 846 5594 διδασκαλίαν
872 5544 1135 5613 ἐπιθυμία
1154 5544 1254 5613 τῆς
1278 5547 1415 5599 κατά
1435 5547 1606 5619 ψυχὴν
1637 5553 1841 5620 ὑγιείας
1865 5541 2069 5629 τεκμὴ-

507 5645 527 5691 ί.
542 5639 620 5677 ιον
654 5620 719 5674 ἀν
748 5622 832 5691 εἴη
856 5624 1267 5694 ἐναργέστατον.
1304 5628 1401 5681 Διά
1431 5648 1512 5683 τοι
1541 5632 1695 5685 τοῦτο
1730 5636 1882 5702 κάγὼ
1914 5620 2067 5703 εἰδώς

504 5702 655 5767 υμῶν
684 5704 774 5755 τὸν
800 5705 975 5768 πόθον,
1005 5710 1097 5761 κα)⁸
1129 5711 1209 5761 ὅτι
1235 5708 1335 5763 κᾶν
1369 5715 1626 5783 μυριάκις
1648 5702 2066 5793 παρατείνω

500 5786 864 5852 διδασκαλίαν,
900 5791 1017 5843 οὐδὲ
1044 5791 1211 5857 οὕτως
1236 5796 1508 5867 ἐμπλῆσαι
1539 5800 1690 5869 ὑμῶν
1719 5802 1947 5873 δύναμαι
1970 5786 2062 5877 την

2213 443 2524 513 ἐπιθυμίαν,
2556 445 2650 498 καὶ
2676 447 2837 516 κόρον
2881 446 3177 517 ἐμποιῆσαι
3212 444 3310 513 τῆς
3347 441 3549 513 τροφῆς
3595 446 3793 514 caici];

2209 526 2308 593 τῆς
2347 529 2745 599 πνευματικῆς,
2793 530 2853 581 οὐ
2908 530 3188 599 παύσομαι
3240 528 3381 580 κατά
3423 526 3656 597 δύναμιν
3696 526 3793 595 τὴν

2210 608 2370 677 ἐμὴν,
2407 610 2549 677 ἆπερ
2576 610 2643 662 ἄν
2679 612 2713 681 ἡ
2742 609 2837 662 τοῦ
2869 609 3004 662 Θεοῦ
3048 611 3207 681 χάρις
3246 609 3482 679 παρέχῃ,
3528 610 3610 670 εἰς
3644 606 3791 675 ὠφέ-

2209 689 2358 743 λειαν
2375 692 2646 763 ὑμετέραν
2679 690 2851 745 ταῦτα
2879 692 2966 760 ἐφ’
3000 693 3239 762 ἐκάστης
3269 693 3398 763 ὑμῖν
3445 690 3789 761 παρατιθεὶς,

2211 771 2305 824 καὶ
2332 773 2399 825 τά
2430 773 2536 825 ἀπὺ
2564 772 2672 825 τῶν
2700 773 2859 826 θείων
2886 774 3119 846 Γραφῶν
3141 774 3450 844 διδάγματα
3478 772 3793 826 ἐναποτιθέ·

2212 871 2373 924 μενος
2392 858 2513 919 ταῖς
2529 856 2821 927 ὑμετέραις
2839 856 3120 920 διανοίαις.

2282 934 2347 1005 β’.
2365 937 2500 1008 ⁴’έρε
2519 932 2611 991 οὖν
2628 939 2720 990 καὶ
2741 938 2983 1009 σήμερον
3001 939 3092 992 τὸν
3110 937 3490 1008 φιλάνθρωπον
3511 935 3795 1005 Δεσπότην

2210 1019 2690 1087 παρακαλέσαντες
2728 1018 2992 1089 ὀδηγῆσαι
3016 1020 3176 1091 ἡμῶν
3221 1019 3320 1089 τὴν
3364 1019 3612 1086 γλῶσσαν
3651 1017 3794 1088 πρὸς

2206 1099 2306 1169 τὴν
2334 1101 2443 1155 τῶν
2471 1101 2819 1173 ζητουμένων
2840 1101 3078 1172 εὕρεσιν,
3103 1103 3201 1173 τὴν
3224 1101 3428 1172 συνήθη
3451 1099 3795 1171 παραθῶμεν

2208 1181 2338 1251 ὑμῖν
2364 1182 2733 1243 διδασκαλίαν,
2778 1183 2919 1238 αὐτὰ
2954 1185 3216 1256 πρότερον
3244 1183 3315 1237 τὰ
3366 1182 3793 1250 ἀναγνωσθέντα

2208 1263 2502 1335 προθέντες
2522 1267 2613 1318 ἐπὶ
2623 1266 2721 1336 τῆς
2740 1267 3014 1339 ὑμετέρας
3026 1268 3269 1337 ἀγάπης.
3286 1266 3399 1320 Καί
3414 1265 3607 1335 ὤφθη,
3630 1264 3791 1333 φησὶ.

2205 1346 2419 1414 Κύριος
2435 1352 2468 1401 ό
2487 1348 2631 1413 Θεὸς
2641 1348 2723 1414 τῷ
2740 1350 2806 1402 ’Δ
2815 1350 2986 1417 ὅραμ,
3000 1350 3099 1403 καί
3116 1344 3286 1403 εἶπεν
3308 1345 3489 1412 αὐτῷ.
3513 1347 3589 1399 Οὐ
3606 1345 3793 1408 καλῶς

2204 1427 2389 1495 ἐλεγον
2416 1429 2476 1494 ἐξ
2503 1431 2702 1502 ἀρχῆς,
2730 1431 2812 1484 ὅτι
2857 1432 3023 1494 πολὺς
3054 1433 3084 1483 6
3119 1430 3395 1501 θησαυρὸς
3437 1428 3793 1482 ἐναπόκειται

2203 1512 2315 1573 τοῖς
2337 1510 2562 1581 βραχέσι
2588 1512 2797 1575 τούτοις
2830 1512 3099 1582 ῥήμασιν,
3134 1512 3265 1566 Ὶδού
3294 1512 3404 1582 7&9
3419 1510 3625 1572 εὐθέως
3639 1508 3794 1572 ξένον

2204 1594 2297 1646 καὶ
2318 1593 2503 1647 καινὸν
2534 1594 2594 1646 τὸ
2626 1592 2910 1664 προοίμιον
2942 1593 3052 1647 τῶν
3075 1594 3410 1665 εἰρημένωνο
3453 1592 3563 1646 Καὶ
3595 1592 3791 1660 ὤφθη,

2203 1676 2357 1744 φησὶ,
2386 1676 2600 1742 Κύριος
2628 1678 2661 1729 ό
2685 1675 2827 1741 Θεὸς
2860 1673 2941 1740 τῷ
2990 1676 3226 1746 Ἄϐραμ.
3266 1676 3489 1746 Πρῶτον
3507 1675 3668 1745 τοῦτο
3694 1675 3790 1727 εὑ·-

2205 1758 2462 1827 ρίσκομεν
2491 1758 2550 1811 ἐν
2577 1760 2641 1828 τῇ
2676 1759 2863 1829 Γραφῇ
2892 1759 2985 1812 νῦν
3011 1759 3073 1812 τὸ
3104 1760 3288 1830 ῥηθὲν,
3315 1761 3397 1813 ὅτι
3425 1760 3635 1827 Ὠφθτν
3655 1756 3792 1810 οὐτε

2202 1837 2310 1908 γάρ
2334 1839 2425 1891 ἐπὶ
2444 1837 2537 1891 τοῦ
2575 1840 2765 1909 Ἀδὰμ,
2794 1840 2917 1894 οὐτε
2946 1843 3041 1893 ἐπὶ
3071 1841 3167 1895 τοῦ
3189 1841 3377 1906 Ἅϐελ,
3401 1840 3525 1893 οὔτε
3559 1841 3656 1892 ἐπὶ
3693 1841 3791 1892 τοῦ

2199 1919 2346 1984 Νῶε,
2379 1919 2503 1974 οὔτε
2526 1922 2611 1974 ἐπ’
2640 1922 2802 1976 άλλου
2835 1924 2981 1987 τινὸς
3011 1924 3185 1996 ταύτῃ
3221 1925 3493 1994 ἐχρήσατο
3531 1925 3599 1994 τῇ
3644 1923 3792 1989 λέξει

2199 2003 2234 2072 ἡ
2266 2003 2387 2056 θεία
2418 2003 2631 2076 Γραφὴ.
2657 2005 2723 2058 Τί
2752 2001 2847 2059 οὖν
2875 2007 2993 2063 ἐστι
3018 2007 3081 2060 τὸ
3108 2008 3420 2078 είρημένον,
3448 2006 3559 2060 Καὶ
3591 2006 3791 2075 ὤφθη,

2201 2086 2368 2154 φησί;
2402 2089 2514 2141 Καὶ
2544 2088 2659 2150 πῶς
2689 2088 2918 2157 ἑτέρωθι
2963 2088 3132 2157 λέγει,
3182 2089 3394 2156 οὐδεὶς
3439 2090 3654 2156 ὄψεται
3682 2088 3794 2142 τὸν

2200 2167 2369 2230 Θεὸν,
2384 2169 2484 2221 καί
2499 2166 2735 2234 ζήσεται
2753 2186 2773 2234 ;
2796 2171 2860 2222 Τί
2876 2166 2970 2223 οὖν
2982 2171 3050 2225 ἂν
3062 2172 3314 2241 εἴποιμεν
3329 2170 3424 2224 νῦν
3442 2171 3543 2240 τῆς
3562 2171 3791 2242 ι’ραφῆς

2196 2247 2481 2318 λεγούσης,
2496 2251 2578 2303 ὅτι
2593 2252 2781 2320 Ὠφοη
2801 2269 2819 2317 ;
2843 2252 2966 2318 Πῶς
2991 2251 3146 2325 ὤφθη
3166 2254 3246 2323 τῷ
3265 2253 3461 2324 δικαίῳ
3480 2269 3496 2318 ;
3517 2249 3667 2323 *Δρα
3690 2254 3793 2305 αὑ-

2196 2333 2295 2402 τὴν
2322 2334 2420 2404 τὴν
2452 2335 2640 2389 οὐσίαν
2669 2331 2843 2401 εἷδενς
2880 2338 3049 2408 Οὐχί*
3104 2338 3180 2410 μὴ
3217 2340 3447 2407 γένοιτο.
3494 2337 3658 2391 Ἀλλά
3694 2338 3788 2403 τις

2196 2414 2383 2480 Οὕτως
2411 2416 2588 2488 ὤφθη,
2625 2419 2701 2483 ὼς
2732 2421 2895 2485 αὐτὸς
2952 2417 3061 2475 οἶδε
3115 2423 3297 2492 μόνος,
3350 2422 3445 2487 καὶ
3477 2420 3553 2484 ὼς
3588 2420 3789 2491 ἐκείνῳ

2196 2498 2348 2572 [518]
2372 2501 2597 2556 δυνατὸν
2617 2498 2685 2573 ἦν
2719 2503 2867 2557 ἰδεῖν.
2890 2504 3215 2576 Εὐμὴχανος
3234 2505 3341 2576 7&9
3367 2504 3443 2559 ὢν
3462 2505 3491 2557 6
3510 2504 3674 2571 σοφὸς
3691 2504 3790 2556 καὶ

2195 2582 2573 2655 φιλάνθρωπος
2623 2586 2781 2655 ἡμῶν
2825 2589 3102 2660 Δεσπότης
3125 2629 3140 2652 ,
3191 2588 3286 2642 καὶ
3334 2586 3790 2656 συγκαταϐαίνων

2192 2666 2258 2734 τῇ
2286 2665 2603 2739 ἀνθρωπίνῃ
2634 2668 2815 2737 φύσει,
2862 2672 2974 2734 τοῖς
3004 2668 3171 2734 ἀξίως
3217 2668 3786 2741 προπαρεσκευασμέ-

2194 2764 2306 2810 νοις
2337 2748 2532 2803 ἐαυτὸν
2573 2750 2886 2820 ἐμφανίζει.
2927 2752 3039 2805 Καὶ
3073 2753 3231 2807 τοῦτο
3267 2752 3510 2805 δείκνυσι
3561 2751 3653 2804 διὰ
3686 2751 3788 2804 τοῦ

2195 2833 2475 2900 προφήτου
2492 2870 2506 2896 ,
2532 2831 2706 2901 λέγων
2720 2875 2735 2898 ,
2788 2833 2935 2903 Ἐγὼ
2951 2834 3195 2903 ὁράσεις
3214 2833 3551 2900 ἐπλήθυνα,
3592 2834 3695 2887 καὶ
3715 2835 3788 2885 ἐν

2193 2917 2369 2984 χερσὶ
2395 2919 2719 2987 προφητῶν
2734 2920 3059 2988 ώμοιώθην.
3097 2921 3247 2974 Ἐπεὶ
3268 2921 3363 2974 καὶ
3396 2921 3623 2982 Ἰισαῖας
3642 2916 3787 2971 εἶδεν

2193 2999 2355 3051 αὐτὸν
2390 3000 2696 3071 καθήμενον
2716 3018 2727 3031 ·
2760 3001 2919 3055 τοῦτο
2953 3002 3008 3056 δέ
3041 3003 3258 3070 ἀνάξιον
3281 3002 3451 3056 Θεοῦ·
3493 3002 3628 3065 Θεὸς
3672 3002 3787 3071 γὰρ

2191 3080 2252 3131 οὐ
2281 3080 2517 3151 κάθηται
2548 3098 2562 3114 ι
2599 3083 2715 3146 πῶς
2744 3084 2854 3153 7&9
2887 3086 2920 3153 ἡ
2946 3083 3237 3155 ἀσώματος
3266 3085 3450 3155 ἐκείνη
3476 3085 3571 3137 καὶ
3585 3081 3787 3136 ἀνώλε-

2193 3160 2319 3230 θρος
2349 3163 2546 3230 φύσις;
2574 3166 2667 3218 καὶ
2693 3166 2722 3217 6
2748 3164 2945 3235 Δανιὴλ
2980 3167 3144 3220 πάλιν
3172 3162 3314 3219 εἶδεν
3342 3167 3529 3231 αὐτὸν,
3564 3167 3641 3230 ὡς
3672 3184 3783 3220 πα-

2191 3248 2341 3301 λαιὸν
2360 3251 2585 3322 ἡμερῶν
2605 3269 2617 3281 ·
2639 3254 2733 3305 καὶ
2750 3254 2779 3305 6
2796 3253 3071 3323 Ζαχαρίας
3092 3254 3293 3324 ἑτέρως
3310 3254 3473 3308 αὐτὸν
3493 3254 3779 3317 ἐθεάσατο,

2191 3332 2286 3384 καὶ
2327 3331 2584 3404 Ἰεζεκιὴλ
2638 3335 2799 3389 πάλιν
2842 3337 3036 3399 άλλως.
3078 3337 3177 3389 Διά
3229 3336 3391 3390 τοῦτο
3433 3333 3528 3390 οὐν
3569 3336 3782 3405 ἔλεγεν,

2190 3415 2341 3484 Ἐγὼ
2368 3417 2607 3483 ὁράσεις
2629 3418 2967 3486 ἐπλήθυνα,
2988 3419 3107 3473 ἀντὶ
3127 3418 3243 3483 τοῦ,
3266 3419 3408 3489 Πρὸς
3427 3418 3525 3489 τὴν
3544 3420 3782 3474 ἑκάστου

2190 3497 2349 3562 ἀξίαν
2376 3498 2549 3562 οὑτως
2574 3496 2781 3569 ὤφθην.
2832 3503 2941 3555 Καὶ
2986 3502 3080 3556 νῦν
3125 3498 3248 3567 οὖν,
3286 3503 3476 3574 ἐπειδὴ
3510 3502 3781 3573 ἀνέστησε

2188 3582 2280 3634 τὸν
2307 3582 2512 3634 δίκαιον
2538 3583 2768 3649 οἴκοθεν,
2798 3585 2892 3637 κα)⁵
2912 3585 3243 3656 προσέταξεν
3265 3588 3341 3650 εἰς
3368 3587 3468 3656 τὴν
3487 3586 3781 3657 ἀλλοτρίαν

2188 3665 2384 3729 ἐλθεῖν,
2419 3667 2865 3737 παραγενόμενος
2898 3668 2976 3730 δέ,
3000 3668 3247 3739 καθάπερ
3265 3670 3469 3738 ἀλήτης
3490 3670 3581 3721 καὶ
3602 3670 3776 3735 ξένος,

2187 3747 2330 3800 οὑτω
2364 3748 2618 3818 περιῄει,
2663 3748 2773 3803 τῶν
2827 3750 3146 3803 Χαναναίων
3205 3750 3286 3803 ἔτι
3330 3751 3775 3813 κατοικούντων,

2188 3829 2461 3899 ἐπιζητῶν
2481 3832 2612 3883 ὅπου
2636 3831 2733 3901 ’τὴν
2755 3833 3071 3902 κατοίκησιν
3086 3833 3249 3886 αὐτὸν
3261 3835 3590 3903 ποιήσασθαι
3608 3851 3779 3904 προσ-

2188 3911 2353 3979 ῆκεν·
2392 3911 2420 3962 6
2470 3912 2673 3979 ἀγαθὸς
2732 3915 3007 3986 Δεσπότης
3052 3915 3551 3986 παραμυθήσασθαι
3608 3918 3777 3973 αὐτὸν

2190 3992 2533 4062 βουλόμενος,
2599 3995 2692 4047 καὶ
2740 3996 3012 4066 νευρῶσαι
3066 3997 3231 4050 αὐτοῦ
3286 3998 3387 4067 τὴν
3421 3998 3773 4068 προθυμίαν,

2186 4074 2324 4127 ὥστε
2354 4078 2427 4147 μὴ
2452 4079 2741 4147 ναρκῆσαι,
2774 4080 2907 4150 μηδὲ
2940 4081 3212 4135 ἐνδοιάσαι
3233 4083 3368 4153 πρὸς
3396 4081 3495 4151 τὴν
3524 4086 3773 4152 ἐπαγγε-

2188 4157 2307 4210 λίαν
2348 4160 2445 4229 τὴν
2484 4161 2583 4229 ἡδη
2628 4164 3002 4232 γεγενημένην
3043 4163 3180 4234 πρὸς
3224 4164 3416 4229 αὐτὸν,
3443 4166 3529 4217 ὅτι
3561 4167 3773 4235 Δεῦρο,

2188 4241 2286 4294 καί
2310 4244 2544 4310 ποιήσω
2565 4258 2639 4297 σε
2662 4248 2749 4309 είς
2778 4246 2955 4312 ἔθνος
2977 4247 3133 4316 μέγα
3157 4248 3272 4317 (καὶ
3305 4247 3413 4319 7&9
3447 4250 3668 4302 ἐναντία
3701 4255 3771 4322 τῇ

2188 4323 2492 4392 ἐπαγγελία
2515 4324 2663 4396 ἐώρα
2692 4325 2762 4377 τά
2794 4329 3053 4397 γινόμενα
3098 4332 3127 4381 6
3164 4330 3392 4395 δίκαιος,
3428 4332 3521 4384 καὶ
3559 4331 3636 4395 ὡς
3673 4334 3773 4388 ἐνα

2186 4404 2294 4457 τῶν
2314 4406 2545 4460 εὐτελῶν
2566 4408 2660 4459 καὶ
2680 4408 3132 4480 ἀπερριμμένων,
3178 4414 3271 4467 καὶ
3309 4414 3773 4484 ἀπροστατεύτων

2186 4487 2379 4541 ἐαυτὸν
2409 4492 2712 4560 περιιόντα,
2737 4492 2832 4543 καὶ
2859 4491 2978 4543 οὐδὲ
3009 4492 3143 4544 ὅπου
3166 4495 3501 4565 καταχθῆναι
3524 4497 3770 4568 ἔχοντα),

2186 4571 2253 4622 ἶν’
2274 4568 2366 4624 οὖν
2395 4572 2635 4643 διεγείρει
2661 4572 2823 4626 αὐτοῦ
2844 4574 2935 4627 τὸν
2963 4573 3240 4647 λογισμὸν,
3264 4579 3394 4649 φησί
3412 4597 3425 4611 ·
3454 4581 3563 4632 Καὶ
3596 4580 3771 4649 ὤφθη

2185 4654 2398 4720 Κύριος
2426 4653 2505 4719 τῷ
2531 4658 2773 4723 Ἀσραμ,
2811 4656 2909 4708 καί
2927 4652 3097 4710 εἶπεν
3120 4659 3281 4725 αὐτῷ
3304 4678 3315 4689 ·
3354 4661 3437 4725 Τῷ
3465 4662 3773 4731 σπέρματί

2182 4754 2301 4790 σου
2316 4737 2487 4789 δώσω
2504 4738 2613 4806 τὴν
2629 4737 2747 4808 γῆν
2763 4740 3012 4808 ταύτην.
3033 4742 3182 4805 Τέως
3196 4744 3228 4812 ἡ
3244 4744 3535 4815 ὑπόσχεσις
3550 4747 3768 4819 μεγάλη

2184 4819 2277 4871 καὶ
2311 4820 2599 4883 ἀκόλουθος
2653 4824 2718 4890 τῇ
2759 4822 3093 4894 ἐπαγγελίᾳ,
3138 4825 3204 4877 δι’
3242 4821 3308 4897 ἧς
3349 4828 3559 4881 οἴκοθεν
3598 4832 3768 4885 αὑτὸν

2181 4902 2496 4972 ἀνέστησεν.
2522 4900 2652 4956 Είπε
2672 4907 2800 4976 γάρ·
2826 4908 3159 4974 Μεγαλυνῶ
3185 4911 3250 4964 τὸ
3283 4912 3471 4981 ὄνομά
3495 4930 3614 4968 σου
3640 4932 3653 4944 °
3674 4917 3768 4970 διὰ

2179 4984 2336 5038 τοῦτο
2367 4986 2462 5038 νῦν
2483 5004 2613 5057 φησι
2634 4988 2816 5041 πάλιν·
2851 4986 2940 5053 Τῷ
2970 4990 3269 5059 σπέρματί
3301 5011 3420 5049 σου
3450 4995 3623 5050 δώσω
3647 5000 3767 5065 τὴν

2178 5065 2293 5135 γῆν
2324 5069 2563 5133 ταύτην.
2596 5069 2809 5138 Ἐπειδὴ
2828 5070 2936 5140 γὰρ
2958 5074 3015 5123 ἐν
3034 5074 3103 5141 γή
3114 5090 3181 5143 ρα
3200 5076 3483 5146 τυγχάνων
3502 5082 3529 5131 6
3546 5078 3761 5145 δίκαιος

2176 5151 2342 5211 ἄπαις
2366 5147 2451 5221 ἧν,
2482 5150 2571 5204 διά
2598 5152 2697 5222 τὴν
2715 5152 2816 5221 τῆς
2836 5154 3013 5225 Σάρας
3032 5159 3335 5228 στείρωσιν,
3359 5164 3761 5231 ἐπαγγέλλεται

2175 5232 2324 5301 αὐτῷ
2348 5234 2425 5303 τῷ
2446 5232 2503 5297 ἐξ
2524 5234 2689 5286 αὑτοῦ
2711 5237 3015 5308 τικτομένῳ
3044 5239 3141 5309 τὴν
3162 5242 3265 5312 γῆν
3292 5251 3614 5316 παρασχεῖν.
3642 5252 3759 5306 Καὶ

2174 5316 2364 5398 σκόπει
2419 5334 2508 5385 μοι
2544 5316 2678 5369 Θεοῦ
2732 5318 3159 5390 φιλανθρωπίαν,
3204 5326 3319 5389 πῶς
3360 5330 3625 5398 προειδὼς
3658 5338 3755 5387 τοῦ

2171 5397 2378 5450 δικαίου
2408 5400 2504 5465 τὴν
2531 5399 2753 5468 ἀρετὴν,
2800 5400 3047 5469 βούλεται
3076 5408 3209 5459 πᾶσι
3244 5397 3545 5481 κατάδηλον
3588 5416 3754 5470 αὑτὸν

2172 5484 2415 5550 ποιῆσαι,
2442 5481 2534 5532 καὶ
2550 5481 2799 5552 καθάπερ
2832 5487 3175 5556 μαργαρίτην
3196 5491 3316 5543 τινὰ
3347 5498 3749 5565 κρυπτόμενον,

2170 5562 2312 5613 οὑτω
2330 5562 2561 5631 φανερὸν
2588 5565 3024 5633 ἀπεργάσασθαι.
3064 5571 3171 5622 Καὶ
3204 5562 3533 5641 ἐπαγγελίας
3562 5562 3731 5649 ⁷ἐπαγ-

2171 5646 2378 5736 γελίαις
2404 5646 2667 5736 συνάιξιας,
2696 5649 2791 5699 καὶ
2819 5650 3059 5718 μεγάλας
3090 5654 3188 5716 τάς
3223 5656 3541 5727 ὑποσχέσεις
3586 5646 3747 5736 ποιη-

2175 5730 2427 5817 σάμενος,
2482 5729 2640 5817 πάλιν
2688 5733 2882 5802 μικρὸν
2931 5734 3374 5804 διαναϐἀλλεται,
3438 5743 3523 5795 ἵνα
3565 5729 3740 5817 ταύτῇ

2178 5811 2409 5883 μάλιστα
2440 5810 2623 5884 δειχθῇ
2646 5813 2735 5867 τοῦ
2768 5817 3099 5889 πατριάρχου
3139 5824 3198 5875 τὸ
3227 5823 3487 5895 φιλόθεον,
3530 5827 3611 5880 ὅτι
3646 5810 3741 5884 κεί
