4070 6382
217 400 318 453 293

230 509 388 565 Ιι·ιιιὶ;ι
445 512 626 558 nostra
679 493 947 566 vigilantia
996 489 1157 543 multa
1207 492 1415 539 utentes
1460 480 1809 545 decerpamus

222 600 522 652 utilitatem.
552 591 741 646 Solent
768 586 908 641 enim
940 597 1002 636 ea
1031 595 1148 648 qua:
1179 576 1361 629 labore
1389 582 1443 625 et
1469 566 1809 637 inquisitione

227 690 399 755 aliqua
445 682 815 738 inveniuntur,
852 656 1035 739 magis
1062 666 1203 736 inﬁgi
1249 670 1444 717 IlObll‘tB
1488 658 1652 711 menti
1694 672 1708 706 :
1747 667 1809 707 ea

226 790 353 830 vero
397 789 516 842 qua:
561 770 709 822 facile
757 762 1134 822 inveniuntur,
1166 756 1322 808 citius
1369 767 1398 804 e
1435 748 1597 803 corde
1627 753 1811 797 nostro

229 864 462 917 avolare.
491 860 728 914 Obsecro
758 855 913 922 igitur
939 866 1004 904 ne
1031 849 1196 901 simus
1223 843 1568 912 negligentes,
1602 834 1695 889 sed
1720 849 1811 885 ex-

226 958 459 1009 citemus
488 964 719 1003 mentem
752 952 986 998 nostram
1013 982 1027 1005 ,
1058 949 1113 991 et
1151 936 1359 1005 penitus
1386 933 1437 984 in
1469 931 1636 997 ipsa-‘n
1668 924 1815 980 Scri-

230 1055 507 1114 pturarum
542 1036 949 1108 profunditatem
988 1032 1325 1087 intueamur,
1364 1032 1421 1077 ut
1459 1019 1647 1089 majori
1691 1015 1815 1069 inde

232 1136 382 1187 lucro
410 1105 629 1199 accepto
648 1167 663 1191 ,
694 1126 912 1179 domum
943 1118 1116 1174 redire
1147 1117 1319 1168 liceat.
1358 1113 1447 1165 Est
1475 1110 1617 1165 enim
1638 1105 1813 1160 eccle-

228 1225 307 1278 sia
353 1223 445 1276 Dei
487 1228 754 1273 mercatus
791 1211 1005 1282 quidam
1050 1205 1341 1277 spiritualis
1386 1202 1818 1266 medicorumque

230 1314 444 1367 olllcina
477 1307 755 1363 animabus
788 1320 802 1357 :
830 1311 885 1356 et
916 1315 1008 1369 par
1036 1306 1149 1362 est,
1177 1305 1232 1349 ut
1256 1296 1391 1349 sicut
1417 1292 1505 1361 qui
1535 1290 1599 1343 ad
1628 1288 1819 1343 ntmdi-

239 1418 337 1455 nas
363 1401 600 1457 veniunt,
622 1394 743 1449 inde
766 1392 944 1445 multis
965 1387 1228 1442 mercibus
1247 1382 1489 1437 collectis
1505 1379 1815 1435 redeamus:

237 1492 320 1544 vel
346 1489 496 1558 quasi
524 1501 554 1541 e
575 1484 764 1538 medici
793 1483 974 1543 domo,
1005 1476 1233 1544 receptis
1257 1488 1375 1542 qua:
1402 1470 1602 1524 morbis
1624 1467 1820 1520 nostris

234 1585 540 1648 congruunt
581 1570 981 1627 medicamentis
1004 1607 1021 1630 ,
1060 1579 1331 1619 exeamus.
1378 1560 1491 1613 Non
1522 1558 1664 1612 enim
1697 1556 1819 1608 ideo

237 1668 480 1737 quotidie
525 1664 880 1725 conﬂuimus,
929 1667 987 1711 ut
1033 1656 1305 1709 dumtaxat
1350 1658 1643 1705 conventus
1695 1648 1824 1699 liant

236 1757 552 1828 simpliciter
596 1772 609 1808 :
649 1751 744 1807 sed
788 1758 1063 1819 propterea
1100 1755 1487 1813 congregantur
1514 1778 1527 1800 ,
1561 1747 1618 1791 ut
1658 1750 1822 1789 unus—

237 1849 460 1915 quisque
483 1844 770 1914 pbarmaeo
790 1840 899 1893 suis
919 1834 1194 1891 all'ectibus
1214 1829 1526 1899 coagruenti
1550 1833 1820 1894 suscepto,

239 1937 459 1989 dontum
488 1931 769 1987 concedat.
809 1924 1087 1995 Quomodo
1125 1923 1265 1977 enim
1305 1936 1409 1974 non
1440 1918 1601 1971 luerit
1636 1916 1824 1969 absuro

177 2067 187 2075 .
240 2025 522 2079 dissimunt
543 2062 558 2085 ,
584 2036 682 2075 nos
706 2034 735 2072 a
762 2015 994 2087 puerulis
1014 2012 1210 2067 nostris
1231 2008 1299 2063 ad
1332 2008 1511 2062 ludum
1534 2004 1824 2058 literarium

242 2116 419 2171 missis
440 2114 676 2184 quotidie
704 2120 883 2180 petere
905 2147 921 2173 ,
947 2105 1073 2173 quid
1101 2101 1354 2159 discendo
1385 2098 1704 2171 prolecerint
1726 2136 1743 2161 ,
1773 2103 1828 2148 et

241 2206 570 2276 adiecerint;
620 2216 792 2269 neque
833 2199 976 2254 enini
1026 2197 1323 2251 siueremus
1375 2206 1468 2244 eos
1511 2190 1702 2241 frustra
1727 2226 1740 2249 ,
1774 2195 1828 2238 et

242 2297 442 2367 absque
468 2295 691 2349 utilitate
716 2293 769 2345 in
796 2289 976 2345 ludum
1003 2287 1100 2350 ire,
1130 2283 1227 2337 nisi
1255 2282 1482 2335 fructum
1510 2278 1824 2345 ampliorem

245 2387 366 2441 inde
395 2392 755 2452 consequutus
781 2379 1122 2437 videremus;
1166 2388 1263 2426 nos
1302 2379 1478 2423 autem
1508 2367 1595 2436 qui
1633 2367 1828 2433 justam

245 2485 455 2532 aetatem
478 2474 758 2533 habemus,
779 2477 833 2523 et
864 2470 914 2521 in
935 2463 1238 2534 spirituales
1258 2460 1469 2515 scholas
1490 2456 1827 2513 ventitamus.

250 2582 353 2620 non
380 2580 476 2634 par
504 2563 609 2616 illis
638 2559 869 2614 studium
901 2554 1154 2610 exhibere
1178 2592 1194 2616 ,
1225 2550 1454 2604 maxime
1483 2561 1603 2603 eum
1635 2544 1747 2597 haec
1778 2543 1829 2596 iu

252 2660 459 2712 lucrum
478 2665 533 2709 et
546 2654 770 2705 salutent
791 2648 1087 2703 animarum
1109 2640 1387 2713 spectent?
1410 2638 1571 2709 igitur
1585 2635 1829 2699 obsecro,

251 2758 309 2803 ut
346 2760 581 2813 setpsutn
626 2740 862 2812 quotidie
891 2744 1155 2791 scrutetur
1184 2731 1542 2800 unusquisque
1564 2768 1580 2794 ,
1615 2725 1739 2794 quid
1767 2740 1835 2777 ex

254 2839 536 2899 hodierna,
563 2833 687 2903 quid
710 2847 773 2886 ex
799 2829 1037 2899 proxima
1060 2825 1284 2880 lectione
1307 2818 1548 2874 utilitatis
1569 2816 1833 2880 retulerit,

254 2941 312 2985 ut
343 2945 409 2983 ne
444 2926 719 2981 videamur
746 2932 802 2978 et
841 2934 939 2975 nos
972 2929 1170 2972 temere
1208 2924 1365 2982 atque
1402 2911 1596 2964 frustra
1625 2908 1831 2962 adesse.

253 3020 406 3085 Quod
452 3028 627 3070 autem
669 3015 771 3068 hoc
808 3027 905 3065 nos
934 3012 1085 3076 culpa
1128 3007 1389 3059 immunes
1418 2999 1604 3054 reddat
1634 2997 1836 3069 (oﬂ'eri-

256 3125 374 3164 tuus
398 3109 540 3162 enim
567 3102 821 3175 quidquid
851 3100 1015 3154 nostri
1044 3106 1124 3151 est
1154 3093 1314 3147 ofﬁcii
1335 3134 1349 3157 ,
1378 3100 1430 3144 et
1462 3088 1591 3142 nihil
1622 3099 1839 3157 prorsus

258 3201 401 3270 quod
433 3208 627 3252 nostra:
654 3197 722 3248 sit
747 3190 1007 3247 facultatis
1035 3186 1424 3257 praeterimus);
1455 3181 1596 3252 quod
1623 3195 1749 3233 vero
1776 3178 1839 3231 iis

259 3294 349 3360 qui
381 3290 538 3343 nobis
576 3291 887 3339 succensent
909 3322 924 3345 ,
960 3294 1055 3333 nec
1083 3283 1402 3337 occurrunt,
1434 3288 1530 3323 nec
1555 3270 1693 3323 dicta
1722 3265 1841 3321 dili-

258 3393 443 3453 genter
464 3377 780 3437 auscultant,
803 3371 1017 3439 majoris
1039 3363 1497 3422 condemnationis
1518 3361 1585 3413 sit
1606 3358 1837 3419 occasio,

258 3472 379 3526 audi
418 3469 687 3523 Christum
725 3464 989 3517 dicentem
1024 3460 1071 3511 ei
1099 3458 1187 3525 qui
1234 3456 1487 3509 talentum
1516 3452 1791 3506 defodcrat
1826 3467 1839 3501 :

260 3563 418 3617 Serve
450 3573 696 3626 nequam,
729 3551 983 3619 Oportebat
1013 3560 1058 3600 te
1082 3547 1345 3617 pecuniam
1381 3560 1539 3596 nteam
1577 3542 1714 3609 apud
1745 3555 1812 3591 nu

261 3651 506 3703 mulurios
536 3645 841 3715 deposuisse,
868 3652 913 3693 et
942 3640 1140 3692 veniens
1161 3652 1252 3705 ego
1275 3634 1579 3704 rcpcttissem
1600 3647 1709 3683 eum
1732 3646 1844 3681 cum

262 3759 416 3795 usura
444 3738 654 3809 (Matth.
684 3735 773 3789 25.
803 3733 892 3787 ‘26.
922 3731 1047 3800 9.7);
1076 3729 1142 3781 de
1166 3727 1368 3782 Juda-is
1399 3736 1575 3778 autem
1608 3741 1620 3775 :
1657 3723 1715 3775 Si
1744 3738 1845 3773 non

261 3833 525 3893 retiis-sem,
557 3838 600 3879 et
631 3829 865 3893 loquutus
886 3823 1092 3893 fuissem
1118 3820 1207 3877 eis.
1242 3826 1497 3885 peccatum
1520 3831 1618 3866 non
1646 3812 1848 3865 habuis-

263 3931 369 3975 sent
392 3938 411 3984 ;
440 3934 571 3971 nunc
598 3926 764 3968 autent
792 3912 1165 3966 excusationem
1195 3925 1292 3958 non
1319 3906 1499 3957 habent
1529 3906 1546 3971 (
1570 3902 1723 3955 Joan.
1758 3901 1843 3954 15.

263 4012 379 4079 2‘3).
410 4011 671 4063 Caeterum
700 4020 798 4058 nos
825 4020 963 4055 nunc
993 4017 1100 4053 non
1122 3999 1222 4051 ltoc
1252 4009 1516 4057 curamus,
1553 4005 1605 4046 ut
1634 4007 1849 4059 prorsus

268 4104 494 4157 crimine
520 4112 816 4158 careamus,
843 4105 897 4148 et
926 4094 975 4145 in
1006 4092 1148 4145 nullo
1171 4103 1472 4155 arguantur,
1497 4084 1590 4138 sed
1619 4094 1847 4136 vestrum

270 4194 562 4262 profectqu
588 4188 767 4241 videre
789 4184 1052 4253 cupimus,
1076 4190 1130 4233 et
1155 4188 1387 4232 nostram
1416 4177 1649 4228 laetitiam
1680 4172 1851 4225 immi-

271 4286 360 4338 nui
388 4283 727 4343 arbitramur,
754 4278 912 4330 etiam
936 4272 1273 4339 quantumvis
1303 4269 1499 4323 innoxii
1533 4267 1630 4334 ipsi
1659 4267 1848 4329 simus,

271 4376 371 4429 nisi
414 4381 470 4427 et
514 4388 607 4423 vos
650 4368 881 4422 studium
924 4364 1189 4417 laboribus
1221 4360 1415 4413 nostris
1455 4359 1669 4426 dignum
1702 4356 1853 4409 cxbi-

274 4464 515 4518 lmeritis.
551 4460 673 4512 Ilaec
700 4458 842 4511 enim
870 4464 1063 4508 nostrae
1093 4452 1287 4505 laatitia:
1312 4460 1530 4502 materia
1560 4456 1661 4510 est,
1694 4447 1737 4498 si
1767 4462 1855 4496 ve-

274 4566 381 4607 stra
416 4553 468 4605 itt
517 4546 877 4617 spiritualibus
918 4544 1243 4596 incrementa
1289 4539 1582 4591 videamus.
1632 4536 1700 4587 Et
1744 4534 1855 4586 scio

273 4642 487 4709 quidem
511 4656 603 4691 vos
626 4653 717 4704 per
741 4635 963 4704 gratiam
990 4634 1079 4685 Dei
1112 4642 1312 4684 tantum
1336 4629 1535 4696 pollere
1564 4628 1850 4686 intellectu,

278 4744 334 4785 nt
362 4742 415 4784 et
444 4730 576 4782 alios
605 4729 820 4779 valeatis
858 4724 1158 4784 exhortari;
1190 4722 1283 4774 sed
1314 4719 1601 4772 secundum
1644 4719 1854 4770 beatum

275 4826 531 4885 l'auluut,
563 4818 873 4873 memoriam
904 4825 1132 4867 vestram
1165 4813 1355 4863 rel'rico
1376 4850 1389 4874 ,
1422 4820 1473 4863 et
1506 4826 1732 4877 provoco
1761 4823 1857 4861 vc-

273 4927 446 4968 strum
478 4909 647 4963 zelum
681 4907 948 4973 animique
974 4903 1205 4955 studium
1231 4941 1243 4959 ,
1275 4899 1500 4951 subinde
1527 4899 1641 4950 lnec
1670 4898 1855 4948 admo-

276 5021 453 5063 nens,
495 5012 548 5054 et
594 4998 813 5065 cupiens
867 5009 959 5047 vos
1007 4992 1269 5061 perfectos
1318 4999 1369 5040 et
1421 4988 1691 5039 absolutos
1741 5000 1859 5038 esse

276 5097 475 5163 (Rom.
521 5092 607 5145 15.
656 5089 781 5157 l5).
824 5085 940 5139 Non
988 5084 1130 5135 enim
1174 5081 1443 5139 tttcdiocre
1490 5086 1858 5145 argumentum

284 5188 408 5240 mihi
441 5194 522 5237 est
562 5183 663 5234 hoc
694 5180 849 5231 vestri
890 5180 941 5231 itt
973 5177 1163 5229 divinis
1206 5176 1470 5241 prolectus
1494 5213 1507 5233 ,
1536 5170 1672 5237 quod
1716 5178 1859 5221 tanta

284 5278 559 5329 alacritate
588 5272 824 5342 quotidie
857 5271 957 5322 huc
983 5267 1306 5320 conveniatis
1329 5306 1341 5329 ,
1376 5274 1429 5317 et
1467 5262 1727 5330 spirituali
1764 5260 1861 5311 do-

283 5369 453 5420 trtrina
485 5365 686 5429 expleri
717 5378 818 5414 non
850 5360 1081 5429 possitis.
1112 5358 1242 5411 Nam
1269 5353 1711 5424 qttcmadmodum
1736 5366 1865 5404 eot—

289 5458 483 5526 poralis
498 5455 601 5507 cibi
619 5453 898 5520 appetitus,
919 5450 1167 5502 iudicium
1186 5458 1265 5499 est
1288 5446 1499 5512 optinnc
1518 5442 1860 5494 valetudinis:

290 5559 357 5600 ita
385 5545 705 5599 desiderium
738 5542 1025 5610 spiritualis
1054 5540 1308 5591 doctrmzc
1328 5578 1342 5600 ,
1376 5535 1863 5587 manifestissimum

292 5645 653 5705 argumentum
682 5644 763 5686 est
793 5633 981 5684 anima:
1013 5632 1145 5683 bene
1173 5628 1413 5679 valentis.
1449 5630 1780 5691 Quapropter
1811 5634 1865 5677 et

292 5744 387 5794 rgo
418 5730 552 5781 bene
578 5725 819 5779 conscius
840 5723 996 5779 vestri
1024 5720 1291 5783 desiderii,
1317 5718 1452 5787 quod
1474 5718 1673 5771 scilicet
1698 5734 1860 5785 quam

1244 372 1307 427 IN
1344 369 1498 425 CAP.
1540 364 1653 421 Xll.
1694 361 1940 419 GENES.
1986 355 2217 413 HOMIL.
2254 350 2473 408 XXXII.

3395 338 3503 392 illi

1914 468 2113 523 tumvis
2142 464 2429 535 producam
2458 475 2761 515 sermonem
2783 502 2798 524 ,
2833 474 2936 513 non
2966 458 3165 526 possim
3191 457 3277 511 vel
3308 458 3385 510 sic
3408 471 3508 510 ex-

1916 559 2061 627 plere
2090 553 2414 609 desiderium
2444 592 2458 613 ,
2488 560 2544 605 et
2570 550 2823 603 alimento
2850 547 3109 616 Spirituuli
3143 561 3237 600 vos
3266 546 3465 599 satiare
3486 584 3502 609 ,

1916 664 2020 702 non
2046 646 2248 699 desisto
2276 659 2371 712 pro
2398 658 2514 695 mea
2547 642 2684 694 virili
2709 680 2724 705 ,
2753 656 2813 694 ea
2840 655 2957 708 quin
2991 638 3083 692 Dei
3112 639 3282 707 gratia
3310 652 3500 705 suppe-

1915 738 2069 801 ditat,
2102 736 2153 791 in
2183 743 2413 787 vestram
2446 732 2722 785 utilitatem
2749 730 2988 799 quotidie
3011 728 3160 783 vobis
3183 743 3502 797 proponere.

1916 836 1972 882 et
2010 827 2204 880 divina:
2234 823 2525 893 Scriptura:
2563 821 2862 876 doctrinam
2893 819 3160 874 mentibus
3191 818 3383 873 vestris
3424 818 3507 870 in-

1918 932 2118 972 serere.

1988 1008 2043 1061 2.
2086 1008 2223 1061 Deus
2250 1004 2501 1077 quomodo
2531 1003 2779 1058 videatur.
2824 1030 2895 1041 —
2934 1002 3046 1071 Age
3072 1001 3231 1069 igitur
3257 1008 3315 1055 et
3350 1000 3510 1055 hodie

1920 1098 2317 1152 misericordem
2346 1096 2512 1150 Demn
2538 1094 2903 1156 Obsecremus,
2932 1104 2989 1146 ut
3015 1093 3245 1161 linguam
3273 1103 3510 1147 nostram

1921 1187 2118 1256 dirigat
2146 1186 2211 1239 ad
2246 1184 2623 1239 inveniendum
2648 1180 2790 1251 quod
2818 1182 3125 1251 quaerimus,
3157 1190 3208 1234 et
3238 1196 3339 1249 pro
3364 1198 3513 1235 more

1925 1287 2108 1331 nostro
2137 1277 2288 1330 vobis
2314 1276 2600 1329 aﬂ‘eramus
2624 1273 2943 1334 doctrinam,
2972 1271 3255 1339 propositis
3284 1271 3510 1340 primunt

1927 1369 2007 1423 bis
2033 1385 2151 1438 qua:
2180 1368 2313 1423 lecta
2341 1375 2464 1421 sunt
2490 1363 2700 1419 caritati
2735 1374 2945 1417 vestrm.
2972 1364 3025 1418 7.
3057 1363 3121 1415 Et
3147 1364 3280 1417 visus
3309 1374 3401 1427 est,
3435 1365 3515 1416 in-

1924 1461 2056 1529 quit,
2086 1460 2336 1513 Dominus
2361 1458 2527 1513 Abrw.
2560 1455 2627 1510 Et
2656 1458 2783 1510 dixit
2806 1458 2869 1510 ei.
2899 1455 3085 1509 Nonne
3110 1457 3243 1511 bene
3272 1457 3511 1511 dicebam

1925 1554 1993 1605 ab
2024 1552 2191 1616 ittitio,
2223 1552 2387 1604 latere
2408 1550 2459 1604 iit
2486 1548 2668 1617 paucis
2696 1548 2799 1601 illis
2824 1548 2999 1602 verbis
3026 1564 3272 1617 magnum
3301 1547 3510 1602 tbesan.

1927 1643 2084 1696 rum?
2129 1644 2268 1696 Ecce
2310 1641 2450 1695 enim
2489 1640 2668 1694 statim
2720 1655 2896 1692 rarum
2940 1648 2996 1693 et
3030 1638 3344 1692 admirabile
3389 1654 3513 1707 pro-

1925 1734 2143 1789 (nmium
2164 1751 2177 1786 :
2200 1732 2264 1785 Et
2284 1733 2418 1786 visus
2446 1742 2540 1798 est,
2572 1730 2759 1799 inquit,
2784 1728 3029 1782 Dominus
3052 1729 3188 1782 Deus
3214 1728 3380 1782 Abra'.
3405 1730 3517 1783 lloe

1930 1830 2157 1892 primum
2198 1822 2497 1878 invenimus
2528 1822 2578 1874 in
2617 1820 2890 1889 Scriptura
2920 1834 3063 1873 nunc
3101 1820 3300 1873 dictum
3326 1858 3341 1882 ,
3372 1820 3514 1889 quod

1930 1916 2074 1969 visus
2102 1914 2208 1967 sit:
2236 1927 2407 1982 neque
2436 1912 2577 1967 enim
2607 1912 2875 1980 Scriptura
2902 1910 3079 1964 divina
3109 1910 3272 1964 verbo
3296 1910 3397 1963 boe
3424 1928 3515 1965 usa

1929 2016 2031 2070 est,
2061 2020 2183 2059 cum
2214 2003 2281 2058 de
2310 2003 2516 2066 Adam,
2552 2003 2633 2056 vel
2665 2002 2731 2055 de
2758 2001 2927 2066 Abel,
2956 2001 3038 2055 vt-l
3068 2000 3136 2055 de
3165 2000 3308 2066 Noe,
3344 2003 3424 2056 vel
3451 2001 3519 2055 de

1930 2099 2035 2151 alio
2058 2097 2305 2166 quopiam
2329 2097 2542 2164 loquuta
2564 2106 2666 2148 est.
2690 2093 2827 2159 Quid
2850 2092 3007 2163 igitur
3025 2105 3101 2147 es:
3127 2092 3266 2160 quod
3286 2092 3477 2147 dicitur
3502 2110 3515 2144 :

1936 2190 2000 2240 Et
2042 2189 2178 2241 visus
2216 2196 2289 2242 est
2314 2187 2338 2239 ?
2368 2187 2433 2239 Et
2465 2184 2735 2253 quomodo
2758 2184 2882 2236 alibi
2921 2183 3045 2236 dicit
3077 2201 3089 2233 :
3125 2181 3315 2236 Nullas
3341 2181 3521 2235 videbit

1933 2278 2097 2331 licunt
2118 2318 2132 2341 ,
2165 2288 2212 2330 et
2243 2277 2368 2330 vivet
2404 2275 2421 2344 (
2452 2275 2617 2329 Exod.
2646 2275 2735 2329 55.
2759 2274 2831 2327 ‘20
2855 2274 2911 2341 )2'
2937 2273 3070 2339 Quid
3101 2273 3258 2341 igitur
3286 2274 3524 2327 dicemus

1936 2384 2076 2423 nunc
2099 2368 2372 2436 Scriptura
2398 2368 2608 2420 dicente
2636 2382 2649 2417 :
2680 2364 2749 2417 Et
2777 2366 2908 2418 visus
2936 2376 3008 2417 est
3026 2364 3053 2416 .9
3076 2362 3352 2431 Quomodo
3380 2363 3523 2417 visus

1933 2467 2015 2512 est
2038 2458 2221 2526 justo?
2248 2456 2383 2509 Num
2412 2457 2577 2524 ipsam
2614 2454 2963 2508 substantiam
2996 2454 3159 2506 vidit?
3186 2452 3334 2517 Non,
3358 2453 3516 2507 absit.

1934 2549 2038 2604 Sed
2067 2549 2232 2619 quid?
2269 2548 2358 2602 Sic
2383 2548 2528 2601 visus
2562 2555 2644 2601 est
2667 2587 2681 2610 ,
2716 2555 2771 2598 ut
2800 2547 2915 2613 ipse
2950 2546 3096 2599 solus
3120 2546 3219 2598 scit
3245 2588 3258 2609 ,
3288 2556 3342 2599 et
3369 2555 3425 2599 ut
3452 2546 3524 2599 illi

1938 2640 2188 2711 possibile
2218 2649 2333 2695 erat
2363 2639 2562 2693 videre.
2600 2637 2784 2693 Solcrs
2809 2638 2950 2692 enim
2982 2655 3102 2691 cum
3134 2638 3200 2691 sit
3228 2638 3438 2706 sapiens
3472 2648 3527 2692 et

1938 2730 2242 2784 misericors
2283 2730 2538 2783 Dominus
2583 2739 2763 2783 noster
2787 2769 2802 2792 ,
2835 2744 2895 2782 se
2934 2728 3180 2781 humanae
3210 2738 3529 2795 attemperat

1939 2831 2160 2886 nature,
2192 2830 2246 2874 et
2269 2820 2615 2888 semetipsum
2649 2820 2711 2872 iis
2739 2821 2826 2887 qui
2853 2834 2912 2873 se
2940 2830 3097 2873 antea
3128 2819 3285 2888 digne
3316 2834 3521 2888 ιιι-ξιιμ»

1943 2920 2216 2974 raverunt,
2240 2909 2493 2963 ostendit.
2528 2908 2688 2978 ldque
2714 2900 3046 2962 demonstrat
3074 2924 3165 2976 per
3192 2909 3524 2977 prophetam.

1941 3003 2128 3056 dicens
2158 3019 2170 3055 :
2205 3001 2316 3070 Ego
2356 3002 2567 3054 visiones
2596 3000 2927 3066 multiplicari
2950 3041 2964 3062 ,
2998 3010 3043 3051 et
3075 3000 3125 3051 in
3156 3000 3383 3053 munibus
3412 3015 3530 3069 pro-

1940 3092 2208 3159 phetarum
2249 3089 2554 3143 assimilatas
2582 3090 2659 3158 fui
2701 3089 2719 3157 (
2750 3087 2876 3141 Osee
2905 3088 2989 3141 12.
3022 3087 3087 3141 l0
3114 3088 3155 3158 ).
3188 3087 3446 3155 Quoniam
3474 3100 3527 3142 et

1936 3178 2104 3236 Isaias
2138 3180 2265 3233 vidit
2303 3195 2423 3234 eum
2465 3180 2736 3232 sedentem
2768 3180 2784 3247 (
2814 3177 2943 3234 Isai.
2971 3180 3023 3233 6.
3060 3179 3080 3232 l
3107 3180 3127 3248 )
3155 3194 3170 3233 ε
3202 3180 3302 3232 hoc
3344 3189 3522 3233 autem

1944 3271 2054 3325 Deo
2096 3269 2366 3339 indignum
2396 3285 2409 3321 :
2440 3270 2579 3322 Deus
2608 3269 2750 3321 enim
2789 3283 2893 3321 non
2922 3268 3109 3331 sedet;
3140 3268 3227 3338 qui
3261 3268 3401 3323 enim
3431 3285 3526 3338 po-

1947 3373 2087 3428 test,
2144 3378 2266 3417 eum
2309 3362 2378 3416 sit
2419 3362 2732 3430 incorporea
2772 3370 2826 3414 et
2866 3360 3102 3413 interitui
3143 3378 3246 3413 non
3304 3362 3531 3415 obnoxia

1949 3454 2173 3508 natura?
2217 3462 2272 3507 et
2314 3452 2494 3506 Daniel
2535 3467 2747 3522 quoque
2792 3452 2921 3503 vidit
2960 3467 3081 3504 eum
3108 3492 3123 3517 ,
3166 3460 3221 3504 ut
3257 3451 3531 3521 antiquum

1945 3548 2154 3601 dierum
2188 3545 2364 3617 (Dan.
2399 3547 2452 3598 7.
2483 3544 2629 3613 22);
2672 3544 2955 3597 Zacharias
2997 3553 3175 3597 autent
3221 3543 3375 3597 aliter
3410 3559 3534 3596 etttu

1948 3639 2215 3691 contuitus
2242 3649 2325 3691 est
2347 3640 2363 3705 (
2388 3636 2549 3690 Zuclt.
2580 3638 2601 3689 l
2627 3636 2644 3704 )
2667 3654 2681 3698 ;
2711 3635 2803 3689 sed
2827 3643 2882 3689 et
2911 3635 3153 3689 Ezechiel
3180 3634 3354 3689 aliter.
3382 3634 3538 3690 Unde

1950 3730 2160 3782 dicebat
2193 3746 2203 3781 :
2236 3728 2345 3797 Ego
2376 3728 2588 3780 visiones
2615 3727 2940 3793 multiplicari
2966 3743 2983 3778 ι
3007 3727 3105 3779 ltoc
3124 3735 3224 3789 est,
3258 3728 3538 3795 unicuique

1950 3819 2168 3887 apparui
2200 3832 2294 3886 pro
2322 3832 2415 3870 sua
2445 3815 2721 3884 dignitate.
2756 3816 2824 3867 Et
2848 3830 2986 3867 nunc
3013 3831 3223 3883 quoque
3247 3857 3261 3877 ,
3295 3817 3417 3883 quia
3450 3817 3538 3881 ju-

1954 3920 2093 3961 stum
2122 3923 2150 3959 a
2178 3907 2339 3959 domo
2364 3906 2479 3974 ejus
2504 3914 2771 3965 evocarat,
2801 3914 2853 3957 et
2874 3905 3107 3971 jUssemt
3135 3905 3183 3955 in
3211 3904 3436 3957 alienam
3462 3905 3540 3957 ire

1956 4010 2171 4061 terram,
2202 3997 2251 4049 in
2274 4012 2431 4065 quam
2454 4011 2575 4048 cum
2601 3996 2855 4058 vertisset,
2881 4006 3146 4062 tamquam
3171 4008 3332 4064 vagus
3353 3997 3541 4064 agebat

1954 4097 2008 4139 et
2040 4087 2349 4154 peregrinus
2370 4126 2385 4148 ,
2416 4095 2595 4152 utpote
2622 4084 2936 4137 Chanaan-is
2969 4085 3071 4137 illic
3096 4084 3269 4137 adhuc
3298 4085 3534 4137 habitam

1959 4176 2116 4236 tibus,
2150 4176 2419 4242 inquirens
2448 4174 2535 4225 ubi
2563 4174 2886 4227 domicilium
2913 4174 3179 4226 collocare
3208 4174 3377 4241 ipsttnt
3407 4190 3532 4227 cou-

1956 4269 2161 4320 veniret
2183 4284 2195 4320 :
2218 4267 2389 4319 bonus
2406 4266 2661 4321 Dominus
2677 4266 2938 4319 consolari
2960 4281 3103 4330 eum,
3123 4274 3176 4319 ct
3196 4265 3312 4335 ejus
3334 4267 3543 4320 firmare

1958 4358 2284 4409 alacritatem
2309 4356 2514 4419 volens,
2541 4366 2596 4408 ut
2622 4370 2689 4408 ne
2716 4362 3061 4423 torpesceret,
3088 4370 3257 4423 neque
3282 4354 3549 4407 dubitaret

1959 4448 2027 4502 de
2068 4447 2419 4515 promissione
2443 4446 2554 4514 jam
2583 4447 2684 4499 sibi
2718 4448 2849 4499 facta
2876 4486 2890 4509 ,
2920 4462 3020 4514 qua
3048 4447 3179 4498 dixit
3209 4462 3226 4498 :
3267 4446 3386 4497 Veni
3414 4446 3547 4510 huc,

1960 4551 2005 4590 et
2040 4538 2223 4607 furiam
2250 4548 2294 4589 te
2322 4538 2372 4588 in
2399 4547 2589 4606 gentem
2617 4553 2851 4603 magnam
2877 4535 3338 4603 (quandoquidem
3367 4535 3547 4587 diver-

1962 4644 2020 4682 sa
2046 4644 2075 4679 a
2105 4627 2456 4696 promissione
2482 4626 2692 4678 videbat
2714 4626 2824 4677 lieri
2850 4666 2865 4689 ,
2894 4635 2947 4677 et
2987 4639 3044 4676 se
3082 4624 3425 4676 obambulare
3476 4625 3549 4676 uti

1962 4720 2225 4786 abjectum
2257 4726 2310 4771 et
2341 4717 2494 4768 vilem
2516 4756 2529 4779 ,
2558 4727 2607 4768 et
2635 4716 2776 4767 omni
2808 4714 3052 4782 praesidio
3072 4714 3381 4765 dest.tutum
3404 4756 3419 4776 ,
3455 4729 3552 4766 nc-

1964 4826 2067 4878 quc
2095 4811 2374 4861 habentem
2406 4806 2491 4859 tibi
2521 4807 2804 4858 diverteret
2828 4805 2845 4873 )
2865 4846 2878 4867 ,
2910 4814 2965 4857 ut
2994 4806 3149 4873 igitur
3174 4815 3405 4857 mentem
3440 4805 3556 4872 ejus

1965 4901 2178 4963 excitet,
2208 4901 2374 4967 inquit
2403 4917 2414 4949 :
2446 4898 2508 4950 Et
2538 4899 2668 4949 visus
2688 4908 2756 4949 est
2788 4895 3029 4948 Dominus
3046 4897 3208 4957 Abrte,
3239 4906 3283 4948 et
3314 4896 3440 4947 dixit
3466 4897 3512 4947 ei
3538 4911 3556 4947 :

1966 4989 2163 5043 Semint'
2194 5001 2276 5040 ttto
2306 4990 2433 5040 dabo
2466 4998 2647 5038 terram
2678 4988 2827 5037 hanc.
2881 4986 2977 5038 Est
3020 4994 3073 5038 et
3104 4985 3217 5039 ltzec
3246 4986 3559 5053 pollicitalio

1967 5097 2175 5151 magna,
2205 5089 2259 5133 et
2285 5080 2472 5133 similis
2500 5078 2572 5130 illi
2601 5095 2692 5144 per
2718 5094 2874 5144 quant
2906 5093 3026 5130 eum
3050 5092 3077 5127 a
3100 5076 3259 5128 dottto
3282 5088 3555 5130 evocarat.

1969 5177 2185 5230 Dixerat
2222 5174 2363 5226 enim
2409 5188 2423 5222 :
2471 5170 2809 5240 Magniﬁcubo
2840 5185 3019 5219 nomen
3057 5178 3198 5219 tuum
3228 5184 3245 5220 :
3277 5179 3553 5235 propterea

1970 5281 2107 5319 tmnc
2132 5265 2319 5316 iterum
2344 5262 2474 5314 dicit
2503 5280 2516 5312 :
2548 5261 2740 5313 Semini
2770 5271 2855 5310 tuo
2882 5260 3010 5311 dabo
3038 5272 3221 5311 terram
3246 5260 3396 5312 hanc.
3422 5259 3550 5310 Nam

1968 5372 2087 5408 eum
2112 5354 2219 5421 jam
2252 5368 2411 5404 senex
2440 5364 2573 5403 esset
2604 5350 2778 5415 justus
2802 5392 2814 5414 ,
2844 5351 3054 5417 lili0qtte
3084 5357 3291 5403 careret
3314 5351 3382 5401 ob
3408 5352 3554 5401 Salue

1970 5445 2300 5497 sterilitatem
2329 5483 2342 5505 ,
2381 5441 2638 5509 protuiltit
2678 5458 2736 5493 se
2768 5442 2813 5493 ei
2838 5483 2851 5503 ,
2881 5442 2970 5508 qui
3014 5458 3076 5493 ex
3111 5442 3225 5509 ipso
3255 5443 3554 5496 nasciturus

1972 5534 2062 5596 sit,
2084 5543 2277 5587 terram
2301 5531 2562 5583 daturum.
2602 5530 3015 5583 Misericordiam
3048 5532 3139 5583 liei
3164 5530 3268 5593 hic,
3296 5546 3410 5593 oro,
3439 5547 3554 5582 con-

1973 5625 2145 5677 sidera
2180 5665 2191 5687 ,
2226 5620 2490 5688 quomodo
2520 5636 2639 5673 cum
2673 5622 2942 5687 prmsciret
2975 5620 3101 5687 justi
3140 5619 3417 5680 virtutem,
3452 5621 3557 5672 vult

1974 5732 2093 5768 cum
2127 5714 2371 5766 euntibus
2404 5711 2736 5765 manifestum
2772 5712 2944 5764 l'accrc
2969 5752 2981 5777 ,
3010 5722 3062 5765 ct
3088 5711 3137 5764 itt
3166 5711 3336 5766 luccut
3367 5709 3555 5764 cll'crt'e
