4070 6386
513 350 621 405 ’2³5

516 456 663 520 quasi
694 456 1034 526 margaritam
1062 456 1294 525 aliquam
1323 465 1447 511 ante
1471 453 1754 510 condiam.
1790 451 1941 510 Unde
1967 466 2089 507 cum

519 546 900 613 ιλνοηιίεείοιια
919 545 1358 618 promissionibus
1380 545 1733 615 adiunxisset,
1758 545 1946 600 iterum
1970 558 2095 615 par-

517 652 633 691 vam
654 651 862 693 moram
881 638 1041 693 trahit
1058 647 1112 691 ct
1127 636 1323 700 dill'crt,
1342 647 1399 689 ut
1423 635 1520 689 hac
1538 636 1872 705 patissimum
1888 635 2092 692 ratione

514 730 828 799 patriarchae
864 730 1031 800 pietas
1074 738 1435 795 nimistretur,
1465 728 1587 798 quia
1629 744 1714 783 res
1753 742 1908 784 secus
1933 742 2091 798 quam

515 819 957 887 promittebantur
979 818 1191 874 evenire
1217 818 1399 873 videns
1420 818 1736 891 licatusjlle,
1758 832 1862 874 non
1887 818 2095 888 inquie-

514 921 599 966 tus
626 919 739 966 erat
764 951 778 975 ,
806 926 905 965 nec
934 909 1215 980 impatiens
1233 951 1247 973 ,
1277 924 1375 964 nec
1404 909 1744 975 turbabatur,
1777 910 1871 964 sed
1902 911 2093 966 immo-

514 1011 625 1053 tum
651 998 877 1053 habebat
894 998 1153 1062 animum.
1175 1007 1437 1053 certuses
1459 1013 1580 1069 qua:
1604 1002 1769 1054 semel
1798 1014 1829 1053 a
1855 998 1967 1053 Deo
1988 999 2088 1053 sibi

516 1092 774 1159 promissa
802 1088 1049 1151 fuerant,
1080 1098 1192 1142 rata
1226 1096 1283 1143 et
1320 1087 1473 1144 ﬁrma
1510 1086 1647 1143 fore.
1679 1089 1934 1143 Paulatim
1963 1103 2090 1143 vero

511 1189 906 1249 perscrutatnur
932 1178 1135 1247 singula
1155 1220 1171 1243 ,
1204 1190 1263 1233 ut
1288 1178 1367 1233 sic
1392 1178 1643 1234 solertem
1669 1178 1853 1247 optimi
1880 1177 1973 1232 Dei
2000 1192 2087 1234 sa-

512 1270 801 1340 pientiam,
830 1270 1096 1340 simulque
1135 1282 1318 1326 curam
1358 1286 1516 1337 quam
1555 1286 1679 1341 erga
1714 1271 1913 1341 justum
1948 1270 2090 1328 hunc

507 1362 811 1425 declaravit,
841 1372 897 1417 et
934 1362 1249 1431 patriarclue
1286 1363 1339 1416 in
1370 1363 1651 1417 Dominum
1677 1379 1913 1420 acorem
1936 1364 2089 1419 addi-

507 1467 737 1507 scamus.
766 1449 836 1505 Et
865 1454 999 1507 visits
1018 1460 1114 1519 est,
1139 1452 1325 1522 inquit,
1349 1452 1595 1507 Dominus
1620 1454 1783 1507 Alme.
1807 1454 2085 1519 Quomwo

511 1542 655 1597 visus
678 1542 805 1596 est?
845 1542 995 1597 Sicut
1031 1542 1148 1610 ipse
1175 1542 1315 1597 Deus
1355 1542 1501 1597 solus
1542 1546 1680 1607 scit,
1708 1552 1763 1598 ct
1790 1543 1880 1599 ille
1907 1545 2087 1600 videre

511 1630 698 1700 potuit.
728 1630 844 1686 Non
869 1633 1012 1687 enim
1032 1631 1141 1686 hoc
1162 1630 1339 1686 dicere
1363 1632 1602 1686 desinam
1617 1673 1632 1695 ,
1660 1634 2087 1703 quandoquidem

510 1721 728 1776 modum
754 1722 938 1791 ignoro
965 1739 979 1775 :
1002 1721 1165 1777 audio
1188 1722 1331 1776 enim
1356 1722 1531 1777 solum
1554 1722 1883 1792 Scriptorum
1907 1726 2089 1781 dicen-

508 1820 617 1865 tem
652 1826 666 1862 :
708 1811 775 1863 Et
804 1812 936 1865 risus
976 1820 1051 1865 est
1094 1810 1337 1866 Dominus
1374 1810 1511 1866 Deus
1537 1813 1719 1881 Abrae,
1748 1823 1794 1869 et
1824 1816 1950 1869 dixit
1986 1817 2032 1870 ei
2066 1832 2086 1871 .°

508 1901 703 1955 Semini
730 1913 813 1954 tuo
837 1902 968 1956 dabo
997 1912 1181 1956 (main
1208 1904 1363 1957 hanc.

583 1991 699 2047 Non
726 1994 1020 2047 deseruntur
1043 2010 1079 2047 a
1108 1993 1214 2048 Deo
1230 1996 1270 2047 ii
1295 2012 1417 2061 quos
1440 1995 1557 2049 sinit
1576 1996 2086 2067 aﬂigi.—Memores

504 2094 676 2139 estote
707 2086 1118 2152 promissionum
1144 2102 1262 2155 qua:
1288 2101 1318 2139 a
1352 2088 1460 2141 Deo
1486 2086 1639 2142 Laeta:
1666 2098 1825 2155 sunt,
1874 2100 1930 2145 ut
1965 2108 2087 2147 cum

504 2178 779 2233 audieritis
796 2179 994 2245 justum
1020 2178 1178 2232 variis
1200 2179 1411 2232 casibus
1424 2180 1633 2246 jactari,
1652 2180 1868 2234 discatis
1888 2194 2084 2251 quanta

504 2271 664 2324 fuerit
694 2268 1022 2339 philosophia
1051 2270 1356 2334 instructus,
1380 2285 1540 2339 quam
1558 2270 1725 2326 solida
1748 2269 2080 2338 fortitudine,

500 2374 661 2427 quam
691 2359 844 2412 lirmo
868 2367 923 2412 et
950 2360 1169 2413 immoto
1191 2357 1245 2412 in
1279 2359 1445 2413 Deum
1469 2374 1672 2427 amore,
1698 2373 1753 2415 et
1778 2377 1843 2417 ex
1870 2363 1937 2418 iis
1965 2380 2083 2433 qua:

500 2452 640 2515 justo
664 2448 735 2501 illi
765 2449 1099 2518 contigerunt
1122 2487 1140 2513 ,
1165 2448 1479 2504 erudiamini
1502 2491 1517 2514 ,
1552 2460 1608 2504 ut
1634 2467 1701 2505 ne
1727 2453 2039 2509 existimetis
2062 2496 2079 2522 ,

498 2554 629 2593 eum
654 2540 966 2593 derelictum
984 2553 1105 2594 esse
1132 2553 1163 2593 a
1206 2538 1317 2593 Deo
1340 2581 1353 2605 ,
1382 2539 1429 2594 si
1453 2540 1668 2609 quando
1692 2542 1926 2597 videritis
1955 2559 2082 2613 pro-

500 2629 631 2682 bum
672 2630 901 2699 aliquem
931 2628 1308 2684 mutationibus
1336 2629 1418 2706 vel
1446 2630 1565 2683 aliis
1611 2631 1765 2700 hujus
1793 2632 1913 2687 vita:
1939 2633 2080 2689 afﬂi-

495 2721 765 2775 ctionibus
793 2721 971 2774 vexari
1002 2738 1016 2773 :
1043 2719 1136 2775 sed
1164 2720 1459 2790 cogitantes
1498 2720 1843 2791 multiplicem
1865 2724 2080 2793 dispen-

500 2813 765 2865 satioiinm
811 2811 902 2864 Dei
948 2809 1296 2873 varietatem,
1338 2810 1515 2863 omnia
1561 2806 2080 2882 inmmprehensioili

500 2904 617 2973 ejus
654 2902 1003 2971 providentia:
1043 2902 1372 2971 relinquatis.
1422 2902 1558 2958 Nam
1600 2905 1645 2957 si
1689 2906 1889 2972 justum
1931 2907 2080 2963 illum

498 3008 611 3051 tam
634 2998 780 3066 pium
801 3034 817 3060 ,
849 3002 1155 3063 tantamque
1183 3007 1292 3064 prie
1316 3008 1375 3049 se
1402 2994 1658 3049 ferentem
1681 2996 2035 3052 obedientiam
2057 3038 2074 3065 ,

504 3084 762 3156 permittit
803 3086 893 3139 tali
918 3083 1084 3139 modo
1123 3084 1312 3138 tentari
1354 3099 1462 3153 quo
1489 3086 1670 3138 statim
1697 3085 1831 3140 bene
1857 3088 2037 3142 scietis
2058 3130 2074 3155 ,

498 3193 608 3232 non
638 3176 936 3245 despiciens
960 3173 1215 3229 famulum
1242 3189 1417 3239 suum,
1444 3175 1541 3229 sed
1570 3176 1690 3229 aliis
1713 3177 1958 3232 omnibus
1981 3195 2080 3234 vo-

502 3270 619 3323 lens
640 3267 779 3321 illius
800 3266 1048 3335 detegere
1074 3265 1319 3319 virtutem
1341 3263 1501 3337 (solet
1518 3266 1662 3320 enim
1686 3268 1755 3319 ita
1774 3282 1897 3323 cum
1920 3270 2079 3338 justis

498 3362 743 3415 munibus
761 3378 951 3431 agere;
974 3372 1030 3417 et
1045 3372 1305 3432 quotquot
1323 3363 1623 3419 divinarum
1643 3365 1928 3421 lectionum
1946 3368 2097 3423 estis.

496 3452 739 3514 studiosi,
768 3452 1008 3520 poteritis
1028 3468 1103 3507 ex
1128 3452 1493 3520 superioribus
1514 3454 1721 3511 discere
1740 3464 1795 3511 et
1816 3457 2074 3522 invenire,

494 3558 617 3596 eum
659 3543 731 3595 ita
760 3542 1075 3598 famulorum
1100 3558 1319 3599 suorum
1347 3544 1505 3601 vitam
1526 3544 1910 3615 dispensare),
1937 3562 2069 3616 quo-

494 3632 655 3686 modo
697 3634 858 3703 igitur
880 3649 991 3687 non
1017 3646 1272 3689 extremae
1310 3633 1468 3688 fuerit
1508 3636 1860 3703 improbitatis
1886 3638 2073 3691 existi-

497 3738 665 3789 mare,
698 3724 807 3777 Deo
833 3724 950 3779 bzec
976 3723 1303 3778 concedente
1323 3724 1525 3793 justum
1547 3725 1859 3779 derelictum
1880 3725 2069 3792 fuisse,

496 3825 549 3867 et
596 3831 699 3867 non
746 3817 919 3881 potius
962 3815 1083 3869 inde
1119 3831 1324 3885 mgna:
1362 3817 1705 3883 providentia
1743 3818 2075 3889 ingentisque

495 3905 795 3957 clementia:
823 3905 1031 3971 signum
1061 3904 1311 3959 sumere?
1331 3904 1628 3959 Ostendens
1656 3905 1813 3975 igitur
1835 3909 2076 3962 eminea-

497 4005 604 4048 tcm
629 3995 792 4062 ipsius
818 3996 1088 4061 virtutem,
1122 3995 1237 4050 btec
1258 3997 1369 4051 duo
1396 4005 1627 4065 prastat,
1652 4013 1927 4053 servorum
1951 4016 2075 4056 suo-

493 4099 611 4137 rum
632 4086 938 4152 patientiam
964 4084 1431 4156 fortitudinemque
1458 4089 1630 4156 palam
1657 4088 1783 4145 facit
1802 4091 2069 4158 omnibus,

491 4186 544 4226 et
574 4176 919 4243 providentia:
944 4189 1053 4229 sua:
1068 4177 1393 4244 sapientiam
1422 4178 1581 4231 etiam
1621 4179 1672 4231 in
1704 4180 1894 4235 modiis
1930 4183 2072 4250 peri-

492 4266 627 4318 culis
668 4264 1171 4333 difﬁcultatibusque
1212 4266 1434 4321 summis
1474 4265 1753 4322 ostendit:
1781 4285 1905 4325 nam
1946 4288 2073 4325 cum

492 4369 659 4422 prope
696 4355 985 4421 deplorata:
1025 4354 1133 4408 sint
1164 4351 1252 4408 res
1275 4395 1289 4417 ,
1316 4365 1443 4409 tunc
1469 4372 1723 4425 quorsum
1749 4362 1861 4412 vult
1890 4360 2072 4430 dirigit

492 4447 667 4498 omnia
695 4487 709 4509 ,
742 4461 911 4513 neque
940 4446 1136 4514 aliquid
1162 4446 1491 4501 difﬁcultatis
1519 4449 1572 4501 in
1614 4450 1791 4503 medio
1813 4460 1901 4505 est
1930 4453 2070 4519 quod

497 4535 753 4603 impedire
793 4545 969 4604 queat.
1019 4535 1082 4589 Et
1122 4538 1255 4591 visus
1291 4546 1399 4602 est,
1426 4538 1634 4607 inquit,
1665 4540 1909 4596 Dominus
1936 4542 2071 4598 Dens

493 4626 657 4687 Abrw,
682 4634 728 4678 et
754 4625 880 4677 dixit
898 4626 948 4677 rei
972 4642 989 4678 :
1013 4625 1208 4680 Semini
1233 4634 1321 4677 tuo
1345 4628 1473 4680 dabo
1498 4639 1680 4681 terram
1705 4631 1854 4683 hanc.
1886 4633 2068 4701 Magna

494 4725 549 4767 et
598 4715 961 4768 desiderabilis
1007 4716 1325 4783 promissio,
1374 4718 1662 4783 praesertim
1704 4719 1867 4787 justo.
1912 4721 2071 4795 Scitis

496 4808 669 4870 enim,
698 4808 963 4875 quomodo
1005 4808 1091 4876 qui
1129 4808 1236 4876 jam
1276 4819 1539 4877 provectae
1581 4814 1867 4866 Senectutis
1909 4825 2068 4881 sunt,

497 4912 547 4951 ct
578 4915 789 4951 euntem
817 4900 979 4951 vitam
1004 4900 1203 4966 absque
1241 4900 1421 4955 liberis
1452 4911 1819 4971 transegerunt
1842 4947 1854 4965 .
1884 4915 2070 4973 optant

498 4990 710 5041 liberos.
766 4987 942 5055 Itaque
984 4990 1236 5043 Dominus
1279 4990 1593 5045 obedientite
1639 4996 1936 5049 mercedem
1969 4998 2067 5064 ipsi

502 5077 764 5143 praebens,
790 5080 910 5144 quia
940 5094 1061 5131 mox
1090 5089 1147 5133 ut
1170 5079 1385 5142 audivit,
1420 5080 1669 5151 Egredere
1692 5084 1753 5137 de
1780 5096 1912 5139 terra
1942 5098 2052 5151 tua,

489 5186 593 5222 non
624 5183 801 5223 moras
825 5171 999 5233 traxit,
1025 5185 1128 5224 non
1149 5172 1370 5237 distulit,
1386 5174 1485 5226 sed
1507 5176 1740 5229 obcdivit
1762 5179 2062 5246 imperanti,

489 5270 541 5311 ct
567 5260 707 5327 quod
737 5263 1051 5329 imperatum
1070 5272 1189 5317 erat
1209 5278 1330 5317 mox
1357 5264 1501 5329 feeit,
1524 5264 1728 5335 inquit:
1754 5267 1955 5323 Scmini
1980 5283 2065 5325 tuo

488 5352 616 5403 dabo
643 5362 825 5404 terram
855 5352 1004 5405 hanc.

558 5442 605 5493 '5.
655 5442 991 5492 Abrahamum
1015 5442 1311 5511 migrantem
1336 5446 1618 5509 comitatur,
1648 5447 1847 5517 singula
1869 5452 1931 5503 ab
1950 5451 2063 5518 ipso

487 5532 565 5597 pie
604 5543 718 5584 acta
768 5543 967 5584 notans.
1006 5561 1075 5570 μ-
1104 5532 1236 5587 Vide
1266 5535 1530 5602 quomodo
1573 5552 1667 5605 per
1706 5540 1807 5593 hoc
1842 5541 2061 5597 verbum

488 5632 715 5673 tuentem
744 5621 861 5687 eius
883 5622 1051 5687 erigit,
1085 5633 1139 5675 et
1166 5616 1513 5678 sufﬁcientem
1534 5625 1586 5679 ei
1618 5627 1800 5679 tribuit
1822 5628 2060 5685 laborum

491 5711 807 5765 mercedem.
844 5712 1068 5766 l’miudc
1093 5724 1143 5767 et
1170 5714 1379 5782 justus,
1414 5725 1617 5785 gratum
1657 5717 1914 5777 exhibens
1939 5722 2057 5776 ani-

1216 345 1273 402 S.
1312 343 1584 400 JOANNIS
1617 339 2090 400 ωικγεοετωιι
2128 340 2442 399 ARCHIEP.
2482 341 3016 404 CGNSTANTINOP.

3661 348 3772 407 996

2201 466 2345 505 nium
2387 452 2563 506 statim
2606 452 2673 506 ad
2717 454 3003 522 gratiarum
3044 455 3309 510 actionem
3337 460 3691 517 convertitur.
3725 460 3790 515 iit

2207 543 2440 595 nstruit
2462 542 2587 605 illic,
2610 542 2798 613 inquit,
2821 545 2983 598 altare
2998 541 3241 609 Domino,
3266 562 3410 613 quem
3434 549 3789 607 videratVidG

2198 633 2298 702 pia:
2335 634 2529 687 mentis
2554 635 2847 702 specimen.
2882 635 2947 689 Et
2970 635 3143 690 locum
3168 638 3361 706 ipsum,
3390 639 3479 694 ubi
3516 641 3790 710 colloquio

2194 738 2319 778 cum
2365 722 2475 779 Deo
2518 724 2764 794 dignatus
2805 729 2977 781 fuerat
2999 766 3015 791 ,
3040 730 3373 784 wnsecravit
3404 740 3461 786 et
3492 733 3786 801 gratiarum

2194 816 2456 870 actionem
2486 831 2583 885 pro
2603 817 2802 871 viribus
2825 815 3133 873 declaravit.
3161 820 3273 877 [loc
3290 822 3433 877 enim
3458 824 3602 895 quod
3631 824 3787 891 dicit,

2194 902 2459 960 Exstruit
2486 906 2666 973 altare,
2685 907 2824 962 idem
2852 918 2935 964 est
2960 909 3101 979 quod
3118 952 3136 978 ,
3165 910 3379 968 Gratias
3404 913 3472 970 de
3502 917 3784 984 promissis

2193 995 2319 1065 egit.
2353 994 2421 1050 Et
2461 996 2600 1067 sicut
2625 995 2873 1053 homines
2902 1013 3303 1072 nonnumquam
3331 1004 3566 1059 amicitia
3601 1016 3787 1059 movet

2194 1092 2252 1138 ut
2280 1083 2351 1138 ibi
2381 1085 2568 1140 domos
2591 1086 2873 1151 aediﬁcent,
2904 1087 2993 1143 ubi
3033 1104 3156 1144 cum
3179 1093 3450 1160 genuanis
3473 1104 3523 1149 et
3553 1094 3788 1150 sinceris

2191 1173 2378 1230 amicis
2421 1186 2699 1231 versantur
2734 1188 2791 1232 et
2841 1179 3335 1250 colloquuntnrget
3376 1184 3528 1240 multi
3569 1200 3787 1256 quoque

2190 1275 2333 1331 smpe
2359 1262 2600 1318 civitates
2619 1264 2778 1318 etiam
2798 1264 3172 1334 condiderunt,
3194 1268 3387 1338 quibus
3405 1284 3472 1325 ex
3493 1273 3786 1329 occasione

2189 1368 2511 1422 congressus
2548 1369 2669 1409 eum
2697 1356 2885 1412 amicis
2919 1359 3132 1413 nomina
3161 1360 3403 1418 indidere
3430 1379 3447 1417 :
3476 1364 3547 1418 ita
3591 1374 3650 1419 et
3690 1365 3787 1435 ju-

2190 1454 2306 1500 stus
2336 1446 2423 1500 ille
2442 1487 2456 1510 ,
2484 1445 2573 1502 ubi
2606 1446 2863 1515 visionem
2893 1448 2990 1507 Dei
3026 1463 3344 1522 asseqttutus
3371 1464 3454 1509 est
3473 1497 3488 1520 ,
3513 1455 3787 1512 Exstruit

2188 1536 2351 1589 altare
2380 1534 2598 1597 Domino
2619 1554 2763 1604 quem
2795 1539 3004 1604 viderat,
3029 1541 3085 1596 8.
3113 1551 3160 1597 et
3196 1541 3424 1600 discessit
3467 1546 3606 1600 inde.
3638 1548 3781 1612 Quid

2187 1638 2292 1690 est,
2326 1626 2391 1680 Et
2417 1629 2643 1685 discessit
2670 1629 2824 1685 inde!
2846 1631 2979 1699 Quia
3007 1633 3117 1693 Deo
3144 1634 3292 1690 locus
3319 1635 3408 1691 ille
3430 1649 3784 1694 consecratus

2188 1728 2241 1771 et
2269 1716 2379 1773 Deo
2402 1720 2759 1774 sanctiﬁcatus
2786 1731 2902 1776 erat
2927 1762 2940 1785 ,
2969 1722 3206 1779 Discessit
3239 1725 3390 1793 inde,
3420 1738 3467 1781 et
3495 1729 3697 1784 transiit
3725 1732 3783 1785 in

2190 1818 2403 1861 montem
2430 1825 2599 1863 versus
2630 1810 2884 1865 Orientem
2911 1811 3103 1880 Betltel,
3130 1822 3179 1867 et
3203 1815 3455 1870 oratiu“
3476 1818 3785 1871 tabernacu-

2187 1898 2293 1954 lum
2339 1916 2485 1954 suum
2511 1916 2533 1957 :
2561 1902 2994 1968 tumultuarium,
3019 1904 3225 1976 inquit,
3265 1906 3591 1964 domicilium
3628 1911 3778 1966 fecit.

2191 1987 2321 2043 Vide
2340 1991 2610 2059 quomodo
2634 2002 2750 2046 erat
2772 1993 3024 2063 frugalis,
3051 2003 3106 2049 et
3141 1995 3321 2051 luxum
3352 1997 3608 2069 fugiebat,
3638 2013 3779 2071 quo-

2187 2078 2348 2133 modo
2366 2090 2470 2134 tam
2498 2082 2795 2151 expeditus,
2822 2092 2879 2137 ut
2906 2100 3027 2139 cum
3052 2100 3220 2141 uxore
3252 2096 3307 2142 et
3332 2087 3540 2163 famulis
3569 2100 3678 2146 tam
3701 2092 3781 2148 fa-

2187 2170 2288 2225 cile
2326 2172 2597 2241 migraret.
2638 2173 2869 2229 Audiant
2897 2174 3033 2241 viri,
3079 2176 3297 2233 audiant
3338 2181 3610 2235 mulieres.
3641 2182 3779 2237 Nam

2186 2274 2326 2327 smpe
2352 2261 2404 2313 in
2428 2262 2601 2315 villam
2621 2271 2825 2319 tantum
2853 2264 3002 2320 exire
3024 2266 3283 2333 volentes,
3307 2270 3469 2324 multa
3500 2272 3778 2340 molimur,

2190 2348 2448 2417 valdeque
2475 2353 2716 2421 occupati
2744 2367 2949 2419 sumus,
2972 2370 3039 2411 eo
3061 2357 3203 2426 qttod
3234 2358 3457 2427 plurima
3492 2361 3773 2417 nobiscum

2186 2438 2477 2504 trabamus,
2505 2458 2624 2509 qua:
2651 2459 2755 2496 non
2781 2444 2952 2499 solum
2978 2462 3084 2501 non
3111 2457 3238 2505 sunt
3262 2451 3417 2506 nobis
3438 2453 3575 2515 usui,
3603 2453 3699 2509 sed
3720 2464 3777 2510 et

2183 2542 2576 2597 supervacanea
2596 2573 2610 2598 ,
2632 2542 2689 2587 et
2717 2534 2918 2589 inutilia
2938 2576 2955 2603 ,
2983 2546 3038 2592 et
3065 2554 3271 2607 pompa:
3298 2541 3466 2611 gratia
3492 2554 3775 2614 apparata,

2183 2634 2302 2689 qua:
2328 2622 2600 2683 nobiscum
2630 2623 2872 2680 ducimus
2911 2637 2965 2682 ct
2992 2628 3434 2686 circumferimus.
3460 2632 3659 2690 Verum
3680 2636 3775 2706 ju-

2182 2719 2297 2765 stus
2325 2711 2415 2765 ille
2456 2726 2563 2765 non
2595 2713 2675 2768 sic
2702 2714 2841 2783 egit;
2866 2715 2960 2771 sed
2985 2717 3110 2787 quia
3138 2719 3396 2775 Dominus
3414 2721 3663 2792 dignatus
3690 2736 3776 2781 est

2182 2817 2302 2857 cum
2333 2802 2451 2873 ipso
2477 2804 2801 2875 colloquium
2829 2806 3056 2874 habere,
3086 2810 3265 2866 locum
3288 2818 3656 2883 consecravit,
3690 2819 3772 2872 al-

2185 2900 2299 2946 tare
2334 2895 2629 2957 exstruxit,
2656 2909 2721 2951 ac
2763 2911 2951 2967 magna
2985 2896 3237 2955 facilitate
3264 2902 3369 2956 alio
3415 2904 3686 2974 migravit.
3714 2908 3770 2963 8.

2181 2979 2252 3033 Et
2271 2984 2429 3037 erexit
2452 2984 2558 3037 illic
2583 2985 2959 3040 tabernaculum
2982 3004 3130 3043 suum
3155 2990 3206 3044 in
3242 2990 3421 3047 Bethel
3446 2996 3604 3064 juxta
3633 3013 3775 3051 mare

2180 3081 2228 3126 et
2256 3072 2428 3145 Aggte,
2448 3091 2617 3130 versus
2643 3075 2917 3132 Orientem.
2952 3078 3017 3133 Et
3042 3081 3337 3149 aediﬁcavit,
3371 3084 3560 3154 inquit,
3587 3087 3659 3141 ibi
3694 3089 3775 3143 al-

2181 3173 2289 3217 tare
2316 3164 2556 3231 Domino,
2585 3177 2631 3221 et
2657 3166 2903 3223 bisocavit
2923 3170 2981 3225 in
2999 3173 3201 3227 nomine
3229 3172 3456 3229 Domini.
3482 3162 3614 3233 Vide
3637 3196 3773 3249 quo-

2183 3253 2343 3308 modo
2371 3272 2465 3323 per
2487 3256 2665 3310 omnia
2696 3257 2997 3327 religiosam
3023 3272 3255 3317 mentem
3284 3280 3391 3333 pra-
3424 3280 3484 3321 se
3513 3267 3636 3322 fert.
3661 3267 3775 3328 Illic

2181 3344 2322 3397 enim
2362 3344 2433 3398 ob
2475 3345 2880 3412 promissionem
2922 3348 3024 3403 sibi
3062 3365 3092 3402 a
3135 3351 3246 3406 Deo
3288 3352 3478 3409 factam
3506 3372 3655 3412 aram
3677 3375 3773 3416 ex-

2179 3433 2408 3500 strusit,
2434 3442 2490 3488 et
2516 3434 2635 3490 loco
2661 3445 2973 3492 consecrato
2996 3438 3241 3496 discessit
3271 3460 3285 3496 :
3310 3444 3399 3498 hic
3422 3456 3602 3501 autent
3642 3451 3771 3520 quia

2182 3526 2584 3583 tabernaculum
2640 3530 2867 3596 fixerat,
2918 3529 3109 3587 iterum
3157 3532 3494 3604 Ediﬁcaoit.
3563 3540 3772 3611 inquit,

2177 3617 2339 3671 altare
2410 3618 2626 3672 Domino
2647 3661 2664 3686 ,
2735 3630 2784 3674 et
2853 3621 3101 3677 invocavit
3166 3625 3223 3678 in
3282 3629 3484 3681 nomine
3537 3629 3771 3688 Domini.

2180 3705 2367 3760 Vidi~ti
2413 3719 2643 3762 tuentem
2694 3709 2829 3765 bene
2862 3710 3191 3778 institutam,
3220 3724 3277 3769 et
3317 3718 3592 3786 sapientia:
3618 3720 3772 3777 dedi-

2178 3804 2283 3850 tam
2298 3798 2322 3850 ΐ
2348 3798 2520 3852 vidisti
2542 3799 2807 3867 quomodo
2821 3801 2964 3870 quod
2981 3803 3223 3859 scribens
3243 3806 3518 3863 admonuit
3537 3811 3773 3868 admirao

2173 3889 2296 3947 bilis
2315 3890 2461 3945 orbis
2488 3890 2676 3947 doetor
2698 3892 2884 3949 beatus
2906 3894 3118 3956 Paulus.
3139 3896 3326 3953 dicens
3358 3916 3372 3951 :
3410 3898 3475 3953 In
3501 3904 3641 3956 omni
3659 3904 3772 3959 loco

2178 3986 2395 4037 levantes
2405 3994 2606 4038 sanctas
2622 4002 2800 4039 manus
2822 3987 2869 4055 (l
2882 4026 2895 4038 .
2918 3985 3047 4039 Tim.
3066 3988 3121 4040 2.
3137 3987 3223 4059 8):
3241 3990 3289 4043 id
3308 3993 3606 4059 patriarcha
3622 3998 3770 4063 prius

2177 4088 2338 4144 Opere
2357 4076 2659 4145 complevit,
2676 4077 2726 4131 in
2743 4077 2963 4147 singulis
2982 4079 3111 4134 locis
3129 4080 3315 4136 altaria
3336 4084 3567 4154 erigens,
3589 4098 3646 4142 et
3666 4090 3753 4143 Do

2178 4168 2322 4221 mino
2339 4169 2537 4237 gratias
2554 4169 2757 4239 agens?
2784 4170 3000 4226 Sciebat
3025 4174 3188 4239 enim,
3217 4178 3417 4232 sciebat
3460 4182 3766 4249 manifeste,

2178 4257 2307 4311 nihil
2325 4258 2465 4312 aliud
2486 4259 2755 4329 requirere
2770 4260 2839 4314 ab
2855 4261 3089 4316 humano
3101 4280 3296 4334 genere
3313 4268 3478 4323 Deum
3502 4272 3765 4340 universi,

2170 4358 2297 4418 post
2324 4351 2597 4407 innumera
2626 4360 2681 4407 et
2710 4351 2994 4408 inelfabilia
3018 4355 3271 4411 beneficia
3296 4374 3389 4414 sua
3410 4402 3425 4424 ,
3458 4378 3619 4432 quam
3642 4368 3765 4421 ani-

2174 4456 2320 4494 mum
2342 4442 2632 4509 gratiarum
2658 4443 2852 4498 actioni
2878 4444 3204 4516 studentem,
3233 4459 3286 4503 et
3308 4462 3525 4520 accepta
3553 4453 3763 4511 benefl-

2174 4531 2253 4585 cia
2274 4532 2635 4588 conﬁtentem.
2668 4535 2929 4590 Caeterum
2961 4536 3253 4600 videamus.
3274 4544 3542 4610 quomodo
3562 4557 3614 4600 et
3637 4547 3766 4607 hinc

2170 4621 2344 4689 justus
2374 4622 2584 4691 migrat.
2612 4624 2663 4678 9.
2694 4621 2755 4677 Et
2781 4625 3029 4690 discessit,
3079 4630 3265 4698 inquit,
3292 4631 3501 4700 Abram,
3525 4647 3571 4689 et
3590 4646 3766 4710 profe-

2173 4721 2283 4764 ctus
2312 4722 2699 4768 eastrametatns
2740 4726 2811 4769 est
2842 4716 2895 4769 in
2922 4717 3209 4772 solitudine.
3248 4720 3377 4775 Vide
3406 4724 3596 4779 iterum
3629 4732 3760 4784 reli-

2158 4802 2374 4885 .giosam
2404 4802 2522 4870 ejus
2542 4814 2775 4860 mentem
2800 4814 2852 4858 et
2889 4808 3160 4875 sapientia:
3189 4812 3501 4867 studiosam.
3536 4796 3759 4887 lterum,

2122 4886 2382 4961 'inquit,
2419 4893 2693 4961 discessit,
2739 4894 3231 4968 Castrametatusqtte
3263 4912 3336 4956 est
3363 4902 3416 4957 in
3460 4886 3758 4965 solitudine.

2171 4984 2346 5052 Quare
2372 4984 2517 5040 illinc
2554 4985 2844 5040 discessit?
2868 4986 3027 5043 Forte
3070 4989 3283 5045 videbat
3320 4992 3640 5061 quibusdam
3670 5000 3760 5054 in-

2172 5077 2305 5131 colis
2334 5092 2438 5131 uon
2468 5078 2682 5147 placere
2708 5094 2861 5133 suum
2891 5079 3175 5136 adventum
3206 5099 3220 5135 :
3254 5085 3474 5152 proinde
3501 5089 3758 5146 eximiam

2170 5181 2320 5221 suam
2366 5169 2823 5224 mansuetudinem
2863 5170 3173 5236 declarans,
3204 5183 3259 5228 et
3295 5177 3563 5244 quomodo
3604 5190 3757 5235 trau-

2169 5260 2480 5329 quillitatem
2511 5264 2685 5332 magni
2712 5264 2926 5330 faceret,
2956 5280 3017 5321 ac
3044 5282 3111 5322 ne
3148 5282 3267 5320 cum
3297 5270 3406 5322 ullo
3424 5270 3623 5340 aliquid
3654 5274 3751 5330 lia-

2172 5352 2322 5408 beret
2343 5355 2567 5422 negotii,
2601 5355 2653 5407 itt
2683 5354 3021 5411 solitudinem
3050 5372 3111 5410 sc
3142 5360 3409 5413 transfert.
3441 5360 3712 5429 Profectus
3740 5411 3753 5429 ,

2168 5443 2370 5512 inquit,
2397 5453 2777 5497 castrametatns
2805 5453 2876 5497 est
2899 5445 2951 5499 in
2985 5446 3272 5500 solitudine.
3300 5452 3485 5504 Aliena
3516 5454 3753 5512 dictione

2170 5553 2261 5590 usa
2280 5545 2366 5589 est
2384 5537 2561 5590 divina
2589 5536 2885 5605 Scriptura.
2907 5536 3033 5592 Nam
3051 5541 3498 5609 quemadmodum
3517 5548 3567 5598 in
3596 5548 3751 5604 bellis

2165 5631 2401 5682 solemus
2426 5627 2621 5693 dicere,
2652 5628 2721 5681 ita
2746 5638 2800 5682 et
2823 5627 2889 5682 de
2910 5628 3060 5697 justo
3090 5628 3174 5684 hic
3201 5631 3347 5697 dicit,
3371 5634 3513 5702 quod
3539 5647 3746 5690 castra-

2165 5731 2393 5777 metatus
2445 5720 2546 5785 sit,
2594 5728 2650 5777 ut
2689 5720 2933 5778 ostendat
2967 5723 3271 5792 expeditum
3312 5724 3474 5785 foi55e
3518 5730 3747 5798 patriar.
