4070 6380
417 369 522 433 297

412 487 503 541 τοῦ
531 481 759 555 δικαίου,
793 492 872 544 ὅτι
905 490 1391 562 ἐστρατοπέδευσε,
1431 490 1518 542 ἵνα
1552 489 1701 561 δείξῃ
1739 490 1798 542 τὸ
1841 489 2071 552 ἐύζωνον

409 575 506 628 τοῦ
546 578 905 648 πατριάρχου,
937 579 1019 631 ὅτι
1046 576 1197 647 [321]
1231 575 1480 646 καθάπερ
1506 577 1556 627 οἰ
1590 575 1920 646 στρατιῶται
1953 575 2071 644 μετ’

411 664 667 727 εὐκολίας
691 665 784 717 νῦν
818 666 914 734 μὲν
943 664 1194 723 ἐνταῦθα,
1223 664 1317 716 νῦν
1339 664 1395 716 δὲ
1426 665 1604 715 ἐκεῖσε
1632 662 2082 733 στρατοπεδεύον-

410 764 503 804 ται
530 767 546 784 '
581 750 722 804 οὕτω
749 751 811 822 δὴ
849 753 942 805 1:61
968 754 996 804 6
1029 750 1235 812 δίκαιος
1264 744 1435 812 οὗτος,
1483 750 1667 802 καίτοι
1699 750 1932 816 γυναῖκα
1962 750 2078 801 ἐπι-

415 839 741 909 φερόμενος,
785 840 876 891 καὶ
915 837 1005 889 τὸν
1048 834 1382 904 ἀδελφιδοῦν,
1423 836 1516 888 1:61
1558 836 1827 888 τοσούτων
1854 834 2079 886 οἰκετῶν

413 924 635 994 πλῆθος,
671 924 807 993 μετά
834 923 1073 985 πλείονος
1112 922 1211 991 τῆς
1247 921 1497 984 εὐκολίας
1524 922 1624 982 τάς
1658 921 2078 991 μεταναστάσεις

412 1010 664 1062 ἐποιεῖτο.
700 1005 847 1071 Εἶδες
877 1009 990 1078 βίον
1017 1011 1074 1060 ἐν
1107 1009 1254 1078 γήρᾳ
1292 1008 1428 1077 μετά
1450 1010 1708 1073 γυναικὸς
1736 1010 1828 1059 1:61
1855 1006 2078 1058 οἰκετῶν

409 1094 678 1148 τοσούτων
711 1094 978 1158 εὐζωνονς
1028 1095 1179 1164 Ἐμοὶ
1215 1095 1271 1147 δὲ
1303 1095 1582 1163 θαυμάσαι
1634 1094 1812 1146 ἐπεισι
1845 1093 2077 1162 μάλιστα

411 1183 514 1252 τῆς
559 1180 815 1250 γυναικὸς
867 1180 965 1251 τὴν
1017 1181 1286 1252 ἀνδρείαν.
1323 1183 1492 1234 Ὅταν
1539 1180 1644 1250 γὰρ
1691 1181 1925 1249 ἐννοήσω
1980 1180 2077 1249 τῆς

410 1268 624 1335 φύσεως
672 1269 769 1337 τῆς
797 1268 1111 1334 γυναικείας
1145 1267 1241 1337 τὴν
1273 1267 1555 1320 ἀσθένειαν
1581 1307 1596 1327 ,
1649 1268 1742 1318 καὶ
1776 1265 2076 1335 λογίσωμαι

408 1356 558 1416 ὅπως
591 1356 706 1425 μετ’
735 1353 984 1416 εὐκολίας
1015 1354 1132 1423 ἀμα
1167 1353 1243 1422 τῷ
1277 1354 1470 1423 δικαίῳ
1518 1353 1616 1416 τὰς
1653 1352 2077 1422 μεταναστάσεις

408 1432 735 1502 ἐποίει,οῦτε
761 1441 899 1512 αὐτὴ
927 1440 1368 1510 δυσχεραίνουσα,
1396 1440 1518 1491 οὔτε
1537 1439 1615 1508 τῷ
1630 1439 1822 1508 δικαίῳ
1851 1437 2076 1508 κώλυμα

408 1527 690 1598 γινομένη,
723 1527 1113 1597 ἐκπλήττομαι,
1165 1527 1269 1578 καὶ
1291 1524 1572 1594 λογίζομαι
1614 1525 1693 1577 ὅτι
1727 1526 1827 1577 οὐκ
1856 1524 2077 1577 ἔλαττον

407 1614 503 1668 τοῦ
552 1615 758 1668 δικαίου
805 1615 898 1668 1:61
948 1613 1086 1684 αὐτὴ
1139 1613 1391 1683 φρόνημα
1438 1613 1640 1683 ὑψηλὸν
1687 1613 1782 1665 1:61
1837 1612 2078 1682 ἀνδρεῖον

409 1701 690 1769 ἐκέκτητο.
718 1700 824 1753 Καὶ
851 1699 1006 1754 τοῦτο
1027 1700 1260 1769 μάλιστα
1287 1699 1565 1769 εἰσόμεθα,
1594 1701 1837 1763 ἐπιόντες
1861 1701 1930 1754 τὰ
1951 1699 2078 1769 ἐξῆς

407 1786 518 1838 τῶν
546 1785 992 1854 ἀνεγνωσμένων.
1026 1781 1180 1848 Εἶδες
1214 1785 1294 1838 ὅτι
1337 1787 1475 1855 μετά
1495 1786 1557 1838 τὸ
1581 1786 1834 1854 ἀκοῦσαι,
1869 1786 1952 1838 ὅτι
1993 1785 2077 1851 Τῷ

406 1873 704 1943 σπέρματί
755 1889 871 1928 σου
926 1874 1098 1928 δώσω
1151 1873 1266 1942 τὴν
1315 1873 1432 1942 γῆν
1491 1875 1758 1941 ταύτην,
1808 1874 1928 1937 πῶς
1979 1876 2076 1944 οὐχ

408 1961 681 2031 ἡσύχασεν
710 1961 738 2014 6
764 1961 986 2026 δίκαιος,
1021 1961 1133 2015 ἀλλ’
1167 1961 1415 2014 ἐντεῦθεν
1444 1963 1558 2014 ἐκεῖ
1584 1974 1610 2001 ι
1645 1962 1946 2031 μετέϐαινε,
1981 1963 2074 2014 καὶ

409 2047 570 2101 πάλιν
599 2048 806 2102 ἐκεῖθεν
830 2048 1085 2119 ἐτέρωθι;
1121 2048 1259 2102 Ἀλλ’
1291 2050 1392 2118 ὅρα
1425 2050 1519 2102 1:61
1565 2050 1673 2102 61:6
1704 2049 1802 2120 τῆς
1840 2049 2074 2119 ἐρημίας

408 2135 569 2187 αὐτὸν
591 2136 751 2187 πάλιν
787 2135 1157 2206 ἐλαυνόμενον,
1185 2137 1283 2207 οὐχ
1315 2135 1419 2187 ὐπὸ
1465 2135 1788 2206 ἀνθρώπων,
1823 2136 1938 2189 611‘
1971 2135 2075 2188 ὑπὸ

405 2218 508 2287 τῆς
540 2217 782 2288 ἀνάγκης
814 2220 909 2274 τοῦ
957 2219 1136 2291 λιμοῦ.
1168 2223 1277 2274 Καὶ
1307 2220 1564 2290 ἐγένετο,
1598 2219 1750 2291 φησὶ,
1777 2221 1950 2290 λιμὸς
1973 2221 2074 2274 ἐπὶ

403 2303 518 2374 τῆς
541 2305 672 2375 τῆς.
721 2305 1088 2360 Ἀκουέτωσαν
1132 2308 1182 2360 οἱ
1227 2307 1411 2371 ἁπλῶς
1456 2308 1549 2359 1:61
1598 2309 2074 2378 ἀπαραφυλάκτως

405 2393 788 2464 φθεγγόμενοι,
821 2395 914 2448 καὶ
934 2395 1323 2465 οἰωνιζόμενοι,
1357 2395 1452 2448 1:61
1470 2394 1736 2463 λέγοντες,
1770 2396 1852 2448 ὅτι
1885 2395 2071 2466 ἐπειδὴ

404 2481 436 2532 6
482 2479 628 2532 δεῖνα
678 2478 1031 2552 παρεγένετο,
1065 2481 1223 2551 λιμὸς
1254 2481 1469 2550 γέγονε,
1513 2480 1606 2534 1:61
1646 2481 1832 2553 ἐπειδὴ
1869 2484 1898 2535 6
1924 2482 2074 2536 δεῖνα

402 2560 536 2636 ἦλθε
569 2565 686 2618 τόδε
711 2565 931 2635 συνέϐη.
966 2567 1095 2620 Ἰδοὺ
1128 2569 1222 2621 1:61
1253 2568 1344 2620 ἐπὶ
1372 2567 1471 2637 τῆς
1501 2564 1595 2619 τοῦ
1621 2566 1831 2620 δικαίου
1864 2584 2070 2637 παρου-

406 2654 529 2717 σίας
550 2654 723 2724 λιμδς,
752 2656 846 2708 καὶ
870 2655 1025 2726 λιμὸς
1052 2654 1219 2726 βαρὺς
1253 2656 1347 2709 1:61
1377 2657 1437 2708 οὐ
1468 2654 1776 2726 θορυϐεῖται
1794 2657 1822 2709 6
1840 2655 2068 2718 δίκαιος,

402 2739 525 2793 οὐδὲ
569 2743 766 2812 πάσχει
805 2759 860 2795 τι
895 2741 1266 2812 ἀνθρώπινον,
1319 2744 1414 2796 καὶ
1445 2746 1511 2814 τῇ
1559 2743 1754 2795 ἐαυτοῦ
1802 2743 2073 2814 παρουσίᾳ

403 2825 676 2894 λογίζεται
706 2827 799 2881 τοῦ
847 2827 1008 2898 λιμοῦ
1039 2829 1138 2898 τὴν
1186 2830 1386 2882 αἰτίαν.
1441 2831 1579 2884 Ἀλλ’
1621 2829 1808 2900 ἐπειδὴ
1845 2825 1951 2882 εἶδε
1975 2831 2074 2901 τὴν

403 2913 563 2982 φύσιν
594 2914 957 2987 ἐλεγχομένην
983 2916 1032 2980 δ,
1053 2916 1148 2968 καὶ
1179 2917 1553 2988 ἐπεκράτησεν
1572 2919 1601 2969 6
1627 2917 1803 2987 λιμὸς,
1822 2917 2070 2983 Κατέϐη,

404 3001 560 3071 φησι,
597 3004 684 3065 εἰς
713 3003 1017 3072 Αιγυπτον
1049 3004 1274 3072 Ἀϐραμ
1298 3002 1663 3072 παροικῆσαι
1685 3002 1826 3067 ἐκεῖ,
1861 3004 1950 3056 ὅτι
1978 3005 2073 3057 ἐν·

405 3088 666 3154 ίσχυσεν
692 3091 725 3141 ό
763 3087 940 3157 λιμὸς
967 3088 1065 3142 ἐπὶ
1094 3089 1205 3158 τῆς
1231 3090 1364 3159 τῆς.

474 3172 536 3224 6'.
590 3173 787 3226 Σκόπει
827 3173 944 3238 πῶς
978 3175 1292 3247 μακρότερα
1321 3177 1391 3230 τὰ
1435 3177 1737 3247 σκάμματα
1778 3175 1856 3247 τῷ
1882 3175 2076 3247 δικαίῳ

407 3259 634 3327 ἐγίνετο.
681 3260 959 3330 ᾭκονόμει
998 3262 1106 3333 γὰρ
1144 3265 1172 3315 6
1220 3264 1495 3333 Δεσπότης
1527 3264 1602 3335 μὴ
1633 3265 1795 3334 μόνον
1824 3265 1940 3326 τοῖς
1973 3263 2073 3334 τὴν

406 3346 770 3415 Παλαιστίνην
799 3346 1061 3409 οίκοῦσιν,
1087 3348 1220 3401 ἀλλά
1246 3351 1339 3402 καὶ
1367 3353 1478 3412 τοῖς
1504 3350 1647 3403 κατά
1673 3350 1772 3419 τὴν
1799 3349 2073 3419 Αἴγυπτον

404 3429 718 3484 διδάσκαλον
761 3431 922 3485 αὐτὸν
977 3433 1251 3502 γενέσθαι,
1302 3436 1395 3488 καὶ
1439 3436 1500 3488 τὸ
1560 3436 1676 3505 φῶς
1722 3436 1825 3506 τῆς
1869 3437 2075 3501 οἰκείας

405 3518 606 3587 ἀρετῆς
635 3519 768 3572 πᾶσι
808 3518 1104 3589 κατάδηλον
1127 3521 1364 3590 ποιῆσαι.
1389 3521 1650 3594 Καθάπερ
1675 3523 1781 3593 γὰρ
1810 3524 2076 3596 φωστῆρά

404 3621 527 3657 τινα
575 3605 906 3660 λανθάνοντα
965 3608 1060 3660 καὶ
1109 3609 1487 3678 κεκρυμμένον
1535 3611 1613 3671 εἰς
1643 3610 1741 3680 τὴν
1771 3610 2071 3672 Χαλδαίων,

406 3693 617 3746 ἐκεῖθεν
659 3695 973 3766 ἀνέστησεν,
1011 3695 1097 3748 ἵνα
1129 3696 1257 3759 τοὺς
1300 3697 1357 3748 ἐν
1394 3696 1472 3766 τῷ
1507 3697 1688 3751 σκότει
1731 3698 1833 3768 τῆς
1867 3698 2074 3769 πλάνης

407 3780 752 3850 καθημένους
784 3783 1167 3854 χειραγωγήσῃ
1199 3783 1336 3854 πρὸς
1380 3783 1476 3854 τὴν
1501 3784 1600 3855 τῆς
1647 3785 1906 3856 ἀληθείας
1929 3785 2069 3840 ὁδόν.

419 3867 556 3919 Ἀλλ’
597 3868 725 3931 ῐσως
753 3869 894 3922 εἴποι
926 3883 1009 3931 τις
1036 3870 1129 3921 ἀν·
1164 3870 1274 3922 Καὶ
1302 3870 1445 3934 τίνος
1469 3871 1656 3924 ἐνεκεν
1683 3874 1743 3924 οὐ
1771 3875 1896 3936 τοὺς
1923 3874 1983 3926 ἐν
2005 3875 2073 3942 τῇ

405 3951 686 4006 Χαλδαίων
705 3954 857 4024 χώρᾳ
874 3955 1252 4023 παρεσκεύασε
1271 3955 1337 4007 δι’
1349 3956 1510 4008 αὐτοῦ
1530 3958 1667 4028 πρὸς
1683 3959 1781 4027 τὴν
1795 3957 2075 4012 εὐσέϐειαν

407 4039 747 4108 ἀναχθῆναις
786 4040 944 4103 Εἰκὸς
982 4041 1081 4109 μέν
1120 4041 1234 4093 ἐστι
1265 4041 1360 4093 1:61
1396 4041 1495 4112 τῆς
1539 4044 1764 4097 ἐκείνων
1804 4046 2077 4116 σωτηρίας

405 4124 474 4177 δι’
497 4124 697 4195 ἐτέρων
726 4125 977 4193 γενέσθαι
1010 4128 1107 4196 τὴν
1142 4128 1395 4198 πρόνοιαν
1419 4146 1432 4160 ·
1465 4129 1613 4200 ὅμως
1639 4130 1695 4183 δὲ
1730 4130 1960 4185 ἄκουσον
1981 4134 2075 4187 τοῦ

406 4209 644 4282 Χριστοῦ
678 4210 952 4278 λέγοντος,
979 4215 1100 4267 Οὐκ
1130 4213 1262 4268 ἔστι
1307 4217 1622 4285 προφήτης
1655 4218 1883 4286 ἄτιμος,
1913 4223 1966 4273 εί
1993 4221 2074 4291 μὴ

402 4295 475 4348 ἐν
500 4293 576 4364 τῇ
603 4297 723 4365 ίδίᾳ
750 4298 1007 4366 πατρίδι.
1041 4300 1157 4352 Ἵνα
1184 4296 1277 4353 οὖν
1307 4303 1404 4374 τὴν
1439 4301 1774 4372 ἐπαγγελίαν
1811 4306 1890 4367 είς
1919 4305 2076 4375 ἔργον

403 4383 587 4454 ἀγάγῃ
612 4385 708 4454 τὴν
752 4384 939 4452 αὐτοῦ,
984 4387 1050 4455 ἢν
1081 4388 1373 4458 ἐποιήσατο
1400 4388 1594 4457 λέγων,
1619 4391 1727 4444 Καί
1753 4393 2077 4460 μεγαλυνῶ

404 4471 469 4523 τὸ
531 4470 719 4540 ὄνομά
771 4487 926 4536 σου,
977 4473 1064 4526 διὰ
1106 4475 1261 4527 τοῦτο
1301 4476 1395 4529 1:61
1451 4477 1543 4529 τὸν
1601 4475 1757 4547 λιμὸν
1806 4484 2078 4551 συγχωρεῖ

401 4558 678 4625 γενέσθαι,
704 4559 798 4612 καὶ
825 4559 912 4612 διὰ
933 4557 1122 4614 τούτου
1149 4562 1394 4632 ἀνάγκην
1431 4565 1510 4626 είς
1539 4564 1638 4636 τὴν
1675 4565 1947 4634 Αἴγυπτον
1978 4570 2075 4620 αὐ-

401 4645 493 4698 τὸν
520 4646 831 4714 ἀφικέσθαι,
864 4646 950 4700 ῐνα
977 4648 1188 4718 μάθωσι
1220 4649 1313 4702 1:61
1334 4653 1382 4702 οἱ
1406 4650 1613 4713 αὐτόθι,
1644 4652 1742 4723 ὅση
1771 4653 1864 4705 τοῦ
1884 4654 2073 4726 ἀνδρός

403 4733 550 4785 ἐστιν
575 4734 608 4802 ἡ
643 4733 834 4802 ἀρετή.
888 4732 1153 4806 Καθάπερ
1201 4737 1310 4806 γάρ
1338 4754 1423 4800 τις
1471 4737 1663 4808 δήμιος
1707 4738 1882 4810 δεσμά
1917 4757 2071 4811 περι-

402 4816 600 4881 ϐαλὼν,
625 4817 798 4882 οὕτως
824 4820 1062 4884 αὐτοὺςό
1079 4821 1234 4891 λιμὸς
1253 4822 1363 4876 61:6
1381 4823 1477 4893 τῆς
1503 4823 1735 4893 ἐρημίας
1763 4825 2074 4896 ἀναστήσας

401 4903 498 4956 ἐπὶ
548 4905 645 4975 τὴν
696 4904 973 4973 Αἴγυπτον
1019 4901 1199 4962 εἷλκεν
1247 4920 1294 4962 ο.
1353 4910 1493 4962 Ἀλλ’
1535 4908 1732 4980 ἴδωμεν
1781 4911 1964 4965 λοιπὸν
2003 4915 2071 4968 τὰ

404 4991 677 5054 ἐντεῦθεν,
703 4994 797 5045 1:61
826 4994 927 5066 ὅση
960 4997 1278 5065 περιστάσει
1317 4998 1345 5050 6
1380 4998 1586 5061 δίκαιος
1619 5000 2066 5071 περιπέπτωκεν,

400 5075 490 5130 ἵνα
515 5077 609 5129 καὶ
638 5076 801 5129 αὐτοῦ
830 5077 929 5148 τὴν
957 5077 1208 5147 ἀνδρείαν
1244 5080 1521 5150 μάθωμεν,
1551 5084 1646 5135 καὶ
1675 5083 1775 5152 τῆς
1809 5084 2067 5151 γυναικὸς

398 5160 497 5230 τὴν
530 5160 816 5229 φιλόσοφον
854 5159 1098 5231 γνώμην.
1136 5162 1352 5234 Ἐπειδὴ
1375 5165 1480 5234 γάρ
1506 5165 1638 5217 πολὺ
1667 5165 1766 5234 τῆς
1785 5165 1903 5218 6606
1933 5182 2069 5236 1:p0-

396 5240 577 5311 ἦλθον,
611 5241 702 5293 1:61
725 5240 980 5308 γεγόνασι
1012 5243 1194 5296 λοιπὸν
1229 5245 1452 5314 πλησίον
1474 5246 1574 5316 τῆς
1595 5247 1888 5314 Δίγύπτου,
1916 5247 2066 5320 [522]

396 5327 688 5396 ἐναγώνιος
713 5327 937 5396 γέγονεν
965 5331 994 5383 6
1019 5329 1246 5395 δίκαιος,
1277 5334 1372 5386 καὶ
1408 5335 1535 5404 περὶ
1556 5335 1746 5405 αὐτῆς,
1774 5337 1849 5399 ὡς
1872 5338 2065 5404 εἰπεῖν,

394 5413 494 5474 τῆς
520 5410 666 5480 ζωῆς
695 5411 949 5476 δεδοικὼς
980 5415 1075 5466 1:61
1111 5417 1330 5485 τρέμων
1362 5415 1666 5484 διαλέγεται
1711 5422 1776 5490 τῇ
1824 5421 2064 5487 γυναικί,

406 5497 671 5567 Ἐγένετο
695 5499 822 5570 γάρ,
851 5501 984 5570 φησὶ
1031 5500 1215 5567 ἡνίκα
1244 5502 1494 5571 ἤγγισεν
1516 5506 1738 5573 Ἀδραμ
1767 5508 2066 5562 είσελθεῖν

396 5582 478 5646 είς
492 5581 816 5648 Αιγυπτον,
845 5581 974 5637 εἷπε
995 5585 1157 5653 Σάρςι
1182 5583 1256 5654 τῇ
1274 5590 1510 5654 γυναικί
1536 5590 1742 5644 αὐτοῦ·
1777 5593 2065 5648 Γινώσκω

391 5661 507 5731 ἐγὼ
530 5663 618 5716 ὅτι
650 5665 802 5733 γυνὴ
825 5668 1216 5736 εὐπρόσωπος
1234 5665 1307 5723 εί.
1328 5671 1534 5725 Ἔσται
1555 5669 1691 5738 οὖν,
1720 5673 1865 5727 ὅταν
1889 5675 2062 5731 ἴδωσί

453 5772 478 5801 ³
502 5773 639 5843 μοιτί.
685 5775 857 5843 ἐκεῖσε.
925 5773 952 5812 δ
987 5779 1083 5834 Τὴν
1125 5779 1261 5840 φύσιν
1296 5780 1621 5843 ἐλεγχομένην,
1657 5785 1878 5833 παίω-(11η
1918 5783 2056 5836 devi-

388 5838 532 5903 σηιξη,
557 5838 663 5903 σίνε
689 5842 998 5903 ιιι-ρείηιιοπιἶ
1023 5838 1330 5903 coar'ctalqm,
1364 5838 1473 5903 quas
1508 5838 1618 5891 non'
1647 5844 1842 5894 ιιιιίεειει
1873 5847 2057 5896 fructus

393 5898 576 5976 Ξενίᾳ-οε.
607 5897 950 5976 Υοξηέλέγχειν
988 5901 1215 5976 nactust:
1247 5897 1588 5976 frequ'eqtg‘lur
1611 5907 1737 5967 apud
1770 5906 2058 5968 Chrysosto—

396 5968 540 6005 mum.
608 5959 631 5988 ‘
654 5959 751 6009 ΛΙὶί
793 5959 1027 6020 Αἴγυπτον
1053 5961 1159 6008 τότε
1189 5959 1352 6022 βιαίως
1373 5965 1623 6024 μθεῖλκεν,

1193 375 1253 432 S.
1293 375 1580 430 JOANNIS
1618 371 2103 428 CIIRYSOSTOMI
2131 371 2448 428 ARCHIEP.
2475 367 3019 428 CONSTANTINOP.

3751 360 3851 420 298

2194 506 2269 543 σε
2300 491 2353 542 οί
2370 488 2697 557 Αἰγύπτιοι,
2733 484 3000 556 ἐροῦσιν,
3030 481 3121 536 ὅτι
3147 475 3318 550 Γυνὴ
3343 482 3530 537 αὐτοῦ
3546 482 3700 550 αὕτη
3719 498 3734 512 ο
3760 488 3852 535 κιιι

2184 571 2589 626 ἀποκτενοῦσί
2625 586 2722 638 με,
2761 569 2836 622 σὲ
2865 568 2932 621 δὲ
2969 564 3486 635 περιποιήσονται.
3541 565 3691 618 Εἰπὲ
3720 559 3850 630 οὖν,

2184 655 2274 708 ὅτι
2313 652 2560 722 Ἀδελφή
2587 650 2775 705 αὑτοῦ
2796 653 2933 719 είμι,
2962 650 3122 714 ὅπως
3144 643 3212 702 εὖ
3234 664 3336 716 μοι
3365 645 3611 715 γένηται
3639 647 3738 700 διὰ
3756 645 3848 708 σὲ.

2183 739 2278 793 καί
2315 738 2553 804 ζήσεται
2585 737 2624 803 ἡ
2661 733 2834 803 ¹Ψυχή
2876 751 2994 802 μου
3032 733 3244 785 ἕνεκεν
3269 729 3410 783 σοῦ.
3461 726 3615 792 Εἶδες
3645 732 3708 782 ἐκ
3746 730 3853 783 τῶν

2186 823 2446 892 ῥημάτων
2479 819 2556 881 εἰς
2581 818 2705 870 ὅσον
2737 814 2922 882 ἀγῶνα
2941 815 3033 867 καὶ
3055 813 3253 866 δειλίαν
3283 813 3313 867 ὁ
3345 812 3552 874 δίκαιος
3581 813 3850 881 κατέστη·

2183 905 2279 956 1:61
2307 901 2542 972 οὐδαμοῦ
2577 900 2668 952 τὸν
2695 897 2952 967 λογισμὸν
2984 898 3311 964 ἐταράττετο
3330 936 3346 960 ,
3390 897 3510 950 οὐδέ
3536 895 3852 966 ἐθορυϐεῖτο

2179 987 2279 1055 τὴν
2326 983 2573 1052 γνώμην,
2627 981 2746 1034 οὐδέ
2801 980 2998 1031 ἐνενόει
3049 981 3144 1030 καὶ
3193 979 3347 1047 ἔλεγε
3372 997 3385 1010 ·
3422 980 3486 1032 Τί
3514 977 3712 1043 τοῦτος
3749 975 3854 1048 ἆρα

2179 1068 2717 1136 ἐγκατελείφθημεη
2754 1060 2866 1135 ἆρα
2906 1062 3295 1132 ὴπατήθημεν;
3336 1058 3446 1133 ἆρα
3502 1062 3577 1134 μὴ
3612 1065 3856 1132 ἐρήμους

2180 1150 2328 1220 ἡμᾶς
2359 1147 2618 1200 κατέλιπε
2639 1148 2737 1215 τῆς
2757 1145 2920 1198 αὐτοῦ
2943 1145 3198 1214 προνοίας
3223 1146 3252 1196 6
3279 1144 3588 1214 Δεσπότης;
3613 1146 3644 1196 6
3664 1143 3853 1207 εἰπὼν,

2181 1228 2516 1299 Μεταλυνῶ
2548 1245 2642 1291 σε,
2674 1229 2771 1281 καὶ
2805 1227 2886 1293 τῷ
2918 1226 3214 1296 σπέρματί
3247 1239 3366 1280 σου
3395 1225 3568 1280 δώσω
3599 1228 3718 1294 τὴν
3743 1226 3857 1298 γῆν

2182 1316 2428 1380 ταύτην,
2463 1310 2636 1374 οὕτως
2680 1312 2828 1381 ἡμᾶς
2854 1312 3043 1381 ἀφίησι
3071 1310 3167 1364 νῦν
3195 1310 3323 1380 περὶ
3351 1309 3459 1362 τῶν
3481 1310 3732 1380 ἐσχάτων
3757 1313 3856 1364 αὐ-

2177 1398 2288 1449 τῶν
2339 1397 2656 1458 δεδοικέναι,
2707 1396 2802 1447 καὶ
2851 1397 2928 1457 εἰς
2972 1393 3224 1464 προφανῆ
3259 1393 3502 1446 κίνδυνον
3549 1395 3853 1464 ἐμπεσεῖνς

2178 1479 2343 1531 Οὐδὲν
2361 1479 2565 1532 τούτων
2582 1479 2702 1531 οὐδὲ
2727 1480 2784 1530 ἐν
2811 1477 3020 1547 διανοίᾳ
3043 1475 3226 1528 λαϐεῖν
3240 1479 3268 1529 6
3281 1475 3488 1539 δίκαιος
3507 1476 3851 1541 κατεδέξατο,

2177 1560 2290 1612 ἀλλ’
2320 1561 2438 1623 ἐνὸς
2472 1561 2567 1614 νῦν
2597 1561 2806 1629 ἐγίνετο
2838 1560 3030 1629 μόνου,
3075 1560 3223 1622 ὅπως
3255 1559 3456 1630 δυνηθῇ
3489 1561 3855 1630 σοφισάμενός

2176 1655 2295 1698 τινα
2336 1646 2606 1716 μηχανὴν,
2655 1645 2750 1698 1:61
2797 1643 2889 1696 τοῦ
2933 1643 3091 1713 λιμοῦ
3124 1643 3480 1713 παραμυθίαν
3511 1645 3718 1716 εὑρεῖν,
3761 1645 3856 1698 1:61

2174 1729 2281 1781 τῶν
2302 1729 2616 1797 Αἰγυπτίων
2648 1728 2745 1792 τὰς
2775 1727 2962 1797 χεῖρας
2989 1725 3288 1793 διαφυγεῖν.
3317 1725 3625 1791 Γινώσκῳ,
3663 1729 3854 1796 φησὶν,

2177 1807 2266 1864 ὅτι
2301 1811 2456 1881 γυνὴ
2481 1811 2876 1878 εὐπρόσωπος
2907 1804 2979 1862 εἷ.
3012 1808 3152 1879 Ὅρα
3183 1809 3322 1875 πόση
3358 1808 3460 1877 τῆς
3487 1809 3754 1876 γυναικὸς
3785 1805 3856 1880 ἦν

2176 1900 2209 1968 ἡ
2235 1899 2525 1970 εὐμορφία,
2555 1899 2636 1951 ὅτι
2659 1897 2755 1950 1:61
2787 1898 2866 1959 είς
2898 1896 3072 1966 γῆρας
3098 1895 3276 1948 αὐτῶν
3305 1895 3616 1949 ἐλασάντων
3642 1896 3852 1959 λοιπὸν,

2178 1984 2270 2036 1:61
2297 1985 2435 2053 μετά
2462 1983 2732 2037 τοσούτων
2761 1982 2898 2040 ἐτῶν
2925 1982 3158 2054 ἀριθμὸν
3177 1982 3257 2034 ἐτι
3276 1982 3468 2054 ἔμενεν
3497 1981 3853 2052 ἀκμάζουσα.

2175 2067 2268 2122 τοῦ
2291 2067 2518 2128 κάλλους
2539 2067 2637 2138 τὴν
2665 2065 2810 2138 ὤραν
2839 2064 2932 2118 ἐπί⁹
2960 2066 3058 2136 τῆς
3088 2064 3261 2133 ὅψεως
3278 2066 3538 2136 φέρουσα,
3561 2067 3658 2117 καὶ
3679 2065 3855 2118 ταῦτα

2177 2150 2313 2223 μετά
2341 2150 2438 2219 τὴν
2471 2145 2738 2218 τοσαύτην
2767 2147 3138 2218 ταλαιπωρίαν
3169 2149 3260 2200 καὶ
3288 2147 3608 2217 κακουχίαν,
3625 2149 3695 2219 ἦν
3711 2149 3854 2201 κατά

2172 2233 2270 2295 τάς
2290 2232 2441 2295 6606;
2464 2232 2730 2301 ὑπέμενεν
2747 2231 2855 2284 ἀπὸ
2876 2232 3056 2282 τόπων
3069 2233 3147 2294 εἰς
3163 2231 3362 2294 τόπους
3381 2231 3852 2302 μετανισταμένη,

2172 2316 2266 2368 καὶ
2290 2314 2398 2366 ἀπὸ
2426 2313 2525 2382 μὲν
2557 2313 2656 2382 τῆς
2684 2312 2966 2365 Χαλδαίων
3005 2310 3186 2382 χώρας
3212 2313 3294 2374 εἰς
3325 2310 3678 2382 τὴνΧαρρἀν
3716 2329 3852 2382 μετ-

2174 2397 2526 2466 ανισταμένη,
2583 2395 2836 2448 κάκεῖθεν
2882 2397 2960 2456 είς
2997 2396 3095 2465 τὴν
3127 2393 3368 2459 Χαναὰν,
3411 2396 3508 2448 καὶ
3551 2394 3721 2448 πάλιν
3764 2397 3852 2447 ἐν-

2172 2482 2361 2535 τεῦθεν
2382 2482 2499 2533 ἐκεῖ
2516 2482 2572 2532 ἐν
2601 2482 2666 2550 τῇ
2701 2479 3003 2548 Χαναναία,
3030 2477 3282 2531 κάκεῖθεν
3307 2471 3430 2542 ὧδε,
3455 2478 3548 2530 1:61
3568 2477 3666 2531 νῦν
3686 2479 3853 2532 πάλιν

2174 2567 2252 2627 εἰς
2287 2563 2383 2634 τὴν
2412 2564 2704 2630 Αἴγυπτον.
2729 2561 2861 2615 Τίνα
2889 2551 2981 2614 οὖν
3013 2561 3112 2613 οὐκ
3144 2561 3210 2613 ἀν
3236 2559 3332 2614 1:61
3360 2559 3469 2613 τῶν
3491 2560 3852 2632 σφριγῶντων

2175 2646 2384 2718 ἀνδρῶν
2428 2645 2483 2697 αἰ
2533 2644 2673 2696 οὕτω
2713 2647 2954 2713 συνεχεῖς
3009 2642 3310 2713 ἀποδημίαι
3365 2644 3848 2715 κατειργάσαντο;

2188 2717 2326 2782 Ἀλλ’
2356 2731 2389 2799 ἡ
2413 2728 2690 2798 θαυμασία
2731 2727 2891 2796 αὐτη,
2933 2727 3026 2780 1:61
3055 2725 3193 2796 μετὰ
3219 2717 3317 2798 τὴν
3342 2727 3614 2798 τοσαύτην
3656 2727 3852 2782 ταλαι-

2176 2814 2391 2886 πωρίαν
2421 2812 2501 2866 ἔτι
2532 2812 2822 2881 λάμπουσα
2849 2811 2927 2880 τῷ
2957 2813 3056 2882 τῆς
3105 2811 3279 2880 ὅψεως
3322 2811 3529 2877 κάλλει,
3580 2811 3720 2866 πολὺ
3756 2813 3853 2866 καὶ

2176 2896 2405 2967 σφοδρὸν
2439 2895 2500 2947 τὸ
2536 2894 2653 2958 δέος
2697 2895 2929 2946 ἐνεποίει
2973 2893 3052 2964 τῷ
3108 2894 3340 2965 δικαίῳο
3390 2895 3471 2947 διδ
3513 2895 3608 2948 1:61
3659 2895 3839 2963 ἐλεγε-

2173 2981 2459 3034 Γινώσκω
2489 2979 2624 3048 ἐγὼ,
2659 2978 2748 3030 ὅτι
2772 2978 2926 3046 γυνή
2958 2979 3349 3046 εὐπρόσωπος
3373 2973 3446 3031 εί.
3466 2979 3683 3032 Ἔσται
3713 2975 3851 3041 οὖν,

2171 3065 2251 3130 ὡς
2301 3063 2380 3118 ἂν
2425 3063 2597 3117 ἴδωσί
2625 3079 2700 3115 σε
2732 3064 2785 3114 οἱ
2815 3063 3122 3130 Αἰγύπτιοι
3147 3102 3162 3124 ,
3211 3061 3479 3127 ἐροῦσιν,
3532 3061 3623 3116 ὅτι
3677 3063 3852 3131 Γυνὴ

2171 3147 2357 3202 αὐτοῦ
2391 3147 2542 3214 αὕτη
2564 3163 2576 3176 ’
2620 3145 2717 3198 καί
2758 3137 3165 3198 ἀποκτενοῦσί
3188 3156 3298 3212 με,
3335 3146 3410 3198 σε
3434 3142 3503 3197 δὲ
3537 3147 3850 3214 περιποιή-

2173 3246 2408 3285 σονται.
2456 3230 2654 3282 Σκόπει
2695 3229 2812 3291 πῶς
2842 3227 3064 3299 ἐθάρρει
3107 3228 3185 3298 τῷ
3222 3230 3408 3300 τρόπῳ
3433 3229 3534 3299 τῆς
3563 3231 3848 3297 γυναικὸς,

2174 3316 2268 3369 καὶ
2294 3316 2393 3367 οὐκ
2415 3314 2585 3366 ἔδεισε
2609 3314 2685 3383 μή
2716 3329 2844 3365 ποτε
2876 3313 2988 3373 τοῖς
3017 3310 3260 3374 ἐπαίνοις
3286 3311 3562 3383 χαυνωθῇ,
3588 3312 3726 3365 ἀλλά
3756 3318 3855 3366 1:61

2172 3398 2425 3469 τοιαύτην
2452 3397 2658 3464 εἰσάγει
2685 3395 2782 3466 τὴν
2819 3393 3130 3464 συμϐουλὴν
3157 3395 3350 3460 λέγων’
3385 3396 3501 3447 Ἵνα
3525 3396 3601 3467 μὴ
3628 3395 3731 3466 ἐμὲ
3751 3397 3853 3466 μὲν

2172 3480 2570 3540 ἀποκτείνωσι,
2624 3478 2684 3530 σὲ
2734 3470 2792 3530 δέ
2838 3477 3344 3547 περιποιήσωνται,
3394 3477 3541 3528 Εἰπὲ
3577 3475 3730 3540 οὖν,
3761 3478 3856 3531 ὅτι

2174 3561 2429 3630 Ἀδελφὴ
2463 3561 2652 3614 αὑτοῦ
2683 3562 2822 3628 εἰμι,
2857 3556 3016 3624 ὅπως
3060 3558 3136 3612 ἂν
3181 3554 3251 3613 εὖ
3299 3577 3401 3628 μοι
3448 3558 3712 3628 γένηται,
3754 3561 3859 3614 καί

2177 3643 2414 3712 ζήσεται
2447 3646 2484 3711 ἡ
2505 3642 2676 3712 ψυχή
2698 3659 2817 3710 μου
2840 3641 3048 3695 ἕνεκεν
3079 3642 3215 3696 σοῦ.
3264 3642 3477 3710 Ἐπειδὴ
3505 3643 3566 3694 οὐ
3603 3643 3664 3695 τὸ
3691 3644 3858 3712 τύχον

2171 3724 2239 3800 ἦν
2272 3729 2410 3796 ὅπερ
2435 3725 2717 3790 ἐπέταττε,
2746 3724 2836 3778 διὰ
2856 3724 3010 3776 τοῦτο
3030 3723 3120 3777 διὰ
3146 3724 3254 3777 τῶν
3283 3723 3639 3793 ἐπαγομένων
3668 3727 3858 3795 ῥημά-

2172 3829 2281 3864 των
2316 3803 2719 3878 ἐφελκύσασθαι
2744 3807 2914 3879 αὐτὴν
2941 3807 3241 3879 ἠϐουλήθη,
3270 3808 3412 3861 ὥστε
3441 3809 3536 3863 1:61
3565 3811 3646 3872 είς
3672 3806 3858 3863 οἶκτον

2174 3894 2342 3961 αὐτὴν
2365 3891 2696 3960 ἐπικάμψαι,
2727 3891 2820 3943 1:61
2841 3892 3022 3944 πεῖσαι
3053 3891 3190 3961 μετά
3220 3891 3524 3963 προθυμίας
3554 3892 3858 3965 ὑποκρίνα-

2177 3975 2301 4028 σθαι
2326 3974 2388 4026 τδ
2417 3975 2619 4044 δρᾶμα.
2648 3975 2863 4026 Ἔσται
2885 3970 3019 4036 οὖν,
3052 3975 3238 4044 φησὶν,
3270 3976 3350 4040 ὡς
3383 3975 3459 4028 ἂν
3491 3975 3670 4029 ίδωσί
3698 3993 3774 4030 σε
3798 3981 3857 4031 οί

2167 4059 2494 4128 Αἰγύπτιοι,
2555 4057 2822 4126 ἐροῦσιν,
2873 4057 2963 4111 ὅτι
3021 4059 3193 4126 Γυνὴ
3242 4059 3430 4113 αὐτοῦ
3484 4061 3638 4129 αὕτη
3669 4079 3683 4092 ·
3752 4063 3856 4117 και

2175 4135 2586 4196 ἀποκτενοῦσί
2627 4159 2725 4210 με,
2757 4142 2831 4194 σὲ
2872 4141 2940 4193 δὲ
2973 4140 3484 4210 περιποιήσω-ται.
3535 4146 3651 4199 Οὐκ
3695 4141 3856 4210 εἶπε.

2176 4224 2244 4276 Σέ
2287 4220 2707 4300 καθυϐρίσουσι·
2740 4223 2876 4286 τέως
2927 4224 2988 4276 οὐ
3027 4224 3274 4293 βούλεται
3305 4227 3473 4296 αὐτὴν
3504 4227 3856 4300 καταπλῆξαι

2174 4306 2260 4360 διά
2289 4298 2396 4358 τῶν
2417 4306 2701 4377 ῥημάτων,
2727 4304 2900 4368 ἄλλως
2928 4322 2986 4357 τε
3016 4308 3108 4360 καὶ
3134 4306 3370 4360 δέδοικεν
3386 4309 3526 4381 ὑπὲρ
3551 4311 3652 4381 τῆς
3680 4298 3858 4381 ἐπαγ-

2172 4389 2359 4457 γελίας
2391 4389 2486 4441 τοῦ
2516 4388 2671 4441 Θεοῦ.
2707 4387 2807 4440 Διά
2829 4387 2988 4440 τοῦτό
3014 4406 3167 4458 φησι,
3205 4389 3283 4443 Σὲ
3316 4389 3386 4443 δὲ
3417 4395 3854 4463 περιποιήσαν-

2172 4489 2285 4526 ται.
2313 4470 2461 4525 81πέ
2493 4466 2628 4536 οὖν,
2660 4471 2751 4524 ὅτι
2787 4471 3036 4540 Ἀδελφὴ
3069 4473 3254 4526 αὐτοῦ
3277 4476 3412 4542 εἰμι.
3449 4475 3651 4530 Ἐννόει
3677 4491 3770 4546 μοι
3794 4482 3855 4533 ἐν

2171 4556 2262 4627 οἵα
2307 4555 2637 4608 καταστάσει
2684 4555 2976 4629 τυγχάνειν
3024 4556 3170 4618 εἰκὸς
3226 4551 3295 4626 ἦν
3349 4557 3443 4610 τοῦ
3488 4558 3703 4613 δικαίου
3753 4565 3852 4634 τὴν

2151 4638 2434 4701 διάνοιαν,
2482 4637 2632 4709 [ωδ]
2675 4639 2839 4709 ἡνίκα
2884 4637 3056 4692 ταῦτα
3104 4639 3454 4695 συνεϐούλευε
3485 4646 3551 4714 τῇ
3598 4650 3845 4712 γυναικί.

2176 4722 2320 4773 Ἴστε
2351 4721 2482 4792 γὰρ,
2517 4720 2628 4773 ίστε
2665 4721 2782 4782 πῶς
2811 4719 2965 4795 οὐδὲν
3017 4722 3205 4777 τούτου
3237 4723 3536 4797 βαρύτερόν
3581 4730 3702 4782 ἐστι
3731 4734 3848 4795 τοῖς

2169 4802 2456 4887 ἀνδράσιν,
2476 4806 2555 4866 είς
2580 4803 2640 4856 τὸ
2673 4803 2777 4856 κάν
2811 4805 2890 4867 είς
2926 4805 3158 4875 ὑποψίαν
3182 4801 3441 4880 τοιαύτην
3471 4812 3571 4882 τὴν
3597 4815 3847 4887 γαμετὴν

2170 4885 2364 4940 ἐλθεῖν.
2409 4885 2470 4940 Ὀ
2494 4887 2678 4958 μέντοι
2704 4887 2912 4950 δίκαιος
2931 4890 3026 4940 1:61
3056 4889 3349 4956 σπουδάζει
3369 4894 3463 4946 1:61
3480 4895 3661 4948 πάντα
3679 4885 3844 4962 ποιεῖ,

2169 4965 2309 5021 ὥστε
2345 4970 2426 5032 είς
2452 4968 2612 5038 ἔργον
2647 4967 2744 5040 τὴν
2778 4969 3024 5040 μοιχείαν
3045 4969 3297 5040 ἐκϐῆναι.
3338 4973 3497 5028 Ἀλλά
3530 4977 3606 5047 μὴ
3630 4979 3842 5044 ἁπλῶς,

2167 5048 2440 5120 ἀγαπητέ,
2473 5050 2821 5123 καταψηφίσῃ
2851 5052 2947 5105 τοῦ
2974 5052 3204 5117 δικαίου,
3248 5053 3384 5108 ἀλλά
3418 5058 3512 5110 καὶ
3531 5061 3608 5112 ,ἐκ
3641 5061 3836 5116 τούτου

2171 5133 2407 5201 μάλιστα
2440 5134 2738 5204 κατάμαθε·
2769 5134 2933 5187 αὐτοῦ
2963 5136 3059 5188 καὶ
3103 5136 3199 5206 τὴν
3238 5138 3452 5193 σύνεσιν
3482 5141 3581 5211 τὴν
3635 5146 3841 5216 πολλὴν

2168 5217 2262 5270 καὶ
2290 5217 2389 5289 τὴν
2417 5217 2670 5286 ἀνδρείαν
2690 5234 2704 5247 ο
2734 5217 2835 5286 τὴν
2875 5216 3126 5288 ἀνδρείαν
3156 5219 3276 5289 μὲν,
3302 5221 3383 5274 ὅτι
3408 5221 3549 5277 οὕτω
3573 5229 3841 5293 γενναίως

2167 5303 2378 5371 ἀντεῖχε
2409 5301 2504 5354 καὶ
2534 5299 2880 5372 περιεγένετο
2905 5299 3005 5370 τῆς
3025 5300 3135 5353 τῶν
3156 5300 3430 5373 λογισμῶν
3453 5309 3724 5380 ταραχῆς,
3764 5313 3840 5376 ὡς

2168 5386 2262 5440 1:61
2309 5383 2534 5438 τοιαῦτα
2567 5380 2986 5452 συμϐουλεῦσαι.
3022 5383 3144 5437 ὀτι
3184 5385 3291 5456 γὰρ
3315 5387 3464 5441 οὐδέν
3501 5389 3618 5443 ἐστι
3644 5394 3838 5446 τούτου

2165 5468 2584 5540 ἀφορητότερον,
2612 5466 2776 5518 ἀκουε
2799 5462 2894 5516 τοῦ
2922 5464 3264 5536 Σολομῶντος
3291 5467 3538 5537 λέγοντος
3554 5487 3570 5503 '
3599 5477 3837 5544 Μεστὸς

2164 5553 2274 5622 γὰρ
2294 5550 2477 5618 ζήλου
2494 5547 2682 5615 θυμὸς
2697 5545 2917 5615 ἀνδρὸς
2930 5547 3121 5616 αὐτῆς
3137 5565 3150 5579 ·
3173 5551 3246 5602 οὐ
3267 5551 3538 5619 φείσεται
3560 5553 3631 5607 ἐν
3646 5555 3837 5625 ἡμέρᾳ

2164 5638 2443 5705 κρίσεως,
2483 5631 2626 5687 οὐδὲ
2675 5631 3113 5694 ἀνταλλάξεται
3169 5634 3416 5689 πολλῶν
3459 5636 3664 5706 δώρων
3720 5641 3837 5709 τὴν

2163 5719 2386 5788 ἔχθραν
2410 5734 2422 5747 ·
2453 5715 2547 5770 1:61
2571 5715 2752 5770 πάλιψ
2784 5713 3051 5782 Σκληρός
3073 5715 3154 5781 ὡς
3185 5715 3334 5783 ᾅδης
3352 5717 3548 5786 ζῆλος.

2239 5805 2300 5854 ε’.
2327 5798 2572 5869 Ὀρῶμεν
2586 5797 2643 5851 δὲ
2662 5797 2909 5863 πολλοὺς,
2921 5797 3002 5850 ὅτι
3018 5797 3098 5860 εἰς
3116 5799 3383 5870 τοσαύτην
3401 5803 3597 5870 μανίαν
3613 5804 3834 5875 ἑξηκον-

2163 5883 2446 5952 τίσθησαν,
2466 5879 2540 5944 ὡς
2571 5879 2706 5949 μηδέ
2727 5877 2904 5933 αὐτῶν
2920 5877 3206 5947 φείσασθαι
3234 5880 3345 5934 τῶν
3373 5884 3667 5950 γυναικῶν,
3697 5887 3833 5946 ἀλλά

2168 5965 2260 6017 καὶ
2288 5963 2450 6016 αὐτὸν
2484 5963 2575 6015 τὸν
2607 5960 2792 6032 μοιχὸν
2811 5959 3070 6024 πολλάκις
3101 5964 3549 6036 συγκατέσφαξαν
3575 5970 3669 6022 καὶ
3701 5971 3828 6026 ἐαυ-
