4070 6384
279 404 383 464 297

278 519 459 582 etiam,
488 516 626 570 sicut
649 513 842 567 milites
869 508 957 576 qul
1004 506 1157 561 facile
1207 518 1349 559 nunc
1390 504 1493 556 huc
1516 542 1533 569 ,
1560 514 1701 555 nunc
1745 498 1872 553 illuc

279 618 456 661 castra
486 614 702 661 movent
731 621 745 657 :
779 603 849 655 ita
879 610 932 654 et
953 598 1130 669 justus
1154 596 1264 662 ille,
1295 592 1539 665 quamvis
1566 606 1748 646 secum
1775 588 1876 644 du-

279 706 426 751 ceret
455 710 697 757 uxorem,
726 700 782 748 et
810 689 989 744 fratris
1014 687 1205 750 filium,
1232 694 1287 738 et
1318 694 1521 738 tantum
1548 682 1871 735 domestico-

283 805 399 841 rum
425 797 705 841 numerum
735 800 750 847 ;
779 781 967 850 majori
997 788 1170 832 tamen
1200 776 1453 831 facilitate
1480 775 1706 843 migrare
1734 772 1897 825 sole--

283 880 390 932 bat.
421 875 609 932 Vidisti
639 874 896 941 frugalem
915 882 971 926 et
989 869 1291 939 expeditam
1317 866 1462 919 senis
1487 880 1607 917 cum
1635 877 1799 915 uxore
1819 870 1874 916 ct

212 1006 219 1012 ρ
283 980 359 1021 tot
387 971 558 1023 servis
586 964 787 1019 vitam?
810 963 932 1018 Mihi
963 976 1092 1015 vero
1116 959 1412 1013 mirabilior
1452 956 1661 1009 videtur
1686 955 1874 1008 mulie-

282 1062 356 1114 ris
383 1058 656 1114 fortitudo.
686 1060 819 1112 Cum
855 1057 994 1111 enim
1025 1053 1201 1122 cogito
1231 1050 1504 1104 muliebris
1537 1063 1696 1102 sexus
1722 1046 1870 1100 infir-

279 1154 545 1214 mitatem,
573 1159 624 1201 et
655 1146 1021 1201 animadverto
1045 1129 1313 1211 quomodo
1334 1148 1442 1193 tam
1465 1136 1615 1191 facile
1641 1146 1695 1190 et
1730 1145 1873 1190 tanta

282 1243 559 1295 alacritate
586 1255 708 1293 cum
726 1238 870 1307 justo
898 1249 1118 1305 peregre
1146 1231 1307 1293 vadit,
1327 1240 1380 1287 et
1408 1228 1633 1283 subinde
1657 1227 1871 1296 migrat,

282 1348 455 1402 neque
485 1334 597 1401 ipsa
640 1331 865 1384 moleste
894 1327 1029 1392 fert,
1061 1340 1234 1393 neque
1258 1324 1406 1391 justo
1436 1321 1872 1389 impedimentum

282 1420 449 1486 affert,
478 1423 819 1491 obstupesco,
849 1426 903 1472 et
926 1430 1124 1472 censeo
1150 1430 1255 1467 non
1278 1413 1469 1467 minori
1494 1426 1651 1480 quam
1676 1411 1873 1463 Abram

281 1515 462 1567 animo
496 1522 552 1567 et
587 1511 899 1567 fortitudine
929 1509 1096 1577 ipsam
1142 1520 1353 1575 quoque
1379 1502 1654 1572 praeditam
1686 1499 1870 1554 fuisse.

285 1606 347 1658 Et
377 1603 479 1657 hoc
523 1603 759 1656 maxime
787 1600 1019 1654 sciemus
1042 1638 1058 1663 ,
1088 1611 1209 1651 cum
1240 1610 1302 1649 ea
1331 1609 1449 1663 qua:
1487 1599 1877 1660 consequenter

284 1695 417 1748 lecta
466 1702 591 1747 sunt
619 1690 1141 1762 pertractaverimus.
1178 1683 1365 1739 Vidisti
1405 1680 1875 1753 postquam‘audi—

283 1788 379 1852 vit,
409 1786 603 1839 Semini
638 1794 723 1837 tuo
750 1784 880 1835 dabo
902 1792 1092 1835 terram
1117 1779 1268 1843 hanc,
1292 1774 1562 1845 quomodo
1588 1788 1692 1828 non
1723 1774 1875 1844 quie-

284 1881 419 1934 verit
440 1880 615 1950 justus
657 1878 766 1940 ille,
797 1883 851 1930 et
881 1888 1023 1928 nunc
1050 1873 1153 1925 huc
1175 1912 1191 1935 ,
1224 1884 1367 1924 nunc
1396 1869 1522 1921 illuc
1562 1864 1876 1919 transierit?

284 1973 388 2028 Sed
420 1973 541 2026 vide
575 1968 842 2040 quomodo
871 1969 1061 2022 iterum
1089 1980 1118 2019 a
1160 1963 1446 2018 solitudine
1472 1961 1735 2030 exigitur,
1769 1976 1873 2013 nou

286 2067 352 2119 ab
381 2062 703 2123 hominibus,
734 2059 827 2114 sed
851 2058 1165 2113 necessitate
1185 2055 1374 2107 famis:
1406 2052 1493 2107 10.
1520 2048 1586 2104 Et
1617 2053 1751 2120 facta
1780 2060 1870 2113 est,

287 2155 476 2224 inquit,
506 2158 665 2223 fames
692 2166 844 2219 super
869 2160 1074 2201 terram.
1106 2144 1342 2200 Audiant
1367 2144 1454 2214 qui
1484 2152 1685 2196 temere
1715 2150 1768 2194 et
1793 2142 1873 2194 in-

287 2255 443 2300 caute
474 2246 779 2313 loquuntur,
813 2248 867 2295 et
894 2239 1153 2300 divinant,
1174 2236 1414 2290 dicentes
1447 2251 1459 2285 :
1490 2232 1752 2299 Quoniam
1791 2230 1879 2283 ille

289 2338 409 2389 talis
439 2335 698 2398 advenit,
738 2332 905 2385 fames
942 2328 1201 2389 invaluit;
1234 2325 1486 2395 quoniam
1537 2323 1625 2376 ille
1667 2320 1836 2375 adfuit
1860 2362 1876 2383 ,

288 2430 403 2482 haec
436 2428 791 2495 contigerunt.
824 2423 962 2477 Ecce
991 2420 1152 2476 etiam
1175 2419 1229 2473 in
1268 2418 1496 2473 adventu
1521 2415 1653 2489 justi
1684 2413 1876 2478 fames,

287 2530 341 2573 et
368 2519 535 2572 fames
558 2515 748 2578 valida,
774 2525 829 2569 et
852 2528 957 2567 non
989 2512 1233 2566 turbatur
1251 2509 1447 2579 justus,
1475 2521 1649 2576 neque
1677 2504 1875 2574 aliquid

290 2609 579 2663 humanum
616 2606 847 2676 patitur,
878 2617 1050 2673 neque
1084 2616 1181 2656 suo
1211 2598 1461 2655 adventui
1506 2597 1691 2652 tribuit
1724 2595 1880 2650 famis

288 2715 526 2755 causam.
552 2699 656 2754 Sed
684 2698 807 2768 quia
835 2696 967 2749 vidit
993 2702 1239 2747 naturam
1269 2691 1528 2746 coarctari
1553 2732 1568 2755 ,
1596 2700 1651 2744 et
1678 2690 1879 2742 invale-

293 2806 443 2845 scere
465 2790 657 2843 famem
689 2804 702 2840 :
735 2786 1024 2850 Descendit,
1050 2785 1239 2853 inquit,
1267 2783 1320 2836 in
1350 2780 1638 2852 Egyptum
1667 2779 1875 2843 Abram,

291 2893 344 2936 ut
368 2883 613 2935 habitaret
636 2881 760 2944 illic,
789 2880 907 2948 quia
932 2877 1144 2930 invaluit
1171 2878 1331 2945 fames
1358 2888 1511 2940 super
1529 2880 1734 2924 terram.

358 2977 412 3029 4.
457 2972 685 3027 Attende
731 2969 1000 3040 quomodo
1042 2967 1281 3036 longiora
1327 2964 1459 3017 fiunt
1503 2963 1649 3031 justo
1684 2960 1874 3016 stadia.

291 3063 424 3119 Illud
454 3064 597 3118 enim
623 3059 934 3130 providebat
964 3057 1239 3121 Dominus,
1266 3063 1321 3108 ut
1361 3069 1466 3108 non
1500 3053 1672 3106 solum
1714 3051 1882 3105 Palua-

289 3157 483 3209 stinam
528 3150 880 3205 incolentibus
910 3155 1053 3201 esset
1096 3145 1302 3208 doctor,
1345 3143 1441 3197 sed
1486 3152 1540 3196 et
1580 3143 1645 3195 iis
1687 3141 1776 3210 qui
1827 3141 1879 3194 in

289 3245 526 3315 Egypto
549 3249 737 3305 erant,
766 3249 817 3294 et
849 3239 1057 3292 virtutis
1087 3239 1202 3304 ejus
1231 3233 1487 3302 Splendor
1513 3230 1761 3285 omnibus
1788 3246 1882 3299 pa-

292 3348 447 3394 teret.
478 3335 640 3404 Quasi
679 3335 820 3388 enim
850 3332 1110 3385 luminare
1154 3327 1421 3397 quoddam
1450 3325 1622 3405 latens
1664 3333 1717 3378 et
1756 3324 1881 3378 abs-

289 3428 562 3485 conditum
610 3427 661 3478 in
703 3422 1074 3477 Chaldaeorum
1106 3428 1283 3484 terra,
1316 3417 1461 3471 illinc
1501 3415 1777 3478 evocavit,
1823 3422 1879 3466 ut

290 3536 383 3576 cos
421 3520 511 3589 qui
562 3519 613 3572 in
653 3515 885 3571 tenebris
919 3527 1160 3568 errorum
1205 3509 1498 3573 sedebant,
1528 3508 1595 3562 ad
1638 3506 1882 3561 veritatis

291 3616 430 3667 viam
458 3610 835 3665 introduceret.
866 3606 973 3660 Sed
1004 3604 1141 3658 forte
1179 3603 1320 3657 dicet
1348 3600 1539 3670 aliquis
1570 3618 1583 3654 :
1615 3600 1681 3653 Et
1717 3612 1882 3669 quare

293 3720 399 3757 non
428 3702 604 3772 potius
644 3706 701 3751 ut
736 3698 793 3762 ii,
817 3697 907 3765 qui
935 3697 989 3749 in
1013 3693 1259 3747 Chaldtea
1291 3700 1466 3755 erant,
1496 3688 1562 3743 ad
1593 3703 1771 3742 veram
1794 3702 1881 3740 re-

296 3797 544 3865 ligionem
573 3792 835 3853 venirent,
865 3804 959 3857 per
987 3788 1158 3855 ipsum
1189 3782 1405 3839 effecit?
1436 3780 1734 3835 Verisimile
1762 3780 1883 3847 qui-

293 3889 416 3943 dem
460 3895 571 3948 est,
602 3886 812 3937 illorum
854 3881 1076 3935 salutem
1112 3891 1204 3945 per
1230 3876 1457 3928 aliorum
1496 3871 1885 3941 providentiam

294 3989 634 4052 procuratam
660 3978 821 4030 fuisse
843 3993 854 4026 :
886 3982 1117 4027 attamen
1140 3967 1263 4021 audi
1288 3966 1559 4021 Christum
1580 3963 1883 4017 dicentem:

301 4074 420 4128 Non
452 4082 521 4125 est
547 4070 790 4141 prop/tcta
807 4069 913 4119 sine
934 4065 1140 4127 honore,
1161 4061 1253 4114 nisi
1276 4061 1329 4113 in
1358 4057 1522 4128 patria
1546 4074 1639 4111 sua
1665 4056 1881 4126 (Matth.

301 4166 385 4219 13.
415 4163 527 4231 57).
561 4161 627 4215 ιιι
648 4159 806 4227 igitur
834 4170 995 4225 opere
1018 4153 1262 4221 impleret
1288 4149 1693 4218 promissionem
1724 4162 1883 4215 quam

301 4256 373 4308 illi
403 4252 622 4314 fecerat,
644 4248 860 4302 dicetis:
891 4244 955 4297 Et
982 4240 1317 4312 magnificabo
1342 4255 1523 4292 nomen
1550 4247 1689 4289 tuum
1719 4253 1739 4289 :
1769 4254 1890 4307 prn-

300 4353 479 4413 ptcrea
505 4350 560 4395 et
585 4340 777 4393 famem
802 4334 931 4391 oriri
958 4332 1235 4403 permittit,
1254 4338 1308 4384 et
1333 4338 1552 4400 cogente
1573 4328 1891 4381 necessitate

301 4436 353 4491 in
395 4433 684 4504 Egyptum
732 4444 854 4485 eum
896 4428 973 4480 ire
1002 4422 1306 4493 compellit,
1341 4429 1397 4475 ut
1422 4420 1687 4473 discerent
1722 4429 1773 4471 et
1807 4436 1891 4469 itt-

300 4526 433 4580 col:c
459 4533 654 4593 quanta
682 4520 780 4573 viri
806 4519 976 4571 virtus
1002 4523 1159 4569 esset.
1191 4512 1322 4565 Nam
1345 4511 1513 4564 fames
1533 4510 1682 4578 quasi
1714 4509 1887 4571 lit-tor,

300 4630 399 4671 ceu
427 4611 651 4667 vinculis
683 4609 911 4679 injectis,
945 4608 1013 4660 ita
1036 4606 1086 4658 vi
1114 4619 1146 4657 e
1164 4603 1380 4657 deserto
1402 4602 1451 4654 in
1476 4600 1767 4671 [Egyptum
1797 4614 1891 4653 eos

302 4705 578 4759 abstraxit.
606 4699 711 4755 Sed
756 4698 1031 4752 videamus
1068 4709 1187 4763 quae
1236 4692 1362 4745 hinc
1409 4700 1719 4758 sequantur,
1748 4698 1799 4741 et
1838 4690 1888 4740 in

302 4806 528 4867 quantas
575 4792 915 4846 difficultates
940 4788 1113 4855 justus
1140 4784 1386 4838 inciderit
1416 4796 1429 4831 :
1465 4791 1522 4834 ut
1548 4789 1602 4835 et
1640 4782 1756 4847 ejus
1784 4780 1891 4833 for-

304 4888 584 4944 titudinem
627 4884 926 4943 discamus,
956 4887 1011 4931 et
1058 4876 1240 4929 uxoris
1278 4874 1421 4927 illius
1460 4873 1735 4939 sapientim
1776 4881 1890 4923 stu-

302 4981 510 5034 diosam
543 4983 798 5028 mentem.
828 4971 1114 5036 Postquam
1157 4966 1314 5034 igitur
1344 4962 1511 5017 multo
1540 4963 1731 5015 itinere
1763 4976 1889 5029 pro-

303 5074 599 5127 cesserant,
631 5073 685 5117 et
712 5060 949 5131 proxime
974 5055 1263 5126 Egyptum
1288 5062 1460 5114 erant,
1489 5052 1663 5122 justus
1688 5066 1886 5120 angore

306 5158 501 5213 mentis
526 5154 754 5208 afflictus
784 5159 888 5223 est,
913 5158 996 5213 et,
1029 5157 1085 5200 ut
1112 5148 1179 5199 ita
1223 5145 1418 5206 dicam,
1445 5144 1511 5197 de
1537 5144 1643 5197 vita
1684 5158 1777 5196 sua
1818 5143 1888 5196 ti-

306 5266 458 5305 mens
488 5256 544 5303 et
565 5256 799 5301 tremens
822 5242 1108 5309 al10quitur
1126 5252 1346 5290 uxorem
1373 5250 1543 5287 suam.
1568 5236 1653 5287 ll.
1680 5233 1895 5286 Factum

306 5354 378 5398 est
398 5386 414 5407 ,
448 5342 619 5410 inquit
642 5380 656 5401 ,
680 5336 880 5407 quando
911 5334 1095 5386 Abram
1124 5327 1579 5397 upprorinquabat,
1609 5337 1660 5378 ut
1692 5326 1899 5377 intraret

306 5436 359 5488 in
393 5432 700 5503 [Egi/ptum,
730 5428 859 5480 dixit
908 5425 1053 5477 Sara:
1093 5421 1240 5473 uxori
1270 5435 1375 5471 sua:
1404 5433 1421 5469 :
1448 5416 1568 5471 Scio
1618 5416 1753 5484 quod
1795 5416 1904 5476 [ογ.

308 5540 450 5577 ntosa
476 5523 544 5575 sis
564 5519 762 5571 mulier.
797 5517 884 5570 12.
912 5512 1162 5565 Futurum
1191 5511 1355 5575 itaque
1380 5517 1450 5559 est
1479 5516 1530 5559 ut
1553 5522 1665 5559 cum
1690 5515 1734 5557 te
1761 5506 1903 5556 vide-

306 5592 409 5669 rint
441 5612 699 5683 .Egyptii,
736 5610 904 5661 dicant
934 5623 951 5659 :
983 5603 1091 5656 Ista
1130 5612 1202 5655 est
1244 5617 1372 5659 uxor
1406 5600 1554 5669 ejus;
1590 5608 1637 5650 et
1677 5598 1905 5649 occident

312 5722 410 5769 me,
438 5714 485 5756 te
511 5712 678 5754 autem
698 5698 983 5752 servabunt.
1013 5694 1099 5748 15.
1133 5692 1227 5744 Dic
1251 5691 1424 5759 igitur,
1450 5688 1611 5743 Soror
1636 5689 1746 5756 ejus
1770 5703 1900 5752 sum,

313 5805 366 5849 ut
396 5794 520 5846 mihi
545 5800 752 5863 propter
786 5798 833 5841 te
861 5788 980 5841 bene
1006 5786 1087 5848 sit,
1112 5792 1157 5835 et
1194 5782 1316 5833 uiuet
1357 5780 1525 5831 animo
1568 5796 1677 5831 mea
1704 5788 1909 5849 propter

1312 388 1376 445 IN
1414 387 1567 444 CAP.
1614 381 1732 442 ΧΠ.
1771 379 2015 443 GENES.
2058 382 2285 442 HOMIL.
2330 381 2544 441 XXXII.

3466 382 3574 443 298

1981 507 2050 552 te.
2080 496 2267 551 Vidisti
2293 514 2358 553 ex
2390 498 2590 560 verbis,
2635 498 2687 551 in
2715 506 2914 566 quanto
2943 510 3142 566 angore
3175 505 3229 550 et
3273 508 3414 551 metu
3441 513 3575 554 cou-

1979 589 2194 643 stitutus
2236 588 2394 642 fuerit
2431 588 2647 656 justus:
2679 604 2854 659 neque
2895 598 3069 643 tamen
3119 590 3430 645 turbabatur
3456 594 3576 646 aui-

1980 694 2071 733 mo
2094 718 2109 742 ,
2139 694 2312 748 neque
2336 680 2574 747 cogitans
2604 680 2741 731 intra
2769 693 2850 745 se,
2880 679 3089 733 dicebat
3118 698 3131 733 :
3160 680 3295 746 Quid
3326 679 3426 734 hoc
3449 682 3580 735 est?

1986 786 2109 824 num
2145 771 2380 826 derelimi
2424 786 2608 825 sumus
2628 768 2652 822 ?
2672 786 2798 824 num
2824 771 3032 840 decepti
3072 774 3298 827 sumus?
3323 790 3447 826 num
3481 790 3580 826 nos

1989 859 2314 928 providentia
2343 875 2436 913 sua
2460 860 2699 913 destituit
2726 860 3016 914 Dominus?
3043 878 3166 914 num
3196 863 3282 917 ille
3308 865 3395 931 qui
3422 863 3578 919 dixit:

1983 946 2324 1017 Magniﬁeabo
2365 960 2440 1012 te,
2476 958 2522 1003 et
2545 950 2723 1002 semini
2754 959 2840 1002 tuo
2884 951 3014 1003 dabo
3058 961 3243 1004 terram
3282 955 3413 1005 hanc
3434 971 3451 1005 .·
3482 970 3581 1007 nos

1982 1038 2051 1092 ita
2076 1040 2328 1107 relinquit
2352 1055 2491 1094 nunc
2519 1049 2576 1094 ut
2601 1041 2667 1093 de
2687 1041 2942 1094 extremis
2967 1043 3271 1109 timeamus,
3305 1054 3358 1097 ct
3386 1046 3438 1097 in
3465 1061 3583 1098 ma-

1981 1127 2230 1183 nifestum
2280 1126 2575 1185 incidamus
2622 1132 2955 1200 periculum?
2996 1133 3135 1186 Nihil
3178 1134 3365 1188 horum
3406 1138 3489 1191 vel
3527 1139 3580 1190 iu

1982 1230 2215 1275 mentem
2258 1220 2644 1274 admittendum
2674 1224 2999 1277 existimavit
3034 1224 3207 1292 justus
3235 1267 3247 1287 ,
3281 1226 3373 1279 sed
3414 1242 3578 1280 unum

1981 1310 2084 1365 hoc
2125 1313 2377 1376 curabat,
2407 1314 2676 1382 quomodo
2718 1324 2833 1368 arte
2872 1317 3045 1385 aliqua
3075 1320 3367 1387 excogitata
3403 1330 3581 1387 posset

1980 1402 2135 1456 famis
2157 1403 2452 1458 remedium
2491 1419 2553 1457 ac
2578 1406 2997 1461 consolationem
3030 1410 3289 1474 invenire,
3322 1420 3376 1463 et
3404 1410 3577 1481 IEgy-

1981 1492 2212 1561 ptiorum
2246 1508 2434 1547 manus
2463 1494 2716 1564 effugere.
2748 1496 2872 1550 Scio
2892 1539 2908 1563 ,
2944 1499 3145 1568 inquit,
3176 1502 3313 1570 quod
3356 1502 3580 1570 [annosa

1981 1582 2161 1635 mulier
2188 1584 2277 1636 sis.
2307 1583 2439 1637 Vide
2464 1595 2661 1654 quanta
2692 1588 2929 1641 mulieris
2951 1599 3066 1642 erat
3093 1589 3429 1644 formositas:
3455 1610 3577 1646 nam

1981 1683 2035 1727 et
2058 1689 2178 1728 cum
2207 1676 2257 1728 in
2289 1686 2557 1730 senectam
2581 1678 2690 1745 jam
2722 1688 2995 1748 vergeret,
3029 1689 3084 1735 et
3119 1692 3238 1749 post
3282 1692 3359 1736 tot
3405 1700 3577 1738 anno-

1981 1778 2098 1816 rum
2130 1780 2406 1818 numerum
2429 1807 2444 1831 ,
2472 1766 2647 1821 adhuc
2667 1770 2746 1821 vis
2770 1770 3178 1837 pulchritudinis
3200 1772 3252 1825 in
3281 1772 3416 1828 facie
3444 1775 3583 1828 emi-
3665 1786 3677 1803 ‘

1982 1855 2156 1918 cabat,
2185 1857 2343 1910 etiam
2372 1868 2489 1927 post
2520 1869 2599 1912 tot
2629 1861 2836 1914 labores
2866 1872 2919 1915 et
2941 1878 3229 1929 aerumnas,
3250 1881 3383 1933 quas
3410 1867 3460 1920 in
3494 1868 3581 1921 via

1983 1944 2050 1998 de
2085 1947 2214 2001 locis
2250 1950 2303 2003 in
2334 1950 2447 2003 loca
2488 1952 2812 2006 transeundo
2842 1965 3062 2023 experta
3088 1965 3209 2021 est,
3241 1972 3269 2010 a
3298 1958 3585 2013 Chaldmo—

1985 2052 2104 2091 rum
2137 2054 2328 2109 nempe
2355 2042 2571 2111 regione
2599 2043 2650 2096 in
2676 2044 2938 2109 Charran,
2956 2055 3010 2100 et
3036 2060 3064 2099 a
3094 2046 3335 2101 Charran
3369 2049 3419 2102 in
3446 2048 3586 2103 Cha-

1986 2141 2142 2192 naan,
2173 2140 2226 2181 et
2256 2145 2441 2183 rursus
2463 2132 2513 2183 in
2540 2131 2839 2187 Chananzea
2870 2135 2974 2189 huc
2996 2145 3157 2205 atque
3184 2137 3330 2204 illuc,
3360 2147 3414 2193 et
3443 2154 3587 2195 nune

1986 2215 2178 2271 iterum
2210 2219 2263 2272 in
2290 2218 2603 2291 Egyptum.
2636 2223 2803 2289 Quem
2833 2240 2938 2278 non
2974 2225 3189 2281 fortium
3220 2230 3457 2283 virorum
3491 2230 3588 2283 tle-

1965 2306 2265 2377 .fatigarent
2290 2319 2367 2364 tot
2385 2312 2651 2387 continua:
2680 2315 3135 2384 peregrinationes
3160 2317 3186 2369 ?
3212 2316 3408 2371 Verum
3435 2333 3585 2388 egre-

1986 2396 2069 2465 gia
2112 2397 2225 2452 hazc
2266 2401 2457 2455 mulier
2495 2404 2655 2456 etiam
2700 2417 2820 2472 post
2863 2416 2941 2460 tot
2976 2408 3274 2463 exantlatas
3323 2425 3589 2465 aerumnas

1988 2487 2252 2543 luculenta
2292 2490 2465 2546 adhuc
2499 2503 2614 2547 erat
2645 2492 2797 2559 facie,
2824 2496 2964 2551 unde
2990 2506 3045 2551 et
3074 2498 3444 2553 vehementem
3476 2499 3588 2554 fur—

1988 2578 2243 2633 midinem
2285 2580 2539 2637 afferebat
2570 2584 2719 2653 justo
2748 2602 2761 2639 :
2799 2585 2920 2641 ideo
2942 2597 2998 2642 et
3024 2588 3235 2643 dicebat
3265 2608 3279 2644 :
3310 2590 3431 2645 Scio
3452 2592 3589 2658 quod

1989 2670 2169 2722 mulier
2194 2674 2419 2739 formosa
2448 2674 2518 2727 sis
2548 2690 2568 2727 :
2594 2678 2825 2745 futurum
2851 2678 3019 2747 itaque
3044 2691 3115 2733 est
3141 2691 3193 2733 ut
3218 2698 3333 2734 cum
3361 2692 3409 2735 te
3450 2685 3588 2737 vide-

1987 2761 2088 2813 rint
2135 2759 2377 2831 .Egyptii
2395 2804 2411 2829 ,
2440 2764 2612 2818 dicunt
2634 2780 2653 2819 .'
2681 2765 2792 2819 Ista
2822 2779 2896 2822 est
2932 2786 3061 2824 uxor
3100 2773 3213 2841 ejus
3239 2788 3259 2835 ,'
3287 2782 3334 2827 et
3359 2774 3587 2828 occident

1988 2869 2085 2916 me,
2119 2862 2166 2906 te
2192 2863 2359 2906 autem
2383 2858 2669 2909 servabunt.
2712 2859 3029 2928 Considera,
3061 2876 3319 2932 quantum
3352 2867 3591 2922 conlide-

1992 2944 2079 2997 bat
2107 2945 2345 2999 moribus
2371 2947 2630 3011 mulieris,
2657 2964 2766 3003 non
2790 2961 3032 3007 metuens
3052 2970 3121 3008 ne
3144 2955 3393 3012 laudibus
3416 2960 3587 3014 emol-

1989 3034 2209 3097 liretur,
2238 3038 2363 3107 quin
2387 3049 2441 3093 et
2470 3040 2572 3094 tale
2600 3041 2802 3098 inducit
2828 3046 3135 3114 consilium,
3162 3047 3347 3105 dicens
3380 3068 3392 3104 :
3425 3051 3491 3107 Ut
3520 3069 3589 3109 ne

1989 3140 2074 3180 me
2105 3127 2319 3196 quidem
2348 3130 2627 3193 occidant,
2660 3140 2712 3187 te
2750 3144 2928 3188 autem
2978 3148 3197 3192 servent
3232 3157 3244 3192 :
3279 3139 3372 3193 Dic
3400 3143 3588 3212 igitur,

1988 3217 2153 3271 Soror
2179 3220 2288 3288 ejus
2313 3237 2423 3272 sum
2447 3262 2462 3286 ,
2489 3231 2545 3274 ut
2572 3224 2697 3276 mihi
2724 3224 2847 3277 bene
2882 3227 2983 3290 sit,
3007 3236 3055 3279 et
3090 3229 3216 3282 «iuet
3258 3232 3428 3283 anima
3476 3250 3589 3287 mea

1989 3321 2195 3380 propter
2220 3322 2284 3365 te.
2301 3314 2564 3379 Quoniam
2595 3330 2703 3368 non
2732 3317 2946 3384 vulgare
2969 3328 3085 3373 erat
3103 3320 3244 3389 quod
3268 3320 3583 3390 imperabat,

1990 3413 2273 3473 propterea
2320 3406 2496 3459 verbis
2533 3423 2652 3475 quae
2692 3408 2961 3473 subdidit,
2992 3410 3208 3467 allicere
3248 3428 3365 3467 eam
3413 3425 3470 3469 et
3516 3414 3584 3469 ad

1988 3494 2407 3549 misericordiam
2453 3496 2695 3556 flectere.
2726 3500 3155 3570 persuadereque
3180 3502 3228 3556 ei
3257 3503 3499 3569 volebat,
3528 3514 3588 3560 ut

1989 3595 2234 3654 prompte
2278 3586 2330 3639 in
2364 3586 2462 3640 hac
2498 3586 2674 3641 fabula
2702 3600 2880 3656 partes
2922 3606 3051 3645 suas
3094 3602 3295 3662 ageret.
3332 3594 3589 3649 Futurum

1990 3683 2060 3728 est
2089 3676 2257 3742 itaque
2280 3688 2333 3729 ut
2358 3692 2472 3729 cum
2499 3688 2546 3730 te
2579 3679 2794 3732 viderint
2829 3679 3069 3751 .Egyptii
3088 3722 3102 3747 ,
3132 3684 3306 3737 dicunt
3334 3701 3352 3737 :
3382 3683 3490 3739 Ista
3516 3697 3589 3740 est

1989 3784 2121 3821 uxor
2152 3771 2303 3836 ejus;
2349 3778 2397 3822 et
2440 3771 2668 3823 occident
2710 3788 2822 3833 me,
2857 3782 2905 3825 te
2944 3782 3110 3827 autem
3150 3774 3437 3830 servabunt.
3470 3777 3587 3832 Non

1989 3859 2144 3925 dixit,
2188 3859 2535 3915 Contumeliis
2573 3870 2625 3915 te
2661 3862 2944 3919 afficieut:
2988 3879 3094 3919 non
3135 3866 3244 3920 vult
3278 3868 3422 3922 enim
3466 3884 3586 3924 eam

1992 3966 2137 4005 nunc
2161 3952 2339 4006 verbis
2370 3962 2571 4006 terrere
2591 3993 2607 4018 ,
2648 3954 2917 4023 praecipue
2940 3969 3068 4010 vero
3107 3958 3379 4011 metuebat
3423 3974 3586 4028 super

1994 4042 2087 4095 Dei
2139 4043 2512 4111 promissione.
2561 4042 2849 4110 Propterea
2898 4044 3027 4098 dicit
3056 4064 3068 4100 :
3102 4045 3171 4099 Te
3204 4058 3372 4101 autem
3407 4065 3585 4103 serva-

1995 4135 2116 4187 bunt
2145 4152 2162 4187 :
2193 4136 2272 4187 dic
2305 4136 2479 4204 igitur,
2505 4134 2669 4188 Soror
2692 4138 2801 4205 ejus
2823 4152 2953 4190 sunt.
2983 4135 3165 4207 Cogita
3189 4180 3203 4202 ,
3225 4154 3409 4209 quaso
3432 4180 3449 4206 ,
3480 4156 3586 4210 quo

1994 4233 2156 4286 fuisse
2179 4241 2287 4285 tum
2316 4232 2366 4285 in
2408 4242 2549 4285 statu
2590 4232 2721 4299 justi
2751 4242 2985 4287 mentem
3012 4234 3300 4287 verisimile
3329 4236 3431 4299 sit,
3460 4250 3586 4291 eum
3684 4230 3688 4234 “

1996 4324 2092 4377 ista
2120 4324 2271 4377 uxori
2301 4324 2624 4378 consuleret.
2652 4323 2810 4379 Scitis
2831 4326 2972 4379 enim
2996 4367 3009 4389 ,
3042 4325 3190 4379 scitis
3216 4325 3347 4379 nihil
3373 4329 3590 4397 gravius

1996 4415 2201 4467 maritis
2228 4429 2384 4477 esse,
2412 4430 2571 4482 quam
2606 4424 2664 4468 ut
2689 4416 2774 4469 vel
2820 4417 2869 4469 in
2914 4416 3176 4484 ejusmodi
3228 4418 3589 4487 suspicionem

1996 4522 2131 4559 uxor
2163 4505 2361 4559 veniat.
2394 4504 2772 4559 Verumtamen
2808 4506 2895 4561 hic
2931 4508 3108 4574 justus
3146 4518 3200 4561 et
3236 4510 3512 4563 contendit
3538 4520 3593 4563 et

1996 4614 2209 4651 omnem
2248 4597 2477 4667 lapidem
2525 4606 2740 4662 movet,
2772 4607 2831 4653 ut
2875 4599 3192 4654 adulterium
3229 4615 3394 4669 opere
3440 4618 3592 4656 com-

1999 4690 2227 4757 pleatur.
2252 4688 2368 4743 Noli
2393 4698 2568 4743 tamen
2588 4689 2790 4757 justum
2814 4690 2956 4745 hunc
2983 4699 3183 4745 temere
3206 4693 3587 4760 condemnare,

1998 4780 2341 4833 dilectissime
2368 4821 2382 4843 ,
2413 4779 2507 4834 sed
2531 4795 2595 4833 ex
2629 4780 2731 4833 hoc
2762 4782 2937 4848 potius
2967 4782 3186 4834 multam
3215 4782 3331 4850 ejus
3362 4783 3593 4851 pruden-

2000 4868 2127 4922 tiam
2157 4883 2219 4923 ac
2249 4869 2609 4923 fortitudinem
2636 4884 2935 4938 cognosce;
2962 4869 3325 4926 fortitudinem
3352 4873 3591 4941 quidem,

2000 4957 2143 5026 quod
2188 4959 2256 5010 ita
2301 4972 2562 5026 generose
2608 4960 2839 5012 molibus
2882 4959 3262 5028 cogitationum
3294 4962 3594 5026 restiterit,

2004 5062 2204 5115 eosque
2231 5049 2518 5115 superarit,
2548 5057 2603 5101 ut
2632 5049 2792 5102 etiam
2828 5050 2922 5102 ista
2952 5050 3276 5105 consuleret.
3311 5051 3421 5106 llas
3448 5053 3593 5106 enim

2007 5152 2064 5191 re
2101 5136 2231 5190 nihil
2283 5152 2404 5191 esse
2447 5138 2829 5192 intolerabilius
2874 5140 2994 5192 audi
3043 5155 3105 5194 ex
3153 5140 3474 5205 Salomone,
3505 5144 3597 5213 qui

2006 5227 2179 5282 dicit:
2221 5227 2409 5281 Plenus
2456 5229 2588 5280 enim
2636 5230 2730 5281 zeli
2759 5234 2904 5299 furor
2947 5230 3041 5283 uiri
3085 5232 3228 5297 eius;
3276 5249 3377 5286 non
3425 5244 3598 5301 parcet

2008 5320 2061 5371 in
2097 5318 2177 5370 die
2223 5318 2447 5387 judicii,
2481 5333 2637 5386 neque
2675 5321 2998 5372 commutabit
3028 5322 3201 5375 odium
3238 5323 3413 5377 multis
3452 5324 3601 5377 donis

2008 5409 2204 5478 (Prov.
2234 5410 2286 5461 ti.
2321 5409 2410 5461 '54.
2435 5406 2525 5479 35)
2559 5427 2571 5461 :
2601 5418 2656 5463 et
2685 5426 2891 5476 rursus,
2922 5411 3095 5469 Durus
3121 5424 3174 5468 ut
3200 5416 3432 5485 infernus
3462 5419 3602 5471 zelus

2012 5500 2183 5571 (Cant.
2212 5499 2266 5553 8.
2297 5496 2374 5566 6).

2080 5593 2134 5648 5.
2164 5590 2445 5661 Zelotypite
2485 5590 2683 5643 insania
2711 5604 2919 5661 quanta.
2945 5624 3010 5633 ——
3030 5596 3224 5650 Multos
3251 5604 3428 5651 autem
3457 5598 3604 5652 vide-

2016 5697 2134 5737 mus
2157 5684 2208 5735 in
2236 5691 2433 5735 tantam
2464 5680 2723 5735 insaniam
2754 5686 3096 5751 prorupisse,
3126 5694 3183 5740 ut
3226 5701 3324 5741 nec
3350 5689 3604 5742 uxoribus

2017 5777 2145 5846 ipsis
2167 5781 2470 5844 parcerent,
2498 5773 2590 5827 sed
2633 5784 2682 5827 et
2706 5774 3005 5829 adulterum
3035 5776 3207 5847 ipsum
3236 5792 3607 5848 sepenumero
