4070 6382
585 402 686 458 299

584 527 637 569 et
662 512 975 578 semctipsos
999 510 1382 563 interimereut.
1410 504 1576 560 'l‘anta
1605 505 1680 558 rei
1713 503 1868 571 hujus
1895 513 1977 556 est
2007 504 2148 554 insa-

584 607 667 656 nia
688 644 703 664 ,
733 611 839 655 tam
870 601 1136 667 impotens
1156 604 1211 663 et
1236 594 1488 648 indomita
1515 602 1599 647 est
1623 593 1901 664 zelotypia,
1931 599 1989 645 ut
2028 605 2150 644 eum

584 694 672 760 qui
703 690 864 745 semel
893 689 991 742 hac
1012 686 1318 756 regritudiue
1341 691 1620 751 correptus
1643 683 1733 742 sit,
1759 682 1954 735 efticiat
1991 681 2148 733 etiam

583 781 846 848 propriam
873 779 1096 832 salutem
1127 785 1488 828 contemnere.
1519 774 1597 826 Ac
1623 770 1985 826 fortitudinem
2027 771 2147 839 qui-

579 874 702 928 dem
736 873 865 940 justi
913 872 1035 926 licet
1081 869 1203 924 inde
1246 883 1608 938 cognoscere:
1636 867 1966 937 prudentiam
2019 879 2150 919 vero

583 978 687 1015 non
715 961 1035 1016 mediocrem
1062 978 1123 1013 ex
1152 975 1239 1025 eo,
1269 959 1416 1028 quod
1454 959 1507 1012 in
1555 967 1728 1012 tantas
1772 957 2014 1012 redactus
2055 971 2148 1008 an-

577 1054 778 1119 gustias
815 1063 868 1106 et
901 1059 1165 1119 tamquam
1196 1050 1393 1117 laqueis
1421 1049 1676 1110 irretituS,
1706 1048 1842 1102 hanc
1887 1048 2022 1102 viain
2050 1061 2145 1115 po-

581 1142 739 1193 tuerit
763 1140 1090 1201 adiuvenire,
1119 1153 1222 1206 qua
1253 1138 1448 1190 malum
1482 1137 1898 1191 immineretur.
1925 1133 2057 1189 Nam
2102 1135 2146 1187 si

577 1231 789 1297 quidem
811 1229 1030 1282 dixisset
1058 1243 1274 1282 uxorem
1296 1241 1354 1282 se
1382 1227 1522 1280 illius
1546 1241 1686 1291 esse,
1709 1240 1878 1295 neque
1921 1225 2144 1278 fabulam

579 1323 720 1376 illaut
746 1322 960 1390 egisset,
985 1335 1048 1372 ac
1072 1321 1273 1373 sororis
1319 1334 1511 1372 nomeu
1555 1325 1898 1385 usurpasset:
1927 1325 1982 1370 et
2033 1315 2144 1383 ipsa

572 1415 714 1482 justo
741 1421 926 1480 erepta
942 1419 1105 1472 esset,
1130 1425 1249 1465 cum
1275 1409 1391 1477 ejus
1416 1407 1598 1463 forma:
1629 1406 1962 1476 pulchritudo
1988 1405 2146 1459 lasci-

575 1519 699 1559 vum
725 1500 1099 1572 Egyptiorum
1123 1496 1357 1554 animum
1399 1499 1724 1567 pellexisset,
1751 1509 1803 1552 et
1840 1496 2146 1551 interfectus

571 1593 745 1660 justus
773 1591 978 1657 fuisset,
1029 1600 1084 1646 ut
1126 1591 1343 1646 sceleris
1376 1596 1650 1643 accusator
1673 1603 1705 1643 e
1729 1587 1903 1644 medio
1930 1588 2143 1640 tolli-re-

575 1692 680 1737 tur.
707 1683 927 1748 Quando
956 1682 1110 1752 igitur
1138 1681 1219 1735 ha:
1260 1678 1378 1732 duae
1399 1678 1633 1733 molesta:
1669 1691 1756 1732 res
1781 1676 2000 1731 omnino
2025 1691 2148 1744 pro-

574 1784 693 1842 pter
721 1773 990 1827 hominum
1021 1771 1232 1824 illorum
1275 1769 1732 1838 intemperantiam
1788 1771 2032 1836 regisque
2064 1777 2145 1837 ty-

573 1861 847 1923 rannidem
872 1869 1140 1917 eventura
1161 1867 1337 1925 erant,
1364 1867 1420 1912 ut
1465 1858 1516 1911 iu
1546 1858 1704 1912 tantis
1747 1855 2143 1911 difllcultatibns

570 1953 818 2022 exiguum
855 1950 1070 2019 aliquod
1111 1948 1359 2004 solatium
1402 1947 1635 2001 nancisci
1688 1953 1905 2016 possetut
1957 1961 1970 2000 :
2022 1944 2138 2009 Dic,

573 2044 763 2112 inquit,
792 2042 957 2096 Soror
985 2037 1280 2110 ejus'sunt;
1307 2039 1409 2093 hoc
1428 2039 1569 2091 enim
1611 2036 1838 2092 fortasse
1866 2052 1953 2092 me
1985 2054 2016 2091 a
2047 2051 2144 2105 pe-

574 2133 754 2186 riculis
779 2131 1037 2186 liberabit.
1059 2128 1190 2185 Nam
1213 2129 1353 2197 quod
1377 2127 1444 2181 ad
1470 2137 1523 2182 te
1549 2126 1762 2196 quidem
1791 2127 1997 2190 attinet,
2027 2125 2144 2181 sive

569 2236 810 2277 sororem
837 2219 1056 2288 tcipsatn
1079 2218 1300 2284 dixeris,
1327 2217 1440 2272 sive
1475 2216 1775 2286 conjugem,
1803 2220 1958 2273 uento
1985 2231 2143 2287 nega-

571 2313 645 2367 hit
672 2313 795 2380 quin
817 2311 1036 2365 οηιιιίιιο
1062 2309 1296 2364 futurum
1319 2307 1409 2370 sit,
1440 2315 1499 2361 ut
1541 2315 1593 2362 te
1639 2314 1858 2375 propter
1897 2307 2143 2376 corporis

569 2403 1014 2475 pulchritudinem
1067 2399 1348 2455 confestim
1385 2397 1649 2469 eripiant;
1688 2411 1923 2453 mevero
1947 2399 2142 2467 proba-

571 2494 677 2548 bile
700 2503 781 2549 est
809 2492 1028 2546 insidias
1063 2503 1365 2554 evasurum,
1399 2489 1444 2542 si
1475 2503 1670 2542 nomen
1689 2489 1888 2543 sororis
1912 2503 2141 2556 usurpa-

570 2585 732 2639 veris.
767 2583 926 2637 Vides
950 2581 1280 2651 prudentiam
1304 2581 1462 2649 justi;
1492 2595 1599 2649 quo
1626 2589 1778 2648 pacto
1819 2579 2141 2648 interceptus

577 2679 736 2728 viain.
764 2673 992 2742 potuerit
1034 2673 1304 2734 invenire.
1353 2685 1419 2725 ac
1463 2669 1677 2726 modum
1727 2670 2135 2740 excogitaverit,

569 2782 679 2836 quo
721 2765 1087 2835 Egyptiorum
1399 2770 1576 2831 posset
1619 2761 1891 2816 evadere?
1928 2762 2141 2817 .llursus

568 2857 667 2913 hoc
698 2858 815 2913 loco
844 2857 971 2909 mihi
1000 2853 1306 2924 patiemiam
1353 2867 1567 2922 quoque
1598 2853 1726 2922 justi
1759 2851 2046 2921 perpende,
2077 2868 2139 2907 ac

565 2947 804 3003 mulieris
829 2945 1143 3014 probitatem
1173 2942 1338 3012 :justi
1383 2942 1620 3012 quidem,
1672 2944 1812 3011 quod
1852 2957 1956 2996 non
2003 2943 2140 2995 indi-

564 3045 753 3104 gnatus
781 3035 852 3088 sit
876 3048 1046 3102 neque
1073 3032 1268 3088 dixerit
1291 3051 1306 3086 :
1329 3032 1436 3088 Cur
1473 3042 1648 3087 autem
1686 3031 1820 3085 hanc
1863 3031 2135 3086 mulierem

566 3140 774 3179 mecum
790 3125 946 3187 duco,
973 3122 1126 3192 cujus
1148 3123 1316 3192 gratia
1345 3129 1486 3175 tmta
1510 3122 1562 3175 in
1588 3136 1672 3175 me
1694 3132 1976 3189 tempestas
1994 3123 2138 3175 exci-

565 3217 748 3267 tatur?
774 3213 898 3283 quid
928 3215 1070 3266 enim
1095 3201 1212 3282 ejus
1250 3211 1376 3266 mihi
1405 3211 1621 3280 prodest
1641 3212 1987 3275 consuetudo,
2018 3227 2136 3266 cum

563 3308 678 3374 ejus
703 3320 860 3360 causa
902 3305 956 3358 in
997 3316 1262 3359 autumant
1305 3305 1494 3372 capitis
1540 3303 1828 3358 discrimen
1864 3305 2136 3358 adducar?

563 3399 686 3465 quid
719 3397 843 3450 mihi
869 3396 1094 3465 prolicit,
1121 3410 1242 3450 cum
1269 3410 1374 3449 non
1418 3394 1578 3448 modo
1618 3396 1762 3448 nullo
1819 3411 1903 3449 me
1945 3396 2135 3448 solatio

559 3488 726 3554 jnvet.
756 3486 851 3541 sed
879 3489 1040 3540 etiam
1064 3499 1157 3539 sua
1196 3484 1585 3553 pulchritudine
1610 3485 1794 3538 mortis
1839 3485 1963 3537 mihi
1997 3487 2134 3553 peri-

559 3576 738 3631 culum
783 3575 968 3630 creet?
995 3575 1132 3628 Nihil
1163 3574 1350 3628 horqu
1401 3573 1532 3627 dixit
1577 3583 1668 3636 aut
1721 3574 1988 3642 cogitavit,
2036 3575 2132 3628 sed

564 3668 708 3719 omni
737 3665 996 3734 ejusmodi
1034 3666 1230 3734 reiecta
1275 3664 1594 3732 cogitatione
1638 3663 1704 3718 de
1733 3666 1822 3718 Dei
1872 3666 2133 3734 promisso

563 3758 782 3811 minime
805 3757 1094 3820 dubitavit;
1115 3756 1208 3810 sed
1230 3756 1282 3809 iu
1305 3756 1353 3810 id
1380 3771 1538 3809 unum
1565 3757 1822 3823 incubuit,
1851 3767 1904 3812 ut
1945 3759 2132 3827 praevia-

563 3863 679 3900 sum
706 3845 991 3902 discrimen
1011 3855 1191 3914 posset
1217 3846 1467 3900 eradere.
1502 3847 1596 3900 llic
1645 3847 1786 3901 enim
1815 3848 2132 3904 iuell‘abilem

562 3939 654 3992 Dei
685 3939 986 4006 patientiam
1020 3935 1404 4002 animadverte,
1450 3936 1812 3999 dilectissime,
1844 3954 1948 4006 quo
1979 3949 2132 4007 pacto

561 4042 667 4082 non
714 4028 926 4080 assistat
965 4040 1135 4095 neque
1155 4025 1460 4081 consoletur
1482 4026 1705 4095 justum,
1748 4027 1841 4080 sed
1893 4029 2134 4097 ingrave-

558 4131 710 4170 scere
735 4116 868 4169 mala
899 4116 1037 4169 sinat
1059 4125 1112 4168 et
1134 4115 1334 4185 augeri,
1363 4123 1520 4185 atque
1567 4117 1618 4169 in
1653 4125 1916 4173 extremas
1962 4134 2132 4189 auguo

558 4205 688 4260 slias
736 4205 924 4273 redigi,
969 4215 1184 4276 tumque
1225 4220 1374 4259 suam
1432 4206 1812 4273 providentiam
1863 4209 2126 4262 ostendat.

555 4294 851 4363 Dirigitur,
873 4293 1062 4364 inquit,
1090 4295 1252 4348 Soror
1298 4296 1406 4363 ejus
1456 4311 1569 4347 sum
1595 4305 1691 4346 ,ἀι
1737 4294 1859 4348 bene
1899 4297 1960 4347 sit
2005 4298 2128 4350 milii

558 4396 760 4455 propter
805 4398 871 4448 te,
920 4395 966 4439 et
1014 4387 1138 4439 viset
1185 4387 1355 4440 anima
1391 4401 1500 4438 mea
1526 4395 1727 4454 propter
1745 4397 1809 4439 te.
1837 4386 1950 4440 Non
1977 4389 2125 4456 quasi

556 4477 808 4528 moritura
836 4483 976 4529 esset
1002 4474 1165 4542 ipsius
1192 4475 1385 4536 anima,
1410 4473 1523 4527 hinc
1549 4475 1679 4527 dixit
1706 4475 1876 4541 justus
1916 4474 2128 4543 (Nolite

555 4567 696 4619 enim
716 4566 909 4630 tiniae,
936 4566 1124 4634 inquit,
1154 4582 1238 4617 eos
1269 4566 1354 4633 qui
1383 4565 1619 4619 occidunt
1655 4583 1854 4634 corpus,
1906 4570 2124 4621 animam

555 4664 724 4707 autem
750 4671 851 4707 non
875 4662 1079 4722 possunt
1103 4653 1326 4707 occidere
1353 4652 1564 4726 [.Mutlh.
1595 4654 1680 4709 10.
1711 4655 1850 4728 28]),
1880 4657 1971 4708 sed
1994 4661 2122 4710 sim-

557 4744 763 4812 pliciter
783 4759 848 4798 ex
867 4743 1249 4797 consuetudine
1273 4743 1353 4795 his
1375 4743 1549 4797 verbis
1571 4757 1786 4795 uxorem
1811 4743 1998 4799 allatus
2021 4756 2120 4800 est.

560 4833 629 4888 Ut
648 4836 766 4887 bene
792 4834 915 4885 mihi
931 4834 1015 4897 sit,
1046 4834 1228 4902 inquit,
1257 4843 1458 4903 prapter
1484 4843 1552 4898 te,
1585 4843 1635 4885 et
1658 4831 1780 4888 vivet
1818 4835 1986 4888 anima
2015 4853 2125 4890 mea

556 4935 757 4995 propter
799 4935 844 4978 te
875 4941 893 4978 :
921 4926 1069 4994 quasi
1096 4925 1299 4978 diceret
1342 4926 1413 4980 illi
1444 4943 1458 4980 :
1485 4926 1600 4988 Dic,
1648 4925 1808 4980 Soror
1833 4931 1940 4992 eius
1965 4946 2074 4982 sum
2103 4946 2121 4984 :

557 5032 623 5070 tte
649 5015 848 5081 efficias
874 5024 950 5080 ut,
977 5031 1096 5069 cum
1128 5023 1342 5084 pr0pter
1367 5015 1556 5071 famem
1595 5031 1628 5071 e
1651 5017 1946 5073 Chaunum
1978 5019 2119 5090 fuge-

553 5106 674 5169 rim,
707 5105 948 5157 manibus
985 5119 1176 5159 enecer
1202 5105 1592 5175 Egy’ptiorum.
1627 5108 1746 5161 Fias
1792 5111 1966 5178 potius
1993 5112 2120 5165 mihi

554 5197 736 5249 salutis
768 5209 946 5256 causa,
982 5193 1050 5248 Ut
1087 5197 1206 5249 bene
1237 5197 1300 5248 sit
1342 5196 1464 5248 mihi
1493 5207 1692 5264 propter
1716 5207 1778 5251 te.
1808 5199 2118 5253 Miserahilia

551 5296 674 5338 sunt
702 5285 816 5340 hate
856 5286 1037 5349 verba,
1087 5287 1254 5340 sedet
1303 5288 1497 5342 multus
1537 5299 1652 5341 erat
1695 5290 1852 5340 timor
1903 5304 2117 5359 pmpter

553 5374 807 5427 insaniam
842 5373 1237 5444 Egyptiacam,
1280 5384 1333 5428 et
1382 5375 1500 5443 quia
1547 5376 1777 5429 nondum
1803 5381 1985 5432 mortis
2006 5391 2119 5434 erat

550 5465 722 5517 soluta
745 5465 1009 5533 tyrannis;
1041 5475 1313 5533 propterea
1341 5466 1390 5516 in
1417 5466 1726 5519 adulterium
1768 5470 1944 5522 uxoris
1991 5483 2117 5522 con-

549 5556 708 5606 sentit
747 5555 938 5621 justus,
970 5563 1024 5606 et
1067 5555 1212 5623 quasi
1267 5557 1427 5607 servit
1473 5555 1712 5608 adultero
1764 5558 1814 5609 in
1866 5558 2104 5612 mulieris

547 5643 942 5707 centumeliam,
973 5654 1028 5696 ut
1071 5654 1292 5697 mortem
1343 5645 1572 5715 cllugiat.
1618 5647 1739 5700 Erat
1775 5650 1915 5702 cnim
1943 5647 2116 5703 adhuc

550 5732 798 5784 terribilis
840 5733 996 5788 facies
1028 5735 1252 5799 mortis;
1298 5736 1528 5790 nondum
1582 5750 1729 5794 erant
1767 5757 1918 5795 aerea:
1945 5752 2111 5811 porta)

1355 394 1410 452 S.
1450 393 1721 450 JO.\t\1\'lS
1756 391 2222 448 CllllYSOSTOMl
2265 392 2576 446 AﬂlllllEl’.
2617 393 3138 452 CONSTANTINOP.

2257 501 2541 555 conﬁat-uc
2594 520 2608 568 ;
2662 505 2894 561 nondum
2940 519 3053 562 erat
3104 510 3321 567 aculeus
3370 514 3487 584 ejus
3534 519 3830 574 hebetant.

2261 589 2447 645 Vidisti
2487 593 2757 647 vinculum
2801 597 3037 653 caritatis
3089 599 3184 654 viri
3231 611 3288 657 et
3332 603 3609 660 mulieris?
3659 611 3834 666 vidisti

2255 681 2426 735 virum
2449 723 2463 744 ,
2494 683 2670 749 qualia
2692 685 2898 740 mulieri
2924 701 3207 755 suggerere
3237 693 3306 745 sit
3341 708 3530 761 ausus,
3575 705 3632 751 et
3674 701 3832 766 quale

2253 772 2534 826 consilium
2558 774 2825 842 acceperit
2849 778 3080 831 mulier?
3107 778 3222 834 Non
3250 785 3424 837 renuit
3447 825 3463 846 ,
3491 801 3666 855 neque
3711 802 3837 858 gra—

2253 861 2416 913 vatim
2443 860 2588 916 fert:
2618 865 2708 916 sed
2739 867 2916 920 omnia
2961 868 3124 930 facit,
3154 871 3224 924 ita
3271 883 3326 925 nt
3379 875 3554 929 fabula
3594 887 3650 933 et
3691 879 3840 933 fictio

2255 949 2342 1003 illa
2386 951 2561 1006 lateat.
2609 953 2840 1008 Audiant
2887 957 2982 1009 viri
3032 967 3085 1011 et
3134 960 3424 1024 mulieres,
3469 973 3524 1017 et
3562 965 3839 1021 imitentur

2256 1037 2443 1092 horum
2496 1045 2876 1109 coiicurdiam,
2934 1048 3200 1102 vinculum
3256 1053 3523 1116 caritatis,
3582 1055 3836 1122 pietatem

2255 1130 2546 1201 insignem,
2595 1145 2648 1187 et
2685 1135 2832 1191 Sara:
2880 1141 3256 1194 continentiam
3307 1143 3657 1208 aemulentur;
3712 1163 3835 1215 qiue

2256 1220 2425 1275 vetula
2469 1222 2522 1274 in
2565 1231 2708 1277 tanta
2752 1235 3028 1281 venustate
3059 1244 3410 1296 permanens,
3448 1234 3687 1286 certain-tt
3713 1249 3835 1288 cum

2247 1311 2396 1379 justo
2426 1313 2705 1368 virtutibus
2735 1332 2748 1367 :
2779 1315 2898 1370 ideo
2926 1327 2979 1372 ct
3013 1328 3212 1373 tantam
3262 1323 3378 1391 ejus
3419 1339 3600 1377 curam
3652 1324 3836 1380 habuit

2256 1401 2393 1454 Dens
2420 1442 2435 1466 ,
2467 1411 2774 1474 mittuntque
2803 1420 3033 1475 superne
3065 1409 3135 1462 illi
3167 1412 3480 1465 retribututn
3511 1424 3612 1468 cst.
3647 1414 3834 1468 Nullus

2255 1489 2412 1557 igitur
2450 1501 2667 1546 accuset
2710 1495 3188 1564 pulchritudinem,
3242 1499 3417 1555 nullus
3465 1500 3582 1556 haec
3629 1503 3833 1556 inutilia

2250 1581 2409 1634 verba
2434 1581 2579 1652 dicat
2603 1599 2616 1635 :
2649 1582 2795 1639 Ilanc
2838 1587 3069 1653 perdidit
3097 1588 3300 1652 forma;
3331 1589 3452 1644 huic
3498 1592 3835 1661 pulchritudo

2249 1686 2407 1725 causa
2456 1674 2551 1727 fuit
2590 1675 2848 1730 interitus.
2888 1677 3000 1731 Non
3047 1680 3386 1747 pulchritudo
3426 1682 3476 1735 in
3519 1689 3678 1737 causa
3701 1693 3828 1739 est:

2248 1760 2413 1822 absit;
2442 1775 2575 1831 opus
2603 1764 2744 1818 enim
2771 1763 2861 1818 Dei
2882 1777 2962 1820 est
2987 1777 3037 1820 et
3066 1768 3175 1837 ipsa
3200 1787 3214 1822 :
3240 1770 3332 1826 sed
3360 1786 3608 1841 perversa
3641 1784 3832 1828 rotun-

2261 1856 2342 1904 tas
2373 1850 2629 1905 malorum
2664 1855 2900 1908 ninnium
2928 1869 3085 1908 causa
3112 1867 3213 1911 est.
3251 1858 3436 1912 Vidisti
3462 1860 3830 1918 admirabilent

2261 1940 2397 1994 hanc
2421 1942 2694 1997 mulierem
2723 1946 2966 2014 utrinque
2992 1947 3337 2014 relucentem,
3365 1962 3418 2006 et
3445 1951 3513 2005 ob
3538 1954 3832 2021 pulchritu-

2248 2029 2426 2084 dinem
2453 2033 2663 2100 animie,
2686 2044 2741 2088 et
2768 2036 2837 2089 ob
2864 2034 3248 2092 fornmsitatetn
3274 2039 3426 2095 faciei
3457 2045 3678 2110 vestigia
3699 2045 3828 2109 jtlsll

2247 2128 2488 2192 proxime
2531 2127 2884 2196 sequentem?
2917 2127 3062 2181 Hanc
3105 2128 3378 2185 imitentur
3422 2133 3693 2187 mulieres.
3735 2135 3829 2188 lit-

2244 2216 2386 2270 enim
2415 2231 2514 2270 nec
2542 2218 2828 2270 venustatis
2855 2217 3041 2282 decor,
3074 2233 3171 2272 nec
3191 2220 3461 2285 sterilitas,
3492 2238 3589 2277 nec
3627 2232 3828 2278 tantnut

2248 2315 2480 2375 tempus,
2510 2321 2605 2359 nec
2628 2305 2932 2360 facultatum
2971 2306 3313 2375 abundantia,
3339 2326 3512 2380 neque
3539 2322 3614 2365 tot
3640 2315 3830 2381 tt'isra-

2248 2396 2440 2459 tiones,
2473 2411 2641 2465 neque
2680 2397 3150 2466 peregrinationes,
3190 2407 3245 2452 et
3285 2401 3551 2454 continua:
3593 2403 3828 2456 crebra:-

2243 2501 2348 2554 que
2395 2486 2747 2549 teutatioues,
2794 2486 2876 2539 vel
2927 2487 3180 2557 quidquid
3234 2489 3373 2553 tale,
3423 2501 3655 2545 mentem
3709 2494 3826 2559 ejus

2245 2589 2459 2628 movere
2489 2584 2809 2643 potuerunt:
2840 2576 3124 2631 immobilis
3158 2580 3299 2632 enim
3332 2581 3544 2634 mansit.
3577 2580 3727 2636 Unde
3753 2583 3827 2637 ob

2246 2666 2592 2734 patientiam,
2643 2665 2854 2734 dignam
2902 2670 3199 2722 mercedem
3253 2671 3543 2738 reportavit
3574 2691 3586 2724 :
3623 2673 3674 2725 lu
3724 2687 3823 2726 ex-

2247 2765 2413 2810 trema
2440 2757 2579 2809 enim
2610 2766 2902 2820 senectute,
2925 2773 2987 2810 ex
3013 2759 3163 2811 vulva
3193 2761 3360 2813 sterili
3388 2771 3443 2814 et
3469 2770 3620 2816 utero
3644 2777 3824 2817 emor-

2247 2854 2336 2896 tuo
2358 2859 2545 2912 parere
2573 2846 2762 2913 potuit.
2797 2845 2862 2900 Ut
2888 2846 3028 2911 mihi,
3056 2847 3244 2917 inquit,
3274 2850 3394 2902 betae
3419 2852 3480 2902 sit
3506 2861 3713 2921 propter
3739 2865 3820 2919 te,

2243 2933 2434 2986 “vivet
2476 2935 2644 2986 animo
2688 2950 2797 2986 mea
2844 2946 3046 3006 propter
3082 2947 3147 2990 te.
3198 2939 3358 3003 Quasi
3407 2941 3609 2994 diceret
3636 2957 3650 2992 :
3681 2943 3822 2998 Nihil
3863 2969 3866 2974 -

2241 3022 2380 3076 aliud
2410 3023 2644 3076 relictqu
2677 3024 2802 3078 mihi
2848 3036 2930 3079 est
2975 3027 3040 3080 ad
3095 3029 3342 3093 salutem,
3371 3046 3526 3099 quam
3557 3043 3615 3086 ut
3637 3033 3818 3088 dicis:

2243 3112 2404 3166 Soror
2446 3115 2553 3184 ejus
2592 3131 2722 3167 sum.
2773 3115 3035 3171 Fortassis
3062 3119 3206 3172 enim
3244 3121 3491 3190 eﬂugiam
3527 3127 3821 3193 periculunt

2241 3203 2382 3271 quod
2417 3205 2700 3257 reformido
2725 3244 2740 3269 ,
2768 3215 2821 3259 et
2843 3206 3060 3273 posthac
3086 3221 3303 3278 propter
3327 3220 3378 3266 te
3409 3215 3579 3267 vivam
3602 3256 3618 3280 ,
3649 3227 3700 3270 et
3724 3218 3818 3273 tibi

2240 3291 2379 3359 quod
2405 3293 2662 3360 reliquum
2688 3295 2806 3346 vita:
2827 3294 2984 3349 fuerit
3007 3307 3278 3367 ai-ceptum
3307 3301 3550 3356 referam.
3581 3304 3819 3363 Sufllcie-

2239 3381 2367 3436 baut
2404 3383 2518 3437 lucc
2551 3385 2709 3438 verba
2740 3385 2806 3440 ad
2833 3388 3349 3446 counniseratiouem
3381 3396 3560 3448 uxoris
3591 3412 3818 3453 moveu-

2238 3471 2359 3525 dam
2385 3513 2398 3535 ,
2443 3483 2493 3527 et
2539 3473 2604 3527 ad
2653 3476 3100 3543 pet'8uadeudutu.

2308 3563 2361 3617 6.
2397 3563 2505 3617 lloc
2543 3569 2670 3619 'vere
2697 3576 2777 3620 est
2801 3568 3099 3637 conjugium
3121 3609 3136 3633 ,
3178 3572 3390 3640 quando
3421 3590 3524 3628 nou
3555 3578 3730 3632 solum
3763 3579 3816 3634 in

2238 3655 2608 3722 prosperitate,
2633 3656 2724 3709 sed
2752 3666 2805 3710 et
2830 3656 2880 3709 in
2904 3659 3154 3728 periculis
3182 3661 3336 3714 simul
3367 3664 3640 3719 ambulant
3671 3689 3684 3722 :
3714 3669 3818 3724 hoc

2233 3759 2502 3814 germanae
2528 3747 2762 3802 caritatis
2789 3749 3036 3802 indicium
3066 3762 3147 3805 est
3171 3767 3185 3813 ;
3210 3752 3311 3807 hoc
3344 3755 3493 3824 signo
3516 3762 3816 3815 certissime

2237 3835 2607 3889 iuternoscitur
2629 3837 2876 3890 amicitia.
2905 3837 3018 3891 Noo
3043 3843 3120 3894 sic
3145 3840 3384 3896 diadema
3410 3847 3460 3897 iu
3477 3848 3647 3914 rapite
3667 3851 3813 3917 posi-

2236 3932 2346 3978 tum
2374 3941 2549 3995 regem
2577 3927 2816 3990 illustrat,
2839 3937 2995 3996 atquc
3013 3932 3310 3986 obcdientia
3329 3935 3436 3997 illa,
3461 3952 3566 4004 qua
3586 3941 3814 3995 consilio

2231 4017 2357 4084 justi
2381 4017 2569 4083 paruit,
2597 4019 2729 4072 hanc
2751 4019 2952 4072 beatam
2978 4022 3222 4077 feminam
3249 4026 3505 4081 illustrem
3533 4042 3582 4082 et
3607 4032 3810 4089 claram

2234 4103 2629 4158 demonstravit.
2681 4106 2847 4171 Quem
2893 4109 3051 4178 igitur
3078 4127 3181 4166 non
3228 4115 3657 4184 obstupefaceret
3693 4124 3811 4177 hare

2235 4195 2455 4262 parendi
2485 4194 2740 4249 facilitas?
2786 4198 2903 4266 quis
2943 4200 3079 4254 hanc
3120 4204 3246 4256 satis
3297 4206 3592 4261 laudaverit
3617 4251 3634 4274 ,
3665 4213 3811 4278 quod

2233 4295 2351 4352 post
2395 4295 2588 4339 tantam
2633 4287 3050 4351 continentiam,
3080 4300 3135 4345 et
3171 4292 3225 4345 in
3265 4297 3352 4348 tali
3395 4307 3550 4352 aetate
3595 4300 3663 4354 ad
3707 4301 3811 4358 hoc

2232 4383 2289 4428 ut
2327 4376 2525 4444 justum
2553 4387 2758 4442 servet,
2793 4390 3045 4450 quantum
3073 4396 3136 4434 cx
3164 4384 3326 4451 ipsius
3366 4389 3632 4444 voluntate
3674 4407 3810 4460 pen-

2229 4462 2418 4528 debat,
2455 4467 2612 4520 etiam
2662 4467 2920 4524 adulterio
2973 4485 3034 4525 se
3081 4477 3319 4541 exponit
3363 4483 3416 4529 et
3459 4477 3809 4537 barbarorum

2228 4558 2578 4624 congressui?
2626 4560 2729 4613 Sed
2768 4561 3035 4630 paulisper
3079 4575 3354 4633 exspecta,
3381 4576 3435 4621 et
3483 4570 3692 4626 videbis
3717 4589 3808 4628 sa-

2231 4651 2458 4715 pientem
2488 4653 2840 4720 solertemque
2869 4655 2957 4706 Det
2991 4657 3397 4720 providentiam.
3425 4659 3556 4712 Nam
3584 4675 3806 4732 propter

2230 4739 2332 4791 hoc
2363 4739 2497 4793 Deus
2523 4751 2718 4795 tantam
2745 4757 2852 4810 pra:
2881 4759 2938 4797 se
2968 4747 3084 4798 tulit
3110 4747 3448 4815 patientiam,
3476 4761 3527 4803 et
3555 4756 3805 4821 opitulari

2227 4829 2462 4893 distulit,
2484 4839 2540 4883 ut
2562 4832 2759 4899 justum
2785 4834 3062 4888 clariorem
3095 4837 3323 4898 faceret,
3351 4847 3405 4892 et
3436 4856 3528 4908 per
3553 4858 3614 4896 ea
3640 4883 3656 4908 ,
3686 4863 3807 4916 qua:

2229 4919 2332 4972 illic
2355 4930 2499 4988 gesta
2522 4930 2645 4975 sunt
2663 4964 2676 4987 ,
2705 4936 2807 4975 non
2842 4924 3012 4978 solum
3044 4925 3298 4996 Egyptii,
3330 4932 3422 4984 sed
3450 4941 3504 4985 et
3533 4933 3802 4994 Palaestini

2227 5011 2560 5064 erudirentur
2584 5052 2596 5074 ,
2625 5023 2869 5093 quautam
2896 5017 3316 5072 benevolentiam
3349 5021 3553 5077 Domini
3585 5029 3798 5083 univer-

2226 5115 2402 5154 sorum
2435 5105 2763 5171 experiretur
2780 5109 3096 5174 patriarcha.
3130 5110 3214 5164 M.
3246 5109 3458 5166 Factum
3477 5127 3570 5177 est,
3606 5117 3800 5186 inquit,

2225 5197 2425 5261 quando
2440 5196 2638 5250 intravit
2656 5198 2839 5251 Abram
2855 5200 2907 5251 in
2924 5199 3227 5270 (Egyptian,
3253 5214 3307 5255 stt
3327 5206 3802 5280 viderunt/Egyptii

2225 5302 2450 5353 uxorem,
2481 5289 2616 5356 quod
2643 5299 2765 5342 esset
2785 5291 2930 5342 valde
2950 5292 3160 5360 pulchra
3190 5309 3209 5347 :
3241 5295 3326 5350 15.
3351 5307 3398 5350 et
3423 5299 3654 5354 viderunt
3687 5319 3802 5360 eant

2223 5378 2472 5446 principes
2499 5377 2804 5442 Pharaonis,
2832 5389 2879 5432 et
2903 5381 3234 5436 laudauerunt
3260 5401 3369 5438 eam
3394 5392 3532 5456 apud
3563 5389 3800 5444 Pharao-

2224 5485 2354 5530 nem,
2402 5479 2450 5522 rt
2489 5468 2868 5523 introduxerunt
2894 5488 3003 5524 eam
3036 5475 3087 5526 in
3125 5475 3326 5528 domum
3365 5477 3670 5545 Pharaonis,
3706 5484 3794 5538 l6.

2223 5567 2268 5610 et
2315 5559 2499 5611 Abram
2528 5559 2649 5612 bene
2675 5561 2748 5612 usi
2783 5571 2899 5613 sunt
2953 5573 3158 5630 propter
3196 5566 3357 5618 illam.
3402 5565 3465 5619 Et
3509 5573 3707 5637 {nerunt
3751 5575 3796 5625 ei

2221 5663 2354 5708 ores.
2377 5659 2424 5702 et
2450 5650 2608 5710 vituli,
2652 5659 2696 5702 et
2723 5651 2871 5716 asini,
2911 5663 2956 5704 et
3002 5655 3147 5717 servi,
3190 5666 3236 5708 et
3259 5659 3474 5722 ancillis,
3502 5670 3548 5713 et
3582 5663 3725 5726 muti,
3749 5673 3794 5715 et

2221 5740 2417 5792 canteli.
2451 5738 2580 5793 Vide
2602 5741 2864 5808 quomodo
2889 5757 2949 5796 ea
2977 5759 3094 5812 qum
3124 5747 3268 5813 prius
3291 5748 3463 5816 justus
3486 5755 3798 5823 susp’caba-
