4070 6430
192 429 286 482 SOI

193 552 301 605 tnr,
336 555 394 593 re
422 539 535 608 ipsa
560 550 869 596 evenerunt.
897 538 1028 593 Nam
1052 549 1108 593 ut
1150 540 1200 593 in
1230 538 1519 608 Egyptnm
1541 537 1777 602 intravit,

197 630 264 686 Ut
308 632 543 685 uiderunt
594 630 836 702 Egyptii
886 630 1166 697 mulierem,
1218 630 1355 697 quod
1397 628 1610 698 pntdra
1659 635 1785 679 esset

196 723 358 776 stude.
399 721 513 776 Non
543 721 856 791 simpliciter
886 721 1070 791 inquit,
1106 720 1343 789 pulchra,
1383 718 1475 772 sed
1511 716 1787 771 excellen-

202 824 301 877 ter,
332 814 403 867 ita
430 824 487 868 ut
513 827 723 879 omnes,
754 813 844 881 qui
865 827 984 867 eam
1011 811 1278 875 videbant,
1324 810 1685 864 allicerentur.
1720 805 1787 860 Et

202 914 258 957 ut
289 905 516 957 vith
540 919 650 956 eant
673 902 923 970 principes
946 901 1257 965 Pharaonis,
1302 894 1632 952 laudauerunt
1678 912 1789 949 eam

203 1012 375 1053 eorum
398 996 689 1051 Pharaone.
710 994 841 1063 Oro,
888 995 1104 1059 dilecte,
1148 1008 1216 1049 ne
1262 1002 1465 1046 temere
1506 997 1792 1059 pnctereas

205 1087 346 1157 quod
373 1088 576 1142 dictum
596 1097 699 1151 est,
727 1087 820 1141 sed
847 1086 1110 1140 admirare
1134 1084 1401 1155 quomodo
1427 1083 1603 1136 nullus
1628 1080 1793 1150 Egy-

208 1180 442 1248 ptiorum
471 1178 682 1235 mulieri
706 1186 890 1246 utpote
927 1176 1243 1247 peregrinae,
1275 1186 1329 1229 et
1352 1190 1381 1227 a
1428 1183 1569 1228 terra
1621 1173 1793 1226 aliena

208 1268 518 1323 adventanti
549 1282 736 1321 manus
778 1266 1038 1335 injecerit,
1062 1279 1236 1335 neque
1263 1261 1683 1331 contempserint
1712 1262 1794 1314 vi-

211 1373 330 1411 rum
360 1376 374 1412 :
403 1358 498 1414 sed
527 1359 753 1427 ingressi
810 1358 917 1428 regi
952 1357 1129 1411 omnia
1169 1356 1483 1411 nuntiarint.
1531 1354 1797 1408 Cazterum

212 1450 315 1504 hoc
334 1448 536 1505 factum
564 1459 663 1513 est,
691 1457 746 1503 ut
785 1463 874 1503 res
905 1447 1053 1502 ﬂeret
1072 1445 1424 1511 manifestior,
1456 1454 1509 1499 et
1535 1444 1667 1498 ultio
1692 1460 1798 1497 non

214 1542 265 1594 in
298 1540 566 1609 privatum
590 1550 644 1593 et
665 1539 929 1607 plebeium
957 1538 1210 1605 aliquem,
1241 1536 1334 1590 sed
1362 1536 1413 1589 in
1441 1549 1622 1601 regem
1648 1533 1801 1587 saevi-

216 1639 318 1694 ret,
348 1640 401 1683 ut
434 1630 630 1697 ubique
652 1627 1016 1697 divulgaretur
1047 1628 1144 1680 hoc
1174 1626 1390 1680 factum.
1422 1624 1487 1678 Et
1515 1624 1805 1677 introduxe-

214 1728 332 1770 runt
374 1735 489 1771 eam
534 1718 587 1770 in
629 1717 832 1770 donum
882 1715 1188 1770 Pharaonis.
1242 1715 1488 1769 Protinus
1533 1714 1601 1768 ab
1640 1727 1806 1768 uxore

216 1809 394 1877 justus
419 1806 718 1874 abducitur,
746 1816 803 1861 et
827 1808 941 1875 ipsa
971 1806 1037 1860 ad
1065 1806 1397 1860 Pharaonem
1432 1804 1804 1858 introducitur.

219 1898 516 1953 Considera
535 1906 727 1967 quanta
762 1898 853 1952 Dei
879 1898 1130 1967 patientia
1160 1897 1355 1962 fuerit;
1404 1894 1674 1964 quomodo
1704 1910 1808 1948 non

220 1988 288 2041 ab
309 1988 483 2053 initio,
515 2003 687 2057 neque
708 2002 737 2041 a
761 1987 1032 2057 procemiis
1055 2002 1204 2041 suam
1245 1985 1595 2041 declaraverit
1628 1983 1811 2054 provi-

225 2078 488 2142 dentiam,
511 2079 605 2133 sed
628 2080 925 2148 penniserit
950 2078 1126 2133 omnia
1154 2080 1290 2142 fleri,
1319 2088 1370 2133 et
1383 2077 1533 2148 quasi
1550 2078 1605 2131 in
1631 2076 1813 2132 fauces

227 2169 412 2224 bestiis
458 2169 739 2224 mulierem
792 2168 1066 2234 incidere;
1105 2178 1160 2223 et
1190 2178 1315 2223 tunc
1344 2168 1558 2222 tandem
1589 2167 1812 2221 manife-

226 2269 363 2313 stam
381 2259 632 2314 omnibus
658 2274 808 2313 suam
828 2260 1075 2313 virtutem
1104 2257 1309 2314 fecerit.
1339 2257 1403 2311 Et
1428 2256 1816 2311 introduxerunt

227 2364 340 2402 eam
363 2348 417 2401 in
444 2348 650 2401 domum
680 2347 989 2401 Pharaonis.
1024 2346 1079 2401 In
1098 2363 1209 2417 quo
1234 2356 1373 2401 statu
1402 2362 1495 2415 per
1521 2345 1651 2399 illud
1677 2354 1815 2398 tem-

230 2454 330 2508 pus
353 2447 470 2493 erat
496 2438 732 2492 mulieris
760 2439 945 2493 mens?
972 2439 1240 2507 quomodo
1269 2438 1473 2491 turbata
1500 2445 1615 2490 erat
1643 2432 1820 2489 ratio?

228 2528 501 2597 quomodo
510 2527 702 2582 ﬂuctus
712 2528 1075 2597 erigebantur?
1086 2528 1354 2598 quomodo
1372 2527 1700 2596 naufragium
1715 2540 1820 2579 non

233 2619 379 2685 fecit,
398 2619 493 2674 sed
512 2620 707 2674 mansit
719 2621 867 2689 quasi
888 2620 1172 2675 immobilis
1186 2628 1329 2689 petra
1342 2620 1407 2674 ad
1419 2621 1687 2675 caelestem
1704 2634 1824 2688 gnto

235 2712 361 2766 tiam
394 2726 610 2780 semper
637 2713 921 2781 spectans?
953 2713 1088 2779 Quid
1109 2722 1285 2766 autem
1306 2712 1479 2766 dicam
1509 2709 1825 2766 mulierem?

236 2800 457 2867 Qualem
473 2804 711 2856 animum
741 2802 1029 2857 verisimile
1055 2811 1137 2856 est
1160 2802 1320 2856 fuisse
1332 2804 1497 2871 justo,
1526 2802 1614 2854 illa
1642 2801 1695 2854 in
1724 2800 1824 2854 do.

238 2906 384 2945 mum
405 2890 697 2945 Pharaonis
713 2891 1045 2946 introducta?
1059 2891 1124 2944 Et
1141 2892 1252 2961 ipso
1269 2890 1477 2955 Abram,
1500 2890 1687 2959 inquit,
1707 2890 1828 2942 bene

238 2981 454 3035 usisunt
494 2991 699 3051 propter
720 2982 885 3045 illam,
927 2992 1194 3054 tamquam
1245 2982 1409 3037 fratre
1439 2969 1709 3037 videlicet.
1766 2980 1831 3033 Et

241 3075 443 3143 [uerum
467 3074 512 3125 ei
530 3088 665 3138 oves,
693 3081 741 3125 et
768 3073 931 3137 vituli,
959 3084 1006 3126 et
1041 3073 1192 3137 asini,
1238 3082 1287 3125 et
1318 3073 1466 3137 serui,
1514 3081 1560 3125 et
1605 3070 1828 3135 anciltte,

241 3172 290 3215 et
314 3161 513 3225 canteti,
557 3172 604 3216 et
646 3163 792 3218 muti.
822 3162 946 3216 Haec
990 3170 1167 3215 autem
1224 3162 1336 3230 ipsa
1384 3176 1503 3230 qua:
1533 3160 1751 3214 honoris
1777 3169 1833 3214 et

244 3253 526 3306 ministerii
556 3253 725 3322 gratia
766 3253 887 3306 data
926 3262 1047 3307 sunt
1074 3253 1162 3317 ei,
1195 3262 1452 3322 quantum
1492 3267 1598 3305 non
1645 3266 1831 3321 rogum

246 3343 302 3395 in
331 3356 397 3395 eo
423 3341 857 3397 succenderunt?
895 3341 1165 3411 quomodo
1193 3352 1369 3396 autem
1397 3357 1502 3395 non
1527 3341 1643 3411 ejus
1670 3356 1832 3396 exus-

247 3432 318 3485 sit
369 3440 607 3486 mentem
628 3470 645 3495 ,
676 3446 773 3486 nec
796 3431 1139 3486 inﬂammavit
1166 3432 1545 3500 cogitationem
1568 3426 1834 3485 donorum

250 3521 551 3591 hujusmodi
581 3523 999 3592 argumentum?
1046 3523 1231 3577 Vidisti
1276 3523 1543 3592 quomodo
1575 3538 1738 3593 prqpe
1766 3523 1832 3576 ad

251 3614 410 3668 finem
438 3617 793 3685 pervenerint
839 3614 1112 3683 pericula?
1161 3614 1335 3668 vidisti
1380 3616 1647 3684 quomodo
1693 3614 1836 3667 nulla

250 3707 549 3760 secundum
568 3720 744 3760 rerum
764 3706 1115 3761 humanarum
1135 3708 1327 3761 seriem
1350 3722 1472 3775 spes
1488 3706 1841 3761 correctionis

253 3796 435 3851 relicta
457 3796 481 3850 ’ἰ
508 3795 683 3850 vidisti
704 3797 973 3865 quomodo
998 3798 1289 3852 secundum
1316 3798 1605 3852 humanam
1627 3798 1837 3867 opinio~

259 3902 381 3942 nem
409 3902 499 3941 res
522 3886 811 3956 deplorata:
840 3887 1029 3941 fuere?
1072 3887 1246 3941 vidisti
1290 3888 1557 3956 quomodo
1607 3889 1756 3957 quasi
1789 3888 1840 3942 in

252 3980 430 4047 gulam
452 3977 581 4032 ferte
607 3977 798 4032 "mlier
822 3978 1102 4033 inciderit?
1128 3979 1245 4034 vide
1259 3979 1509 4048 deinceps
1525 3978 1843 4033 ineﬂahilem

259 4067 350 4121 Dei
400 4068 817 4122 misericordiam
843 4109 859 4134 ,
887 4076 942 4122 et
968 4067 1282 4136 obstupesce
1311 4070 1560 4138 potentia:
1587 4070 1704 4137 ejus
1732 4084 1846 4123 ma-

255 4158 608 4226 gnitudinem.
660 4159 745 4212 I7.
782 4157 846 4211 Et
882 4158 1092 4229 afﬂixit,
1122 4158 1319 4227 inquit,
1351 4158 1489 4212 Deus
1521 4158 1869 4214 Pharaonem.

256 4248 605 4317 nalis-tionibus
645 4250 840 4319 magnis
864 4259 910 4302 et
930 4249 1182 4319 gravibus,
1209 4259 1256 4302 et
1278 4250 1479 4303 domum
1506 4250 1617 4319 ejus
1641 4261 1848 4319 propter

262 4339 452 4393 Sarant
495 4355 700 4392 uxorem
749 4340 956 4393 Abram.
1008 4340 1143 4407 Quid
1170 4351 1291 4405 est,
1319 4341 1553 4411 Amisit?
1590 4342 1840 4407 Poenam,

259 4430 468 4499 inquit,
507 4430 681 4499 exegit
727 4430 906 4500 ﬂagitii
952 4440 1007 4485 et
1033 4432 1156 4487 mali
1196 4443 1437 4486 conatus.
1486 4434 1847 4503 A/jlictionibus

258 4521 457 4589 magnis
494 4534 512 4571 :
540 4534 643 4572 non
677 4520 989 4589 simpliciter
1027 4522 1230 4590 punivit
1271 4539 1449 4593 regem
1473 4563 1488 4588 ,
1536 4525 1629 4578 sed
1680 4524 1847 4579 Poenis

259 4610 477 4679 magnis.
519 4609 653 4677 Quia
697 4610 949 4681 ﬂagitium
995 4628 1100 4667 non
1147 4623 1265 4668 erat
1292 4615 1542 4685 vulgare,
1572 4617 1667 4670 sed
1696 4618 1848 4673 valde

259 4714 531 4768 magnum,
559 4700 677 4754 ideo
702 4715 753 4755 et
777 4717 929 4770 ptena
959 4718 1168 4772 magna.
1193 4704 1257 4757 Et
1278 4706 1483 4759 domum
1507 4708 1634 4776 ejus,
1660 4709 1845 4777 inquit;

262 4805 365 4843 non
412 4791 585 4857 ipsum
642 4792 840 4858 solum,
892 4793 985 4847 sed
1012 4790 1078 4847 Et
1118 4796 1321 4846 domum
1362 4796 1490 4864 ejus.
1549 4797 1612 4850 Et
1659 4814 1760 4865 qua
1782 4799 1851 4853 de

259 4894 442 4941 causa,
472 4895 593 4933 cum
624 4897 714 4934 rex
749 4893 960 4948 peccet,
989 4899 1177 4937 omnes
1221 4886 1287 4938 de
1329 4886 1489 4940 domo
1518 4887 1633 4955 ejus
1678 4904 1844 4958 ptemr

260 4979 383 5021 sunt
416 4970 738 5038 participes?
781 4972 897 5025 Non
946 4974 1149 5043 absque
1174 4973 1377 5030 ratione
1407 4976 1507 5030 hoc
1535 4994 1745 5047 quoque
1768 4982 1844 5038 fit.

263 5059 355 5110 scd
389 5068 446 5110 nt
476 5075 570 5124 per
596 5059 695 5113 hoc
735 5062 875 5130 regis
928 5064 1130 5117 insania
1182 5075 1574 5133 compescatur.
1606 5068 1849 5123 Gravimi

262 5150 415 5216 plaga
442 5149 729 5217 indigebat,
763 5152 830 5205 ita
863 5161 920 5205 ut
956 5155 1067 5222 ipse
1114 5169 1142 5205 a
1187 5155 1420 5210 facinore
1467 5157 1847 5215 deterrerctur.

266 5240 330 5291 Et
358 5239 469 5307 qui,
498 5241 629 5305 aies,
666 5241 764 5294 hoc
782 5243 988 5310 justum
1033 5245 1118 5308 sit,
1145 5256 1363 5313 propter
1412 5247 1557 5300 illum
1598 5250 1728 5302 alios
1757 5266 1848 5318 pu-

264 5330 365 5381 niri
384 5330 409 5380 τ
434 5328 548 5383 Non
579 5341 794 5400 propter
824 5333 968 5387 illum
1014 5337 1183 5389 solum
1224 5351 1435 5404 paruam
1461 5338 1846 5405 sustinuerunt,

264 5422 358 5473 sed
392 5423 677 5476 verisimile
725 5433 807 5478 est
834 5440 929 5479 eos
969 5438 1285 5496 cooperatos
1315 5429 1510 5496 fuisse,
1565 5442 1620 5485 ut
1668 5444 1849 5501 postea

265 5513 691 5567 committeretur
712 5515 975 5583 iniquitas.
1017 5518 1221 5571 Audisti
1250 5520 1388 5573 enim
1432 5536 1589 5590 supra
1610 5523 1848 5592 Scriptu-

270 5617 381 5657 ’πω
407 5603 673 5658 dicentem
708 5625 721 5659 :
757 5605 825 5660 Ut
852 5608 1078 5660 viderunt
1098 5625 1209 5662 eam
1252 5611 1505 5679 principes
1537 5611 1847 5682 Pharaonis,

270 5693 622 5761 laudauerunt,
676 5705 720 5750 et
762 5700 1147 5753 introduxerunt
1198 5717 1311 5755 eam
1362 5703 1415 5755 in
1462 5703 1666 5755 domum
1719 5706 1847 5774 ejus.

279 5787 492 5843 Vidistis
518 5803 613 5844 eos
635 5790 882 5847 lenonum
914 5808 1071 5864 agere
1092 5794 1326 5851 officium
1359 5796 1409 5850 in
1433 5797 1571 5867 regis
1599 5799 1845 5867 gratiam,

1220 424 1285 483 IN
1319 425 1474 480 CAP.
1517 422 1633 479 XII.
1673 422 1919 478 GENES.
1963 421 2191 478 IIOMIL.
2237 420 2451 481 XXXII.

3373 414 3479 470 δοκι

1888 536 2180 592 auferendo
2200 536 2332 607 justi
2363 536 2622 593 uxorem?
2666 536 3000 605 QuaprOptel'
3028 548 3132 589 non
3172 535 3284 605 ipsc
3310 536 3477 598 solus,

1890 628 1982 681 sed
2008 637 2062 681 et
2090 643 2280 683 omnes
2294 628 2573 683 domestici
2600 627 2716 696 ejus
2738 641 2910 695 poema
2938 624 3149 680 fuerunt
3171 623 3477 694 participes,

1893 731 1949 771 ut
1973 717 2241 772 discerent
2270 733 2329 773 se
2358 734 2462 773 non
2487 720 2536 772 in
2561 718 2897 786 peregrinum
2914 715 3227 785 simpliciter
3245 715 3479 767 furorem

1892 822 2047 860 suum
2076 809 2399 870 exercuisse.
2431 824 2602 877 neque
2632 808 2683 863 in
2714 806 2983 862 hominem
3011 822 3042 861 e
3079 804 3257 861 medio
3307 805 3485 873 vulgo,

1896 898 1989 953 sed
2017 899 2069 953 in
2092 898 2262 953 virum
2291 899 2627 954 carissimum
2678 900 2806 964 fleo,
2855 899 2944 969 qui
2990 905 3137 952 tanta
3180 896 3332 951 illum
3358 909 3486 949 cura

1897 989 2231 1059 dignaretur.
2256 989 2323 1043 Et
2346 990 2545 1045 idcirco
2576 989 2921 1045 acerbissima
2968 1002 3125 1058 paena
3177 987 3488 1040 concutiens

1898 1082 2015 1151 ejus
2044 1090 2299 1146 mentem,
2328 1081 2549 1136 abduxit
2583 1096 2612 1134 a
2644 1080 2846 1135 nefario
2888 1078 3105 1148 ﬂagitio,
3148 1076 3387 1132 coercuit
3424 1074 3492 1128 ab

1901 1174 2194 1228 irrationali
2225 1174 2422 1241 impetu
2444 1214 2460 1240 ,
2492 1172 2731 1228 cohibuit
2768 1171 3183 1226 incontinentem
3215 1174 3451 1222 mentem
3475 1204 3490 1227 ,

1898 1264 2135 1335 alligavit
2159 1263 2643 1335 concupiscentiam
2671 1252 3003 1327 indomitam,
3032 1257 3320 1316 refrenavit
3345 1254 3499 1310 furo-

1902 1356 1977 1409 ris
2007 1354 2288 1409 Insaniam.

1976 1445 2029 1499 7.
2072 1444 2362 1513 Propterea
2398 1443 2518 1499 vide
2555 1451 2750 1512 quanta
2782 1449 2967 1512 postea
3006 1440 3224 1496 lenitate
3263 1436 3500 1505 loquitur

1908 1551 2003 1591 rex
2029 1579 2045 1603 ,
2076 1546 2335 1608 tyrannus
2370 1536 2460 1591 ille
2492 1535 2685 1605 hospiti
2712 1577 2727 1601 ,
2756 1537 2906 1604 quasi
2936 1545 3070 1602 vago
3095 1528 3461 1587 obambulanti
3482 1566 3497 1590 ,

1907 1629 1992 1682 cui
2023 1637 2076 1683 et
2108 1642 2325 1681 uxorem
2356 1625 2568 1682 auferre
2594 1640 2758 1681 ausus
2787 1624 2903 1680 fuit.
2937 1623 3003 1677 Et
3032 1621 3170 1676 bene
3194 1620 3325 1674 dixit
3351 1617 3501 1673 Scri-

1912 1729 2086 1791 ptura,
2119 1720 2307 1791 Aﬁlixit
2350 1718 2674 1773 Pharaonem
2718 1727 2765 1772 et
2810 1717 3016 1771 domum
3060 1715 3169 1786 ejus
3212 1712 3275 1767 ob
3315 1711 3503 1765 Sarant

1912 1829 2119 1866 uxorem
2177 1811 2345 1866 Abrae.
2399 1812 2627 1864 Sensum
2672 1810 2721 1864 ei
2767 1822 2924 1879 pugna
2966 1814 3179 1876 przrstat
3204 1843 3220 1869 ,
3266 1799 3406 1872 quod
3436 1799 3505 1853 sit

1914 1918 2050 1956 uxor
2064 1901 2212 1970 justi.
2240 1900 2447 1955 Etenim
2471 1910 2522 1954 et
2545 1901 2597 1954 in
2620 1898 2836 1953 domum
2861 1894 3154 1952 Pharaonis
3180 1892 3501 1955 introducta,

1916 1996 2112 2049 mansit
2132 2010 2266 2049 uxor
2290 1993 2439 2063 justi.
2466 1994 2553 2050 I8.
2578 1991 2707 2048 Cum
2722 2000 2941 2069 vocasset
2964 1998 3134 2044 autent
3161 1985 3347 2041 Abram
3370 1983 3508 2037 Plia-

1916 2102 2028 2151 rao,
2054 2086 2183 2139 dixit
2207 2086 2254 2138 ei
2270 2101 2289 2139 :
2313 2084 2482 2149 Quare
2505 2084 2600 2137 hoc
2624 2082 2788 2153 fecisti
2812 2079 2974 2134 mihi?
2994 2078 3129 2133 Vide
3147 2076 3324 2147 qualia
3347 2074 3509 2130 verba

1919 2192 2014 2231 rex
2036 2175 2276 2247 profatur
2296 2194 2310 2231 :
2332 2175 2503 2243 Quare
2518 2174 2613 2227 hoc
2627 2172 2790 2244 feciin
2811 2170 2936 2233 mihi
2953 2171 2980 2225 γ
3007 2168 3197 2239 inquit.
3216 2166 3397 2237 Egone
3420 2163 3511 2218 tibi

1923 2267 2045 2333 feci,
2078 2270 2168 2335 qnl
2197 2266 2509 2335 peregrinus
2532 2306 2546 2325 ,
2576 2263 2665 2334 qui
2696 2262 2822 2316 nulli
2855 2269 3013 2315 notus
3032 2298 3048 2324 ,
3079 2258 3169 2327 qui
3195 2264 3413 2328 propter
3439 2253 3514 2307 fa-

1922 2371 2063 2411 mem
2090 2355 2276 2410 adsum
2302 2396 2315 2417 ,
2361 2355 2452 2409 tibi
2487 2354 2595 2423 regi
2617 2395 2631 2417 ,
2659 2361 2887 2425 tyranno
2909 2392 2924 2415 ,
2954 2358 3009 2405 et
3046 2347 3329 2419 imperanti
3355 2359 3517 2415 super

1924 2444 2251 2518 Egyptumi
2271 2444 2406 2512 Quid
2432 2443 2530 2498 feci
2560 2444 2652 2497 tibi
2671 2442 2791 2498 ?Tu
2813 2441 2943 2495 mihi
2964 2437 3229 2494 abstulisti
3257 2450 3478 2490 uxorem
3500 2452 3515 2486 :

1926 2535 2063 2589 sicut
2087 2536 2423 2604 peregrinum
2454 2548 2541 2587 me
2565 2531 2873 2601 despexisti,
2902 2527 3295 2598 contempsisti,
3323 2525 3517 2579 nullius

1927 2626 2183 2679 momenti
2212 2638 2298 2679 me
2329 2622 2558 2677 habuisti
2588 2642 2601 2676 :
2635 2622 2856 2677 omnino
2901 2617 3277 2689 intemperanti
3319 2629 3519 2670 concu-

1930 2716 2202 2786 piscentia:
2230 2724 2333 2769 tua:
2362 2716 2691 2783 obsequutus
2717 2728 2777 2767 es
2795 2752 2811 2778 ,
2847 2720 2902 2767 et
2930 2727 3052 2782 qum
3081 2710 3175 2765 tibi
3206 2707 3519 2778 placebant,

1929 2818 2093 2875 opere
2122 2803 2339 2859 volebas
2364 2804 2659 2872 complere.
2689 2801 2952 2869 Quidnam
2976 2814 3105 2870 ergo
3131 2798 3230 2853 feci
3253 2797 3386 2851 tibi?
3417 2795 3523 2848 Ma-

1929 2909 2056 2964 gna,
2085 2893 2288 2964 inquit,
2316 2895 2445 2948 tnihi
2474 2894 2679 2960 fecisti,
2711 2900 2767 2949 et
2789 2893 2968 2963 gravia
2997 2893 3051 2947 in
3074 2905 3161 2945 me
3185 2887 3520 2944 commisisti.

1934 2984 2068 3038 Vide
2106 2993 2304 3054 quanta
2351 3000 2529 3038 rcrmn
2573 2983 2928 3038 vicissitudo:
2968 2996 3061 3036 rex
3104 2980 3313 3052 privato
3350 2977 3522 3031 dicit:

1933 3075 2068 3141 Quid
2094 3075 2266 3130 fecisti
2293 3075 2421 3129 mihi
2449 3075 2474 3127 i
2507 3075 2694 3137 Deum,
2722 3073 2914 3143 inquit,
2938 3071 3211 3125 inimicum
3244 3068 3373 3122 mihi
3404 3066 3528 3121 red-

1933 3165 2136 3227 didisti,
2156 3165 2287 3218 iram
2308 3168 2425 3233 ejus
2439 3179 2601 3235 super
2625 3179 2711 3218 me
2738 3161 3011 3228 induxis-ti,
3037 3175 3208 3229 pcena:
3233 3158 3527 3213 obnoxium

1936 3270 2022 3309 me
2044 3254 2341 3318 reddidisti,
2370 3253 2542 3308 fecisti
2559 3263 2614 3308 ut
2638 3268 2848 3321 poenam
2871 3252 3043 3306 lueret
3069 3260 3176 3303 tota
3199 3264 3317 3303 mea
3337 3250 3531 3301 domus

1938 3360 2123 3399 eorum
2150 3361 2271 3416 qna:
2312 3346 2363 3401 in
2404 3354 2456 3399 te
2485 3344 2713 3399 admissa
2745 3353 2888 3398 sunt.
2919 3342 3020 3395 Cur
3050 3343 3145 3395 hoc
3175 3341 3299 3394 mihi
3329 3340 3491 3410 fecisti
3508 3339 3535 3391 .’

1943 3437 2116 3505 Quare
2147 3452 2247 3490 non
2276 3437 2587 3489 annuntiasti
2616 3436 2741 3488 mihi
2768 3424 2902 3503 quod
2935 3450 3067 3487 uxor
3104 3443 3189 3486 tua
3228 3431 3400 3485 esset?
3441 3430 3530 3483 l9.

1946 3529 2114 3595 Quare
2142 3527 2315 3581 dixisti
2338 3542 2357 3581 .'
2381 3526 2542 3582 Soror
2571 3543 2680 3579 mea
2706 3525 2814 3579 est?
2844 3535 2890 3579 et
2916 3524 3087 3595 accepi
3110 3539 3223 3577 eam
3254 3522 3380 3575 mihi
3403 3536 3536 3573 uxo-

1942 3636 2063 3672 rem.
2087 3619 2218 3687 Ego,
2239 3617 2427 3687 inquit,
2450 3617 2601 3688 quasi
2628 3632 2867 3673 sororem
2888 3626 3029 3670 tuam
3051 3614 3293 3669 volebam
3314 3612 3531 3666 ducerc.

1944 3709 2011 3763 At
2040 3710 2178 3763 unde
2204 3708 2432 3763 didicisti
2463 3724 2681 3764 uxorem
2712 3723 2832 3764 esse
2854 3706 3025 3776 justi?
3054 3705 3207 3761 Ultor
3241 3711 3405 3759 tanta:
3430 3704 3534 3755 ini-

1944 3800 2158 3868 quitatis
2178 3841 2194 3864 ,
2224 3799 2311 3854 ille
2339 3800 2466 3855 mihi
2498 3816 2613 3853 rem
2644 3799 2909 3853 indicavit.
2939 3798 3042 3851 (.‘ur
3066 3795 3228 3867 fecisti
3256 3794 3380 3847 mihi
3405 3793 3536 3854 hoc,

1946 3903 1990 3943 et
2019 3907 2116 3943 non
2138 3892 2373 3945 indicasti
2399 3892 2521 3945 mihi
2540 3892 2676 3960 quod
2697 3908 2827 3944 uxor
2849 3902 2936 3943 tua
2964 3888 3131 3943 esset?
3158 3897 3204 3941 et
3235 3886 3406 3954 accepi
3428 3901 3537 3937 eam

1948 3980 2072 4033 mihi
2101 3981 2199 4050 ipsi
2225 3997 2433 4035 uxorem
2462 3991 2795 4049 peccaturus.
2828 3979 2989 4047 Quasi
3014 3993 3254 4033 sororem
3280 3986 3422 4030 tuam
3448 3975 3539 4026 ha-

1949 4073 2155 4127 biturus
2198 4074 2299 4127 hoc
2341 4072 2457 4128 feci.
2491 4072 2721 4127 Attende
2747 4072 3015 4141 quomodo
3041 4069 3283 4141 supplicii
3310 4067 3541 4137 gravitas

1948 4165 2219 4220 Concussit
2246 4162 2363 4231 ejus
2392 4173 2647 4228 mentem,
2681 4163 2750 4216 ita
2782 4170 2839 4214 ut
2863 4171 2919 4215 et
2942 4161 3090 4230 justo
3117 4160 3379 4214 rationem
3412 4155 3537 4211 red-

1950 4257 2103 4311 deret
2125 4297 2141 4322 ,
2182 4265 2237 4310 et
2274 4271 2434 4310 omne
2456 4271 2582 4325 erga
2610 4271 2731 4310 eum
2762 4254 3059 4308 declararet
3099 4252 3355 4306 officium.
3382 4247 3539 4317 Atqui

1952 4348 2053 4403 nisi
2085 4347 2175 4402 Dei
2203 4346 2388 4401 fuisset
2415 4348 2582 4416 gratia
2609 4388 2623 4411 ,
2649 4362 2768 4416 qua:
2797 4354 3031 4399 mentem
3055 4344 3171 4412 cjus
3197 4338 3505 4396 emolliebat
3526 4379 3541 4401 ,

1950 4446 2005 4493 et
2036 4448 2234 4491 metum
2266 4436 2339 4491 illi
2362 4437 2670 4501 incutiebat,
2698 4450 3032 4504 consequens
3062 4442 3178 4487 erat
3201 4447 3322 4491 eum
3346 4431 3397 4482 in
3431 4442 3543 4481 ma—

1948 4530 2120 4596 jorem
2168 4526 2404 4580 furorem
2452 4527 2723 4580 inductum
2762 4525 2913 4594 quasi
2958 4524 3299 4591 deceptorum
3338 4522 3543 4588 justum

1954 4620 2261 4688 punitorum
2293 4618 2490 4683 fuisse,
2530 4627 2584 4672 et
2612 4617 2869 4672 extremis
2897 4615 3211 4669 aﬂ'ectnrnm
3244 4610 3546 4681 suppliciis.

1954 4711 2023 4763 At
2050 4708 2179 4762 nihil
2207 4707 2394 4762 borum
2421 4708 2542 4763 fecit
2567 4725 2581 4761 :
2613 4710 2773 4761 timor
2795 4706 2939 4762 enim
2970 4704 3212 4774 supplicii
3241 4701 3545 4757 inﬂamma—

1955 4812 2060 4855 tam
2092 4804 2208 4870 ejus
2233 4802 2364 4856 iram
2401 4802 2655 4869 repressit
2681 4809 2735 4853 et
2764 4798 3009 4853 restinxit
3040 4815 3054 4852 :
3086 4796 3227 4850 unde
3252 4809 3414 4848 unum
3447 4792 3549 4845 hoc

1953 4894 2192 4959 curabat,
2216 4901 2274 4947 ut
2292 4907 2417 4962 erga
2442 4892 2642 4961 justum
2664 4891 2934 4945 officiosus
2953 4898 3114 4943 esset.
3145 4887 3381 4942 Rescivit
3401 4885 3551 4939 enim

1956 4985 2168 5038 tandem
2194 5025 2207 5047 ,
2238 4998 2343 5037 non
2373 4998 2491 5037 esse
2513 4983 2766 5053 possibile
2789 4998 2911 5036 eum
2940 4981 3215 5051 vulgarem
3243 4978 3549 5048 quempiam

1954 5088 2076 5127 esse
2100 5113 2115 5139 ,
2153 5074 2241 5142 qui
2285 5082 2428 5127 tanta
2468 5088 2695 5142 superna
2737 5072 3107 5127 benevolentia
3146 5069 3431 5124 frueretur.
3481 5065 3549 5120 Et

1957 5178 2088 5214 nunc
2128 5178 2240 5215 ecce
2276 5178 2407 5215 uxor
2439 5171 2526 5215 tua
2559 5180 2733 5216 coram
2767 5172 2814 5216 te
2836 5203 2850 5226 ,
2886 5171 3092 5229 accepta
3130 5176 3189 5215 ea
3230 5160 3368 5213 ocius
3398 5158 3544 5211 vade.

1955 5255 2105 5309 Nunc
2127 5297 2141 5320 ,
2173 5254 2378 5324 inquit,
2407 5255 2529 5324 quia
2557 5255 2779 5325 cognovi
2812 5270 2917 5307 non
2947 5269 3067 5308 esse
3093 5268 3334 5308 sororem
3363 5261 3506 5305 tuam
3530 5291 3546 5315 ,

1955 5346 2049 5399 sed
2076 5361 2295 5399 uxorem
2319 5387 2332 5409 ,
2361 5361 2488 5399 ecce
2524 5346 2688 5402 habes
2714 5362 2854 5400 eam.
2886 5346 3069 5415 Neque
3097 5344 3238 5400 enim
3267 5345 3373 5397 ulla
3406 5344 3460 5399 in
3489 5357 3549 5395 re

1955 5435 2227 5503 detnrpavi
2254 5436 2555 5505 conjugium
2584 5446 2844 5501 vestrum,
2875 5452 3047 5505 neque
3072 5434 3272 5505 privavi
3300 5444 3350 5487 te
3381 5446 3553 5487 uxore

1957 5535 2062 5580 tua.
2098 5527 2203 5580 Sed
2229 5542 2340 5579 ecce
2369 5543 2495 5583 uxor
2520 5536 2605 5579 tua
2625 5544 2797 5580 coram
2824 5538 2891 5595 te,
2920 5537 3126 5596 accepta
3152 5542 3209 5580 ea
3234 5526 3373 5577 ocius
3401 5523 3544 5574 vade.

1955 5618 2084 5685 Quae
2111 5632 2262 5671 mens
2291 5619 2484 5687 poterit
2509 5617 2665 5688 digne
2694 5634 2814 5689 quas
2841 5618 2975 5673 facta
3005 5628 3130 5673 sunt
3157 5614 3433 5677 admirari,
3459 5621 3549 5666 aut

1953 5722 2072 5780 qua:
2095 5708 2271 5778 lingua
2298 5710 2608 5768 miraculum
2633 5711 2828 5765 valebit
2846 5710 3135 5770 enarrare?
3158 5708 3347 5762 Mulier
3364 5705 3547 5774 splen~

1963 5802 2083 5857 dida
2122 5804 2288 5859 forma
2318 5803 2475 5859 simul
2502 5819 2620 5859 cum
2648 5804 2764 5859 viro
2796 5804 3047 5877 Egyptio
3069 5846 3082 5871 ,
3116 5814 3169 5858 et
3196 5816 3352 5871 rege,
3381 5808 3435 5853 et
3464 5809 3549 5869 ty-
