4070 6384
596 380 692 429 ia?)
1366 377 1417 428 S.
1462 376 1733 430 .ltHNNIS
1771 375 2243 432 CIIRYSOSTOHI
2286 376 2601 431 ARCIIIEP.
2645 377 3180 434 CONSTANTINOP.

589 504 773 555 ιςιιιηο,
802 498 855 543 et
881 488 957 544 sic
980 489 1187 557 insano,
1207 499 1259 545 et
1286 490 1667 557 incontinenter
1692 478 1881 545 atiecto
1903 505 2155 546 concutit--

586 583 713 635 bens
734 622 749 647 ,
804 581 997 636 intacta
1042 581 1327 652 egreditur,
1374 591 1579 638 servata
1605 583 1846 638 castitate
1871 598 1986 638 sua.
2020 583 2161 639 Talia

579 672 742 733 enim,
772 673 909 726 sicut
939 674 1081 740 prius
1110 673 1214 727 dixi
1236 714 1249 735 ,
1283 681 1403 726 sunt
1427 688 1542 743 qum
1571 688 1600 727 a
1630 674 1740 728 Deo
1765 674 2160 744 dispensantur,

582 780 697 817 iara
721 780 935 833 semper
958 774 1013 819 et
1038 763 1364 818 admirabilia
1392 782 1405 817 :
1434 774 1489 819 et
1514 765 1726 834 quando
1750 766 1889 834 apud
1920 765 2161 820 homines

578 857 914 925 desperatum
946 866 1024 910 est
1046 896 1062 919 ,
1094 865 1218 910 tunc
1245 856 1491 911 invictam
1521 858 1569 911 in
1595 857 1843 912 omnibus
1870 858 2157 928 potentiam

577 963 727 1001 suam
775 949 913 1001 Deus
949 947 1201 1001 declarat.
1253 949 1535 1003 Enimvero
1577 949 1710 1003 sicut
1756 948 2069 1005 admirabile
2107 957 2161 1005 et

577 1053 752 1091 rarum
784 1047 899 1093 erat
930 1037 1110 1093 videre
1130 1041 1299 1093 virum
1325 1038 1708 1095 desideriorum
1736 1050 1879 1095 stare
1910 1041 1960 1094 in
1986 1040 2159 1095 medio

577 1130 801 1181 terarum
832 1128 849 1198 (
876 1108 1010 1183 Dari.
1042 1129 1162 1200 η).
1190 1140 1243 1185 et
1270 1129 1399 1184 nihil
1426 1131 1555 1199 pati,
1584 1131 1678 1185 sed
1709 1131 1858 1201 quasi
1886 1145 2010 1185 oves
2035 1144 2155 1184 eum

572 1221 1091 1288 circumstetissent,
1139 1224 1209 1276 ita
1253 1222 1475 1277 illmsum
1521 1223 1698 1293 egredi
1729 1238 1760 1278 e
1788 1224 1942 1288 lacu;
1969 1233 2019 1276 et
2049 1228 2158 1275 tres

570 1326 765 1380 pueros
806 1312 858 1366 in
885 1312 1096 1367 camino
1122 1313 1272 1383 quasi
1304 1313 1356 1367 in
1396 1323 1550 1382 prato
1579 1323 1634 1369 et
1661 1315 1711 1369 in
1739 1314 1894 1367 horto
1918 1314 2153 1379 versari,

569 1411 621 1457 et
648 1404 779 1459 nihil
822 1404 890 1459 ab
918 1406 1038 1476 igne
1066 1404 1188 1459 hodi
1214 1402 1340 1475 (Id.
1368 1405 1482 1477 3).
1514 1406 1606 1461 sed
1653 1406 1830 1477 egredi
1862 1404 1987 1461 inde
2018 1416 2153 1460 tam-

569 1512 727 1564 quam
755 1504 956 1551 statuas
983 1513 996 1552 :
1031 1496 1251 1569 perinde
1282 1497 1352 1552 ita
1378 1498 1725 1553 admiratione
1748 1498 1964 1568 dignum
1990 1508 2073 1553 est
2101 1509 2154 1553 et

573 1586 672 1641 hoc
714 1585 955 1654 facinus,
1000 1578 1140 1657 qﬂod
1180 1588 1309 1658 jx-sti
1360 1602 1493 1643 uxor
1539 1590 1735 1643 nullam
1777 1589 2149 1645 contumeliam

569 1687 787 1741 experta
832 1692 860 1731 a
902 1692 1025 1748 rege
1053 1676 1304 1749 Egyptio
1334 1719 1349 1745 ,
1397 1687 1621 1749 tyranno
1649 1718 1665 1743 ,
1721 1680 2106 1748 intemperante
2134 1719 2151 1744 ,

569 1767 760 1820 exierit
797 1768 961 1821 salva.
997 1768 1132 1851 Degis
1163 1769 1303 1823 enim
1330 1779 1441 1824 erat
1468 1772 1558 1838 qui
1592 1770 1819 1825 faciebat
1846 1771 2022 1825 omnia
2052 1814 2065 1834 ,
2100 1781 2150 1826 et

570 1857 620 1910 in
649 1857 806 1911 inviis
828 1856 966 1911 viam
987 1856 1169 1924 dabat,
1184 1857 1273 1929 qui
1299 1873 1446 1927 spem
1469 1860 1660 1915 bonam
1678 1874 1891 1931 semper
1911 1862 1963 1916 in
1991 1863 2153 1918 rebus

567 1950 853 2017 deploratis
880 1949 1071 2005 aﬂ'erre
1094 1952 1255 2007 valet.
1283 1953 1347 2007 Et
1378 1971 1531 2015 nunc.
1562 1956 1753 2023 inquit,
1780 1972 1891 2011 erce
1916 1972 2045 2010 uxor
2064 1967 2154 2011 tua

566 2057 736 2093 raram
766 2036 1061 2113 te,'arcepta
1086 2060 1145 2097 ea
1172 2046 1310 2098 ocius
1338 2045 1483 2099 vade.
1517 2045 1591 2100 Ne
1614 2047 1889 2102 existimes
1912 2087 1927 2111 ,
1963 2048 2149 2118 inquit.

568 2142 620 2187 te
644 2148 674 2184 a
705 2133 859 2187 nobis
890 2134 1076 2203 injuria
1106 2134 1350 2190 atl‘ectttm
1381 2152 1521 2191 esse.
1557 2136 1688 2190 Nam
1736 2138 1857 2191 licet
1884 2153 1979 2207 per
2004 2138 2151 2207 igne.

565 2225 791 2279 rantiam
816 2227 1252 2282 attentaverimus
1276 2242 1395 2296 quae
1438 2226 1571 2281 facta
1612 2237 1732 2281 sunt
1762 2269 1776 2292 ,
1808 2244 1947 2282 nune
1972 2239 2146 2283 tamen

566 2329 689 2369 recc
711 2317 1053 2384 cognovimus
1069 2333 1235 2393 quem
1258 2316 1457 2373 habeas
1477 2319 1837 2375 defensorem:
1860 2320 2148 2392 indignatio

565 2406 705 2460 enim
729 2421 850 2475 qua:
877 2406 926 2459 in
952 2422 1049 2461 nos
1076 2407 1297 2462 desmvit
1318 2450 1334 2473 ,
1366 2408 1545 2464 docuit
1572 2424 1667 2464 nos
1689 2422 1940 2480 quantum
1966 2414 2149 2483 gratim

566 2495 655 2548 tibi
680 2497 748 2549 sit
778 2496 915 2563 apud
946 2496 1115 2553 Deum
1142 2499 1400 2552 omnium.
1425 2501 1651 2569 Accepta
1681 2502 1839 2571 igitur
1867 2518 2032 2558 uxore
2062 2512 2149 2557 tua

564 2588 713 2639 Ot'ilts
734 2588 884 2641 vade.
904 2587 1181 2644 Terribilis
1214 2600 1393 2659 postea
1411 2602 1528 2646 erat
1552 2594 1630 2647 eis
1646 2593 1839 2660 justus,
1870 2604 2146 2663 propterea
2188 2664 2193 2667 _

565 2677 768 2744 magnis
810 2668 998 2732 ofﬁciis
1030 2693 1154 2734 eum
1192 2680 1437 2749 prosequi
1467 2682 1791 2737 contendunt
1819 2724 1835 2749 ,
1878 2685 2149 2754 p‘acantes

567 2768 733 2835 ipsius
777 2769 1053 2827 Dominum
1096 2780 1317 2843 propter
1353 2787 1415 2829 ea
1461 2789 1580 2843 qua:
1625 2775 1676 2828 in
1730 2775 1878 2828 illum
1920 2777 2145 2831 commi-

563 2867 761 2911 ﬁniant.

633 2947 686 2999 8.
723 2947 930 3010 Vidisti,
957 2948 1148 3004 dilecte
1172 2990 1186 3014 ,
1215 2960 1470 3020 quantum
1498 2950 1692 3006 bonum
1719 2954 1787 3007 sit
1813 2955 2061 3021 patientia
2092 2964 2148 3010 et

565 3038 1001 3105 perseverantia?
1028 3039 1144 3105 llic,
1173 3056 1374 3109 quaeso,
1407 3058 1610 3096 tnemor
1629 3057 1661 3097 e
1694 3052 1747 3097 to
1776 3045 2057 3099 verborum
2084 3047 2147 3100 il-

564 3128 735 3182 lorum
763 3144 880 3197 quin
911 3130 1205 3198 patriarcha
1232 3131 1441 3186 dicebat
1468 3132 1754 3203 [Egyptnm
1782 3134 2145 3205 ingressurus:

564 3216 686 3272 Seio
720 3219 855 3285 quod
893 3221 1073 3273 mulier
1100 3221 1315 3290 pulchra
1339 3222 1451 3276 sis:
1480 3224 1707 3291 futurum
1751 3235 1825 3279 est
1863 3226 2062 3296 itaque,
2092 3237 2148 3281 ut

562 3323 676 3359 eum
703 3318 750 3361 te
774 3309 984 3361 viderint
1005 3308 1263 3379 ίΕςῃριίἱ,
1295 3328 1375 3364 me
1396 3313 1597 3380 quidem
1627 3314 1878 3378 occidant,
1908 3325 1957 3370 te
1977 3327 2145 3371 autem

560 3404 771 3449 servent.
796 3396 903 3450 Illis
920 3397 1078 3466 igitur
1097 3400 1147 3451 in
1172 3408 1347 3453 mente
1364 3402 1672 3471 resumptis,
1686 3403 1966 3458 considera
1982 3407 2143 3460 etiam

561 3501 679 3553 qua:
709 3502 848 3541 nunc
880 3486 1012 3541 ﬁunt
1032 3530 1045 3551 ,
1078 3497 1133 3541 et
1167 3488 1431 3545 admirare
1458 3491 1613 3545 siuml
1652 3492 1778 3561 justi
1808 3495 2141 3550 tolerantiam

561 3578 988 3633 etmisericordis
1014 3577 1105 3633 Dei
1129 3579 1397 3647 virtutem,
1417 3591 1610 3650 quanta
1637 3597 1759 3637 cum
1777 3584 1943 3653 gloria
1969 3586 2146 3641 redire

560 3680 709 3723 curet
732 3669 929 3738 justum
956 3713 969 3733 ,
996 3671 1085 3740 qui
1114 3686 1232 3726 cum
1264 3680 1410 3726 tanto
1438 3673 1626 3728 timore
1652 3683 1704 3729 et
1732 3684 1874 3730 metu
1904 3684 2142 3732 venerat.

559 3759 649 3813 20.
678 3761 745 3813 Et
774 3763 1027 3830 pra'cepit.
1062 3762 1249 3832 inquit,
1283 3762 1488 3818 Pharao
1513 3766 1639 3819 viris
1662 3782 1813 3837 super
1836 3766 2021 3821 Abram
2043 3809 2058 3831 ,
2091 3779 2146 3821 ut

561 3852 678 3905 inde
701 3850 949 3905 deducant
975 3869 1088 3905 eum
1111 3895 1125 3917 ,
1154 3864 1199 3907 et
1227 3871 1434 3909 uxorem
1461 3858 1570 3926 ejns
1591 3899 1605 3921 ,
1632 3866 1677 3910 et
1703 3858 1871 3911 omnia
1895 3874 2009 3927 qua:
2035 3864 2142 3924 eius

561 3950 702 3993 erant
722 3984 736 4006 ,
765 3952 811 3994 et
844 3942 935 3995 Lat
962 3958 1077 3995 cum
1118 3960 1194 3996 eo.
1225 3944 1408 4014 Magna
1436 3960 1554 4000 cum
1580 3947 1821 4002 claritate
1847 3959 1901 4002 et
1936 3949 2100 4018 gloria
2125 3991 2140 4013 ,

566 4031 1019 4100 locupletatnsque
1046 4032 1244 4087 divitiis
1274 4033 1410 4088 redit
1430 4034 1606 4102 justus
1632 4052 1645 4089 :
1675 4046 1727 4089 et
1753 4035 1813 4091 fit
1839 4036 2028 4091 doctor
2054 4054 2148 4105 per

566 4136 627 4173 ea
657 4135 775 4189 quae
810 4123 1147 4190 contigerunt
1171 4163 1185 4184 ,
1218 4137 1323 4176 non
1353 4123 1525 4177 solum
1552 4122 1833 4194 Egyptiis,
1865 4126 1958 4180 sed
1985 4126 2145 4180 etiam

564 4214 811 4267 omnibus
835 4214 922 4283 qui
954 4214 1004 4267 in
1035 4214 1224 4269 itinere
1253 4222 1441 4278 erant,
1470 4224 1523 4269 et
1555 4216 1616 4268 iis
1643 4214 1732 4284 qui
1775 4216 1826 4270 in
1865 4216 2145 4272 Palaestina

564 4304 887 4358 habitabant.
932 4302 1062 4357 Nam
1086 4312 1342 4374 quotquot
1368 4304 1610 4359 viderant
1643 4320 1763 4359 eum
1803 4305 2015 4375 quando
2048 4307 2143 4362 dc-

565 4395 772 4450 scendit
815 4394 952 4448 fame
986 4403 1201 4448 coactus
1224 4434 1239 4458 ,
1277 4397 1468 4449 timore
1497 4406 1550 4449 et
1579 4405 1807 4447 tremore
1832 4402 2107 4465 correptus
2128 4437 2143 4459 ,

562 4502 703 4541 nunc
728 4502 853 4540 vero
876 4486 1185 4540 redeuntem
1220 4501 1342 4540 cum
1371 4496 1512 4540 tanta
1536 4486 1785 4540 claritate
1808 4495 1860 4541 et
1889 4486 2150 4541 facultati-

562 4578 662 4631 bus
697 4586 749 4631 et
788 4576 984 4631 divitiis
1009 4618 1023 4642 ,
1067 4578 1341 4631 discebant
1375 4576 1623 4632 virtutem
1663 4578 2007 4644 providentia:
2051 4578 2144 4633 Dei

562 4683 685 4737 erga
710 4668 877 4721 illum.
912 4667 1041 4735 Quis
1068 4667 1199 4722 vidit
1223 4669 1511 4737 umquam?
1532 4668 1651 4737 quis
1666 4667 1903 4725 audivit?
1929 4669 2070 4723 Abiit
2094 4680 2150 4725 ut

565 4761 755 4813 tantem
787 4775 935 4812 suam
966 4760 1264 4829 mitigaret;
1296 4768 1352 4814 et
1378 4761 1576 4815 divitiis
1601 4760 1879 4815 abundans
1905 4762 2148 4815 ineffabi-

567 4852 705 4917 lique
732 4865 850 4902 cum
878 4850 1041 4916 gloria
1075 4849 1227 4904 redit.
1262 4850 1339 4904 Ne
1368 4851 1677 4913 admireris,
1705 4850 1900 4905 dilecte
1923 4891 1938 4914 ,
1972 4866 2036 4906 ne
2068 4851 2146 4905 fa-

568 4951 707 4991 ctum
739 4939 837 4992 hoc
868 4942 935 4992 ita
971 4941 1288 5008 stupendum
1318 4941 1409 4995 tibi
1439 4941 1677 4995 videatur
1704 4960 1715 4994 :
1751 4943 1856 4995 imo
1883 4942 2147 4995 admirare

566 5040 619 5082 et
645 5031 979 5099 obstupesee,
1009 5041 1061 5085 et
1085 5034 1293 5086 celebra
1323 5036 1620 5087 communis
1646 5034 1880 5087 omnium
1910 5044 2150 5088 nostrum

571 5122 776 5174 Domini
824 5124 1091 5177 virtutem.
1147 5124 1212 5177 Et
1261 5124 1378 5179 vide
1430 5127 1588 5179 etiam
1638 5126 1778 5179 illius
1818 5139 2034 5193 nepotes
2081 5127 2150 5179 ob

566 5212 807 5265 eamdem
840 5213 989 5266 famis
1010 5216 1375 5270 necessitatem
1400 5216 1451 5270 in
1480 5216 1764 5285 Algyptum
1788 5216 2146 5277 deSCCllt|i\Stf,

568 5311 613 5353 et
645 5318 765 5356 cum
791 5304 857 5357 ibi
887 5303 936 5356 in
963 5304 1105 5371 gravi
1127 5306 1378 5360 servitute
1401 5307 1675 5369 vixissent,
1701 5308 1995 5374 multasque
2027 5324 2145 5374 per.

568 5396 811 5448 tulissent
827 5412 1111 5458 aerumnas,
1132 5395 1460 5451 faen'tatibus
1477 5409 1660 5453 auctos
1680 5400 1887 5453 tandem
1906 5400 2149 5453 rediisse.

569 5484 711 5537 Talis
746 5486 885 5538 enim
914 5496 995 5541 est
1040 5488 1461 5554 sapientissimus
1506 5490 1640 5542 licus
1684 5498 1896 5553 noster,
1941 5489 2151 5557 quando

572 5579 819 5643 permittit
855 5579 1032 5647 augeri
1060 5589 1115 5631 et
1140 5581 1440 5633 coacervari
1475 5582 1779 5645 molestias,
1812 5590 1934 5634 tunc
1962 5581 2150 5633 iterant

572 5668 807 5721 discussa
856 5680 1205 5739 tempestate,
1252 5672 1591 5727 serenitatem
1638 5688 1921 5740 rerumque
1962 5673 2149 5726 miram

574 5758 989 5815 \ieissitudinem
1020 5762 1160 5827 facit,
1184 5762 1381 5819 docens
1413 5778 1507 5817 nos
1525 5780 1632 5817 su;e
1665 5765 1912 5832 potentia:
1943 5768 2147 5831 magni-

3755 382 3854 435 πω

2270 490 2526 545 tudinem.
2552 493 2598 545 l.
2623 492 2641 558 (
2666 491 2790 559 ϐιῳ.
2817 494 2881 547 l3
2901 496 2918 562 )
2942 494 3175 547 Ascendit
3202 502 3366 546 autem
3385 494 3571 547 Abram
3600 510 3665 548 ex
3688 494 3855 563 Jay,-

2268 591 2374 652 pto,
2397 582 2505 649 ipse
2535 592 2582 637 et
2607 599 2735 636 uxor
2758 586 2865 653 ejus
2888 625 2901 648 ,
2930 594 2976 637 et
3006 585 3176 638 omnia
3200 599 3313 653 quae
3337 586 3449 654 ejus
3474 598 3618 638 erant
3642 626 3657 648 ,
3692 598 3739 638 et
3771 586 3859 638 Lat

2266 688 2383 724 eunt
2423 689 2479 725 eo
2503 714 2518 739 ,
2571 674 2623 725 in
2652 674 2991 727 solitudinem.
3040 673 3347 745 Opportune
3377 674 3464 729 hic
3502 676 3625 747 quis
3644 691 3860 730 accom-

2266 765 2494 820 modarit
2525 767 2682 820 verba
2715 766 2800 821 illa
2826 808 2842 831 ,
2874 782 2991 835 qua:
3019 769 3203 822 beatus
3235 768 3397 822 David
3426 768 3489 822 iis
3514 768 3604 838 qui
3631 783 3663 822 e
3691 768 3860 838 Baby-

2266 853 2436 909 lonica
2476 855 2719 910 redibant
2758 856 3063 926 captivitate
3102 858 3311 912 dicebat
3337 875 3351 912 :
3382 858 3487 923 Qui
3529 859 3787 912 seminam
3810 860 3863 911 in

2268 945 2527 1016 faerymis,
2556 948 2608 1000 in
2637 948 2970 1002 exultatione
2997 958 3200 1003 nutent.
3223 947 3417 1004 Euntes
3435 950 3574 1003 ibant
3597 960 3645 1003 et
3669 950 3862 1019 ﬂebant

2266 1038 2512 1092 mittentes
2528 1038 2720 1092 semina
2740 1056 2849 1093 sua.
2878 1038 3137 1094 Venientes
3160 1051 3328 1094 autem
3342 1041 3538 1095 venient
3553 1042 3607 1095 in
3628 1045 3861 1096 multa-

2265 1130 2420 1197 tione,
2442 1141 2689 1201 gestantes
2709 1131 3133 1203 manipulossttos
3155 1130 3323 1203 (Psal.
3346 1133 3469 1188 125.
3483 1134 3539 1189 5.
3561 1133 3645 1203 6).
3673 1133 3861 1189 Vidisti

2263 1218 2577 1276 descensum
2608 1222 2872 1277 anxietate
2898 1234 3057 1293 atque
3084 1223 3273 1279 timore
3299 1224 3535 1294 plenum,
3564 1224 3855 1280 habentem

2263 1325 2442 1367 secum
2468 1322 2522 1365 et
2549 1311 2735 1366 mortis
2765 1312 3100 1368 formidinem
3123 1312 3148 1367 ?
3175 1312 3307 1369 Vide
3329 1330 3469 1370 nunc
3490 1315 3724 1370 reditum
3751 1317 3861 1370 ela-

2262 1401 2418 1455 ritate
2444 1411 2499 1455 et
2522 1401 2777 1472 dignitate
2817 1403 2981 1458 multa
3019 1406 3386 1473 conspicuum.
3418 1404 3684 1461 Omnibus
3712 1408 3854 1463 enim

2265 1492 2484 1560 posthac
2511 1495 2830 1549 venerabilis
2873 1502 2990 1549 erat
3035 1494 3212 1563 justus
3258 1495 3350 1549 ille
3392 1505 3497 1550 tam
3548 1496 3617 1552 iis
3663 1498 3755 1567 qui
3807 1500 3858 1554 in

2262 1581 2493 1653 Egypto
2513 1625 2527 1649 ,
2559 1599 2718 1653 quam
2765 1584 2830 1638 iis
2870 1586 2959 1654 qui
3000 1584 3053 1639 in
3082 1584 3383 1641 Palaistina.
3414 1585 3547 1652 Quis
3571 1588 3721 1641 enim
3753 1604 3860 1643 non

2260 1674 2520 1728 reveritus
2553 1672 2738 1729 fuisset
2763 1690 2884 1728 eum
2911 1678 3001 1745 qui
3031 1676 3111 1730 sic
3136 1690 3165 1729 a
3194 1676 3309 1731 Deo
3333 1676 3636 1733 custoditus
3664 1678 3738 1732 sit
3758 1719 3775 1743 ,
3805 1688 3860 1734 et

2261 1773 2457 1817 tantam
2506 1763 2933 1819 benevolentiam
2976 1768 3343 1835 assequutus?
3381 1766 3667 1823 Neminem
3712 1769 3855 1824 enim

2260 1857 2394 1909 forte
2424 1856 2660 1913 latebant
2686 1871 2769 1922 ea,
2800 1871 2919 1926 quae
2948 1858 3060 1927 regi
3086 1865 3142 1912 et
3165 1856 3350 1912 domui
3377 1858 3493 1928 ejus
3518 1859 3851 1916 acciderant.

2257 1948 2445 2002 Omnia
2471 1949 2611 2003 enim
2644 1949 2780 2005 Deus
2806 1958 3087 2021 propterea
3118 1949 3377 2019 permisit,
3407 1959 3464 2007 et
3488 1966 3734 2023 eousque
3754 1953 3825 2009 du
3841 1984 3853 1993 ο

2258 2049 2508 2093 raverunt
2530 2041 2847 2095 teutationes
2868 2040 3017 2110 justi,
3041 2048 3099 2095 ut
3118 2041 3235 2111 ejus
3259 2042 3510 2111 [sitientia
3540 2042 3745 2097 clarior
3766 2044 3857 2098 fie-

2258 2138 2360 2191 ret,
2384 2138 2439 2184 et
2460 2128 2595 2184 facta
2621 2130 2739 2199 ejus
2766 2132 2817 2184 iu
2852 2138 3019 2185 totum
3042 2131 3225 2187 orbem
3254 2130 3685 2201 divulgarentur,
3713 2135 3857 2189 itaut

2258 2220 2435 2273 nullus
2458 2230 2601 2275 esset
2629 2220 2716 2289 qui
2743 2220 2871 2287 justi
2900 2220 3149 2275 virtutem
3176 2220 3464 2290 ignoraret.

2326 2310 2379 2363 9.
2426 2307 2639 2365 Moralis
2688 2311 2991 2366 exhortatio.
3032 2312 3242 2381 Aﬁlictio
3280 2313 3483 2383 signum
3525 2315 3856 2383 prouidentic

2255 2402 2456 2455 diritate.
2488 2431 2560 2441 —
2586 2400 2827 2467 Vidistis,
2855 2401 3066 2468 dilecti,
3097 2411 3351 2471 quantum
3376 2417 3441 2457 ex
3469 2404 3857 2473 mutationibus

2256 2490 2499 2545 lucrum?
2521 2489 2725 2546 vidistis
2742 2500 2999 2559 quantum
3017 2490 3284 2560 patientiae
3305 2494 3582 2561 przemium
3600 2494 3625 2546 ?
3647 2480 3857 2549 vidistis

2253 2594 2305 2635 et
2332 2582 2529 2645 virum,
2562 2590 2615 2635 et
2643 2581 2955 2663 mulierqm,
2991 2591 3046 2636 et
3069 2596 3277 2646 senem,
3309 2590 3365 2638 et
3392 2583 3650 2650 vetulam,
3686 2600 3851 2655 quan-

2255 2680 2363 2725 tmn
2394 2671 2743 2741 philosophia:
2770 2688 2877 2739 prae
2907 2687 2966 2727 se
2992 2673 3264 2727 tulerunt?
3293 2682 3548 2743 quantum
3580 2674 3851 2731 fortitudi-

2256 2762 2341 2814 nis
2365 2802 2381 2827 ,
2410 2770 2663 2831 quantum
2710 2772 2906 2816 muttire
2945 2762 3280 2825 dilectionis,
3311 2772 3567 2833 quantum
3610 2767 3852 2820 caritatis

2254 2854 2522 2908 vinculum
2551 2851 3028 2907 demonstrarunt?
3064 2853 3215 2906 Illum
3246 2868 3436 2908 omnes
3465 2854 3759 2920 imitemur,
3794 2866 3849 2909 et

2254 2944 2543 3014 numquam
2563 2945 2853 3000 tristemut.
2874 2944 2949 2999 Ne
2964 2943 3329 3000 existimemus
3343 2960 3463 2999 esse
3477 2945 3689 3015 signum
3706 2947 3849 3017 quod

2254 3049 2352 3089 nos
2379 3034 2723 3105 dereliquerit
2747 3043 2801 3089 et
2835 3033 3095 3103 despiciat
3123 3034 3381 3090 Dominus
3402 3076 3418 3099 ,
3448 3035 3494 3090 si
3522 3037 3850 3091 teutationes

2252 3129 2406 3184 nobis
2437 3128 2731 3182 inferantur
2764 3146 2777 3183 :
2809 3128 2904 3182 sed
2932 3130 3033 3181 hoc
3073 3128 3362 3182 maximum
3400 3127 3473 3182 sit
3513 3128 3672 3182 nobis
3713 3129 3850 3184 indi-

2251 3221 2414 3287 cium,
2438 3219 2584 3289 quod
2609 3219 2745 3273 Dens
2771 3219 2935 3272 nostri
2958 3233 3139 3273 curam
3160 3230 3329 3288 gerat.
3358 3218 3493 3273 Nam
3518 3219 3619 3274 etsi
3648 3220 3851 3273 habca~

2252 3326 2371 3364 mus
2392 3318 2729 3378 peccatorum
2751 3309 2985 3362 sarcinas
3002 3322 3121 3376 quze
3149 3323 3246 3363 nos
3262 3318 3524 3379 premant,
3550 3310 3852 3378 poterimus

2253 3382 2496 3468 magnam
2523 3399 2828 3468 patientiam
2848 3409 2895 3454 et
2918 3398 3208 3467 gratiarum
3234 3399 3498 3452 actionem
3520 3398 3852 3454 declaratqu

2252 3491 2481 3552 levioues
2506 3504 2598 3545 eas
2632 3489 2808 3544 facere
2839 3508 2851 3543 :
2884 3498 2939 3543 et
2974 3488 3019 3542 si
3060 3502 3165 3541 non
3195 3488 3358 3542 multa
3387 3487 3685 3543 habeamus
3716 3503 3846 3559 pee-

2251 3588 2388 3645 cata,
2412 3580 2604 3633 iterum
2630 3577 2814 3647 majori
2844 3577 3078 3630 fruemur
3096 3576 3284 3646 gratia,
3317 3577 3361 3630 si
3382 3587 3535 3646 grato
3561 3578 3744 3631 animo
3765 3588 3853 3633 tu-

2252 3668 2489 3722 lerimus.
2505 3667 2637 3735 Quia
2658 3668 2799 3722 enim
2824 3666 2963 3720 Deus
2988 3677 3168 3720 noster
3185 3665 3417 3719 liberalis
3439 3674 3545 3731 est,
3567 3676 3619 3721 et
3647 3677 3852 3723 nostra

2252 3760 2437 3815 salutis
2461 3774 2641 3815 curam
2667 3757 2804 3827 gerit
2828 3775 2841 3810 :
2870 3771 2933 3811 ca
2956 3756 3025 3811 de
3048 3770 3205 3811 causa
3222 3757 3371 3825 quasi
3391 3757 3589 3811 laetam
3612 3766 3667 3813 et
3688 3774 3850 3813 exer—

2250 3853 2408 3908 cendi
2440 3854 2712 3906 materiam
2751 3850 2901 3903 nobis
2941 3849 3186 3916 preponit
3208 3889 3223 3913 ,
3254 3863 3353 3919 pro
3389 3847 3562 3902 stadio
3593 3858 3647 3903 et
3681 3864 3850 3904 arena

2255 3944 2574 3997 teutationes
2600 3941 2829 3995 inferens
2863 3958 2875 3994 :
2909 3946 2968 3992 ut
2997 3937 3042 4005 si
3068 3939 3206 4009 quod
3235 3948 3472 3993 nostrum
3503 3948 3587 3992 est
3621 3947 3851 4008 praeste-

2256 4048 2394 4102 mus,
2420 4034 2644 4103 largiore
2661 4031 2909 4102 dignetur
2933 4045 3031 4085 nos
3053 4046 3146 4085 sua
3170 4029 3519 4099 providentia.
3543 4028 3700 4096 Quod
3722 4045 3847 4083 cum

2254 4128 2514 4191 sciamus,
2546 4142 2611 4180 ne
2640 4126 2818 4179 tristes
2847 4124 3013 4177 simus
3041 4123 3094 4177 in
3125 4120 3529 4183 tentationibus,
3563 4137 3737 4191 neque
3761 4121 3847 4176 af-

2254 4218 2518 4272 flictiones
2541 4217 2797 4285 gravatim
2829 4214 3061 4269 feramus
3089 4230 3105 4267 :
3136 4212 3229 4267 sed
3258 4221 3311 4267 et
3346 4211 3680 4281 gaudeamus
3703 4253 3718 4276 ,
3748 4228 3848 4267 se-

2253 4308 2484 4363 cundum
2514 4307 2726 4362 beatum
2757 4304 2977 4359 Paulum
3007 4321 3020 4357 :
3056 4302 3210 4356 Nunc
3233 4302 3399 4363 enim.
3425 4301 3616 4369 inquit,
3644 4303 3847 4371 gaudeo

2252 4401 2305 4453 in
2332 4396 2677 4469 aﬂiirt’onibtts
2702 4397 2821 4450 meis
2843 4394 2978 4464 (Col.
3008 4394 3062 4449 l.
3090 4394 3159 4448 24
3188 4394 3226 4463 ).
3261 4391 3445 4446 Vidisti
3470 4392 3707 4445 animam
3729 4407 3856 4461 gra-

2258 4500 2363 4544 tam
2387 4489 2410 4541 ?
2439 4488 2569 4542 Nam
2598 4487 2641 4541 si
2670 4487 2720 4540 in
2746 4484 3122 4549 afflictionibus
3144 4481 3427 4552 gaudebat,
3452 4481 3726 4549 quomodo
3751 4496 3856 4553 po-

2257 4584 2357 4636 tttit
2388 4594 2617 4649 unquam
2649 4581 2700 4633 in
2731 4578 2941 4632 tristitia
2982 4574 3148 4629 esse?
3185 4575 3228 4628 si
3272 4588 3392 4642 qua:
3433 4572 3568 4625 alios
3606 4572 3851 4634 alliciunt

2256 4671 2469 4725 tristitia
2502 4670 2600 4738 ipsi
2632 4666 2838 4737 pariant
2863 4663 3058 4718 lietitiae
3087 4662 3421 4717 occasionem
3448 4700 3462 4723 ,
3489 4661 3696 4730 cogita,
3726 4676 3846 4725 oro.

2258 4761 2310 4816 in
2337 4776 2440 4830 qtto
2466 4768 2607 4814 statu
2636 4758 2778 4812 illius
2807 4764 2921 4810 erat
2944 4754 3141 4807 anima.
3170 4752 3235 4806 Et
3261 4759 3318 4805 ut
3345 4750 3523 4804 discas
3547 4766 3655 4805 non
3685 4765 3844 4822 posse

2256 4854 2410 4910 aliter
2435 4866 2530 4907 nos
2560 4850 2819 4920 promissa
2860 4849 2993 4903 bona
3033 4845 3278 4914 assequi,
3309 4852 3366 4898 et
3390 4857 3559 4912 regno
3588 4843 3846 4899 etelorutn

2255 4946 2443 5014 dignos
2484 4942 2595 4998 fieri
2622 4983 2637 5006 ,
2678 4940 2778 4993 nisi
2825 4953 2918 5007 per
2948 4935 3287 4989 afflictionem
3315 4934 3476 4987 vitam
3516 4944 3846 5003 prtesentem

2257 5046 2609 5095 transeamus,
2641 5030 2760 5084 audi
2793 5028 3064 5096 apostolos
3090 5025 3327 5080 dicentes
3352 5025 3431 5079 eis
3456 5024 3547 5093 qui
3575 5041 3750 5093 nuper
3776 5024 3845 5079 ad

2259 5126 2414 5179 fidem
2462 5122 2705 5178 conversi
2749 5128 2902 5174 erant
2945 5115 3054 5173 τις(
3102 5132 3217 5169 cum
3263 5115 3582 5176 docuissent,
3627 5115 3798 5193 inquit
3828 5158 3845 5182 ,

2258 5219 2459 5281 multos,
2478 5214 2661 5268 reversi
2680 5221 2794 5266 sunt
2811 5208 3063 5279 Lystram,
3087 5216 3131 5260 et
3156 5205 3401 5267 Iconium.
3425 5215 3473 5258 et
3500 5205 3847 5271 Antiochiam,

2255 5308 2420 5360 denuo
2443 5306 2797 5373 conﬁrmantes
2814 5303 3007 5354 animos
3027 5300 3412 5369 discipulorum,
3430 5297 3850 5365 exhortantesqus

2258 5407 2312 5449 ut
2340 5405 2706 5467 perseverarent
2732 5395 2783 5447 in
2810 5393 2911 5460 ﬁde
2933 5434 2949 5456 ,
2980 5401 3026 5444 et
3061 5390 3195 5459 quod
3228 5407 3315 5459 per
3341 5389 3528 5443 multas
3554 5391 3852 5458 aﬂ'lictiones

2258 5500 2447 5558 oportet
2469 5505 2561 5541 nos
2581 5491 2770 5541 intrare
2787 5485 2837 5537 in
2853 5498 3060 5553 regnum
3082 5482 3321 5534 ca'lorum
3344 5480 3475 5547 (Act.
3505 5481 3593 5533 14.
3611 5480 3705 5533 21.
3728 5480 3846 5547 εξ).

2258 5581 2438 5648 Qualis
2467 5579 2624 5647 igitur
2652 5576 2870 5646 posthac
2899 5572 3001 5626 erit
3032 5572 3184 5626 nobis
3209 5570 3503 5631 excusatio,
3533 5570 3577 5622 si
3610 5571 3849 5624 nolueri-

2261 5687 2376 5724 tuus
2406 5682 2664 5738 generose
2685 5682 2746 5719 ac
2775 5665 2977 5719 fortiter
2996 5664 3173 5718 omnia
3209 5660 3347 5716 ferre
3370 5676 3488 5729 quite
3514 5660 3844 5715 inferuntur:

2264 5773 2556 5826 prtl‘St‘l‘iml
2599 5757 2828 5810 scientes
2868 5768 2971 5810 non
3014 5766 3171 5822 posse
3198 5752 3351 5805 aliter
3375 5763 3471 5803 nos
3502 5749 3729 5803 salutem
3757 5765 3844 5804 as-
