4070 6390
238 363 347 427 803

237 482 544 554 Δίγυπτίῳ,
599 482 694 537 καὶ
727 478 970 551 βασιλεῖ,
1003 478 1098 533 καὶ
1129 477 1406 551 τυράννῳ,
1461 479 1556 534 καὶ
1601 479 1744 534 οὕτω
1794 499 1923 552 μαι-

1379 359 1450 420 ΙΝ
1481 362 1634 420 CAP.
1677 360 1768 419 XII
1802 360 2049 418 GENES.
2091 359 2326 418 llOMlL.
2366 355 2584 416 XXXII.

3621 356 3725 412 30!

2035 479 2183 548 ἡμᾶς
2198 478 2300 547 τῆς
2319 477 2484 530 αὑτοῦ
2507 473 2792 546 δυνάμεως
2811 473 2873 527 τὸ
2895 471 3146 544 μέγεθος.
3164 471 3375 540 Ἀνέϐη
3396 471 3465 526 δὲ
3497 471 3725 545 Ἀϐραμ

238 569 488 640 νομινῳ,
537 569 634 621 καὶ
684 564 1001 628 ἀκολάστως
1043 561 1376 635 διακειμένῳ
1434 563 1928 630 συγκατακλιθεῖσα
2031 566 2098 630 ἐξ
2121 567 2440 634 Αίγύπτου,
2473 564 2658 629 αὐτὸς
2681 565 2778 616 καί
2813 564 2851 630 ἠ
2873 562 3028 632 γυνὴ
3050 561 3260 625 αὑτοῦ,
3295 562 3395 614 καί
3429 560 3628 614 πάντα
3652 565 3726 615 τὰ

237 653 522 723 ἀνέπαφος
555 651 724 722 ἐξῄει,
754 652 854 720 τὴν
892 648 1099 702 οἰκείαν
1134 646 1488 717 σωφροσύνην
1516 647 1775 716 ἀκέραιον
1811 647 1926 700 δια-

237 737 547 806 τηρήσασα,
584 731 819 801 Τοιαῦτα
846 731 976 802 γὰρ,
1013 728 1264 801 καθάπερ
1298 729 1469 800 ἔφθην
1515 730 1706 792 εἰπὼν,
1741 730 1828 782 ἀεὶ
1857 732 1925 783 τά

241 819 391 889 παρά
415 816 514 871 τοῦ
545 814 682 870 Θεοῦ
708 812 1160 884 οἰκονομούμενα,
1192 812 1483 882 θαυμαστά
1506 814 1601 866 καὶ
1625 812 1920 882 παράδοξα.

238 899 349 955 Καὶ
373 901 502 954 ὅταν
531 897 682 969 παρά
701 896 812 950 τῶν
833 894 1136 967 ἀνθρώπων
1159 895 1486 965 ἀπογνωσθῇ
1512 895 1579 948 τά
1600 897 1921 966 πράγματα,

235 984 362 1038 τότε
390 982 554 1046 αὐτὸς
580 981 853 1035 δείκνυσιν
889 976 1056 1031 αὐτοῦ
1085 979 1186 1050 τὴν
1217 980 1429 1050 ἄμαχον
1472 982 1529 1032 ἐν
1561 982 1734 1034 ἀπασι
1759 979 1922 1032 δύναο

237 1081 353 1138 μιν.
382 1065 596 1132 Ὠσπερ
621 1063 732 1132 γάρ
768 1059 1078 1130 θαυμαστὸν
1103 1055 1170 1130 ἦν
1203 1061 1296 1113 καὶ
1330 1061 1667 1131 παράδοξον,
1701 1059 1793 1113 τὸν
1831 1060 1923 1114 ἄν·

233 1149 336 1220 δρα
381 1147 490 1201 τῶν
535 1143 844 1213 ἐπιθυμιῶν
877 1143 1002 1197 ἰδεῖν
1035 1144 1092 1196 ἐν
1124 1143 1274 1213 μέσῳ
1317 1145 1426 1196 τῶν
1461 1145 1664 1218 θηρίων
1698 1146 1922 1197 ἐκείνων

234 1232 626 1301 κυκλούμενον,
669 1229 767 1280 καὶ
817 1227 982 1298 μηδὲν
1015 1227 1314 1296 πάσχοντα,
1346 1227 1483 1280 ἀλλά
1523 1227 1776 1296 καθάπερ
1815 1228 1919 1280 ὑπῗ,

233 1315 525 1387 προϐάτων
558 1313 1116 1384 περιστοιχιζόμενον,
1146 1309 1319 1376 οὕτως
1349 1313 1508 1383 ἀσινῆ
1555 1315 1619 1366 ἐκ
1659 1313 1753 1365 τοῦ
1791 1313 1920 1366 λάκ-

230 1411 331 1449 κου
363 1395 601 1455 ἀνιόντα,
651 1395 749 1448 καὶ
796 1394 922 1456 τοὺς
974 1395 1124 1464 τρεῖς
1179 1393 1375 1457 παῖδας
1433 1396 1491 1448 ἐν
1545 1397 1612 1465 τῇ
1661 1394 1916 1465 καμίνῳ,

231 1477 487 1548 καθάπερ
534 1479 591 1530 ἐν
620 1475 847 1547 λειμῶνι
887 1477 981 1529 καὶ
1018 1475 1330 1547 παραδείσῳ
1378 1475 1774 1550 διατρίϐοντας,
1825 1478 1920 1530 καὶ

233 1562 400 1632 μηδὲν
437 1561 544 1616 ὑπὸ
571 1559 666 1614 τοῦ
697 1559 867 1630 πυρὸς
898 1558 1330 1630 βλαπτομένους,
1360 1560 1494 1613 ἀλλά
1527 1561 1779 1631 καθάπερ
1823 1561 1917 1614 ἀν-

227 1643 486 1714 ϐριάντας
513 1643 686 1706 οὕτως
713 1641 924 1695 ἐκεῖθεν
955 1641 1287 1707 ἐξελθόνταςο
1316 1641 1406 1695 τὸν
1435 1642 1599 1695 αὐτὸν
1619 1642 1681 1714 δὴ
1717 1642 1917 1714 τρόπον

230 1726 512 1796 Θαυμάσαι
543 1725 693 1789 ἄξιον
724 1727 817 1777 καὶ
849 1724 909 1777 τὸ
939 1724 1034 1778 νῦν
1077 1725 1298 1792 γεγονὸς
1319 1764 1335 1790 ,
1369 1725 1452 1778 δτι
1494 1727 1526 1794 ἡ
1570 1723 1666 1777 τοῦ
1704 1725 1914 1779 δικαίου

227 1806 366 1876 γυνὴ
410 1805 670 1875 οὐδεμίαν
717 1803 878 1875 ὕϐριν
932 1804 1273 1874 ὑπομείνασα
1318 1807 1469 1874 παρά
1510 1805 1606 1858 τοῦ
1650 1807 1915 1876 βασιλέως

226 1887 322 1941 τοῦ
354 1887 676 1956 Αίγυπτίου,
704 1887 796 1940 τοῦ
824 1885 1114 1958 τυράννου,
1135 1886 1231 1939 τοῦ
1255 1883 1578 1950 ἀκολάστου,
1603 1887 1752 1958 ἐξῄει
1776 1889 1911 1944 σώα.

225 1972 359 2035 Θεὸς
388 1973 498 2041 γάρ
526 1966 594 2042 ἦν
616 1972 645 2022 6
677 1969 744 2022 τά
771 1971 950 2024 πάντα
984 1970 1358 2040 ἐργασάμενος
1377 2011 1391 2034 ,
1419 1974 1447 2024 6
1473 1974 1566 2024 καὶ
1598 1973 1654 2024 ἐν
1686 1973 1913 2043 ἀπόροις

228 2057 397 2126 πόρον
424 2055 619 2119 διδοὺς,
666 2055 761 2108 καὶ
804 2055 874 2107 τά
917 2055 1217 2124 πράγματα
1264 2054 1323 2118 ἐξ
1355 2055 1799 2126 ἀπεγνωσμένων
1834 2059 1914 2120 είς

226 2138 420 2192 ἐλπίδα
448 2136 692 2208 χρηστὴν
719 2135 875 2204 ἄγειν
917 2136 1006 2190 ἀεὶ
1044 2135 1362 2207 δυνάμενος.
1396 2138 1506 2191 Καὶ
1545 2137 1663 2192 νῦν
1696 2138 1828 2192 ὶδοὺ
1873 2139 1911 2207 ἡ

227 2222 383 2291 γυνή
417 2235 538 2274 σου
557 2220 840 2273 ἐναντίον
873 2233 1012 2273 σου·
1050 2218 1256 2273 λαϐὼν
1279 2220 1594 2288 ἀπότρεχε.
1628 2220 1722 2291 Μὴ
1759 2221 1912 2291 νομί-

229 2315 350 2374 σῃς,
392 2305 580 2372 φησὶν,
623 2301 917 2371 ἠδικῆσθαί
957 2319 1017 2355 σε
1069 2301 1199 2370 παρ’
1247 2303 1428 2372 ήμῶν.
1466 2303 1529 2355 Εί
1576 2303 1684 2374 γὰρ
1729 2304 1825 2357 καὶ
1854 2305 1914 2368 ἐξ

226 2385 453 2453 ἀγνοίας
485 2385 556 2436 τὰ
587 2383 688 2453 τῆς
723 2384 1119 2454 ἐπιχειρήσεως
1164 2386 1297 2454 ἡμῖν
1346 2384 1590 2452 γέγονεν,
1635 2386 1750 2438 ἀλλ’
1799 2386 1910 2440 ίδού

227 2472 322 2525 νῦν
354 2471 620 2541 εγνωμεν,
658 2465 770 2523 οἷον
805 2471 948 2540 ἔχεις
980 2472 1313 2542 προστάτηνο
1348 2473 1442 2526 καὶ
1474 2475 1508 2543 ἡ
1537 2473 1914 2546 ἀγανάκτησις

223 2559 258 2625 ἡ
287 2555 407 2608 καθ’
433 2553 591 2624 ἡμῶν
619 2553 886 2622 γενομένη
933 2553 1192 2618 ἐδίδαξεν
1213 2556 1365 2624 ἡμᾶς
1384 2594 1398 2618 ,
1436 2555 1569 2625 ὅσης
1616 2555 1912 2618 ἀπολαύεις

226 2636 378 2708 παρά
413 2635 508 2689 τοῦ
543 2635 652 2689 τῶν
689 2636 946 2688 ἀπάντων
990 2635 1126 2688 Θεοῦ
1165 2637 1263 2707 τῆς
1307 2638 1540 2702 εὐνοίας.
1583 2637 1780 2691 Λαϐὼν
1815 2633 1910 2691 οῦν

177 2727 180 2729 “
225 2723 323 2790 τὴν
361 2720 597 2786 γυναῖκά
620 2734 715 2770 σου
743 2717 1034 2788 ἀπότρεχε.
1067 2718 1300 2788 Φοϐερὸς
1333 2720 1518 2773 λοιπὸν
1556 2717 1623 2791 ἦν
1658 2721 1843 2784 αὐτοῖς
1881 2721 1910 2772 6

219 2804 453 2867 δίκαιος,
491 2801 558 2854 δι’
609 2799 638 2854 δ
691 2802 786 2853 καὶ
842 2801 980 2870 μετὰ
1033 2800 1235 2870 πολλῆς
1267 2802 1366 2872 τῆς
1400 2801 1697 2873 θεραπείας
1746 2803 1910 2856 αὐτὸν

227 2885 551 2954 προπέμψαι
581 2884 915 2951 ἐπείγονται,
965 2883 1055 2936 διὰ
1102 2884 1213 2937 τῶν
1261 2887 1339 2949 είς
1398 2886 1558 2940 αὐτὸν
1609 2887 1911 2958 γινομένων

226 2970 316 3022 τὸν
349 2967 516 3022 αὐτοῦ
544 2967 823 3036 Δεσπότην
855 2965 1357 3038 ἐξευμενιζόμενοι.

293 3069 364 3132 η’.
397 3057 570 3123 Εἶδες,
601 3060 876 3130 άγαπητέ,
902 3063 1026 3113 ὅσον
1050 3062 1197 3114 ἐστὶν
1221 3063 1469 3133 ὑπομονὴ
1491 3064 1585 3116 καὶ
1605 3065 1904 3136 καρτερία;

235 3143 500 3196 Ἑνταῦθά
535 3159 625 3212 μοι
653 3143 1077 3213 άναμιμνήσκου
1108 3143 1215 3196 τῶν
1242 3147 1503 3215 ῥημάτων
1535 3147 1784 3212 ἐκείνων,
1808 3141 1906 3214 ὦν,

220 3229 297 3280 ὅτ’
350 3224 578 3295 ἔμελλον
633 3224 968 3297 πλησιάζειν,
1005 3229 1070 3297 τῇ
1127 3227 1421 3297 Αἰγύπτῳ,
1479 3229 1508 3280 6
1559 3231 1908 3300 πατριάρχης

219 3310 393 3378 ἔλεγε·
436 3307 723 3362 Γινώσκω
752 3308 843 3361 ὅτι
871 3308 1025 3377 γυνὴ
1053 3311 1447 3376 εὐπρόσωπος
1471 3306 1543 3364 εἴ·
1567 3312 1738 3366 ἐσται
1769 3309 1904 3376 οὖν,

217 3394 296 3460 ὡς
323 3393 400 3446 ἂν
433 3392 608 3443 ἴδωσί
631 3405 705 3443 σε
739 3393 794 3444 οί
833 3391 1164 3459 Αἰγύπτιοι,
1202 3392 1308 3460 ἐμὲ
1352 3393 1780 3460 ἀποκτενοῦσι,
1833 3396 1908 3448 σὲ

216 3476 287 3530 δὲ
321 3474 836 3542 περιποιήσονται.
883 3473 1095 3526 Ἐκεῖνα
1128 3474 1308 3526 τοίνυν
1356 3476 1414 3527 ἐν
1464 3476 1673 3547 διανοίᾳ
1724 3477 1905 3530 λαϐὼν

221 3559 412 3612 σκόπει
443 3558 513 3610 τά
548 3556 643 3608 νῦν
681 3556 966 3626 γινόμενα,
996 3556 1092 3610 καὶ
1136 3555 1384 3628 θαύμαζε
1423 3557 1517 3610 καὶ
1557 3557 1650 3611 τοῦ
1693 3559 1902 3614 δικαίου

218 3642 316 3713 τὴν
356 3638 654 3710 ὑπομονὴν,
687 3639 781 3691 καὶ
812 3638 905 3692 τοῦ
937 3638 1326 3710 φιλανθρώπου
1356 3639 1491 3692 Θεοῦ
1513 3640 1611 3711 τὴν
1642 3641 1900 3712 δύναμιν,

220 3725 340 3795 μεθ’
369 3725 502 3793 ὅσης
555 3721 712 3791 δόξης
741 3721 1060 3776 ἐπανελθεῖν
1095 3723 1509 3793 παρασκευάζει
1531 3724 1622 3776 τὸν
1656 3724 1864 3778 δίκαιον
1886 3769 1900 3793 ,

217 3807 309 3859 τὸν
353 3806 490 3876 μετά
518 3805 772 3858 τοσούτου
818 3805 986 3873 φόϐου
1036 3805 1132 3858 καὶ
1176 3805 1324 3868 δέους
1377 3805 1620 3860 ἐλθόντα.
1671 3809 1776 3861 Καὶ
1806 3810 1904 3862 ὲν-

219 3890 508 3948 ετείλατο,
526 3888 680 3957 φησὶ,
705 3887 915 3955 Φαραὼ
931 3886 1189 3955 ἀνδράσι
1214 3887 1346 3954 περὶ
1371 3888 1606 3958 Ἀϐραμ,
1633 3904 1904 3959 συμπρο-

216 3972 448 4040 πέμψαι
474 3972 662 4026 αὐτὸν
707 3972 804 4025 καί
849 3971 963 4039 τὴν
1008 3970 1264 4039 γυναῖκα
1293 3971 1516 4035 αὑτοῦ,
1562 3973 1659 4026 καὶ
1705 3973 1902 4027 πάντα

214 4055 333 4108 ὅσα
355 4049 435 4121 ἦν
453 4053 633 4118 αὐτῷ,
661 4054 758 4106 καί
805 4051 932 4106 τὸν.
964 4052 1097 4106 Λὼτ
1137 4053 1265 4122 μετ’
1289 4053 1497 4108 αὐτοῦ.
1547 4056 1699 4110 Μετά
1739 4074 1900 4127 περι-

215 4136 444 4205 φανείας
477 4135 659 4188 λοιπὸν
695 4135 912 4206 ἀπάσης
949 4135 977 4187 ό
1009 4135 1217 4199 δίκαιος
1260 4137 1508 4190 ἐπάνεισι
1547 4139 1640 4193 καὶ
1683 4157 1902 4210 περιου-

215 4219 339 4279 σίας
367 4217 588 4287 πολλῆς,
635 4219 730 4271 καὶ
771 4219 982 4286 γίνεται
1036 4218 1098 4271 οὐ
1158 4219 1318 4288 μόνον
1364 4219 1473 4274 τῶν
1527 4223 1585 4274 ἐν
1637 4224 1901 4295 Αἰγύπτῳ

209 4300 535 4365 διδάσκαλος
567 4301 656 4354 διὰ
687 4301 792 4355 τῶν
816 4301 1265 4372 συμϐεϐηκότων,
1297 4303 1435 4357 ἀλλά
1481 4305 1576 4358 καὶ
1609 4309 1721 4368 τοῖς
1758 4310 1900 4363 κατὰ

211 4381 310 4451 τὴν
342 4382 462 4435 ὁδὸν
491 4383 685 4449 ἅπασι,
717 4383 812 4436 καὶ
840 4387 952 4446 τοῖς
985 4385 1066 4448 είς
1099 4385 1202 4456 τὴν
1237 4386 1603 4457 Παλαιστίνην
1632 4389 1896 4443 οἰκοῦσιν.

211 4468 272 4518 υἱ
302 4465 415 4535 7&9
446 4465 647 4526 ίδόντες
679 4466 862 4529 αὐτὸν,
908 4466 1069 4536 ἡνίκα
1102 4467 1298 4538 κατῄει
1335 4469 1426 4522 διὰ
1451 4469 1550 4539 τὴν
1594 4471 1688 4524 τοῦ
1735 4471 1897 4543 λιμοῦ

208 4554 482 4623 ἀνάγκην,
537 4554 674 4622 μετά
713 4552 878 4621 φόϐου
927 4553 1021 4607 καὶ⁵
1071 4554 1278 4624 τρόμου
1335 4557 1616 4617 κατιόντα,
1668 4561 1763 4613 καὶ
1804 4561 1899 4614 νῦν

213 4636 377 4688 πάλιν
395 4636 455 4687 ἐν
481 4635 719 4706 τοσαύτῃ
750 4637 1080 4708 περιφανείᾳ
1107 4639 1200 4690 καὶ
1229 4643 1518 4712 περιουσίᾳ
1541 4644 1636 4694 καὶ
1660 4643 1894 4715 πλούτῳ,

209 4718 518 4789 ἐμάνθανον
543 4717 642 4787 τῆς
670 4721 799 4788 περὶ
838 4720 997 4772 αὐτὸν
1024 4720 1118 4773 τοῦ
1149 4722 1284 4774 Θεοῦ
1322 4725 1578 4791 προνοίας
1609 4726 1706 4796 τὴν
1735 4727 1897 4780 δύναι-

213 4821 326 4873 μιν.
365 4802 462 4864 Τίς
490 4797 595 4855 εῖδέ
624 4819 791 4868 ποτες
819 4803 898 4866 τίς
937 4805 1206 4874 ἦκουσεν;
1251 4808 1487 4877 Ἀπῆλθε
1525 4809 1686 4880 λιμοῦ
1721 4829 1898 4881 παρα-

214 4886 416 4955 μυθίαν
432 4886 716 4958 εῦρασθαι”
733 4889 828 4940 καὶ
849 4887 1078 4941 πλοῦτον
1102 4890 1613 4962 περιϐα).[λ]όμενος
1632 4895 1896 4959 καὶδόξαν

212 4967 454 5036 ἄφατον,
517 4969 689 5033 οὕτως
723 4969 1103 5041 ἐπανέρχεται.
1141 4971 1233 5042 Μὴ
1285 4973 1531 5048 ξενισθῇς
1554 5019 1566 5039 ,
1606 4978 1859 5048 ἀγαπητὲ
1882 5020 1894 5040 ,

217 5051 354 5121 μηδέ
380 5050 534 5122 [529]
567 5051 858 5125 θαυμάσῃς
889 5055 981 5106 ἐπὶ
1031 5052 1110 5124 τῷ
1141 5045 1408 5123 γεγονότι·
1456 5059 1658 5127 μᾶλλον
1701 5061 1758 5114 δὲ
1784 5045 1896 5114 καὶ

213 5134 519 5207 θαύμασον.
554 5135 648 5187 καὶ
680 5136 1009 5207 ἐκπλάγηθι,
1047 5137 1142 5190 καὶ
1174 5138 1364 5202 δόξαζε
1410 5140 1504 5192 τοῦ
1542 5143 1721 5196 κοινοῦ
1760 5147 1895 5198 πάν-

214 5235 325 5273 των
356 5217 515 5287 ἡμῶν
543 5219 816 5272 Δεσπότου
846 5221 944 5290 τὴν
975 5221 1227 5293 δύναμιν.
1256 5225 1363 5276 Καὶ
1385 5225 1486 5296 ὅρα
1515 5226 1609 5279 καὶ
1630 5231 1752 5291 τοὺς
1776 5230 1897 5283 τού-

213 5318 310 5358 ⁴που
346 5300 666 5368 ἀπογόνους,
705 5303 847 5356 κατά
879 5303 968 5356 τὸν
1022 5306 1185 5359 αὐτὸν
1220 5308 1422 5378 τρόπον
1474 5311 1758 5375 κατιόντας
1797 5316 1897 5384 μὲν

213 5388 297 5450 είς
325 5387 598 5462 Αἴγυπτον
629 5386 789 5440 πάλιν
821 5387 911 5440 διὰ
941 5388 1040 5458 τὴν
1085 5389 1332 5461 ἀνάγκην
1362 5392 1454 5444 τοῦ
1487 5393 1668 5465 λιμοῦ,
1711 5403 1894 5450 κακεῖ-

214 5467 309 5522 θεν
338 5469 519 5528 πάλιν.
548 5468 685 5538 μετά
718 5469 917 5540 πυλλὴν
946 5469 1191 5524 δουλείαν
1224 5477 1317 5526 καὶ
1342 5476 1741 5548 ταλαιπωρίαν,
1770 5484 1890 5550 μετ’

213 5553 476 5622 εὐπορίας
501 5553 769 5614 ἀνιόντας.
799 5553 1052 5607 Τοιοῦτον
1084 5555 1195 5627 γάρ
1228 5557 1537 5629 εὐμήχανος
1568 5563 1596 5613 6
1619 5563 1894 5632 Δεσπότης

213 5636 242 5688 6
276 5633 563 5705 ἡμέτερος.
601 5637 773 5688 Ὅταν
808 5639 1139 5708 συγχωρήσῃ
1173 5641 1560 5710 κορυφωθῆναι
1608 5643 1677 5697 τά
1722 5645 1893 5710 δεινὰ,

214 5719 338 5770 τότε
366 5716 530 5771 πάλιν
545 5718 902 5782 διασκεδάσας
915 5718 1007 5771 τὸν
1034 5721 1300 5790 χειμῶνα,
1325 5724 1896 5797 γαλήνηνέργάζεται,

221 5803 312 5854 δαὶ
351 5801 550 5869 πολλὴν
583 5802 690 5854 τῶν
738 5802 1080 5873 πραγμάτιον
1129 5805 1224 5876 τὴν
1254 5807 1572 5879 μεταϐολὴν,
1627 5810 1893 5865 διδάσκων

2030 646 2235 709 αὐτοῦ,
2256 646 2352 700 καί
2379 645 2508 700 Λὼτ
2525 646 2654 714 μετ’
2681 645 2891 707 αὐτοῦ,
2918 647 3006 710 είς
3022 644 3140 713 τὴν
3165 644 3413 713 ἔρημον.
3433 645 3724 714 Εὐκαίρως

2027 731 2092 784 ἄν
2109 747 2190 793 τις
2221 728 2483 799 ἁρμόσειε
2502 726 2579 798 τῷ
2605 727 2798 798 δικαίῳ
2817 727 2994 798 τούτῳ
3013 729 3198 780 ἐκεῖνα
3216 726 3284 780 τά
3307 728 3554 797 ῥήματα,
3577 727 3722 797 ἄπερ

2025 816 2061 866 6'
2084 813 2354 883 μακάριος
2379 809 2543 863 Δαυῖδ
2565 813 2678 872 τοῖς
2698 810 2806 863 ἀπὸ
2824 810 2925 881 τῆς
2948 813 3006 864 ἐν
3035 809 3317 864 Βαϐυλῶνι
3338 811 3724 881 αἰχμαλωσίας

2025 895 2414 950 ἐπανελθοῦσιν
2441 893 2647 960 ἔλεγεν⁹
2669 896 2735 946 Ol
2767 894 3126 961 σπείροντες
3161 894 3232 948 ἐν
3263 893 3602 962 δάκρυσιν,
3650 893 3724 946 ἐν

2024 976 2384 1043 ἀγαλλιάσει
2437 975 2722 1044 θεριοῦσι.
2753 977 3152 1046 Πορευόμενοι
3188 977 3575 1044 ἐπορεύοντο,
3619 978 3720 1031 καὶ

2024 1061 2279 1114 ἔκλαιον
2297 1057 2647 1124 βάλλοντες
2676 1058 2749 1111 τὰ
2777 1056 3094 1128 σπέρματα
3118 1057 3338 1113 αὐτῶν.
3371 1059 3723 1128 Ἐρχόμενοι

2023 1140 2092 1194 δὲ
2119 1141 2384 1210 ἥξουσιν
2417 1141 2485 1194 ὲν
2520 1139 2916 1210 ἀγαλλιάσει,
2965 1142 3240 1209 αἴροντες
3287 1141 3361 1197 τὰ
3409 1141 3720 1213 δράγματα

2021 1221 2242 1279 αὐτῶν.
2261 1220 2416 1288 Εἶδες
2437 1223 2665 1278 κάθοδον
2691 1223 2903 1292 ἀγῶνος
2940 1223 3036 1277 καὶ
3066 1223 3221 1288 δέους
3249 1226 3719 1298 πεπληρωμένην,

2024 1308 2118 1362 καὶ
2153 1309 2280 1380 περὶ
2311 1308 2479 1362 αὐτοῦ
2510 1306 2606 1362 τοῦ
2639 1306 2873 1361 θανάτου
2903 1307 2994 1359 τὸν
3029 1307 3195 1376 φόϐον
3247 1307 3479 1379 ἐχουσαν
3509 1311 3721 1364 ἐπικεί-

2025 1390 2383 1463 μενον;”ορα
2416 1391 2580 1445 πάλιν
2603 1391 2788 1445 ἄνοδον
2805 1391 3167 1460 περιφανείας
3201 1391 3408 1462 πολλῆς
3441 1393 3719 1462 γέμουσαν

2022 1473 2115 1527 καὶ
2139 1474 2544 1546 λαμπρότητος.
2559 1474 2702 1526 nam
2723 1472 2830 1542 γὰρ
2851 1471 3037 1526 λοιπὸν
3063 1473 3343 1544 αἰδέσιμος
3360 1470 3430 1545 ἦν
3446 1476 3474 1527 6
3488 1475 3716 1539 δίκαιος,

2020 1557 2246 1620 καὶτοῖς
2280 1558 2338 1612 ἐν
2358 1556 2641 1626 Αἰγύπτῳ,
2660 1559 2753 1608 καὶ
2777 1557 2888 1618 τοῖς
2926 1558 2984 1608 ἐν
3003 1555 3358 1629 Παλαιστίνῃ.
3375 1557 3472 1620 Τίς
3490 1558 3598 1629 γὰρ
3621 1559 3720 1610 οὐκ

2019 1638 2087 1692 ἂν
2106 1638 2306 1710 ᾐδέσθη
2324 1638 2414 1692 τὸν
2429 1639 2603 1702 οὕτως
2624 1638 2728 1691 ὐπὸ
2745 1636 2840 1690 τοῦ
2861 1636 2997 1690 Θεοῦ
3021 1638 3455 1709 φρουρούμενον,
3481 1642 3574 1692 καὶ
3595 1659 3722 1694 τοσ-

2018 1721 2192 1794 αύτης
2227 1722 2548 1794 ἀξιούμενον
2581 1721 2875 1795 προνοίας;
2913 1718 3125 1775 Οὐδένα
3157 1720 3268 1792 γὰρ
3301 1721 3431 1786 ἴσως
3464 1723 3618 1776 ἔλαθε
3651 1725 3721 1777 τὰ

2020 1807 2100 1869 εἰς
2115 1806 2207 1859 τὸν
2239 1805 2466 1876 βασιλέα
2485 1805 2769 1874 γεγονότα,
2789 1803 2990 1857 καὶτὸν
3020 1799 3169 1857 οἷκον
3191 1804 3379 1858 αὐτοῦ.
3402 1805 3587 1858 Πάντα
3609 1809 3681 1874 γά
3689 1827 3720 1877 ρ

2017 1887 2106 1942 διά
2133 1889 2290 1943 τοῦτο
2328 1888 2713 1960 συνεχωρήθη,
2766 1889 2860 1941 καὶ
2909 1886 2997 1940 διά
3045 1887 3204 1946 τοῦτο
3249 1890 3412 1958 μέχρι
3465 1891 3720 1944 τοσούτου

2019 1972 2262 2045 προῆλθε
2284 1973 2353 2026 τά
2379 1973 2488 2026 τῶν
2521 1971 2846 2044 πειρασμῶν
2880 1969 2958 2042 τῷ
2991 1971 3210 2043 δικαίῳ,
3237 1972 3327 2025 ἵνα
3354 1973 3448 2025 καὶ
3488 1974 3656 2028 αὐτοῦ
3685 1981 3716 2044 ἡ

2019 2056 2264 2126 ὑπομονὴ
2295 2056 2655 2128 λαμπροτέρα
2694 2055 2942 2126 γένηται,
2990 2055 3087 2108 καὶ
3137 2053 3209 2107 τά
3258 2056 3391 2126 παρ’
3434 2056 3603 2109 αὐτοῦ
3640 2060 3719 2121 είς

2017 2138 2235 2193 ἃπασαν
2273 2138 2528 2210 ἐξενεχθῇ
2563 2137 2660 2210 τὴν
2699 2138 3059 2209 οἰκουμένην,
3107 2139 3204 2193 καὶ
3249 2140 3441 2210 μηδεὶς
3489 2141 3721 2204 ἀνήκοος

2016 2220 2248 2291 γένηται
2281 2223 2381 2292 τῆς
2412 2222 2616 2291 ἀρετῆς
2643 2220 2739 2274 τοῦ
2774 2220 3008 2274 δικαίου.

2086 2302 2154 2358 θ’.
2186 2303 2392 2369 Εἵδετε,
2430 2305 2729 2373 ἀγαπητοὶ,
2757 2305 2877 2358 ὅσον
2911 2303 3020 2355 τῶν
3053 2301 3381 2374 πειρασμῶν
3402 2302 3464 2356 τὸ
3487 2303 3717 2374 κέρδος;

2016 2386 2186 2440 εῖδετε
2219 2387 2317 2458 ὅση
2349 2390 2449 2459 τῆς
2486 2387 2767 2458 ὑπομονῆς
2804 2389 2838 2458 ἡ
2885 2387 3088 2458 ἀμοιϐή
3116 2404 3130 2452 ;
3161 2387 3332 2440 εῖδετε
3373 2389 3468 2442 καὶ
3504 2389 3675 2461 ἄνδρα
3702 2431 3716 2452 ,

2015 2470 2113 2524 καὶ
2159 2473 2415 2540 γυναῖκα,
2473 2471 2567 2524 καὶ
2619 2471 2873 2541 γέροντα,
2939 2471 3033 2524 καὶ
3083 2471 3498 2543 προϐεϐηκυῖαν
3521 2514 3533 2537 ,
3584 2475 3718 2543 ὅσην

2014 2551 2359 2617 ἐπεδείξαντο
2401 2553 2500 2622 τὴν
2535 2553 2884 2622 φιλοσοφίαν,
2941 2549 3075 2626 ὅσην
3111 2555 3212 2627 τὴν
3262 2556 3542 2626 ἀνδρείαν,
3585 2557 3720 2628 ὅσην

2012 2636 2115 2705 τὴν
2177 2637 2307 2705 περὶ
2364 2635 2634 2706 ἀλλήλους
2689 2637 3100 2708 φιλοστοργίαν,
3149 2639 3283 2708 ὅσην
3335 2638 3437 2708 τῆς
3491 2639 3718 2710 ἀγάπης

2013 2717 2104 2770 τὸν
2171 2720 2504 2788 σύνδεσμον;
2569 2719 2775 2772 Τοῦτον
2831 2721 3076 2785 ἅπαντες
3139 2721 3562 2793 μιμησώμεθα,
3623 2725 3717 2777 καὶ

2017 2799 2288 2869 μηδέποτε
2341 2800 2702 2871 ἀσχάλλωμεν
2729 2843 2743 2868 ,
2811 2802 2948 2874 μηδὲ
3008 2791 3324 2874 νομίζωμεν
3385 2791 3712 2872 ἐγκαταλεί-

2011 2880 2158 2949 ψεως
2189 2878 2332 2936 εἶναι
2372 2882 2467 2935 τοῦ
2507 2881 2645 2936 Θεοῦ
2698 2883 2793 2936 καὶ
2843 2885 2939 2937 τοῦ
2987 2884 3354 2956 περιορᾶσθαι
3411 2888 3717 2958 τεκμήριον

2011 2963 2109 3033 τὴν
2149 2964 2257 3017 τῶν
2298 2965 2622 3036 πειρασμῶν
2669 2967 2994 3036 ἐπαγωγὴν,
3048 2965 3187 3020 ἀλλά
3237 2966 3400 3020 τοῦτο
3455 2968 3716 3039 μέγιστον

2013 3043 2296 3115 ποιώμεθα
2333 3046 2532 3116 μᾶλλον
2559 3047 2760 3116 δεῖγμα
2791 3049 2887 3119 τῆς
2912 3049 3043 3118 περὶ
3065 3050 3217 3119 ἡμᾶς
3249 3049 3346 3102 τοῦ
3380 3049 3518 3104 Θεοῦ
3555 3050 3713 3121 κηδε-

2015 3133 2226 3202 μονίας.
2264 3133 2364 3186 ’Δν
2417 3149 2477 3185 τε
2534 3133 2643 3204 7&9
2672 3135 3092 3205 ἁμαρτημάτων
3127 3135 3342 3206 ἔχωμεν
3388 3137 3714 3208 ἐπικείμενα

2010 3222 2143 3290 ἡμῖν
2170 3219 2394 3290 φορτία,
2427 3218 2794 3291 δυνησόμεθα.
2828 3221 3030 3292 πολλὴν
3055 3221 3154 3293 τὴν
3183 3224 3464 3293 ὑπομονὴν
3493 3224 3588 3278 καὶ
3615 3225 3713 3287 τὴν

2010 3307 2361 3378 εὐχαριστίαν
2379 3308 2803 3378 ἐπιδειξάμενοι,
2821 3310 3132 3380 κουφότερα
3148 3310 3326 3364 ταῦτα
3347 3313 3707 3382 ἐργάσασθαισ

2011 3395 2074 3448 ἄν
2112 3411 2171 3448 τε
2210 3395 2286 3466 μὴ
2317 3394 2490 3448 πολλὰ
2521 3395 2734 3465 ἔχωμεν
2785 3397 3186 3476 ἁμαρτήμαπ,
3231 3397 3397 3452 πάλιν
3431 3401 3525 3452 καὶ
3570 3401 3717 3452 οὓτω

2010 3481 2252 3546 πλείονος
2278 3481 2662 3553 ἀπολαύσομεν
2680 3483 2780 3552 τῆς
2807 3482 3014 3536 ἄνωθεν
3036 3483 3270 3549 εὐνοίας,
3293 3487 3343 3538 εί
3367 3487 3706 3558 εὐχαρίστως

2008 3569 2348 3646 ἐνέγκοιμεν.
2385 3569 2670 3640 Φιλότιμος
2707 3569 2815 3640 γὰρ
2850 3569 2924 3623 ὢν
2954 3571 2981 3623 6
3016 3571 3299 3642 Δεσπότης
3343 3574 3372 3626 6
3416 3575 3707 3643 ἡμέτερος,

2007 3659 2102 3711 καὶ
2135 3657 2236 3727 τῆς
2260 3656 2537 3728 ἡμετέρας
2567 3656 2865 3726 κηδόμενος
2893 3658 3193 3727 σωτηρίας,
3229 3659 3318 3712 διὰ
3349 3660 3508 3713 τοῦτο
3540 3664 3709 3715 καῦσι-

2007 3763 2112 3816 περ
2139 3744 2441 3814 γυμνάσιόν
2491 3761 2544 3796 τι
2599 3744 2694 3797 καὶ
2739 3745 2961 3812 ἀγῶνας
3013 3745 3337 3818 προτίθησιν
3395 3749 3527 3819 ἡμῖν
3587 3751 3708 3802 ἀντὶ

2008 3833 2351 3903 σκαμμάτων
2393 3831 2653 3896 πολλάκις
2705 3831 2807 3903 τὴν
2843 3832 2955 3885 τῶν
3001 3834 3332 3905 πειρασμῶν
3383 3838 3705 3906 ἐπαγωγὴν,

2005 3921 2096 3974 ἴνα
2123 3921 2191 3974 τὰ
2219 3921 2350 3991 παρ’
2396 3921 2605 3974 ἑαυτῶν
2635 3921 2730 3973 καὶ
2770 3923 2934 3990 ἡμεῖς
2988 3921 3416 3993 ἐπιδειξάμενοι,
3449 3925 3706 3994 δαψιλοῦς

2005 4010 2404 4080 ἀπολαύσωμεν
2437 4013 2537 4080 τῆς
2583 4011 2714 4082 παρ’
2759 4008 2928 4062 αὐτοῦ
2979 4011 3261 4081 προνοίας.
3295 4012 3474 4082 Ὅπερ
3507 4015 3704 4077 εἰδότες

2008 4099 2084 4170 μὴ
2116 4100 2408 4170 ναρκῶμεν
2438 4100 2495 4151 ἐν
2523 4102 2631 4160 τοῖς
2674 4101 3004 4168 πειρασμοῖς
3031 4141 3044 4159 ,
3083 4099 3220 4168 μηδὲ
3255 4099 3702 4170 δυσχεραίνωμεν

2004 4188 2062 4239 ἐν
2078 4190 2198 4250 ταῖς
2215 4187 2481 4255 θλίψεσιν,
2515 4186 2653 4239 ἀλλά
2684 4188 2778 4239 καὶ
2808 4187 3113 4256 χαίρωμεν,
3145 4188 3286 4240 κατά
3316 4187 3408 4240 τὸν
3434 4190 3705 4258 μακάριον

2006 4276 2217 4330 Παῦλον
2240 4294 2253 4308 ο
2295 4277 2427 4330 Νῦν
2457 4279 2585 4349 γὰρ,
2616 4279 2771 4348 φησὶ,
2807 4277 2994 4346 χαίρω
3023 4277 3093 4329 ἐν
3123 4275 3252 4337 ταῖς
3279 4278 3532 4344 θλίψεσί
3549 4276 3704 4349 [350}

1997 4382 2138 4433 μου.
2177 4359 2330 4428 Εἶδες
2365 4365 2543 4436 ψυχὴν
2583 4364 2904 4434 εὐγνώμονα
2932 4380 2946 4428 ;
2977 4365 3041 4416 Et
3069 4364 3179 4435 7&9
3210 4365 3268 4416 ἐν
3305 4367 3427 4428 ταῖς
3458 4364 3705 4433 θλίψεσιν

2003 4453 2210 4524 ἔχαιρε,
2235 4453 2362 4505 πότε
2387 4452 2616 4523 ἠδύνατο
2646 4451 2819 4516 οὕτως
2840 4453 2898 4504 ἐν
2931 4450 3078 4524 λύπῃ
3109 4450 3366 4521 γενέσθαι
3389 4468 3403 4516 ;
3429 4453 3490 4506 EE
3513 4454 3580 4507 τὰ
3609 4454 3705 4507 ἐπὶ

2002 4540 2110 4593 τῶν
2124 4540 2300 4595 ἀλλων
2316 4539 2590 4593 λυποῦντα
2608 4540 2803 4612 ἐκείνῳ
2820 4539 3163 4610 εὐφροσύνης
3184 4538 3446 4593 ὐπόθεσιν
3468 4539 3521 4592 έτ
3533 4557 3700 4605 ικτεν,

2004 4628 2175 4681 ἐννόει
2209 4645 2299 4698 μοι
2333 4628 2433 4698 τῆς
2464 4627 2643 4698 ψυχῆς
2697 4627 2865 4682 αὐτοῦ
2918 4626 3018 4698 τὴν
3052 4627 3413 4681 κατάστασιν.
3471 4629 3582 4680 Καὶ
3615 4629 3706 4682 ἵνα

2006 4713 2184 4786 μάθῃς
2210 4716 2293 4768 ὅτι
2314 4715 2413 4785 οὐχ
2451 4711 2562 4766 οἶόν
2595 4731 2654 4767 τε
2707 4715 2910 4785 ἑτέρως
2942 4713 3053 4766 τῶν
3107 4712 3538 4784 ἐπηγγελμένων
3571 4717 3702 4785 ἡμῖν

2002 4802 2223 4871 ἀγαθῶν
2251 4805 2552 4872 ἐπιτυχεῖν,
2578 4804 2672 4855 καὶ
2691 4802 2791 4872 τῆς
2814 4801 2922 4854 τῶν
2949 4800 3198 4872 οὐρανῶν
3231 4800 3508 4871 βασιλείας
3539 4801 3704 4868 ἀξιω-

2001 4891 2184 4963 θῆναι,
2216 4893 2264 4945 εί
2297 4892 2372 4963 μὴ
2395 4891 2484 4945 διὰ
2514 4891 2749 4961 θλίψεως
2779 4889 3102 4959 όδεύσαιμεν
3155 4888 3245 4942 τὸν
3273 4889 3521 4960 παρόντα
3557 4889 3697 4960 βίον,

2000 4981 2165 5033 ἄκουε
2187 4980 2295 5033 τῶν
2319 4979 2637 5034 ἀποστόλων
2662 4979 2932 5047 λεγόντων
2962 4977 3101 5048 πρὸς
3131 4977 3259 5041 τοὺς
3277 4977 3403 5049 ἄρτι
3428 4979 3495 5048 τῇ
3517 4977 3700 5032 πίστει

2002 5070 2364 5138 προσιόντας·
2409 5069 2511 5123 Καὶ
2563 5067 3056 5137 μαθητεύσαντες
3087 5106 3101 5128 ,
3139 5065 3306 5136 φησὶν
3342 5106 3356 5129 ,
3419 5066 3695 5132 ἱκανοὺς,

2005 5150 2402 5221 ὑπέστρεψαν
2437 5156 2522 5218 είς
2554 5153 2859 5219 Λύστραν,
2891 5150 2988 5203 καὶ
3033 5150 3309 5213 Ἰκόνιον,
3335 5149 3433 5202 καί
3480 5151 3696 5221 Ἀντιόο

2005 5168 2402 5221 υπεστρεψαν
2437 5168 2522 5218 εις
2554 5168 2859 5219 Λυστραν,
2891 5168 2988 5203 και
3039 5168 3309 5213 νικονιον,
3335 5168 3433 5202 και
3487 5168 3694 5288 Αντιο-

2002 5252 2193 5303 χειαν,
2232 5233 2714 5303 ἐπιστηρίζοντες
2736 5234 2843 5298 τὰς
2873 5231 3081 5301 ψυχὰς
3103 5230 3222 5285 τῶν
3248 5231 3556 5301 μαθητῶν,
3637 5235 3694 5287 at

2002 5320 2501 5386 παρακαλοῦντες
2520 5317 2798 5385 ἐμμένειν
2826 5315 2900 5384 τῇ
2931 5318 3153 5380 πίστει,
3183 5317 3279 5370 καί
3311 5316 3400 5368 ὅτι
3429 5316 3528 5369 διὰ
3555 5320 3698 5370 πολ·-

2001 5401 2129 5456 λῶν
2157 5405 2426 5471 θλίψεων
2452 5402 2541 5456 δεῖ
2570 5399 2729 5471 ἡμᾶς
2754 5399 3056 5454 εἰσελθεῖν
3101 5401 3188 5466 εὶς
3226 5398 3342 5467 τὴν
3365 5400 3713 5465 βασιλείαν,

2001 5485 2119 5539 τῶν
2139 5485 2433 5555 οὐρανῶν.
2463 5485 2602 5539 Ποία
2630 5480 2723 5538 οῦν
2746 5483 3011 5551 ἀπολογία
3040 5481 3188 5536 ἔσται
3215 5485 3366 5552 ἡμῖν,
3401 5483 3475 5555 μὴ
3503 5481 3694 5552 βουλομ

2003 5568 2187 5637 μένοις
2232 5569 2496 5638 γενναίως
2543 5567 2639 5622 καὶ
2687 5565 2948 5636 ἀνδρείως
3007 5565 3102 5618 καὶ
3141 5563 3480 5635 εὐχαρίστως
3512 5563 3693 5617 πάντα

1999 5649 2282 5721 φέρειντά
2313 5650 2652 5720 ἐπαγόμενα,
2702 5649 2832 5702 ὅταν
2887 5648 3108 5717 ῖδωμεν,
3162 5647 3245 5700 ὅτι
3295 5645 3419 5700 οὐδὲ
3470 5646 3692 5701 δυνατὸν

1999 5734 2202 5803 ἑτέρως
2233 5736 2383 5805 ἡμᾶς
2412 5735 2511 5805 τῆς
2537 5733 2809 5803 σωτηρίας
2841 5733 3139 5800 ἐπιτυχεῖν,
3180 5731 3254 5802 μὴ
3305 5731 3510 5803 ταύτην
3544 5732 3693 5786 6636—

2006 5833 2201 5878 πάντας·
2231 5816 2329 5888 τὴν
2362 5817 2515 5881 όδόνς
2550 5816 2677 5869 ’Ὁτι
2707 5816 2815 5886 γὰρ
2847 5815 3000 5868 οὐδὲν
3018 5813 3166 5880 ξένον
3189 5817 3278 5868 καὶ
3307 5815 3492 5869 καινὸν
3518 5814 3692 5877 οὐδεὶς
