4058 6384
236 359 343 417 103

237 476 431 543 sequi,
480 474 583 528 nisi
623 472 722 527 hac
766 469 1141 526 lncesserimus
1178 467 1304 520 via?
1330 464 1483 532 Quod
1511 467 1653 520 enim
1694 463 1827 517 nihil

242 565 477 619 insolens
502 572 593 617 aut
616 576 809 616 novum
835 561 906 615 sit
932 575 1117 630 passus
1144 558 1410 627 jnstorum
1436 555 1597 619 ullus,
1621 555 1711 625 qui
1737 570 1833 623 per

241 653 555 709 afllictiones
577 652 831 721 transegit
848 650 986 706 hanc
1008 650 1191 710 vitam,
1216 646 1339 701 audi
1355 646 1626 701 Christum
1647 644 1830 698 dicen-

242 754 390 798 tem:
428 742 493 796 In
539 742 729 795 mundo
767 742 1081 811 amictionem
1121 738 1365 792 habebitis
1395 778 1410 801 ,
1452 736 1546 791 sed
1590 734 1831 801 conﬁdite

245 833 422 897 (Joan.
445 833 533 887 I6.
559 832 630 886 33
650 832 688 898 ).
718 831 852 886 Nam
878 844 948 884 ne
972 828 1151 884 audita
1175 828 1411 890 tristitia,
1437 840 1535 895 spe
1553 824 1825 889 excidant,

239 922 418 975 statim
446 921 688 976 ﬁduciam
714 921 793 976 eis
820 920 998 985 aﬂert,
1019 929 1071 973 et
1095 933 1248 973 suam
1275 916 1557 987 pollicetur
1578 915 1824 985 gratiam.

241 1010 349 1063 Sed
367 1011 624 1076 conﬁdite,
648 1009 815 1079 inquit
840 1025 855 1071 ;
878 1024 969 1078 ego
988 1007 1091 1061 vici
1108 1006 1373 1060 mundum.
1409 1004 1605 1068 Habes,
1635 1003 1825 1072 ittquit,

241 1114 362 1154 eum
384 1100 473 1167 qni
495 1100 662 1169 gratia
682 1099 912 1165 alleviet,
938 1097 1027 1168 qui
1050 1112 1156 1150 non
1180 1094 1459 1166 permittat
1479 1104 1531 1147 te
1557 1091 1825 1161 submergi

239 1188 307 1242 ab
336 1187 495 1242 illatis
523 1187 921 1251 tentationintts,
954 1185 1045 1257 qui
1075 1200 1197 1240 cum
1228 1183 1520 1239 tentatione
1546 1190 1602 1236 et
1623 1180 1825 1235 exitum

242 1279 475 1349 prtebeat
494 1320 509 1345 ,
535 1290 587 1333 et
615 1296 721 1334 non
752 1279 1023 1349 permittat
1050 1291 1209 1346 supra
1241 1284 1450 1331 nostras
1477 1274 1618 1329 vires
1642 1270 1826 1326 inferri

236 1370 415 1439 gravia
440 1370 461 1439 (
484 1370 533 1423 l.
562 1369 679 1424 Cor.
706 1368 793 1427 I0.
821 1369 889 1424 15
908 1370 948 1439 ).
976 1368 1114 1437 Quid
1140 1365 1410 1422 tristaris?
1434 1364 1559 1436 quid
1591 1362 1827 1419 oneres?

235 1459 361 1526 quid
392 1459 670 1530 impatiens
689 1461 787 1516 es?
806 1463 971 1531 quare
998 1468 1105 1514 tam
1130 1457 1339 1528 abiecto
1363 1457 1545 1511 animo
1568 1456 1667 1511 es?
1690 1454 1825 1510 Num

236 1551 279 1605 si
306 1566 427 1619 qua:
456 1560 633 1606 nostra
674 1561 799 1607 sunt
836 1550 1173 1606 attulerimus
1196 1591 1212 1616 ,
1243 1550 1554 1618 patientiam
1581 1548 1701 1603 dico
1728 1589 1742 1612 ,
1774 1557 1825 1603 et

238 1643 624 1711 fortitudinem,
656 1654 711 1699 et
736 1654 945 1715 gratum
974 1643 1209 1698 animum
1230 1684 1246 1709 ,
1278 1657 1378 1697 nos
1403 1642 1545 1697 sinet
1573 1641 1777 1711 despici
1803 1641 1826 1695 ἲ

236 1735 370 1789 Num
392 1735 493 1789 etsi
516 1735 809 1805 desperatae
833 1742 958 1789 sunt
986 1750 1093 1801 res,
1117 1734 1333 1789 vincere
1360 1742 1585 1803 possunt
1608 1733 1826 1802 sapien-

234 1826 360 1881 tiam
382 1826 587 1881 Domini
614 1826 818 1881 nostri?
839 1825 945 1880 Nos
965 1841 1083 1894 qua:
1106 1834 1285 1880 nostra
1308 1832 1433 1880 sunt
1453 1824 1821 1890 exhibeamus,

233 1926 287 1971 et
311 1917 575 1972 sinceram
605 1915 898 1970 habeamus
926 1914 1083 1969 ﬁdem
1110 1955 1125 1979 ,
1157 1916 1390 1969 scientes
1418 1915 1691 1968 solertiam
1718 1913 1827 1968 Tu-

234 2009 375 2063 toris
407 2008 706 2061 animarum
750 2015 1074 2060 nostrarum.
1126 2005 1190 2059 Et
1230 2004 1343 2073 ipse
1380 2018 1602 2073 prorsus
1634 2004 1826 2059 melius

234 2100 381 2153 novit
405 2113 566 2168 quam
589 2112 687 2151 nos
704 2138 719 2161 ,
745 2096 870 2165 quid
899 2096 1194 2160 conducat,
1221 2096 1311 2163 qui
1335 2096 1403 2149 ita
1434 2110 1521 2151 res
1546 2095 1825 2164 dispensa-

234 2190 312 2244 bit
335 2232 350 2254 ,
397 2198 454 2243 ut
505 2188 605 2258 ipsi
636 2187 793 2242 fuerit
822 2186 1173 2241 honoritlcum
1199 2227 1214 2250 ,
1255 2197 1309 2241 et
1338 2186 1494 2241 nobis
1521 2187 1649 2241 utile
1676 2204 1690 2239 :
1720 2202 1825 2255 quo

229 2290 285 2336 et
310 2279 578 2350 patientia:
607 2276 908 2333 mercedem
936 2276 1279 2346 accipiamus,
1306 2285 1359 2330 et
1380 2277 1498 2346 ejus
1524 2276 1825 2345 benignita-

233 2383 337 2426 tem
368 2369 728 2432 obtineamus,
756 2366 926 2438 gratia
950 2376 1004 2421 et
1024 2365 1459 2421 miserationibus
1491 2366 1699 2420 Domini
1728 2382 1827 2420 no-

229 2463 324 2517 stri
366 2462 491 2517 Jcsu
532 2459 770 2526 Christi,
797 2474 918 2514 cum
967 2472 1075 2527 quo
1117 2457 1262 2512 Patri
1310 2457 1468 2512 simul
1508 2466 1563 2511 et
1604 2457 1823 2527 Spiritui

230 2562 416 2609 sancto
442 2552 513 2607 sit
539 2551 739 2622 gloria,
770 2548 1075 2618 imperium,
1106 2547 1300 2615 honor,
1333 2562 1474 2602 nunc
1502 2556 1556 2603 et
1583 2563 1819 2617 semper,

230 2654 285 2701 et
311 2644 363 2699 in
390 2643 588 2698 saecula
615 2641 955 2697 swculorum.
988 2640 1182 2694 Amen.

740 2767 1024 2825 IIOMIIJA
1061 2766 1303 2823 XXXIII.

230 2883 419 2938 Abram
463 2890 629 2935 autem
662 2889 769 2934 erat
817 2880 953 2935 dives
988 2876 1137 2932 valde
1182 2877 1463 2945 pecoribus,
1499 2888 1546 2931 et
1588 2889 1817 2949 argento,

299 2982 348 3027 et
376 2989 523 3026 auro.
553 2970 621 3025 Et
652 2971 908 3041 profectus
950 2978 1041 3031 est,
1071 2967 1208 3020 unde
1235 2976 1458 3031 venerat,
1492 2967 1545 3019 in
1580 2969 1790 3020 solitudi
1808 2995 1821 3006 -

300 3080 416 3118 nem
442 3078 601 3131 usque
638 3060 836 3127 Bethel,
864 3074 1021 3128 usque
1053 3058 1122 3110 ad
1150 3057 1317 3111 locum
1348 3057 1401 3110 in
1428 3073 1527 3126 quo
1561 3058 1700 3125 prius
1725 3060 1820 3127 fuit

299 3152 680 3210 tabernaculum
704 3152 813 3221 ejus
839 3150 968 3204 inter
987 3147 1163 3202 Betltel
1176 3156 1226 3201 et
1249 3147 1426 3218 Aggte,
1453 3147 1520 3199 ad
1549 3147 1715 3200 locum
1742 3146 1823 3200 al-

300 3246 427 3299 taris
451 3242 587 3314 quod
613 3241 679 3295 ibi
709 3241 959 3313 principio
990 3242 1178 3310 fecerat
1206 3237 1356 3309 (Ceu.
1394 3238 1478 3293 15.
1512 3237 1651 3307 2-4).

302 3378 353 3429 1.
396 3371 531 3428 Cum
569 3371 799 3425 alacrem
850 3376 1088 3422 vestrum
1133 3375 1476 3432 conventum,
1528 3375 1583 3420 et
1634 3366 1823 3438 ingens

230 3465 479 3522 audiendi
503 3461 824 3518 desiderium
858 3459 1017 3514 hodie
1042 3458 1273 3520 videam,
1305 3458 1424 3513 volo
1446 3459 1684 3513 debitum
1709 3460 1823 3514 sol-

230 3575 377 3623 vere,
409 3572 517 3628 quo
544 3570 668 3625 erga
708 3554 985 3608 caritatem
1012 3561 1245 3606 vestram
1268 3550 1556 3605 obstrictus
1586 3566 1726 3605 sum.
1760 3552 1826 3607 Et

228 3653 342 3707 scio
366 3651 487 3719 ejus
517 3648 745 3702 fortasse
770 3661 866 3700 vos
888 3644 1083 3699 oblitos
1108 3659 1230 3698 esse
1252 3659 1319 3698 eo
1344 3642 1486 3713 quod
1520 3644 1673 3697 multi
1707 3642 1824 3699 dies

231 3741 650 3803 intercesserint,
697 3751 983 3805 sermoque
1030 3744 1214 3789 noster
1257 3735 1323 3789 ad
1360 3736 1463 3789 alia
1496 3736 1708 3790 interim
1756 3738 1826 3791 sit

229 3834 511 3887 deductus.
558 3829 691 3884 Nam
732 3838 930 3882 saneta:
974 3825 1277 3881 festivitatis
1325 3825 1586 3882 adventus
1628 3828 1823 3882 seriem

233 3924 386 3978 nobis
426 3920 802 3991 interpellavit.
848 3918 1031 3987 Neque
1072 3918 1214 3972 enim
1261 3932 1357 3987 par
1401 3926 1517 3972 erat
1571 3927 1647 3983 ut,
1698 3919 1824 3974 dum

229 4029 443 4070 erucem
477 4012 683 4067 Domini
723 4010 1119 4066 celebraremus
1150 4007 1246 4079 (a),
1277 4009 1345 4064 de
1372 4010 1493 4064 aliis
1521 4026 1823 4067 sermonem

231 4108 546 4161 all'errcmus
566 4122 578 4158 :
598 4118 783 4158 mensa
805 4110 983 4157 autem
1021 4101 1174 4155 vobis
1201 4100 1544 4170 preponcnda
1572 4112 1687 4157 erat
1714 4104 1826 4158 suis

230 4212 464 4266 congrua
523 4193 876 4263 temporibus.
918 4191 980 4245 Et
1028 4191 1227 4244 idcirco
1274 4190 1487 4260 quando
1528 4191 1671 4245 venit
1708 4191 1824 4248 dirs

230 4285 575 4351 Traditionis,
603 4284 853 4338 continua
880 4281 1136 4336 doctrina:
1164 4282 1301 4335 serie
1328 4291 1553 4344 resecta,
1586 4298 1824 4351 prmon-

234 4378 373 4431 tibus
401 4391 520 4444 qua:
547 4374 807 4445 urgebant
849 4388 946 4426 nos
976 4371 1465 4435 accommodantes,
1507 4372 1558 4426 in
1587 4372 1825 4441 prodito-

234 4484 348 4522 rem
386 4467 620 4535 linguam
668 4464 962 4518 laxavimus
991 4462 1062 4532 (b)
1095 4461 1331 4516 :‘lieiude
1360 4462 1426 4515 de
1457 4477 1617 4517 cruce
1644 4463 1819 4531 aliqua

233 4556 550 4612 inmedium
595 4554 931 4624 protulimus.
978 4553 1191 4619 Postea,
1242 4552 1584 4608 illucescente
1630 4554 1825 4609 Resur-

234 4646 487 4702 rcctionis
526 4644 633 4708 die,
664 4643 1027 4699 necessarium
1068 4652 1185 4697 erat
1224 4651 1280 4697 ut
1321 4642 1387 4698 de
1436 4645 1825 4699 resurrectione

235 4736 448 4792 Domini
474 4736 752 4791 caritatem
774 4744 1004 4789 vestram
1030 4732 1345 4788 doceremus
1369 4750 1383 4787 :
1405 4742 1459 4787 et
1481 4735 1826 4803 sequentibus

294 4848 370 4909 (η)
405 4856 473 4897 De
496 4846 621 4909 festo
644 4846 809 4909 Crucis
825 4847 1075 4895 dominico
1098 4846 1327 4909 loquitur.

295 4901 370 4970 (b)
404 4911 487 4958 llic
521 4908 745 4972 loquitur
766 4908 1127 4972 chrysostoutus
1163 4901 1229 4956 de
1268 4920 1413 4957 causa
1453 4908 1826 4972 interpellandis

234 4969 384 5039 seriei
409 4969 713 5039 homiliaruat
738 4971 786 5018 in
806 4969 1033 5039 Géuesim
1051 5007 1063 5025 ,
1089 4981 1209 5039 quas
1231 4982 1437 5039 numero
1471 4969 1670 5039 triginta
1707 4972 1827 5020 duas

230 5033 328 5092 jam
355 5033 541 5092 habitas
560 5044 645 5091 per
667 5039 813 5079 tatam
832 5031 1275 5092 Quadragesimam,
1294 5038 1398 5091 post
1424 5032 1719 5091 trigssimam
1744 5046 1826 5081 se-

233 5089 443 5164 irnndam
463 5089 669 5164 _alipd_in
697 5100 891 5164 tempus
912 5089 1098 5164 distulit
1118 5128 1130 5149 ,
1169 5099 1222 5164 ut
1254 5089 1375 5164 feria
1409 5089 1576 5164 quinta
1610 5093 1653 5140 in
1682 5096 1827 5164 litt-ana

236 5153 510 5225 ttontinide
531 5153 649 5225 {uda
683 5153 932 5225 proditore
950 5153 1270 5225 loqueretur,
1304 5159 1356 5225 ut
1380 5153 1525 5225 etiam
1550 5160 1719 5225 monet
1743 5154 1827 5204 ille

237 5216 284 5263 in
308 5214 505 5282 Itomilia
532 5214 595 5263 de
618 5213 753 5282 Juda,
778 5213 1153 5282 cujus_in_ititun,
1189 5213 1425 5282 Volebam,
1452 5213 1615 5282 dilecti
1645 5227 1662 5263 .'
1684 5230 1827 5282 quam

234 5276 455 5338 secundo
476 5284 621 5324 τοιηο
644 5277 813 5325 habes.
840 5274 1035 5325 ineunte
1068 5276 1129 5323 de
1162 5288 1306 5338 cruce
1339 5274 1500 5338 aliqua
1532 5275 1583 5324 in
1614 5274 1828 5326 medium

237 5337 542 5395 protulimus.
578 5339 739 5398 Pergit
768 5338 1158 5399 Chrysostomus,
1194 5336 1475 5386 alterutram
1504 5350 1574 5399 ex
1616 5339 1829 5387 Itomiliis

237 5404 301 5445 tto
332 5412 483 5447 cruce
500 5433 516 5457 ,
542 5411 651 5459 qua'
676 5397 793 5459 post
826 5397 1050 5447 ttotnilias
1070 5399 1134 5447 de
1160 5400 1406 5460 proditore
1428 5398 1542 5445 .Iuda
1568 5406 1716 5448 "temo
1748 5414 1827 5448 se-

237 5460 395 5508 cundo
418 5466 677 5521 ponuntur.
704 5460 935 5507 iudicans.
962 5461 1047 5507 hie
1071 5468 1237 5509 autem
1261 5460 1448 5507 Pascha:
1471 5467 1637 5508 contra
1664 5463 1821 5509 ebrio-

238 5534 320 5568 sos
342 5528 393 5568 et
414 5521 479 5583 de.
502 5522 869 5583 resurrectione
890 5522 1200 5583 concionatus
1234 5528 1310 5569 est
1335 5534 1345 5568 :
1374 5523 1569 5569 demum
1604 5528 1825 5583 tempore

243 5581 451 5629 t‘asdtali
476 5580 704 5629 ltotttilias
728 5581 897 5629 habuit
930 5582 977 5628 in
1012 5583 1294 5643 principium
1321 5583 1563 5629 Actorum.
1591 5580 1829 5644 lltetz'plu-

241 5644 373 5690 ribus
408 5650 630 5704 enarrata
666 5644 775 5691 vide
807 5650 951 5689 Tento
982 5644 1195 5692 secundo
1227 5646 1282 5691 ad
1319 5644 1538 5691 Itmmlias
1574 5646 1618 5691 iu
1652 5646 1825 5704 princi-

242 5705 371 5761 pium
400 5702 652 5763 Actorum,
690 5705 906 5765 ilennpte
929 5712 1071 5753 't'onto
1108 5710 1250 5754 tertio
1285 5707 1329 5753 I.l
1368 5707 1537 5753 Muttito
1592 5702 1661 5755 du
1704 5706 1825 5755 Judat

243 5768 507 5827 proditore.

1275 351 1338 410 IN
1377 352 1527 409 CAP.
1571 348 1706 409 XIII.
1749 348 1992 407 GENES.
2036 350 2266 407 IIOMIL.
2311 348 2551 409 XXXIII.

3422 358 3529 416 305

1938 460 2147 527 diebus,
2179 478 2277 534 per
2307 480 2369 518 ea
2402 464 2656 520 miracula
2682 480 2802 536 quae
2834 475 2959 523 tunc
2998 466 3141 523 facta
3176 478 3323 536 sunt,
3350 485 3526 526 resur-

1935 554 2187 609 rectionis
2212 554 2597 610 demonstratio
2619 557 2811 611 iterum
2838 557 3106 614 aﬂ'erenda
3130 569 3245 614 erat
3275 577 3290 616 :
3311 561 3526 631 quando

1933 644 2095 699 etiam
2140 647 2519 714 Apostolorum
2566 648 2698 701 Acta
2750 649 3041 717 explanare
3080 650 3363 720 coepimus,
3402 652 3525 706 inde

1934 736 2085 791 vobis
2101 737 2351 791 continua
2384 749 2749 808 pr0ponentes
2772 739 3038 807 cenvivia,
3078 750 3136 797 et
3158 742 3365 797 crebris
3392 757 3521 812 quo-

1935 824 2257 895 tidianisque
2298 827 2755 883 admonitionibus
2795 845 2911 896 eos,
2948 830 3039 901 qui
3079 846 3251 901 nttper
3274 830 3523 902 baptismi

1930 914 2154 983 gratiam
2192 926 2531 986 acceperant,
2571 918 2938 973 exhortantes.
2968 918 3120 974 Nunc
3148 920 3308 990 igitur
3334 935 3519 977 neces-

1931 1002 2129 1057 sarium
2156 1013 2240 1059 est
2270 1013 2328 1059 ut
2346 1004 2511 1060 debiti
2534 1022 2741 1061 memor
2761 1008 2886 1072 sim,
2915 1016 2973 1063 et
2994 1008 3148 1065 vobis
3177 1010 3521 1065 satisfaciam.

1930 1091 2164 1147 Tametsi
2193 1095 2337 1149 enim
2360 1111 2453 1151 vos
2476 1097 2644 1152 debiti
2674 1114 2839 1168 genus
2869 1098 3143 1169 ignoretis,
3171 1106 3355 1168 utpote
3380 1102 3523 1157 curis

1932 1181 2111 1237 multis
2139 1183 2401 1253 impliciti,
2426 1193 2481 1240 et
2498 1186 2710 1242 solliciti
2743 1202 2838 1256 pro
2861 1188 3136 1253 uxoribus,
3163 1197 3217 1244 et
3239 1189 3440 1253 liberis,
3469 1199 3519 1244 et
3617 1208 3622 1223 ι

1930 1272 2237 1341 quotidiana
2267 1274 2539 1341 alimonia,
2567 1276 2855 1347 multisque
2898 1279 3019 1333 aliis
3054 1279 3402 1335 szrcularibus
3440 1295 3515 1335 ne-

1928 1364 2117 1433 gotiis:
2138 1382 2325 1422 verum
2357 1384 2455 1423 nos
2483 1369 2577 1438 qui
2604 1370 2763 1425 nullis
2783 1370 2833 1425 id
2861 1386 3030 1441 genus
3058 1372 3202 1427 curis
3225 1375 3517 1436 turbamur.

1930 1466 1984 1511 et
2004 1457 2152 1513 vobis
2172 1458 2335 1515 debiti
2362 1462 2671 1516 memoriam
2694 1463 3046 1534 suggerimus,
3070 1472 3124 1518 ct
3144 1463 3209 1517 ad
3237 1464 3513 1519 restituen-

1931 1548 2058 1602 dum
2092 1565 2190 1603 nos
2220 1565 2489 1620 paramus.
2536 1551 2720 1621 Neque
2760 1552 3121 1617 admiremini,
3148 1553 3193 1607 si
3227 1563 3331 1607 tam
3367 1562 3527 1624 grato

1929 1642 2110 1695 animo
2141 1640 2192 1695 id
2218 1651 2554 1711 praestamus.
2590 1644 2757 1715 Hujus
2786 1646 2928 1699 enim
2957 1644 3119 1700 debiti
3147 1662 3316 1716 genus
3335 1662 3364 1701 a
3394 1662 3515 1703 sen-

1928 1728 2173 1785 sibilibus
2216 1732 2455 1801 pecuniis
2480 1733 2755 1790 diversum
2798 1744 2900 1789 est.
2936 1734 2991 1789 In
3023 1735 3124 1789 illis
3167 1737 3313 1791 enim
3360 1753 3516 1792 num-

1927 1836 2087 1890 quam
2110 1819 2323 1897 debitor
2352 1831 2459 1877 tam
2499 1833 2708 1893 gratum
2757 1840 2865 1894 pra:
2894 1839 2955 1879 se
2994 1824 3091 1879 fert
3120 1825 3378 1880 animum.
3408 1827 3516 1882 Scit

1927 1912 2070 1966 enim
2085 1928 2143 1969 se
2158 1913 2338 1968 debita
2354 1915 2610 1969 solvendo
2622 1930 2771 1969 suam
2798 1916 3118 1971 imminuere
3142 1918 3515 1985 substantiam,

1928 2012 1980 2055 et
2008 2002 2321 2071 accipientis
2347 2018 2546 2075 augere
2582 2004 2879 2061 facultates.
2898 2005 3014 2061 Non
3044 2008 3114 2061 ita
3144 2018 3321 2063 autem
3350 2019 3435 2063 est
3463 2010 3515 2064 in

1927 2091 2189 2161 spirituali
2232 2093 2335 2149 hoc
2360 2094 2562 2159 debito,
2608 2096 2703 2151 sed
2742 2097 2795 2151 in
2838 2097 3141 2153 eodebitor
3167 2099 3294 2153 dum
3337 2099 3516 2165 solvit,

1928 2183 2097 2252 magis
2134 2183 2369 2239 abundat
2394 2184 2616 2253 divitiis,
2659 2195 2712 2241 et
2740 2188 3125 2257 accipientibus
3151 2190 3385 2257 majores
3425 2206 3516 2244 ac-

1926 2282 2176 2327 crescunt
2202 2289 2354 2344 opes.
2386 2274 2454 2330 Et
2484 2276 2684 2332 idcirco
2714 2277 2822 2334 illic
2852 2278 3057 2348 ingrata
3102 2280 3390 2334 admodmn
3420 2297 3514 2333 vo-

1928 2360 2128 2417 luntate
2154 2366 2238 2434 agi
2278 2366 2450 2430 solet;
2485 2366 2571 2421 hic
2596 2376 2773 2422 autem
2804 2368 3044 2439 utrisque
3070 2370 3277 2425 lucrum
3325 2380 3429 2437 est,
3461 2382 3517 2426 ot

1928 2451 2310 2521 dinumeranti,
2357 2466 2411 2510 et
2457 2457 2863 2526 accipientibus.
2913 2458 2980 2513 Et
3010 2458 3111 2515 hoc
3152 2470 3235 2515 est
3278 2462 3420 2531 quod
3452 2462 3520 2516 de

1926 2543 2151 2599 caritate
2200 2544 2476 2600 admonuit
2521 2546 2708 2602 beatus
2762 2547 2961 2603 Paulus
3011 2548 3195 2603 dicens
3242 2568 3255 2603 :
3312 2549 3520 2605 Nemini

1924 2634 2199 2703 quidquam
2232 2636 2471 2703 debeatis,
2516 2638 2616 2691 nisi
2644 2647 2697 2692 ut
2734 2637 2960 2710 diligatis
2985 2642 3197 2696 invicem
3222 2642 3396 2714 (Rom.
3430 2646 3514 2699 I5.

1825 2785 1828 2791 ,
1926 2724 2002 2793 8).
2034 2725 2151 2791 Quo
2181 2727 2398 2795 indicat,
2431 2728 2533 2786 hoc
2557 2730 2791 2785 debitum
2822 2743 3037 2801 semper
3058 2734 3213 2801 solvi,
3239 2747 3293 2790 et
3318 2737 3517 2791 nihilo-

1927 2813 2104 2868 minus
2129 2814 2326 2872 durare
2354 2831 2587 2887 semper.
2618 2817 2802 2889 Neque
2843 2822 3115 2893 negligere
3156 2839 3252 2879 vos
3281 2836 3516 2895 oportet,

1925 2903 1989 2954 ad
2019 2904 2381 2972 recipiendum
2416 2916 2628 2976 paratos
2658 2926 2671 2959 :
2703 2908 2807 2964 hoc
2849 2912 2991 2965 enim
3028 2922 3082 2967 et
3122 2928 3219 2968 nos
3244 2915 3517 2971 debitores

1927 2991 2299 3062 locupletiores
2330 2995 2477 3057 facit,
2506 3006 2561 3051 et
2587 2998 2736 3051 vobis
2763 2999 2983 3067 majoris
3011 3002 3258 3058 utilitatis
3283 3007 3387 3059 erit
3413 3023 3519 3061 ma-

1932 3083 2084 3137 teria.
2120 3083 2281 3154 Igitur
2308 3087 2557 3156 quoniam
2589 3087 2709 3144 talis
2736 3096 2820 3144 est
2841 3090 2997 3159 hujus
3022 3092 3185 3148 debiti
3219 3106 3429 3161 natura,
3465 3110 3522 3154 ut

1927 3181 2126 3241 quanto
2177 3176 2348 3245 magis
2394 3168 2748 3247 dependitur,
2798 3188 2946 3235 tanto
3001 3183 3272 3241 auctiones
3320 3198 3520 3243 nostra:

1927 3264 2218 3319 reddantur
2243 3282 2375 3337 opes
2399 3286 2411 3321 :
2440 3283 2536 3339 age
2562 3269 2853 3327 doceamus
2896 3289 3037 3329 nunc
3077 3285 3133 3331 et
3157 3276 3321 3333 debiti
3352 3290 3521 3335 matc-

1926 3354 2083 3421 rium,
2115 3365 2169 3409 ut
2191 3364 2244 3410 et
2273 3357 2370 3426 ipsi
2400 3357 2688 3415 alacriores
2716 3360 2939 3416 dicenda
2970 3365 3295 3435 suscipiatis,
3319 3380 3365 3423 et
3395 3385 3517 3439 gra-

1928 3456 2035 3501 tam
2089 3458 2328 3503 nostram
2387 3451 2715 3507 voluntatem
2769 3467 3046 3527 acceptam
3097 3457 3377 3526 habentes,
3424 3479 3521 3517 nos

1926 3540 2165 3611 diligenti
2218 3546 2558 3600 attscultandi
2605 3548 2784 3603 studio
2836 3554 3213 3606 remttncrctis.
3258 3554 3515 3621 Qtuenam

1928 3634 2087 3703 igitur
2104 3635 2269 3690 debiti
2298 3639 2553 3692 materia?
2573 3638 2753 3705 Scitis,
2775 3650 2827 3696 et
2851 3658 3116 3698 memores
3137 3647 3287 3713 estis,
3311 3650 3522 3718 quando

1925 3724 1993 3778 de
2019 3725 2321 3794 patriarcha
2341 3729 2584 3798 qua-dam
2610 3731 2659 3784 in
2686 3732 2917 3787 medium
2935 3734 3225 3800 attulimus,
3253 3743 3522 3807 quomodo

1926 3815 2471 3873 demonstraverimus
2496 3820 2811 3876 descensum
2842 3823 2960 3892 ejus
2992 3824 3042 3877 in
3070 3824 3360 3898 Egyptum
3394 3845 3516 3897 pro-

1930 3917 2044 3974 plt'r
2070 3908 2286 3976 famem,
2319 3918 2373 3964 et
2418 3919 2623 3981 raptam
2667 3912 2852 3967 Saram
2893 3929 2923 3968 a
2956 3915 3255 3983 Pharaone,
3284 3928 3338 3973 ct
3385 3921 3522 3975 indi-

1927 4001 2230 4067 gnationem
2275 4000 2391 4069 Dei,
2425 4018 2585 4072 quam
2618 4004 2673 4057 in
2713 4004 3045 4059 Pharaonem
3072 4017 3127 4061 et
3154 4008 3374 4064 domum
3404 4012 3524 4078 ejus

1927 4093 1996 4146 ob
2021 4108 2170 4146 suam
2203 4109 2325 4163 erga
2349 4096 2552 4161 justum
2582 4110 2766 4150 curam
2796 4097 3039 4164 immisit,
3075 4108 3128 4152 ct
3162 4099 3393 4155 reditum
3428 4118 3517 4171 pa-

1930 4184 2175 4237 triarcha:
2218 4185 2286 4238 ab
2327 4184 2562 4255 Egypto
2610 4202 2799 4256 magna
2840 4204 2962 4242 cum
3009 4190 3202 4259 gloria.
3254 4191 3520 4248 Mandubii

1928 4275 2081 4336 enim,
2141 4276 2329 4344 inquit,
2392 4274 2601 4330 Pharao
2656 4279 2775 4331 viris
2819 4296 2971 4348 super
3013 4280 3223 4347 Abram,
3272 4290 3326 4335 ut
3365 4283 3524 4337 dedu-

1928 4374 2045 4416 cant
2071 4381 2209 4430 eum,
2237 4376 2283 4418 et
2308 4382 2514 4419 uxorem
2536 4368 2664 4438 ejus,
2699 4379 2745 4420 et
2766 4371 2935 4422 omnia
2963 4386 3075 4439 qum
3100 4371 3329 4434 habebat,
3354 4383 3398 4426 et
3426 4373 3522 4427 Lot

1926 4471 2039 4507 cum
2065 4456 2179 4508 eo'.
2212 4457 2449 4510 Ascendit
2497 4469 2664 4511 autem
2698 4460 2882 4512 Abram
2922 4478 2984 4515 ea:
3027 4461 3280 4533 ngypto,
3315 4467 3423 4533 ipse
3469 4480 3515 4521 et

1927 4563 2059 4600 uxor
2082 4547 2211 4613 eius,
2243 4556 2289 4600 et
2319 4548 2488 4601 omnia
2517 4566 2631 4620 quur
2658 4562 2802 4604 erant
2830 4553 2985 4615 illius,
3016 4564 3060 4605 et
3089 4553 3315 4607 Lotcum
3339 4557 3450 4623 ipso
3472 4560 3522 4610 in

1927 4638 2269 4693 solitudinem.
2302 4638 2398 4693 Hic
2437 4655 2742 4695 sermonem
2778 4643 2996 4696 missum
3030 4642 3274 4711 fecimus,
3307 4648 3523 4702 mediis-

1927 4745 2031 4798 que
2052 4728 2241 4785 tliebus
2266 4730 2561 4785 doctrinam
2588 4735 2957 4789 transtulimus
2989 4736 3039 4789 in
3063 4749 3374 4807 argumenta
3401 4750 3524 4794 tunc

1930 4821 2188 4889 temporis
2250 4823 2606 4877 occurrentia.
2665 4823 2790 4878 Ideo
2847 4824 3007 4883 hodie
3058 4843 3237 4898 Opera:
3293 4835 3523 4900 pretium

1928 4912 2105 4978 fuerit,
2145 4921 2205 4967 ut
2233 4914 2428 4968 seriem
2471 4925 2796 4984 repetamus,
2847 4928 2900 4973 et
2945 4920 3167 4975 dicenda
3214 4938 3335 4977 cum
3365 4924 3524 4979 dictis

1929 5006 2078 5073 quasi
2121 5006 2173 5060 in
2203 5022 2366 5060 unum
2415 5023 2609 5077 corpus
2651 5020 2961 5079 coaptemus
2993 5029 3006 5065 :
3038 5014 3113 5067 sic
3155 5016 3297 5069 enim
3346 5034 3526 5071 sermo

1929 5097 2187 5151 doctrinae
2217 5099 2367 5168 quasi
2410 5115 2574 5153 unum
2625 5101 2725 5155 sub
2762 5114 3033 5171 aspectum
3066 5104 3241 5159 cadet.
3282 5107 3390 5162 Sed
3421 5125 3527 5178 quo

1933 5187 2297 5242 manifestiora
2345 5193 2453 5242 sint
2492 5204 2554 5244 ea
2597 5206 2718 5259 qua:
2757 5191 3029 5259 dicuntur,
3073 5210 3252 5264 opera:
3298 5200 3525 5267 prctiutn

1934 5279 2114 5342 fuerit,
2148 5287 2205 5332 ut
2230 5280 2436 5333 caritati
2481 5293 2673 5335 vestrae
2718 5296 3050 5353 proponatur
3082 5288 3399 5358 principium
3427 5307 3520 5345 co-

1932 5386 2048 5427 rum
2087 5388 2204 5439 qua:
2234 5372 2393 5425 hodie
2421 5383 2545 5427 sunt
2584 5375 2743 5429 lecta.
2784 5376 2840 5430 9...
2874 5378 3062 5432 Abram
3104 5393 3290 5445 autem,
3327 5385 3517 5453 inquit.

1932 5471 2038 5516 erat
2078 5461 2216 5517 dives
2244 5461 2390 5517 valde
2422 5465 2705 5531 pecoribus,
2737 5479 2781 5519 et
2827 5481 3058 5539 argento,
3100 5481 3149 5524 et
3178 5489 3325 5525 auro.
3360 5475 3413 5527 5.
3456 5475 3522 5528 Et

1934 5555 2187 5625 profectus
2232 5562 2323 5620 est,
2370 5556 2504 5609 unde
2546 5567 2767 5623 venerat,
2819 5560 2871 5612 in
2912 5561 3236 5615 solitudinem
3265 5580 3419 5632 usque
3461 5568 3527 5620 ad

1996 5709 2006 5738 '
2049 5716 2126 5757 the
2153 5722 2295 5757 voces
2315 5716 2407 5775 ,_I;'t
2440 5716 2516 5775 [ot
2558 5723 2669 5775 cunt
2691 5723 2763 5766 eo,
2789 5712 2968 5763 (Iesum
3003 5714 3050 5763 itt
3084 5714 3280 5775 Morel.;
3317 5717 3406 5767 sed
3444 5716 3523 5764 ha-

1940 5770 2117 5817 bentur
2142 5784 2189 5819 tu
2222 5770 2357 5820 savii.
2388 5780 2437 5820 et
2464 5774 2507 5819 in
2534 5772 2698 5821 multis
2722 5778 2828 5822 Mss.
