4058 6392
567 339 669 399 307

563 451 762 518 Bethel,
789 466 944 520 usque
975 450 1042 513 ad
1071 451 1236 505 locum
1273 450 1326 503 in
1349 465 1448 518 quo
1477 465 1618 519 prius
1641 449 1738 516 fuit
1764 448 2135 506 tabernaculum

563 544 695 614 eius,
737 542 866 594 inter
903 539 1079 594 Bethel
1113 547 1159 594 et
1185 539 1314 592 inter
1351 538 1528 611 Aggtr,
1569 539 1625 592 4.
1667 539 1737 590 ad
1764 538 1929 596 locum
1959 537 2134 590 altaris

561 633 700 700 quod
729 630 837 684 illic
862 631 1109 699 principio
1140 624 1326 692 fecerat
1349 643 1370 681 :
1395 640 1442 680 et
1466 627 1710 682 invocavit
1737 629 1808 680 ibi
1836 627 2021 689 Abram
2044 643 2135 680 no-

560 736 673 774 men
707 719 912 774 Domini
939 712 1150 781 Deil‘Ne
1179 728 1558 781 prietercamus
1577 717 1749 772 obiter
1766 735 1828 772 ea
1855 735 1972 788 qua:
1997 713 2132 775 lecta

561 821 709 875 sunt,
754 808 846 870 sed
889 810 1156 862 discamus
1182 821 1326 864 ctare
1357 809 1653 862 divinarum
1679 808 1972 865 Literarum
2013 807 2135 861 diii-

560 901 818 969 gentiam,
849 899 1116 968 quomodo
1147 900 1278 954 nihil
1301 900 1453 954 nobis
1478 915 1863 970 supervacuum
1892 910 2129 954 narrent.

559 990 748 1043 Abi-ttat
770 997 954 1046 mitem.
990 991 1178 1059 inquit,
1213 1001 1318 1046 erat
1343 993 1480 1046 dives
1496 990 1658 1047 valde.
1690 991 1984 1052 Considera
2023 990 2130 1058 pri-

557 1086 704 1131 tuum
746 1077 884 1132 istud
916 1077 1087 1148 ipsum
1131 1094 1236 1133 non
1276 1081 1494 1145 frustra,
1537 1097 1712 1151 neque
1752 1090 1954 1137 temere
1996 1079 2131 1134 indi-

557 1169 706 1234 cari;
755 1182 857 1227 nec
901 1173 954 1227 in
996 1184 1190 1229 Vanum
1234 1176 1451 1241 divitem
1501 1191 1641 1229 nunc
1675 1183 1856 1244 vocat,
1896 1174 1946 1227 id
1990 1172 2130 1242 quoii

558 1273 821 1330 nusquam
858 1262 986 1317 alias
1014 1265 1275 1334 meminit,
1309 1264 1401 1320 sed
1431 1279 1570 1320 nunc
1609 1265 1835 1334 primum
1872 1264 2020 1326 dicit,
2049 1262 2132 1316 di-

554 1350 719 1405 vitem
763 1350 945 1408 fuisse.
997 1354 1172 1422 Quare
1220 1356 1320 1410 hoc
1371 1365 1422 1410 et
1459 1371 1615 1424 quam
1665 1355 1735 1421 ob
1773 1354 2030 1420 causam?
2063 1353 2131 1421 lit

556 1440 730 1497 discas
758 1442 950 1499 divina:
991 1447 1264 1515 sapientiae
1304 1449 1609 1513 solertiam,
1635 1457 1688 1501 et
1713 1462 1824 1500 sua:
1856 1447 1906 1499 in
1931 1451 2127 1515 justum

558 1530 900 1597 providentiae
931 1533 1239 1590 immensam
1266 1537 1636 1608 ingentemque
1665 1537 1970 1606 patentium.
1999 1536 2128 1591 Nam

557 1620 646 1684 qui
671 1619 824 1675 famis
843 1625 1158 1682 necessitate
1180 1626 1233 1679 in
1257 1625 1542 1697 Egyptum
1569 1627 1894 1696 peregrinari
1913 1639 2128 1683 coactus

559 1701 676 1775 luit,
706 1722 772 1765 eo
797 1713 936 1781 quod
965 1715 1232 1784 angustias
1260 1731 1391 1786 quas
1422 1716 1472 1770 in
1499 1716 1795 1773 Chananma
1819 1718 2126 1788 experieba-

558 1801 642 1859 tur
670 1801 808 1858 ferre
835 1819 937 1859 non
965 1815 1164 1875 posset,
1213 1808 1258 1862 is
1286 1808 1463 1866 subito
1503 1807 1653 1864 dives
1682 1808 1854 1863 factus
1879 1821 1961 1876 ost
1986 1827 2000 1864 :
2031 1824 2130 1865 nec

555 1886 865 1959 simpliciter
905 1895 1072 1963 dites,
1103 1897 1197 1952 sed
1228 1897 1403 1966 valde,
1447 1914 1552 1954 non
1593 1907 1798 1956 tantum
1827 1901 2126 1972 pecoribus.

554 1980 646 2033 sed
676 1977 729 2034 et
751 1993 968 2051 argento
994 1995 1047 2040 et
1069 2001 1217 2040 auro.

625 2066 678 2121 2.
725 2070 943 2128 Vidistis
980 2085 1174 2143 quanta
1222 2076 1291 2144 sit
1333 2075 1423 2134 Dei
1468 2076 1844 2145 providentia?
1874 2077 2037 2145 Abiit,
2071 2090 2129 2145 ut

556 2154 784 2225 aliquam
809 2159 959 2231 famis
985 2165 1403 2231 consolationem
1431 2167 1710 2228 inveniret.
1740 2177 1795 2221 et
1819 2168 1996 2232 rediit,
2021 2183 2126 2222 non

552 2247 726 2299 solum
754 2247 890 2303 fame
919 2250 1172 2322 mitigata,
1204 2253 1300 2308 sed
1329 2265 1381 2309 et
1407 2254 1604 2308 divitiis
1631 2266 1684 2310 et
1723 2256 1980 2311 immensa
2011 2257 2126 2328 glo-

553 2335 628 2388 ria
654 2337 1006 2409 conspicuus;
1054 2344 1403 2414 omnibusque
1447 2345 1781 2401 manifestum
1813 2347 1910 2404 fuit
1939 2347 2127 2418 qualis-

551 2426 674 2482 ham
704 2439 846 2482 esset
877 2447 890 2484 :
925 2431 1220 2502 deindeque
1247 2434 1562 2489 Chanantem
1591 2437 1780 2491 incola:
1806 2439 1935 2507 juSti
1964 2439 2127 2496 virtu-

554 2513 659 2566 tem
686 2516 881 2572 clarius
926 2521 1240 2590 didicerunt,
1274 2526 1514 2582 videntes
1557 2539 1734 2581 rerum
1781 2531 2123 2588 mutationem

553 2601 660 2657 tam
682 2618 1030 2680 repentinam,
1061 2621 1118 2666 et
1142 2615 1296 2668 mntis
1326 2616 1524 2672 divitiis
1547 2616 1847 2676 afﬂuentem
1875 2633 1994 2682 eum
2034 2619 2122 2687 (illi

552 2705 609 2751 ut
649 2701 973 2770 peregrinus,
1007 2714 1060 2776 et
1084 2707 1234 2784 quasi
1278 2707 1540 2779 fugitivus,
1572 2719 1624 2764 et
1649 2725 1832 2780 vagus,
1866 2711 1918 2765 in
1960 2709 2121 2782 Egy-

549 2789 697 2854 ptmn
744 2785 1107 2860 descenderat.
1138 2800 1206 2848 At
1251 2807 1305 2849 tu
1350 2797 1468 2852 vide
1514 2801 1780 2867 quomodo
1826 2800 1910 2856 hic
1955 2817 2125 2870 neque

551 2878 933 2945 prosperitate,
966 2897 1137 2951 neque
1186 2884 1486 2944 divitiarum
1533 2887 1802 2946 afﬂuentia
1851 2892 2126 2946 remissior

547 2965 630 3019 vel
679 2968 1024 3036 negligentior
1061 2971 1227 3027 factus
1263 2985 1344 3028 est
1399 2990 1419 3032 ε
1471 2977 1564 3031 sed
1618 2978 1814 3033 iterum
1852 2980 2123 3034 contendit

547 3055 614 3108 ad
642 3071 763 3109 eum
791 3058 987 3125 locum,
1034 3063 1122 3115 ubi
1152 3066 1294 3132 prius
1321 3065 1511 3132 fuerat,
1546 3068 1848 3138 priusquam
1878 3072 1928 3124 in
1957 3070 2122 3142 Atizy-

550 3154 694 3209 ptum
725 3149 1059 3204 concederet.
1103 3151 1244 3207 Venit
1265 3144 1426 3218 enim,
1454 3157 1642 3227 inquit,
1674 3160 1726 3212 in
1764 3160 2119 3224 solitudinem,

547 3240 702 3320 usque
747 3239 815 3292 ad
859 3239 1026 3307 locum,
1065 3244 1149 3304 ubi
1179 3250 1319 3318 prius
1347 3249 1450 3318 fuit.
1486 3249 1859 3310 tabernaculum
1884 3254 2012 3320 ejus,
2055 3253 2122 3305 ad

548 3319 710 3379 locum
733 3328 909 3382 altaris
933 3333 1069 3402 quod
1103 3335 1220 3402 fecit
1258 3336 1324 3389 ibi
1353 3338 1629 3409 principio,
1657 3350 1704 3392 et
1741 3319 1987 3395 invocavit
2024 3359 2117 3396 no-

546 3429 655 3467 men
677 3411 880 3474 Domini
907 3420 1019 3476 Dei.
1047 3423 1252 3493 Cogita,
1280 3426 1525 3493 obsecro,
1553 3436 1808 3498 quantum
1833 3440 1950 3486 erat
1968 3434 2118 3502 quie-

545 3505 612 3559 tis
637 3515 691 3561 et
722 3513 1109 3579 tranquillitatis
1133 3526 1356 3584 amator,
1403 3529 1455 3573 et
1483 3521 1534 3573 in
1565 3521 1743 3576 divino
1772 3523 1916 3577 cultu
1956 3539 2114 3593 quam

543 3595 777 3650 sedulus.
803 3599 880 3652 Ad
909 3616 1028 3655 eum
1057 3605 1198 3658 enim
1222 3604 1419 3674 locum,
1448 3609 1634 3678 inquit,
1664 3613 1907 3674 accessit,
1937 3613 1987 3666 iu
2012 3623 2116 3682 quo

548 3685 692 3751 prius
737 3684 902 3744 altare
933 3690 1305 3761 aediﬁcaverat,
1347 3701 1400 3750 et
1435 3697 1488 3751 in
1531 3714 1636 3768 quo
1667 3715 1860 3755 nomen
1905 3701 2112 3756 Domini

547 3773 899 3861 invocaverat.
929 3779 1066 3835 Ecce
1090 3780 1198 3850 jam
1243 3785 1421 3839 multis
1447 3798 1601 3841 antea
1629 3790 1837 3844 saeculis
1881 3792 2114 3861 implevit

545 3855 647 3916 hoc
675 3865 820 3934 quod
846 3877 1026 3934 pcatea
1063 3884 1092 3922 a
1124 3870 1287 3924 David
1332 3875 1526 3928 dictum
1557 3885 1638 3930 est
1668 3897 1680 3931 :
1715 3878 1857 3949 Elegi
1893 3855 2112 3950 abiectus

543 3960 649 4004 esse
670 3952 722 4004 in
749 3954 897 4008 domo
927 3955 1023 4008 Dei
1066 3960 1162 4012 mei
1184 3963 1344 4031 magis
1367 3980 1516 4033 quam
1550 3967 1773 4021 habitare
1797 3970 1848 4021 in
1882 3971 2114 4024 taberna-

545 4043 674 4096 culis
720 4056 1032 4113 peccatorum
1077 4049 1241 4120 (Psal.
1273 4054 1361 4108 85.
1395 4056 1506 4123 il).
1549 4059 1790 4113 Solitudo
1816 4063 1955 4115 enim
1989 4079 2115 4132 pro-

545 4136 661 4200 pter
689 4134 1070 4195 invocationem
1103 4144 1328 4196 nominis
1358 4145 1447 4198 Dei
1475 4148 1674 4215 gratior
1711 4151 1758 4203 ei
1791 4161 1924 4216 erat,
1955 4169 2113 4223 quam

542 4223 804 4280 cititates.
835 4225 1048 4293 Sciebat
1086 4237 1250 4300 enim,
1279 4236 1480 4305 sciebat
1511 4241 1713 4306 utique,
1745 4243 1973 4298 civitatis
1998 4263 2112 4300 ma-

539 4314 865 4382 gnitudinem
894 4334 996 4374 non
1027 4335 1092 4375 ex
1116 4323 1456 4380 aediﬁciorum
1505 4329 1913 4398 pulchritudine,
1943 4348 2113 4404 neque

540 4412 601 4458 ex
631 4405 822 4462 civium
869 4412 1204 4469 multitudine
1247 4427 1493 4473 constare
1527 4437 1539 4471 :
1572 4421 1666 4475 sed
1695 4437 1759 4477 ex
1805 4424 2108 4480 inhabitan-

543 4495 670 4548 tium
700 4498 912 4564 virtute,
946 4514 1157 4569 propter
1183 4521 1338 4574 quam
1380 4510 1490 4577 ipsa
1535 4511 1766 4565 solitudo
1811 4513 2111 4573 civitatibus

539 4577 749 4653 dignior
775 4588 891 4656 fuit,
914 4605 1034 4660 qua:
1056 4595 1255 4650 virtute
1278 4597 1406 4665 justi
1434 4601 1740 4667 ornabatur,
1769 4612 1822 4656 et
1843 4605 1974 4658 orbe
2002 4615 2112 4661 toto

539 4670 785 4746 luigidior
810 4691 941 4737 erat.
975 4684 1027 4738 5.
1061 4684 1127 4737 Et
1154 4685 1264 4752 Lot,
1294 4689 1487 4757 inquit,
1510 4693 1596 4760 qui
1629 4709 1742 4747 cum
1771 4688 1955 4749 Abram
1985 4699 2107 4764 ibat,

535 4772 678 4819 erant
706 4778 751 4820 et
775 4786 905 4834 ores,
937 4785 981 4826 et
1009 4775 1171 4839 bores,
1202 4788 1249 4830 et
1269 4795 1448 4846 pecora
1467 4822 1481 4845 ,
1512 4780 1562 4835 6.
1589 4799 1746 4852 neque
1769 4788 1998 4856 capiebat
2027 4806 2110 4843 eos

535 4859 690 4923 terra,
721 4871 775 4912 ut
794 4856 944 4915 simul
968 4865 1264 4920 habitarent.
1292 4868 1418 4924 Erat
1438 4873 1620 4941 quippe
1637 4875 1913 4929 substantia
1935 4895 2107 4933 eorum

534 4944 710 5010 multa,
743 4961 788 5002 et
827 4969 924 5004 non
955 4965 1181 5021 poterant
1207 4958 1429 5014 habitare
1456 4963 1624 5015 simul.
1668 4964 1781 5021 Non
1808 4968 1979 5021 solum
2012 4983 2107 5038 pa-

535 5038 781 5108 triarcha:
832 5041 1108 5101 facultates
1152 5056 1321 5102 auem:
1362 5059 1505 5113 sunt,
1537 5053 1629 5108 sed
1659 5052 1724 5107 Et
1755 5055 1883 5122 Lot,
1914 5057 2102 5128 inquit,

531 5138 671 5181 crtmt
710 5145 842 5196 oves,
874 5143 920 5186 et
949 5133 1113 5201 boves,
1159 5145 1204 5189 et
1231 5149 1428 5206 pecora.
1463 5141 1619 5196 Ferte
1651 5145 1846 5213 partim.
1867 5149 2062 5203 Abram
2085 5189 2102 5216 ,

531 5227 711 5286 utpote
740 5222 991 5287 liberalis,
1017 5224 1102 5278 illa
1129 5226 1227 5280 Lot
1249 5227 1423 5282 fratris
1450 5230 1556 5283 lilio
1581 5231 1886 5302 donaverat,
1911 5241 2101 5306 partim

530 5312 618 5363 alii
647 5311 900 5367 dedetant
927 5316 979 5369 in
1012 5319 1322 5386 patriarchae
1348 5323 1591 5390 gratiam.
1634 5325 1697 5377 Et
1727 5343 1825 5379 non
1854 5333 2098 5399 capiebat,

532 5404 718 5472 lnqnit,
747 5423 829 5460 eos
858 5418 1010 5470 terra,
1039 5421 1144 5462 erat
1172 5412 1358 5479 quippe
1397 5414 1678 5469 substantia
1720 5431 1890 5471 eorum
1920 5423 2098 5474 multa.

535 5488 664 5549 \‘ide
711 5499 976 5565 quomodo
1016 5501 1321 5556 facultatum
1369 5505 1519 5573 copia
1576 5509 1753 5562 statim
1801 5524 1958 5563 causa
2004 5513 2097 5566 fuit

529 5589 877 5653 Separatlonis
906 5609 918 5642 :
947 5591 1258 5648 divisionem
1286 5595 1426 5649 enim
1457 5608 1726 5664 operatur,
1758 5601 2093 5655 concordiam

524 5683 767 5751 impedit,
797 5693 852 5739 et
881 5688 1206 5756 cognationis
1228 5689 1496 5744 vinculItm
1542 5689 1758 5745 dirimit.
1788 5691 1819 5744 7
1844 5689 1931 5764 Et
1962 5694 2100 5761 facta

1307 333 1366 392 8.
1405 332 1677 392 ιοΑΝΝιε
1701 333 2171 396 ΟΙΙΒΫΞΟΞΤΟΜΙ
2212 331 2525 397 ARCﬂll-IP.
2568 323 3103 386 CONSTANTINOP.

3715 321 3818 382 508

2242 456 2314 504 est
2341 451 2508 513 pugna
2528 446 2657 509 inter
2677 457 2901 510 pastores
2922 457 3157 512 pecorum
3181 442 3344 507 Abrte,
3371 447 3418 496 et
3443 441 3572 494 inter
3596 453 3820 508 pastorts

2240 535 2356 588 Lat.
2383 532 2659 598 Chanantei
2704 543 2871 585 autent
2911 541 2958 584 et
3010 528 3278 590 Phereztei
3315 540 3433 585 tttttc
3475 531 3817 584 inhabit‘ut

2239 607 2446 678 terram.
2469 621 2698 688 Attende
2724 619 3215 690 quomodogenere
3239 620 3448 686 cognati
3475 621 3819 676 discessionis

2239 714 2446 768 initium
2473 713 2694 767 faciunt.
2725 710 2858 766 Hinc
2901 706 3042 763 enim
3074 724 3291 779 semper
3315 711 3491 764 omnia
3523 709 3666 764 mala
3706 709 3819 774 pui-

2239 803 2425 865 lulant,
2457 818 2485 855 a
2515 802 2827 856 famulorum
2861 799 3116 876 nequitia.
3146 798 3307 852 Facta
3334 812 3406 853 est
3430 801 3596 863 enim,
3633 801 3818 866 inquit,

2239 908 2408 962 pugna
2429 894 2560 944 inter
2586 899 2828 960 pastores.
2854 889 2917 942 Hi
2940 889 3288 943 dissensionis
3318 890 3650 944 occasionem
3677 901 3819 957 pra:-

2239 983 2485 1048 buerunt,
2515 982 2549 1036 ii
2575 980 2916 1036 concordiam
2944 977 3285 1042 dirimebant,
3309 978 3345 1032 ii
3365 979 3588 1033 multam
3609 993 3818 1031 tuorum

2239 1071 2632 1140 improbitatem
2677 1085 2788 1138 pra:
2838 1083 2897 1123 se
2944 1068 3205 1124 ferebant.
3251 1068 3528 1122 Chanantei
3571 1078 3736 1120 autem
3777 1077 3820 1121 ct

2244 1163 2498 1219 Pheresazi
2537 1174 2653 1220 tunc
2691 1162 3034 1215 inhabitabant
3075 1171 3278 1214 tmam.
3318 1160 3492 1228 Quare
3541 1159 3692 1213 nobis
3719 1159 3819 1212 hoc

2237 1255 2589 1325 significavit?
2618 1253 2878 1320 Quoniam
2907 1252 3136 1316 dixerat,
3186 1251 3307 1306 Non
3330 1252 3552 1322 capiebat
3577 1265 3661 1303 eos
3683 1259 3819 1302 terra

2236 1358 2289 1397 ut
2338 1345 2620 1402 habitarent
2661 1345 2834 1408 simul,
2882 1357 3097 1398 causam
3144 1357 3358 1414 quoque
3402 1344 3598 1407 docere
3651 1340 3819 1394 voluit

2236 1435 2413 1490 divina
2444 1435 2742 1504 Scriptura,
2770 1434 2888 1498 ideo
2913 1447 3011 1487 nos
3035 1448 3228 1502 capere
3255 1446 3360 1488 non
3390 1432 3648 1503 potuisse,
3676 1445 3809 1500 quo-

2236 1525 2374 1580 niam
2398 1525 2573 1579 adhuc
2597 1541 2626 1578 a
2652 1523 2895 1594 gentibus
2925 1523 3026 1576 illis
3055 1511 3416 1593 prmoccupata
3444 1531 3577 1574 erat.
3614 1519 3814 1575 Verum

2236 1630 2334 1670 uos
2384 1615 2683 1691 religiosam
2714 1613 3031 1683 patriarcha:
3076 1621 3310 1666 mentem
3356 1609 3653 1672 videamus,
3684 1625 3818 1678 quo-

2236 1707 2394 1766 modo
2421 1721 2512 1760 sua
2546 1705 2766 1759 lenitate
2805 1712 3118 1758 exarsurum
3151 1702 3450 1756 incendium
3497 1700 3815 1768 restinguat.

2233 1797 2284 1852 8.
2319 1795 2463 1858 Dixit
2483 1804 2668 1858 autem,
2701 1794 2888 1863 inquit,
2909 1792 3095 1844 Abram
3116 1792 3184 1842 ad
3209 1789 3306 1842 Lat
3337 1806 3356 1844 :
3380 1802 3441 1843 nc
3465 1790 3531 1840 sit
3555 1784 3670 1841 riaia
3687 1790 3818 1840 inter

2234 1904 2311 1940 me
2335 1898 2378 1941 et
2397 1898 2462 1952 te,
2488 1897 2535 1940 et
2564 1888 2692 1938 inter
2718 1893 2940 1953 pastores
2968 1898 3103 1934 meos
3127 1891 3179 1934 et
3210 1889 3341 1950 tuos,
3371 1879 3488 1950 quia
3516 1882 3706 1947 fratres
3731 1895 3819 1930 sua

2233 1992 2345 2032 mus
2381 1995 2494 2030 nos.
2522 1976 2655 2030 Vide
2693 1975 2953 2043 insignem
2994 1971 3330 2035 modestiam,
3361 1969 3480 2024 vide
3530 1969 3814 2023 sublimem

2236 2067 2641 2139 philosophiam.
2671 2065 2851 2126 mtate
2893 2076 2946 2119 et
2992 2063 3246 2133 dignitate
3286 2063 3468 2118 senior
3511 2061 3768 2130 juvenem
3798 2102 3811 2122 ,

2233 2158 2407 2212 fratris
2438 2158 2602 2211 filium
2637 2156 2851 2210 fratrem
2894 2155 3144 2223 appellat,
3171 2163 3226 2207 et
3253 2156 3302 2231 in
3331 2151 3590 2216 eamdem,
3630 2152 3682 2204 iu
3712 2163 3814 2220 qua

2232 2250 2346 2318 ipse
2366 2258 2500 2314 erat,
2526 2247 2835 2317 dignitatem
2854 2245 3057 2310 evehit,
3088 2245 3326 2314 nihilque
3353 2244 3528 2299 minus
3552 2243 3625 2298 illi
3653 2258 3812 2312 quam

2232 2341 2329 2396 sibi
2365 2340 2546 2393 tribuit
2574 2356 2588 2393 ε
2617 2337 2710 2392 sed
2737 2338 2864 2396 dicit
2895 2355 2908 2390 :
2939 2335 3022 2390 Ne
3054 2337 3117 2390 sit
3153 2337 3266 2389 rixa
3290 2337 3420 2389 inter
3447 2351 3526 2389 me
3556 2344 3604 2388 et
3634 2345 3702 2399 te,
3731 2335 3810 2388 in-

2228 2437 2304 2485 ter
2351 2437 2572 2500 pastores
2611 2444 2744 2482 meos
2788 2438 2834 2482 et
2881 2437 3013 2498 tuos.
3045 2426 3262 2497 lndigne
3290 2427 3434 2481 enim
3481 2425 3584 2480 hoc
3616 2425 3770 2480 fleret
3796 2467 3810 2488 ,

2232 2522 2420 2591 inquit,
2476 2521 2722 2591 quoniam
2780 2518 2974 2579 fratres
3025 2506 3230 2574 sumus.
3288 2518 3478 2573 Vidisti
3532 2518 3812 2588 quomodo

2227 2617 2466 2683 Apostoii
2483 2611 2869 2687 legemimplet,
2894 2625 3013 2682 quae
3040 2609 3167 2664 dicit
3199 2627 3211 2662 :
3239 2608 3358 2661 Jam
3377 2609 3580 2677 quidem
3605 2611 3813 2662 annuus

2230 2700 2466 2754 delictum
2491 2701 2545 2754 in
2586 2700 2722 2754 vobis
2759 2708 2862 2766 est,
2905 2700 3038 2768 quod
3075 2698 3274 2768 judicia
3319 2698 3510 2751 habetis
3553 2698 3686 2751 inter
3727 2711 3814 2751 vos

2227 2791 2456 2844 invicem.
2486 2789 2590 2844 Cur
2617 2807 2716 2842 non
2767 2790 2939 2859 potius
2983 2791 3224 2857 injuria»;
3262 2789 3552 2858 patimini?
3577 2805 3670 2841 cur
3711 2806 3814 2842 non

2230 2881 2396 2948 potius
2423 2881 2668 2938 damnum
2691 2879 2966 2948 accipitis?
2995 2877 3108 2932 Luto
3138 2893 3223 2932 vos
3265 2879 3503 2940 iniuriam
3529 2879 3718 2948 facitis,
3769 2892 3815 2934 et

2227 2969 2505 3041 fraudatis,
2535 2970 2684 3038 idque
2710 2969 2892 3036 fratres
2927 2971 3005 3036 (1.
3034 2969 3150 3022 Cor.
3181 2969 3234 3022 6‘.
3267 2969 3320 3022 7.
3366 2966 3444 3040 8).
3481 2969 3606 3023 Habe
3631 2971 3813 3023 omnia

2225 3061 2475 3130 Operibus
2519 3059 2746 3127 impleas
2774 3058 3071 3127 patriarcha
3096 3058 3230 3112 dixit
3261 3074 3275 3109 :
3308 3057 3391 3111 Ne
3416 3059 3480 3110 sit
3525 3059 3642 3110 rita
3681 3059 3814 3112 inter

2225 3168 2304 3205 me
2330 3162 2376 3204 et
2405 3162 2469 3216 te,
2501 3160 2546 3203 et
2572 3150 2701 3202 inter
2725 3160 2952 3217 pastores
2977 3165 3113 3207 meos
3141 3159 3186 3202 et
3216 3159 3349 3212 tuos,
3377 3150 3616 3218 quamam
3647 3151 3814 3202 homi-

2226 3261 2311 3298 nes
2361 3244 2540 3310 fratres
2593 3258 2690 3295 nos.
2729 3257 2924 3296 sumus.
2969 3240 3104 3308 Quid
3158 3240 3260 3294 hac
3303 3239 3478 3293 anima
3526 3241 3813 3307 pacatius?

2226 3335 2454 3390 Proinde
2485 3347 2588 3386 non
2632 3331 2850 3398 frustra,
2881 3345 2979 3384 nec
3023 3331 3141 3384 sine
3171 3344 3331 3384 causa
3371 3329 3639 3397 principio
3664 3329 3814 3382 dice-

2224 3425 2367 3490 bam,
2392 3438 2512 3477 eum
2537 3438 2718 3478 amore
2744 3422 2936 3490 quietis
2963 3431 3015 3474 et
3038 3419 3435 3489 tranquillitatis
3461 3419 3809 3472 solitudinem

2223 3515 2352 3569 locis
2379 3513 2741 3582 frequentibus
2768 3510 3081 3580 praetulisse.
3109 3509 3336 3568 Attende
3363 3508 3503 3562 enim
3533 3509 3812 3576 quomodo

2222 3617 2270 3660 et
2306 3619 2446 3658 nunc
2483 3602 2673 3657 videns
2719 3611 2960 3671 pastores
3003 3597 3310 3665 confligere,
3341 3597 3519 3650 statim
3569 3599 3622 3650 in
3655 3599 3811 3652 initio

2223 3710 2390 3755 tentat
2416 3698 2748 3766 restinguere
2792 3695 3094 3748 incendium
3123 3692 3266 3763 quod
3307 3701 3617 3762 erupturum
3647 3701 3766 3747 erat
3789 3729 3809 3758 ,

2220 3802 2274 3845 et
2311 3788 2707 3843 contentionem
2754 3786 2922 3839 sedat.
2959 3784 3190 3839 Debebat
3237 3783 3378 3839 enim
3432 3783 3568 3853 ipse,
3618 3793 3811 3851 utpote

2221 3861 2470 3934 omnibus
2503 3876 2799 3930 Paiazstinre
2838 3875 3021 3928 incolis
3050 3874 3324 3942 sapientia:
3353 3873 3539 3926 doctor
3567 3873 3762 3927 missus
3790 3883 3829 3934 .'

2221 3970 2416 4023 nullam
2443 3966 2739 4021 oﬂ‘endiculi
2783 3965 2911 4019 dare
2938 3966 3297 4029 occasionem,
3328 3964 3408 4017 vel
3438 3979 3622 4017 ansam
3668 3979 3804 4018 con-

2221 4061 2430 4125 cedere,
2456 4058 2546 4112 sed
2593 4072 2799 4111 morum
2831 4056 3048 4110 lenitate
3088 4055 3214 4110 tuba
3241 4055 3436 4109 clarius
3463 4052 3652 4108 omnes
3679 4069 3808 4108 eru-

2221 4150 2356 4214 dire,
2389 4160 2442 4204 et
2462 4165 2570 4202 suae
2592 4149 2801 4201 virtutis
2830 4146 3002 4200 faccre
3027 4148 3344 4200 imitatores.
3381 4146 3461 4199 Ne
3487 4146 3573 4210 sit,
3607 4145 3800 4214 inquit,

2220 4242 2332 4295 rixa
2361 4243 2487 4293 inter
2517 4250 2653 4292 meet
2680 4248 2745 4302 te,
2768 4239 2895 4291 inter
2922 4248 3145 4307 pastores
3169 4254 3302 4289 meos
3329 4247 3374 4289 et
3402 4249 3532 4301 tuos,
3559 4238 3804 4303 quoniam

2219 4332 2444 4384 homines
2472 4331 2652 4400 fratres
2680 4345 2876 4384 sumus.
2908 4326 3068 4381 Multa
3101 4325 3382 4380 verborum
3414 4326 3624 4389 leuitas,
3658 4324 3805 4379 Inter

2218 4438 2297 4474 me
2321 4429 2365 4473 et
2397 4430 2460 4473 te.

2288 4504 2341 4566 3.
2376 4512 2518 4564 Rim-
2549 4517 2594 4563 et
2621 4508 2958 4562 contentiones
2982 4507 3219 4562 vitandaz.
3239 4535 3310 4545 -—
3333 4505 3622 4560 Considera
3660 4522 3799 4576 quo-

2220 4601 2376 4654 modo
2406 4601 2455 4654 ei
2488 4600 2715 4668 loquitur
2743 4614 2840 4652 ceu
2885 4599 3084 4652 honore
3124 4596 3236 4665 pari
3267 4613 3280 4658 ;
3325 4597 3566 4665 quamvis
3605 4597 3803 4667 opinor

2218 4707 2324 4745 non
2346 4689 2557 4743 aliunde
2583 4690 2726 4742 rixas
2752 4688 2911 4742 fuisse
2931 4695 3172 4751 exortas,
3200 4701 3360 4755 quam
3383 4685 3523 4755 quod
3553 4699 3802 4754 pastores

2217 4783 2532 4851 patriarcha:
2579 4795 2682 4834 non
2712 4780 3052 4846 permiserint
3079 4774 3187 4833 illis
3209 4779 3398 4835 eadem
3425 4779 3640 4834 licentia
3669 4781 3796 4844 frui,

2216 4892 2317 4944 qua
2350 4876 2466 4944 ipsi.
2512 4873 2615 4928 Sed
2657 4874 2831 4942 justus
2858 4872 3186 4940 aequabiliter
3223 4873 3398 4925 omnia
3438 4872 3584 4941 facit,
3623 4875 3796 4942 speci-

2215 4982 2335 5021 men
2369 4967 2609 5035 przebens
2653 4964 2941 5018 eminentis
2989 4976 3099 5016 suae
3147 4963 3437 5029 patientiae,
3485 4978 3551 5016 ac
3591 4965 3797 5019 docens

2215 5074 2319 5112 non
2361 5067 2562 5111 tantum
2592 5063 2902 5125 praesentes,
2933 5054 3028 5108 sed
3068 5063 3309 5127 posteros
3353 5053 3511 5110 etiam
3556 5069 3750 5110 omnes
3778 5096 3796 5122 ,

2213 5162 2498 5218 numquam
2549 5162 2670 5201 esse
2720 5144 3126 5206 admittendum,
3183 5153 3238 5197 ut
3274 5145 3454 5198 nostri
3498 5145 3795 5201 familiares

2209 5255 2331 5298 cum
2385 5239 2638 5308 proximis
2684 5235 3030 5292 Contendant.
3084 5234 3215 5288 Nam
3279 5247 3464 5290 eorum
3520 5240 3797 5291 contentio

2211 5334 2453 5396 magnam
2480 5326 2631 5380 nobis
2673 5324 2826 5379 all‘ert
2867 5325 3227 5394 ignominiam,
3260 5334 3315 5378 et
3347 5340 3450 5378 non
3482 5325 3584 5379 illis
3616 5327 3792 5395 impu-

2213 5429 2388 5476 tantur
2412 5435 2528 5488 qua:
2557 5418 2709 5480 ﬁunt,
2737 5417 2830 5470 sed
2860 5419 2910 5469 in
2941 5432 3034 5470 nos
3063 5418 3380 5470 transfertur
3417 5418 3788 5483 reprehensio.

2209 5509 2486 5577 Quomodo
2524 5509 2666 5562 enim
2710 5507 2901 5560 rationi
2945 5517 3362 5561 consentaneum
3405 5507 3492 5570 sit,
3542 5506 3792 5562 homines

2210 5602 2297 5672 qui
2331 5600 2520 5654 fratres
2549 5607 2704 5662 sunt,
2737 5597 2825 5666 qui
2877 5599 3119 5653 eamdem
3169 5609 3411 5652 naturam
3453 5601 3647 5658 sortiti,
3697 5606 3785 5668 qui

2211 5696 2449 5766 ejusdem
2495 5701 2617 5750 sunt
2668 5692 2901 5759 familim,
2949 5697 3037 5764 qui
3088 5700 3355 5752 tamtmam
3415 5694 3675 5763 peregi-ini
3732 5701 3784 5746 et
