4058 6388
345 343 452 399 εοο

338 459 621 529 τυροικετν
669 456 903 512 ἐνταῦθα
934 455 1245 528 μέλλοντας,
1306 458 1386 520 είς
1417 455 1685 528 τοσαύτην
1712 456 2010 526 ἐμπίπτειν

339 545 688 612 φιλονεικίαν,
723 545 1035 613 ὀφείλοντας
1065 544 1395 609 ἐπιεικείας,
1430 546 1524 598 καὶ
1557 545 1884 615 πραΰτητος,
1917 545 2011 598 καὶ

336 630 656 700 φιλοσοφίας
704 633 924 701 ἀπάσης
970 629 1326 695 διδασκάλους
1389 629 1750 684 καθίστασθαι
1801 630 2012 694 τούτοις

338 717 538 782 πᾶσινς
584 715 950 769 ’Δκουέτωσαν
971 715 1144 770 ταῦτα
1167 719 1213 769 οί
1244 716 1555 787 νομίζοντες
1589 714 1696 779 έξω
1720 716 2012 785 τυγχάνειν

336 803 717 875 ἐγκλημάτων,
737 803 954 856 ἐπειδὰν
974 805 1100 867 τοὺς
1120 805 1301 869 αὐτοῖς
1321 803 1691 875 προσήκοντας
1713 803 2010 875 περιορῶσι

334 890 423 944 διὰ
455 892 554 961 τὴν
605 891 745 962 πρὸς
793 892 992 956 αὐτοὺς
1029 892 1337 961 οίκειότητα
1383 888 1750 960 ἁρπάζοντας,
1789 888 2010 942 πλεονε-

336 977 614 1041 κτοῦντας,
648 978 817 1049 μυρία
865 977 1014 1032 κακά
1061 976 1415 1040 διατιθέντας,
1465 975 1562 1030 καὶ
1589 976 1646 1028 ἐν
1679 974 1887 1040 πόλεσι,
1919 977 2006 1028 καὶ

334 1065 391 1115 ἐν
417 1065 626 1134 ἀγροῖς,
653 1066 780 1128 τοὺς
805 1065 987 1128 αὐτοῖς
1009 1061 1382 1131 γειτνιῶντας,
1413 1063 1510 1116 καὶ
1535 1061 2010 1133 παρασπωμένους

327 1151 424 1203 τοῦ
457 1150 558 1220 μέν
585 1152 680 1205 τὸν
707 1151 896 1224 ἀγρὸν,
920 1150 1015 1204 τοῦ
1038 1149 1096 1204 δέ
1126 1149 1225 1220 τὴν
1248 1149 1447 1213 οίκίαν,
1471 1150 1566 1203 καὶ
1586 1147 1758 1220 ταύτῃ
1792 1147 2009 1201 πλείονα

333 1237 534 1306 μᾶλλον
565 1237 665 1309 τήν
684 1237 896 1291 εὔνοιαν
926 1237 1053 1309 περὶ
1083 1239 1283 1301 αὐτοὺς
1325 1235 1778 1306 ἐπιδεικνύμενοι.
1809 1235 1871 1288 El
1901 1235 2010 1305 7&9

331 1324 424 1376 καὶ
453 1325 641 1393 ἐτέρου
667 1325 729 1378 r6
759 1325 862 1394 τῆς
891 1325 1108 1388 ἀδικίας
1140 1324 1301 1394 έργον
1326 1321 1417 1395 ἦν,
1445 1323 1560 1377 ἀλλ’
1593 1321 1756 1387 αὐτὸς
1785 1321 2008 1376 ἐκοινώ-

327 1426 498 1480 νησας
518 1408 614 1463 τοῦ
654 1411 999 1481 πράγματος,
1034 1411 1096 1464 οὐ
1126 1411 1288 1482 μόνον
1319 1410 1398 1482 τῷ
1431 1409 1722 1481 ἐφήδεσθαι
1750 1409 1827 1479 τῷ
1849 1425 2011 1478 γεγε-

330 1498 570 1568 νημένῳ,
592 1498 686 1552 καὶ
718 1498 958 1569 νομίζειν
981 1500 1046 1552 ἐκ
1075 1497 1264 1552 τούτου
1285 1514 1366 1550 σοι
1394 1496 1493 1567 τὴν
1522 1496 1712 1549 οὐσίαν
1727 1495 2006 1561 αὔξεσθαι,

331 1584 424 1637 καὶ
459 1584 556 1655 τὴν
587 1585 904 1655 περιουσίαν
939 1585 1158 1638 πλείονα
1191 1583 1463 1652 γενέσθαι,
1505 1582 1640 1638 ἀλλά
1691 1584 1786 1636 καὶ
1812 1583 1890 1653 τῷ
1930 1583 2006 1654 μή

332 1671 572 1725 κωλῦσαι
607 1671 906 1742 μέλλουσαν
937 1672 1035 1744 τήν
1062 1672 1276 1726 ἀδικίαν
1301 1674 1381 1736 είς
1410 1670 1572 1743 ἔργον
1608 1670 1901 1724 ἐκϐαίνειν.
1947 1671 2007 1724 '0

331 1759 438 1829 7&9
473 1757 768 1828 δυνάμενος
802 1758 1044 1813 κωλῦσαι
1091 1760 1182 1813 τὸν
1229 1758 1543 1822 ἀδικοῦντα,
1577 1757 1672 1812 καὶ
1725 1756 1800 1828 μὴ
1850 1757 2010 1812 τοῦτο

329 1843 521 1906 ποιῶν,
549 1844 649 1898 οὐκ
677 1843 898 1898 ἔλαττον
928 1844 1023 1898 τοῦ
1050 1844 1364 1908 ἀδικοῦντος
1393 1844 1494 1908 τάς
1529 1841 1760 1907 εὐθύνας
1797 1841 2004 1912 ὑφέξει.

399 1946 494 2018 Μὴ
512 1946 694 2000 τοίνυν
713 1947 1010 2019 ἀπατῶμεν
1031 1949 1277 2015 ἑαυτοὺς,
1300 1947 1621 2021 παρακαλῶ,
1643 1946 1779 2001 ἀλλά
1799 1946 1893 2000 καὶ
1912 1947 2009 2000 a6-

326 2031 412 2084 τοὶ
430 2031 721 2104 φεύγωμεν
739 2033 837 2098 τάς
857 2034 1132 2103 ἁρπαγάς,
1150 2035 1250 2098 τὰς
1270 2033 1602 2098 πλεονεξίας,
1621 2034 1795 2087 καὶτὸ
1815 2035 1881 2087 ἐκ
1898 2035 2007 2087 τῶν

324 2118 583 2172 τοιούτων
601 2119 669 2173 αὖ
677 2117 730 2184 ξε
738 2138 787 2174 ιν
807 2122 937 2190 ήμτν
958 2120 1057 2190 τήν
1075 2120 1414 2191 περιουσίαν,
1436 2122 1674 2183 καὶτοὺς
1692 2120 1726 2190 ή
1733 2121 1825 2190 μίν
1845 2137 2006 2191 προσ.

326 2202 561 2272 ἠκοντας
579 2203 920 2273 παιδεύωμεν
944 2203 1111 2274 μηδὲν
1129 2203 1340 2258 τοιοῦτο
1358 2204 1705 2276 ἐργάζεσθαι.
1741 2205 1876 2258 ούδέ
1895 2204 2005 2276 γάρ

324 2289 648 2355 ἀνευθύνους
670 2293 816 2362 ἡμᾶς
836 2290 993 2346 τοῦτο
1012 2292 1255 2362 ἀφίησιν,
1278 2292 1414 2346 ἀλλά
1447 2292 1668 2346 πλείονα
1703 2291 1802 2364 τὴν
1839 2291 2000 2346 κατάο

324 2394 504 2450 κρισιν
539 2377 869 2450 ἐργάζεται·
911 2377 1048 2451 πρὸς
1093 2380 1201 2451 7&9
1255 2381 1350 2452 τήν
1397 2380 1673 2452 ἡμετέραν
1709 2380 2005 2451 ἀρέσκειαν

322 2468 521 2520 ἐκείνοι
558 2467 654 2538 τήν
691 2466 898 2520 ἑαυτῶν
936 2467 1277 2536 προδιδόντες
1314 2468 1622 2541 σωτηρίαν,
1659 2469 1758 2540 τὴν
1790 2468 2003 2524 ἀδικίαν

322 2552 587 2622 τολμῶσι,
613 2551 751 2623 μετά
783 2554 882 2623 τῆς
914 2553 1125 2607 ἐαυτῶν
1145 2553 1423 2619 ἀπωλείας
1440 2555 1536 2609 καὶ
1554 2557 1704 2626 ήμάς
1723 2572 2002 2625 συγκατα-

324 2637 585 2702 σπῶντες.
609 2640 671 2693 El
702 2640 761 2692 δέ
795 2639 1097 2710 βουλόμεθα
1115 2643 1326 2713 νήφειν,
1349 2642 1442 2697 καὶ
1462 2643 1618 2698 αὐτοὶ
1636 2645 1736 2716 τῆς
1755 2642 2003 2697 ἐντεῦθεν

322 2723 499 2793 λύμης
517 2724 1015 2796 ἀπαλλαγησόμεθα
1036 2765 1052 2788 ,
1074 2727 1364 2791 κάκείνους
1382 2729 1766 2798 ἀποστήσομεν
1787 2730 1886 2800 τῆς
1906 2747 2003 2783 κα-

321 2809 426 2870 κῆς
445 2810 860 2880 ἐπιχειρήσεως.
883 2812 994 2866 Καὶ
1028 2811 1104 2883 μή
1142 2828 1232 2883 μοι
1265 2812 1390 2880 λέγε
1407 2815 1476 2867 τά
1495 2813 1679 2885 ψυχρά
1698 2815 1883 2872 ἐκεῖνα
1904 2817 2004 2886 ῥή-

323 2913 468 2966 ματα
487 2917 501 2928 ’
523 2897 691 2952 Ούδέν
713 2916 802 2969 μοι
825 2900 994 2970 μέλει.
1017 2901 1108 2972 Μὴ
1128 2901 1239 2971 7&9
1259 2900 1371 2970 ἐγὼ
1389 2903 1869 2974 1m9camadpqv;
1896 2905 2002 2958 Οὐ-

318 2983 408 3036 δέν
426 2979 542 3036 οῖδα
562 3001 576 3015 ’
601 2985 786 3057 ἐτερος
808 2988 1125 3058 εἰργάσατο,
1158 2987 1260 3040 οὐκ
1295 2988 1627 3058 ἐκοινώνησα
1644 2990 1745 3060 τῆς
1764 2990 1996 3056 ἀδικίας.

319 3071 527 3139 Σκῆψις
543 3071 714 3125 ταῦτα
735 3073 829 3126 καὶ
850 3073 1145 3144 πρόφασις.
1169 3075 1233 3128 El
1256 3074 1433 3144 βούλει
1451 3075 1618 3140 δείξαι
1636 3078 1718 3131 ὅτι
1739 3078 1840 3132 ούκ
1860 3080 2001 3131 ἐκοι-

317 3156 567 3229 νώνησας
586 3159 683 3229 τῆς
701 3159 938 3224 ἀδικίας,
958 3163 1052 3215 καὶ
1070 3161 1132 3215 ού
1154 3159 1517 3234 συνέπραξας,
1540 3165 1753 3234 καὶτῆς
1778 3165 2000 3220 πλεονε-

321 3241 441 3307 ξίας
459 3244 521 3297 ού
541 3246 768 3314 γέγονας
790 3247 1049 3317 ἐργάτης,
1071 3247 1362 3320 διόρθωσαι
1379 3251 1442 3303 r6
1460 3249 1704 3319 γεγονὸς,
1742 3252 2002 3324 παραμύ-

317 3329 480 3400 θησαι
499 3331 590 3383 τὸν
609 3330 956 3402 ἠδικημένον,
979 3333 1176 3398 ἀπόδος
1207 3335 1276 3388 τά
1309 3336 1692 3408 ἀφαιρεθέντα.
1716 3336 1874 3392 οὕτω
1891 3339 2000 3412 γὰρ

319 3416 415 3469 καὶ
435 3418 628 3472 σαυτὸν
649 3417 1037 3489 ἐλευθερώσεις
1056 3421 1443 3492 ἐγκλημάτων,
1479 3424 1681 3478 καὶτὸν
1701 3425 2000 3497 ἠδικηκότα

315 3502 606 3577 διορθώσῃ,
627 3505 807 3571 δείξας
844 3507 920 3572 ώς
958 3508 1020 3562 οὐ
1059 3508 1200 3562 κατά
1232 3510 1457 3582 γνώμην
1480 3527 1574 3565 σου
1595 3513 1663 3566 τὰ
1683 3513 1812 3584 παρ’
1833 3514 1997 3569 αὑτοῦ

318 3588 654 3660 πέπρακται,
693 3593 791 3645 καὶ
825 3592 916 3647 τδν
952 3593 1160 3666 πένητα
1197 3596 1588 3667 παρακαλέσας
1622 3600 1725 3653 οὐκ
1762 3600 1999 3672 ἀφήσεις

319 3675 425 3728 ὑπὸ
459 3678 558 3748 τῆς
594 3678 830 3748 ἀθυμίας
863 3681 1260 3754 καταποθῆναι,
1282 3683 1348 3754 ῆν
1367 3683 1454 3738 διά
1473 3685 1570 3755 τήν
1588 3685 1877 3759 ἀφαίρεσιν
1897 3689 1998 3759 ὐφ-

321 3762 569 3817 ίστασθαι
589 3763 802 3834 ἔμελλε.
826 3763 924 3835 Μὴ
950 3765 1128 3833 ἔστω,
1148 3769 1301 3839 φησι,
1319 3768 1486 3840 μάχη
1505 3771 1622 3826 ἀνὰ
1632 3772 1831 3842 μέσον
1849 3776 1996 3846 ἐμοῦ

317 3849 417 3902 καί
453 3850 594 3915 σοῦ,
621 3853 720 3905 καὶ
761 3852 880 3905 τῶν
919 3854 1216 3923 ποιμένων
1247 3874 1367 3925 μου
1406 3858 1504 3912 καί
1545 3858 1665 3912 τῶν
1699 3864 1997 3931 ποιμένων

316 3953 456 4001 σου,
474 3935 567 4022 ότι
589 3935 886 4004 ἄνθρωποι
905 3939 1155 4009 ἀδελφοί
1175 3941 1345 4011 ἡμεῖς
1362 3943 1568 4011 ἑὰμεν.
1584 3941 1738 4010 Εἶδες
1758 3951 1997 4022 πραΰτη-

316 4039 387 4075 τα
405 4041 418 4052 ·
444 4020 585 4087 εἶδες
604 4025 934 4092 ἐπιείκειαν;
960 4028 1157 4082 ’Δκουε
1179 4029 1397 4085 καὶτῶν
1418 4030 1568 4100 ἑξῆς,
1593 4031 1680 4085 ῐνα
1702 4033 1878 4108 μάθῃς
1900 4020 1996 4090 αὐγ-

317 4110 410 4162 τοῦ
430 4110 528 4181 τῆς
548 4112 862 4182 φιλοσοφίας
882 4113 980 4185 τὴν
999 4115 1324 4189 ὑπερϐολήν.
1349 4118 1476 4182 Πῶς
1495 4114 1589 4173 οῦν
1608 4121 1676 4174 τὰ
1694 4123 1793 4192 τῆς
1815 4123 1996 4194 μάχης

316 4197 469 4251 λύσιν
507 4197 669 4271 λάϐῃ,
694 4201 788 4254 καὶ
829 4201 1030 4274 σϐεσθῇ
1053 4203 1120 4258 τὰ
1137 4207 1238 4276 τῆς
1259 4205 1624 4274 φιλονεικίας;
1658 4209 1803 4263 Ἰδοὺ
1825 4210 1994 4266 πᾶσα

314 4289 353 4354 ἡ
397 4288 494 4359 γῆ,
532 4292 716 4362 φησὶν,
746 4293 1025 4348 ἐναντίον
1068 4310 1183 4350 σου
1222 4295 1377 4351 ἐστι.
1423 4300 1848 4368 Διαχωρίσθητι
1890 4302 1992 4356 ἀπ’

314 4375 461 4443 ἐμοῦ
480 4394 493 4406 ·
518 4380 570 4430 εί
609 4379 691 4432 σὺ
729 4382 814 4445 εις
852 4383 1152 4450 ἀριστερὰ,
1179 4383 1293 4454 ἐγὼ
1314 4387 1399 4452 είς
1419 4384 1586 4451 δεξιὰ
1605 4403 1618 4418 ο
1641 4390 1693 4441 εί
1712 4388 1779 4441 δὲ
1800 4389 1881 4443 σὺ
1903 4393 1990 4457 είς

315 4460 505 4525 δεξιὰ,
529 4463 643 4532 ἐγὼ
660 4466 748 4530 εις
770 4465 1070 4535 ἀριστερά.
1095 4470 1294 4523 Σκόπει
1314 4471 1407 4524 τοῦ
1427 4473 1634 4526 δικαίου
1654 4473 1752 4544 τὴν
1774 4475 1988 4542 φιλοσο-

316 4549 447 4618 φίαν
475 4550 569 4602 καὶ
597 4550 697 4620 τῆς
726 4555 1225 4627 ταπεινοφροσύνης
1243 4557 1342 4628 τὴν
1362 4557 1632 4611 ἐπίτασιν.
1655 4560 1768 4631 Πρὸ
1786 4561 1842 4614 δὲ
1863 4562 1986 4616 τού-

312 4652 420 4688 των
439 4635 609 4690 ἐννόει
632 4655 743 4708 μοι,
763 4639 1036 4711 ἀγαπητέ,
1060 4642 1158 4713 ὅση
1180 4642 1271 4697 τοῦ
1291 4643 1525 4697 πλούτου
1549 4646 1581 4716 ή
1601 4645 1768 4717 λύμη,
1784 4649 1990 4718 καὶτῆς

313 4725 628 4794 περιουσίας
671 4727 769 4796 τῆς
812 4728 1063 4800 πολλῆςή
1087 4730 1337 4803 διαφορά.
1372 4732 1595 4804 Ηύξήθη
1634 4736 1700 4787 τὰ
1738 4736 1986 4807 ποίμνια,

314 4811 669 4880 προσεγένετο
689 4811 916 4878 πλοῦτος
1100 4817 1284 4883 πολὺς,
1305 4820 1398 4872 καὶ
1417 4819 1618 4885 εὐθέως
1637 4821 1988 4879 διακόπτεται

311 4901 344 4966 ή
369 4898 589 4967 ὁμόνοια
607 4915 619 4926 ·
643 4899 739 4951 καὶ
759 4899 885 4954 ἔνθα
903 4897 973 4971 ῆν
991 4905 1026 4973 ή
1045 4905 1235 4976 είρήνη
1256 4907 1350 4960 καὶ
1368 4908 1396 4960 6
1415 4906 1710 4979 σύνδεσμος
1727 4911 1826 4982 τῆς
1848 4913 1987 4980 ἀγά-

314 5000 442 5052 πης,
467 4985 581 5036 ἐκεῖ
602 4986 746 5057 μάχη
767 4989 862 5040 καὶ
883 4989 1381 5057 φιλονεικία.¹’οπου
1402 4993 1512 5065 γάρ
1544 4995 1606 5049 r6
1642 4997 1776 5066 ἐμὸν
1813 4999 1988 5054 καὶτὸ

312 5071 425 5131 σὺν,
464 5073 583 5124 ἐκεῖ
619 5074 766 5127 πᾶσα
804 5076 985 5146 μάχης
1023 5077 1154 5143 ἰδέα,
1197 5080 1290 5133 καὶ
1327 5080 1658 5149 φιλονεικίας
1695 5085 1982 5150 ὑπόθεσιςο

310 5157 437 5210 ἔνθα
473 5159 530 5211 δέ
566 5159 723 5214 τοῦτο
760 5162 835 5234 μὴ
874 5161 930 5237 ᾖ,
951 5165 1019 5218 τά
1047 5166 1149 5237 τῆς
1172 5168 1426 5238 ὁμονοίας
1446 5169 1539 5224 καί
1557 5170 1625 5224 τά
1643 5174 1742 5242 τῆς
1763 5174 1986 5243 είρήνης

314 5245 450 5332 μετά
473 5246 653 5316 πάσης
671 5248 957 5319 ἀκριϐείας
977 5251 1334 5308 πολιτεύεται.
1356 5257 1467 5310 Καὶ
1487 5257 1573 5310 ἴνα
1596 5258 1793 5332 μάθῃς,
1816 5260 1982 5315 ἀκουε

308 5331 364 5383 τί
386 5348 549 5401 φησιν
583 5337 612 5388 6
646 5337 917 5408 μακάριος
936 5340 1149 5404 Λουκᾶς
1169 5343 1422 5414 περὶτῶν
1442 5343 1500 5408 ἐξ
1518 5346 1694 5416 ἀρχῆς
1803 5348 1982 5403 πίστει

311 5418 800 5487 προσιόντωνῙΗν,
827 5425 982 5496 φησι,
1017 5427 1256 5481 πάντων
1277 5430 1315 5497 ἡ
1341 5431 1552 5499 καρδία
1589 5432 1686 5486 καὶ
1727 5435 1764 5502 ἠ
1808 5435 1980 5504 ψυχὴ

305 5505 447 5593 μίαο
485 5507 584 5561 οὐκ
620 5510 805 5583 ἐπειδὴ
839 5512 1018 5583 ψυχήν
1040 5514 1166 5584 μίαν
1203 5510 1350 5586 εἶχον
1385 5518 1758 5590 πάντες(πῶς
1776 5521 1884 5593 γάρ
1922 5525 1980 5576 ἐν

307 5592 581 5664 διαφόροις
605 5598 846 5668 σώμασιν
866 5602 1016 5665 ὅντες
1036 5620 1048 5656 :
1071 5603 1113 5672 ),
1146 5603 1280 5656 ἀλλά
1311 5604 1407 5675 τὴν
1433 5607 1828 5680 ἐπιτεταμένην
1848 5592 1970 5679 69.6-

309 5695 453 5769 νοιαν
472 5685 603 5751 ήμίν
622 5685 875 5740 δείκνυσι.
903 5688 1012 5742 Καὶ
1032 5692 1080 5742 εί
1102 5691 1174 5760 μὴ
1199 5692 1402 5762 σφόδρα
1427 5693 1776 5764 μακρόθυμός
1796 5714 1878 5760 τις
1911 5695 1976 5769 ἦν

310 5767 577 5836 ὀδίγαεος,
601 5777 691 5829 καὶ
733 5777 1038 5850 φιλοσοφεῖν
1065 5779 1241 5844 εἰδὼς,
1265 5782 1358 5834 καὶ
1390 5781 1724 5854 ἐχαλέπηνεν
1761 5785 1844 5850 ἂν,
1885 5789 1977 5841 καὶ

1128 339 1186 398 S.
1227 337 1518 397 JOANNIS
1552 337 2051 398 ωιιιγεοετοιιι
2087 332 2414 395 ARCIIIEP.
2455 331 3010 394 CONSTANTINOP.

3697 334 3806 392 διο

2123 451 2242 508 εἷπε
2286 454 2420 525 πρὸς
2457 454 2637 507 αὐτόν·
2681 453 2846 522 Τίςοή
2886 449 3124 521 τοσαύτη
3167 449 3450 523 παροινίας
3477 450 3653 514 Ὀλως
3694 451 3800 521 γάρ

2117 543 2421 613 ἐτόλμησαν
2459 543 2509 594 οί
2547 539 2920 612 προσήκοντές
2960 555 3044 592 σοι
3081 539 3266 609 διᾶραι
3305 538 3481 606 στόμα
3518 538 3656 607 πρὸς
3679 537 3800 602 τοὺς

2117 630 2241 699 ἐμοὶ
2258 629 2617 699 διαφέροντας
2640 643 2655 690 ;
2693 628 2790 681 καὶ⁵
2819 628 2919 680 οὐκ
2939 626 3251 696 ἐνενόησαν,
3272 626 3397 679 ὅσον
3417 625 3476 677 r6
3498 626 3664 694 μέσον
3687 625 3798 678 ἐστὶ

2120 717 2323 788 μεταξὺ
2343 717 2530 787 ήμῶν;
2553 715 2725 768 Πόθεν
2743 717 2854 786 γάρ
2875 733 2956 768 σοι
2976 714 3044 768 τά
3062 715 3163 785 τῆς
3182 713 3444 785 εὐπορίας
3463 713 3671 781 ταύτης
3711 729 3798 780 γεη-

2116 803 2340 874 γένηται
2363 821 2378 870 ;
2409 804 2510 857 οὐκ
2541 805 2606 855 ἐκ
2641 803 2741 873 τῆς
2775 803 2914 873 ἐμῆς
2947 802 3276 873 κηδεμονίας
3294 801 3428 866 ιτίς
3447 801 3503 854 δέ
3525 818 3585 854 σε
3608 803 3690 863 είς
3708 803 3800 853 ἀν-

2116 889 2370 962 θρώπους
2404 890 2634 962 ὀφθῆναι
2671 888 3008 960 πεποίηκας
3047 889 3148 943 οὐκ
3184 887 3296 958 ἐγὼ
3333 889 3454 943 ἀντὶ
3478 888 3696 942 πάντων
3718 905 3801 940 σοι

2113 976 2376 1046 γεγονὼς,
2398 977 2492 1031 καὶ
2512 977 2613 1047 τὴν
2632 977 2838 1047 πατρός
2859 993 2942 1030 σοι
2961 974 3152 1046 χρείαν
3170 973 3261 1027 διά
3280 976 3502 1030 πάντων
3529 973 3800 1039 ἐπιδειξά-

2117 1077 2279 1130 μενος
2297 1081 2312 1128 ;
2331 1063 2547 1128 Ταύτας
2571 1080 2659 1134 μοι
2677 1062 2777 1128 τὰς
2796 1061 3033 1132 ἀμοιϐὰς
3053 1060 3320 1124 ἀποδίδως
3337 1061 3437 1131 τῆς
3457 1060 3656 1130 πολλῆς
3675 1059 3803 1130 περὶ

2116 1148 2176 1201 σὲ
2212 1147 2545 1219 θεραπείαςς
2597 1151 2784 1203 ταῦτα
2821 1147 3055 1212 ἐλπίζων
3092 1146 3371 1218 πανταχοῦ
3410 1164 3469 1201 σε
3510 1148 3627 1216 μετ’
3667 1146 3800 1216 ἐμοῦ

2122 1237 2413 1307 περιῆγον;
2450 1237 2653 1301 Ἔστω,
2673 1237 2828 1290 οὐδὲν
2858 1236 2967 1289 τῶν
3003 1236 3374 1308 ὑπηργμένων
3411 1252 3494 1289 σοι
3515 1234 3645 1304 παρ’
3665 1233 3801 1304 ἐμοῦ

2113 1323 2196 1386 είς
2233 1323 2442 1377 ἔννοιαν
2475 1322 2668 1387 ἐλαϐες
2687 1339 2702 1355 ’
2735 1323 2838 1376 κάν
2859 1340 2961 1391 μου
2981 1322 3112 1391 γοῦν
3129 1324 3190 1377 r6
3209 1323 3280 1393 γῆ
3289 1339 3388 1393 ρας
3408 1321 3722 1391 αίδεσθῆναί
3744 1338 3802 1373 σε

2114 1411 2216 1463 οὐκ
2234 1410 2422 1481 ἐχρῆν,
2445 1412 2541 1464 καί
2557 1410 2785 1482 τιμῆσαι
2804 1409 2904 1474 τὰς
2924 1409 3118 1474 πολιὰς
3136 1411 3238 1472 τὰς
3256 1411 3398 1480 ἐμάς
3417 1428 3434 1476 ;
3467 1409 3628 1462 ’Δλλά
3649 1426 3804 1480 περι.

2114 1498 2253 1562 εἶδες
2283 1500 2411 1562 τοὺς
2442 1498 2711 1570 ποιμένας
2730 1498 2856 1561 τοὺς
2876 1500 3004 1560 σοὺς
3024 1498 3498 1570 ἐμπαροινοῦντας
3515 1501 3631 1562 τοῖς
3651 1499 3676 1550 ἐ
3684 1501 3805 1568 μοῖς

2113 1583 2390 1654 ποιμέσιν,
2408 1584 2509 1637 οὐκ
2528 1584 2686 1648 είδὼς
2703 1586 2784 1639 ὃτι
2806 1584 3046 1656 ῶσπερὴ
3068 1587 3148 1649 είς
3163 1585 3409 1650 ἐκείνους
3427 1585 3581 1654 ὕϐρις
3602 1586 3684 1648 είς
3703 1585 3805 1655 ἐμὲ

2111 1669 2399 1741 διαϐαίνει,
2412 1670 2556 1726 οὕτω
2575 1672 2672 1728 καὶ⁵
2689 1674 2724 1743 ή
2745 1673 2968 1728 ἐκείνων
2988 1673 3293 1747 προπέτεια
3312 1675 3392 1738 είς
3411 1672 3475 1740 σέ⁴
3491 1672 3590 1744 τὴν
3605 1673 3807 1742 ἀναφο-

2117 1758 2216 1832 ράν
2235 1759 2370 1831 εχει.

2182 1864 2245 1918 δ’.
2290 1864 2430 1919 Ἀλλ’
2449 1865 2600 1920 οὐδὲν
2617 1866 2822 1921 τούτων
2841 1867 2869 1922 6
2885 1866 3095 1930 δίκαιος
3113 1863 3237 1922 οὔτε
3259 1867 3340 1930 είς
3354 1865 3598 1921 διάνοιαν
3615 1866 3806 1920 λαϐεῖν

2113 1950 2457 2016 κατεδέξατο,
2478 1953 2614 2007 ἀλλά
2651 1953 2828 2008 πάντα
2860 1953 3103 2009 τοιοῦτον
3133 1953 3393 2026 λογισμὸν
3411 1954 3800 2024 ἀπωσάμενος,

2112 2039 2233 2105 ἐνὸς
2263 2047 2472 2108 γίνεται
2510 2042 2694 2113 μόνου,
2717 2043 2867 2108 ὅπως
2897 2044 2995 2098 καὶ
3023 2041 3124 2115 τὴν
3144 2043 3447 2114 μέλλουσαν
3466 2042 3802 2108 ἐξάπτεσθαι

2112 2125 2448 2196 φιλονεικίαν
2467 2129 2800 2202 κατασϐέσῃ,
2823 2131 2918 2184 καὶ
2934 2129 3026 2184 τὸν
3045 2129 3322 2202 χωρισμὸν
3339 2129 3564 2194 ἀλύπως
3583 2133 3804 2202 ἐπινοή-

2111 2231 2214 2277 σας
2245 2213 2427 2285 πάσης
2459 2217 2707 2288 ταραχῆς
2742 2217 2899 2282 ἐκτὺς
2931 2221 3136 2291 ποιήσῃ
3153 2220 3252 2290 τήν
3271 2219 3468 2272 οἰκίαν.
3495 2221 3621 2273 Οὐκ
3647 2219 3802 2285 ίδοὺ,

2111 2301 2268 2370 φησὶ,
2289 2300 2458 2357 πᾶσα
2495 2305 2534 2370 ὴ
2573 2303 2651 2373 γῆ
2693 2305 2975 2359 ἐναντίον
3011 2319 3129 2360 σου
3169 2306 3334 2366 ὲστί;
3372 2306 3806 2374 Διαχωρίσθητι

2110 2386 2212 2440 ἀπ’
2231 2387 2378 2456 ἐμοῦ
2399 2407 2412 2421 ⁸
2456 2393 2508 2443 εί
2547 2390 2630 2444 σὺ
2663 2393 2750 2457 είς
2768 2390 2956 2456 δεξιὰ,
2978 2391 3094 2461 ἐγὼ
3112 2394 3202 2458 είς
3219 2390 3502 2461 ἀριστερὰ
3521 2409 3534 2422 ⁸
3559 2395 3610 2446 ει
3633 2393 3702 2447 δὲ
3720 2395 3805 2448 σὺ

2108 2475 2213 2538 εἰς’
2234 2473 2540 2543 ἀριστερὰ,
2566 2475 2682 2546 ἐγὼ
2718 2480 2806 2543 είς
2844 2476 3029 2541 δεξιά.
3048 2477 3192 2547 Ὅρα
3226 2477 3325 2548 τήν
3363 2479 3670 2531 ἐπιείκειαν
3709 2479 3804 2532 τοῦ

2107 2557 2342 2615 δικαίου.
2365 2563 2587 2627 Δεικνῦς
2624 2562 2733 2631 γὰρ
2770 2563 2919 2634 αὐτῷ
2937 2563 3026 2616 διά
3044 2563 3153 2618 τῶν
3174 2564 3540 2634 πραγμάτων,
3582 2567 3668 2621 ὅτι
3704 2569 3804 2638 οὐχ

2109 2646 2251 2702 ἑκὼν
2267 2647 2427 2702 τοῦτο
2446 2652 2608 2718 ποιεῖ,
2620 2651 2742 2704 οὐδὲ
2763 2649 3087 2722 βουλόμενος
3101 2651 3266 2705 αὑτὸν
3282 2652 3642 2724 χωρισθῆναι,
3664 2655 3806 2711 ἀλλά

2106 2733 2196 2789 διά
2213 2736 2312 2806 τήν
2328 2737 2428 2806 τῆς
2447 2737 2779 2806 φιλονεικίας
2799 2739 3070 2810 ἀνάγκην,
3089 2740 3184 2794 καὶ
3202 2739 3342 2794 ῶστε
3365 2739 3439 2811 μὴ
3461 2742 3690 2812 διηνεκῆ
3711 2744 3806 2798 τὸν

2109 2822 2344 2895 πόλεμον
2383 2820 2521 2878 εἶναι
2560 2825 2618 2878 ἐν
2636 2828 2703 2901 τῇ
2723 2827 2893 2897 οίκίᾳ,
2917 2826 3248 2891 σκόπει’πῶς
3265 2828 3353 2882 διά
3370 2828 3478 2881 τῶν
3499 2829 3678 2897 λόγων
3699 2849 3803 2884 κα-

2105 2913 2408 2984 ταπραΰνει
2445 2913 2611 2968 αὐτοῦ
2650 2915 2750 2986 τὴν
2787 2915 3128 2988 φλεγμονὴν,
3167 2918 3263 2971 καὶ
3297 2917 3446 2989 αὐτῷ
3482 2921 3668 2973 πᾶσαν
3704 2921 3806 2991 τὴν

2106 2998 2354 3064 ἐξουσίαν
2386 3000 2570 3055 δίδωσι
2606 3002 2709 3070 τῆς
2746 3001 3001 3074 ἐκλογῆς,
3024 3006 3119 3059 καὶ
3155 3006 3478 3080 προτίθησιν
3515 3008 3670 3080 αὐτῷ
3701 3011 3806 3080 τὴν

2105 3085 2208 3157 γῆν
2230 3086 2472 3151 ἃπασαν,
2494 3089 2587 3142 καί
2608 3105 2775 3159 φησιν
2793 3106 2808 3122 ·
2834 3092 2957 3146 οὐκ
2999 3092 3130 3147 ίϐοὺ
3169 3093 3340 3149 πᾶσα
3358 3095 3396 3163 ἠ
3419 3093 3497 3164 γῆ
3516 3096 3808 3152 ἐναντιον

2106 3186 2222 3226 σου
2238 3190 2256 3238 ;
2278 3175 2381 3227 Ἢν
2400 3174 2467 3228 ἀν
2490 3174 2677 3250 βούλῃ,
2691 3175 2838 3241 ἑλοῦ,
2856 3177 3012 3244 κάγὼ
3030 3180 3248 3251 ἐκείνην
3267 3181 3637 3253 καταδέξομαι
3659 3187 3805 3254 μετά

2109 3258 2308 3330 πολλῆς
2344 3262 2443 3332 τῆς
2478 3263 2696 3332 ήδονῆς,
2719 3265 2786 3335 ῆν
2819 3265 2886 3320 ἂν
2919 3266 3079 3329 αὐτὸς
3100 3267 3424 3340 καταλίπῃς.
3448 3270 3682 3344 Μεγάλη
3703 3275 3803 3329 τοῦ

2103 3346 2313 3401 δικαίου
2349 3350 2384 3419 ή
2427 3350 2738 3419 φιλοσοφία.
2797 3353 2896 3408 Διά
2933 3355 3155 3408 πάντων
3191 3356 3504 3428 ἀνεπαχθὴς
3543 3351 3801 3428 βούλεται

2105 3436 2360 3505 γενέσθαι
2378 3438 2457 3510 τῷ
2477 3439 2761 3512 ἀδελφιδῷ.
2781 3440 2998 3515 Ἐπειδὴ
3019 3443 3148 3512 7&9,
3164 3445 3352 3514 φησὶν,
3367 3447 3505 3519 ὅπερ
3523 3451 3627 3503 οὐκ
3646 3451 3802 3505 ἐϐου-

2103 3525 2299 3612 λόμην,
2319 3528 2479 3582 τοῦτο
2515 3528 2747 3596 γίνεται,
2772 3531 2869 3583 καὶ
2904 3530 2992 3584 ἵνα
3024 3531 3091 3584 τά
3114 3532 3213 3603 τῆς
3236 3533 3566 3601 φιλονεικίας
3589 3541 3799 3612 παυθῇ,

2101 3611 2195 3664 τὸν
2214 3613 2493 3684 χωρισμὸν
2511 3614 2729 3685 ἀνάγκη
2751 3617 3053 3689 συμϐῆναι·
3076 3618 3166 3672 διὰ
3185 3619 3342 3674 τοῦτό
3365 3639 3423 3675 σε
3445 3623 3638 3694 κύριον
3659 3629 3801 3683 καθ-

2106 3699 2296 3769 ίστημι
2332 3700 2434 3771 τῆς
2453 3702 2740 3773 αίρέσεως,
2763 3704 2858 3758 καὶ
2875 3703 2974 3776 τὴν
2995 3705 3247 3772 ἐξουσίαν
3269 3725 3352 3761 σοι
3371 3711 3554 3764 πᾶσαν
3573 3714 3798 3787 δίδωμι,

2102 3787 2191 3840 ἵνα
2209 3789 2277 3859 ἢν
2298 3788 2364 3842 ἂν
2384 3790 2614 3863 νομίσῃς
2632 3787 2771 3844 εἶναι
2787 3793 3125 3864 τιμιωτέραν
3140 3795 3265 3866 γῆν,
3280 3797 3499 3869 ἐκείνην
3514 3800 3797 3872 ἑλόμενος,

2101 3874 2200 3946 τὴν
2235 3876 2429 3948 λοιπὴν
2464 3879 2588 3947 ἐμοὶ
2627 3878 3111 3955 καταλίπῃςῘΑρα
3151 3886 3394 3941 ἄντοῦτο
3414 3891 3639 3961 ποιῆσαί
3658 3896 3798 3949 ποτέ

2101 3980 2183 4026 τις
2205 3963 2525 4028 κατεδέξατο
2545 3964 2681 4036 πρὸς
2698 3966 2940 4038 ὁμήλικα
2959 3970 3209 4040 ἀδελφὸν,
3238 3973 3378 4046 ὅπερ
3397 3977 3426 4028 6
3445 3981 3797 4050 πατριάρχης

2102 4050 2238 4137 πρὸς
2255 4051 2344 4104 τὸν
2365 4051 2684 4137 ἀδελφιδοῦν
2703 4054 3019 4121 ἐπεδείξατο
3039 4075 3052 4123 ;
3078 4059 3140 4113 El
3160 4060 3269 4132 7&9
3289 4063 3385 4116 καὶ
3404 4064 3568 4128 αὐτὸς
3590 4069 3794 4137 προλα-

2099 4135 2211 4188 ϐὼν
2246 4137 2344 4208 τὴν
2369 4136 2516 4210 [557]
2540 4138 2770 4210 ἐκλογὴν
2811 4145 3203 4214 ποιησάμενος,
3226 4150 3323 4202 καὶ
3341 4149 3410 4205 τά
3428 4135 3677 4221 πρωτεῖα
3697 4157 3795 4210 λα-

2100 4222 2210 4275 ϐὼν
2233 4222 2628 4307 παρεχώρησεν
2648 4227 2844 4297 ἐκείνῳ
2864 4230 2932 4282 τά
2953 4231 3370 4302 ὑπολειφθέντα,
3391 4239 3510 4307 οὐχὶ
3532 4243 3628 4293 καὶ
3645 4243 3796 4298 οὕτω

2101 4310 2242 4378 μέγα
2258 4305 2326 4381 ἦν
2343 4311 2406 4363 r6
2426 4313 2558 4383 παρ’
2577 4313 2743 4367 αὑτοῦ
2764 4317 3047 4386 γινόμενον
3073 4337 3087 4386 ;
3134 4322 3272 4376 Ἀλλ’
3293 4324 3443 4395 ὅμως
3458 4305 3790 4397 βουλόμενος

2097 4397 2326 4487 καὶ-
2365 4398 2568 4487 ἀρετῆς
2602 4400 2776 4466 δεῖξαι
2815 4404 2912 4475 τὴν
2955 4406 3281 4479 ὑπερϐολήν,
3307 4412 3400 4465 καὶ
3429 4415 3523 4467 τοῦ
3545 4417 3668 4469 νέου
3689 4419 3791 4487 τὴν

2095 4483 2394 4574 ἐπιθυμίαν
2424 4486 2726 4574 ἐμπλῆσαι,
2747 4488 2888 4544 ῶστε
2911 4492 3183 4563 μηδεμίαν
3218 4497 3328 4550 ἀπὸ
3361 4498 3456 4552 τοῦ
3499 4483 3786 4574 χωρισμού

2096 4569 2346 4659 γενέσθαι
2383 4571 2562 4643 λύπης
2600 4575 2878 4646 ἀφορμὴν,
2904 4579 3055 4649 αὑτῷ
3093 4582 3318 4653 προθεὶς
3338 4569 3558 4640 ἃπασαν
3578 4569 3788 4659 τὴν-ἐξ-

2095 4656 2303 4749 ουσίαν,
2328 4660 2490 4749 φησίν
2507 4677 2524 4749 γ’
2560 4661 2715 4716 Ἰδοὺ
2735 4663 2906 4720 πᾶσα
2929 4668 2967 4734 ἠ
2995 4668 3070 4737 γῆ
3090 4669 3374 4727 ἐναντίον
3393 4692 3510 4730 σου
3534 4695 3547 4708 ·
3570 4656 3789 4749 διάχφ.

2087 4743 2329 4831 ρίσοητι
2366 4747 2468 4801 ἀπ’
2489 4748 2659 4816 ἐμοῦ,
2682 4753 2778 4804 καὶ
2813 4753 2933 4807 οίαν
2965 4755 3033 4809 ἂν
3075 4757 3238 4831 βούλῃ
3277 4761 3420 4815 ἑλοῦ.
3441 4765 3572 4819 Δέον
3600 4743 3786 4822 τοίνυν

2093 4830 2183 4882 τὸν
2200 4831 2516 4925 ἀδελφιδοῦν
2535 4837 2805 4909 τοσαύτης
2823 4841 3128 4908 ἐπιεικείας
3150 4830 3478 4918 πειραθέντα
3498 4853 3784 4925 ἀντιτιμῆο

2094 4932 2183 5012 σαι
2201 4917 2290 5012 τὸν
2311 4937 2418 5012 πατ
2427 4920 2681 5012 ριάρχην.
2697 4927 2792 4979 καὶ
2813 4927 3013 4996 μᾶλλον
3030 4931 3193 4985 αὐτὸν
3210 4917 3358 5004 αύτῷ
3375 4917 3782 5012 παραχωρῆσαι

2090 5005 2189 5095 τῆς
2216 5006 2483 5077 αίρέσεως
2501 5010 2599 5079 τήν
2621 5011 2876 5086 ἐκλογήν.
2898 5015 3187 5090 Είώθαμεν
3205 5021 3313 5094 γάρ
3333 5005 3710 5095 πως-ἅπαντες
3732 5035 3782 5087 εί

2095 5092 2185 5146 Ξνθ
2195 5111 2390 5186 ρωποι,
2407 5097 2627 5153 ἐπειδὰν
2646 5101 3046 5170 ἀντιτείνοντας
3068 5109 3166 5178 μὲν
3188 5092 3384 5182 ἴδωμεν
3403 5115 3531 5178 τοὺς
3556 5092 3782 5186 μέλλον-

2087 5197 2187 5244 τας
2224 5181 2360 5274 πρὸς
2397 5186 2548 5274 ήμᾶς
2585 5203 2639 5274 τι
2678 5189 3054 5261 διερευνᾶσθαι
3075 5198 3171 5250 καὶ
3191 5181 3626 5270 φιλονεικοῦντας
3664 5213 3780 5274 τοῖς

2089 5269 2375 5364 πρωτείοις
2411 5271 2715 5364 ἐπιπηδᾷν,
2758 5275 2833 5364 μὴ
2870 5279 3160 5350 ἀνέχεσθαι
3198 5269 3615 5354 ἐλαττοῦσθαι,
3636 5269 3778 5364 μηδέ

2088 5353 2346 5448 ἐνδιδόναι
2367 5357 2549 5448 αὐτοῖς
2563 5359 2728 5448 ’γὸταν
2746 5363 2803 5418 δέ
2824 5370 3288 5440 παραχωροῦντας
3309 5353 3652 5448 θεασώμεθα,
3678 5353 3776 5436 καὶ

2089 5441 2506 5539 καθυφειμένοις
2528 5447 2736 5539 ῥήμασι
2756 5452 2856 5524 τὴν
2875 5454 3123 5521 ἐξουσίαν
3159 5458 3378 5515 ἀπασαν
3397 5441 3529 5534 ἡμίν
3547 5468 3744 5539 ἐπιτρὲ
3760 5501 3774 5512 -

2087 5543 2308 5625 ποντας,
2331 5530 2521 5625 ῶσπερ
2539 5535 2841 5625 αἰδούμενοι
2862 5541 2960 5612 τὴν
2981 5544 3180 5616 πολλὴν
3201 5530 3523 5614 ἐπιείκειαν,
3546 5555 3642 5605 καὶ
3669 5530 3771 5625 τῆς

2087 5617 2415 5684 φιλονεικίας
2434 5621 2802 5693 ἀφιστάμεθα,
2820 5630 2914 5682 καὶ
2935 5632 3096 5684 πάλιν
3119 5636 3561 5708 ἁντιστρέφοντες
3584 5617 3771 5695 πᾶσαν

2086 5705 2183 5772 τὴν
2223 5703 2470 5768 ἐξουσίαν
2509 5714 2962 5784 παραχωροῦμεν,
2985 5719 3088 5772 κᾶν
3125 5723 3366 5776 ἐλάττων
3399 5721 3536 5778 εἶναι
3573 5728 3705 5797 δοκῇ
3737 5732 3769 5784 6

2092 5791 2219 5863 προ,
2243 5794 2388 5859 ἡμᾶς
2408 5794 2853 5871 διερευνώμενος..
2880 5803 3140 5875 Ὁφείλων
3166 5811 3341 5864 τοίνυν
3364 5815 3454 5866 καὶ
3474 5817 3501 5865 6
3521 5813 3645 5867 Λὼτ
3669 5817 3762 5868 ἐπὶ
