4058 6384
264 350 371 406 1040

264 468 492 523 advena:
520 463 609 519 hic
636 462 896 519 venaturi
920 470 1066 525 sunt,
1095 476 1231 529 quos
1257 458 1708 525 mansuetudinis,
1732 457 1869 513 leni-

267 562 414 623 tatis,
441 568 499 613 et
528 556 704 610 omnis
741 552 1095 624 philosophia:
1132 552 1383 609 doctores
1420 565 1541 606 esse
1563 548 1866 619 oportebat,

265 653 410 705 inter
453 665 514 705 se
557 647 885 703 contendere
925 654 980 701 et
1007 644 1329 716 digladiari?
1354 644 1589 699 Audiam
1632 641 1751 697 lucc
1778 641 1869 711 qui

262 752 508 799 secxtra
552 738 1032 809 reprehensionem
1079 745 1271 808 putant
1317 750 1458 800 esse,
1501 733 1718 805 quando
1745 746 1869 803 pro-

264 841 387 901 pter
420 829 833 884 familiaritatem
856 825 1169 897 propinquis
1198 825 1311 879 suis
1336 824 1627 880 connivcnt
1652 822 1870 892 rapien-

267 924 435 986 tibus,
481 920 895 990 decipientibus,
928 921 1091 973 multa
1141 917 1282 971 mala
1331 916 1784 980 machinantihus,
1814 923 1871 969 et

268 1014 320 1067 in
350 1013 677 1076 civitatibus,
707 1020 765 1066 et
791 1012 843 1065 in
864 1010 1027 1080 agris,
1052 1007 1424 1063 auferentibus
1449 1022 1480 1060 a
1507 1006 1697 1061 vicinis
1727 1020 1873 1061 nunc

266 1117 480 1171 agrum,
529 1116 672 1157 nunc
716 1099 958 1165 domum,
990 1114 1161 1168 eaque
1199 1098 1267 1152 de
1307 1111 1467 1153 causa
1518 1096 1708 1165 majori
1736 1094 1872 1149 tales

270 1191 520 1246 homines
560 1189 933 1246 benevolentia
975 1198 1394 1259 prosequuntur.
1434 1186 1566 1242 Nam
1605 1187 1729 1241 licet
1766 1185 1869 1239 ini-

267 1298 435 1352 quum
457 1296 595 1351 opus
623 1280 693 1334 ab
713 1279 821 1336 alio
847 1288 1115 1349 patratum
1144 1283 1233 1345 sit,
1274 1288 1450 1333 tamen
1480 1284 1535 1332 et
1564 1278 1679 1347 ipse
1709 1290 1874 1344 nego-

271 1372 327 1427 tii
358 1372 627 1442 particeps
654 1368 803 1425 fuisti
832 1388 846 1422 :
878 1385 983 1423 non
1013 1369 1189 1423 solum
1217 1367 1359 1438 quod
1382 1360 1671 1422 oblecteris
1702 1364 1865 1431 facto,

268 1471 327 1516 et
367 1461 561 1517 credas
606 1460 731 1516 inde
772 1459 1113 1515 facultatibus
1148 1460 1257 1513 tuis
1296 1459 1687 1513 incrementum
1716 1470 1872 1511 acce-
1926 1470 1937 1477 ‘

268 1551 440 1617 dere;
472 1551 567 1607 sed
593 1550 738 1621 quod
780 1549 1084 1620 prohibeas,
1114 1565 1183 1604 ne
1235 1550 1439 1603 facinus
1481 1548 1871 1602 committatur.

271 1643 405 1698 Nam
427 1643 515 1712 qui
547 1641 834 1711 prohibere
853 1648 1032 1712 potest
1055 1655 1178 1697 eum
1206 1639 1296 1709 qui
1324 1638 1573 1709 injuriam
1602 1637 1785 1703 infert,
1820 1644 1877 1691 et

272 1750 381 1789 non
431 1729 700 1804 prohibet,
743 1733 790 1789 is
826 1748 933 1788 non
979 1733 1245 1789 minorem
1291 1732 1404 1788 luet
1433 1745 1669 1801 poenam,
1712 1744 1876 1801 quam

269 1826 361 1895 qui
395 1825 644 1895 injuriam
670 1823 852 1879 infert.

286 1952 295 1959 -
314 1956 319 1969 .
344 1920 387 1972 Α
407 1917 733 1989 fraadibaset
754 1916 950 1986 rapinis
967 1924 1239 1969 avocat.—
1251 1912 1490 1970 Obsecro
1506 1913 1687 1983 igitur,
1706 1927 1774 1965 ne
1789 1925 1876 1966 se-

271 2008 535 2064 ducamus
561 2008 942 2077 nosmetipsos,
965 2005 1060 2062 sed
1084 2018 1140 2061 et
1165 2006 1264 2076 ipsi
1294 2004 1557 2075 fugiamus
1583 2002 1797 2072 rapinas
1820 2008 1877 2056 et

274 2101 514 2167 fraudes,
559 2109 616 2154 et
656 2116 722 2156 ex
765 2098 1064 2154 istiusmodi
1106 2098 1314 2153 artibus
1333 2098 1693 2151 emolumenta
1716 2103 1770 2148 et
1792 2094 1877 2148 lu-

272 2210 406 2250 cra:
458 2203 514 2249 et
555 2191 845 2247 familiares
883 2200 1097 2245 nostros
1140 2189 1472 2255 erudiamus,
1505 2203 1574 2243 ne
1606 2186 1736 2257 quid
1768 2185 1875 2241 tale

271 2293 589 2354 aperentur.
620 2282 734 2337 Non
764 2282 907 2337 enim
949 2282 1053 2337 hoc
1084 2295 1183 2336 nos
1223 2282 1461 2335 insontes
1496 2286 1738 2349 pmtat,
1779 2276 1875 2331 sed

276 2376 459 2445 [altius
484 2374 675 2443 majori
702 2372 1136 2429 condemnationi
1163 2372 1427 2428 obnoxios
1445 2390 1458 2426 :
1477 2372 1603 2441 quia
1621 2370 1673 2423 in
1705 2370 1875 2424 nostri

273 2467 501 2538 gratiam
531 2466 605 2521 illi
634 2481 784 2521 suam
814 2466 1125 2521 amittentes
1159 2466 1411 2531 salutem,
1439 2463 1752 2533 iniustitiam
1782 2477 1878 2517 au-

273 2561 427 2627 dent,
456 2568 513 2615 et
539 2560 638 2630 ipsi
668 2560 720 2614 in
752 2560 1043 2629 perniciem
1072 2568 1264 2613 euntes
1292 2571 1392 2612 nos
1421 2571 1604 2612 secum
1637 2556 1870 2625 rapiunt.

276 2651 429 2719 Quod
455 2651 501 2706 si
531 2650 716 2721 vigiles
745 2665 868 2705 esse
895 2648 1243 2714 voluerimus,
1272 2656 1329 2704 et
1355 2647 1456 2717 ipsi
1482 2647 1551 2702 ab
1585 2661 1653 2702 eo
1678 2646 1877 2700 damno

278 2740 645 2797 liberabimur.
701 2746 759 2794 et
809 2739 933 2793 illos
969 2754 1000 2793 a
1031 2738 1187 2793 malis
1225 2738 1508 2793 conatibus
1547 2736 1874 2790 arcebimus.

280 2832 450 2888 Porro
498 2846 565 2886 ne
614 2830 745 2885 mihi
783 2829 932 2885 dicas
972 2829 1161 2884 frivola
1212 2828 1302 2883 illa
1346 2825 1716 2882 verbazNihil
1744 2824 1876 2880 mihi

276 2940 424 2981 cura:
464 2933 567 2979 est.
612 2922 878 2993 Numquid
906 2938 1008 2993 ego
1031 2922 1231 2992 rapui?
1259 2920 1404 2976 Nihil
1444 2919 1575 2974 mihi
1620 2935 1683 2975 ea
1722 2919 1789 2973 de
1818 2934 1879 2974 re

278 3022 523 3070 constat:
553 3012 689 3067 alius
713 3011 860 3077 fecit,
883 3027 989 3067 non
1014 3010 1086 3066 fui
1110 3010 1385 3081 particeps
1406 3009 1699 3078 injustitiaa.
1731 3008 1879 3063 Praz-

280 3115 458 3161 textus
486 3103 574 3158 illa
614 3112 760 3168 sunt,
788 3112 845 3158 et
875 3103 1034 3157 inane
1073 3111 1464 3156 commentum.
1492 3098 1548 3155 Si
1583 3099 1666 3154 vis
1693 3099 1879 3153 decla-

280 3211 404 3251 rare
430 3205 481 3251 te
504 3209 610 3250 non
634 3205 942 3250 consortem
978 3193 1145 3248 fuisse
1179 3192 1474 3263 injustitize,
1502 3205 1677 3261 neque
1702 3187 1879 3243 avari-

282 3287 369 3342 tia:
393 3284 685 3352 studuisse,
706 3284 933 3342 emenda
961 3285 1182 3351 factum,
1210 3284 1389 3339 solare
1413 3282 1537 3339 eum
1567 3282 1659 3353 qui
1686 3280 1877 3351 injuria

280 3378 504 3434 all‘cctus
524 3387 627 3443 est,
664 3377 832 3434 redde
861 3377 1061 3432 ablata.
1090 3378 1182 3431 Sic
1207 3376 1351 3432 enim
1383 3385 1437 3432 et
1464 3374 1693 3444 teipsum
1713 3390 1743 3427 a
1770 3374 1877 3428 cri-

280 3470 519 3525 minibus
546 3468 820 3535 liberabis,
849 3477 904 3523 et
926 3482 1049 3522 eum
1075 3468 1167 3535 qui
1192 3466 1438 3537 injuriam
1468 3465 1593 3520 fecit
1614 3464 1874 3534 corriges,

280 3560 326 3615 si
369 3560 746 3625 declaraveris,
788 3560 905 3614 haec
944 3574 1049 3613 non
1090 3558 1256 3613 fuisse
1278 3558 1418 3612 facta
1457 3556 1754 3612 secundum
1787 3570 1880 3608 voc

283 3654 543 3708 luntatem
589 3661 757 3714 tuam,
796 3660 852 3707 et
878 3652 1166 3706 consolans
1192 3665 1503 3720 pauperem,
1538 3665 1644 3703 nou
1685 3648 1881 3703 siveris

282 3759 408 3798 eum
448 3759 480 3797 a
528 3742 745 3798 tristitia
786 3742 1086 3808 absorberi,
1127 3757 1286 3812 quam
1328 3741 1522 3796 ablatis
1570 3741 1727 3795 bouis
1771 3739 1882 3793 suis

285 3849 543 3903 passurus
562 3845 699 3888 erat.
730 3830 814 3888 Ne
837 3835 924 3900 sit,
954 3833 1147 3904 inquit,
1172 3834 1288 3887 rixa
1313 3834 1446 3887 inter
1479 3848 1557 3885 me
1584 3842 1628 3885 et
1654 3842 1721 3898 te,
1754 3832 1884 3886 inter

285 3935 512 3994 pastores
539 3940 674 3979 meos
699 3933 743 3978 et
768 3932 901 3989 tuos,
941 3924 1061 3993 quia
1087 3924 1313 3979 homines
1340 3925 1525 3993 fratres
1550 3939 1641 3977 nos
1684 3938 1879 3977 sumus.

290 4016 477 4070 Vidisti
545 4015 1056 4070 mansuetudinem?
1120 4017 1301 4073 vidisti
1361 4016 1676 4071 lenitatem?
1743 4016 1883 4072 Audi

284 4116 341 4161 ct
392 4109 694 4177 sequentia,
748 4117 806 4161 ut
855 4106 1034 4163 discas
1084 4109 1440 4164 excellentem
1486 4111 1604 4179 ejus
1641 4109 1882 4180 philoso-

288 4201 490 4270 phiam.
530 4199 813 4267 Quomodo
856 4201 1017 4270 igitur
1058 4201 1172 4255 rixa
1210 4201 1501 4266 dirimitur,
1530 4212 1582 4256 et
1609 4202 1885 4257 contentio

288 4294 680 4363 restinguitur?
732 4293 787 4350 9.
840 4292 974 4347 Ecce
1017 4294 1182 4347 omnis
1219 4304 1373 4357 terra,
1403 4294 1596 4363 inquit,
1635 4310 1809 4347 coram
1839 4305 1886 4349 te

283 4397 377 4439 est.
402 4384 615 4438 Discede
634 4402 666 4437 ο
686 4401 768 4438 me
787 4402 807 4439 ε
832 4385 875 4439 si
902 4394 955 4438 tu
984 4385 1053 4437 ad
1076 4384 1353 4449 sinistram,
1383 4401 1474 4455 ego
1494 4387 1561 4438 ad
1587 4386 1885 4450 dexteram;

285 4479 331 4531 si
371 4488 425 4529 tu
468 4476 536 4529 ad
563 4476 844 4541 dexteram,
890 4493 983 4547 ego
1012 4477 1080 4533 ad
1126 4478 1407 4531 sinistram.
1450 4477 1650 4533 Tecum
1696 4488 1883 4548 reputa

288 4565 704 4637 pluilosuphiam,
728 4576 783 4623 et
803 4568 1068 4638 insignem
1093 4570 1408 4624 modestiam
1432 4569 1755 4641 hujusjusti.
1779 4571 1883 4626 Sed

286 4667 409 4709 ante
436 4655 585 4720 lucc,
618 4659 845 4713 obsecro
869 4699 883 4719 .
926 4660 1097 4729 cogita
1150 4671 1405 4730 quantum
1444 4676 1511 4716 ex
1549 4662 1749 4717 divitiis
1795 4662 1888 4717 da-

290 4762 498 4813 mnum,
526 4756 580 4801 et
607 4756 804 4816 quanta
839 4764 904 4804 ex
934 4751 1115 4804 multis
1158 4752 1349 4819 Opibus
1378 4754 1673 4808 contentio.
1718 4756 1887 4809 Aucta

289 4848 413 4891 sunt
451 4848 717 4903 armenta,
766 4840 1098 4908 multiplicati
1133 4856 1345 4911 greges,
1387 4842 1711 4900 afﬂuxerunt
1747 4845 1887 4900 divi-

291 4927 377 4981 tia:
423 4929 627 4994 multae,
668 4940 725 4984 et
764 4931 947 4984 statim
985 4931 1304 4988 discinditur
1345 4936 1671 4991 concordia:
1701 4948 1755 4992 et
1786 4938 1885 4993 ubi

286 5030 401 5073 erat
432 5035 532 5089 pax
561 5028 617 5074 et
638 5022 879 5078 caritatis
907 5024 1201 5093 vinculum,
1236 5041 1378 5082 nunc
1404 5031 1542 5095 rixa,
1572 5041 1626 5085 et
1656 5042 1885 5086 conten-

292 5108 385 5163 tio.
422 5109 521 5164 Ubi
546 5110 689 5165 enim
716 5127 894 5167 meum
922 5123 1162 5180 ettuum,
1192 5117 1301 5172 illic
1328 5134 1489 5174 omne
1517 5120 1689 5175 litium
1717 5138 1886 5192 genus

289 5211 345 5255 et
364 5204 723 5259 contentionis
747 5206 989 5262 occasio:
1024 5208 1110 5263 ubi
1138 5219 1315 5264 autem
1358 5210 1474 5267 brec
1501 5229 1606 5268 non
1634 5225 1778 5281 sunt,
1813 5215 1885 5271 ibi

290 5308 481 5349 secura
510 5305 757 5349 versatur
783 5313 884 5366 pax
924 5309 979 5355 et
1019 5302 1329 5357 concordia.
1362 5304 1425 5357 Et
1456 5304 1571 5360 hzcc
1599 5315 1659 5359 ut
1686 5307 1882 5371 discas.

290 5384 412 5437 audi
458 5383 585 5454 quid
628 5384 769 5441 dicat
812 5388 998 5443 beatus
1032 5390 1205 5446 Lucas
1241 5392 1308 5448 de
1331 5394 1395 5448 iis
1424 5396 1513 5464 qui
1542 5395 1609 5450 ab
1637 5397 1790 5453 initio
1816 5399 1884 5453 ad

292 5474 451 5528 fidem
490 5476 735 5529 conversi
767 5487 911 5531 sunt.
952 5477 1104 5546 Erat,
1136 5480 1327 5550 inquit,
1360 5487 1585 5538 omnium
1613 5503 1700 5540 cor
1725 5504 1883 5541 unum

290 5572 333 5614 :t
357 5564 530 5617 anima
555 5582 661 5618 una
685 5565 840 5634 (Act.
877 5568 932 5622 4.
963 5569 1033 5623 52
1056 5570 1112 5639 );
1148 5587 1252 5625 non
1278 5574 1420 5645 quod
1450 5590 1606 5629 unam
1649 5576 1883 5633 animam

290 5650 571 5707 habuerint
600 5669 809 5723 omnes,
831 5658 1125 5729 (quomodo
1149 5662 1292 5717 enim
1320 5665 1442 5729 hoc,
1470 5683 1591 5722 cum
1624 5670 1675 5723 in
1703 5670 1880 5725 diver-

287 5743 363 5798 sis
384 5746 701 5817 corporibus
732 5748 971 5805 fuerint?
996 5754 1013 5821 )
1057 5754 1149 5809 sed
1181 5760 1523 5816 concordiam
1553 5761 1765 5817 illorum
1790 5780 1875 5817 ar-

1303 345 1367 402 lN
1403 343 1557 403 CAP.
1598 341 1739 399 Xlll.
1779 340 2027 400 GENES.
2069 343 2304 404 ηοωι.
2346 346 2591 407 XXXIII.

3477 354 3576 411 3l0

1978 458 2273 515 ctissimam
2321 462 2477 518 nobis
2515 462 2869 519 demonstrat.
2916 462 3037 521 Jam
3076 468 3181 525 nisi
3220 468 3463 540 plurima:
3496 484 3578 539 pa-

1978 550 2182 606 tientia:
2214 552 2405 609 fuisset
2427 555 2601 625 justus
2631 554 2741 621 ille,
2768 567 2824 613 et
2850 557 3113 628 insignem
3140 574 3252 631 pra:
3278 574 3341 616 se
3368 560 3580 615 tulisset

1974 642 2390 713 philosophiam,
2427 649 2825 705 succensuisset
2855 648 3096 717 forsitan,
3125 660 3183 707 et
3222 651 3296 707 ita
3320 653 3373 708 ei
3409 652 3587 709 dixis-

1976 742 2098 787 set:
2143 734 2276 802 Quis
2308 736 2459 791 furor
2496 738 2627 792 ille?
2660 739 2865 795 Ausiue
2890 748 3015 795 sunt
3040 739 3227 796 famuli
3261 742 3338 797 tul
3360 758 3425 798 os
3448 758 3578 812 ape-

1975 823 2084 876 rire
2111 824 2371 880 adversus
2400 842 2594 896 operas
2623 844 2773 883 meas
2799 829 2825 883 ?
2856 844 2963 883 non
2988 831 3294 901 cogitarunt
3315 844 3580 903 quantum

1977 913 2119 969 inter
2164 930 2263 970 nos
2309 917 2379 971 sit
2421 917 2753 973 discrimen?
2793 919 2945 976 Unde
2983 922 3127 975 enim
3159 922 3254 977 tibi
3288 922 3376 977 illa
3405 923 3577 979 abun-

1975 1005 2205 1061 dantia?
2244 1025 2421 1064 nonne
2463 1025 2528 1065 ex
2568 1028 2685 1066 mea
2728 1014 2897 1067 cura?
2935 1014 3067 1081 Quis
3096 1026 3148 1071 te
3192 1016 3247 1071 in
3298 1019 3578 1072 hominum

1975 1110 2326 1168 conspectum
2355 1102 2618 1168 protulit?
2644 1119 2824 1159 nonne
2850 1119 2952 1175 ego
2972 1107 3059 1175 qui
3088 1118 3185 1177 pro
3210 1108 3462 1163 omnibus
3485 1109 3578 1164 tibi

1976 1185 2073 1252 fui,
2118 1196 2172 1243 et
2223 1190 2388 1257 patris
2432 1190 2527 1245 tibi
2570 1192 2718 1247 vices
2755 1194 2840 1264 egi
2894 1211 2989 1264 per
3025 1197 3247 1252 omnia?
3282 1201 3458 1270 Atque
3484 1200 3580 1255 has

1977 1278 2109 1332 mihi
2158 1294 2256 1348 pro
2304 1290 2382 1336 tot
2425 1283 2738 1340 ministeriis
2774 1287 3051 1342 mercedes
3084 1289 3304 1344 reddis?
3346 1290 3581 1347 Haecine

1977 1386 2075 1440 spe
2127 1371 2325 1441 ubique
2371 1382 2424 1427 te
2464 1376 2718 1431 comitem
2771 1378 2981 1433 itineris
3018 1378 3219 1434 habui?
3260 1380 3411 1446 Esto,
3448 1381 3579 1438 nihil

1976 1476 2163 1517 eorum
2190 1479 2309 1533 qua:
2328 1478 2359 1518 a
2386 1480 2473 1520 me
2497 1465 2664 1522 habes
2693 1467 2744 1522 in
2773 1480 3006 1525 mentem
3035 1471 3130 1526 tibi
3162 1473 3339 1528 veniat
3364 1491 3377 1526 :
3401 1489 3579 1529 nonne

1977 1551 2167 1607 saltem
2194 1554 2277 1607 vel
2299 1564 2572 1609 senectam
2601 1573 2776 1612 meam
2802 1567 2858 1613 et
2884 1574 3052 1616 canos
3084 1565 3323 1617 revereri
3354 1574 3577 1631 Oporte-

1978 1640 2107 1695 bat?
2126 1641 2234 1697 Sed
2259 1644 2599 1700 eounivendo
2624 1648 2913 1715 permisisti
2936 1659 3177 1718 pastores
3205 1658 3325 1706 tuos
3350 1653 3402 1705 in
3430 1668 3581 1708 meos

1978 1732 2323 1801 debacchari,
2362 1737 2577 1791 nescius
2613 1737 2756 1808 quod
2800 1739 2938 1794 sicut
2974 1742 3325 1807 contumelia,
3366 1758 3468 1813 qna
3502 1742 3579 1798 illi

1978 1822 2154 1878 affecti
2196 1834 2346 1890 sunt,
2393 1826 2444 1880 in
2489 1842 2580 1884 me
2622 1830 2833 1897 transit,
2862 1830 2935 1885 ita
2968 1840 3023 1887 et
3056 1842 3270 1890 tuorum
3308 1836 3582 1891 temeritas

1982 1911 2075 1967 tibi
2096 1912 2441 1970 adscribitur.

2052 2002 2108 2057 ι.
2152 2002 2260 2059 Sed
2298 2004 2430 2058 nihil
2459 2004 2649 2061 horum
2670 2007 2849 2078 justus
2871 2010 2958 2066 vel
2986 2011 3038 2066 in
3070 2022 3308 2068 mentem
3339 2013 3579 2080 admisit,

1979 2091 2077 2147 sed
2104 2094 2358 2149 omnibus
2387 2095 2493 2150 illis
2517 2097 2588 2151 ab
2610 2098 2792 2155 animo
2818 2101 3073 2170 repulsis,
3114 2119 3277 2158 unum
3322 2105 3427 2159 hoc
3451 2120 3583 2176 age-

1980 2183 2093 2247 hat,
2121 2186 2392 2255 quomodo
2418 2188 2560 2257 quod
2594 2199 2909 2260 erupturum
2948 2202 3067 2249 erat
3092 2196 3457 2251 contentionis
3498 2198 3584 2251 in-

1979 2275 2229 2331 cendium
2255 2278 2642 2347 exstingueret,
2684 2290 2741 2336 et
2776 2282 2929 2337 suavi
2980 2286 3323 2354 separatione
3370 2286 3585 2357 excogi-

1980 2369 2329 2439 tata,absque
2358 2371 2528 2426 turbis
2556 2371 2850 2428 habitaret:
2877 2374 3009 2431 dicit
3028 2375 3173 2430 enim
3209 2392 3223 2430 :
3251 2375 3386 2431 Ecce
3412 2394 3586 2431 annon

1980 2460 2144 2513 omnis
2167 2470 2303 2514 terra
2326 2477 2499 2514 coram
2531 2471 2579 2515 te
2605 2464 2722 2517 est?
2750 2462 2965 2519 Discede
2983 2481 3017 2519 η
3045 2481 3125 2518 nte
3145 2480 3165 2519 :
3205 2465 3249 2519 si
3278 2475 3332 2519 tat
3359 2465 3429 2518 ad
3455 2465 3586 2519 sini-

1978 2562 2161 2622 stram,
2181 2569 2274 2626 ego
2297 2553 2367 2607 ad
2398 2555 2698 2619 dexteram;
2723 2556 2767 2611 si
2806 2566 2863 2610 tu
2884 2557 2955 2611 ad
2983 2557 3264 2623 dexteram,
3294 2573 3390 2628 ego
3424 2558 3494 2610 ad
3512 2558 3588 2611 si-
3624 2574 3633 2575 ί

1980 2644 2215 2698 nistram.
2256 2643 2392 2699 Vide
2434 2646 2906 2701 mansuetudinem
2947 2646 3099 2716 justi.
3130 2647 3402 2718 Operibus
3440 2648 3586 2701 enim

1981 2735 2239 2803 ostendit,
2282 2752 2341 2791 se
2369 2752 2475 2791 nou
2506 2752 2600 2791 sua
2627 2747 2819 2807 sponte
2846 2737 3025 2793 facere
3059 2736 3185 2806 hoc,
3217 2751 3393 2809 neque
3432 2754 3590 2807 sepa-

1983 2828 2089 2883 rari
2112 2829 2271 2896 velle,
2300 2828 2397 2884 sed
2424 2828 2494 2884 ob
2526 2830 2888 2886 contentionis
2914 2831 3317 2897 necessitatem,
3350 2841 3407 2885 ut
3435 2846 3504 2885 ne
3530 2832 3585 2885 in

1981 2921 2146 2976 domo
2177 2924 2246 2976 sit
2287 2932 2608 2993 perpetuum
2653 2923 2853 2979 bellum
2883 2942 2897 2978 :
2925 2924 3048 2979 vide
3090 2922 3367 2995 quomodo
3414 2923 3594 2980 verbis

1982 3012 2129 3067 illius
2155 3012 2314 3067 bilem
2346 3013 2721 3079 mansuefacit,
2768 3023 2823 3068 et
2854 3029 3071 3069 omnem
3099 3016 3148 3070 ei
3170 3014 3451 3069 electionis
3489 3029 3587 3083 po-

1986 3110 2236 3157 testatem
2274 3102 2386 3169 dat,
2419 3105 2777 3173 proponitque
2812 3118 3030 3159 omnem
3062 3114 3289 3171 terram,
3323 3118 3388 3159 ac
3420 3104 3586 3159 dicit:

1983 3191 2118 3247 Ecce
2133 3210 2303 3248 annon
2330 3194 2493 3247 omnis
2517 3204 2657 3257 terra.
2675 3210 2848 3249 coram
2876 3195 2965 3249 te?
2988 3194 3160 3262 Quam
3190 3195 3291 3260 vis,
3324 3195 3464 3265 elige
3488 3212 3501 3248 :
3533 3203 3591 3251 et

1982 3300 2101 3356 ego,
2117 3296 2343 3356 quaqu
2363 3286 2665 3357 reliqueris,
2682 3302 2873 3358 magna
2887 3303 3008 3343 cum
3026 3289 3297 3358 voluptate
3309 3287 3589 3359 accipiam.

1985 3375 2173 3446 Magna
2205 3386 2289 3431 est
2311 3377 2443 3446 justi
2486 3376 2645 3448 hujus
2684 3376 3045 3449 philosophia.
3080 3378 3199 3434 Non
3235 3378 3350 3433 vult
3371 3378 3595 3434 omnino

1985 3484 2253 3526 onerosus
2297 3485 2419 3526 esse
2460 3470 2641 3526 fratris
2682 3472 2829 3537 lilio;
2860 3472 3013 3541 quasi
3042 3472 3283 3528 diceret:
3327 3472 3593 3541 Quoniam

1986 3560 2039 3615 id
2076 3560 2221 3631 quod
2268 3561 2520 3615 uolebam
2564 3561 2778 3627 accidit,
2811 3577 2919 3633 quo
2951 3570 3168 3616 cessent
3195 3562 3594 3625 contentiones,

1988 3652 2352 3707 necessarium
2392 3659 2478 3706 est
2519 3660 2576 3706 ut
2613 3666 2963 3722 separemur:
3007 3661 3292 3723 propterea
3330 3660 3382 3706 te
3419 3651 3594 3705 domi-

1989 3762 2117 3800 num
2144 3744 2427 3801 electionis
2455 3753 2511 3799 et
2538 3744 2800 3798 arbitrum
2827 3744 3135 3807 constituo;
3170 3752 3224 3798 et
3248 3757 3463 3797 omnem
3500 3743 3593 3797 tibi

1990 3844 2310 3905 potestatem
2352 3835 2445 3901 do,
2473 3844 2531 3888 ut
2557 3843 2756 3889 terram
2802 3850 2965 3904 quam
3008 3834 3285 3888 meliorem
3316 3847 3509 3888 menses
3539 3842 3596 3886 tu

1988 3929 2177 4000 eligas,
2218 3936 2274 3984 et
2318 3928 2581 3997 reliquam
2621 3928 2768 3981 sinas
2797 3940 2916 3981 esse
2951 3941 3148 3980 meam.
3177 3924 3315 3979 Num
3347 3924 3450 3978 hoc
3474 3925 3597 3993 quis

1986 4037 2241 4092 umquam
2282 4020 2504 4091 arqualis
2536 4019 2709 4073 aatatis
2745 4017 2897 4073 fratri
2932 4016 3235 4073 faciendum
3275 4017 3507 4079 censuit,
3536 4014 3589 4069 id

1988 4111 2132 4181 quod
2161 4110 2340 4166 fratris
2374 4110 2485 4164 filio
2514 4108 2859 4180 patriarcha?
2896 4108 3029 4162 Nam
3059 4109 3102 4161 si
3138 4112 3251 4178 ipse
3281 4106 3415 4160 facta
3448 4107 3598 4174 prius

1988 4204 2257 4259 electione
2285 4203 2514 4273 primum
2536 4203 2710 4257 locum
2739 4200 2840 4256 sibi
2873 4209 3165 4267 servasset,
3198 4202 3591 4255 concessisset-

1988 4315 2094 4368 que
2111 4298 2184 4352 illi
2210 4297 2437 4367 reliqua,
2465 4310 2645 4351 nonne
2671 4304 2726 4349 et
2753 4294 2855 4348 hoc
2879 4302 3036 4363 pacto
3067 4308 3319 4363 magnum
3340 4292 3595 4362 quiddam

1993 4388 2249 4443 fecisset?
2283 4389 2351 4441 At
2382 4387 2611 4457 ingentis
2639 4385 2850 4440 virtutis
2872 4400 2981 4439 sua:
3009 4386 3281 4453 specimen
3309 4383 3591 4449 exhibere,

1991 4491 2047 4536 et
2074 4480 2400 4536 desiderium
2423 4477 2633 4549 juvenis
2654 4477 2872 4547 explere
2895 4477 3132 4543 volebat,
3167 4477 3239 4530 ita
3262 4486 3318 4531 ut
3349 4476 3495 4531 nulla
3526 4493 3591 4531 ex

1991 4575 2333 4645 separatione
2381 4580 2696 4627 nasceretur
2742 4571 2994 4626 maeroris
3041 4570 3297 4635 occasio,
3349 4569 3491 4624 unde
3544 4570 3593 4624 ei

1994 4668 2267 4737 proposita
2298 4672 2563 4735 potestate
2592 4662 2764 4728 omni,
2793 4663 2921 4716 dicit
2946 4679 2959 4716 :
2990 4660 3121 4715 Ecce
3156 4662 3321 4715 omnis
3345 4672 3478 4714 terra
3504 4677 3591 4714 co-

1990 4778 2101 4813 ram
2138 4771 2227 4814 te:
2270 4774 2508 4829 separare
2544 4774 2576 4811 a
2613 4773 2713 4821 me,
2759 4764 2815 4811 et
2851 4752 3063 4824 qualem
3103 4754 3337 4809 volueris
3393 4764 3593 4809 terram

1992 4852 2151 4922 elige.
2181 4850 2467 4922 Oportebat
2499 4849 2659 4919 igitur
2686 4847 2869 4902 fratris
2897 4848 3085 4912 filium,
3114 4862 3235 4901 cum
3269 4856 3471 4901 tantam
3494 4863 3585 4902 cx-

1997 4944 2264 5011 periretur
2304 4943 2611 5011 aequitatem
2656 4939 3014 5010 patriarchae.
3073 4953 3255 5007 parem
3295 4938 3598 5009 rependere

1995 5035 2283 5101 honorem,
2312 5042 2368 5088 et
2389 5032 2440 5088 ei
2466 5032 2643 5103 potius
2672 5032 2893 5087 liberam
2919 5033 3240 5086 electionem
3270 5030 3594 5085 concedere.

1992 5125 2243 5182 Solemus
2286 5124 2428 5179 enim
2472 5123 2639 5178 ferme
2677 5123 2855 5178 cuncti
2887 5122 3152 5188 homines,
3181 5122 3225 5175 si
3257 5120 3598 5177 obluctantes

1994 5215 2272 5271 videamus
2301 5215 2664 5280 adversarios,
2687 5229 2751 5268 ac
2765 5213 3157 5269 contendentes
3182 5214 3235 5267 in
3262 5214 3495 5283 primum
3516 5215 3595 5269 lo-

2001 5316 2116 5363 mm
2142 5306 2455 5372 ascendere,
2490 5320 2596 5359 non
2623 5304 2767 5360 ferre
2792 5320 2892 5359 nos
2923 5302 3206 5359 inferiores
3236 5320 3378 5367 esse,
3421 5319 3596 5374 neque

1995 5417 2075 5457 ets
2100 5398 2333 5455 cedere:
2375 5411 2511 5467 quos
2548 5398 2593 5453 si
2620 5397 2814 5453 cedere
2854 5396 3168 5462 viderimus,
3215 5406 3265 5451 et
3304 5395 3598 5449 humilibus

1994 5493 2175 5548 verbis
2211 5499 2531 5562 petestatem
2580 5505 2798 5545 omnem
2850 5488 3006 5544 nobis
3058 5489 3390 5558 permittere,
3441 5488 3594 5556 quasi

1994 5590 2305 5639 reverentes
2327 5596 2575 5652 magnam
2605 5579 3091 5646 mansuetudinem,
3118 5596 3172 5633 et
3192 5594 3223 5633 a
3246 5579 3595 5634 contentione

1993 5673 2324 5737 desistimus,
2356 5680 2411 5729 et
2433 5672 2553 5728 vice
2583 5686 2741 5726 versa
2763 5686 2979 5726 omnem
3002 5677 3322 5740 potestatem
3352 5668 3433 5721 eis
3458 5683 3593 5721 eou-

1999 5767 2266 5823 ccdimus.
2314 5766 2522 5821 etiamsi
2569 5766 2745 5820 minor
2778 5781 2898 5821 esse
2930 5765 3171 5824 videatur
3212 5769 3257 5824 is
3284 5767 3377 5840 qui
3413 5766 3601 5822 nobis-
