4058 6438
493 349 590 412 3M

488 475 609 514 eum
653 458 838 528 litigat.
870 457 1003 512 Cum
1046 457 1266 513 deberet
1304 457 1532 527 igitur‘et
1562 455 1663 512 Lot
1690 471 1813 511 cum
1838 455 2057 527 patriar-

491 551 594 604 cha
624 549 724 603 hoc
765 542 977 612 fbecre;
1009 549 1096 606 ille
1127 557 1303 602 tamen
1326 556 1508 615 utpote
1537 547 1771 616 juvenis,
1796 555 1852 603 et.
1879 546 2066 615 majori

493 639 924 703 concupiscentia
952 649 1168 701 tractus,
1198 638 1432 707 potiores
1463 647 1577 692 tum
1599 639 1697 693 sibi
1727 639 1868 700 visas
1893 647 2070 705 partes

494 729 709 796 arripit,
732 738 786 784 et
809 729 1119 805 electionem
1145 728 1286 781 facit.
1315 729 1402 783 l9.
1427 728 1492 782 Et
1513 729 1746 794 sublatis,
1761 730 1951 794 inquit,
1974 727 2069 782 Lot

493 819 655 871 oculis
682 818 809 883 suis,
836 817 955 877 cidit
983 831 1180 870 omnem
1203 819 1454 888 regionem
1469 819 1602 872 circa
1615 819 1914 882 Iordanem,
1937 820 2070 888 quod

495 919 600 963 tota
643 919 767 964 esset
808 909 1016 979 irrigua,
1057 920 1323 979 antequam
1363 910 1610 965 Dominus
1649 911 1946 966 subverteret
1972 909 2072 965 So.

494 999 645 1051 doma
692 1008 737 1053 et
784 997 1087 1062 Gomorrha,
1136 1001 1279 1068 quasi
1313 1001 1486 1055 hortus
1533 1001 1648 1067 Dei,
1692 1013 1739 1056 et
1769 1003 1900 1057 sicut
1937 1013 2071 1055 terra

496 1088 713 1160 {Egypti
737 1105 893 1156 usque
917 1090 1037 1142 dum
1064 1092 1257 1144 venitur
1283 1092 1334 1145 in
1361 1091 1579 1162 Zogora.
1611 1095 1698 1148 ll.
1720 1093 1786 1147 Et
1805 1093 1950 1163 elegit
1977 1093 2072 1147 sibi

497 1177 593 1257 Lot
635 1195 829 1231 omnem
868 1178 1002 1230 circa
1039 1178 1318 1234 Iordanem
1357 1183 1629 1250 regionem,
1666 1192 1714 1236 et
1747 1184 1943 1237 recessit
1980 1181 2072 1235 Lot

493 1267 555 1320 ab
585 1265 807 1333 Oriente,
837 1268 1079 1338 divisique
1116 1280 1231 1323 sunt
1257 1281 1459 1341 uterque
1491 1291 1523 1324 α
1548 1265 1708 1341 fratre
1730 1290 1839 1326 suo.
1884 1273 2072 1327 Vidisti

430 1431 454 1440 '
492 1359 619 1426 justi
651 1360 898 1414 virtutem
930 1361 1195 1430 ingentem
1220 1402 1236 1423 ,
1278 1365 1544 1432 quomodo
1589 1365 1819 1420 radicem
1861 1367 2073 1419 malitia:

499 1463 566 1504 ne
585 1450 892 1518 germinare
921 1451 1132 1520 quidem
1163 1455 1425 1521 permisit,
1470 1455 1564 1508 sed
1608 1456 1787 1508 statim
1821 1470 1941 1509 cum
1963 1456 2072 1524 jam

496 1541 750 1608 oriretur,
778 1541 1012 1598 funditus
1037 1545 1275 1599 exsecuit
1297 1554 1351 1600 et
1374 1545 1625 1610 abolevit,
1654 1547 1820 1600 anilla
1845 1563 1972 1600 usus
2001 1547 2077 1601 Ie-

499 1629 685 1694 nitate,
711 1640 766 1685 et
801 1632 1010 1686 virtutis
1045 1647 1204 1694 causa
1240 1642 1552 1688 eaaterarum
1585 1651 1763 1689 rerum
1807 1653 2074 1691 summum

497 1727 858 1786 contemptum
903 1736 1010 1788 pra:
1051 1735 1110 1774 se
1151 1720 1346 1787 ferens,
1391 1723 1776 1794 deelarausque
1805 1726 2071 1791 omnibus,

494 1807 762 1875 quomodo
791 1823 974 1878 pacem
1006 1810 1223 1878 habere,
1251 1821 1307 1867 et
1334 1828 1364 1866 a
1394 1815 1735 1871 contentione
1759 1816 1992 1883 liberari,
2026 1818 2077 1871 id

498 1897 661 1964 pluris
689 1899 886 1954 faceret
907 1916 1065 1968 quant
1084 1917 1269 1956 omnes
1291 1901 1751 1958 facultates‘lNam
1783 1914 1839 1958 ut
1867 1921 1934 1960 ne
1959 1907 2078 1976 quis

497 1987 821 2042 condemnet
842 1988 1049 2058 justum
1070 1991 1220 2060 quasi
1243 1991 1506 2060 ingratum
1536 1995 1676 2048 circa
1710 1994 1832 2059 Lot,
1860 2007 1914 2049 et
1938 1997 2076 2065 quod

499 2091 657 2145 quem
688 2093 718 2131 e
746 2078 908 2132 domo
936 2094 1030 2132 sua
1058 2079 1319 2134 eduxerat
1345 2081 1405 2135 in
1428 2090 1623 2136 terram
1654 2082 1906 2146 alienam,
1937 2099 2082 2142 iiunc

498 2182 527 2221 a
549 2167 941 2224 cohabitatione
967 2168 1204 2242 ejiceret,
1235 2185 1370 2225 neve
1392 2180 1541 2241 putet
1566 2173 1742 2241 ipsum
1769 2173 2076 2228 inimicitia-

498 2273 614 2312 rum
635 2261 799 2327 gratia
819 2261 930 2314 haec
948 2260 1142 2321 facere.
1157 2261 1251 2317 sed
1275 2272 1332 2316 ut
1354 2263 1621 2318 discamus
1643 2279 1830 2319 omnes
1851 2280 1911 2320 se
1933 2267 2078 2333 pacis

496 2348 676 2403 studio
720 2348 837 2404 hare
887 2351 1079 2416 facere,
1116 2353 1239 2407 ideo
1273 2362 1327 2407 et
1363 2354 1676 2410 electionem
1706 2357 1751 2410 ei
1789 2359 2075 2424 concessit,

499 2453 670 2507 neque
701 2439 925 2496 moleste
954 2441 1071 2496 tulit
1095 2442 1237 2512 quod
1281 2443 1450 2512 prima
1504 2446 1688 2510 ferret,
1737 2454 1793 2500 ut
1831 2447 2077 2501 omnibus

500 2539 683 2581 notum
709 2528 864 2595 foret,
884 2533 1153 2600 quomodo
1170 2548 1322 2589 mens
1349 2549 1442 2588 sua
1471 2535 1538 2588 ad
1569 2537 1712 2605 pacis
1737 2537 2078 2606 caritatisque

498 2633 719 2688 scopum
742 2631 1006 2690 spectaret
1027 2625 1380 2692 potissimum.
1398 2627 1659 2682 Praeterea
1676 2637 1730 2683 et
1749 2631 1890 2684 aliud
1913 2632 2082 2699 quod-

499 2706 623 2761 dam
670 2711 985 2780 mysterium
1013 2712 1126 2780 jam
1164 2724 1328 2768 antea.
1358 2715 1786 2786 dispensabatur,
1820 2729 1878 2774 ut
1915 2721 2079 2773 multa

501 2795 600 2851 hoc
620 2801 867 2868 exemplo
897 2800 1108 2868 fierent,
1132 2812 1187 2856 et
1212 2811 1274 2859 ut
1291 2804 1388 2859 Lot
1403 2807 1570 2861 rebus
1592 2809 1721 2876 ipsis
1755 2809 2078 2875 erudiretur,

499 2901 560 2942 se
580 2903 683 2941 non
711 2899 771 2942 ut
803 2904 896 2957 par
922 2899 1036 2945 erat
1055 2893 1299 2964 elegisse,
1319 2905 1372 2950 et
1401 2904 1460 2950 ut
1495 2898 1761 2953 discerent
1791 2899 2082 2957 Sodomita

501 2976 752 3032 virtutem
783 2979 903 3047 Lot,
931 2993 985 3035 et
1006 2986 1342 3052 separatione
1369 2986 1504 3040 facta
1536 2989 1821 3056 promissio
1853 2993 2079 3059 patriar-

496 3069 615 3122 chas
640 3069 758 3124 data
777 3084 969 3127 eventu
1001 3076 1380 3144 compleretnr,
1403 3093 1505 3147 qua
1529 3079 1728 3133 dictum
1760 3092 1842 3135 est
1862 3084 1911 3136 ei
1933 3102 1944 3134 :
1969 3084 2082 3137 Tibi

499 3166 548 3211 et
575 3153 754 3213 semini
777 3170 864 3214 tuo
882 3163 1014 3216 dabo
1039 3173 1228 3218 terram
1247 3166 1378 3220 hanc
1396 3183 1415 3220 :
1444 3167 1495 3222 id
1521 3170 1661 3237 quod
1693 3173 1943 3238 paulatim
1962 3190 2084 3243 pro-

499 3248 742 3312 cedendo
775 3250 1090 3314 videbimus,
1115 3253 1290 3307 divina
1312 3255 1583 3325 Scriptura
1611 3259 1765 3315 nobis
1799 3276 1860 3315 ea
1897 3262 2082 3316 decla-

499 3348 673 3392 raute.
724 3339 810 3394 12.
843 3339 910 3394 Et
957 3342 1144 3397 Abram
1165 3384 1182 3409 ,
1229 3346 1417 3415 inquit,
1448 3349 1685 3402 habitavit
1714 3352 1764 3404 in
1791 3363 1924 3406 terra
1945 3354 2076 3407 Chao

500 3442 674 3493 Mdu;
706 3429 803 3481 Lot
840 3441 1006 3484 autem
1046 3433 1286 3487 habitavit
1330 3436 1383 3488 in
1421 3437 1618 3491 civitate
1649 3456 1761 3510 qua:
1799 3451 1903 3494 erat
1949 3445 2082 3496 circa

498 3516 800 3587 Jordanem,
828 3532 873 3575 et
899 3526 1274 3582 tabernaculum
1305 3529 1479 3581 habuit
1505 3530 1558 3583 in
1588 3529 1848 3585 Sodomis.
1871 3533 1956 3588 l3.
1984 3534 2082 3600 Qui

498 3620 669 3664 autem
694 3614 917 3668 homines
943 3613 1186 3670 Sodomis
1223 3621 1455 3688 agebant,
1488 3623 1613 3674 mali
1642 3633 1785 3677 erant
1822 3635 1868 3679 et
1906 3642 2085 3695 pecca-

506 3708 640 3754 tores
685 3717 854 3755 corant
903 3703 1010 3758 Deo
1054 3707 1214 3760 ualde.
1259 3707 1416 3764 Vides
1461 3709 1561 3764 Lot
1599 3722 1802 3767 tantum
1842 3726 2084 3786 spectare

502 3798 661 3843 terrae
675 3799 945 3864 naturam,
960 3803 1012 3847 et
1032 3809 1136 3847 nou
1155 3797 1430 3854 advertere
1457 3802 1751 3856 incolarum
1764 3807 2084 3874 nequitiam?

503 3879 634 3945 Qua:
677 3881 817 3935 enim
852 3884 1071 3949 utilitas,
1098 3884 1202 3951 dic,
1243 3903 1360 3953 oro,
1394 3889 1436 3943 si
1466 3899 1605 3943 terra
1633 3891 1702 3946 sit
1730 3891 2002 3951 fructuosa
2030 3909 2083 3953 et

503 3968 677 4036 ferax,
708 3971 950 4028 homines
991 3987 1168 4031 autem
1213 3979 1348 4034 adeo
1385 3983 1644 4040 scelesti?
1673 3984 1808 4051 Quid
1837 3986 2016 4042 damni
2052 4006 2085 4046 e

502 4061 792 4116 solitudine
818 4074 870 4117 et
903 4063 1208 4135 infrugifera
1237 4081 1396 4136 terra,
1425 4073 1470 4126 si
1501 4073 1746 4130 homines
1777 4077 2086 4135 siuthuma-

500 4151 723 4204 niores‘t
747 4152 919 4221 Caput
956 4155 1098 4209 enim
1139 4168 1192 4212 et
1217 4174 1422 4213 summa
1467 4162 1723 4218 bonorum
1759 4177 1842 4222 est
1878 4169 2087 4225 inlme-

500 4243 728 4296 tantium
771 4245 1020 4312 probitas.
1049 4246 1314 4302 Cmterum
1339 4249 1438 4304 Lot
1467 4252 1540 4305 ad
1569 4270 1728 4308 unum
1763 4265 1971 4312 tantum
2000 4276 2083 4315 re-

498 4333 702 4400 spexit,
729 4348 920 4404 nempe
945 4335 1011 4393 ad
1038 4336 1366 4397 fertilitatem
1397 4351 1574 4397 terrae.
1603 4344 1669 4399 Et
1697 4347 1894 4403 idcirco
1936 4351 2083 4406 Scri-

506 4434 663 4491 plura
691 4423 967 4482 declarare
991 4430 1146 4484 nobis
1177 4433 1357 4487 volens
1396 4433 1762 4492 habitantium.
1794 4440 1901 4496 illic
1930 4445 2083 4498 mali-

501 4512 656 4579 tiam,
693 4513 857 4569 dicit:
906 4517 1006 4583 Qui
1038 4529 1206 4573 autent
1239 4522 1461 4578 homines
1498 4527 1550 4578 in
1577 4525 1818 4583 Sodomis
1852 4533 2082 4600 agebant,

508 4603 632 4656 mali
659 4615 800 4658 erant
831 4616 877 4660 et
910 4618 1195 4676 peccatores
1224 4627 1394 4665 coram
1423 4613 1531 4667 Deo
1556 4618 1720 4672 valde.
1748 4618 1864 4674 Non
1889 4622 2081 4689 solum,

507 4692 700 4762 inquit,
726 4693 874 4760 Mali,
905 4698 1000 4752 sed
1035 4698 1352 4765 Peccatores,
1379 4713 1434 4757 et
1455 4721 1558 4759 non
1590 4709 1925 4778 simpliciter,
1964 4712 2087 4767 Pec-

504 4791 719 4848 cotores,
750 4785 842 4839 sed
867 4797 921 4840 et
946 4787 1135 4842 Coram
1153 4789 1286 4856 Deo;
1318 4794 1418 4848 hoc
1441 4805 1547 4862 est,
1572 4798 1624 4851 in
1653 4799 1967 4855 immensum
1995 4819 2089 4857 ex-

501 4883 787 4928 creverant
824 4890 1008 4931 eorum
1047 4892 1284 4947 peccata,
1325 4891 1380 4938 et
1416 4887 1712 4956 prodigiosa
1750 4902 1863 4944 erat
1901 4908 2083 4946 eorum

510 4965 766 5031 iniquitas
791 4985 804 5021 :
835 4967 956 5022 ideo
983 4978 1037 5023 et
1064 4971 1321 5035 subdidit,
1352 4972 1534 5028 Coram
1567 4977 1674 5033 Deo
1703 4982 1864 5036 valde.
1899 4983 2086 5038 Vidisti

508 5054 729 5109 malitiae
775 5058 1239 5127 magnitudinem?
1277 5064 1453 5118 vidisti
1492 5078 1743 5136 quantum
1773 5081 1861 5126 est
1887 5077 2084 5130 malum

505 5147 710 5214 primas
740 5156 912 5214 partes
938 5163 1148 5219 capere,
1177 5162 1231 5207 et
1262 5169 1367 5208 non
1401 5157 1542 5223 quod
1582 5159 1709 5213 utile
1737 5174 1817 5215 est
1844 5165 2087 5220 conside-

511 5234 670 5325 rare?
696 5230 874 5290 vidisti
903 5249 1157 5308 quantum
1190 5243 1385 5300 bouum
1424 5246 1494 5300 sit
1531 5245 1852 5314 humanitas.
1880 5263 1935 5309 et
1978 5256 2080 5325 pri-

514 5337 603 5376 mo
628 5324 744 5380 loco
771 5327 984 5394 cedere,
1013 5339 1071 5385 et
1094 5330 1397 5389 inferiorem
1428 5348 1633 5406 partem
1662 5340 1906 5398 habere?
1946 5324 2085 5402 Ecce

511 5414 652 5467 enim
681 5415 731 5469 in
761 5432 1014 5484 processu
1044 5420 1303 5478 doctrinm
1329 5426 1624 5483 videbimus
1652 5431 1783 5484 nihil
1823 5435 2084 5502 profuisse

513 5504 741 5572 primum
770 5508 945 5563 locum
972 5510 1024 5566 ei
1051 5513 1139 5582 qui
1171 5513 1446 5585 elegerat;
1489 5527 1542 5573 et
1565 5534 1687 5574 eum
1717 5523 1806 5591 qui
1833 5522 2082 5583 inferiora

515 5593 685 5686 petiit,
725 5597 1006 5656 clariorem
1035 5603 1272 5671 quotidie
1310 5603 1530 5673 factum,
1557 5623 1794 5680 cpesque
1821 5613 1961 5674 illius
1991 5632 2083 5686 per

512 5685 689 5742 omnia
714 5699 917 5758 auctas,
944 5693 1294 5766 omnibusque
1320 5696 1516 5756 factum
1544 5704 1910 5771 spwtabilcm.

1205 348 1263 404 S.
1302 343 1578 404 JOANNIS
1616 341 2085 403 CHRYSOSTOMI
2129 341 2429 398 lRClllEP.
2469 339 3007 397 CONSTANTINOP.

3641 338 3754 396 Si!

2243 454 2296 508 5.
2338 450 2554 507 Βοηθῶ
2591 454 2874 508 exhortatio
2902 456 2970 504 ad
3005 450 3356 504 humilitatem.
3383 479 3457 492 —
3487 448 3756 507 Cutem

2173 554 2229 596 ut
2260 558 2329 597 ne
2371 543 2641 612 longiores
2679 544 2847 596 simus
2871 541 3132 605 docendo,
3183 540 3286 596 huc
3324 541 3445 594 loco
3485 541 3648 596 linem
3677 541 3758 596 lo-

2173 633 2367 702 quendl
2419 633 2710 694 facientes,
2758 632 2898 701 quod
2946 633 3209 701 reliquum
3255 639 3373 696 est,
3423 631 3476 685 in
3527 643 3758 701 sequcv

2176 734 2282 778 tem
2321 738 2598 777 servemus
2622 723 2955 776 concionem.
3006 722 3140 776 Illud
3176 730 3354 776 autem
3398 733 3498 774 vos
3541 734 3760 790 rogave-

2176 816 2298 878 rim,
2348 823 2405 867 ut
2452 815 2746 867 imitatores
2780 814 2898 866 sitis
2944 811 3279 880 patriarchae,
3315 820 3370 865 et
3411 811 3614 879 primas
3642 825 3764 878 par—

2179 912 2260 955 tes
2287 918 2573 972 numquam
2595 901 3010 970 concupiscatis,
3049 901 3150 956 sed
3180 900 3574 968 obtemperetis
3610 899 3766 955 beato

2179 991 2346 1046 Paulo
2393 993 2616 1058 dicenti,
2675 992 2882 1046 Honore
2926 992 3134 1046 nutricem
3187 992 3543 1062 pmenientes
3585 991 3762 1061 (Horn.

2182 1083 2272 1137 12.
2329 1085 2420 1154 10)
2458 1070 2774 1153 superiores.
2809 1100 2870 1139 se
2912 1085 3070 1154 ipsis:
3103 1092 3155 1138 et
3186 1082 3327 1138 detis
3352 1097 3596 1151 operam,
3624 1082 3766 1136 utin

2179 1175 2423 1229 omnibus
2472 1175 2678 1227 minora
2731 1177 2975 1229 uincatis.
3022 1176 3134 1229 lloc
3171 1185 3254 1230 est
3289 1177 3436 1229 enim
3476 1173 3767 1243 primatum

2180 1263 2377 1318 habere
2404 1304 2420 1327 ,
2466 1265 2604 1318 sicut
2642 1274 2698 1319 et
2738 1264 2986 1318 Christus
3029 1265 3200 1319 dicit:
3251 1264 3352 1330 Qui
3394 1281 3448 1318 se
3499 1264 3768 1328 humiliat,

2179 1356 2482 1409 exaltabitur
2533 1354 2686 1424 (Luc.
2742 1356 2830 1410 11.
2890 1357 2977 1420 11,
3023 1360 3079 1407 et
3117 1355 3204 1410 l8.
3249 1356 3360 1421 14).
3419 1354 3557 1420 Quid
3609 1354 3772 1423 igitur

2185 1445 2307 1499 huic
2349 1446 2557 1515 aequale
2600 1445 2782 1511 luerit,
2832 1445 3053 1515 quaiido
3092 1455 3187 1514 per
3229 1457 3292 1500 ea
3337 1446 3388 1499 in
3424 1447 3620 1515 quibus
3648 1445 3772 1499 aliis

2183 1534 2380 1603 primas
2440 1535 2720 1600 cedimus,
2767 1536 2865 1605 ipsi
2911 1535 3095 1604 majori
3145 1535 3372 1589 fruimur
3418 1533 3660 1598 honore;
3708 1543 3768 1588 et

2183 1641 2276 1694 per
2299 1642 2419 1696 qua
2449 1628 2582 1682 alios
2607 1627 2959 1698 praeferimus,
2991 1627 3088 1696 ipsi
3121 1628 3172 1682 in
3195 1641 3464 1681 summum
3508 1627 3771 1682 honorem

2182 1715 2497 1770 evehimur?
2524 1716 2705 1786 itaque
2730 1717 2955 1772 obsecro
3000 1725 3056 1771 ut
3090 1717 3405 1771 studeamus
3446 1716 3644 1771 imitarl
3681 1731 3773 1785 pa-

2185 1807 2431 1861 triarcha:
2461 1807 2836 1875 humilitatem,
2864 1817 2919 1862 et
2943 1809 3093 1877 sequi
3121 1809 3340 1877 vestigia
3366 1808 3504 1877 ejus,
3525 1808 3616 1878 qui
3647 1818 3774 1863 ante

2183 1899 2356 1967 legem
2387 1908 2586 1953 tantam
2620 1900 3010 1969 philosophiam
3035 1913 3143 1969 pra:
3187 1914 3246 1953 se
3291 1898 3428 1965 tulit,
3451 1912 3549 1952 nos
3590 1899 3680 1967 qui
3717 1899 3772 1952 iu

2182 1991 2346 2056 gratia
2374 2005 2671 2044 versamur.
2703 1989 2803 2043 Ista
2826 1989 2970 2043 enim
3013 2003 3137 2043 vera
3159 1997 3244 2043 est
3271 1989 3573 2054 humilitas,
3613 2001 3774 2057 quam

2187 2081 2414 2134 eximius
2445 2080 2538 2134 ille
2558 2080 2647 2154 vir,
2664 2079 2950 2134 declaravit
2975 2093 3099 2148 erga
3128 2093 3251 2134 eum
3277 2079 3366 2148 qui
3395 2079 3564 2134 multo
3595 2093 3654 2132 se
3678 2077 3778 2132 fuit

2182 2171 2422 2236 inferior,
2455 2187 2564 2226 non
2588 2172 2764 2226 solum
2786 2171 2856 2225 ob
2875 2171 3084 2225 virtutis
3115 2171 3372 2224 rationem
3397 2210 3410 2236 ,
3438 2169 3537 2223 sed
3566 2179 3620 2223 et
3644 2183 3773 2238 pro-

2182 2269 2301 2330 pter
2328 2270 2540 2316 actatern
2561 2269 2616 2315 et
2633 2261 2737 2315 alia
2761 2261 2961 2315 etruria.
2991 2259 3178 2330 ϐοείη
3200 2259 3350 2315 enim
3374 2275 3557 2314 senem
3583 2259 3772 2328 juveni

2180 2353 2431 2417 cessisse,
2460 2361 2513 2407 et
2563 2361 2808 2424 patruum
2865 2352 3044 2406 fratris
3091 2352 3219 2419 ﬁlio,
3250 2359 3303 2407 et
3353 2351 3445 2421 qui
3489 2359 3692 2404 tantam
3743 2365 3774 2403 ει

2186 2444 2292 2497 Deo
2313 2444 2534 2498 sortitus
2571 2455 2687 2498 erat
2712 2445 2957 2514 gratiam,
2980 2445 3031 2498 ei
3051 2445 3142 2513 qui
3181 2445 3235 2498 in
3263 2443 3402 2497 nulla
3444 2457 3502 2497 re
3526 2456 3775 2511 magnam

2183 2534 2396 2604 aliquod
2444 2536 2711 2604 specimen
2753 2536 3097 2604 praebuerat:
3129 2542 3184 2586 et
3226 2547 3289 2588 ea
3333 2548 3452 2602 qua:
3494 2531 3777 2601 opOrtebat

2186 2623 2330 2678 illum
2359 2624 2560 2689 dicere,
2583 2623 2907 2692 utjuvcnem
2937 2623 3002 2677 ad
3022 2637 3206 2678 scirem
3232 2632 3387 2676 suate
3415 2630 3470 2675 et
3493 2619 3770 2691 dignitate,

2184 2725 2238 2768 et
2271 2726 2537 2784 patruum,
2556 2716 2640 2768 illa
2671 2715 3026 2784 patriarchatn
3052 2714 3231 2783 juveni
3252 2713 3472 2767 dixisse.
3497 2712 3775 2781 igiturnos

2185 2821 2396 2873 quoque
2430 2823 2538 2864 non
2559 2808 2847 2872 eis-tatum,
2884 2806 2976 2874 qui
2994 2813 3150 2858 atate
3176 2803 3329 2857 nobis
3355 2812 3478 2857 sunt
3504 2802 3742 2870 majores
3760 2844 3772 2862 ,

2189 2894 2453 2948 veletiam
2510 2894 2765 2962 arquales,
2792 2894 3047 2948 honorem
3101 2892 3468 2946 exhibeamus.
3520 2891 3638 2946 Non
3691 2901 3776 2944 ut

2185 2987 2326 3038 enim
2376 2985 2643 3040 humilitas
2667 3028 2681 3050 ,
2717 2985 2892 3039 facere
2933 2983 3072 3053 quod
3113 2984 3431 3038 necessitate
3479 2983 3646 3038 debes
3687 2982 3775 3034 vel

2185 3076 2393 3143 cogeris
2423 3093 2436 3128 :
2462 3076 2583 3142 hoc,
2608 3077 2843 3145 inquam,
2868 3091 2972 3128 non
2997 3085 3079 3130 est
3101 3075 3435 3140 humilitatis,
3465 3074 3560 3130 sed
3585 3074 3772 3128 debiti.

2188 3166 2324 3220 Vera
2368 3175 2544 3221 autem
2592 3167 2864 3221 humilitas
2904 3175 2984 3221 est
3009 3206 3023 3229 ,
3053 3166 3270 3236 quando
3306 3165 3547 3219 cedimus
3581 3165 3653 3218 iis
3684 3164 3777 3235 qui

2187 3258 2340 3310 nobis
2370 3257 2616 3310 videntur
2643 3271 2764 3311 esse
2786 3257 3054 3320 minores,
3086 3263 3142 3309 et
3178 3269 3274 3310 eos
3315 3268 3638 3308 veneramur
3682 3256 3776 3323 qui

2187 3348 2341 3399 nobis
2367 3345 2650 3401 inferiores
2677 3360 2798 3400 esse
2825 3343 3250 3410 videntur.Quod
3274 3343 3320 3397 si
3342 3350 3487 3397 recte
3511 3342 3776 3412 sapimus,

2187 3437 2360 3490 nullos
2384 3437 2541 3489 etiam
2572 3436 2725 3489 nobis
2746 3448 2867 3490 esse
2893 3436 3124 3489 minores
3149 3433 3654 3496 arbitrabimur,sed
3678 3428 3778 3485 niis

2187 3527 2429 3594 superari
2459 3527 2529 3580 ab
2551 3525 2805 3581 omnibus
2829 3523 3136 3579 hominibus
3160 3522 3419 3577 dicemus.
3441 3522 3505 3576 Et
3527 3521 3631 3576 hoc
3656 3522 3780 3577 dico

2188 3628 2299 3668 non
2321 3615 2389 3670 de
2409 3615 2584 3680 nobis,
2601 3615 2691 3684 qui
2718 3613 3011 3669 innumeris
3031 3612 3266 3668 immersi
3296 3626 3482 3666 sumus
3503 3607 3742 3681 peccatis
3764 3631 3778 3666 :

2187 3704 2280 3759 sed
2308 3705 2516 3760 etiamsi
2542 3705 2662 3774 quis
2687 3704 2786 3758 sibi
2815 3704 3170 3773 plurimorum
3193 3701 3330 3757 bene
3347 3712 3622 3773 gestorum
3642 3715 3781 3757 con~

2188 3798 2330 3851 scius
2358 3797 2448 3862 sit,
2473 3796 2574 3850 nisi
2601 3796 2739 3865 apud
2763 3811 2822 3850 se
2856 3797 3045 3850 sentiat
3076 3809 3135 3849 se
3158 3795 3397 3849 omnium
3422 3809 3541 3849 esse
3573 3807 3780 3864 postre-

2188 3901 2368 3953 mum,
2393 3887 2536 3941 nulla
2579 3888 2634 3941 ei
2658 3887 2834 3941 futura
2864 3887 3063 3940 utilitas
3098 3901 3164 3940 ex
3202 3886 3450 3940 omnibus
3489 3887 3645 3939 bonis
3668 3889 3782 3940 suis

2188 3977 2460 4045 operibus.
2477 3977 2603 4031 Haec
2629 3987 2713 4031 est
2739 3977 2882 4031 enim
2906 3975 3200 4040 humilitas,
3226 3974 3438 4044 quando
3466 3975 3607 4044 quis,
3629 3989 3784 4029 occas

2189 4067 2368 4120 siones
2397 4066 2600 4121 habens
2628 4076 2686 4120 ut
2713 4067 3018 4132 extollatur,
3042 4081 3101 4120 se
3130 4067 3302 4133 ipsum
3335 4065 3582 4119 humilius
3610 4075 3668 4119 et
3686 4065 3780 4120 de~

2190 4156 2405 4225 primit,
2443 4171 2507 4209 ac
2562 4157 2803 4211 modeste
2846 4170 2905 4208 se
2953 4156 3110 4224 gerit.
3141 4155 3290 4211 Tune
3314 4157 3456 4210 enim
3497 4154 3564 4207 ad
3590 4170 3780 4210 verum

2187 4246 2512 4300 subvehctur
2552 4245 2825 4314 fastigium
2862 4245 3154 4298 secundum
3206 4244 3616 4312 promissionem
3671 4243 3779 4296 Do-

2188 4336 2338 4400 mini,
2364 4352 2481 4404 quzc
2510 4334 2638 4390 dicit
2672 4353 2684 4388 :
2707 4335 2880 4402 Quise
2901 4336 3150 4400 humiliat,
3179 4335 3481 4388 mltabitnr
3509 4334 3662 4405 (Luc.
3689 4336 3778 4390 li.

2189 4425 2299 4495 ll).
2323 4423 2637 4494 Satagamus
2661 4425 2845 4495 igitur,
2867 4425 3110 4488 obsecro,
3128 4425 3382 4480 verticem
3408 4424 3558 4477 illum
3587 4439 3781 4479 omnes

2189 4513 2593 4582 apprehendere
2647 4530 2741 4583 per
2795 4513 3183 4580 humilitatem,
3229 4524 3288 4568 ut
3334 4513 3580 4568 eamdem
3634 4515 3780 4569 illam

2190 4621 2347 4674 quam
2374 4605 2550 4673 justus
2577 4605 2665 4659 ille
2693 4620 2722 4658 a
2753 4605 2980 4660 Domino
3017 4609 3241 4675 gratiam
3271 4612 3693 4675 eon'sequaumr,
3728 4617 3782 4660 ct

2193 4693 2471 4748 inelfabilia
2504 4695 2588 4748 illa
2617 4696 2752 4749 booa
2785 4711 3101 4761 mercamur,
3131 4698 3300 4767 gratia
3327 4707 3383 4752 et
3411 4697 3778 4751 misericordia

2193 4786 2397 4839 Domini
2429 4788 2594 4839 nostri
2617 4787 2743 4841 Jcsu
2771 4786 3004 4848 Christi,
3048 4787 3262 4856 quicum
3294 4786 3474 4850 Patri,
3499 4795 3556 4840 et
3589 4799 3779 4839 saneto

2191 4875 2402 4943 Spiritui
2435 4878 2502 4930 sit
2522 4877 2714 4946 gloria,
2740 4877 3044 4945 imperium,
3072 4876 3264 4944 honor,
3286 4891 3427 4931 nunc
3453 4883 3509 4932 et
3536 4891 3779 4945 semper,

2191 4981 2242 5022 et
2272 4970 2321 5022 in
2345 4971 2542 5023 saacula
2573 4970 2909 5024 saaculorum.
2940 4970 3132 5023 Amen.

2699 5099 2978 5155 HOMILIA
3019 5099 3261 5155 XXXIV.

2195 5210 2257 5265 Et
2286 5211 2413 5266 dixit
2443 5211 2579 5266 Deus
2607 5211 2757 5266 Abrae
2781 5223 3043 5281 postquam
3061 5221 3325 5281 separatus
3359 5221 3433 5265 est
3458 5211 3520 5264 ab
3547 5228 3606 5266 eo
3648 5211 3775 5268 Lat.

2261 5302 2482 5356 Elevatis
2510 5304 2671 5357 oculis
2698 5302 2796 5356 tuis
2824 5302 2935 5355 vide
2957 5319 2988 5355 a
3015 5300 3143 5368 loco,
3175 5303 3228 5355 in
3255 5319 3351 5369 quo
3377 5311 3431 5354 tu
3462 5317 3596 5354 nunc
3622 5318 3695 5366 es,
3712 5305 3778 5356 ad

2257 5395 2541 5463 aquilonem
2553 5405 2597 5447 et
2613 5393 2772 5478 meri/d
2775 5393 2888 5460 ient,
2903 5404 2946 5446 et
2962 5395 3195 5447 orientem
3210 5403 3257 5447 et
3273 5410 3408 5446 mare
3419 5408 3438 5446 :
3450 5393 3568 5456 quia
3582 5410 3783 5446 onmem

2262 5493 2464 5549 terram,
2482 5501 2633 5553 quam
2654 5494 2707 5536 tu
2723 5484 2878 5550 vides,
2899 5485 2986 5538 tibi
3006 5484 3135 5537 dabo
3152 5500 3261 5538 eam
3281 5483 3430 5554 (Gen.
3454 5483 3540 5538 15.
3564 5484 3630 5538 11
3662 5484 3755 5552 15)

2263 5618 2316 5672 1.
2373 5617 2672 5673 Modestiam
2720 5628 2766 5672 et
2832 5621 3266 5675 mansuetudinem
3331 5621 3667 5674 commendat.
3698 5653 3764 5663 —

2195 5711 2458 5768 Didicistis
2498 5712 2643 5778 heri,
2680 5712 2939 5769 carissimi
2963 5755 2976 5782 ,
3009 5715 3254 5770 eximiam
3301 5711 3617 5784 patriarcha:
3679 5710 3775 5762 Ιιυ.
