4058 6384
356 371 464 428 513

356 485 540 556 ϐολήν.
553 482 688 539 Οὐδέ
698 483 807 554 7&9
820 479 889 554 ἦν
900 483 959 537 τὸ
970 482 1130 553 τυχὸν
1145 485 1205 538 τὸ
1221 481 1314 535 τδν
1331 477 1667 552 πρεσϐύτην,
1681 480 1773 531 τὸν
1789 475 2026 530 τοσαῦτα

357 570 774 643 εὐεργετηκότα,
790 568 883 625 τὸν
895 570 1160 641 τοσαύτης
1173 567 1515 632 ἀπολαύοντα
1532 566 1628 637 τῆς
1649 567 1860 630 εὐνοίας
1877 565 2028 637 παρά

353 657 448 711 τοῦ
489 656 706 712 πάντων
743 658 1034 721 Δεσπότῆου,
1053 655 1321 725 τοσαύτην
1359 653 1731 718 ἐπιδείξασθαι
1769 653 1899 725 περὶ
1935 653 2026 708 τὸν

357 745 497 808 νέον,
515 743 607 798 τὸν
638 736 972 814 ἀδελφιδοῦν,
992 743 1092 814 τήν
1131 742 1426 812 ίσοτιμίαν,
1445 742 1584 796 ῶστε
1622 743 1718 796 καὶ
1743 742 1852 795 τῶν
1872 758 2026 814 πρωο

354 830 516 886 τείων
553 833 704 903 αὐτῷ
742 833 1159 902 παραχωρῆσαι,
1179 830 1276 884 zeal
1291 829 1360 884 τὰ
1379 830 1636 889 ἐλάττονα
1671 829 1906 891 ἐλέσθαι,
1929 829 2026 884 καὶ

355 920 535 975 πάντα
570 918 962 984 καταδέξασθαι
1003 918 1144 989 ὑπὲρ
1180 917 1273 971 τοῦ
1311 917 1403 970 τὸν
1431 917 1669 987 πόλεμον
1688 917 2021 983 ἀναστεῖλαι,

357 1006 452 1060 zeal
469 1005 568 1076 τὴν
581 1006 686 1074 τῆς
705 1004 1038 1074 φιλονεικίας
1053 1003 1308 1058 ὑπόθεσιν
1341 1002 1581 1058 ἐκποδὼν
1619 1004 1863 1076 ποιῆσαι.
1887 1003 2025 1058 Τοῦ-

353 1108 445 1146 τον
483 1089 720 1155 ἅπαντες
762 1090 958 1160 ζηλοῦν
997 1091 1403 1160 σπουδάζωμεν,
1438 1091 1534 1144 zeal
1577 1091 1842 1163 μηδέποτε
1883 1094 2055 1147 κατὰ·

353 1176 461 1232 τῶν
499 1176 726 1248 πλησίον
762 1177 1139 1248 ἐπαιρώμεθα,
1161 1178 1296 1248 μηδέ
1339 1177 1482 1248 μέγα
1522 1178 1809 1251 φρονῶμεν
1832 1196 1847 1210 ο
1888 1179 2023 1233 ἀλλά

353 1266 554 1338 πολλὴν
583 1266 683 1337 τὴν
701 1267 1200 1338 ταπεινοφροσύνην
1221 1267 1655 1337 ἐπιδεικνύμενοι
1674 1269 2021 1340 παραχωρῶ·

355 1370 477 1422 μιν,
499 1352 595 1406 καὶ
612 1351 963 1407 ἐλαττοῦσθαι
985 1352 1185 1422 μᾶλλον
1207 1354 1524 1424 σπεύδωμεν
1541 1356 1599 1408 ἐν
1621 1357 1909 1427 πράγμασι
1928 1355 2021 1410 zeal

352 1438 412 1491 ἐν
432 1439 658 1509 ῥήμασι,
670 1437 763 1490 zeal
783 1440 921 1508 μήτε
936 1437 1071 1507 πρὸς
1084 1438 1210 1501 τοὺς
1226 1438 1547 1502 ἀδικοῦντας
1563 1440 2018 1511 ἀπεχθανώμεθα,

353 1525 454 1580 κᾶν
493 1525 920 1595 εὐηργετημένοι
953 1524 1157 1596 τύχωσι
1193 1527 1322 1596 παρ’
1356 1525 1511 1594 ἡμῶν
1542 1525 1694 1589 ὅντες
1715 1527 1892 1595 (τοῦτο
1911 1528 2020 1599 7&9

349 1611 547 1680 ἀρίστη
570 1609 899 1678 φιλοσοφία),
922 1613 1058 1680 μήτε
1079 1610 1213 1680 πρὸς
1230 1610 1328 1673 τὰς
1350 1610 1498 1680 [540]
1521 1609 1706 1682 ὕϐρεις
1724 1613 2020 1682 ἀγριαίνω-

353 1715 474 1767 μεν,
496 1699 600 1752 κάν
618 1697 992 1767 ὑποδεέστεροι
1025 1691 1134 1749 εἶεν
1164 1698 1212 1749 οί
1237 1698 1371 1768 πρὸς
1392 1699 1538 1768 ἡμᾶς
1557 1699 2019 1770 διαπληκτιζόμε-

349 1802 454 1847 νοι,
472 1784 608 1839 ἀλλά
643 1787 706 1855 τῇ
741 1783 1011 1854 ἐπιεικείᾳ
1043 1783 1138 1838 zeal
1169 1786 1234 1855 τῇ
1258 1784 1531 1854 πραΰτητι
1551 1786 1643 1838 τὸν
1664 1785 1835 1856 θυμὸν
1853 1804 2018 1843 κατα-

351 1875 675 1946 στίλλωμεν.
697 1874 863 1927 Ούδέν
881 1872 990 1943 7&9
1009 1873 1212 1942 ταύτης
1253 1874 1621 1945 ίσχυρότερον.
1642 1875 1797 1929 οὐδὲν
1814 1874 2018 1946 ταύτης

347 1958 733 2030 δυνατώτερον.
758 1958 907 2027 Λῦτη
924 1959 1024 2028 τὴν
1041 1959 1314 2028 ἡμετέραν
1341 1959 1517 2029 ψυχὴν
1537 1961 1594 2012 ἐν
1613 1960 1853 2028 διηνεκεῖ
1887 1962 2019 2016 καθ-

352 2046 531 2118 ίστησι
567 2049 633 2117 τῇ
675 2046 905 2116 γαλήνῃ,
927 2046 1177 2102 καθάπερ
1215 2048 1273 2099 ἐν
1311 2045 1490 2117 λιμένι
1506 2047 1677 2118 αὐτὴν
1694 2048 2018 2120 ὁρμίζεσθαι

350 2129 861 2204 παρασκευάζουσα,
883 2132 980 2187 καὶ
1032 2132 1200 2202 -εάσης
1235 2132 1592 2196 ἀναπαύσεως
1612 2134 1868 2198 ὑπόθεσις
1885 2137 2018 2206 ἡμῖν

348 2220 628 2293 γινομένη.
650 2217 748 2271 Διά
784 2217 942 2271 τοῦτο
978 2219 1070 2272 καὶ
1101 2219 1130 2270 ὀ
1166 2218 1402 2290 Χριστὸς
1421 2218 1521 2290 τὴν
1539 2220 1691 2273 Θείαν
1712 2219 1928 2293 ἐκείνην
1945 2222 2018 2276 δι-

345 2292 640 2360 δασκᾶλίαν
703 2301 1023 2374 ποιούμενος
1074 2303 1258 2372 ἐλεγεο
1305 2303 1538 2360 mea"
1578 2306 1680 2362 ἀπ’
1697 2308 1844 2376 ἐμοῦ
1863 2292 1891 2372 ,⁷
1925 2308 2018 2365 ὅτι

347 2391 536 2459 πρᾶός
574 2393 691 2459 ειμι
725 2389 1139 2455 καλ.ταπεινὸς
1178 2389 1252 2458 τῇ
1290 2390 1500 2459 καρδίᾳ
1521 2434 1539 2457 ,
1578 2393 1678 2446 καί
1729 2394 2017 2459 εὑρήσετε

345 2478 693 2534 ἀνάπαυσιν
726 2475 857 2542 ταῖς
895 2476 1123 2544 ψυχαῖς
1161 2475 1346 2547 ὑμῶν.
1389 2478 1556 2532 οὐδὲν
1593 2478 1704 2550 7&9
1739 2480 1883 2534 οὕτω
1917 2482 2016 2553 τὴν

343 2565 524 2635 ψυχὴν
562 2564 622 2617 ἐν
660 2562 963 2616 ἀναπαύσει
1004 2562 1295 2634 καθίστησι
1314 2565 1409 2617 καὶ
1428 2563 1595 2636 πολλῇ
1614 2569 1679 2636 τῇ
1701 2567 1923 2639 ἠσυχίᾳ,
1941 2568 2019 2634 ὡς

346 2652 592 2723 πραότης
627 2650 723 2703 zeal
758 2648 1246 2720 ταπεινοφροσύνη.
1267 2649 1437 2704 Τοῦτο
1469 2651 1668 2717 παντὸς
1686 2653 2016 2724 διαδήματος

345 2737 666 2808 τιμιιίιτερον
683 2737 748 2791 ἀν
761 2737 971 2805 γένοιτο
989 2736 1066 2805 τῷ
1083 2737 1285 2808 ταύτην
1305 2738 1642 2809 κεκτημένῳ,
1661 2739 1818 2794 τοῦτο
1835 2741 2014 2812 πάσης

344 2823 701 2895 περιφανείας
739 2825 834 2877 καὶ
851 2822 1010 2892 δόξης
1028 2821 1484 2894 λυσιτελέστερον.
1507 2826 1571 2878 Τί
1591 2826 1701 2897 7&9
1721 2827 1787 2881 ἂν
1804 2828 2016 2896 γένοιτο

346 2909 758 2980 μακαριώτερον
788 2907 884 2962 τοῦ
915 2907 1335 2979 ἀπηλλαγμένου
1355 2907 1449 2961 τοῦ
1469 2909 1679 2964 ἔνδοθεν
1698 2914 2014 2985 τικτομένου

344 2996 580 3066 πολέμου
600 3014 615 3062 ;
639 2995 754 3049 Κάν
786 2995 895 3065 7&9
920 2995 1178 3065 μυριάκις
1196 2996 1418 3065 εἰρήνης
1437 2995 1634 3060 ἔξωθεν
1652 2999 2015 3072 ἀπολαύωμεν

343 3085 438 3137 καὶ
455 3083 772 3154 θεραπείας,
792 3082 1002 3136 ἐνδοθεν
1020 3082 1078 3136 δὲ
1098 3082 1346 3152 τίκτηται
1379 3085 1510 3154 ήμῖν
1547 3086 1611 3138 ἐκ
1646 3087 1744 3156 τῆς
1781 3089 1890 3140 τῶν
1928 3089 2015 3142 λο-

345 3169 560 3240 γισμῶν
598 3168 845 3240 ταραχῆς
883 3168 1111 3238 θόρυϐος
1149 3167 1244 3222 zeal
1284 3168 1419 3239 ζάλη
1445 3209 1460 3232 ,
1502 3169 1654 3223 οὐδὲν
1687 3172 1880 3239 ὅφελος
1915 3179 2014 3247 τῆς

343 3256 542 3324 ἔξωθεν
599 3257 852 3327 εἰρήνης’
909 3256 1098 3328 ὥσπερ
1168 3256 1291 3310 οὐδὲ
1347 3256 1556 3321 πόλεώς
1605 3276 1656 3314 τι
1719 3259 2011 3317 ἐλεεινότε-

346 3359 437 3412 ρον
459 3355 508 3406 ³,
550 3341 656 3395 κάν
688 3341 857 3413 μυρία
892 3359 977 3406 τις
1018 3341 1172 3413 τείχη
1208 3344 1304 3397 zeal
1322 3341 1702 3413 χαρακώματα
1721 3348 1892 3418 αὐτὴν
1913 3367 2013 3402 πε-

342 3429 592 3500 ριϐάλλῃ,
629 3430 692 3480 ἐκ
727 3427 784 3481 δέ
820 3427 930 3481 τῶν
969 3428 1179 3483 ἔνδοθεν
1216 3428 1569 3484 ἐνοικούντων
1601 3430 1699 3502 τὴν
1723 3433 2012 3502 προδοσίαν

340 3510 607 3582 ὑπομένῃ.
641 3508 810 3563 Τοῦτο
851 3510 1054 3574 τοίνυν,
1088 3511 1409 3580 παρακαλῶ,
1447 3513 1553 3583 πρὸ
1589 3512 1805 3568 πάντων
1841 3532 2010 3569 σπου-

341 3595 615 3666 δίιζωμεν,
662 3594 934 3666 ἀτάραχον
969 3595 1114 3664 ἐχειν
1151 3595 1250 3667 τὴν
1275 3597 1474 3667 ψυχὴν,
1507 3599 1565 3654 ἐν
1597 3599 1801 3669 ἡσυχίᾳ
1842 3600 2040 3673 αὐτὴν.

340 3680 684 3743 καθιστάναι,
731 3682 914 3751 πάσης
947 3683 1139 3753 ἀηδίας
1185 3683 1550 3755 ἀπηλλάχθαι,
1595 3686 1681 3738 ἵνα
1731 3687 1825 3741 zeal
1857 3687 2010 3741 αὐτοὶ

341 3769 539 3840 πολλῆς
563 3771 678 3837 τῆς
696 3770 1053 3835 ἀναπαύσεως
1087 3772 1468 3843 ἀπολαύωμεν,
1504 3773 1598 3826 zeal
1617 3775 1728 3838 τοῖς
1756 3791 2007 3844 συγγινο-

344 3855 523 3925 μένοις
569 3857 700 3927 ἡμῖν
747 3860 1038 3928 προσηνεῖς
1075 3857 1374 3928 γινώμεθα.
1413 3858 1584 3912 Τοῦτο
1628 3859 1738 3931 7&9
1773 3861 2006 3930 μάλιστα

339 3941 632 4013 γνώρισμα
675 3943 966 4012 ἀνθρώπου
1009 3943 1102 3996 τοῦ
1122 3943 1265 4013 λόγῳ
1291 3944 1676 4014 τετιμημένου,
1693 3947 1754 3999 τδ
1777 3948 2004 4018 ἥμερον,

338 4027 400 4079 τὸ
423 4029 685 4090 ἐπιεικὲς,
729 4029 791 4082 τὸ
829 4030 1026 4098 πρᾶον,
1071 4028 1131 4081 τὸ
1165 4028 1440 4090 ταπεινὸν,
1459 4030 1521 4082 τὺ
1569 4031 1791 4102 ἥσυχον,
1835 4033 1896 4085 τὸ
1933 4035 2007 4106 μὴ

341 4114 591 4184 καθάπερ
610 4115 940 4184 ἀνδράποδον
959 4113 1129 4177 οῦτως
1148 4114 1402 4168 ἕλκεσθαι
1430 4114 1525 4171 καὶ
1545 4114 1826 4186 σύρεσθαι,
1846 4118 1879 4190 ἢ
1903 4121 2007 4174 ὑπὸ

339 4200 529 4269 ὀργῆς.
567 4200 600 4270 ἢ
634 4201 738 4255 ὑπὸ
767 4201 875 4253 τῶν
909 4200 1085 4253 ἄλλων
1121 4200 1328 4263 παθῶν,
1359 4200 1495 4253 ἀλλά
1515 4201 1595 4271 τῷ
1628 4203 1874 4274 λογισμῷ
1910 4225 2006 4260 πε-

342 4285 642 4355 ριγίνεσθαι
670 4285 779 4340 τῶν
824 4285 1035 4341 ἔνδοθεν
1080 4285 1487 4356 σκιρτημάτων,
1530 4288 1628 4340 zeal
1669 4289 1769 4358 τὴν
1800 4292 2006 4346 οίκείαν

339 4370 624 4435 διασώζειν
650 4372 948 4437 εὐγένειαν,
973 4374 1066 4428 zeal
1103 4371 1176 4443 μὴ
1199 4371 1289 4424 διά
1329 4372 1597 4443 ῥᾳθυμίας
1629 4374 1657 4414 ι)
1677 4377 1757 4438 εἰς
1775 4377 1875 4447 τὴν
1893 4379 2003 4431 τῶν

339 4458 549 4525 ἀλόγων
596 4459 883 4512 ἐκπίπτειν
925 4459 1240 4530 θηριωδίαν.
1278 4459 1388 4512 Kal
1435 4459 1520 4513 ἵνα
1563 4461 1740 4535 μάθῃς
1766 4464 1866 4535 ὅση
1904 4467 2002 4536 τῆς

339 4545 648 4612 πραΰτητος
677 4545 771 4596 καὶ
810 4544 908 4612 τῆς
935 4545 1230 4607 ἐπιεικείας
1265 4548 1298 4615 ή
1340 4545 1508 4615 ἰσχὺς,
1529 4549 1623 4601 καὶ
1666 4550 1742 4612 ώς
1772 4552 2004 4622 ἧρκεσεν

337 4629 478 4699 αῦτη
500 4630 633 4700 μόνη
657 4631 689 4701 ἠ
719 4631 889 4702 ἀρετὴ
908 4633 998 4686 τὸν
1036 4631 1203 4702 αὐτὴν
1235 4633 1372 4702 μετά
1391 4635 1672 4703 ἀκριϐείας
1710 4641 2002 4709 κατωρθω-

338 4717 470 4769 κότα
509 4715 616 4769 τῶν
658 4718 986 4788 ἀπορρήτων
1031 4718 1254 4771 ἐκείνων
1283 4719 1518 4772 ἐπαίνων
1556 4722 1807 4786 ἀξιῶσαι,
1839 4726 2004 4779 ἄκουε

336 4801 430 4855 τοῦ
455 4802 726 4873 μακαρίου
755 4802 1033 4866 Μωῦσέως
1051 4803 1150 4873 τὴν
1167 4797 1500 4874 ἀνακήρυξιν
1519 4807 1765 4859 ἐντεῦθεν
1785 4812 2005 4879 γινομέ-

337 4906 455 4958 νην,
479 4891 573 4943 zeal
592 4889 852 4956 στέφανον
872 4889 1019 4958 αὐτῷ
1052 4891 1117 4942 ἐκ
1133 4889 1337 4959 ταύτης
1357 4889 1497 4946 οὕτω
1519 4892 1869 4963 πλεκόμενον.
1894 4898 2001 4950 Καί

338 4973 597 5040 Μωυσῆς
615 4970 714 5040 ἦν,
742 4974 894 5041 φησὶ,
919 4975 1247 5039 πραότατος
1267 4974 1508 5028 πάντων
1528 4977 1856 5044 ἀνθρώπων
1885 4981 2004 5035 τῶν

335 5060 431 5112 ἐπὶ
455 5059 564 5128 τῆς
603 5059 732 5127 γῆς.
770 5056 920 5122 Εἰδες
957 5060 1233 5128 ἐγκωμὶου
1274 5062 1524 5130 μέγεθος,
1561 5064 1588 5116 ὃ
1616 5066 1796 5137 πάσης
1838 5069 2001 5122 αὐτὸν

334 5147 433 5214 τῆς
463 5145 807 5215 ἀνθρωπίνης
845 5144 1056 5213 φύσεως
1097 5145 1396 5199 ίσοστάσιον
1429 5148 1695 5220 ἀπέφηνε,
1722 5152 1922 5220 μᾶλλον
1947 5153 2000 5206 δὲ

336 5234 534 5296 παντὸς
555 5233 646 5286 τοῦ
667 5233 773 5286 τῶν
794 5231 1097 5303 ἀνθρώπων
1127 5233 1318 5300 γένους
1350 5237 1671 5305 προέκρινε;
1707 5239 1815 5291 Kal
1841 5239 1999 5292 πάλιν

336 5321 464 5390 περὶ
488 5318 582 5375 τοῦ
601 5321 762 5373 Δαυῖδ
795 5336 957 5390 φησιν
985 5321 1018 5390 ἡ
1053 5321 1261 5390 Γραφή·
1302 5322 1634 5387 Μνήσθητι,
1675 5326 1870 5390 Κύριε,
1894 5328 1998 5380 τοῦ

335 5405 536 5468 Δαυῒδ,
584 5405 678 5458 καί
731 5405 938 5472 πάσης
969 5403 1074 5471 τῆς
1113 5407 1444 5472 πραότητος
1471 5409 1676 5462 αὑτοῦ.
1722 5409 1998 5465 Ἐντεῦθεν

336 5493 429 5547 καὶ
472 5494 500 5544 ὀ
545 5491 887 5561 πατριάρχης
930 5491 1106 5560 πολλῷ
1151 5493 1368 5546 πλείονα
1407 5493 1501 5564 τὴν
1541 5495 1744 5549 ἄνωθεν
1785 5496 1997 5552 εὔνοιαν

335 5579 704 5642 ἐπεσπάσατο,
743 5579 838 5633 καὶ
865 5577 933 5632 τά
971 5578 1102 5650 παρ’
1131 5578 1322 5633 ἑαυτοῦ
1364 5581 1707 5647 εἰσενεγκὼν,
1748 5585 1854 5638 τῶν
1878 5603 1996 5654 μει-

335 5662 503 5725 ζόνων
539 5662 743 5732 ἠξιώθη
781 5663 931 5735 παρά
963 5664 1056 5716 τοῦ
1101 5666 1480 5736 φιλανθρώπου
1513 5666 1667 5720 Θεοῦ.
1701 5671 1808 5722 Kal
1839 5672 1996 5726 τοῦτο

333 5749 564 5817 εἴσεσθε,
603 5750 821 5803 ἐπειδὰν
851 5752 930 5813 εἰς
965 5751 1128 5821 μέσον
1160 5752 1448 5821 προθῶμεν
1482 5754 1609 5823 ύμῖν
1643 5754 1711 5807 τὰ
1730 5757 1992 5813 ἀκόλουθα

397 5948 422 5975 ⁸
443 5945 541 5997 ΔίῘί
568 5948 872 6011 ἐλεεινότερον
902 5951 1099 6012 γένοιτο.
1167 5952 1193 5991 b
1221 5953 1422 6014 Septem
1446 5966 1556 6003 mss.
1586 5953 1661 6001 διὰ
1689 5956 1927 6018 ῥαθυμίαν.

1194 364 1254 422 S.
1288 361 1576 421 JOANNIS
1607 354 2095 417 οιιῐιγεοετοω
2134 355 2448 415 ARCHIEP.
2493 359 3038 422 CONSTANTINOP.

3693 370 3801 428 3N

2128 475 2237 529 τῶν
2285 475 2412 546 χθές
2469 480 2809 550 εἰρημένων,
2860 481 2954 535 zeal
3006 479 3075 535 τά
3123 481 3339 554 πρῶτον
3384 484 3800 554 ἀναγνωσθέντα

2126 560 2523 633 «meum
2555 563 2650 616 ἐπὶ
2685 563 2784 634 τῆς
2831 564 3103 637 ὑμετέρας
3135 566 3377 637 ἀγάπης.
3429 567 3644 639 Ἐπειδὴ
3690 568 3800 639 7&9

2125 648 2327 721 πολλὴν
2378 649 2790 721 ἐπιδειξάμενος
2828 651 2928 724 τὴν
2971 653 3274 708 ἐπιείκειαν
3321 655 3690 726 παρεχώρησε
3719 655 3800 726 τῷ

2123 737 2251 792 Λὼτ
2279 737 2387 793 τῶν
2417 740 2719 810 πρωτείων,
2745 743 2840 796 καὶ
2869 742 2971 811 τῆς
2999 743 3231 813 ἐκλογῆς
3256 741 3405 814 αὐτῷ
3429 743 3526 813 τὴν
3548 739 3800 809 ἐξουσίαν

2122 823 2393 890 δεδωκώς,
2428 825 2600 880 είλετο
2631 825 2930 899 προθύμως
2975 829 3074 902 τὴν
3112 830 3372 885 ἐλάττονα
3411 829 3603 901 μερίδα
3650 827 3799 899 ὑπιρ

2123 910 2218 966 τοῦ
2276 915 2456 968 πᾶσαν
2509 912 2750 967 ἐκποδὼν
2802 913 3054 984 γενέσθαι
3092 914 3450 984 φιλονεικίαν·
3505 916 3608 980 δρα
3636 911 3796 989 [εει]

2122 1000 2254 1070 ὅσης
2303 1003 2564 1058 ἀπολαύει
2615 1003 2956 1073 παραχρῆμα
2993 1003 3142 1074 παρά
3189 1001 3285 1057 τοῦ
3319 1003 3453 1058 Θεοῦ
3497 1004 3596 1075 τῆς
3635 1004 3799 1074 ἀμοι-

2123 1088 2248 1157 ϐῆς,
2279 1088 2374 1142 zeal
2402 1090 2552 1154 ὅπως
2591 1090 2656 1142 ἐκ
2681 1089 2880 1160 πολλῆς
2901 1089 3002 1160 τῆς
3033 1089 3350 1161 περιουσίας
3380 1090 3625 1160 μείζονος
3649 1091 3798 1158 ἀξιοῖ

2119 1175 2220 1242 τῆς
2253 1173 2574 1238 ἀντιδόσεως
2601 1175 2693 1228 τὸν
2719 1176 3082 1246 πατριάρχην.
3122 1175 3378 1238 Τοιοῦτος
3403 1175 3514 1246 γάρ
3531 1177 3562 1229 ὀ
3585 1177 3796 1230 Δεσπό-

2118 1275 2219 1331 της
2247 1261 2277 1315 ό
2327 1260 2616 1332 ἡμέτερος·
2659 1249 2879 1315 ἐπειδὰν
2908 1261 2994 1335 (an
3051 1264 3246 1333 μικρόν
3279 1280 3332 1316 τι
3382 1264 3800 1330 εἰσενεγκόντας

2121 1345 2289 1416 ἡμᾶς,
2317 1345 2560 1416 δαψιλεῖς
2588 1347 2722 1418 ἡμῖν
2753 1337 2978 1423 παρέχει
3009 1349 3107 1412 τάς
3147 1351 3277 1420 παρ’
3305 1347 3498 1404 ἐαυτοῦ
3530 1347 3796 1420 ἀμοιϐάς,

2121 1433 2213 1485 zeal
2232 1432 2500 1503 τοσαύτην
2522 1433 2887 1490 ἐπιδείκνυται
2911 1435 3010 1506 τὴν
3043 1435 3373 1507 φιλοτιμίαν,
3407 1437 3483 1499 ώς
3516 1435 3697 1506 πολλῷ
3715 1435 3798 1508 τῷ

2123 1518 2310 1590 μέτρῳ
2331 1520 2754 1590 ύπερακοντίσαι
2785 1519 2854 1573 τά
2882 1522 3010 1592 παρ’
3037 1523 3192 1592 ἡμῶν
3226 1524 3503 1591 γεγονότα.

2192 1607 2256 1678 β’.
2282 1607 2388 1660 Kal
2407 1607 2567 1662 τοῦτο
2596 1609 2681 1678 ἐφ’
2709 1609 2925 1680 ἑκάστῳ
2952 1611 3060 1664 τῶν
3089 1612 3218 1683 παρ’
3246 1613 3403 1682 ήμῶν
3440 1612 3798 1683 ἐπιτελουμέ-

2119 1711 2227 1748 νων
2253 1695 2476 1768 εὑρήσει
2497 1713 2580 1760 τις
2603 1697 2733 1769 παρ’
2760 1697 2926 1752 αὐτοῦ
2957 1700 3256 1768 γινόμενον.
3285 1699 3350 1753 Τί
3375 1699 3503 1771 γάρ,
3535 1701 3658 1753 εἰπέ
3677 1717 3795 1770 μοι.

2117 1783 2210 1837 δύο
2238 1784 2440 1838 ὀϐολῶν
2471 1785 2538 1840 ἀν
2594 1787 2811 1853 γίνοιτο
2855 1786 3262 1856 εύτελέστερονς
3315 1788 3454 1841 Ἀλλ’
3497 1791 3646 1858 ὅμως
3695 1789 3797 1860 τὴν

2119 1871 2294 1942 χήραν
2319 1872 2552 1944 ἐκείνην,
2595 1872 2695 1943 τὴν
2731 1875 2857 1937 τοὺς
2892 1873 2986 1928 δύο
3019 1874 3238 1938 ὀϐολοὺς
3263 1875 3695 1936 καταϐαλοῦσαν,
3733 1874 3797 1942 ἐξ

2119 1959 2325 2012 ἐκείνου
2353 1959 2513 2030 μέχρι
2558 1960 2651 2024 τοῦ
2680 1961 2947 2033 παρόντος
2995 1963 3074 2024 εἰς
3105 1965 3282 2015 πᾶσαν
3331 1962 3431 2032 τὴν
3461 1963 3795 2032 οίκουμένην

2119 2043 2588 2116 ἀνακηρύττεσθαι
2641 2048 2927 2117 πεποίηκε.
2965 2048 3074 2101 Kal
3121 2047 3174 2101 τί
3218 2048 3363 2118 λέγω
3394 2049 3488 2102 δύο
3528 2049 3791 2114 ὀϐολούς;

2119 2131 2238 2185 Κάν
2267 2133 2524 2203 ποτήριον
2553 2132 2762 2204 ψυχροῦ
2787 2151 2871 2198 τις
2903 2133 3000 2205 δῷ,
3031 2137 3123 2190 zeal
3149 2136 3289 2207 ύπέρ
3315 2136 3506 2190 τούτου
3543 2136 3795 2206 μεγάλας

2116 2217 2287 2290 ὁρίζει
2312 2219 2411 2283 τάς
2442 2219 2696 2290 ἀμοιϐὰς.
2731 2221 2840 2275 ἀπὸ
2871 2222 2970 2292 τῆς
2993 2222 3217 2293 γνώμης
3248 2223 3336 2275 ἀεὶ
3351 2225 3633 2301 στεφανῶν
3661 2225 3794 2290 τοὺς

2116 2305 2215 2374 τὴν
2242 2306 2444 2377 ἀρετήν
2493 2306 2914 2378 κατορθοῦντας.
2956 2309 3068 2363 Kal
3116 2309 3210 2362 ἐπὶ
3242 2309 3340 2379 τῆς
3369 2310 3698 2382 προσεδρίας
3731 2311 3792 2364 δέ

2115 2391 2224 2446 τῶν
2253 2393 2426 2462 εὐχῶν
2453 2391 2610 2447 τοῦτο
2641 2394 2740 2449 ῖδοι
2763 2412 2845 2459 τις
2882 2396 2949 2450 ἂν
2981 2397 3110 2468 παρ’
3136 2395 3300 2450 αὐτοῦ
3336 2396 3641 2467 γινόμενον.
3661 2399 3794 2452 Ἑάν

2113 2478 2224 2550 γάρ
2258 2479 2341 2550 ίδῃ
2404 2479 2544 2548 μετά
2572 2479 2902 2551 θερμότητός
2938 2500 3060 2537 τινα
3095 2484 3407 2553 προσιόντα,
3435 2483 3641 2549 εὐθέως
3669 2487 3795 2558 ἐρεῖ

2113 2568 2250 2638 προς
2300 2567 2480 2621 αὐτόν·
2511 2569 2634 2621 Ἔτι
2661 2569 2999 2636 λαλοῦντός
3026 2586 3144 2624 σου
3172 2571 3302 2632 ίδοὺ
3343 2573 3600 2644 πάρειμι.
3643 2577 3705 2630 Εἰ
3729 2578 3790 2630 δέ

2114 2654 2334 2707 πλείονα
2365 2653 2464 2725 τὴν
2510 2656 2836 2726 προσεδρίαν
2885 2657 3236 2724 ἐπιδείξηται,
3284 2661 3377 2714 καὶ
3420 2662 3559 2731 μετά
3586 2664 3787 2717 πολλοῦ

2112 2741 2206 2795 τοῦ
2240 2741 2406 2795 πόθου
2430 2742 2526 2797 zeal
2558 2742 2789 2812 ζεούσης
2827 2744 2924 2814 τῆς
2952 2745 3260 2815 προθυμίας
3284 2748 3352 2801 τά
3381 2749 3480 2818 τῆς
3511 2751 3792 2820 αἰτήσεως

2114 2827 2499 2898 φιλοτιμεῖται,
2546 2829 2640 2881 καί⁸
2687 2828 2794 2899 πρὸ
2842 2830 2940 2899 τῆς
2987 2832 3253 2900 αίτὴσεως
3295 2833 3662 2905 ἀνακηρύττει
3690 2841 3790 2893 καὶ

2116 2917 2388 2985 στεφανοῖ·
2443 2916 2582 2985 ὅπερ
2634 2916 2730 2968 zeal
2785 2916 2878 2970 ἐπὶ
2939 2915 3039 2986 τῆς
3095 2919 3405 2982 Χαναναίας
3456 2921 3787 2992 πεποίηκεν.

2125 3001 2341 3072 Ἐπειδὴ
2392 3001 2500 3072 γὰρ
2532 2999 2671 3056 εἶδεν
2704 3002 2874 3073 αὐτῆς
2910 3002 3002 3056 τδν
3029 3004 3181 3056 τόνον
3210 3006 3304 3059 καὶ
3326 3007 3424 3076 τὴν
3450 3007 3656 3078 πολλὴν
3700 3010 3790 3063 εν-

2113 3105 2322 3151 στασιν,
2363 3089 2624 3160 πρότερον
2675 3089 3022 3159 ἀνακηρύξας
3059 3092 3154 3146 zeal
3194 3091 3564 3162 στεφανώσας,
3593 3093 3672 3160 ὡς
3709 3098 3790 3149 εί-

2112 3177 2233 3229 πεῖν
2262 3175 2352 3230 διά
2381 3175 2489 3229 τῶν
2519 3176 2832 3245 ἐγκωμίων,
2874 3177 2968 3230 zeal
3009 3177 3157 3250 πάσῃ
3188 3183 3252 3250 τῇ
3287 3181 3585 3255 οἰκουμένῃ
3610 3185 3788 3240 κατά-

2111 3261 2267 3332 δηλον
2295 3263 2463 3333 αὐτὴν
2495 3263 2748 3333 ποιήσας,
2771 3263 2892 3316 τότε
2920 3263 3106 3336 καὶτὰ
3131 3265 3232 3335 τῆς
3259 3267 3526 3336 αἰτήσεως
3553 3269 3791 3336 ἐφιλοτι-

2115 3351 2325 3421 μήσατο
2351 3348 2488 3419 μετά
2514 3348 2707 3420 πολλῆς
2731 3349 2833 3418 τῆς
2859 3350 3157 3420 δαψιλείας.
3196 3351 3380 3406 Εἰπὼν
3415 3352 3546 3424 7&9,
3572 3350 3642 3407 Ὦ
3665 3359 3786 3425 τύ-

2110 3453 2229 3500 ναι,
2267 3435 2500 3504 μεγάλη
2553 3452 2668 3489 σου
2689 3438 2725 3501 ἡ
2751 3438 2977 3502 πίστις,
3005 3437 3125 3489 τότε
3156 3437 3421 3508 ἐπήγαγε,
3456 3441 3787 3509 Γενηθήτω

2110 3540 2209 3578 σοι
2236 3525 2317 3588 ὡς
2347 3522 2563 3588 θέλεις.
2602 3523 2712 3575 Kal
2739 3525 2786 3576 εί
2828 3523 3149 3593 βουλοίμεθα
3178 3524 3408 3579 ἕκαστον
3432 3526 3540 3580 τῶν
3568 3530 3628 3583 ἐν
3659 3533 3786 3594 ταῖς

2110 3609 2283 3673 θείαις
2306 3610 2546 3682 Γραφαῖς
2572 3608 2838 3676 ἐκλέγειν,
2878 3609 3154 3680 πανταχοῦ
3184 3611 3384 3681 πολλὴν
3413 3612 3657 3685 ὀψόμεθα
3681 3616 3786 3688 τὴν

2109 3698 2416 3768 φιλοτιμίαν
2453 3695 2547 3750 τοῦ
2570 3696 2862 3751 Δεσπότου.
2890 3697 3064 3767 Ὅπερ
3099 3697 3343 3768 ἀκριϐῶς
3381 3701 3410 3752 ό
3434 3702 3785 3775 πατριάρχης

2106 3785 2488 3854 ἐπιστάμενος,
2517 3785 2612 3836 καὶ
2645 3781 2799 3845 είδὼς
2818 3784 2901 3836 ὅτι
2931 3783 2961 3836 ὀ
2989 3783 3096 3837 τῶν
3123 3783 3420 3838 ἐλαττόνων
3442 3791 3786 3861 παραχωρή-

2112 3889 2208 3934 σας
2263 3871 2527 3940 μειζόνων
2590 3869 2951 3934 ἐπιτεύξεται,
3007 3870 3260 3942 καθάπερ
3309 3871 3438 3942 χθὲς
3485 3875 3782 3944 ἠκούσατε,

2111 3955 2472 4027 παρεχώρησε
2493 3955 2572 4025 τῷ
2621 3955 2765 4022 Λὼτ,
2787 3957 2882 4008 zeal
2912 3956 3086 4009 είλετο
3127 3957 3226 4027 τὴν
3257 3958 3642 4030 εὐτελεστέραν
3669 3963 3749 4032 χώ
3768 3995 3780 4002 -

2099 4058 2230 4111 ραν,
2254 4041 2342 4095 ἵνα
2373 4041 2468 4094 zeal
2485 4040 2583 4109 τῆς
2613 4040 2946 4108 φιλονεικίας
2973 4040 3072 4104 τὰς
3108 4043 3362 4113 ἀφορμάς
3396 4045 3653 4118 περιέλῃ,
3684 4049 3784 4102 καὶ

2108 4135 2204 4207 τὴν
2236 4136 2439 4190 οἰκείαν
2471 4136 2669 4206 ἀρετὴν
2694 4134 3045 4206 ἐπιδείξηται,
3081 4138 3175 4191 καὶ
3196 4137 3255 4189 ἐν
3280 4139 3470 4210 εἰρήνῃ
3489 4144 3783 4212 καταστή-

2112 4249 2180 4305 σῃ
2212 4234 2310 4302 τὴν
2347 4233 2522 4285 οίκίαν
2555 4232 2790 4286 ἅπασαν.
2828 4233 2967 4285 Ἀλλ’
3001 4234 3200 4303 ἴδωμεν
3227 4234 3291 4287 ἐκ
3313 4234 3422 4286 τῶν
3447 4238 3782 4306 προσφάτως

2109 4327 2552 4396 ἀνεγνωσμένων,
2598 4328 2750 4390 τίνας
2795 4327 3059 4397 λαμϐάνει
3100 4327 3197 4391 τάς
3217 4328 3452 4398 ἀμοιϐάς
3493 4331 3646 4401 παρά
3681 4333 3780 4386 τοῦ

2107 4425 2376 4477 Δεσπότου
2416 4424 2557 4494 ύπέρ
2582 4424 2680 4493 τῆς
2703 4421 2970 4490 τοσαύτης
3005 4422 3328 4486 ἐπιεικείαςέ
3347 4423 3453 4477 Καί
3479 4421 3636 4488 εἷπε,
3669 4445 3772 4497 φη-

2108 4519 2212 4581 alv,
2255 4522 2288 4572 ό
2322 4518 2466 4584 Θεὸς
2509 4516 2590 4582 τῷ
2622 4519 2848 4586 Ἀϐραμ
2895 4517 3044 4584 μετὰ
3065 4515 3132 4569 τὸ
3179 4517 3645 4587 διαχωρισθῆναι
3670 4522 3780 4575 τὸν

2106 4615 2236 4668 Λὼτ
2253 4615 2354 4667 ἀπ’
2375 4615 2581 4666 αὐτοῦ’
2623 4612 2985 4680 Ἀναϐλέψας
3009 4611 3133 4677 τοῖς
3165 4614 3492 4682 ὀφθαλμοῖς
3521 4631 3663 4679 σου,
3687 4619 3779 4670 ῑδε

2105 4708 2222 4761 ἀπὸ
2242 4707 2346 4760 τοῦ
2372 4709 2580 4770 τόπου,
2607 4701 2680 4761 οὗ
2702 4706 2817 4758 νῦν
2838 4706 2920 4758 σὺ
2957 4701 3030 4770 ετ,
3058 4705 3208 4772 πρὸς
3223 4706 3458 4775 ,βορῤᾱν
3484 4709 3582 4762 καί
3612 4712 3776 4774 λίϐα,

2098 4803 2204 4856 ’καί
2238 4803 2541 4866 ἀνατολὰς
2582 4800 2681 4853 καί
2732 4799 3072 4853 θάλασσαν·
3108 4801 3198 4854 ὅτι
3250 4799 3456 4855 πᾶσαν
3499 4802 3614 4869 τὴν
3638 4804 3777 4872 γῆν,

2105 4896 2186 4964 ἦν
2215 4898 2294 4951 σὺ
2326 4895 2491 4964 ὁρᾷς,
2517 4895 2614 4949 σοὶ
2638 4894 2809 4948 δώσω
2838 4893 3053 4960 αὐτὴν,
3085 4894 3184 4947 καί
3221 4893 3302 4961 τῷ
3331 4893 3632 4964 σπέρματί
3657 4914 3779 4952 σου

2102 4996 2210 5058 ἓως
2233 4993 2339 5048 τοῦ
2389 4992 2620 5057 αἰῶνος.
2657 4993 2797 5062 Ὅρα
2829 4992 2890 5043 τὸ
2906 4993 3070 5059 τάχος
3093 4991 3194 5060 τῆς
3229 4989 3324 5044 τοῦ
3351 4990 3486 5043 Θεοῦ
3517 4995 3779 5064 προνοίας

2101 5091 2192 5142 καὶ
2223 5088 2320 5156 τῆς
2352 5085 2608 5155 ἀμοιϐῆς,
2639 5078 2706 5155 ἦς
2743 5083 2870 5150 περί
2886 5083 2975 5134 τὸν
2999 5083 3205 5136 δίκαιον
3235 5083 3621 5138 ἐπιδείκνυται.
3651 5087 3781 5138 Βου-

2099 5185 2300 5254 λομένη
2343 5181 2452 5250 γὰρ
2476 5181 2624 5250 ἡμᾶς
2652 5178 2909 5248 διδάξαιή
2936 5178 3054 5230 θεία
3086 5177 3297 5248 Γραφὴ,
3334 5178 3467 5247 ὅσης
3496 5180 3778 5251 ἀποδοχῆς

2098 5277 2303 5347 ἠξιώθη
2339 5277 2490 5347 παρά
2517 5274 2611 5326 τοῦ
2661 5272 3042 5343 φιλανθρώπου
3065 5272 3200 5327 Θεοῦ
3251 5275 3279 5326 ὀ
3309 5274 3653 5344 πατριάρχης
3681 5278 3777 5331 ἐπὶ

2099 5375 2164 5442 τῇ
2189 5370 2427 5441 τοσαύτῃ
2466 5367 2959 5440 ταπεινοφροσύνῃ,
2997 5365 3228 5419 είποῦσα
3255 5366 3336 5419 ὅτι
3380 5367 3706 5438 διεχωρίσθη
3745 5372 3776 5420 ὀ

2102 5468 2241 5528 Λὼτ,
2278 5468 2372 5520 zeal
2427 5463 2667 5530 ἀπῆλθεν
2709 5464 2789 5525 εἰς
2843 5463 2942 5533 τὴν
2984 5462 3107 5532 γῆν,
3153 5463 3221 5531 ἢν
3258 5461 3429 5516 είλετο
3473 5462 3548 5525 ώς
3597 5464 3778 5516 καλλι.

2100 5567 2418 5628 στεύουσαν,
2459 5561 2659 5622 εὐθέως
2690 5560 2959 5630 ἐπήγαγε·
3000 5558 3105 5610 Καὶ
3148 5555 3277 5610 εἶπε
3314 5559 3529 5624 Κύριος
3560 5563 3593 5612 ὀ
3627 5563 3777 5625 Θεὸς

2099 5662 2180 5728 τῷ
2200 5662 2448 5727 Ἀϐραμ.
2479 5651 2611 5709 Εἶτα
2632 5656 2717 5709 ἵνα
2766 5655 3024 5725 μάθωμεν
3046 5654 3181 5724 μετὰ
3215 5654 3498 5724 ἀκριϐείας
3518 5657 3600 5708 ὅτι
3631 5657 3776 5727 ὑπὲρ

2101 5758 2207 5811 τῶν
2242 5757 2321 5818 εἰς
2355 5753 2446 5806 τὸν
2472 5749 2591 5804 Λὼτ
2617 5752 2997 5820 γεγενημένων
3029 5748 3386 5818 ἀμειϐόμενος
3415 5748 3568 5820 [διε]
3609 5751 3774 5801 αὐτὸν

2100 5853 2275 5906 ταῦτά
2305 5866 2458 5919 φησι,
2491 5846 2814 5917 προσέθηκε·
2853 5844 2959 5896 Καὶ
2993 5839 3160 5894 εἶπεν
3187 5847 3218 5895 ό
3253 5843 3396 5906 Θεὸς
3439 5842 3516 5906 τῷ
3555 5845 3770 5910 Ἇσρυμ

2094 5947 2242 6018 μετὰ
2273 5947 2337 5999 τὸ
2364 5940 2823 6011 διαχωρισθῆναι
2853 5939 2958 5992 τὸν
2978 5937 3103 5990 Λὼτ
3131 5939 3232 5990 ἀπ’
3259 5937 3464 5990 αὗτοῦο
3487 5940 3768 6007 μονονουχὶ
