4058 6398
274 391 381 445 315

275 512 553 563 utilitatem
576 548 594 579 ι
622 507 827 559 vidistis
878 504 1146 558 lenitatem
1192 500 1481 568 egregiam.
1512 496 1695 562 Neque
1732 495 1874 549 enim

275 609 394 653 erat
424 613 510 653 res
536 598 785 666 vulgaris,
817 594 958 664 quod
990 607 1150 647 senex
1170 633 1185 656 ,
1223 591 1312 660 qui
1342 599 1417 642 tot
1449 588 1707 642 beneﬁcia
1742 601 1871 640 eon-

283 691 501 753 tulcrat,
530 705 687 759 quem
731 698 872 742 tanta
923 684 1291 740 benevolentia
1339 682 1595 735 Dominus
1636 680 1875 734 omnium

278 780 721 849 prosequebatur,
755 777 869 847 pal'i
915 776 1118 829 honore
1148 773 1459 842 dignaretur
1497 770 1749 839 juvenem
1774 809 1791 835 ,
1822 779 1876 823 et

276 870 461 923 fratris
503 869 702 927 ﬁlium.
731 876 787 921 et
817 867 1044 935 primatu
1099 864 1171 916 illi
1224 862 1478 923 cederet,
1519 859 1875 927 inferioraque

277 960 393 1028 ipse
419 958 694 1026 deligeret,
724 955 964 1024 nihilque
990 969 1097 1007 non
1126 953 1325 1006 faceret
1352 967 1457 1021 quo
1479 950 1677 1004 bellum
1706 949 1872 1017 imper

274 1049 440 1113 dtrel,
495 1058 549 1102 et
602 1044 967 1101 contentionis
1010 1042 1290 1097 materiam
1334 1056 1365 1096 e
1408 1040 1588 1096 medio
1637 1038 1875 1094 tolleret.

278 1139 430 1193 Ilunc
470 1152 660 1193 onmes
700 1137 897 1192 imitari
938 1134 1272 1199 studeatnus,
1294 1142 1350 1189 et
1394 1147 1682 1201 numquam
1709 1145 1872 1200 super

275 1229 579 1297 proximum
628 1227 989 1292 extollamur,
1019 1240 1307 1295 numquam
1333 1224 1400 1278 de
1430 1223 1582 1277 nobis
1626 1220 1870 1276 sublimia

272 1321 607 1376 u'ntiamus:
636 1319 731 1375 sed
757 1318 1015 1373 modestia
1046 1315 1319 1385 conspicui
1349 1314 1602 1368 cedamus
1631 1312 1750 1364 aliis
1774 1351 1788 1373 ,
1817 1318 1872 1364 et

276 1409 567 1465 inferiores
599 1409 783 1465 haberi
810 1422 1091 1472 conemur,
1122 1416 1228 1460 tam
1263 1406 1438 1459 verbis
1481 1418 1640 1473 quam
1686 1401 1869 1471 cperi-

270 1500 405 1565 bus,
439 1514 537 1554 nec
565 1513 812 1567 umquam
841 1499 920 1552 eis
948 1498 1037 1567 qui
1077 1489 1232 1551 t'tobis
1273 1497 1517 1561 iniuriam
1552 1494 1866 1557 intulerunt,

268 1591 659 1657 adversentur,
702 1590 911 1643 etiamsi
969 1590 1151 1642 multis
1204 1587 1401 1641 nes-tris
1438 1585 1611 1639 allecti
1671 1584 1867 1637 fuerint

269 1681 552 1735 beneﬁciis
585 1699 599 1736 :
632 1681 745 1735 hinc
772 1681 915 1734 enim
942 1681 1142 1747 optima
1173 1686 1255 1731 est
1290 1676 1626 1745 philosophia
1654 1692 1666 1726 :
1696 1689 1867 1742 neque

268 1773 596 1826 contumelia
626 1771 800 1825 allecti
842 1770 1049 1825 feroces
1093 1770 1296 1831 simus,
1328 1780 1537 1822 cttamsn
1582 1765 1866 1819 inferiores

268 1863 428 1916 nobis
455 1866 561 1917 sint
593 1864 626 1916 ii
657 1863 747 1932 qui
778 1862 1057 1916 nobiscum
1091 1859 1421 1913 contendunt
1448 1875 1459 1908 :
1490 1857 1583 1911 sed
1616 1870 1866 1910 mansue—

267 1953 452 2008 tudine
492 1962 545 2006 et
591 1952 807 2007 lenitate
858 1951 1185 2015 iracundiam
1233 1949 1672 2019 comprimamus.
1721 1946 1863 2000 Nihil

170 2041 179 2048 ’
265 2045 410 2097 enim
460 2045 547 2097 illa
581 2043 884 2112 potentius,
919 2042 1049 2095 nihil
1098 2042 1184 2094 illa
1246 2042 1454 2093 fortius.
1488 2039 1576 2091 llla
1630 2040 1861 2092 animant

267 2142 510 2186 nostram
543 2133 593 2185 itt
626 2141 878 2201 perpetua
910 2132 1323 2200 tranquillitate,
1348 2139 1401 2184 et
1432 2131 1583 2199 quasi
1623 2129 1674 2183 in
1707 2138 1862 2198 portu

264 2225 578 2287 constituit,
602 2233 656 2277 et
704 2224 880 2277 omnis
919 2222 1267 2276 rccreationis
1309 2235 1372 2275 ac
1415 2221 1609 2290 quietis
1649 2220 1862 2275 occasio

268 2314 423 2366 nobis
452 2324 554 2368 est.
582 2314 880 2383 Eaproptcr
923 2322 978 2367 et
1020 2313 1266 2367 Christus
1302 2313 1479 2367 divina
1532 2313 1618 2365 illa
1662 2313 1861 2367 docens

263 2404 475 2457 dici-bat
500 2423 511 2455 :
540 2404 728 2459 Discite
752 2423 784 2458 a
806 2422 902 2468 me,
921 2406 1039 2475 quia
1064 2405 1198 2457 mitis
1216 2421 1327 2458 sum
1358 2414 1405 2457 et
1434 2404 1639 2458 humilis
1662 2405 1814 2458 corde
1841 2420 1860 2458 :

264 2504 310 2546 et
344 2495 605 2548 invenietis
631 2496 846 2565 requiem
873 2495 1137 2548 animabus
1168 2496 1339 2548 vestris
1371 2494 1585 2564 (Matth.
1620 2496 1721 2560 11.,
1739 2492 1855 2566 99).

266 2584 405 2637 Nihil
435 2585 577 2638 enim
604 2587 834 2638 animam
861 2587 929 2639 ita
962 2586 1012 2639 itt
1041 2586 1420 2656 tranquillitate
1446 2594 1502 2641 et
1521 2587 1701 2655 quiete
1731 2602 1859 2639 mn-

264 2675 459 2740 stituit,
490 2684 546 2728 ut
576 2675 929 2730 mansuetudo
957 2685 1012 2730 et
1034 2675 1316 2730 modestia.
1343 2675 1468 2730 llaec
1496 2677 1644 2730 omni
1675 2675 1859 2731 diade-

263 2776 406 2821 mate
446 2781 504 2821 se
532 2768 824 2835 possidenti
854 2777 935 2821 est
963 2767 1305 2833 honoratior;
1332 2768 1446 2821 hrec
1474 2768 1620 2821 omni
1641 2768 1858 2821 claritu-

262 2855 388 2911 dine
414 2865 467 2910 et
484 2856 650 2924 gloria
673 2857 1077 2911 conducibilior.
1094 2857 1231 2924 Quid
1261 2858 1402 2912 enim
1435 2856 1665 2923 beatius,
1695 2873 1855 2927 quam

264 2948 516 3002 intestino
546 2948 756 3002 liberari
783 2949 961 3003 bello?
983 2949 1112 3003 Nam
1138 2949 1381 3019 quamvis
1398 2949 1625 3019 plurima
1650 2964 1779 3017 pace
1802 2957 1856 3004 et

264 3038 523 3093 famulatu
548 3050 775 3093 externo
805 3040 1066 3105 fruamur,
1095 3040 1139 3093 si
1170 3041 1309 3094 intra
1338 3054 1435 3093 nos
1469 3040 1854 3108 Cogitatiottutn

262 3138 515 3181 nascatur
546 3137 857 3197 tempestas,
876 3129 1133 3183 tumultus
1156 3138 1210 3183 et
1236 3128 1450 3193 seditio,
1473 3127 1607 3182 nihil
1634 3139 1854 3182 externa

266 3235 363 3286 pax
418 3218 574 3272 nobis
628 3220 866 3289 proderit
900 3236 912 3272 ;
944 3220 1081 3274 sicut
1133 3233 1307 3287 neque
1366 3217 1724 3271 miserabilius
1772 3226 1855 3272 est

260 3308 403 3361 aliud
432 3309 647 3362 civitate
668 3350 682 3371 ,
713 3324 831 3377 qua:
864 3309 986 3363 licet
1009 3310 1291 3379 aggeribus
1319 3316 1374 3363 et
1413 3307 1580 3362 muris
1612 3308 1747 3362 bene
1786 3310 1856 3363 sit

263 3400 486 3461 munita,
512 3399 653 3452 intus
690 3408 868 3453 tamen
897 3401 1045 3454 cives
1067 3399 1245 3453 foveat
1276 3400 1595 3469 proditores.
1622 3400 1733 3454 Hoc
1760 3401 1855 3470 igi-

263 3499 349 3542 tur
377 3490 607 3544 obsecro
628 3532 642 3550 .
675 3500 730 3544 ut
749 3502 873 3545 ante
894 3491 1075 3545 omnia
1101 3492 1255 3545 nobis
1282 3491 1349 3545 sit
1376 3508 1521 3546 etme
1541 3534 1557 3559 ,
1582 3494 1854 3562 quomodo

262 3582 496 3634 animam
526 3598 555 3635 a
586 3582 911 3637 turbulentia
940 3582 1272 3638 vindicetnus
1292 3624 1307 3646 ,
1339 3594 1393 3638 et
1427 3585 1480 3637 iit
1507 3585 1852 3654 tranquillum

261 3680 459 3724 statum
491 3672 781 3727 educamus
801 3712 816 3738 ,
842 3684 1002 3742 atque
1028 3673 1095 3727 ab
1116 3674 1260 3727 omni
1290 3674 1577 3728 liberemus
1602 3675 1855 3727 amaritu-

260 3761 409 3824 dine,
442 3775 550 3830 quo
576 3770 631 3814 et
660 3761 758 3830 ipsi
788 3763 953 3815 multa
986 3761 1225 3815 fruantur
1250 3764 1452 3832 quiete,
1483 3773 1536 3817 et
1566 3762 1632 3816 iis
1659 3764 1747 3831 qui
1778 3762 1854 3815 fa-

263 3849 627 3904 miliaritatem
686 3852 964 3905 nobiscum
1004 3851 1239 3916 habent,
1271 3853 1441 3907 simus
1493 3852 1693 3906 blandi.
1742 3853 1854 3908 Hoc

261 3939 406 3991 enim
452 3939 809 3993 certissimum
847 3942 1081 4010 signum,
1113 3956 1221 4011 quo
1251 3942 1632 3997 internoscitur
1658 3946 1739 3996 vir
1763 3960 1852 3997 ra-

263 4030 410 4084 tione
434 4030 693 4097 pratditus
716 4072 733 4098 ,
758 4033 800 4087 si
826 4042 1138 4088 mansuetus
1167 4034 1347 4098 fuerit,
1370 4036 1412 4088 si
1442 4035 1599 4099 lenis,
1619 4036 1663 4090 si
1688 4036 1847 4101 mitis,

262 4122 307 4174 si
340 4122 619 4178 modestus
657 4134 711 4178 et
734 4125 945 4194 quietus
977 4142 991 4179 :
1022 4125 1066 4179 si
1096 4140 1201 4179 non
1228 4125 1381 4194 quasi
1409 4141 1597 4182 servus
1626 4126 1853 4181 ducatur

262 4222 315 4264 et
342 4211 581 4265 trahatur
607 4222 699 4266 aut
728 4215 795 4267 ah
823 4216 921 4276 ira,
952 4224 1042 4268 aut
1072 4216 1140 4269 ab
1169 4216 1288 4269 aliis
1313 4214 1722 4278 affectionibus;
1756 4216 1853 4271 sed

263 4301 473 4355 ratione
501 4303 679 4355 vincat
704 4303 941 4357 infernos
973 4304 1090 4356 illos
1122 4304 1503 4372 incompositos
1530 4314 1725 4369 motus,
1752 4321 1841 4358 no-

266 4390 633 4461 bilitatemque
672 4406 822 4445 suam
860 4401 1077 4457 servet,
1102 4407 1168 4445 ne
1201 4393 1251 4445 in
1294 4393 1570 4447 brutorum
1602 4395 1851 4448 ferociam

265 4482 583 4550 negligentia
612 4483 921 4553 degeneret.
948 4484 1013 4537 Et
1035 4494 1090 4536 ut
1110 4483 1285 4537 discas
1311 4494 1568 4553 quantum
1599 4500 1850 4539 mansne-

266 4572 464 4625 tudinis
488 4580 544 4626 et
572 4572 806 4626 lenitatis
833 4573 901 4625 sit
932 4573 1123 4637 robur,
1147 4584 1200 4627 et
1234 4575 1375 4642 quod
1407 4575 1519 4628 sola
1547 4575 1659 4628 hinc
1684 4574 1853 4628 virtus

267 4663 434 4731 possit
462 4677 520 4717 se
543 4664 809 4717 colentem
840 4665 1128 4733 diligenter
1156 4651 1511 4719 ittcil'abilibtts
1542 4666 1645 4719 illis
1683 4666 1853 4719 laudi-

266 4753 365 4806 bus
394 4753 609 4821 dignum
640 4755 888 4819 reddere,
914 4756 1035 4809 audi
1067 4756 1281 4811 beatum
1305 4756 1505 4812 Mosem
1533 4758 1657 4811 hinc
1684 4759 1852 4826 potis-

261 4848 456 4899 simum
500 4846 775 4914 pricdicari
802 4888 816 4911 ,
848 4856 903 4901 et
947 4863 1011 4900 ex
1061 4849 1159 4901 hac
1201 4849 1251 4901 ei
1289 4863 1541 4902 coronam
1576 4850 1755 4917 plecti.
1791 4849 1853 4901 Et

268 4935 462 4996 Moses,
500 4936 701 5003 inquit,
731 4945 839 4988 erat
882 4935 1172 4989 mitissimus
1190 4937 1413 4989 omnium
1445 4937 1734 5001 hominum,
1766 4940 1853 5005 qui

263 5044 416 5092 super
444 5037 627 5079 terram
657 5026 846 5093 (Nunt.
873 5026 958 5082 12.
982 5029 1056 5097 5).
1075 5028 1261 5082 Vidisti
1306 5030 1536 5083 encomii
1584 5031 1852 5099 magnitt-

264 5118 468 5182 dinem,
497 5118 635 5186 quod
669 5118 816 5172 omni
857 5134 977 5172 eum
1022 5119 1256 5173 humano
1282 5121 1462 5189 generi
1500 5136 1682 5189 parem
1728 5137 1853 5189 pto-

264 5211 469 5263 nuntiet
491 5251 504 5273 ,
535 5209 642 5261 imo
670 5209 812 5262 omni
848 5209 1120 5263 hominum
1146 5212 1326 5278 generi
1357 5210 1638 5278 praeferat?
1662 5213 1727 5265 Et
1751 5212 1851 5266 ite.

263 5315 380 5353 rum
405 5300 473 5352 de
504 5298 664 5351 David
690 5298 815 5352 dicit
841 5298 1114 5366 Scriptura
1141 5316 1151 5351 :
1180 5298 1455 5362 Memento,
1483 5298 1715 5367 Domine,
1748 5300 1854 5354 Da—

263 5391 367 5452 vid,
409 5399 455 5442 et
485 5389 647 5441 omnis
677 5390 1076 5444 mansuetudinis
1106 5391 1214 5458 ejus
1246 5389 1415 5460 (Psal.
1448 5393 1570 5446 151.
1609 5393 1683 5460 1).
1721 5395 1851 5447 llinc

263 5478 565 5547 patriarcha
610 5478 708 5531 sibi
739 5480 996 5547 majorem
1040 5482 1244 5534 cmlitus
1282 5484 1584 5535 conciliavit
1622 5483 1851 5539 benevo-

264 5570 513 5630 tentiam,
541 5577 595 5622 et
640 5569 871 5623 aﬂerens
911 5586 1029 5638 qua:
1077 5585 1170 5625 sua
1224 5584 1403 5637 erant,
1435 5589 1462 5626 a
1504 5575 1850 5631 ntisericurde

266 5660 377 5714 Deo
416 5660 621 5728 majora
666 5672 989 5729 assequutus
1014 5672 1115 5715 est.
1154 5664 1265 5718 Hoc
1294 5666 1474 5719 scietis
1502 5675 1557 5720 et
1594 5683 1688 5721 vos
1714 5709 1727 5731 ,
1759 5668 1848 5721 ttbi

262 5751 598 5806 attulerimus
644 5752 696 5806 in
749 5752 983 5807 medium
1031 5770 1094 5809 ea
1142 5770 1261 5823 qua:
1298 5754 1545 5811 hesterna
1578 5758 1715 5814 dicta
1762 5774 1848 5814 sc-

1324 381 1388 436 lN
1427 380 1580 434 CAP.
1623 378 1761 433 XIII.
1802 372 2049 434 GENES.
2095 373 2320 429 IIOMIL.
2365 372 2603 428 XXXIV.

3476 365 3572 421 5M

1982 499 2246 560 quuntur,
2275 498 2329 542 et
2355 504 2476 559 qua:
2507 488 2653 557 prius
2684 493 2811 540 sunt
2839 485 2975 539 lecta
3017 483 3226 537 caritati
3258 493 3449 537 vestrae
3475 482 3545 535 de

1983 579 2387 635 claravcritntts.
2410 578 2539 631 Nam
2565 578 2685 645 quia
2710 577 2906 629 Abram
2934 575 3155 629 multam
3187 590 3297 645 prae
3316 589 3375 629 se
3396 574 3575 628 ferens

1982 668 2450 724 mansuetudinem
2480 668 2612 721 Loto
2644 666 2908 736 potiorem
2939 674 3142 733 partem
3166 666 3348 727 cessit,
3372 679 3425 717 et
3452 678 3573 716 om-

1982 777 2106 816 nem
2132 762 2179 814 ei
2219 758 2448 829 eligendi
2498 758 2805 813 facultatem
2844 757 3180 826 permittens.
3205 769 3325 808 cmn
3376 754 3578 825 gaudio

1979 850 2141 921 elegit
2170 851 2434 905 minorem
2466 848 2807 919 portionem,
2838 846 2999 901 modo
3038 845 3343 899 auferretur
3393 847 3575 898 onmis

1980 943 2297 997 contentio:
2330 940 2451 995 vidc
2495 950 2749 1009 quantam
2803 938 2980 992 statim
3030 936 3333 991 mercedem
3387 951 3415 988 a
3465 936 3576 989 Deo

1979 1033 2346 1101 consequitur,
2378 1041 2435 1084 et
2471 1029 2742 1098 quomodo
2766 1028 2942 1082 adhuc
2972 1027 3159 1095 majori
3192 1026 3568 1090 retributione,

1979 1124 2077 1176 etsi
2107 1122 2333 1176 multum
2367 1122 2575 1179 divitiis
2601 1121 2869 1183 abundet,
2902 1118 3266 1190 patriarcltam
3318 1116 3573 1187 dignatur

1980 1214 2143 1269 Dens.
2170 1213 2318 1268 Talis
2341 1214 2485 1268 enim
2515 1222 2598 1267 est
2624 1212 2881 1267 Dominus
2903 1221 3088 1266 noster
3112 1211 3225 1264 utsi
3257 1208 3471 1279 quando
3489 1209 3571 1263 vel

1976 1321 2199 1375 parvum
2240 1306 2366 1374 qttid
2399 1306 2642 1359 attulisse
2685 1320 2784 1359 nos
2818 1304 3043 1367 viderit,
3077 1302 3408 1370 largissimas
3444 1316 3572 1355 suas

1975 1396 2129 1451 nobis
2161 1396 2622 1450 remunerationes
2648 1395 2993 1464 suppeditet,
3027 1401 3337 1463 tantamque
3360 1408 3469 1460 pra:
3510 1407 3570 1445 se

1974 1485 2110 1541 ferat
2150 1488 2542 1552 liberalitatem,
2569 1497 2626 1540 ut
2666 1503 2727 1541 ea
2778 1503 2899 1556 qttze
2937 1502 2967 1539 a
3016 1486 3168 1540 nobis
3218 1494 3345 1539 sunt
3387 1485 3523 1539 facta
3550 1525 3565 1549 ,

1972 1579 2155 1632 multis
2183 1580 2421 1631 numeris
2443 1592 2473 1631 a
2505 1578 2657 1631 novis
2683 1577 2801 1644 ejus
2828 1576 3103 1631 beneﬁciis
3135 1577 3435 1630 vincantur.

2041 1668 2099 1724 2.
2133 1667 2255 1724 Non
2276 1670 2397 1724 doni
2419 1670 2733 1739 magnitudo,
2758 1669 2846 1723 sed
2872 1670 3039 1738 dantis
3068 1670 3269 1721 animus
3290 1677 3566 1735 spectatur.

1968 1753 2121 1812 -Ει
2147 1758 2248 1814 hoc
2279 1760 2330 1813 in
2359 1760 2606 1813 omnibus
2653 1760 2852 1812 nostris
2881 1759 3030 1813 lactis
3062 1758 3298 1812 inveniet
3339 1759 3459 1827 quis
3497 1759 3567 1810 ab

1969 1863 2035 1902 eo
2061 1849 2202 1904 ﬁeri.
2228 1849 2364 1915 Quid
2399 1850 2542 1903 enim
2565 1891 2581 1916 ,
2610 1849 2850 1913 dic‘ntihi
2869 1891 2883 1913 ,
2917 1849 3073 1902 vilius
3099 1848 3307 1903 duobus
3349 1848 3522 1901 obiilis
3542 1850 3566 1899 ’ἔ

1969 1940 2218 1995 Attamen
2248 1941 2370 2007 quia
2399 1940 2555 1994 vidua
2584 1940 2669 1993 illa
2691 1940 2825 1994 duos
2846 1939 3034 1993 obolos
3061 1940 3114 1993 in
3144 1940 3433 1994 corhonam
3464 1940 3566 1993 mi-

1967 2031 2038 2083 sit
2057 2028 2391 2100 (Luc.2l.3),
2425 2030 2548 2085 inde
2568 2031 2795 2084 celebris
2816 2032 3065 2102 universo
3086 2029 3284 2084 mundo
3324 2030 3458 2084 laeta
3481 2039 3565 2084 est

1967 2124 2036 2177 ab
2062 2138 2130 2177 eo
2156 2132 2397 2191 tempore
2433 2138 2603 2193 usque
2634 2124 2685 2176 in
2730 2137 2985 2192 praesens.
3017 2123 3081 2175 Et
3111 2122 3236 2191 qttid
3267 2122 3389 2176 dico
3423 2120 3563 2176 duos

1966 2214 2199 2268 obolos?
2229 2216 2451 2269 Etiamsi
2480 2216 2600 2284 quis
2627 2216 2849 2271 calicem
2896 2230 3047 2284 aqum
3078 2213 3283 2282 frigida:
3326 2213 3565 2281 prabeat

1969 2303 2183 2373 (Matth.
2211 2304 2291 2358 l0.
2327 2304 2441 2375 42),
2475 2320 2572 2374 pro
2619 2319 2685 2359 eo
2730 2306 2892 2358 etiam
2948 2319 3153 2373 magna:
3200 2302 3563 2357 decernuntur

1963 2395 2344 2450 retributiones
2368 2412 2381 2449 :
2410 2409 2623 2464 semper
2651 2395 2795 2450 enim
2826 2403 3048 2449 coronat
3076 2407 3171 2448 eos
3191 2392 3283 2463 qui
3309 2394 3559 2449 virtutem

1963 2495 2272 2555 operantur,
2304 2486 2598 2541 secuttdum
2629 2488 2964 2554 operantium
3012 2485 3365 2539 voluntatem.
3399 2484 3559 2539 Sinti.

1962 2576 2085 2630 liter
2114 2577 2164 2630 in
2198 2592 2413 2645 precum
2458 2578 2769 2633 assiduitate
2818 2577 2957 2631 istud
2999 2578 3171 2646 ipsum
3217 2578 3286 2632 ab
3328 2592 3398 2631 eo
3446 2576 3559 2631 ﬁeri

1961 2666 2143 2721 videre
2173 2667 2319 2721 licet.
2348 2666 2479 2721 Nam
2511 2669 2557 2722 si
2591 2683 2750 2738 quem
2782 2668 2959 2721 videat
3001 2666 3248 2721 alacriter
3274 2682 3335 2722 sc
3359 2666 3560 2721 adeun-

1962 2766 2068 2811 tetn
2092 2800 2105 2822 ,
2143 2760 2322 2812 statim
2363 2760 2411 2812 ei
2439 2758 2568 2813 dicit
2600 2776 2614 2812 :
2649 2759 2831 2812 Adhuc
2868 2758 3100 2827 loquente
3140 2768 3187 2811 te
3220 2773 3335 2811 ecce
3377 2758 3560 2811 adsunt

1961 2846 2110 2919 (Isai.
2138 2848 2227 2902 65.
2257 2846 2542 2918 2t).Quod
2564 2850 2609 2903 si
2635 2848 2949 2917 ampliorem
2982 2847 3322 2902 sedulitatem
3355 2858 3555 2912 teneat,

1960 2948 2013 2993 et
2038 2954 2230 3007 magno
2261 2938 2555 3003 desiderio,
2589 2938 2921 3006 ferventique
2948 2939 3147 2992 mentis
3168 2938 3442 2991 alacritate
3469 2954 3560 3006 pe-

1960 3027 2178 3081 titiones
2222 3028 2467 3082 emittat:
2498 3028 2658 3081 etiatn
2696 3038 2821 3082 ante
2862 3028 3176 3097 petitionem
3215 3029 3470 3097 prmdicat
3504 3038 3557 3083 et

1959 3127 2182 3173 coronat
2216 3136 2229 3171 :
2260 3119 2312 3172 id
2342 3118 2484 3188 quod
2514 3118 2640 3173 etin
2663 3118 2964 3173 Chananzea
2993 3120 3217 3174 muliere
3241 3120 3553 3174 declaravit.

1957 3208 2222 3275 Quoniam
2250 3210 2393 3263 enim
2421 3210 2551 3263 vidit
2580 3210 3029 3279 indefatigabilem
3059 3210 3177 3281 ejus
3197 3214 3556 3266 constantiam

1958 3309 2012 3353 et
2040 3299 2513 3368 perseverantiam,
2542 3301 2629 3353 ubi
2658 3300 2895 3369 primum
2928 3315 3045 3354 eam
3074 3299 3401 3368 praedicavit,
3424 3310 3478 3356 ct
3501 3311 3559 3356 ιιι

1959 3392 2028 3445 ita
2052 3391 2246 3455 dicam,
2269 3392 2565 3454 coronavit,
2584 3393 2787 3461 totique
2810 3392 3009 3447 mundo
3041 3394 3351 3459 celebravit,
3372 3404 3555 3464 postea

1958 3482 2279 3536 liberalitate
2311 3497 2497 3551 magna
2531 3497 2719 3552 preces
2746 3482 2862 3551 ejus
2888 3484 3048 3538 etiam
3080 3488 3373 3554 superavit.
3400 3485 3552 3551 Nam,

1960 3581 2016 3626 ut
2045 3573 2176 3626 dixit
2199 3590 2211 3625 :
2236 3573 2280 3623 0
2302 3574 2503 3636 mulier,
2528 3590 2713 3644 magna
2734 3584 2806 3627 est
2832 3575 2958 3642 ﬁdes
2982 3585 3069 3628 tua
3090 3592 3110 3629 :
3139 3585 3266 3630 tunc
3290 3576 3552 3641 subdidit,

1958 3660 2079 3715 Fiat
2108 3663 2197 3715 tibi
2240 3664 2369 3717 sicut
2416 3664 2489 3717 vis
2521 3662 2734 3731 (Matth.
2770 3665 2858 3719 15.
2881 3663 2996 3734 28).
3033 3666 3099 3719 Et
3141 3667 3185 3719 si
3232 3648 3555 3722 voluerimus

1956 3754 2166 3823 singula
2213 3753 2506 3823 Scriptura:
2552 3754 2748 3809 divina:
2797 3757 3044 3825 exempla
3093 3756 3310 3819 afferre,
3358 3760 3556 3827 ubique

1956 3862 2204 3917 magnam
2230 3847 2439 3902 Domini
2463 3848 2882 3903 munificentiam
2908 3849 3224 3904 videbimus.
3253 3851 3364 3905 Hoc
3386 3852 3553 3919 probe

1955 3938 2161 3993 sciebat
2188 3939 2487 4005 patriarcha
2512 3939 2625 4004 ille,
2655 3939 2933 3993 cedentem
2968 3941 3263 3995 minoribus
3291 3958 3555 4010 assequu—

1957 4035 2135 4082 turunt
2159 4029 2381 4099 majora,
2399 4030 2537 4084 sicut
2558 4028 2673 4084 heri
2694 4029 2971 4087 audivistis
2992 4050 3005 4086 :
3028 4034 3188 4087 cessit
3204 4032 3361 4089 Loto.
3384 4033 3555 4101 regio-

1957 4135 2188 4189 nemque
2215 4121 2537 4177 deteriorem
2570 4123 2728 4192 elvgit
2753 4164 2769 4187 ,
2803 4132 2861 4177 ut
2890 4126 3251 4179 contentionis
3285 4136 3557 4179 resccat'et

1957 4213 2302 4277 occasiones,
2328 4225 2384 4269 et
2425 4224 2643 4269 ostensa
2692 4215 2889 4269 virtute
2931 4230 3025 4269 sua
3078 4216 3332 4285 peculiari
3388 4226 3555 4271 totam

1957 4302 2174 4357 domum
2224 4314 2465 4373 pacatam
2524 4306 2795 4360 redderet.
2847 4304 3113 4359 Czeterum
3170 4306 3448 4360 videamus
3486 4325 3551 4361 cx

1958 4410 2146 4450 recens
2174 4396 2344 4462 lectis,
2374 4412 2619 4466 quaenam
2652 4412 2750 4467 pro
2773 4407 2916 4451 tanta
2962 4398 3371 4455 mansuetudine
3415 4402 3583 4454 seei--

1960 4489 2069 4557 piat
2094 4503 2123 4539 a
2152 4489 2262 4540 Deo
2294 4491 2533 4556 pratmia.
2566 4490 2652 4542 14.
2672 4487 2739 4541 Et
2762 4491 2929 4555 dixit,
2964 4489 3171 4559 inquit,
3209 4489 3342 4543 Deus
3366 4492 3513 4543 Abrae
3535 4533 3551 4556 ,

1957 4586 2218 4647 postquam
2256 4590 2519 4645 separatus
2540 4589 2611 4631 est
2641 4578 2703 4631 ab
2726 4595 2784 4631 eo
2820 4578 2910 4631 Lot
2936 4594 2955 4631 :
2983 4578 3203 4632 Elevatis
3248 4581 3407 4632 oculis
3448 4584 3550 4636 tuis

1958 4684 2102 4721 cerne
2122 4685 2151 4719 a
2170 4669 2280 4721 loco
2302 4668 2464 4736 inquo
2486 4677 2536 4719 tu
2562 4684 2695 4721 nunc
2715 4685 2787 4733 es,
2807 4668 2873 4720 ad
2895 4669 3180 4736 aquilonem
3206 4679 3250 4721 ct
3272 4670 3549 4735 meridiem,

1958 4769 2005 4811 et
2048 4759 2287 4811 orientem
2315 4767 2360 4809 et
2393 4775 2530 4810 mare
2557 4774 2575 4811 :
2604 4760 2689 4813 15.
2720 4760 2838 4828 quia
2863 4776 3060 4812 omnem
3106 4768 3291 4813 terram
3317 4776 3468 4830 quam
3500 4772 3553 4814 tu

1959 4848 2094 4901 vides
2112 4889 2126 4913 ,
2156 4848 2243 4901 tibi
2269 4847 2398 4900 dabo
2431 4864 2573 4913 eam,
2602 4857 2650 4901 et
2686 4850 2865 4901 semini
2892 4858 2978 4903 tuo
3004 4866 3160 4917 usque
3194 4851 3246 4903 in
3289 4852 3553 4905 steculum.

1960 4941 2094 4995 Vide
2119 4941 2387 5011 quomodo
2412 4940 2590 4995 divina
2613 4940 2888 5009 Scriptura
2919 4943 3271 4996 acceleratam
3304 4942 3396 4997 Dei
3427 4958 3554 5012 pro-

1958 5033 2245 5086 videntiam
2283 5041 2337 5085 et
2372 5032 2778 5087 retributionem
2806 5034 2951 5100 justo
2979 5033 3169 5087 factam
3200 5034 3553 5088 demonstrat.

1964 5122 2158 5175 Volens
2187 5124 2328 5175 enim
2358 5136 2455 5175 nos
2500 5122 2695 5175 docere
2717 5163 2731 5181 ,
2766 5133 3024 5191 quantum
3056 5127 3347 5192 approbata
3397 5126 3554 5180 fuerit

1960 5226 1988 5263 a
2033 5210 2379 5265 ntisericorde
2435 5211 2542 5265 Deo
2584 5213 2899 5279 patriarcha:
2946 5214 3245 5279 humilitas,
3275 5228 3554 5285 postqttattt

1959 5302 2112 5368 dixit,
2135 5310 2437 5370 separatum
2466 5301 2628 5356 fuisse
2652 5303 2771 5369 Lot,
2805 5312 2857 5357 et
2886 5305 3083 5359 abiisse
3104 5308 3152 5358 in
3178 5317 3371 5359 terrain
3396 5323 3555 5376 quam

1959 5394 2120 5463 elegit
2169 5403 2225 5446 ut
2266 5397 2732 5462 praestantiorem;
2762 5396 2943 5449 statim
2996 5397 3234 5450 subdidit
3268 5415 3280 5450 :
3318 5396 3383 5450 Et
3427 5400 3555 5452 dixit

1960 5483 2096 5536 Deus
2128 5483 2289 5536 Abrae.
2319 5484 2519 5537 Deinde
2545 5494 2601 5537 ut
2628 5483 2909 5554 diligenter
2937 5486 3205 5539 discamus
3228 5488 3340 5541 hinc
3358 5486 3557 5541 dixisse

1962 5573 2126 5627 Deum
2158 5573 2211 5627 in
2237 5573 2538 5628 mercedem
2570 5590 2756 5629 eorum
2787 5591 2905 5644 qua:
2936 5578 3075 5630 circa
3101 5577 3292 5631 Lotum
3323 5577 3547 5641 fecerat,

1964 5668 2078 5721 hinc
2101 5666 2305 5719 addidit
2338 5684 2350 5719 :
2388 5664 2453 5719 Et
2477 5668 2606 5720 dixit
2636 5666 2773 5721 Deus
2802 5668 2970 5732 Αιπιε,
2996 5681 3263 5738 postquam
3292 5652 3557 5737 separatus

1964 5769 2034 5813 est
2056 5759 2116 5812 ab
2142 5774 2199 5811 eo
2226 5756 2341 5824 Lot,
2374 5759 2524 5829 quasi
2569 5759 2851 5816 manifeste
2892 5760 3004 5815 haec
3038 5762 3085 5817 ei
3131 5762 3294 5817 verba
3326 5763 3549 5826 dicens;
