4058 6388
580 337 683 393 MS

577 449 656 502 υι›
685 457 826 502 tuam
863 453 1317 508 mansuetudinem
1362 457 1572 524 regione
1609 461 1828 515 meliore
1877 472 1930 516 et
1972 478 2136 519 amm-

576 539 726 593 niore
770 538 950 595 fratris
976 542 1081 595 ﬁlio
1105 543 1310 598 cessisti
1333 585 1348 608 ,
1374 553 1426 598 et
1470 547 1719 605 eximiam
1745 565 1855 620 pra:
1884 560 1935 606 te
1977 553 2142 606 tulisti

579 627 951 697 humilitatem,
983 641 1285 702 tantamque
1307 635 1452 702 pacis
1486 636 1713 692 habuisti
1745 652 1956 706 curam,
1979 651 2036 696 ut
2063 643 2143 696 ni-

579 719 652 774 hil
681 735 786 776 non
815 725 984 792 potius
1009 723 1290 792 delegeris,
1322 740 1481 794 quam
1502 741 1621 783 esse
1649 730 1785 784 ἰιιιιιι·
1803 746 1896 785 vos
1919 744 2140 787 conten-

577 809 792 864 tiones:
823 819 1102 879 eapr0ptcr
1141 811 1312 882 largas
1353 814 1467 868 illas
1504 829 1533 870 a
1570 832 1656 873 me
1687 821 2141 884 remunerationes

577 898 778 967 accipe.
807 895 1024 952 Elevatis
1043 939 1058 964 ,
1082 902 1273 972 inquit,
1293 904 1451 958 oculis
1477 907 1576 961 tuis
1595 948 1608 970 ,
1641 909 1752 962 vide
1777 927 1809 961 a
1837 911 1944 964 loco
1963 912 2013 964 in
2041 927 2140 980 quo

571 998 625 1039 tu
654 987 786 1040 nunc
811 1004 883 1055 es,
910 989 979 1042 ad
1019 991 1300 1060 aquilonem
1344 1001 1390 1045 et
1431 996 1706 1062 meridiem,
1730 1006 1775 1051 et
1819 1000 2052 1052 orientem
2091 1011 2141 1054 et

572 1083 710 1122 mare
736 1083 756 1125 .'
779 1071 899 1138 quia
935 1087 1130 1125 onmem
1168 1082 1354 1127 terram
1375 1115 1390 1138 ,
1417 1092 1568 1145 quam
1609 1086 1662 1131 tu
1685 1079 1819 1134 vides
1837 1122 1852 1146 ,
1885 1081 1972 1133 tibi
2009 1081 2139 1135 dabo

571 1175 701 1224 eam,
721 1169 770 1215 et
789 1163 966 1216 semini
989 1173 1074 1217 tuo
1101 1180 1256 1232 usque
1275 1167 1326 1219 in
1350 1169 1609 1222 sarculum.
1629 1168 1814 1226 Vidisti
1839 1174 2133 1229 retributio-

575 1262 699 1304 nem
743 1259 891 1321 gesta
933 1252 1048 1320 ejus
1080 1255 1260 1308 multis
1300 1257 1472 1312 modis
1512 1264 1893 1328 superantem?
1945 1264 2137 1319 iisdem

571 1339 748 1392 verbis
773 1340 936 1394 utitur
962 1343 1271 1398 misericors
1296 1345 1549 1401 Dominus
1567 1387 1583 1411 ,
1616 1349 1806 1418 quibus
1832 1359 1886 1404 et
1917 1353 2138 1418 patriar-

567 1427 668 1480 cha
695 1429 993 1485 cessionem
1022 1430 1238 1488 iecerat.
1264 1434 1392 1488 Nam
1422 1438 1557 1494 sicut
1577 1439 1870 1507 patriarcha
1889 1440 2133 1498 dicebat:

571 1513 721 1583 Ecce,
752 1534 922 1574 annon
959 1523 1120 1576 omnis
1161 1532 1293 1576 terra
1328 1540 1496 1580 coram
1549 1528 1636 1581 te!
1675 1529 1875 1582 discede
1895 1547 1927 1583 a
1953 1548 2031 1586 me
2051 1548 2070 1586 :
2091 1534 2134 1587 si

571 1615 626 1657 tu
649 1606 718 1661 ad
744 1607 1018 1675 dexteram,
1048 1627 1139 1681 ego
1162 1612 1231 1664 ad
1257 1612 1512 1668 sinistram
1530 1629 1550 1678 ;
1570 1617 1615 1670 si
1642 1627 1697 1669 tu
1729 1619 1798 1670 ad
1837 1621 2090 1674 sinistram
2115 1663 2132 1687 ,

568 1710 660 1762 ego
683 1697 751 1749 ad
777 1698 1033 1752 dexteram
1059 1715 1079 1758 :
1109 1701 1178 1753 ita
1200 1710 1255 1756 et
1294 1703 1545 1759 Dominus
1567 1706 1730 1760 dicit:
1760 1707 1978 1763 Elevatis
2011 1728 2134 1764 ocu-

566 1784 628 1836 lis
653 1785 752 1838 tuis
780 1785 890 1839 ride
915 1803 947 1841 a
971 1788 1080 1842 loco
1109 1790 1163 1843 in
1187 1807 1285 1858 quo
1311 1801 1363 1847 tu
1389 1809 1523 1848 nunc
1551 1811 1602 1850 es
1623 1813 1643 1851 :
1667 1798 1787 1866 quia
1811 1779 2005 1854 omnem
2030 1813 2134 1855 ter-

565 1889 696 1936 ram,
722 1891 875 1942 quam
895 1886 946 1929 tu
976 1878 1132 1943 vides,
1151 1881 1238 1934 tibi
1260 1882 1389 1936 dabo
1417 1900 1529 1938 eam
1548 1926 1564 1950 ,
1594 1895 1640 1940 et
1667 1889 1844 1943 semini
1867 1900 1953 1944 tuo
1981 1907 2135 1959 usque

562 1962 618 2015 in
643 1964 903 2023 saeuiunt.
935 1967 1049 2033 ilic,
1081 1984 1297 2038 quaeso,
1325 1974 1687 2032 animadverte
1719 1977 1985 2046 ingentem
2017 1997 2135 2037 mu-

566 2052 908 2112 niﬁcentiam.
956 2056 1033 2110 'l'u
1078 2059 1313 2127 quidem,
1341 2061 1543 2132 inquit,
1571 2065 1696 2120 dato
1743 2067 1817 2122 illi
1855 2070 2134 2126 electionis

564 2143 803 2210 arbitrio,
832 2159 916 2210 ea,
949 2161 1105 2214 quam
1130 2149 1218 2215 ille
1263 2151 1427 2205 voluit
1465 2155 1677 2222 eligere,
1711 2165 1849 2210 terra
1880 2159 2085 2212 cessisti
2112 2199 2128 2224 ,

565 2231 804 2288 relictam
823 2242 1001 2292 autem
1025 2237 1140 2306 ipse
1161 2242 1414 2312 accepisti
1438 2262 1452 2297 :
1479 2258 1579 2312 ego
1604 2260 1731 2300 vero
1752 2255 1895 2301 tanta
1927 2257 1978 2302 te
2002 2248 2132 2305 iibe-

561 2320 768 2374 raiitste
794 2335 1105 2393 prosequar,
1129 2335 1186 2381 ut
1211 2343 1424 2385 omnem
1443 2345 1601 2401 quam
1637 2343 1760 2389 ante
1797 2337 1980 2393 oculos
2011 2347 2130 2394 tuos

565 2418 761 2465 terram
791 2403 936 2468 vides
965 2417 1139 2482 sitam,
1165 2434 1227 2472 es
1256 2430 1483 2490 utroque
1511 2423 1679 2480 latere
1703 2425 1890 2483 dextro
1914 2437 1968 2483 et
1996 2430 2131 2485 sini-

563 2509 696 2562 stro,
722 2517 752 2555 a
791 2507 1152 2572 septentrione
1192 2519 1248 2563 et
1274 2513 1516 2577 meridie,
1549 2516 1616 2570 ab
1639 2517 1843 2574 oriente
1887 2528 1942 2574 et
1980 2521 2127 2577 occi-

561 2590 738 2654 dente,
765 2601 819 2645 ct
848 2593 901 2646 in
929 2609 1156 2662 summa,
1184 2613 1396 2656 omnem
1421 2609 1616 2658 terram
1642 2621 1797 2675 quam
1817 2611 2010 2675 cernis,
2033 2612 2128 2666 tibi

561 2694 680 2736 sum
700 2690 1052 2742 concessurus
1079 2706 1093 2741 :
1126 2704 1298 2760 neque
1317 2693 1409 2747 tibi
1429 2696 1620 2762 solum,
1645 2699 1737 2753 sed
1760 2697 1825 2753 Et
1844 2703 2019 2755 semini
2044 2711 2128 2757 tuo

560 2786 715 2839 usque
739 2773 791 2825 in
807 2775 1258 2834 mulum.Vidisti
1279 2781 1491 2852 dignam
1507 2785 1681 2842 divina
1702 2788 1937 2846 bonitate
1954 2794 2129 2848 muni.

562 2858 827 2914 licentiam
849 2863 870 2915 τ
894 2863 1079 2920 Vidisti
1107 2871 1317 2938 quantis
1345 2875 1524 2939 cessit,
1552 2887 1746 2945 quanta
1777 2889 1858 2934 est
1882 2896 2130 2952 assequu-

564 2949 688 3000 tns?
717 2949 851 3004 ilinc
892 2956 1196 3011 erudiamur
1215 2999 1232 3025 ,
1263 2969 1319 3013 ut
1348 2979 1535 3032 magna
1580 2965 1631 3019 in
1662 2961 1854 3025 dandis
1895 2949 2126 3029 eleemo-

558 3039 705 3110 synis
737 3040 976 3112 largitate
1005 3054 1213 3100 utamur
1231 3089 1248 3113 ,
1277 3067 1383 3119 quo
1411 3053 1547 3108 datis
1569 3060 1745 3124 parvis
1773 3061 2129 3130 adipiscamur

560 3141 772 3198 magna.
801 3131 1076 3197 Quomodo
1096 3138 1238 3192 enim
1259 3143 1403 3210 paria
1425 3156 1565 3210 sunt,
1595 3146 1701 3214 die,
1729 3151 1972 3219 obsecro,
2001 3156 2129 3212 dare

564 3235 750 3290 parum
779 3227 1006 3295 argenti,
1030 3241 1081 3285 et
1104 3232 1344 3290 obtinere
1373 3249 1712 3304 peccatorum
1735 3245 2128 3304 remissionem?

565 3327 780 3381 pascere
806 3320 1162 3390 esurientem,
1192 3335 1244 3378 et
1273 3327 1325 3381 in
1351 3327 1439 3383 die
1469 3329 1556 3385 illa
1596 3331 1834 3390 horribili
1879 3337 2125 3397 fiduciam

557 3407 800 3475 assequi,
835 3418 889 3462 et
933 3413 1117 3468 audire
1166 3415 1326 3472 verba
1379 3433 1499 3473 cum
1545 3436 1708 3493 regno
1759 3425 2123 3486 conferenda:

562 3491 783 3560 Esurivi,
813 3509 858 3550 et
891 3501 1096 3558 dedistis
1131 3507 1258 3559 mihi
1301 3491 1841 3584 manducarelblaltlt.
1872 3519 1962 3575 25.
1991 3521 2126 3590 35)?

560 3583 697 3638 Num
726 3590 814 3656 qui
847 3592 941 3645 tibi
975 3603 1171 3657 tantam
1204 3613 1384 3655 rerum
1412 3603 1557 3658 dedit
1592 3608 1918 3679 ubertatem,
1955 3583 2126 3684 potuit

564 3683 621 3726 et
648 3675 791 3730 illius
818 3679 1050 3749 inopiam
1074 3684 1254 3741 levare
1279 3697 1332 3743 et
1356 3691 1558 3746 solari?
1579 3693 1685 3750 Sed
1724 3696 1824 3753 hac
1860 3675 1928 3756 de
1955 3675 2123 3758 causa

560 3764 810 3834 relinquit
857 3769 1006 3826 illum
1053 3774 1234 3844 inopia
1273 3784 1483 3850 vexari,
1522 3795 1578 3838 ut
1613 3795 1668 3841 et
1717 3788 1830 3858 ipse
1874 3795 2123 3861 patientia

562 3853 786 3908 multum
811 3861 1072 3916 mercedis
1097 3866 1392 3932 acquireret
1411 3910 1425 3935 ,
1455 3881 1509 3925 et
1535 3883 1588 3926 tu
1610 3890 1705 3942 per
1733 3853 2125 3954 eiecmosynam

565 3940 659 3996 tibi
691 3941 894 3998 ﬁduciae
919 3950 1196 4005 materiam
1225 3953 1346 4008 illuc
1373 3940 1741 4024 prccmitteres.

633 4033 685 4085 ὃ.
706 4033 888 4088 Vidisti
919 4038 1329 4098 misericordiam
1357 4046 1583 4112 Domini,
1614 4056 1881 4121 quomodo
1912 4071 2128 4129 propter

563 4131 798 4181 nostram
828 4126 1048 4181 salutem
1077 4129 1347 4200 dispenset
1374 4138 1547 4190 omnia
1573 4140 1595 4190 ?
1626 4141 1804 4212 itaque
1828 4126 1953 4205 dum
1981 4126 2124 4220 cogi-

563 4219 670 4273 tas,
704 4223 919 4282 propter
946 4225 996 4270 te
1023 4225 1076 4271 et
1102 4231 1320 4289 propter
1347 4232 1487 4279 tuam
1511 4228 1783 4285 utilitatem
1821 4235 1965 4290 illum
2004 4219 2125 4294 cum

562 4299 733 4369 inopia
761 4304 1148 4362 conliictantem
1195 4310 1333 4366 i'sme
1361 4316 1564 4382 perire,
1607 4335 1674 4374 ne
1695 4323 1894 4393 absque
1922 4329 2127 4386 miseri-

564 4391 738 4448 cordia
778 4402 1044 4460 transeas,
1084 4399 1175 4453 sed
1203 4410 1317 4455 esto
1348 4403 1518 4460 ﬁdelis
1557 4422 1774 4476 eorum,
1810 4391 1940 4484 quae
1974 4418 2124 4472 tibia

567 4481 788 4536 Dntnino
809 4500 1060 4541 concessa
1092 4500 1233 4554 sunt,
1256 4492 1516 4550 bonorum
1534 4481 1884 4569 dispensator,
1910 4518 1966 4559 ut
1988 4509 2126 4566 illius

564 4571 885 4628 sublevando
908 4580 1201 4644 penuriam,
1235 4584 1447 4639 multam
1468 4587 1558 4641 tibi
1576 4605 1854 4659 supernam
1877 4600 2126 4656 concilies

561 4661 803 4734 gratiam.
855 4664 919 4717 Et
939 4668 1170 4735 gloriﬁca
1202 4672 1476 4728 Dominum
1507 4687 1652 4732 tuum
1677 4721 1692 4745 ,
1739 4685 1878 4750 quod
1910 4699 2125 4757 propter

565 4759 615 4808 te
657 4763 710 4803 et
756 4755 974 4808 salutent
1025 4768 1164 4813 tuam
1205 4765 1502 4830 permiserit
1546 4768 1690 4823 illum
1732 4773 1781 4824 in
1821 4755 2128 4844 paupertate

566 4842 760 4893 versari
791 4883 806 4906 ,
855 4853 909 4895 ut
938 4846 1026 4898 tibi
1054 4850 1131 4901 via
1160 4861 1369 4919 pateat,
1412 4870 1506 4923 per
1533 4873 1689 4925 quant
1717 4842 1940 4930 peccata—
1957 4872 2127 4936 possis

565 4928 776 4988 abluere
802 4975 815 4994 ,
859 4943 912 4986 ct
936 4935 1251 5005 dispensatis
1281 4943 1413 4998 bene
1445 4946 1508 4999 iis
1529 4962 1645 5016 quae
1687 4928 1728 5004 ab
1763 4928 1984 5009 Domino
2029 4960 2126 5014 tibi

563 5028 685 5072 sunt
707 5037 978 5089 concessa,
1009 5029 1187 5082 laudes
1211 5031 1328 5086 illas
1357 5050 1611 5102 mereare,
1641 5057 1758 5109 qua:
1777 5059 1988 5100 omnem
2015 5064 2128 5105 ser-

565 5124 772 5162 monem
823 5124 873 5166 et
929 5117 1184 5172 rationem
1243 5129 1640 5183 transcendunt.
1694 5134 1888 5190 Audies
1937 5141 2077 5193 enim
2109 5184 2124 5206 ,

571 5197 706 5268 Euge
725 5243 736 5261 ,
761 5220 898 5256 serve
938 5208 1060 5262 bone
1083 5221 1127 5263 et
1148 5213 1311 5278 ﬁdelis
1329 5256 1343 5276 ,
1383 5233 1530 5287 super
1556 5242 1716 5290 pauca
1756 5228 1894 5293 fuisti
1926 5197 2124 5299 ﬁdelis,

566 5304 713 5357 super
742 5294 899 5345 multa
927 5306 973 5349 te
997 5303 1290 5356 constituant
1318 5322 1337 5358 :
1362 5308 1494 5361 intra
1541 5313 1591 5364 in
1636 5318 1871 5382 gaudium
1926 5294 2127 5375 Domini

560 5378 632 5430 tui
662 5382 680 5449 (
704 5380 882 5436 :llattlt.
907 5385 996 5442 25.
1028 5388 1151 5459 25).
1179 5392 1299 5448 Hmc
1327 5378 1824 5470 animadverientes,
1861 5409 1928 5461 ita
1960 5414 2126 5477 respi-

558 5487 758 5533 t‘tnmus
809 5498 1100 5553 pauperes,
1146 5493 1293 5558 quasi
1340 5493 1634 5563 beneficos,
1683 5500 1772 5566 qui
1822 5505 2126 5560 occasiones

562 5567 748 5622 Salutis
773 5575 898 5626 dare
942 5577 1092 5631 nobis
1123 5591 1370 5646 possunt,
1422 5595 1473 5638 et
1511 5589 1589 5641 eis
1631 5589 1843 5657 largiter
1868 5588 2126 5663 hilarique

564 5665 612 5711 at
634 5657 740 5713 imo
769 5677 1064 5734 crogemus,
1095 5687 1377 5743 numquam
1410 5690 1688 5735 renuentes
1712 5682 1858 5747 dare,
1891 5684 1984 5737 sed
2015 5701 2122 5738 ma-

1319 341 1373 398 S.
1413 343 1685 402 JOANNIS
1721 345 2188 408 CilliYSOSTOMl
2231 353 2543 412 ARClllEP.
2583 358 3109 423 CONSTANTINOP.

3725 383 3820 436 316

2249 482 2351 536 gna
2382 469 2598 528 lenitate
2620 490 2738 530 cum
2769 477 2847 531 eis
2871 479 3272 550 colloquentes,
3319 497 3371 542 et
3415 493 3628 546 multant
3672 513 3820 549 ltt‘ttt-

2247 561 2580 619 suetudinem
2608 565 2958 624 declarantcs.
2991 571 3195 628 lnelina
3214 617 3230 639 ,
3261 577 3464 648 inquit,
3494 587 3702 650 pauperi
3727 605 3819 639 au-

2245 665 2350 702 rem
2379 661 2536 718 tuam,
2568 665 2613 708 et
2635 659 2881 726 responde
2903 662 2950 713 ei
2975 664 3188 732 pacifice
3210 667 3261 720 in
3292 674 3670 726 mansuetudine
3697 675 3817 742 (Ec-

2245 741 2329 793 cli.
2357 742 2407 796 4.
2442 743 2496 814 8)
2518 785 2534 809 ,
2564 755 2622 799 ut
2653 754 2708 800 et
2734 758 3017 818 antequam
3061 752 3189 816 des,
3219 757 3502 814 verborum
3537 762 3817 820 clementia

2247 830 2412 884 multa
2456 834 2630 903 inepia
2658 835 2917 906 dejectum
2959 841 3075 909 ejus
3114 846 3350 900 animum
3376 849 3587 919 erigas;
3635 852 3819 908 lelior

2243 920 2376 973 enim
2398 933 2493 989 est,
2527 925 2713 994 inquit,
2741 943 2924 992 sermo,
2949 947 3102 999 quam
3135 936 3341 990 donatio
3368 938 3550 1008 (Eccli.
3586 943 3670 998 18.
3705 945 3816 1013 i6).

2242 1007 2392 1064 Adeo
2429 1012 2588 1067 etiam
2630 1017 2851 1072 verbum
2890 1021 3120 1077 animam
3163 1007 3449 1094 roborare,
3494 1007 3821 1090 consolatio-

2243 1110 2472 1167 nemque
2496 1103 2714 1159 multam
2745 1106 2934 1163 afferre
2956 1111 3111 1165 solet.

2313 1189 2644 1262 Eleemosgna
2674 1196 2908 1251 alacriter
2943 1201 3218 1271 eroganda.
3265 1201 3480 1260 Serendi
3523 1216 3714 1280 tempus
3743 1226 3818 1270 est

2240 1280 2348 1334 hac
2371 1283 2492 1336 vita.
2518 1311 2591 1322 —
2616 1283 2778 1354 igitur
2821 1302 2924 1340 non
2974 1298 3178 1346 tantum
3204 1296 3538 1352 attendentes
3563 1315 3683 1355 eum
3723 1305 3816 1372 qui

2240 1371 2476 1439 accipit,’
2493 1373 2544 1426 in
2582 1374 2769 1429 dandis
2798 1377 3150 1450 eleemosynis
3183 1384 3348 1439 simus
3378 1388 3626 1447 liberales
3666 1410 3679 1445 :

2239 1463 2616 1520 ratiocinantes
2655 1468 2832 1534 potius
2859 1471 2976 1538 quis
3003 1471 3093 1526 ille
3115 1474 3186 1527 sit
3221 1477 3310 1544 qui
3353 1491 3416 1530 ea
3456 1494 3574 1548 quae
3600 1482 3654 1534 in
3684 1498 3816 1552 pau-

2241 1567 2418 1622 perem
2449 1556 2706 1613 collocata
2735 1571 2879 1627 sunt,
2909 1573 2966 1617 ut
3004 1566 3105 1620 sibi
3146 1567 3280 1622 facta
3310 1571 3578 1640 vindicat,
3621 1586 3676 1631 et
3717 1594 3813 1644 pro

2238 1643 2372 1698 datis
2412 1646 2729 1704 solutionem
2781 1653 3060 1721 pollicetur
3087 1672 3100 1708 :
3129 1668 3288 1727 atque
3326 1660 3397 1715 ita
3439 1663 3620 1719 animo
3663 1643 3812 1722 illum
3860 1672 3863 1677 δ

2237 1731 2501 1790 intuentes
2524 1777 2541 1803 ,
2588 1754 2773 1810 magna
2800 1743 3068 1800 alacritate
3091 1745 3219 1801 dare
3247 1750 3557 1808 studeamus
3575 1793 3593 1818 ,
3626 1766 3680 1810 et
3707 1756 3806 1810 ian

2235 1835 2379 1890 gam,
2404 1823 2529 1878 dum
2551 1827 2723 1882 adhuc
2750 1840 2956 1899 tempus
2979 1843 3081 1894 est,
3115 1846 3405 1890 sementem
3427 1841 3722 1908 jaciamus.
3756 1855 3814 1899 ut

2235 1920 2290 1966 et
2312 1912 2545 1970 ubertim
2575 1927 2852 1972 metamus.
2880 1919 3009 1976 Nam
3045 1922 3146 1988 Qui
3165 1940 3315 1992 parce
3335 1929 3581 1992 seminat,
3607 1932 3808 2002 inquit,

2237 2014 2446 2070 parces!
2462 2014 2605 2058 metet
2630 2005 2709 2076 (2.
2732 2007 2847 2061 Cor.
2871 2009 2922 2065 9.
2948 2010 3026 2079 6).
3056 2011 3209 2067 Manu
3237 2015 3393 2084 igitur
3413 2018 3632 2075 minime
3652 2037 3810 2089 parca

2235 2093 2436 2146 semina
2463 2095 2548 2148 illa
2576 2096 2709 2150 bona
2739 2112 3066 2168 spargemus,
3099 2113 3156 2158 ut
3183 2121 3281 2160 suo
3310 2116 3548 2179 tempore
3575 2113 3810 2168 ubertim

2234 2189 2517 2240 metamus.
2548 2185 2697 2242 Nunc
2721 2189 2863 2244 enim
2890 2194 3182 2250 seminandi
3211 2207 3418 2267 tempus
3441 2209 3543 2266 est,
3569 2203 3712 2271 quod
3743 2219 3812 2260 ne

2232 2282 2613 2342 praetereamus
2637 2277 2860 2335 obsecro
2879 2321 2894 2346 ,
2937 2292 2993 2338 ut
3034 2285 3085 2339 in
3114 2285 3201 2341 die
3227 2289 3588 2347 retributionis
3619 2309 3714 2363 pro
3746 2296 3810 2350 iis

2233 2377 2350 2432 qua:
2380 2364 2466 2420 hic
2493 2369 2872 2427 seminavimus
2893 2413 2909 2439 ,
2955 2371 3156 2430 fructus
3184 2381 3539 2449 percipiamus
3564 2425 3579 2448 ,
3616 2393 3670 2439 et
3701 2386 3810 2438 Dn-

2233 2453 2360 2507 mini
2407 2455 2826 2513 misericordiam
2869 2475 3233 2533 assequamur.
3279 2467 3489 2523 Nullum
3515 2473 3657 2526 enim
3685 2490 3808 2527 om-

2233 2544 2360 2598 nino
2387 2546 2527 2601 aliud
2554 2563 2686 2617 opus
2712 2551 2906 2606 bonum
2927 2555 3004 2609 sic
3031 2558 3226 2623 poterit
3252 2559 3582 2630 restinguere
3619 2579 3808 2632 pecu-

2235 2640 2407 2690 turum
2434 2647 2732 2694 nostrorum
2758 2641 3075 2710 incendium,
3103 2655 3161 2700 ut
3179 2648 3530 2722 eleemosyna:
3551 2652 3804 2723 largitas:

2233 2724 2330 2778 ista
2357 2734 2412 2779 et
2441 2737 2773 2795 peccatorum
2803 2742 3104 2788 nostrorum
3143 2737 3484 2795 abolitionem
3529 2755 3802 2812 operatur,

2231 2821 2286 2868 et
2310 2814 2464 2870 nobis
2490 2816 2734 2873 ilduciam
2776 2823 3059 2888 conciliat,
3101 2834 3155 2879 et
3201 2827 3542 2883 ineli'abillum
3588 2831 3804 2889 illorum

2230 2903 2489 2960 bonorum
2522 2908 2745 2963 fructum
2785 2923 3065 2981 praeparat.
3096 2913 3289 2969 Verum
3343 2918 3410 2972 de
3458 2918 3543 2973 bis
3586 2922 3806 2990 quidem

2231 2997 2361 3050 satis
2408 2996 2607 3051 dictum
2650 2989 2731 3052 cSt
2763 3001 2814 3054 itt
2842 3001 3261 3059 cohortationem
3303 3017 3573 3073 vestram;
3605 2989 3676 3064 iet
3711 3012 3808 3066 de-

2230 3095 2579 3141 monstratum
2612 3103 2708 3143 nos
2737 3089 2783 3144 si
2814 3105 2970 3159 parva
2991 3091 3294 3148 dederimus
3314 3135 3329 3158 ,
3359 3109 3389 3149 a
3437 3095 3663 3153 Domino
3702 3113 3806 3153 no-

2229 3183 2343 3227 stro
2371 3190 2555 3245 magna
2578 3188 2994 3248 consequuturos
3035 3197 3171 3237 esse.
3198 3183 3330 3238 Hine
3354 3186 3494 3241 enim
3537 3201 3720 3242 sermo
3749 3189 3806 3247 in

2229 3263 2582 3336 eiecmosyna:
2609 3268 3023 3326 admonitionem
3051 3271 3333 3329 devolutus
3359 3286 3440 3329 cst
3469 3292 3483 3328 :
3514 3277 3637 3346 quia
3659 3282 3804 3336 enim

2229 3351 2459 3408 diximus
2496 3358 2846 3424 patriarcham
2871 3401 2888 3427 ,
2919 3361 3044 3416 dum
3077 3373 3280 3432 partem
3324 3375 3478 3421 terras
3525 3369 3804 3426 meliorem

2228 3441 2328 3496 Lot
2357 3446 2641 3510 concessit,
2670 3456 2724 3501 et
2748 3449 2986 3505 viliorem
3014 3452 3126 3521 ipse
3148 3454 3384 3519 retinuit,
3417 3465 3618 3512 tantam
3644 3474 3672 3510 a
3702 3459 3808 3513 Do-

2228 3532 2376 3586 mino
2405 3546 2792 3605 consequutum
2819 3553 2939 3594 esse
2965 3539 3351 3608 liberalitatem,
3379 3551 3436 3598 ut
3457 3559 3674 3600 onmem
3707 3562 3807 3602 co-

2228 3622 2534 3690 gitationem
2573 3629 2910 3683 transcendat
2950 3632 3233 3698 promissio
3258 3650 3412 3702 quam
3451 3636 3500 3690 ei
3546 3638 3809 3696 Dominus

2230 3711 2353 3767 fecit
2381 3732 2395 3768 :
2427 3715 2644 3772 Elevatis
2670 3721 2800 3772 enim
2829 3720 2988 3774 oculis
3031 3723 3150 3788 tuis,
3179 3723 3365 3793 inquit,
3409 3729 3570 3782 oidea
3591 3731 3722 3794 loco,
3751 3733 3806 3790 its

2228 3820 2326 3870 quo
2352 3814 2404 3858 tu
2433 3823 2564 3859 nunc
2589 3823 2659 3870 es,
2689 3810 2757 3861 ad
2781 3811 3058 3879 aquilonem
3085 3823 3132 3866 et
3160 3815 3415 3868 meridiem
3435 3857 3448 3879 ,
3486 3827 3534 3869 et
3561 3819 3807 3878 orientem

2229 3904 2275 3947 et
2303 3911 2440 3949 mare
2463 3912 2482 3950 :
2509 3899 2626 3967 quia
2649 3915 2845 3953 omnem
2869 3911 3049 3954 terram
3069 3943 3085 3968 ,
3114 3919 3262 3972 quam
3289 3915 3342 3957 tu
3366 3907 3500 3960 vides
3521 3947 3538 3972 ,
3579 3925 3685 3962 eam
3714 3911 3808 3967 tibi

2231 3984 2382 4048 dabo,
2419 3996 2463 4038 et
2489 3987 2664 4040 semini
2685 3997 2771 4041 tuo
2797 4005 2953 4058 usque
2979 3991 3030 4043 in
3050 3993 3305 4046 sarculum.
3335 3993 3489 4050 Parte
3515 4006 3691 4062 teme,
3723 4000 3810 4060 in-

2231 4071 2362 4138 quit,
2391 4074 2598 4129 cessisti
2630 4075 2806 4131 fratris
2837 4078 2944 4132 lilio
2970 4095 2984 4131 :
3013 4094 3138 4134 ecce
3166 4096 3266 4150 ego
3295 4092 3457 4137 totam
3483 4086 3576 4139 tibi
3603 4095 3805 4143 terram

2233 4163 2490 4230 polliceor
2513 4180 2527 4228 ;
2557 4179 2729 4233 neque
2759 4167 2862 4220 hoc
2887 4169 3076 4233 solum,
3105 4171 3197 4224 sed
3223 4180 3277 4225 et
3305 4174 3491 4227 semini
3525 4185 3615 4228 tuo
3641 4178 3805 4244 polii-

2229 4263 2355 4302 ceor
2380 4264 2498 4304 eam
2522 4266 2687 4319 usque
2726 4253 2776 4306 in
2816 4255 3067 4309 sacculum
3101 4275 3115 4309 :
3147 4258 3245 4312 hoc
3273 4269 3375 4326 est,
3399 4272 3677 4329 perpetuo.
3709 4264 3806 4317 γε,

2229 4337 2350 4390 disti
2377 4341 2641 4410 quomodo
2671 4351 2849 4395 certat
2877 4344 3191 4399 beneﬁciis?
3238 4347 3425 4401 Sciens
3468 4351 3610 4404 enim
3663 4353 3807 4407 Deus

2231 4426 2331 4481 hoc
2359 4429 2588 4482 maxime
2615 4444 2807 4499 cupere
2832 4434 3208 4500 patriareham,
3239 4445 3294 4490 et
3315 4438 3442 4491 nihil
3465 4440 3581 4509 ejus
3604 4441 3804 4501 alacri-

2233 4525 2390 4572 tatem
2421 4520 2490 4571 ita
2517 4520 2886 4577 roboraturum
2910 4539 3048 4589 esse,
3081 4526 3247 4596 inquit
3278 4547 3290 4581 :
3319 4528 3387 4584 Et
3413 4529 3515 4586 hoc
3552 4534 3644 4588 tibi
3672 4549 3805 4590 eon-

2233 4609 2438 4673 cedam,
2468 4619 2525 4663 ut
2547 4612 2636 4679 qui
2665 4627 2726 4666 ex
2752 4621 2802 4667 te
2829 4624 3129 4679 nascentur,
3157 4619 3460 4684 succedant,
3485 4633 3538 4675 et
3557 4625 3804 4682 similiter

2234 4706 2371 4752 terra
2420 4701 2694 4766 fruantur,
2750 4702 3078 4773 habeantque
3119 4718 3426 4777 perpetuum
3457 4712 3597 4767 illius
3625 4712 3802 4769 domt-

2233 4785 2397 4840 nium.
2430 4787 2647 4853 Deinde,
2688 4799 2743 4843 ut
2773 4806 2839 4844 ne
2866 4793 3152 4860 respiciens
3171 4796 3236 4850 ad
3261 4806 3499 4852 naturam
3540 4810 3595 4854 et
3644 4817 3802 4858 seue-

2231 4884 2427 4930 ctutem
2458 4893 2603 4931 suam
2633 4919 2648 4943 ,
2677 4878 2923 4950 Sameque
2964 4883 3292 4938 sterilitatem
3318 4925 3333 4949 ,
3392 4891 3800 4955 promissionem

2231 4969 2404 5020 minus
2434 4978 2660 5034 curaret,
2693 4972 2785 5024 sed
2809 4971 2941 5026 bene
2971 4973 3154 5028 ﬁderet
3177 4976 3469 5042 pollicentis
3490 4980 3692 5044 virtuti,
3720 4987 3800 5038 in-

2232 5061 2346 5126 quit
2374 5077 2386 5112 :
2413 5060 2496 5114 i6.
2528 5059 2592 5113 Et
2636 5063 2820 5131 faciam
2857 5079 3020 5115 semen
3061 5073 3202 5116 tuum
3227 5066 3355 5120 sicut
3386 5084 3593 5122 arenam
3632 5081 3792 5127 terra.

2234 5148 2294 5199 Si
2321 5149 2429 5215 quis
2461 5160 2616 5217 poles!
2644 5168 2905 5205 numerare
2930 5168 3134 5205 arenam
3175 5164 3336 5218 teme,
3378 5165 3424 5208 et
3453 5173 3620 5211 semen
3657 5170 3799 5215 luunt

2233 5241 2588 5292 numerabitur.
2624 5241 2941 5310 Vere-supra
2968 5252 3204 5297 naturam
3235 5245 3515 5300 humanam
3545 5261 3659 5304 erat
3685 5252 3801 5310 btet:

2233 5332 2512 5396 promissio
2551 5350 2563 5383 :
2609 5347 2711 5384 non
2739 5334 2909 5390 solum
2953 5336 3092 5388 enim
3144 5337 3383 5404 promisit
3431 5354 3489 5393 se
3537 5341 3799 5399 iacturum

2231 5436 2351 5472 eum
2402 5429 2601 5488 patrem
2645 5424 2779 5475 inter
2838 5432 2912 5476 tot
2942 5421 3309 5492 impedimenta
3335 5470 3348 5494 ,
3374 5429 3466 5482 sed
3498 5431 3550 5484 in
3595 5441 3800 5497 tantum

2233 5510 2696 5577 multiplicaturum
2725 5512 2879 5574 ﬁlios,
2911 5522 2965 5565 ut
2984 5528 3158 5566 arente
3181 5526 3332 5570 terrae
3358 5522 3653 5588 comparari
3676 5538 3799 5593 poo-

2232 5610 2368 5653 scnt.
2415 5603 2746 5658 innumeram
2787 5619 2943 5671 porro
2996 5605 3382 5661 multitudinem
3416 5611 3528 5666 fore
3551 5621 3657 5668 tam
3700 5614 3797 5680 hy-

2237 5689 2496 5758 perbolica
2527 5689 2865 5747 similitudine
2894 5694 3161 5749 declarare
3192 5696 3369 5752 voluit.
