4058 6386
148 340 264 401 315

145 460 315 512 ταυτὶ
351 459 488 529 πρὸς
513 457 674 512 αὑτὸν
704 454 951 526 φανερῶς
994 453 1160 524 λέγων
1186 455 1255 508 τὰ
1292 456 1532 526 ῥήματα·
1579 450 1830 523 παρεχώ-

149 559 331 612 ρησας
379 542 467 596 διά
497 541 697 612 πολλὴν
726 539 1027 592 ἐπιείκειαν
1069 539 1170 609 τῆς
1209 537 1698 606 καλλιστευομένης
1728 532 1831 603 χώ-

151 641 254 694 ρας
291 623 370 693 τῷ
399 622 686 692 ἀδελφιδῷ,
713 623 808 675 καὶ
853 622 950 692 τὴν
983 622 1159 692 ἄκραν
1189 621 1446 684 ἐπεδείξω
1468 632 1831 685 ταπεινοφρο-

149 705 342 775 σύνην,
375 707 468 759 καὶ
485 704 753 774 τοσαύτην
775 705 1017 774 ἐποιήσω
1043 708 1140 775 τῆς
1171 706 1394 776 εἰρήνης
1425 703 1523 772 τὴν
1549 700 1830 771 πρόνοιαν,

146 789 228 852 ὼς
262 790 442 842 πάντα
491 787 890 852 καταδέξασθαι
912 788 1053 853 ὑπὲρ
1081 787 1175 841 τοῦ
1203 785 1473 857 μηδεμίαν
1505 779 1644 836 εἶναι
1676 781 1832 850 ὑμῶν

149 871 360 941 μεταξὺ
405 870 757 939 φιλονεικίαν·
782 872 870 924 διά
899 871 1058 957 τοῦτο
1089 868 1329 957 λάμϐανε
1365 867 1494 957 παρ’
1517 866 1650 957 ἐμοῦ
1671 864 1829 957 δαψι-

145 954 262 1016 λεῖς
291 953 389 1016 τὰς
417 953 673 1022 ἀμοιϐάς.
720 954 1116 1021 Ἀναϐλέψας,
1151 951 1306 1020 φησι,
1347 951 1471 1016 τοῖς
1501 951 1830 1018 ὀφθαλμοῖς

145 1053 289 1098 σου,
326 1035 418 1088 ῑδε
439 1034 558 1090 ἀπὸ
578 1037 684 1089 τοῦ
706 1038 918 1098 τόπου,
945 1031 1016 1090 οὗ
1053 1036 1171 1089 νῦν
1199 1035 1282 1089 σὺ
1304 1027 1377 1096 ετ,
1413 1035 1570 1101 πρὸς
1594 1029 1830 1099 ,ϐορρᾶν

144 1116 246 1172 καί
284 1119 444 1183 λίϐα,
477 1118 576 1172 καί
625 1118 936 1184 ἀνατολὰς
963 1118 1062 1171 καί
1107 1118 1448 1172 θάλασσαν·
1502 1115 1591 1169 ὅτι
1621 1113 1828 1167 πᾶσαν

141 1200 265 1264 τὴν
282 1198 418 1268 γῆν,
456 1199 536 1266 ἣν
551 1199 633 1252 σὺ
661 1198 826 1267 όρᾷς,
854 1196 955 1254 σοί
978 1199 1151 1253 δώσω
1182 1201 1379 1265 αὐτὴν
1412 1199 1508 1253 καί
1535 1197 1615 1263 τῷ
1643 1196 1828 1264 σπέρ-

137 1284 287 1350 ματί
307 1299 424 1337 σου
446 1283 559 1349 ἕως
595 1283 702 1337 τοῦ
753 1281 990 1349 αἰῶνος.
1032 1280 1184 1346 Εἶδες
1229 1282 1496 1336 ἀντίδοσιν
1539 1280 1718 1349 πολλῷ
1749 1277 1826 1348 τῷ

144 1366 336 1434 μέτρῳ
371 1365 804 1437 ὑπερϐαίνουσαν
834 1367 903 1419 τὰ
941 1369 1069 1438 παρ’
1114 1365 1278 1419 αὑτοῦ
1303 1366 1594 1434 γινόμενα;
1628 1364 1704 1415 Δι’
1725 1363 1824 1415 αὐ-

139 1445 253 1497 τῶν
280 1446 391 1499 τῶν
413 1449 672 1518 ῥημάτων
709 1447 930 1519 ἔρχεται
959 1451 987 1501 ό
1018 1448 1399 1520 φιλάνθρωπος
1429 1447 1725 1515 Δεσπότης,
1757 1445 1823 1497 δι’

139 1522 221 1582 ὧν
236 1531 330 1581 καὶ
350 1530 378 1581 6
400 1532 747 1603 πατριάρχης
768 1532 868 1603 τὴν
890 1532 1283 1603 παραχώρησιν
1306 1532 1616 1601 ἐποιήσατο.
1643 1528 1825 1582 Καθά-

140 1629 251 1682 περ
279 1614 390 1684 γὰρ
418 1616 624 1678 ἐκεῖνος
643 1615 847 1683 ἔλεγεν,
886 1619 1008 1669 Οὐκ
1039 1616 1167 1669 ίδοὺ
1183 1614 1352 1669 πᾶσα
1381 1616 1418 1682 ἡ
1450 1612 1524 1682 γῆ
1547 1614 1826 1667 ἐναντίον

137 1710 298 1758 σου;
321 1694 744 1766 διαχωρίσθητι
775 1698 877 1751 ἀπ’
912 1698 1079 1767 ἐμοῦ
1097 1703 1150 1752 εί
1176 1701 1257 1753 σὺ
1276 1701 1362 1765 εις
1390 1698 1578 1762 δεξιὰ,
1601 1697 1715 1765 ἐγὼ
1739 1699 1826 1762 εις

135 1779 447 1848 ἀριστερά·
478 1781 532 1834 εί
564 1779 634 1834 δὲ
661 1781 743 1835 σὺ
759 1783 848 1847 είς
877 1782 1180 1850 ἀριστερὰ,
1209 1781 1324 1850 ἐγὼ
1347 1785 1434 1848 εὶς
1469 1779 1657 1845 δεξιά·
1681 1777 1824 1833 οὕτω

133 1860 233 1914 καὶ
281 1862 312 1914 6
355 1862 636 1933 Δεσπότης
687 1864 872 1932 φησίν·
925 1864 1298 1929 Ἀναϐλέψας
1341 1864 1464 1930 τοῖς
1494 1861 1824 1932 ὀφθαλμοῖς

131 1956 278 2006 σου,
306 1943 398 2006 ιδε
421 1945 536 1998 ἀπὸ
560 1944 666 1999 τοῦ
692 1948 901 2010 τόπου,
925 1943 996 2004 οὗ
1031 1947 1112 2000 σὺ
1142 1938 1203 2000 εἴ
1215 1947 1349 1998 νῦν·
1372 1946 1460 1998 ὅτι
1480 1945 1690 1998 πᾶσαν
1711 1945 1824 2011 τὴν

134 2023 273 2092 γῆν,
318 2025 399 2094 ἣν
428 2026 596 2095 ὁρᾷς,
616 2026 719 2082 σοι
737 2028 908 2082 δώσω
929 2029 1124 2097 αὐτὴν
1147 2029 1246 2083 καί
1276 2028 1356 2095 τῷ
1372 2029 1671 2098 σπέρματί
1703 2043 1821 2082 σου

130 2107 246 2173 ἓως
282 2108 389 2162 τοῦ
438 2108 673 2176 αίῶνος.
724 2112 988 2165 Ἐνταῦθά
1017 2128 1106 2182 μοι
1148 2113 1341 2167 σκόπει
1370 2113 1469 2182 τῆς
1504 2110 1817 2181 φιλοτιμίας

130 2192 236 2260 τὴν
267 2191 595 2262 ὑπερϐολήν.
638 2193 711 2246 Σὺ
745 2194 845 2263 μὲν
889 2196 1020 2266 γὰρ,
1065 2196 1265 2264 φησὶν,
1317 2193 1528 2264 αἵρεσιν
1557 2193 1683 2256 δοὺς
1721 2192 1822 2263 τὴν

133 2273 236 2341 τῆς
255 2273 510 2342 ἐκλογῆς,
534 2274 632 2344 τήν
668 2275 770 2343 μὲν
794 2275 1214 2355 παρεχώρησας,
1236 2277 1409 2346 ἤνπερ
1428 2274 1644 2328 ἑλέσθαι
1665 2273 1822 2326 ἐϐου-

129 2355 297 2425 λήθη,
331 2356 428 2426 τὴν
483 2356 540 2409 δέ
581 2357 1001 2422 ὑπολειφθεῖσαν
1043 2358 1206 2423 αὐτὸς
1265 2358 1562 2422 κατεδέξω·
1607 2356 1724 2425 ἐγὼ·
1764 2356 1851 2408 δὲ.

127 2438 407 2508 τοσαύτην
450 2439 708 2510 ποιοῦμαι
733 2441 831 2513 τὴν
861 2442 1189 2512 φιλοτιμίαν,
1229 2442 1305 2504 ὼς
1353 2445 1532 2494 πᾶσαν
1565 2441 1663 2508 τὴν
1713 2437 1820 2508 γῆν

126 2521 232 2590 τὴν
259 2521 676 2576 ὑποπίπτουσαν
704 2527 769 2594 τῇ
797 2525 906 2578 τῶν
943 2524 1051 2579 σῶν
1095 2524 1390 2594 ὀφθαλμῶν
1424 2525 1522 2593 θέᾳ
1545 2522 1602 2588 ἐξ
1627 2522 1820 2576 ἐκατέ-

128 2618 244 2669 ρων
271 2602 382 2657 τῶν
410 2606 613 2674 μερῶν,
651 2607 760 2660 ἀπὸ
802 2608 1006 2678 ἀρκτου
1051 2609 1143 2661 καὶ
1177 2607 1286 2661 ἀπὸ
1315 2605 1685 2677 μεσημϐρίας,
1725 2605 1820 2657 καὶ

126 2686 241 2737 ἀπὸ
273 2685 548 2739 ἀνατολῶν
575 2689 668 2740 καὶ
688 2689 931 2758 δυσμῶν,
970 2691 1149 2744 πᾶσαν
1177 2690 1278 2761 τὴν
1305 2691 1429 2759 γῆν,
1460 2689 1526 2757 ἢν
1557 2689 1712 2764 ὁρᾷς⁹
1737 2689 1822 2744 σοὶ

125 2771 580 2838 παραχωρήσειεν
613 2772 704 2824 καὶ
735 2772 796 2824 ού
827 2772 985 2825 τοῦτο
1020 2775 1203 2843 μόνον,
1224 2774 1363 2827 ἀλλὰ
1387 2769 1598 2835 Καίτῷ
1631 2770 1818 2840 σπέρο-

121 2851 272 2915 part
316 2867 433 2904 σου
463 2850 574 2916 ἕως
612 2853 720 2907 τοῦ
756 2853 991 2921 αἰῶνος.
1023 2851 1180 2920 Εἶδες
1216 2855 1373 2921 ἀξίαν
1410 2857 1508 2925 τῆς
1541 2854 1637 2908 τοῦ
1682 2853 1818 2907 Θεοῦ

121 2932 472 3004 ἀγαθάτητος
499 2935 598 3006 τὴν
637 2936 979 3008 φιλοτιμίαν;
1026 2935 1164 3002 εἶδες
1194 2940 1336 2992 ὅσων
1386 2940 1816 3010 παραχωρήσας,

120 3015 270 3067 δσων
292 3016 531 3089 ἡξιώθης
567 3019 847 3074 Ἐντεῦθεν
872 3022 1259 3093 παιδευώμεθα
1291 3022 1492 3094 πολλὴν
1518 3022 1819 3075 ἐπιδείκνυ-

124 3095 255 3148 σθαι
285 3097 566 3166 δαψίλειαν
601 3103 730 3172 περὶ
753 3103 852 3172 τὴν
899 3105 1290 3174 ἐλεημοσύνην,
1321 3105 1408 3157 ἴνα
1441 3105 1613 3173 μικρὰ
1633 3105 1818 3166 δόντες

123 3179 388 3249 μεγάλων
431 3181 771 3253 ἀξιωθῶμεν.
812 3185 922 3239 Ποῦ
959 3187 1066 3257 γὰρ
1089 3188 1224 3247 ἴσον,
1260 3188 1382 3239 είπέ
1409 3203 1520 3254 μοι,
1552 3185 1818 3258 ἀργύριον

122 3261 305 3333 βραχὺ
343 3263 552 3328 δοῦναι,
585 3267 678 3318 καὶ
734 3269 1084 3339 συγχώρησιν
1124 3268 1540 3339 ἁμαρτημάτων
1585 3269 1817 3338 κομίσα-

120 3345 284 3410 σθαι;
347 3345 543 3415 θρέψαι
591 3349 882 3414 πεινῶντα,
938 3351 1032 3403 καὶ
1065 3351 1379 3422 παρρησίας
1428 3351 1728 3421 ἀξιωθῆναι
1756 3353 1814 3403 ἐν

119 3426 312 3496 ἐκείνῃ
344 3429 411 3497 τῇ
442 3429 626 3500 ἡμέρᾳ
653 3434 719 3500 τῇ
761 3431 987 3503 φοϐερᾷ,
1025 3433 1121 3485 καὶ
1161 3433 1391 3486 ἀκοῦσαι
1417 3433 1485 3485 τὰ
1515 3435 1612 3501 τῆς
1653 3433 1808 3502 βασι-

119 3509 277 3572 λείας
307 3511 537 3574 ἀντάξια
590 3514 830 3583 ῥήματα.
886 3515 1234 3576 Ἐπείνασα,
1269 3515 1364 3568 καί
1410 3515 1667 3568 ἐδώκατέ
1707 3533 1812 3584 μοι

118 3592 379 3661 φατεῖνς
419 3594 510 3666 Μὴ
562 3596 673 3667 γάρ
711 3599 739 3649 6
772 3598 854 3650 ao".
895 3597 1194 3668 παρασχὼν
1229 3599 1324 3669 τὴν
1354 3600 1624 3669 τοσαύτην
1655 3600 1810 3669 δαψί-

118 3673 275 3725 λειαν
321 3675 422 3728 οὑκ
466 3677 696 3745 ἠδύνατο
739 3680 994 3732 κάκείνου
1034 3680 1133 3751 τὴν
1168 3681 1374 3734 ἔνδειαν
1407 3683 1809 3752 παραμυθήσα-

120 3757 282 3821 σθαι;
303 3758 462 3812 Ἀλλά
491 3759 576 3813 διὰ
609 3762 766 3815 τοῦτο
794 3764 1018 3834 ἀφίησιν
1040 3765 1202 3817 αὑτὸν
1230 3768 1293 3835 τῇ
1313 3765 1472 3835 πενίᾳ
1489 3766 1809 3836 τρύχεσθαι,

117 3840 208 3920 ἵνα
231 3841 484 3907 κάκεῖνος
509 3845 606 3914 τῆς
642 3845 918 3917 ὑπομονῆς
951 3847 1118 3901 πολὺν
1149 3848 1446 3920 κομίζηται
1469 3853 1560 3902 τὸν
1593 3850 1806 3920 μισθὸν,

114 3918 216 3974 καὶ
246 3925 309 3976 σὺ
355 3925 454 3996 τὴν
486 3927 597 3980 ἀπὸ
625 3930 726 3999 τῆς
769 3929 1141 4001 ἐλεημοσύνης
1173 3918 1355 4001 σαυτῷ
1396 3918 1678 4004 προαποθῇ
1712 3934 1809 4005 τὴν

114 4008 460 4078 παρρησίαν.

189 4098 260 4160 γ’.
290 4088 446 4155 Εἶδες
464 4095 876 4166 φιλανθρωπίαν
899 4097 1191 4163 Δεσπότου,
1222 4099 1337 4162 πῶς
1354 4099 1569 4152 ἅπαντα
1594 4098 1682 4151 διὰ
1711 4099 1807 4170 τὴν

113 4174 401 4248 ἡμετέραν
434 4177 704 4254 σωτηρίαν
745 4181 1050 4251 οίκονομεί;
1086 4183 1257 4236 Ὅταν
1288 4180 1380 4236 οὖν
1411 4184 1694 4254 ἐννοήσῃς,
1724 4185 1804 4237 ὅτι

113 4257 202 4309 διά
223 4259 285 4310 σὲ
343 4260 436 4312 καὶ
467 4253 694 4332 τῆν’σὴν
723 4263 990 4332 ὠφέλειαν
1034 4267 1240 4331 ἐκεῖνος
1263 4272 1328 4338 τῇ
1361 4268 1519 4340 πενίᾳ
1553 4253 1805 4338 προσπα-

113 4339 290 4392 λαίων
330 4340 476 4410 λιμῷ
506 4341 903 4416 διαφθείρεται,
945 4349 1019 4419 μὴ
1050 4350 1326 4420 παρέλθῃς
1350 4339 1615 4419 ἀνηλεῶς,
1667 4348 1803 4403 ἀλλὰ

109 4422 278 4490 γενοῦ
301 4425 493 4486 πιστὸς
513 4427 792 4498 οἰκονόμος
822 4431 928 4483 τῶν
961 4433 1112 4503 παρὰ
1159 4433 1252 4486 τοῦ
1277 4434 1548 4486 Δεσπότου
1584 4451 1666 4486 σοι
1700 4451 1804 4485 πα-

112 4504 519 4574 ρασχεθέντων,
550 4507 636 4562 ἵνα
654 4509 751 4581 τὴν
778 4512 988 4565 ἐκείνου
1021 4513 1228 4567 ἔνδειαν
1263 4515 1802 4585 παραμυθησάμενος

108 4587 328 4657 πολλὴν
365 4588 646 4663 ἑπισπάση
671 4593 769 4665 τὴν
818 4595 1023 4648 ἄνωθεν
1048 4596 1280 4653 εὔνοιαν.
1315 4599 1422 4650 Καὶ
1454 4597 1675 4660 δόξασόν
1709 4613 1800 4648 σου

107 4671 205 4724 τὸν
237 4672 538 4740 Δεσπότην,
561 4673 641 4726 ὅτι
665 4676 751 4728 διὰ
791 4679 850 4730 σέ
880 4681 971 4732 καὶ
995 4679 1093 4750 τὴν
1129 4680 1226 4751 σὴν
1268 4681 1542 4750 σωτηρίαν
1568 4679 1803 4748 συνεχώ-

113 4769 286 4822 ρησεν
324 4751 535 4806 ἐκεῖνον
578 4758 633 4832 ἐν
683 4760 842 4828 πενίᾳ
889 4758 1037 4832 [545]
1085 4762 1313 4830 διάγειν,
1365 4763 1452 4815 ἴνα
1481 4766 1544 4815 σὺ
1567 4762 1801 4832 δυνηθῇς

109 4833 233 4886 δδδν
270 4834 474 4903 εὑρεῖν,
499 4836 566 4887 δι’
587 4831 652 4906 ἧς
682 4839 886 4910 δυνήσῃ
926 4831 1117 4894 καὶτὰ
1140 4842 1503 4913 ἡμαρτημένα
1534 4831 1801 4910 ἀπονίψα-

114 4917 263 4974 σθαι.
292 4918 391 4969 καὶ
415 4917 483 4968 τὰ
505 4921 653 4987 παρὰ
671 4921 764 4972 τοῦ
793 4925 1064 4978 Δεσπότου
1079 4941 1160 4977 σοι
1187 4925 1596 4994 παρασχεθέντα
1621 4925 1800 4988 καλῶς

109 4999 496 5068 οἰκονομήσας,
517 4999 622 5051 τῶν
650 5002 882 5055 ἐπαίνων
905 5007 1129 5058 ἐκείνων
1159 5007 1453 5078 ἀξιωθῆναι
1482 5007 1590 5060 τῶν
1623 5008 1798 5061 πάντα

112 5079 272 5146 λόγον
307 5083 402 5132 καὶ
436 5081 675 5136 διάνοιαν
716 5086 1177 5156 ὑπερϐαινόντων.
1223 5089 1455 5159 Ἀκούσῃ
1498 5093 1627 5160 γὰρ,
1686 5089 1795 5155 Εὖ,

111 5163 300 5217 δοῦλε
323 5163 510 5230 ἀγαθὲ
535 5166 632 5218 καί
673 5168 869 5233 πιστὲ,
917 5171 1010 5222 ἐπ’
1058 5172 1280 5240 ὀλίγων
1311 5168 1384 5239 ἧς
1424 5174 1663 5239 πιστός,
1698 5176 1796 5228 ἐπί

113 5243 369 5299 πολλῶν
410 5263 486 5299 σε
525 5250 904 5317 καταστήσωο
944 5254 1186 5308 εἵσελθε
1206 5257 1293 5320 είς
1317 5254 1432 5321 τὴν
1474 5257 1666 5323 χαρὰν
1692 5257 1799 5311 τοῦ

116 5328 340 5395 Κυρίου
371 5341 510 5379 σου.
534 5329 718 5384 Ταῦτα
748 5333 1074 5397 ἐννοοῦντες,
1105 5335 1356 5406 καθάπερ
1375 5337 1797 5407 εύεργέτας,καὶ

113 5408 214 5490 τῆς
245 5410 523 5478 σωτηρίας
552 5413 686 5480 ἡμῖν
710 5415 808 5475 τὰς
841 5417 1094 5487 ἀφορμὰς
1144 5420 1404 5489 παρέχειν
1441 5420 1795 5490 δυναμένους,

113 5489 289 5573 οὑτως
335 5491 554 5563 δρῶμεν
599 5497 722 5558 τοὺς
765 5497 1021 5567 πένητας,
1068 5503 1160 5554 καὶ
1197 5503 1336 5569 μετά
1381 5489 1659 5573 δαψιλείας
1701 5507 1795 5558 καὶ

115 5572 310 5644 ἱλαρᾶς
338 5577 443 5657 τῆς
470 5577 779 5647 προθυμίας
819 5582 1174 5654 παρέχωμεν,
1200 5572 1473 5657 μηδέποτε
1503 5587 1793 5641 ἀνανεύον-

110 5655 469 5738 τιςῂπερὶτὴν
511 5658 678 5723 δόσιν,
727 5662 860 5715 ἀλλά
914 5667 1051 5734 μετά
1107 5655 1305 5738 πολλῆς
1352 5671 1454 5738 τῆς
1497 5671 1795 5734 ἐπιεικείας

109 5734 504 5809 διαλεγόμενοι,
535 5742 630 5794 καὶ
648 5744 927 5816 πραότητα
950 5747 1150 5819 πολλὴν
1177 5734 1534 5824 δεικνύμενοι.
1569 5751 1794 5805 κλῖνον

633 5861 903 5925 Ριτιιοι..
947 5866 1064 5927 Gn.
1116 5870 1272 5934 LIII.

1264 339 1328 395 IN
1361 339 1512 395 CAP.
1557 335 1672 392 XIII
1712 335 1960 392 GENES.
1997 331 2230 390 HOMIL.
2272 329 2512 388 XXXIV.

3516 324 3623 382 3m

1946 449 2055 519 γὰρ
2080 449 2293 516 πτωχῷ
2312 448 2379 502 τὸ
2399 444 2509 514 οὖς
2528 463 2668 512 σου,
2689 445 2787 499 καί
2804 445 3155 514 ἀποκρίθητι
3181 442 3343 509 αὐτῷ
3359 444 3625 513 siparum

1943 538 2013 588 ἐν
2051 538 2362 604 πραΰτητι,
2384 537 2469 588 ἴνα
2495 537 2589 588 καὶ
2613 535 2721 606 πρὸ
2749 536 2846 605 τῆς
2865 533 3065 597 δόσεως
3094 534 3160 605 τῇ
3183 531 3485 604 προσηνείᾳ
3514 530 3626 586 τῶν

1945 623 2208 693 ῥημάτων
2267 625 2368 695 τὴν
2416 622 2901 693 καταϐεϐλημένην
2941 619 3108 673 αὐτοῦ
3153 619 3333 690 ψυχὴν
3383 619 3488 672 ὑπὸ
3520 619 3625 688 τῆς

1943 711 2144 780 πολλῆς
2174 712 2382 774 ἐνδείας
2417 713 2750 781 ἀναστήσῃς.
2779 709 3084 776 Κρεῖσσον
3104 707 3234 778 γὰρ,
3265 706 3420 776 φησὶ,
3441 707 3627 776 λόγος

1941 797 1979 866 ἣ
2006 797 2197 865 δόσις.
2231 798 2416 862 Οὑτως
2444 794 2553 851 οῐδε
2575 797 2667 849 καὶ
2699 797 2852 866 ῥῆμα
2871 793 3142 866 νευρῶσαι
3160 792 3361 864 ψυχὴν,
3383 793 3477 848 καὶ
3497 791 3626 845 πολ·

1941 885 2037 956 λὴν
2059 888 2376 954 είσαγαγεῖν
2407 885 2506 955 τὴν
2536 881 2913 955 παραμυθίαν.

2011 972 2104 1041 Μή
2119 971 2300 1025 τοίνυν
2320 972 2455 1042 πρὸς
2476 971 2567 1023 τὸν
2584 970 2930 1040 λαμϐάνοντα
2949 968 3109 1039 μόνον
3125 968 3361 1039 δρῶντες
3381 966 3480 1038 τὴν
3495 965 3625 1036 περὶ

1938 1059 2037 1128 τὴν
2082 1057 2453 1129 ἐλεημοσύνην
2484 1057 2798 1128 φιλοτιμίαν
2837 1053 3144 1125 ποιώμεθα,
3175 1053 3312 1108 ἀλλά
3341 1051 3625 1123 λογιζόμε-

1939 1161 2019 1199 νοι
2040 1145 2122 1208 τίς
2151 1146 2299 1197 ἐστιν
2332 1147 2359 1197 6
2390 1144 2759 1214 οἰκειούμενος
2792 1141 2859 1195 τά
2880 1143 2963 1204 είς
2993 1139 3088 1194 τὸν
3115 1141 3327 1210 πένητα
3342 1139 3623 1210 γινόμενα,

1937 1233 2030 1284 καὶ
2062 1231 2160 1301 τὴν
2185 1231 2325 1302 ὑπὲρ
2356 1230 2464 1284 τῶν
2493 1229 2786 1301 διδομένων
2815 1228 3022 1281 ἔκτισιν
3057 1227 3448 1298 ὑποσχόμενος,
3482 1224 3626 1280 οὑτω

1937 1314 2074 1394 πρὸς
2118 1315 2325 1394 ἐκεῖνον
2354 1313 2754 1394 τείνοντες-τῂν
2781 1312 3020 1394 διάνοιαν
3081 1311 3221 1394 μετά
3259 1309 3455 1394 πάσηςο
3490 1326 3624 1394 προ-

1938 1379 2139 1454 θυμίας
2169 1383 2430 1453 παρέχειν
2476 1379 2888 1452 σπουδάξωμεν,
2919 1381 3014 1434 καὶ
3061 1379 3399 1450 σπείρωμεν,
3426 1379 3502 1440 ὡς
3543 1379 3624 1431 ἔτι

1937 1471 2147 1541 καιρὸς,
2185 1470 2322 1539 μετά
2357 1469 2656 1539 δαψιλείας,
2685 1469 2771 1522 ἵνα
2803 1469 2898 1522 καὶ
2935 1467 3072 1539 μετὰ
3097 1466 3374 1536 δαψιλείας
3392 1464 3622 1534 θερίσω-

1939 1573 2058 1625 μεν.
2108 1558 2170 1609 '0
2204 1557 2471 1624 σπείρων
2513 1556 2644 1627 γὰρ,
2674 1556 2831 1624 φησὶ,
2854 1554 3238 1624 φειδομένως,
3261 1550 3624 1621 φειδομένως

1935 1648 2032 1700 καί
2093 1649 2336 1715 θερίσει.
2413 1647 2649 1717 ’Ᾱφειδεί
2690 1647 2871 1700 τοίνυν
2937 1648 3003 1716 τῇ
3063 1647 3207 1718 χειρὶ
3270 1644 3622 1700 καταϐάλλω-

1937 1750 2036 1803 μεν
2066 1733 2133 1786 τὰ
2174 1735 2315 1789 καλὰ
2343 1735 2516 1789 ταῦτα
2530 1735 2842 1806 σπέρματα,
2874 1735 2962 1788 ἴνα
2990 1736 3049 1787 ἐν
3080 1733 3256 1805 καιρῷ
3287 1731 3426 1802 μετὰ
3461 1731 3620 1799 δαψι-

1933 1818 2080 1884 λείας
2099 1819 2425 1893 θερίσωμεν.
2445 1820 2560 1874 Νῦν
2585 1821 2683 1892 μὲν
2700 1823 2809 1892 γάρ
2835 1825 2982 1876 ἐστιν
3003 1823 3032 1873 6
3058 1820 3151 1874 τοῦ
3178 1820 3380 1890 σπόρου
3407 1819 3625 1888 καιρὸς,

1931 1905 1990 1960 ὃν
2022 1907 2098 1981 μὴ
2125 1910 2597 1982 παραδράμωμεν,
2629 1910 2955 1983 παρακαλῶ,
3005 1911 3092 1963 ἵνα
3123 1911 3180 1963 ἐν
3217 1911 3284 1979 τῇ
3317 1908 3416 1979 τῆς
3460 1910 3624 1962 ἀντα-

1932 1996 2202 2061 ποδόσεως
2229 1998 2336 2052 τῶν
2364 1999 2600 2052 ἐνταῦθα
2640 1998 2959 2070 σπαρέντων
2993 1999 3198 2070 ἡμέρα,
3215 2001 3343 2059 τοὺς
3373 1995 3625 2066 καρποὺς

1931 2083 2389 2156 ἀποδρεψώμεθα,
2403 2087 2498 2138 καὶ
2513 2085 2614 2156 τῆς
2633 2087 2783 2158 παρά
2801 2085 2896 2139 τοῦ
2914 2083 3186 2140 Δεσπότου
3208 2083 3400 2155 φιλανθ
3410 2083 3624 2157 ρωπίας

1929 2168 2274 2242 ἀξιωθῶμεν.
2299 2173 2467 2226 Οὐδὲν
2491 2173 2622 2244 γὰρ,
2655 2173 2810 2227 οὐδὲν
2838 2172 3026 2244 ἔτερον
3051 2172 3161 2226 τῶν
3178 2170 3625 2242 κατορθωμάτων

1929 2255 2071 2309 οὑτω
2127 2257 2414 2329 δυνήσεται
2461 2259 2654 2313 σϐέσαι
2706 2259 2817 2312 τῶν
2869 2258 3290 2330 ἁμαρτημάτων
3337 2257 3496 2329 ἡμῶν
3522 2257 3624 2328 τὴν

1929 2343 2130 2416 πυρὰν,
2163 2345 2239 2408 ῶς
2279 2346 2312 2416 ὴ
2359 2346 2460 2416 τῆς
2503 2345 2880 2416 ἐλεημοσύνης
2911 2345 3182 2415 δαψίλεια.
3217 2345 3364 2416 Αὓτη
3389 2344 3484 2397 καὶ
3511 2343 3622 2396 τῶν

1927 2429 2346 2500 ἡμαρτημένων
2373 2433 2506 2501 ἡμῖν
2538 2431 2627 2484 τὸν
2659 2431 2972 2502 ἀφανισμὸν
3003 2431 3315 2502 ἐργάζεται,
3347 2432 3442 2484 καὶ
3479 2433 3623 2502 παρ-

1929 2517 2125 2584 ρησίας
2160 2519 2291 2586 ἡμῖν
2313 2516 2573 2587 πρόξενος
2601 2518 2836 2587 γίνεται,
2867 2520 2962 2572 καὶ
2990 2518 3098 2572 τῶν
3124 2520 3455 2590 ἀπορρήτων
3475 2517 3620 2570 ἐκεί-

1927 2619 2033 2655 νων
2059 2604 2282 2671 ἀγαθῶν
2313 2604 2412 2675 τὴν
2440 2605 2746 2659 ἀπόλαυσιν
2771 2607 3215 2678 προευτρεπίςει.
3263 2606 3426 2658 Ἀλλά
3447 2603 3623 2657 ταῦτα

1930 2689 2029 2759 μὲν
2054 2692 2255 2755 ἱκανῶς
2286 2692 2501 2764 εἴρηται
2542 2695 2678 2764 πρὸς
2707 2693 2806 2765 τὴν
2843 2695 3119 2765 ὑμετέραν
3153 2694 3493 2765 προτροπὴν,
3525 2698 3621 2747 καὶ

1927 2778 2064 2848 πρὸς
2090 2781 2152 2832 τὸ
2179 2781 2372 2845 δεῖξαι,
2403 2783 2486 2835 δτι
2520 2783 2698 2854 μικρά
2746 2782 2980 2846 διδόντες
3033 2783 3288 2853 μεγάλων
3318 2782 3620 2853 ἀξιούμεθα

1928 2863 2081 2934 παρά
2099 2865 2194 2917 τοῦ
2231 2867 2524 2920 Δεσπότου.
2560 2867 2836 2921 Ἐντεῦθεν
2855 2869 2964 2937 γὰρ
2982 2872 3114 2940 ἡμῖν
3139 2870 3232 2922 καὶ
3257 2872 3286 2922 ό
3305 2868 3464 2939 λόγος
3480 2868 3621 2941 πρὸς

1924 2951 2024 3021 τὴν
2053 2952 2150 3021 τῆς
2179 2953 2552 3025 ἐλεημοσύνης
2575 2957 2900 3027 παραίνεσιν
2924 2956 3267 3028 ἐξεκυλίσθη·
3296 2956 3485 3029 ἐπειδὴ
3510 2957 3620 3026 γὰρ

1924 3037 2206 3107 ἐλέγομεν,
2229 3041 2309 3093 ὅτι
2338 3041 2539 3112 μέρους
2583 3044 2687 3112 γῆς
2722 3045 3134 3115 παραχωρήσας
3170 3045 3198 3098 6
3245 3045 3617 3116 πατριάρχης.

1924 3125 2016 3177 καὶ
2043 3124 2104 3177 τδ
2135 3125 2424 3181 κάλλιστον
2447 3129 2545 3200 τῆς
2582 3127 2766 3201 χώρας
2792 3133 3096 3202 προέμενος
3125 3133 3204 3204 τῷ
3226 3131 3371 3199 Λὼτ,
3397 3121 3491 3186 καὶ
3517 3133 3618 3204 τὴν

1925 3211 2271 3283 φαυλοτάτην
2315 3217 2417 3285 γῆν
2465 3215 2718 3286 ἐλόμενος
2756 3219 2935 3288 ἐαυτῷ
2960 3221 3231 3292 τοσαύτης
3263 3219 3475 3291 ἠξιώθη
3516 3219 3619 3290 τῆς

1926 3299 2077 3368 παρὰ
2107 3299 2198 3352 τοῦ
2233 3301 2369 3354 Θεοῦ
2425 3301 2761 3374 φιλοτιμίας,
2794 3305 2870 3369 ὼς
2901 3307 3251 3376 ὑπερϐαίνειν
3280 3308 3459 3361 πάντα
3489 3306 3617 3360 νοῦν

1927 3385 2020 3437 καὶ
2048 3386 2287 3440 διάνοιαν
2303 3387 2401 3460 τὴν
2423 3389 2716 3459 ὑπόσχεσιν
2741 3392 2842 3462 τὴν
2874 3394 3028 3464 παρά
3047 3393 3144 3446 τοῦ
3172 3393 3308 3447 Θεοῦ
3340 3397 3422 3458 είς
3449 3395 3616 3450 αὑτὸν

1927 3473 2322 3544 γεγενημένην.
2379 3476 2758 3546 Ἀναϐλέψας
2780 3479 2910 3549 γάρ,
2942 3481 3097 3550 φησὶ,
3128 3481 3254 3547 τοῖς
3282 3483 3617 3552 ὀφθαλμοῖς

1921 3575 2058 3625 σου,
2097 3560 2186 3614 ἴδε
2203 3562 2323 3615 ἀπὸ
2355 3563 2474 3619 τοῦ
2495 3565 2703 3627 τόπου,
2739 3562 2811 3622 οὗ
2846 3567 2928 3620 σὺ
2952 3563 3009 3621 εἷ
3031 3567 3168 3631 νῦν,
3196 3570 3345 3636 πρὸς
3379 3569 3617 3639 βορρᾶν

1921 3648 2019 3698 καί
2046 3648 2187 3700 ,λίϐα
2213 3659 2263 3687 ι·
2290 3649 2378 3702 ὅτι
2418 3649 2627 3705 πᾶσαν
2652 3652 2768 3719 τὴν
2785 3652 2922 3722 γῆν,
2964 3654 3045 3721 ἦν
3072 3655 3154 3710 σὺ
3183 3655 3351 3724 ὁρᾷς,
3379 3658 3478 3712 σοί
3505 3657 3614 3711 δώ-

1920 3750 2008 3785 σω
2022 3733 2219 3801 αὐτὴν
2247 3736 2344 3788 καί
2365 3735 2446 3801 τῷ
2462 3739 2758 3807 σπέρματί
2776 3757 2892 3794 σου
2909 3741 3018 3806 ἕως
3037 3742 3271 3810 αἰῶνος.
3289 3745 3471 3815 Μέρος
3483 3749 3610 3818 γῆς,

1920 3819 2074 3907 [σοι]
2109 3823 2265 3907 φησὶ,
2287 3825 2692 3898 παρεχώρησας
2713 3828 2790 3898 τῷ
2811 3829 3097 3901 ἀδελφιδῷ·
3124 3831 3232 3884 ἰδοὺ
3256 3833 3368 3902 ἐγὼ
3385 3833 3611 3907 ὁλόκλη-

1922 3905 2012 3972 ρόν
2045 3921 2127 3957 σοι
2155 3906 2254 3976 τὴν
2283 3907 2387 3975 γῆν
2413 3909 2779 3979 ὑπισχνοῦμαι
2799 3928 2812 3940 ·
2850 3912 2946 3965 καὶ
2983 3914 3046 3965 οὐ
3073 3912 3230 3966 τοῦτο
3266 3917 3446 3984 μόνον,
3471 3905 3609 3972 ἀλλ-ἀ

1919 3991 2013 4044 καὶ
2043 3991 2122 4062 τῷ
2157 3993 2434 4064 σπέρματί
2468 4015 2561 4049 σου
2596 3998 2856 4068 παρέξειν
2888 4002 3263 4073 ἐπαγέλλομαι
3285 4005 3480 4076 αὑτὴν,
3511 4009 3611 4060 καὶ

1917 4078 2020 4142 ἔως
2055 4079 2269 4144 αίῶνος,
2302 4082 2447 4136 τοῦτ’
2472 4083 2585 4137 ἔστι
2615 4087 2901 4156 διηνεκῶς.
2929 4085 3082 4152 Εἶδες
3106 4091 3222 4153 πῶς
3240 4091 3608 4162 φιλοτιμεῖται

1918 4169 1977 4220 ἐν
2001 4173 2120 4234 ταῖς
2153 4172 2529 4242 εὑεργεσίαις;
2568 4174 2784 4247 Ἐπειδὴ
2816 4177 2923 4247 γὰρ
2959 4179 3074 4250 ᾔδει
3103 4181 3184 4232 ὅτι
3220 4181 3409 4234 τούτου
3448 4184 3610 4254 μάλιο

1919 4271 2019 4309 στα
2042 4256 2306 4330 ἐπεθύμει
2329 4261 2356 4311 6
2382 4261 2746 4332 πατριάρχης,
2775 4265 2868 4317 καὶ
2899 4265 3050 4317 οὐδὲν
3071 4267 3235 4320 αὑτοῦ
3269 4268 3368 4338 τὴν
3398 4271 3606 4340 προθυ-

1919 4343 2049 4413 μίαν
2083 4344 2226 4398 οὕτω
2249 4347 2531 4417 νευρώσει,
2567 4351 2739 4420 φησί’
2781 4353 2873 4406 καὶ
2901 4352 3060 4406 τοῦτό
3089 4371 3171 4407 σοι
3194 4357 3437 4428 παρέξω,
3462 4358 3605 4413 ὥστε

1915 4431 2011 4482 καὶ
2047 4431 2174 4495 τοὺς
2206 4433 2314 4485 ἀπὸ
2354 4435 2446 4486 σοῦ
2480 4436 2833 4506 τικτομένους
2865 4438 3210 4504 διαδέξασθαι
3247 4443 3345 4512 τῆς
3375 4445 3477 4515 γῆς
3503 4448 3604 4518 τὴν

1913 4518 2235 4584 ἀπόλαυσιν,
2265 4521 2359 4572 καὶ
2382 4520 2606 4592 διηνεκῆ
2634 4523 2837 4594 ταύτης
2874 4524 3019 4596 ἔχειν
3047 4529 3146 4598 τὴν
3163 4529 3439 4594 ἐξουσίαν.
3472 4531 3605 4589 Εἶτα

1911 4602 2001 4658 ἵνα
2031 4603 2107 4674 μὴ
2139 4606 2274 4674 πρὸς
2297 4607 2396 4676 τὴν
2419 4611 2622 4662 οἰκείαν
2656 4611 2817 4680 μόνον
2838 4612 3018 4679 φύσιν,
3048 4616 3140 4667 καὶ
3172 4616 3310 4685 πρὸς
3338 4619 3397 4669 τὸ
3423 4620 3606 4688 γῆρας

1910 4689 1971 4740 τὸ
2001 4691 2217 4754 ἑαυτοῦ,
2245 4694 2340 4746 καὶ
2385 4695 2482 4765 τὴν
2515 4696 2612 4766 τῆς
2644 4697 2824 4767 Σάρας
2860 4701 3149 4771 στείρωσιν
3198 4705 3428 4768 ἀπιδὼν,
3471 4726 3604 4780 ναρ-

1910 4778 2055 4850 κήσῃ
2095 4778 2231 4848 πρὸς
2265 4780 2362 4851 τὴν
2395 4782 2709 4853 ὑπόσχεσιν,
2752 4787 2888 4840 ἀλλὰ
2936 4788 3188 4862 θαρρήσῃ
3230 4795 3296 4862 τῇ
3337 4785 3433 4846 τοῦ
3469 4778 3603 4848 ὑπο-

1911 4867 2174 4937 σχομένου
2202 4868 2448 4940 δυνάμει,
2482 4873 2647 4942 φησί·
2687 4875 2795 4928 Καί
2832 4877 3068 4945 ποιήσω
3098 4879 3164 4932 τό
3191 4881 3431 4950 σπέρμα
3459 4899 3598 4947 σου,

1907 4953 1986 5041 ὡς
2017 4952 2134 5020 τὴν
2159 4954 2355 5024 ἄμμον
2387 4959 2498 5027 τῆς
2533 4960 2662 5029 γῆς.
2688 4965 2756 5015 Εἰ
2785 4962 3120 5030 δυνήσεταί
3141 4985 3232 5032 τις
3257 4967 3373 5036 τὴν
3399 4971 3600 5041 ἄμμον

1906 5038 2016 5105 τῆς
2049 5041 2162 5110 γῆς
2191 5043 2606 5115 ἐξαριθμῆσαι,
2637 5051 2734 5102 καί
2767 5051 2832 5103 τὸ
2860 5052 3100 5124 σπέρμα
3123 5072 3242 5111 σου
3270 5038 3597 5128 ἀριθμηθή-

1905 5140 2096 5216 σεται.
2130 5129 2370 5200 Ἀληθῶς
2391 5134 2533 5206 ὑπὲρ
2557 5136 2719 5204 φύσιν
2742 5139 3095 5212 ἀνθρωπίνην
3113 5137 3182 5214 ἦν
3210 5145 3242 5214 ή
3274 5145 3592 5216 ὑπόσχεσις·

1902 5214 1963 5264 οὑ
1997 5215 2156 5283 μόνον
2184 5218 2292 5289 γὰρ
2337 5222 2548 5294 πατέρα
2587 5225 2751 5279 αὑτὸν
2788 5230 3037 5299 ποιήσειν
3077 5232 3363 5303 ὑπέσχετο,
3404 5238 3594 5290 τοσού-

1902 5317 2012 5353 των
2043 5303 2212 5356 ὄντων
2251 5308 2358 5359 τῶν
2390 5309 2749 5379 κωλυμάτων,
2773 5315 2910 5369 ἀλλά
2945 5317 3039 5370 καὶ
3069 5320 3149 5381 είς
3173 5319 3377 5390 πλῆθος
3398 5326 3590 5378 τοσοῦ-

1903 5403 1998 5477 τον
2028 5388 2337 5454 ἐπιδώσειν,
2367 5394 2443 5456 ὡς
2473 5397 2540 5466 τῇ
2589 5398 2761 5469 ἀμμῳ
2793 5405 2892 5470 τῆς
2923 5404 3028 5473 γῆς
3057 5388 3458 5477 παρισωθῆναι,
3493 5413 3590 5466 καὶ

1901 5475 2175 5547 ἀνώτερον
2200 5479 2438 5550 ἀριθμοῦ
2467 5483 2527 5535 τὸ
2551 5484 2752 5555 πλῆθος
2785 5490 3065 5556 γενέσθαι,
3089 5475 3188 5562 τήν
3218 5475 3469 5549 ἐπίτασιν
3489 5499 3588 5570 τῆς

1902 5563 2208 5636 ὑπερϐολῆς
2240 5567 2329 5622 διὰ
2360 5569 2455 5622 τοῦ
2485 5574 2926 5646 παραδείγματος
2958 5579 3200 5648 ἐμφῆναι
3236 5563 3582 5654 βουλόμενος.

1964 5713 2390 5799 τεοὲιλίϐα-μςιῠε
2409 5721 2540 5771 addit
2558 5724 2638 5772 καὶ
2662 5725 2891 5783 ἀνατολὰς
2910 5729 2992 5776 καὶ
3017 5730 3096 5778 θά)
3106 5741 3348 5792 adamat
3372 5736 3436 5782 ila
3459 5735 3587 5799 leg}:

1907 5779 2051 5824 vetus
2069 5779 2336 5840 interpres.

3221 5892 3292 5945 20
