4058 6388
487 312 587 369 517

547 426 753 481 Σκόπει
799 426 916 492 πῶς
958 428 989 479 ό
1030 425 1409 497 φιλάνθρωπος
1450 424 1727 495 Δεσπότης
1777 424 1920 476 κατά
1961 422 2154 493 μικρὸν

486 512 753 584 γυμνάζει
779 513 875 568 τοῦ
909 514 1120 569 δικαίου
1145 514 1243 583 τήν
1272 513 1494 583 ἀρετήν.
1523 512 1707 566 Εἰπὼν
1732 512 1844 583 γὰρ
1876 511 2155 581 ἀνωτέρω.

485 602 566 654 ὅτι
613 600 699 667 Τῷ
750 600 1048 671 σπέρματί
1092 616 1209 653 σου
1248 598 1427 653 δώσω
1465 599 1579 667 τὴν
1604 597 1728 668 γῆν
1774 599 2025 665 ταύτην·
2063 596 2158 649 νῦν

485 688 648 742 πάλιν
672 688 856 757 φησὶν,
883 685 997 740 Καὶ
1017 685 1096 751 τῷ
1123 684 1420 755 σπέρματί
1451 703 1567 740 σου
1596 685 1769 739 δώσω
1786 684 1897 752 ἕως
1922 685 2156 749 αἰῶνος,

484 775 584 829 καὶ
620 774 853 840 ποιήσω
884 772 1032 827 αὐτὸ
1075 773 1156 838 ὡς
1194 770 1311 840 τὴν
1337 773 1535 843 ἅμμον
1561 770 1673 842 τῆς
1702 770 1835 843 τῆς.
1877 772 1987 825 Καὶ
2022 771 2158 833 τέως
2192 838 2193 841 η

489 862 650 932 μέχρι
699 859 873 928 λόγων
912 858 983 911 τά
1019 858 1121 928 τῆς
1164 860 1531 929 ὑποσχέσεως,
1575 860 1670 913 καὶ
1706 859 1871 921 πολὺς
1918 860 1975 912 ἐν
2008 856 2158 926 μέσῳ

488 947 852 1016 παραγίνεται
877 947 1094 1018 χρόνος,
1131 948 1222 1001 ῖνα
1250 946 1342 999 καὶ
1371 946 1471 1015 τῆς
1503 946 1730 1017 γνώμης
1766 944 1860 999 τοῦ
1891 942 2158 1015 πατριάρ-

488 1049 582 1105 χου
610 1034 873 1103 μάθωμεν
898 1034 960 1087 τὸ
988 1033 1252 1102 φιλόθεον,
1274 1034 1370 1086 καὶ
1388 1032 1483 1087 τοῦ
1508 1033 1644 1087 Θεοῦ
1670 1034 1769 1105 τήν
1790 1030 2158 1102 ὑπερϐάλλου-

488 1138 586 1174 σαν
606 1120 856 1191 δύναμιν.
875 1120 1160 1190 Ἐπιτηδες
1188 1119 1298 1191 γὰρ
1330 1120 1513 1188 μέλλει
1536 1121 1629 1175 καὶ
1657 1119 2041 1175 ἀναϐάλλεται,
2070 1117 2157 1169 ῖνα

483 1210 563 1271 είς
605 1208 743 1279 βαθὺ
778 1209 956 1277 γῆρας
988 1207 1279 1272 ἐλάσαντες
1321 1208 1372 1260 οί
1411 1208 1509 1280 τὴν
1539 1208 1825 1277 ὑπόσχεσιν
1853 1207 2154 1276 δεξάμενοι,

482 1299 576 1350 καὶ
611 1296 963 1366 ἀπογνόντες,
990 1297 1067 1359 ὡς
1095 1298 1292 1361 εἰπεῖν,
1322 1298 1460 1361 τέως
1501 1296 1638 1350 κατά
1665 1296 2011 1366 ἀνθρωπίνην
2032 1295 2159 1348 ἀκο-

482 1383 723 1447 λουθίαν,
752 1383 874 1437 τότε
904 1384 998 1437 καὶ
1021 1383 1122 1453 τῆς
1157 1384 1362 1447 οἰκείας
1390 1382 1673 1445 ἀσθενείας
1697 1384 1795 1453 τήν
1822 1385 2037 1453 πεῖραν,
2064 1382 2159 1435 καὶ

482 1472 582 1542 τῆς
608 1470 818 1541 ἀφάτου
845 1470 1127 1541 δυνάμεως
1149 1469 1242 1523 τοῦ
1270 1469 1404 1523 Θεοῦ
1434 1469 1531 1541 τήν
1549 1469 1853 1541 ὑπερϐολὴν
1880 1470 2082 1523 ῖδωσιν.

550 1597 614 1652 δ’.
643 1597 909 1652 Ἐννόειδέ
932 1615 1021 1669 μοι
1037 1599 1103 1650 ἐκ
1121 1598 1219 1667 τῆς
1235 1598 1593 1669 παρατάσεως
1605 1597 1697 1652 τοῦ
1716 1599 1775 1651 ἐν
1796 1598 1946 1669 μέσῳ
1964 1596 2154 1667 χρόνου

480 1686 542 1737 τὸ
571 1684 796 1754 στερρὸν
827 1684 929 1754 τῆς
955 1683 1051 1737 τοῦ
1087 1684 1423 1755 πατριάρχου
1458 1684 1703 1756 γνώμης,
1738 1683 1854 1747 πῶς
1881 1683 2057 1737 πάντα
2087 1684 2154 1738 τά

479 1769 796 1842 ἀνθρώπινα
826 1771 1209 1843 παρατρέχων.
1242 1772 1381 1842 πρὸς
1408 1772 1469 1824 τὸ
1495 1771 1718 1825 δυνατὸν
1736 1770 1831 1825 τοῦ
1852 1772 2155 1842 ὑποσχομέ-

480 1876 575 1912 νου
614 1858 795 1921 τείνας
825 1858 923 1929 τὴν
951 1858 1211 1924 διάνοιαν,
1241 1859 1342 1913 οὐκ
1389 1858 1716 1931 ἐθορυϐεῖτο,
1764 1860 1883 1913 οὑδὲ
1928 1858 2157 1930 ἐταράτ-

477 1960 620 1997 τετο.
642 1942 784 1997 Ἰστε
816 1945 925 2015 γάρ
954 1944 1234 2011 πολλάκις,
1261 1946 1340 1999 δτι
1365 1946 1586 2000 ἐπειδάν
1621 1962 1703 2009 τις
1735 1946 1879 2012 ἅπαξ
1912 1947 2004 1999 καὶ
2031 1946 2155 2000 δεύ-

479 2045 638 2098 τερον
660 2030 1031 2098 ὑποσχόμενος
1054 2031 1279 2100 μηδέπω
1307 2032 1386 2093 είς
1411 2030 1569 2101 ἔργον
1598 2030 1781 2100 ἀγάγῃ
1800 2030 1869 2082 τά
1891 2031 2155 2098 ἐπαγγελ-

479 2116 661 2175 θέντα,
703 2115 822 2179 πῶς
852 2117 1202 2189 δκνηρότεροι
1242 2116 1503 2186 γινόμεθα
1544 2116 1682 2186 πρὸς
1720 2115 1783 2169 τὸ
1816 2115 1978 2169 πάλιν
2005 2117 2153 2187 αὑτῷ

479 2203 766 2256 πιστεῦσαι
791 2191 1227 2274 ὑπισχνουμένῳ.
1269 2203 1406 2256 Ἀλλ’
1442 2205 1535 2257 ἐπὶ
1572 2204 1670 2273 μὲν
1702 2203 1988 2275 ἀνθρώπου
2017 2204 2154 2257 είκό⁸

476 2308 587 2353 τως
616 2290 684 2343 ἂν
712 2287 871 2342 τοῦτο
900 2290 1138 2358 γένοιτο’
1176 2290 1269 2343 ἐπὶ
1300 2290 1356 2343 δὲ
1388 2288 1482 2343 τοῦ
1504 2290 1636 2343 Θεοῦ
1667 2289 1758 2344 τοῦ
1788 2292 1925 2359 μετά
1952 2290 2155 2361 πολλῆς

480 2375 670 2444 σοφίας
712 2375 782 2428 τὰ
816 2375 1059 2446 ἡμέτερα
1086 2376 1513 2446 οίκονομοῦντος.
1547 2376 1764 2429 ἐπειδὰν
1793 2376 1939 2441 ἀπαξ
1983 2378 2153 2444 ἐπαγ-

478 2462 749 2533 γείληται,
788 2461 895 2516 κᾶν
930 2462 1097 2533 μυρία
1126 2464 1184 2515 ἐν
1215 2460 1295 2533 τῷ
1342 2464 1490 2533 μέσῳ
1530 2462 1826 2533 κωλύματα
1866 2462 2148 2533 παρεμπί-

479 2565 625 2611 πτοι,
653 2548 791 2619 πρὸς
813 2548 874 2601 τὺ
905 2548 1135 2618 μέγεθος
1164 2550 1262 2619 τῆς
1283 2547 1377 2602 τοῦ
1412 2547 1547 2602 Θεοῦ
1586 2548 1866 2617 δυνάμεως
1906 2547 2149 2618 δρῶντας

477 2634 700 2705 θαρρεῖν
725 2633 853 2706 χρὴ.
892 2634 989 2689 καὶ
1017 2635 1411 2706 ἐστηριγμένον
1449 2634 1593 2704 ἔχειν
1618 2635 1709 2688 τὸν
1738 2633 2015 2703 λογισμὺν,
2054 2638 2149 2689 καὶ

475 2722 671 2774 εἰδέναι
701 2722 777 2784 ὡς
812 2722 1029 2785 πάντως
1058 2723 1137 2786 είς
1165 2721 1325 2792 ἔργον
1361 2723 1586 2793 ἐκϐῆναι
1611 2723 1691 2776 δεῖ
1724 2723 1793 2776 τά
1823 2724 1952 2793 παρ’
1982 2724 2147 2778 αὑτοῦ

473 2808 739 2880 εἰρημένα
759 2824 772 2838 ·
828 2808 995 2863 Οὑδέν
1038 2809 1148 2880 γάρ
1193 2811 1341 2863 ἐστιν
1368 2810 1397 2863 ὃ
1424 2810 1710 2881 δυνήσεταί
1740 2828 1867 2863 ποτε
1898 2811 2147 2880 διακόψαι

473 2896 540 2949 τὰ
570 2897 700 2967 παρ’
730 2894 895 2949 αὑτοῦ
921 2896 1308 2967 ἐπηγγελμένα
1330 2912 1342 2923 ’
1394 2897 1524 2960 Θεὸς
1558 2896 1667 2967 γάρ
1697 2898 1864 2959 ἐστιν,
1896 2890 1940 2965 ᾧ
1970 2901 2147 2953 πάντα

472 2984 673 3037 δυνατά
688 3000 713 3016 ·-
744 2983 841 3036 καὶ
875 2981 963 3035 διά
1000 2982 1161 3035 τοῦτο
1206 2983 1342 3053 πρὸς
1379 2982 1408 3035 ὃ
1451 2983 1717 3053 βούλεται,
1765 2984 2049 3057 μεθίστησι
2080 2988 2147 3040 τά

472 3071 798 3141 πράγματα,
835 3069 928 3122 καὶ
955 3070 1158 3140 πόρους
1185 3067 1245 3135 ἐξ
1268 3070 1487 3141 ἀπόρων
1506 3071 1685 3141 εὑρεῖν
1706 3071 2022 3140 δυνάμενος,
2053 3074 2148 3126 καὶ

477 3161 617 3227 μετά
646 3157 745 3228 τὴν
772 3156 1087 3225 ἀπόγνωσιν
1119 3157 1219 3227 τὴν
1248 3158 1521 3229 ἡμετέραν
1549 3159 1628 3221 είς
1656 3159 1897 3229 χρηστάς
1928 3160 2146 3225 ἐλπίδας

471 3248 641 3312 ἄγων,
671 3245 737 3297 ἵν’
769 3242 912 3297 οὕτω
938 3243 1268 3313 σαφέστερον
1292 3244 1457 3297 αὑτοῦ
1492 3244 1850 3315 μανθάνωμεν
1874 3245 2023 3318 [545]
2048 3248 2147 3317 τῆς

470 3329 776 3398 εὐμηχάνου
808 3328 999 3395 σοφίας
1025 3327 1124 3396 τὴν
1152 3327 1476 3398 ὑπερϐολήν.
1516 3328 1803 3395 Ἀναστὰς
1831 3331 1958 3401 γὰρ,
1990 3334 2143 3401 φησὶ,

468 3417 789 3487 διόδευσον
819 3415 934 3482 τὴν
965 3415 1103 3483 γῆν,
1137 3416 1226 3479 εἵς
1270 3432 1332 3467 τε
1370 3416 1435 3468 τὸ
1482 3414 1670 3485 μῆκος
1710 3416 1901 3485 αὐτῆς
1936 3420 2031 3471 καί
2058 3422 2145 3485 εις

468 3504 534 3554 τὸ
568 3503 819 3567 πλάτος,
845 3501 934 3555 ὅτι
963 3517 1058 3555 σοι
1083 3499 1256 3555 δώσω
1273 3501 1485 3568 αὐτήν.
1503 3502 1644 3571 Ὅρα
1680 3502 1792 3565 πῶς
1818 3503 1906 3557 διὰ
1928 3505 2144 3560 πάντων

468 3592 577 3644 τιῦν
602 3589 942 3662 πραγμάτων
972 3589 1171 3659 πολλὴν
1206 3588 1451 3658 βούλεται
1493 3588 1867 3660 πληροφορίαν
1914 3592 2143 3646 ἐνθεῖναι

467 3677 545 3745 τῷ
593 3677 807 3747 δικαίῳ.
847 3675 1133 3738 Ἀναστὰς,
1183 3675 1338 3746 φησὶ,
1394 3675 1672 3745 περίελθε,
1717 3679 1810 3730 καὶ
1858 3679 2142 3749 κατάμαθε

467 3765 563 3818 καὶ
606 3766 666 3817 τὸ
704 3763 877 3833 μῆκος
914 3762 1007 3814 καὶ
1042 3762 1103 3814 τὸ
1138 3762 1358 3826 πλάτος,
1405 3763 1493 3816 ἵνα
1527 3762 1721 3817 εἰδέναι
1753 3764 1882 3836 ἐχῃς
1934 3767 2027 3819 καὶ
2084 3768 2145 3819 τὸ

472 3850 701 3921 μέγεθος
734 3849 831 3918 τῆς
878 3848 1000 3918 γῆς.
1040 3842 1107 3918 ἧς
1153 3848 1444 3902 ἀπολαύειν
1492 3850 1729 3925 μέλλεις,
1780 3854 1873 3903 καὶ
1911 3854 2014 3921 πρὸ
2046 3854 2143 3925 τῆς

471 3934 825 3996 ἀπολαύσεως
851 3936 917 4004 τῇ
953 3932 1126 3985 ἐλπίδι
1154 3934 1505 4003 τρεφόμενος,
1536 3933 1735 4005 πολλὴν
1772 3936 1898 4005 ἔχῃς
1934 3936 2029 4006 τὴν
2056 3939 2143 3989 εὑ-

469 4021 691 4092 θυμίαν.
719 4020 893 4089 Ὀσην
926 4020 1033 4088 γὰρ
1068 4019 1132 4071 ἂν
1163 4019 1455 4091 περιέλοῃς
1486 4019 1611 4089 γῆν,
1651 4023 1734 4073 σοὶ
1763 4021 1918 4075 δώσω
1950 4023 2141 4093 αὑτὴν,

467 4110 557 4161 ἵνα
604 4106 782 4178 μάθῃς
814 4107 896 4158 δτι
926 4105 987 4158 οὑ
1024 4106 1256 4159 τοσαῦτα
1300 4108 1723 4178 παρεχώρησας,
1757 4111 1855 4162 ὅσα
1882 4108 1975 4163 νῦν
2004 4110 2145 4181 λαμ-

469 4190 653 4242 ϐάνειν
682 4188 913 4259 μέλλεις.
939 4187 1030 4257 Μὴ
1060 4187 1236 4240 τοίνυν
1262 4188 1491 4261 νομίσῃς
1513 4191 1611 4259 τὴν
1645 4189 1902 4244 ἐλάττονα
1928 4191 2143 4263 εἰληφέ-

468 4294 573 4341 ναι,
601 4274 786 4346 ἐπειδὴ
814 4275 1019 4336 ἐκεῖνος
1040 4276 1151 4337 τοῖς
1186 4275 1473 4344 πρωτείοις
1501 4277 1844 4345 φαινομένοις
1868 4279 2143 4349 ἐπεπήδη-

472 4382 581 4416 σεν.
627 4364 763 4434 Εἴσῃ
791 4360 847 4414 δέ
879 4361 995 4430 μετ’
1025 4360 1085 4413 οὑ
1134 4360 1267 4413 πολὺ
1298 4361 1363 4413 δι’
1398 4362 1575 4416 αὐτῶν
1609 4363 1719 4416 τῶν
1763 4366 2134 4435 πραγμάτων,

466 4452 548 4502 ὅτι
581 4451 641 4502 οὑ
675 4447 955 4519 λυσιτελὴς
992 4442 1060 4517 ῆν
1086 4446 1233 4517 αὑτῷ
1265 4446 1371 4499 τῶν
1399 4448 1681 4518 πρωτείων
1709 4452 1741 4518 ἡ
1776 4451 1973 4522 ἐκλογή
2004 4466 2015 4480 '
2052 4456 2142 4506 καὶ

469 4538 629 4601 αὐτὸς
653 4538 709 4591 δὲ
729 4538 932 4599 ἐκεῖνος
960 4534 1285 4605 μαθήσεται,
1308 4534 1433 4587 ὅσον
1461 4536 1577 4587 ἐστὶ
1599 4537 1767 4589 κακὸν
1784 4537 1844 4589 τὸ
1855 4537 1964 4589 τῶν
1990 4556 2140 4608 πρω-

468 4626 625 4675 τείων
654 4625 804 4693 ἐρᾷν.
832 4622 981 4684 Τέως
996 4621 1053 4674 δὲ
1074 4620 1234 4684 αὑτὸς
1262 4620 1489 4689 κομίζου
1516 4621 1612 4691 τῆς
1645 4625 2144 4697 ταπεινοφροσύνης

468 4714 564 4765 καὶ
604 4711 703 4780 τῆς
759 4708 1078 4773 ἐπιεικείας,
1125 4710 1192 4779 ἢν
1239 4710 1368 4780 περὶ
1399 4709 1490 4762 τὸν
1521 4710 1833 4779 ἀδελφιδοῦν
1861 4712 2140 4779 ἐπεδείξω.

470 4799 569 4860 τὰς
605 4795 859 4867 ἀμοιϐὰς,
890 4795 982 4847 καὶ
1010 4794 1165 4865 δέχου
1215 4796 1313 4865 τὴν
1344 4795 1658 4865 ὑπόσχεσιν,
1704 4798 1799 4850 καὶ
1835 4798 1937 4868 ήδη
1973 4816 2142 4855 κατα-

477 4885 710 4955 μάνθανε
739 4882 835 4953 τὴν
864 4882 967 4951 γῆν
996 4880 1232 4947 ἃπασαν,
1258 4876 1323 4952 ἦς
1345 4884 1530 4954 κύριος
1564 4878 1630 4946 εἴ,
1662 4885 1755 4935 καὶ
1786 4885 1903 4953 μετ’
1923 4886 1984 4938 οὑ
2008 4886 2140 4941 πολὺ

474 4974 567 5024 λαὶ
603 4970 762 5032 αὐτὸς
800 4968 893 5022 καὶ
921 4970 981 5021 τὸ
1014 4968 1235 5037 σπέρμα
1276 4967 1336 5019 τὸ
1375 4969 1465 5021 σὺν
1501 4970 1579 5031 εἰς
1605 4969 1665 5022 τὸ
1697 4969 1941 5039 διηνεκὲς
1980 4973 2142 5027 καθέ-

475 5058 614 5122 ξετε.
639 5056 747 5111 Καὶ
778 5054 858 5122 τῷ
882 5054 1177 5124 σπέρματί
1209 5071 1330 5109 σου
1361 5055 1491 5127 γὰρ,
1517 5057 1699 5127 φησὶν,
1738 5057 1849 5123 ἕως
1876 5060 1984 5113 τοῦ
2009 5060 2142 5114 αἰῶ-

470 5163 595 5210 νος.
630 5144 770 5197 Πολὺ
808 5142 906 5212 τῆς
932 5140 1264 5209 ἐπαγγελίας
1293 5140 1385 5195 τοῦ
1422 5142 1558 5195 Θεοῦ
1596 5144 1656 5195 τὸ
1686 5145 1934 5214 μέγεθος,
1970 5149 2140 5221 πολλὴ

470 5234 566 5301 τῆς
601 5230 908 5300 φιλοτιμίας
940 5230 1032 5282 τοῦ
1067 5230 1285 5283 πάντων
1310 5229 1467 5298 ήμῶν
1498 5233 1771 5284 Δεσπότου
1805 5234 1838 5304 ή
1868 5233 2138 5304 δαψίλεια,

470 5320 639 5390 πολλὴ
670 5318 765 5389 τῆς
791 5319 1023 5388 ἀμοιϐῆς
1044 5316 1139 5371 τοῦ
1162 5315 1543 5388 φιλανθρώπου
1566 5321 1658 5373 καὶ
1691 5321 2141 5394 πανοικτίρμονος

473 5408 507 5477 ή
547 5402 840 5476 ὑπερϐολὴ,
886 5405 955 5476 ἢν
994 5406 1122 5475 περὶ
1156 5405 1249 5458 τὸν
1285 5405 1553 5475 μακάριον
1594 5405 1782 5460 τοῦτον
1827 5410 2139 5481 ἐποιήσατο,

473 5495 566 5547 καὶ
594 5493 672 5563 τῷ
710 5492 770 5556 ἐξ
811 5492 973 5546 αὑτοῦ
1014 5492 1254 5563 μέλλοντι
1287 5492 1566 5545 τίκτεσθαι
1615 5494 1909 5565 σπέρματι.
1953 5497 2138 5551 Ταῦτα

474 5580 602 5633 ἀκού
614 5597 711 5642 σας
741 5580 769 5630 ὁ
798 5580 1159 5649 πατριάρχης.
1202 5578 1295 5632 καὶ
1338 5579 1634 5647 ἐκπλαγεὶς
1666 5581 1764 5651 τὴν
1810 5581 2014 5652 ἀφατον
2043 5586 2137 5639 τοῦ

471 5666 606 5720 Θεοῦ
637 5666 966 5736 ἀγαθότητα,
1002 5665 1483 5734 Ἀποσκηνώσας,
1514 5668 1700 5739 φησιν,
1725 5668 1919 5725 ἐλθὼν
1948 5670 2133 5738 κατῴ-

1268 312 1329 368 S.
1369 307 1655 367 JOANNIS
1691 303 2183 365 CIIRYSOSTOMI
2224 303 2538 360 ARCIIIEP.
2580 305 3129 363 CONSTANTINOP.

3828 308 3925 364 313

2264 435 2419 488 κησε
2454 422 2613 489 παρὰ
2638 422 2755 489 τὴν
2794 420 2946 493 δρῦν
2975 421 3092 488 τὴν
3121 419 3393 490 Μαμϐρὴ,
3421 419 3533 487 τὴν
3564 419 3635 474 ἐν
3674 421 3925 491 Χεϐρὼν.

2260 506 2415 559 Μετὰ
2442 507 2503 560 τὸ
2532 508 2808 573 δέξασθαι,
2838 509 2991 579 φησὶ,
3026 509 3125 579 τὴν
3153 506 3506 577 ἐπαγγελίαν,
3531 507 3742 561 καὶτὸν
3772 526 3932 579 χωρι-

2260 594 2397 664 σμὸν
2428 595 2684 663 γενέσθαι
2724 595 2820 650 τοῦ
2864 596 3010 661 Λὼτ,
3054 596 3155 668 τὴν
3204 596 3413 668 σκηνήν
3444 594 3605 650 αὑτοῦ
3660 594 3931 666 μετῴκισι

2260 682 2411 751 παρά
2440 682 2540 753 τὴν
2567 680 2699 754 δρῦν
2726 682 2825 755 τὴν
2867 682 3137 755 Μαμϐρή.
3164 683 3309 753 Ὅρα
3360 682 3648 751 φιλόσοφον
3690 681 3933 752 γνώμην,

2259 766 2360 837 δρα
2393 771 2736 840 φρονήματος
2772 770 2924 838 ὑζος,
2958 770 3077 833 πῶς
3107 771 3225 840 μετ’
3245 770 3497 834 εὐκολίας
3527 769 3935 840 μετανίσταται,

2262 855 2356 907 καὶ
2386 857 2448 909 οὑ
2476 856 2819 928 δυσχεραίνει
2849 856 2987 930 πρὸς
3028 857 3091 910 τὸ
3122 857 3321 920 τόπους
3352 858 3419 910 ἐκ
3444 858 3629 911 τόπων
3664 855 3933 927 ἀμείϐειν.

2262 942 2372 993 Καὶ
2401 942 2510 1013 γάρ
2541 944 2793 1016 εὑρήσεις
2822 945 2987 998 αὑτὸν
3010 945 3072 998 οὑ
3105 943 3368 1015 συνηθείᾳ
3398 944 3504 997 τινὶ
3531 943 3939 1014 προκατειλημ-

2265 1027 2424 1097 μένον
2453 1031 2549 1082 καί⁵
2578 1032 3007 1102 προστετηκότα,
3029 1031 3059 1084 δ
3094 1028 3280 1085 πολλοὶ
3321 1030 3581 1093 πολλάκις
3605 1030 3939 1099 ὑπομένουσι

2261 1117 2355 1169 καὶ
2374 1116 2483 1169 τῶν
2502 1119 2801 1173 δοκούντων
2829 1121 3161 1189 φιλοσοφεῖν,
3183 1119 3279 1173 καὶ
3299 1119 3408 1172 τῶν
3434 1120 3492 1172 ἐν
3693 1116 3940 1190 θορύϐων

2258 1204 2633 1276 ἀπηλλάχθαι·
2690 1207 2784 1261 καὶ
2815 1209 2869 1261 εῖ
2893 1225 3022 1261 ποτε
3054 1207 3244 1279 καιρὸς
3279 1206 3470 1275 καλοίη
3514 1206 3941 1277 μεταναστῆναι,

2259 1293 2353 1344 καὶ
2383 1294 2459 1355 είς
2488 1294 2586 1363 τήν
2612 1293 2897 1364 ἀλλοτρίαν
2922 1295 3202 1358 ἀπελθεῖν,
3238 1294 3502 1357 πολλάκις
3533 1293 3628 1347 καὶ
3647 1309 3941 1363 πνευματι-

2260 1379 2357 1431 κοῦ
2380 1380 2701 1451 πράγματος
2715 1381 2897 1444 ἕνεκα,
2917 1382 3390 1453 δυσχεραίνοντας,
3415 1380 3700 1444 ἀλύοντας,
3726 1380 3941 1453 βαρέως

2260 1466 2525 1536 φέροντας
2561 1468 2662 1539 τὴν
2699 1469 3031 1539 μετάστασιν
3063 1469 3245 1539 εῦροις
3281 1468 3349 1522 ἂν
3385 1467 3607 1532 αὑτοὺς,
3656 1467 3749 1520 διά
3779 1467 3845 1519 τὸ
3874 1469 3938 1535 τῇ

2260 1552 2515 1623 συνηθείᾳ
2547 1554 2931 1625 προειλῆφθαι.
2965 1556 3103 1608 Ἀλλ’
3129 1556 3229 1625 οὑχ
3258 1557 3288 1609 ό
3331 1554 3537 1618 δίκαιος
3584 1551 3783 1619 οῦτως,
3826 1550 3939 1604 ἀλλ’

2257 1636 2465 1691 ἀνωθεν
2486 1641 2579 1692 καὶ
2616 1641 2680 1694 ἐκ
2702 1641 3005 1713 προοιμίων
3035 1641 3377 1711 ἐφιλοσόφει·
3420 1641 3516 1694 καὶ
3559 1638 3821 1708 καθάπερ
3862 1637 3940 1700 ξέ-

2256 1740 2344 1787 νος
2365 1726 2458 1778 καὶ
2484 1727 2883 1799 παρεπίδημος,
2912 1728 3088 1791 οῦτως
3115 1727 3368 1782 ἐντεῦθεν
3396 1728 3535 1790 ἐκεῖ,
3562 1725 3822 1780 κάκεῖθεν
3839 1717 3938 1776 ὧδε

2261 1809 2744 1880 μετανιστάμενος,
2776 1811 2871 1864 καὶ
2904 1810 3183 1882 πανταχοῦ
3215 1810 3314 1881 τὴν
3340 1809 3589 1880 φιλόθεον
3611 1806 3781 1863 αὑτοῦ
3803 1806 3939 1874 γνὼ-

2260 1911 2367 1964 μην
2400 1893 2488 1948 διά
2528 1895 2637 1949 τῶν
2670 1896 2848 1969 ἔργων
2884 1897 3216 1962 ἐσπούδαζεν
3256 1895 3682 1953 ἐπιδείκνυσθαι.
3721 1893 3939 1962 Ἐπειδὴ

2256 1980 2367 2051 γὰρ
2393 1984 2780 2053 κατεσκήνωσε
2816 1984 2969 2055 παρά
2994 1986 3096 2056 τήν
3132 1984 3266 2056 δρῦν
3297 1984 3396 2057 τὴν
3432 1983 3705 2054 Μαμϐρῆ,
3738 1981 3939 2043 εὐθέως

2255 2068 2373 2121 ἐκεῖ
2400 2068 2787 2142 θυσιαστήριον
2813 2069 3132 2143 ᾠκοδόμησε
3172 2071 3249 2143 τῷ
3280 2072 3492 2143 Κυρίῳ.
3530 2066 3686 2133 Εἶδες
3718 2068 3942 2141 εὑχάριε

2257 2168 2380 2207 στον
2406 2155 2661 2226 γνὼμην;
2700 2158 2919 2230 Ἐπειδὴ
2948 2159 3059 2230 γὰρ
3090 2159 3189 2231 τὴν
3223 2158 3428 2230 σκηνὴν
3452 2157 3716 2230 ἐπήξατο,
3739 2157 3941 2217 εὐθέως

2255 2240 2394 2311 ὑπὲρ
2409 2242 2508 2311 τῆς
2532 2232 2904 2315 γεγενημένης
2924 2245 3074 2316 αὑτῷ
3103 2245 3439 2315 ἐπαγγελίας
3464 2245 3561 2309 τὰς
3585 2244 3940 2315 εὐχαριστίας

2254 2327 2486 2400 ἀνέφερε
2512 2329 2590 2400 τῷ
2612 2333 2877 2405 Δεσπότῃ.
2904 2333 3016 2387 Καὶ
3042 2334 3163 2387 καθ’
3190 2335 3423 2388 ἕκαστον
3446 2333 3631 2394 τόπον,
3656 2331 3789 2384 ἐνθα
3811 2348 3939 2383 κατ-

2252 2415 2504 2485 εσκήνου,
2546 2418 2799 2489 εὑρήσεις
2840 2420 3004 2474 αὑτὸν
3032 2419 3222 2474 τούτου
3256 2421 3363 2492 πρὸ
3393 2420 3614 2474 πάντων
3643 2416 3937 2487 ἐπιμελοῦ-

2255 2517 2437 2570 μενον,
2475 2504 2570 2556 καὶ
2619 2504 3005 2578 θυσιαστήριον
3047 2507 3452 2579 οἰκοδομοῦντα,
3490 2508 3586 2560 καὶ
3628 2506 3729 2570 τὰς
3777 2504 3939 2574 εὐχὰς

2252 2588 2615 2660 ἀναφέροντα,
2646 2592 2739 2646 καὶ
2769 2594 3127 2648 ἀποστολικδν
3156 2596 3320 2666 νόμον
3350 2595 3686 2667 πληροῦντα,
3714 2593 3807 2647 τὸν
3845 2609 3939 2645 κε-

2250 2675 2473 2731 λεύοντα
2505 2680 2563 2731 ἐν
2590 2681 2752 2733 παντὶ
2773 2682 2925 2753 τόπῳ
2944 2680 3197 2753 εὔχεσθαι
3229 2683 3559 2756 ἐπαίροντας
3578 2684 3763 2748 ὁσίους
3782 2678 3937 2754 1346]

2252 2768 2461 2836 χεῖρας.
2506 2763 2658 2832 Εἶδες
2703 2768 2881 2840 ψυχὴν
2926 2770 3318 2842 ἐπτερωμένην
3358 2772 3497 2843 πρὸς
3540 2771 3634 2824 τὸν
3675 2771 3770 2825 τοῦ
3800 2772 3935 2825 Θεοῦ

2250 2851 2434 2915 πόθον,
2476 2855 2569 2907 καὶ
2599 2856 2738 2925 ὑπὲρ
2767 2856 3021 2911 ἀπάντων
3048 2858 3373 2929 εὐχάριστον
3419 2860 3752 2935 γινομένηνς
3799 2859 3933 2912 Οὑὸἐ

2248 2937 2358 3007 γάρ
2378 2938 2636 3007 ἀνέμενεν
2653 2941 2733 3003 είς
2756 2941 2917 3011 ἔργον
2939 2942 3116 2995 ἐλθεῖν
3138 2943 3205 2996 τά
3221 2942 3655 3011 ἐπαγγελθέντα,
3680 2944 3817 2997 ἀλλὰ
3843 2947 3933 2996 καὶ

2254 3024 2393 3095 ὑπὲρ
2418 3025 2516 3094 τῆς
2558 3027 2906 3098 ὑποσχέσεως
2953 3030 3288 3101 εὐχαριστεῖ,
3329 3035 3424 3084 καὶ
3472 3030 3542 3084 τά
3576 3033 3711 3102 παρ’
3736 3031 3930 3086 ἐαυτοῦ

2250 3110 2636 3177 ἐπιδείκνυται,
2673 3116 2761 3168 ἵνα
2789 3115 2889 3187 τήν
2922 3117 3016 3170 ἐπὶ
3045 3120 3159 3180 τοῖς
3192 3118 3555 3188 προλαϐοῦσιν
3586 3120 3931 3189 εὐγνωμοσύ-

2250 3213 2348 3267 νην
2374 3199 2803 3272 ἐπιδειξάμενος,
2827 3204 3072 3276 καὶπερὶ
3103 3204 3203 3276 τὴν
3225 3206 3575 3278 ἐκπλήρωσιν
3600 3208 3715 3261 τῶν
3756 3211 3932 3277 ἐπαγ·

2250 3284 2445 3352 γελιῶν
2474 3287 2837 3361 ἔκκαλέσηται
2859 3291 2948 3344 τδν
2972 3290 3167 3345 ἑαυτοῦ
3199 3293 3497 3364 Δεσπότην.

2317 3430 2377 3484 ε’.
2426 3430 2627 3487 Τοῦτον
2652 3433 2715 3504 δὴ
2738 3435 2831 3488 καὶ
2848 3437 3008 3505 ἡμεῖς
3031 3436 3468 3507 μιμώμεθα.·καὶ
3490 3438 3794 3510 θαρρῶμεν
3816 3443 3933 3504 ταῖς

2245 3513 2339 3567 τοῦ
2374 3516 2509 3569 Θεοῦ
2541 3519 2889 3590 ὑποσχέσεσι,
2930 3522 3021 3575 καὶ
3049 3523 3188 3593 μήτε
3205 3526 3235 3577 ό
3254 3523 3448 3595 χρόνος
3470 3525 3817 3595 ἀμαυρούτω
3835 3526 3934 3597 τὴν

2246 3602 2577 3673 προθυμίαν,
2599 3606 2735 3676 μήτε
2751 3605 2821 3659 τά
2839 3609 2896 3661 ἐν
2919 3607 3067 3679 μέσῳ
3084 3609 3404 3680 κωλύματα,
3422 3612 3488 3666 ἀν
3500 3611 3773 3683 συμϐαίη,
3802 3633 3936 3684 χαυ-

2247 3689 2417 3741 νούτω
2451 3691 2609 3760 ἡμῶν
2635 3693 2724 3745 τὸν
2756 3693 3047 3766 λογισμόν⁹
3096 3695 3235 3750 ἀλλὰ
3274 3701 3340 3768 τῇ
3383 3698 3478 3753 τοῦ
3513 3699 3653 3754 Θεοῦ
3698 3700 3934 3772 δυνάμει

2246 3774 2595 3845 θαρροῦντες.
2646 3780 2722 3841 ὡς
2762 3778 2861 3849 ήδη
2918 3782 3024 3851 πρὸ
3065 3782 3174 3835 τῶν
3210 3782 3506 3853 ὀφθαλμῶν
3541 3786 3790 3856 δρῶντες
3836 3787 3935 3849 τὰς

2246 3861 2566 3932 ὑποσχέσεις
2593 3864 2978 3936 ἐκϐεϐηκυίας,
3005 3867 3149 3922 οῦτω
3174 3870 3274 3940 τὴν
3300 3870 3482 3923 πίστιν
3512 3870 3792 3944 εἰλικρινῆ
3813 3876 3934 3927 ἐπι-

2246 3947 2565 4030 δειξάψεθα.
2584 3952 2692 4005 Καὶ
2714 3954 2821 4023 γὰρ
2838 3956 2931 4006 καὶ
2954 3956 3085 4025 ἡμῖν
3105 3956 3317 4025 μεγάλα
3335 3958 3429 4011 καὶ
3452 3958 3742 4028 ὑπέρογκα
3760 3964 3932 4030 ἐπηγ-

2248 4029 2466 4114 γείλατο
2511 4035 2539 4085 ὁ
2588 4035 2884 4104 Δεσπότης,
2925 4038 3021 4089 καὶ
3075 4037 3475 4108 ὑπερϐαίνοντα
3523 4040 3616 4093 τὸν
3658 4029 3933 4114 ἡμέτερον

2247 4110 2524 4183 λογισμὸν,
2555 4119 2652 4185 τῆς
2681 4116 2968 4186 βασιλείας
2988 4120 3133 4188 λέγω
3152 4122 3254 4191 τὴν
3281 4122 3601 4186 ἀπόλαυσιν,
3619 4110 3733 4177 τῶν
3753 4110 3931 4199 ἀπορ-

2249 4200 2427 4269 ρήτων
2467 4202 2687 4269 ἀγαθῶν
2732 4204 2829 4275 τὴν
2865 4208 3174 4276 μετουσίαν,
3214 4208 3314 4280 τὴν
3351 4210 3487 4279 μετά
3515 4211 3773 4279 ἀγγέλων
3813 4214 3931 4267 δια-

2247 4288 2455 4373 γωγὴν,
2487 4289 2587 4359 τὴν
2618 4293 2717 4360 τῆς
2749 4292 2971 4363 γεέννης
3000 4294 3343 4367 ἀπαλλαγήν.
3379 4296 3539 4350 Ἀλλά
3575 4299 3729 4369 ὅμως
3764 4302 3932 4373 μηδὲν

2246 4370 2588 4441 άπιστῶμεν,
2622 4374 2809 4447 ἐπειδὴ
2840 4377 2915 4449 μὴ
2950 4381 3145 4449 ὁρᾶται
3182 4383 3295 4445 τοῖς
3339 4386 3677 4453 σωματικοῖς
3722 4370 3929 4454 ὀφθαλσ

2250 4459 2398 4527 μοῖς·
2438 4460 2573 4513 ἀλλά
2604 4462 2664 4514 τὸ
2696 4463 2925 4531 ἀψευδὲς
2957 4466 3261 4532 ἐννοοῦντες
3301 4467 3396 4521 τοῦ
3423 4469 3927 4541 ἐπαγγειλαμένου,

2248 4543 2342 4596 καὶ
2378 4547 2477 4615 τῆς
2518 4546 2801 4619 δυνάμεως
2830 4552 2996 4604 αὑτοῦ
3036 4552 3097 4606 τδ
3149 4553 3398 4623 μέγεθος,
3425 4556 3538 4619 τοῖς
3564 4560 3664 4627 τῆς
3691 4559 3929 4619 πίστεως

2246 4630 2542 4701 ὀφθαλμοῖς
2574 4635 2714 4689 αὐτὰ
2752 4639 3195 4709 κατοπτεύωμεν,
3244 4643 3340 4696 καὶ
3372 4643 3437 4697 ἐκ
3474 4642 3583 4696 τῶν
3608 4645 3711 4716 ήδη
3743 4663 3924 4717 παρα·

2250 4718 2548 4805 σχεθέντων
2572 4726 2665 4775 καὶ
2697 4727 2824 4797 περὶ
2850 4726 2959 4779 τῶν
2985 4728 3289 4796 μελλόντων
3314 4732 3559 4802 χρηστὰς
3588 4734 3807 4805 ἔχωμεν
3830 4738 3926 4801 τὰς

2248 4801 2463 4867 ἐλπίδας
2484 4822 2495 4835 ο
2531 4806 2618 4859 διὰ
2641 4808 2751 4877 γὰρ
2777 4808 2936 4879 τοῦτρ
2968 4812 3063 4864 καὶ
3087 4811 3322 4867 ἐνταῦθα
3352 4801 3521 4868 πολλὰ
3544 4801 3681 4887 ἡμῖν
3704 4801 3925 4892 ’ἐδωρήο

2248 4906 2395 4980 σατο,
2431 4894 2518 4946 ἵνα
2548 4896 2612 4947 ὲκ
2645 4896 2850 4949 τούτων
2873 4898 3229 4969 ὁδηγούμενοι
3261 4902 3352 4954 καὶ
3385 4904 3515 4974 περὶ
3536 4905 3765 4960 ἐκείνων
3792 4909 3924 4980 θαρ-

2249 4978 2361 5067 ῥεῖν
2386 4979 2616 5050 ἔχωμεν.
2645 4982 2703 5034 Ὀ
2730 4982 2839 5054 γάρ
2856 4984 2947 5038 τὸν
2971 4986 3163 5040 ἐαυτοῦ
3193 4988 3308 5041 υίὸν
3339 4988 3529 5053 ἐκδοὺς
3556 4992 3645 5045 διά
3667 4994 3769 5060 τὴν
3796 4978 3924 5067 περὶ

2245 5066 2390 5133 ἡμᾶς
2419 5069 2660 5140 ἀγάπην,
2684 5070 2801 5133 πῶς
2822 5072 2942 5141 οὑχὶ
2972 5073 3147 5127 πάντα
3175 5077 3307 5145 ἡμῖν
3330 5076 3397 5130 τά
3424 5078 3587 5132 λοιπά
3612 5066 3922 5152 χαριεῖταις

2243 5157 2511 5230 Καθάπερ
2536 5160 2630 5213 καὶ
2660 5159 2867 5224 Παῦλός
2893 5179 3084 5232 φησιν*
3111 5165 3209 5231 ’Ός
3228 5183 3295 5234 τε
3325 5168 3432 5221 τοῦ
3459 5168 3614 5224 ἰδίου
3645 5173 3789 5226 Υιυῦ
3810 5176 3923 5227 οὐκ

2225 5246 2547 5314 λὲςρείσατο,
2567 5249 2705 5303 ἀλλ’
2720 5248 2873 5316 ὑπὲρ
2892 5249 3321 5319 ήμῶν-πάντων
3338 5256 3688 5324 παρέδωκεν
3707 5261 3917 5323 αὐτόν.

2242 5330 2368 5396 πῶς
2399 5332 2533 5399 οὐχί
2574 5332 2673 5385 καὶ
2706 5332 2829 5385 σὺν
2864 5332 3024 5399 αὐτῷ
3057 5334 3131 5389 τὰ
3158 5336 3354 5390 πάντα
3380 5338 3525 5407 ἡμῖν
3564 5342 3920 5408 χαρίσεταιε

2242 5416 2303 5468 EE
2332 5418 2423 5470 τὸν
2447 5417 2572 5472 Υίὸν
2596 5418 2761 5472 αὑτοῦ
2791 5419 3052 5484 ἐξέδωκεν
3081 5422 3221 5494 ὑπὲρ
3240 5424 3400 5495 ήμῶν
3422 5424 3529 5478 τῶν
3549 5428 3919 5500 ἁμαρτωλῶν,

2242 5505 2289 5589 εί
2326 5505 2421 5589 τοῦ
2457 5505 2835 5577 βαπτίσματος
2865 5507 2961 5578 τὴν
2994 5508 3203 5580 δωρεὰν
3226 5512 3537 5581 ἐχαρίσατο,
3570 5516 3618 5567 εί
3646 5516 3758 5568 τῶν
3784 5534 3919 5589 προ-

2240 5587 2509 5643 λαϐόντων
2531 5592 2940 5663 ἁμαρτημάτων
2972 5594 3071 5665 τὴν
3094 5596 3287 5663 ἄφεσιν
3317 5598 3649 5669 ἐδωρήσατεη
3680 5603 3726 5654 εί
3757 5587 3919 5673 μετα·

2240 5674 2389 5740 νοίας
2417 5678 2533 5733 ὁδὸν
2568 5680 2699 5749 ήμῖν
2725 5679 2938 5751 ἔτεμεν,
2971 5683 3021 5734 εί
3064 5682 3232 5754 μυρία
3277 5684 3438 5757 ἔτερα
3480 5687 3616 5758 πρὸς
3655 5690 3757 5762 τὴν
3805 5708 3915 5746 σω-
