4058 6384
175 353 289 410 317

255 469 479 524 Abralue
501 469 727 522 virtutem
764 462 1012 534 paulatim
1038 470 1228 514 exercet
1251 456 1408 511 Deus.
1442 455 1641 521 Quanta
1686 462 1776 526 pa-

176 562 425 614 triarchtz
452 559 629 613 utentis
655 556 890 623 ﬁrmitas.
922 582 992 593 —
1024 550 1252 607 Attende
1275 547 1545 619 quomodo
1575 546 1782 599 miseri-

174 665 308 706 cors
358 653 496 705 Deus
542 647 795 717 paulatim
839 647 1085 700 virtutem
1126 642 1254 713 jusd
1302 641 1459 711 hujus
1507 646 1776 694 exerceat.

176 740 317 795 Nam
363 756 483 795 cum
529 739 774 808 superius
812 737 1005 791 dixerit
1049 753 1063 789 :
1109 734 1411 788 Seminituo
1437 730 1567 783 dabo
1594 739 1778 783 terram

180 842 352 887 nunc:
376 833 515 885 nunc
541 832 730 886 iterum
760 828 889 884 dicit
913 845 925 879 :
951 825 1018 880 Et
1043 824 1219 880 semini
1245 834 1330 876 tuo
1357 837 1514 892 usque
1534 822 1585 874 in
1614 835 1778 874 stetu-

181 923 292 976 lum
333 924 463 977 dabo
482 964 497 989 ,
530 932 576 975 et
606 922 794 993 faciam
820 918 951 973 illud
978 918 1121 987 quasi
1150 932 1358 969 arenam
1390 924 1553 968 terrae.
1584 912 1776 967 Hacte-

179 1030 288 1069 nus
315 1015 651 1067 sermonibus
679 1022 882 1066 tantum
916 1010 1050 1063 facta
1073 1016 1157 1063 est
1191 1007 1473 1076 promissio
1500 1047 1513 1068 ,
1545 1006 1776 1058 interce-

142 1114 145 1117 '
176 1103 367 1173 diique
410 1106 549 1157 inter
577 1118 688 1157 rem
716 1110 771 1156 et
800 1099 1205 1168 promissionem
1234 1097 1459 1151 multum
1483 1095 1738 1163 temporis
1759 1135 1774 1159 ,

180 1203 241 1247 ut
272 1196 573 1264 religiosam
602 1191 918 1263 patriarcha:
954 1201 1221 1251 mentem,
1252 1198 1308 1242 et
1337 1186 1657 1241 ineffabilem
1686 1185 1777 1239 Dei

177 1289 430 1342 virtutem
458 1287 747 1341 discamus.
790 1286 918 1339 Data
948 1284 1092 1338 enim
1122 1296 1283 1349 Opera
1311 1280 1487 1334 differt
1512 1294 1575 1333 ac
1602 1292 1780 1334 mora:

180 1390 292 1441 tur,
323 1389 380 1431 ut
408 1392 528 1431 cum
555 1378 613 1442 ii,
640 1377 833 1447 quibus
866 1374 1147 1444 promissio
1175 1371 1310 1426 facta
1336 1413 1350 1436 ,
1395 1371 1447 1424 in
1475 1381 1775 1425 extremam

180 1469 526 1537 pervenerint
570 1476 860 1531 senectam,
892 1476 943 1519 et
970 1463 1262 1518 secundum
1295 1461 1580 1515 humanam
1610 1461 1775 1514 ratio-

176 1574 327 1622 nem,
358 1568 413 1610 ut
442 1559 512 1610 ita
541 1556 738 1622 dicam,
761 1556 979 1609 omnino
1001 1552 1435 1621 desperaverim,
1469 1560 1594 1605 tunc
1623 1565 1774 1604 suam

177 1651 540 1704 inﬁrmitatem
566 1690 582 1714 ,
626 1658 681 1703 et
702 1647 1074 1703 inenarrabilis
1105 1646 1355 1716 potentia:
1401 1643 1492 1699 Dei
1528 1644 1774 1698 eminen-

176 1742 308 1794 tiam
340 1751 650 1809 agnoscant.

248 1836 303 1886 4.
340 1833 447 1887 lloc
470 1834 587 1887 loco
617 1832 907 1901 expendas,
938 1845 1142 1901 quaeso,
1175 1845 1203 1883 a
1238 1826 1494 1899 temporis
1518 1837 1663 1881 tanta
1695 1825 1775 1879 in-

183 1924 527 1994 tercapedine
552 1965 567 1990 ,
612 1939 770 1995 quam
816 1924 985 1978 solida
1024 1921 1182 1977 fuerit
1224 1921 1541 1993 patriarchae
1580 1933 1772 1985 meus,

130 2028 134 2032 ‘
173 2013 447 2081 quomodo
471 2015 717 2069 humanis
744 2014 994 2068 omnibus
1024 2013 1345 2085 praeteritis,
1369 2010 1436 2065 ad
1479 2009 1772 2080 potentiam

172 2105 294 2171 ejus
320 2104 406 2173 qui
435 2104 702 2172 pollicitus
729 2114 844 2159 erat
868 2144 883 2170 ,
938 2106 1230 2173 reSpiciens
1254 2143 1270 2170 ,
1311 2118 1415 2157 non
1450 2101 1733 2172 impatiens
1752 2140 1768 2166 ,

173 2208 285 2248 non
314 2193 556 2247 turbatus
583 2193 763 2249 fuerit.
790 2194 947 2250 Scitis
971 2197 1113 2250 enim
1135 2194 1407 2265 quomodo
1432 2194 1768 2264 plerumque,

170 2284 388 2352 quando
416 2285 536 2354 quis
562 2285 728 2339 semel
755 2295 913 2355 atque
956 2270 1149 2341 iterum
1192 2284 1508 2355 pollicetur,
1554 2293 1608 2337 et
1651 2298 1772 2352 pro-

170 2373 335 2427 missa
360 2374 584 2444 implere
614 2373 807 2440 tardat,
835 2374 1108 2445 segniores
1136 2389 1321 2429 sumus
1347 2373 1415 2427 ad
1440 2372 1768 2428 credendum

169 2464 237 2518 iis
264 2480 383 2534 quae
412 2467 602 2519 iterum
634 2467 899 2537 promittit
931 2484 944 2520 :
977 2467 1029 2521 id
1059 2467 1199 2536 quod
1228 2467 1282 2522 in
1313 2466 1533 2520 homine
1559 2480 1667 2520 non
1690 2465 1771 2519 in-

161 2553 310 2624 juria
349 2556 527 2610 locum
568 2555 727 2611 habet
763 2575 776 2612 :
822 2558 878 2611 in
902 2557 1012 2613 Deo
1041 2567 1219 2613 autem
1242 2601 1257 2623 ,
1298 2557 1389 2630 qui
1430 2573 1517 2613 res
1556 2568 1767 2613 nostras

168 2645 408 2697 maxima
438 2646 713 2715 dispensat
753 2647 1012 2716 sapientia
1033 2687 1049 2712 ,
1076 2646 1121 2701 si
1160 2663 1263 2717 qua
1306 2648 1474 2703 semel
1506 2649 1767 2718 promissa

168 2731 407 2799 fuerint,
462 2736 675 2791 etiamsi
728 2737 1008 2799 innumera
1062 2737 1396 2792 intercedant
1448 2738 1716 2793 obstacula
1746 2783 1763 2806 ,

165 2824 547 2881 confidendum
581 2838 662 2881 est
692 2827 756 2881 ad
803 2826 1222 2897 magnitudinem
1251 2828 1502 2896 potentiae
1532 2829 1648 2897 ejus
1674 2843 1763 2882 re-

163 2920 536 2988 spicientibus,
566 2919 1039 2989 confirmandaque
1067 2929 1149 2973 est
1179 2919 1316 2973 ratio
1335 2960 1351 2985 ,
1377 2928 1432 2972 et
1458 2918 1760 2984 sciendum,

162 3011 346 3062 omnia
384 3025 505 3078 qua;
529 3010 597 3063 ab
622 3011 711 3064 illo
732 3022 857 3064 sunt
883 3011 1024 3064 dicta
1056 3010 1271 3064 evenire
1301 3009 1474 3064 modis
1512 3009 1763 3063 omnibus

163 3115 392 3153 necesse
418 3115 557 3155 esse.
588 3100 728 3154 Nihil
754 3102 896 3154 enim
924 3113 1006 3155 est
1033 3100 1173 3170 quod
1204 3100 1400 3153 morari
1442 3108 1602 3170 queat
1643 3100 1762 3168 ejus

164 3193 575 3260 promissiones,
598 3195 847 3263 quoniam
878 3195 1016 3247 Deus
1047 3204 1149 3257 est,
1178 3194 1262 3247 cui
1285 3193 1461 3246 omnia
1490 3203 1613 3246 sunt
1639 3208 1764 3260 pos-

159 3283 340 3337 sibilia
372 3301 386 3337 :
416 3294 470 3338 et
496 3284 695 3339 idcirco
721 3298 1055 3354 quocumque
1086 3284 1217 3349 vult,
1250 3299 1337 3338 res
1376 3281 1628 3337 transfert
1650 3322 1665 3348 ,
1706 3295 1761 3339 et

161 3375 253 3429 ubi
282 3390 391 3429 non
422 3386 545 3430 sunt
566 3378 686 3439 vim,
721 3376 961 3430 invenire
987 3376 1086 3430 scit
1117 3375 1228 3429 vias
1248 3417 1262 3441 ,
1292 3392 1353 3429 ac
1379 3389 1477 3428 nos
1501 3375 1757 3445 despera-

160 3476 247 3521 tos
275 3467 328 3521 in
359 3468 553 3523 bonam
579 3483 729 3537 spem
760 3468 993 3535 adducit,
1020 3483 1127 3538 quo
1155 3468 1472 3523 eXcellentia
1498 3468 1757 3537 potentis—

159 3560 313 3614 sima:
364 3575 477 3615 sua:
530 3562 806 3630 sapientiae
856 3559 1009 3616 nobis
1059 3559 1395 3614 manifestior
1456 3560 1564 3614 ﬁat.
1623 3561 1760 3616 Dicit

158 3651 303 3705 enim
335 3667 349 3704 :
385 3652 471 3706 Π.
496 3651 682 3722 Surge,
706 3661 753 3706 et
782 3651 1075 3721 perambula
1102 3662 1288 3705 terram
1311 3652 1361 3704 in
1390 3651 1758 3723 longitudinem

158 3744 269 3812 ejus
296 3752 344 3795 et
372 3744 708 3809 latitudinem,
740 3745 859 3813 quia
890 3743 977 3797 tibi
1008 3744 1138 3798 dabo
1164 3760 1297 3797 eam.
1330 3742 1465 3799 Vide
1487 3745 1755 3815 quomodo

160 3834 212 3886 iu
242 3834 406 3887 rebus
434 3834 683 3889 omnibus
709 3835 929 3888 multam
975 3835 1315 3888 securitatem
1354 3834 1501 3903 justo
1530 3835 1642 3887 viro
1673 3836 1750 3889 in-

157 3941 349 3995 gerere
370 3926 581 3995 satagit.
620 3927 755 3981 Dicit
784 3927 931 3981 enim
968 3944 981 3981 :
1013 3926 1204 3996 Surge,
1238 3936 1291 3980 et
1316 3926 1558 3990 circumi,
1588 3940 1638 3982 et
1663 3927 1755 3981 ad-

158 4014 309 4070 disce
333 4026 439 4070 tam
467 4016 799 4072 latitudinem
824 4058 839 4081 ,
887 4034 1044 4088 quam
1084 4018 1499 4088 longitudinem,
1533 4029 1592 4074 ut
1616 4020 1757 4075 seire

162 4106 336 4173 possis
363 4115 419 4159 et
446 4107 861 4175 magnitudinem
896 4116 1052 4161 terrae
1072 4124 1173 4175 qua
1201 4108 1455 4161 lruiturus
1474 4123 1553 4174 es,
1581 4118 1634 4163 et
1660 4125 1755 4162 an-

165 4206 377 4265 tequam
407 4196 597 4251 fruaris
619 4240 632 4261 ,
665 4212 761 4265 δρα
788 4207 1001 4266 pastus,
1034 4214 1281 4267 magnam
1313 4199 1437 4254 inde
1461 4190 1623 4253 animi
1658 4217 1753 4253 vo-

159 4286 416 4354 luptatem
440 4286 671 4341 haurias.
686 4286 818 4341 Nam
841 4300 1327 4360 quantumcumque
1346 4300 1502 4345 terrae
1518 4291 1750 4344 circum-

159 4377 322 4443 ieris,
368 4378 463 4431 tibi
492 4378 665 4447 dabo,
717 4388 774 4433 ut
801 4381 940 4435 scias
967 4388 1019 4435 te
1058 4396 1162 4435 non
1200 4392 1405 4436 tantum
1447 4383 1750 4449 dimisisse,

156 4479 415 4538 quantum
444 4480 760 4539 accepturus
804 4487 884 4527 es.
923 4471 1001 4527 Ne
1034 4474 1191 4542 igitur
1218 4483 1371 4543 putes
1411 4483 1462 4529 te
1490 4477 1749 4530 minorem

160 4571 359 4613 terram
387 4563 634 4615 sortitum
663 4576 805 4629 esse,
833 4564 1083 4633 quoniam
1111 4565 1201 4619 ille
1226 4566 1470 4634 arripuit,
1499 4582 1616 4636 qua:
1646 4567 1751 4636 pri-

159 4665 243 4702 ma
267 4648 367 4702 sibi
398 4650 512 4702 visa
541 4661 623 4704 est
652 4660 706 4705 et
731 4653 923 4721 potior.
953 4653 1099 4708 Scies
1131 4655 1272 4709 enim
1306 4671 1411 4709 non
1440 4656 1606 4711 multo
1635 4667 1754 4725 post

158 4756 224 4794 es
254 4741 413 4795 rebus
443 4741 591 4812 ipsis,
623 4758 783 4811 quam
812 4744 1236 4814 nihil'ptofuerit
1263 4746 1311 4801 ei
1342 4748 1564 4815 potioris
1591 4757 1750 4803 terra:

158 4832 385 4897 electio;
415 4844 469 4888 et
530 4835 642 4903 ipse
682 4835 892 4902 discet,
924 4847 1193 4906 quantum
1214 4838 1413 4892 malum
1442 4848 1525 4894 est
1552 4840 1749 4909 primas

156 4937 345 4977 amare
365 4939 447 4993 pa:
464 4936 561 4979 tes.
595 4926 673 4979 Tu
694 4938 872 4982 autem
895 4945 1036 4983 nunc
1060 4932 1242 4999 accipe
1269 4932 1542 4986 modestia:
1564 4941 1619 4986 et
1644 4934 1752 4988 cleo

158 5014 395 5079 mentiar,
425 5032 583 5084 quam
612 5032 736 5087 erga
768 5019 946 5074 fratris
972 5020 1140 5075 ﬁlium
1176 5021 1455 5076 declarain
1482 5062 1497 5088 ,
1544 5038 1751 5079 merce-

158 5103 321 5167 dem;
356 5109 614 5172 promissa
656 5122 809 5181 sume
833 5151 848 5177 ,
876 5120 931 5164 et
962 5110 1074 5181 jam
1113 5126 1376 5181 cognosce
1408 5124 1604 5167 terram
1629 5129 1749 5169 om-

160 5211 283 5249 nem
308 5196 460 5265 cujus
482 5198 729 5255 dominus
757 5216 836 5269 es,
863 5212 919 5257 et
946 5218 1108 5273 quam
1135 5220 1241 5259 non
1272 5204 1439 5258 multo
1467 5215 1586 5274 post
1614 5216 1667 5260 et
1693 5217 1749 5261 tu

161 5286 294 5350 ipse,
326 5294 380 5339 et
408 5300 593 5342 semen
622 5298 768 5344 tuum
795 5292 845 5346 in
883 5302 1146 5348 aeternum
1175 5294 1537 5363 possidebitis.
1570 5295 1638 5350 Et
1666 5314 1749 5351 se-

162 5376 283 5427 mini
305 5387 413 5443 tuo,
441 5378 630 5448 inquit,
664 5396 821 5451 usque
841 5384 893 5437 in
916 5386 1177 5438 secutum.
1204 5384 1391 5455 Magna
1416 5386 1610 5441 divina:
1636 5402 1752 5457 pro-

161 5466 430 5521 missionis
458 5470 791 5539 magnitudo,
822 5488 1011 5543 magna
1044 5477 1214 5529 nostri
1243 5477 1483 5530 omnium
1516 5476 1746 5541 Domini,

160 5568 317 5629 atque
345 5560 601 5613 inuneusa
630 5563 936 5631 liberalitas,
969 5580 1159 5635 magna
1189 5566 1455 5622 mercedis
1486 5577 1748 5637 praestan-

162 5646 254 5710 tia,
279 5642 442 5717 quam
471 5648 563 5702 dat
590 5652 893 5707 misericors
921 5664 975 5708 et
1003 5654 1450 5710 clementissimus
1492 5655 1750 5714 Dominus

158 5736 314 5793 beato
340 5740 436 5807 illi,
460 5752 513 5796 et
538 5757 602 5796 ex
632 5744 724 5799 illo
749 5749 1021 5803 nascituro
1050 5748 1264 5804 semini.
1310 5746 1379 5803 Ut
1406 5748 1519 5803 haec
1544 5748 1750 5805 audivit

1282 342 1345 399 IN
1383 341 1533 399 CAP.
1570 340 1707 395 Xlll.
1748 338 1994 396 GENES.
2041 337 2269 396 liOMlL.
2314 336 2553 397 XXXIV.

3384 341 3489 396 3l8

1888 452 2225 520 patriarcha,
2255 451 2324 506 de
2350 452 2600 509 ineffabili
2640 453 2880 509 bonitate
2928 454 3021 510 Dei
3062 454 3485 523 obstupefactus,

1890 542 1975 596 18.
2010 541 2165 596 Motis
2187 543 2544 607 tabernaculis,
2589 544 2778 613 inquit,
2807 547 2960 610 venit,
2987 554 3033 599 et
3064 545 3308 599 habitavit
3328 545 3489 613 juxta

1883 651 2121 705 quercum
2149 635 2379 691 Mambre
2402 676 2417 700 ,
2456 652 2570 707 quia
2591 647 2664 691 est
2685 638 2737 690 in
2764 637 3017 695 Chebron.
3049 638 3339 709 Postquam
3358 679 3375 701 ,
3406 639 3489 692 in-

1883 728 2019 796 quit,
2067 728 2274 799 accepit
2305 728 2737 797 promissionem,
2761 738 2816 785 et
2839 732 3106 800 separavit
3128 745 3187 786 se
3214 730 3333 795 Lot,
3362 739 3489 784 tunc

1889 819 2161 873 transtulit
2209 819 2611 874 tabernaculum
2633 834 2787 875 suum
2810 820 2877 874 ad
2917 836 3176 890 quercum
3222 822 3483 878 Mamhrc.

1895 906 2024 963 Vide
2049 908 2474 980 philosophicam
2509 921 2767 977 mentem,
2802 912 2924 967 vide
2938 912 3159 983 spiritus
3180 914 3483 969 sublimita-

1885 1008 2012 1063 tem,
2045 1000 2317 1069 quomodo
2342 1000 2495 1057 facile
2523 1002 2647 1057 inde
2675 1003 2889 1072 migrat,
2916 1019 3016 1059 nec
3043 1017 3297 1075 gravatur
3316 1006 3385 1061 de
3412 1007 3487 1061 lo-

1881 1091 1960 1145 cis
1990 1091 2043 1145 in
2089 1090 2206 1145 loca
2251 1092 2499 1148 transire.
2541 1093 2789 1148 Invenies
2821 1095 2967 1149 enim
3008 1111 3132 1149 eum
3172 1097 3317 1151 nulla
3353 1111 3487 1153 con-

1882 1179 2167 1236 suetudine
2212 1191 2547 1252 prazventum
2572 1192 2627 1239 et
2649 1183 2973 1254 alligatum:
3017 1185 3070 1240 id
3111 1186 3255 1258 quod
3297 1188 3486 1245 multis

1881 1271 2081 1335 evenit,
2113 1272 2276 1329 etiam
2306 1272 2371 1327 iis
2397 1273 2485 1343 qui
2517 1288 2577 1329 se
2598 1274 2968 1345 philosophos,
3000 1285 3103 1332 ete
3129 1277 3323 1334 mediis
3345 1280 3484 1336 libe-

1881 1372 2026 1415 ratos
2048 1364 2360 1417 tumultibus
2378 1364 2581 1434 jactaut
2608 1382 2623 1420 :
2664 1374 2721 1420 et
2743 1367 2788 1420 si
2818 1367 3034 1436 quando
3049 1370 3275 1439 tempus
3302 1381 3481 1439 vocet,

1880 1453 2172 1521 Spiritualis
2197 1470 2340 1525 saepe
2360 1457 2557 1527 negotii
2579 1458 2770 1528 gratia,
2806 1470 2863 1513 ut
2884 1460 2937 1513 in
2958 1460 3124 1514 alium
3151 1461 3329 1517 locum
3352 1478 3485 1519 cou-

1879 1543 2073 1598 cedant
2099 1587 2112 1609 ,
2144 1562 2516 1616 smpenumero
2547 1550 2747 1603 morosi
2776 1560 2921 1615 sunt,
2961 1552 3173 1619 tristes,
3199 1563 3253 1607 et
3281 1555 3484 1625 migra~

1881 1638 2081 1691 tionem
2120 1654 2261 1708 aegre
2305 1638 2571 1707 ferentes,
2618 1657 2683 1695 eo
2724 1642 2866 1712 quod
2909 1644 3301 1700 consuetudine
3342 1661 3485 1716 prie-

1877 1729 2123 1797 occupati
2153 1730 2284 1784 sint.
2332 1730 2527 1786 Verum
2562 1747 2669 1787 non
2710 1733 2779 1787 ita
2823 1733 2999 1801 justus
3024 1774 3040 1799 ,
3083 1735 3181 1789 sed
3217 1735 3329 1805 jam
3368 1746 3480 1792 tmn

1880 1816 2259 1889 philosophum
2299 1821 2489 1890 agebat
2519 1839 2531 1875 :
2562 1832 2617 1877 et
2652 1822 2803 1892 quasi
2832 1824 3144 1894 peregrinus
3163 1835 3217 1879 et
3244 1825 3437 1896 hospes
3460 1868 3478 1892 ,

1879 1909 1949 1964 ita
1977 1926 2118 1965 nunc
2146 1911 2270 1967 hinc
2300 1913 2447 1980 illuc,
2477 1930 2619 1970 nunc
2643 1915 2788 1970 illinc
2818 1916 2921 1970 huc
2952 1918 3359 1988 transmigth
3379 1959 3398 1985 ,
3423 1930 3483 1975 et

1880 2016 1975 2069 per
2004 2004 2186 2058 omnia
2224 2005 2533 2073 religiosam
2572 2021 2725 2061 suam
2772 2018 3005 2062 tuentem
3046 2010 3300 2078 operibus
3352 2011 3482 2080 ipsis

1877 2090 2154 2149 declarare
2179 2094 2447 2149 studebat.
2466 2094 2599 2149 Nam
2622 2106 2905 2167 postquam
2931 2099 3335 2154 tabernaculum
3364 2103 3483 2157 tixit

1876 2184 2016 2251 apud
2061 2200 2321 2254 quercum
2360 2186 2629 2254 Mambre,
2675 2190 2855 2243 statim
2887 2190 2956 2244 ibi
3007 2193 3270 2246 exstruxit
3310 2193 3481 2249 altare

1879 2272 2124 2329 Domino.
2150 2275 2341 2331 Vidisti
2372 2288 2607 2332 mentem
2628 2282 2875 2349 gratam?
2900 2281 3031 2348 Quia
3062 2298 3185 2337 mox
3221 2294 3277 2337 ut
3303 2286 3482 2339 taber-

1876 2363 2126 2418 naculum
2157 2365 2291 2431 fixit,
2329 2368 2508 2421 statim
2544 2383 2637 2436 pro
2666 2367 2804 2423 facta
2840 2370 2941 2424 sibi
2973 2374 3326 2441 promissione
3352 2392 3479 2445 gra-

1878 2455 2070 2511 tiarum
2101 2459 2345 2514 actiones
2366 2460 2563 2516 obtulit
2594 2460 2844 2516 Domino.
2889 2464 2954 2517 Et
2996 2464 3048 2518 iu
3093 2466 3315 2536 singulis
3345 2468 3476 2524 locis

1875 2546 1962 2600 ubi
1993 2547 2399 2604 tabernaculum
2428 2551 2566 2615 fixit,
2600 2552 2841 2607 invenies
2875 2555 2976 2609 hoc
3010 2571 3117 2625 μτιυ
3146 2556 3396 2611 oiuuihus
3426 2560 3475 2614 ei

1874 2640 2038 2695 fuisse
2064 2655 2207 2696 cura:
2233 2682 2247 2706 ,
2298 2653 2355 2697 ut
2387 2654 2663 2698 exstructo
2701 2646 2857 2700 altari
2901 2662 3087 2715 preces
3126 2650 3346 2705 oll'errct
3370 2694 3383 2715 ,
3421 2663 3477 2708 et

1865 2733 2114 2803 Apostoli
2149 2742 2478 2802 prmceptum
2524 2734 2801 2803 impleret,
2847 2737 3084 2806 jubentis
3130 2750 3183 2793 ut
3233 2742 3284 2795 in
3327 2746 3473 2798 omni

1871 2821 1989 2875 loco
2013 2833 2217 2887 oretur,
2240 2834 2293 2878 et
2323 2825 2602 2881 eleventur
2622 2839 2819 2883 sanctm
2846 2845 3037 2885 manus
3056 2834 3128 2901 (Ι.
3152 2832 3286 2887 Tim.
3313 2835 3365 2888 ‘2.
3389 2837 3471 2907 8).

1870 2909 2057 2967 Vidisti
2079 2914 2312 2969 animam
2344 2917 2525 2971 divino
2552 2933 2735 2974 amore
2762 2935 3101 2991 succensent,
3131 2934 3183 2979 et
3206 2925 3273 2981 ad
3304 2927 3468 2981 Deum

1867 3003 2176 3070 Volantem,
2229 3023 2431 3077 proque
2468 3012 2719 3066 omnibus
2764 3014 2964 3083 gratias
3008 3020 3303 3086 agentem?
3351 3020 3468 3076 Non

1866 3096 2012 3151 enim
2031 3101 2363 3167 exspectavit
2407 3100 2580 3156 donec
2621 3104 2880 3172 promissa
2908 3109 3340 3177 eomplerentur;
3373 3116 3467 3167 sed

1865 3198 1919 3241 et
1944 3187 2011 3241 de
2036 3191 2392 3258 promissione
2425 3194 2624 3263 gratias
2651 3195 2790 3265 agit,
2827 3196 3067 3269 nihilque
3101 3216 3205 3256 non
3237 3202 3383 3273 facit,
3414 3214 3470 3260 ut

1865 3279 1931 3332 de
1957 3280 2171 3349 prmviis
2209 3281 2398 3351 dignas
2436 3284 2634 3354 gratias
2680 3301 2791 3354 pra:
2828 3302 2889 3343 se
2937 3292 3144 3357 ferens,
3181 3293 3465 3349 Dominum

1865 3384 2021 3424 suum
2047 3382 2302 3441 provocet
2328 3374 2392 3427 ad
2422 3375 2807 3443 promissiones
2829 3394 2954 3434 suas
2980 3381 3299 3451 implendas.

1935 3463 1989 3517 5.
2025 3462 2240 3518 Moralis
2261 3464 2541 3519 exhortatio
2566 3468 2635 3520 ad
2664 3472 2998 3529 constantiam
3027 3474 3080 3527 in
3107 3476 3461 3543 ﬁde—Illum

1864 3570 1994 3610 sane
2022 3565 2076 3611 et
2097 3571 2194 3611 nos
2220 3557 2512 3625 imitemur,
2544 3570 2599 3613 et
2622 3563 3065 3630 promissionibus
3103 3566 3297 3623 divinis
3333 3570 3456 3623 fida.

1865 3662 2014 3713 mus;
2046 3663 2217 3718 neque
2242 3648 2490 3704 alacritas
2512 3660 2754 3722 tempore
2775 3654 3096 3723 obsolescat,
3121 3674 3294 3729 neque
3313 3678 3463 3716 meus

1864 3740 2140 3793 remissior
2167 3739 2260 3794 ﬁat
2283 3755 2349 3796 ex
2390 3741 2634 3798 obicibus
2662 3746 2751 3814 qui
2782 3746 3146 3803 interveniunt
3172 3766 3185 3802 :
3217 3752 3311 3805 sed
3355 3755 3458 3808 vir-

1864 3831 1961 3883 tuti
1991 3829 2186 3887 divinre
2208 3830 2454 3900 fidentes,
2483 3836 2633 3903 quasi
2656 3838 2768 3905 jam
2798 3846 2922 3891 ante
2948 3840 3133 3895 oculos
3159 3841 3465 3900 videremus

1864 3924 2249 3992 promissiones
2297 3926 2523 3995 impleri,
2578 3928 2649 3982 ita
2699 3944 2883 3997 puram
2928 3940 2982 3985 et
3009 3932 3275 3989 sinceram
3304 3937 3461 3992 fidem

1863 4015 2230 4072 exhibeamus.
2259 4018 2445 4089 Magna
2474 4022 2617 4076 enim
2648 4031 2702 4076 et
2742 4024 3003 4079 immensa
3034 4029 3277 4096 promisit
3307 4031 3461 4086 nobis

1865 4107 2163 4174 Dominus,
2206 4120 2260 4166 et
2303 4128 2425 4181 quae
2472 4124 2707 4169 nostrain
2751 4118 3137 4172 transcendunt
3174 4121 3457 4187 rationem,

1864 4216 2055 4270 nempe
2085 4218 2183 4257 nos
2214 4205 2500 4275 participes
2527 4206 2677 4277 regni
2706 4206 2817 4263 fore
2837 4250 2851 4275 ,
2900 4217 2955 4263 et
2983 4209 3329 4267 ineﬂabilium
3366 4214 3459 4268 bo-

1863 4309 2049 4348 norum
2073 4308 2370 4359 consortes,
2400 4314 2520 4352 cum
2552 4300 2756 4369 angelis
2783 4311 3108 4365 versaturos,
3137 4313 3193 4359 et
3226 4305 3455 4361 liberau-

1860 4384 1957 4440 dos
1980 4401 2009 4439 a
2032 4389 2295 4456 gehenna.
2347 4388 2611 4444 Caeterum
2640 4406 2813 4461 neque
2836 4391 3142 4447 diffidamus
3167 4394 3289 4449 ideo
3315 4400 3457 4466 quod

1859 4490 1922 4529 ea
1955 4492 2061 4531 non
2082 4477 2329 4533 videntur
2364 4480 2733 4549 corporalibus
2774 4482 2978 4548 oculis;
3028 4484 3123 4540 sed
3162 4488 3459 4557 cogitantes

1861 4568 2077 4622 mentiri
2108 4584 2214 4623 non
2243 4584 2399 4638 posse
2425 4586 2546 4625 eum
2576 4572 2666 4641 qui
2699 4574 2961 4642 promisit,
2987 4584 3042 4628 et
3068 4575 3233 4645 ipsius
3268 4589 3468 4647 poten-

1860 4660 1946 4712 tia:
1992 4660 2411 4728 magnitudinem
2461 4664 2897 4728 considerantes,
2949 4664 3063 4722 haec
3118 4668 3289 4723 oculis
3332 4671 3456 4727 fidei

1859 4758 2233 4816 contueantur,
2264 4761 2319 4806 et
2346 4766 2412 4807 ex
2443 4753 2507 4807 iis
2534 4768 2653 4823 qua:
2669 4753 2778 4822 jam
2806 4769 3060 4811 concessa
3093 4768 3255 4823 sunt,
3293 4764 3456 4817 etiam

1858 4838 1926 4891 de
1957 4838 2148 4893 futuris
2177 4841 2370 4895 bonam
2395 4857 2543 4911 spem
2575 4842 2867 4899 habeamus
2898 4863 2912 4900 :
2942 4861 3007 4901 ea
3034 4850 3177 4903 enim
3208 4850 3275 4905 de
3295 4868 3455 4907 causa

1858 4937 1913 4982 et
1936 4928 2020 4982 hic
2038 4932 2201 4983 multa
2234 4931 2389 4985 nobis
2415 4933 2608 4988 donata
2635 4944 2760 4988 sunt
2781 4978 2796 5001 ,
2835 4946 2890 4989 ut
2919 4952 2985 4991 ex
3015 4939 3077 4992 iis
3103 4940 3421 5010 adjuvemur
3442 4987 3455 5011 ,

1860 5034 2129 5091 manuque
2158 5021 2510 5091 ducamur,ut
2530 5025 2597 5079 de
2626 5025 2730 5079 illis
2754 5042 2967 5099 quoque
2988 5028 3124 5085 bene
3152 5048 3455 5102 speremus.

1860 5110 1990 5166 Nam
2027 5118 2116 5183 qui
2150 5115 2339 5170 Filium
2370 5131 2523 5171 suum
2559 5118 2773 5172 tradidit
2807 5130 3025 5189 propter
3067 5138 3220 5179 suam
3267 5126 3321 5183 in
3360 5145 3456 5186 nos

1861 5205 2158 5272 caritatem,
2184 5209 2451 5278 quomodo
2481 5225 2589 5263 non
2617 5210 2796 5264 omnia
2823 5212 2977 5267 nobis
3001 5216 3202 5285 reliqua
3237 5217 3453 5288 largita-

1860 5310 1952 5350 rus
1982 5298 2102 5352 est?
2141 5299 2287 5354 Sicut
2334 5308 2390 5355 et
2432 5300 2627 5356 Paulus
2656 5301 2826 5371 inquit
2869 5318 2883 5355 :
2934 5303 3035 5368 Qui
3078 5309 3286 5376 proprio
3319 5309 3456 5365 Filio

1857 5402 1951 5440 suo
1972 5405 2072 5442 non
2104 5391 2323 5459 pepercit
2349 5433 2363 5456 ,
2388 5390 2476 5444 sed
2499 5409 2592 5462 pro
2622 5394 2763 5449 nobis
2790 5396 3016 5451 omnibus
3042 5399 3254 5453 tradidit
3283 5401 3452 5465 illum,

1858 5482 2108 5544 quomodo
2136 5497 2238 5533 non
2262 5492 2308 5534 et
2333 5483 2504 5535 omnia
2530 5486 2672 5538 nobis
2697 5502 2812 5540 cum
2837 5487 2927 5543 illo
2953 5490 3159 5544 donabit
3189 5492 3366 5563 (Rom.
3396 5494 3453 5549 8.

1860 5566 1993 5637 '52)?
2020 5568 2075 5624 Si
2106 5570 2297 5625 Filium
2322 5588 2475 5627 suum
2503 5575 2722 5631 tradidit
2749 5594 2844 5647 pro
2876 5580 3029 5635 nobis
3060 5584 3451 5651 peccatoribus,

1860 5659 1907 5714 si
1932 5659 2266 5729 baptismatis
2288 5662 2484 5719 donum
2510 5666 2728 5736 largitus
2763 5678 2865 5735 est,
2893 5670 2936 5725 si
2980 5673 3215 5740 priorum
3261 5688 3451 5743 pecca-

1864 5764 2039 5808 torum
2068 5754 2435 5809 remissionem
2457 5756 2658 5825 tributt,
2685 5758 2729 5813 si
2761 5761 3091 5829 pomitcutite
3132 5765 3269 5819 viam
3298 5764 3452 5819 nobis
