4058 6384
610 333 714 391 319

607 443 834 516 aperuit,
860 441 902 495 si
923 441 1198 494 innumera
1217 436 1319 489 alia
1348 431 1411 487 ad
1435 431 1656 486 salutem
1679 437 1912 483 nostram
1942 432 2186 494 operatus

610 513 712 600 est,
741 530 1076 587 manifesunn
1101 535 1182 581 cst
1206 540 1327 599 eum
1353 532 1405 578 et
1437 521 1608 574 futura
1637 518 1771 572 bona
1791 517 1945 571 nobis
1962 513 2187 583 reposita

613 623 975 692 pra'ltiturttm.
1011 615 1140 670 Nam
1167 614 1255 683 qui
1283 620 1498 680 propter
1518 623 1666 663 suam
1699 606 2007 672 bonitatem,
2039 609 2188 655 ante-

614 690 772 784 quam
818 725 938 766 esse
981 708 1356 774 inciperemus,
1401 700 1515 756 hac
1546 697 1881 768 praeparavit,
1928 690 2191 764 quomodo

610 783 717 858 non
767 812 820 856 et
865 800 962 853 frui
993 793 1289 852 concedet?
1319 791 1470 858 Quod
1511 798 1687 842 autem
1736 787 1885 857 prius
1913 784 2027 838 haec
2055 783 2189 837 bona

613 893 766 946 nobis
796 887 1176 959 prmparaverit
1201 926 1214 949 ,
1249 881 1370 936 audi
1397 879 1520 950 quid
1548 877 1690 933 dicat
1715 874 1975 929 stantibus
2003 882 2031 926 a
2060 871 2191 925 dex-

612 986 707 1039 tris
739 1001 752 1037 :
781 982 976 1048 Venite,
998 976 1239 1032 benedicti
1291 972 1462 1026 Patris
1499 969 1594 1024 mei
1619 1010 1634 1034 ,
1679 967 1952 1021 hereditate
1985 961 2195 1032 accipite

611 1089 823 1146 regnum
845 1080 1076 1142 paratum
1095 1067 1229 1121 vobis
1240 1072 1356 1118 ante
1372 1061 1773 1116 constitutionem
1792 1055 1968 1110 mundi
1980 1051 2190 1124 (Matth.

611 1166 697 1220 25.
730 1165 848 1232 5i).
896 1159 1082 1214 Vidisti
1138 1156 1388 1212 bonitatis
1431 1150 2039 1219 excellentiam,quanta
2065 1156 2192 1213 erga

611 1264 852 1309 nostrum
881 1264 1048 1322 genus
1078 1247 1400 1317 beuiguitate
1427 1257 1550 1297 usus
1578 1240 1668 1303 sit,
1696 1248 1754 1292 ut
1798 1243 1854 1293 et
1894 1246 2018 1291 ante
2051 1233 2194 1303 jacta

615 1343 954 1400 fundamenta
995 1337 1180 1395 mundi
1227 1336 1377 1391 nobis
1421 1332 1569 1402 regni
1611 1330 1859 1386 cartorum
1891 1325 2194 1381 fruitionem

614 1447 916 1505 praeparare
948 1431 1191 1500 dignatus
1219 1425 1326 1482 sit?
1356 1425 1512 1496 Igitur
1539 1436 1605 1476 ne
1647 1421 1814 1475 simus
1846 1417 2070 1487 ingrati,
2101 1414 2198 1468 ob-

618 1539 796 1588 secro,
813 1518 1244 1591 nequeindignos
1266 1515 1455 1570 talibus
1472 1527 1568 1568 nos
1597 1510 1751 1565 donis
1777 1508 2194 1564 constituamus:

615 1613 709 1670 sed
729 1613 1030 1683 diligamus,
1060 1619 1120 1664 ut
1142 1607 1317 1673 decet,
1348 1605 1626 1660 Dominum
1657 1610 1927 1664 nostrum,
1961 1596 2198 1667 nihilque

615 1705 871 1760 faciamus
895 1700 1033 1771 quod
1059 1701 1176 1770 ejus
1201 1712 1324 1768 erga
1349 1711 1445 1750 nos
1466 1692 1890 1750 benevolentiam
1921 1687 2197 1759 impediat.

619 1795 757 1852 Num
786 1793 927 1849 enim
958 1806 1052 1846 nos
1084 1790 1289 1861 priores
1321 1802 1431 1842 rem
1460 1785 1600 1840 illam
1628 1781 1928 1852 carpimus?
1956 1779 2068 1834 lino
2089 1779 2201 1849 ipse

620 1889 767 1960 prior
810 1899 1052 1956 magnam
1083 1893 1136 1938 et
1182 1877 1587 1936 inenarrabilem
1616 1875 1888 1931 caritatem
1935 1886 2060 1941 erga
2103 1881 2202 1924 nos

621 1978 932 2033 declaravit.
978 1973 1255 2042 Quomodo
1280 1971 1437 2040 igitur
1465 1983 1568 2022 non
1615 1965 1902 2020 absurdum
1936 1962 2110 2025 fuerit,
2155 1960 2200 2013 si

625 2085 752 2122 eum
794 2067 882 2136 qui
930 2080 1025 2119 nos
1052 2065 1126 2117 sic
1153 2061 1336 2117 dilexit
1381 2073 1485 2113 non
1531 2057 1808 2126 diligamus
1849 2053 1974 2107 totis
2002 2049 2201 2105 viribus

627 2156 865 2211 nostris?
893 2154 1009 2224 ipse
1038 2162 1254 2224 propter
1278 2166 1424 2204 suam
1451 2164 1572 2218 erga
1606 2163 1704 2202 nos
1730 2146 2003 2200 caritatem
2025 2142 2202 2196 omnia

621 2262 742 2300 cmn
771 2245 1038 2312 voluptate
1077 2241 1326 2311 susunuit
1351 2257 1363 2294 :
1402 2249 1456 2292 et
1483 2254 1548 2292 ex
1578 2237 1692 2306 ipso
1717 2246 1937 2305 paterno
1961 2235 2080 2288 sinu
2109 2246 2203 2287 ex-

622 2338 825 2400 siliens,
856 2346 910 2390 ut
942 2336 1009 2388 ita
1038 2335 1232 2398 dicant,
1280 2333 1416 2387 servi
1460 2331 1680 2385 formam
1722 2341 1992 2382 assumere
2018 2325 2199 2390 voluit,

626 2443 719 2496 per
749 2427 975 2480 humana
999 2425 1172 2478 omnia
1203 2424 1427 2477 transire
1452 2464 1465 2487 ,
1498 2431 1550 2476 et
1579 2420 1717 2476 ferre
1741 2436 1768 2472 a
1796 2417 1992 2474 ludmis
2012 2426 2201 2473 contu-

623 2521 808 2574 melias
839 2527 892 2572 et
913 2517 1217 2587 Opprobria,
1248 2515 1477 2583 denique
1512 2520 1569 2567 et
1606 2526 1838 2573 crucem,
1876 2524 1936 2563 ac
1971 2518 2200 2562 mortem

626 2609 1210 2679 ignominiosissimam,
1246 2614 1302 2659 ut
1326 2619 1422 2658 nos
1451 2604 1540 2673 qui
1582 2602 1727 2656 humi
1757 2601 2125 2665 trahebamur,
2152 2608 2207 2653 et

623 2702 842 2757 infinitis
866 2707 1202 2770 pecuum-um
1231 2696 1451 2751 sarcinis
1477 2694 1717 2764 oppressi
1746 2707 1978 2756 eramus,
2025 2699 2202 2744 nostra

622 2795 676 2848 in
703 2808 761 2848 sc
789 2792 890 2846 fide
912 2791 1108 2845 liberos
1134 2782 1350 2842 faceret.
1386 2785 1509 2840 llarc
1537 2786 1678 2838 enim
1703 2784 1876 2837 omnia
1910 2789 2088 2834 mente
2117 2794 2203 2832 re-

622 2881 861 2950 cogitans
888 2879 1071 2932 beatus
1112 2876 1305 2931 Paulus
1330 2916 1343 2939 ,
1377 2874 1609 2929 fervidus
1633 2872 1830 2927 Christi
1863 2878 2070 2925 amator
2093 2909 2108 2934 ,
2153 2879 2206 2921 et

623 2970 772 3040 quasi
788 2970 956 3023 alatus
973 2970 1276 3021 uuiversmn
1298 2967 1480 3020 orbem
1496 2962 1896 3035 peragrans,qui
1914 2962 1964 3015 in
1984 2973 2208 3030 corpore

625 3080 742 3130 qua:
761 3063 1188 3129 incorporearum
1209 3069 1512 3112 naturarum
1538 3056 1744 3125 propria
1766 3062 1890 3109 sunt
1905 3053 2077 3108 facere
2092 3060 2210 3107 stu-

624 3152 806 3214 debat,
829 3149 1090 3204 clamabat
1111 3148 1320 3202 dicens:
1339 3145 1539 3203 Caritas
1563 3147 1694 3200 enim
1715 3143 1901 3199 Christi
1916 3143 2100 3197 detinet
2118 3158 2209 3196 nos

629 3242 704 3312 (2.
732 3243 847 3294 Cor.
868 3242 919 3294 5.
946 3239 1054 3310 li).
1083 3239 1212 3293 Vide
1229 3237 1565 3308 probitatem,
1590 3235 1925 3290 videvirlutis
1939 3232 2208 3288 excellen-

629 3337 753 3387 tiam
764 3333 900 3398 ,vide
917 3334 1204 3386 ferventem
1219 3344 1476 3383 amorem.
1493 3327 1688 3382 Caritas
1702 3325 1887 3381 Christi
1900 3325 2083 3379 detinet
2095 3338 2208 3378 nos:

629 3425 844 3488 hocest,
867 3423 1154 3491 compellit,
1178 3420 1338 3490 cogit,
1360 3419 1609 3473 concitat.
1629 3417 1826 3472 Deinde
1843 3417 2023 3471 volens
2046 3416 2209 3471 inter-

636 3515 831 3585 pretari
857 3513 995 3583 quod
1021 3529 1046 3564 a
1070 3527 1129 3566 se
1153 3511 1351 3565 dictum
1383 3517 1518 3576 erat,
1543 3508 1745 3578 inquit:
1773 3505 2070 3561 Judicantes
2093 3507 2204 3570 hoc,

633 3605 868 3672 quatiam
904 3603 946 3656 si
977 3618 1106 3655 unus
1134 3616 1224 3671 pro
1253 3599 1483 3654 omnibus
1509 3608 1733 3652 mortuus
1749 3607 1818 3652 est
1838 3637 1852 3662 ,
1888 3613 2004 3668 ergo
2039 3612 2209 3650 omnes

630 3694 811 3748 mortui
837 3703 971 3747 sunt.
1008 3691 1075 3746 Et
1111 3707 1199 3761 pro
1229 3690 1454 3743 omnibus
1483 3698 1706 3742 mortuus
1736 3699 1828 3753 est,
1849 3697 1903 3740 ut
1924 3699 1969 3742 et
1999 3689 2210 3742 viventes

632 3785 838 3854 posthac
855 3801 953 3837 non
970 3782 1187 3847 sibiipsis
1209 3783 1370 3834 vivant
1388 3819 1403 3844 ,
1427 3779 1514 3832 sed
1529 3778 1605 3832 illi
1616 3780 1699 3847 qui
1716 3795 1805 3846 pro
1821 3779 1891 3832 eis
1905 3789 2127 3831 mortuus
2140 3788 2209 3830 est

633 3887 675 3930 et
717 3876 982 3930 resurrexit
1007 3873 1162 3944 (Ibid.
1188 3889 1234 3926 .
1262 3871 1369 3942 l5).
1425 3868 1894 3938 Vidistiquomodo
1915 3870 2033 3938 jure
2057 3868 2207 3933 dixit,

631 3965 828 4019 Detinet
853 3980 942 4017 nos
967 3964 1152 4016 caritas
1177 3961 1399 4017 Christi?
1426 3961 1480 4016 Si
1513 3961 1653 4015 enim
1692 3975 1786 4030 pro
1820 3959 1992 4022 nobis,
2021 3961 2208 4030 inquit,

630 4058 874 4110 omnibus
900 4063 1139 4108 mortuus
1160 4064 1260 4120 est,
1290 4062 1506 4122 prepter
1525 4053 1625 4107 hoc
1641 4063 1879 4106 mortuus
1896 4062 1998 4120 est,
2026 4060 2083 4106 ut
2113 4065 2212 4106 nos

634 4149 869 4202 viventes
898 4145 1119 4216 posthac
1145 4159 1246 4199 non
1275 4145 1426 4198 nobis
1454 4145 1581 4214 ipsis
1607 4145 1848 4198 vivamus
1868 4185 1882 4210 ,
1912 4145 2003 4199 sed
2043 4145 2091 4199 ei
2123 4143 2210 4214 qui

634 4255 730 4307 pro
758 4239 909 4293 nobis
938 4246 1176 4292 mortuus
1219 4247 1298 4291 est
1327 4245 1380 4291 et
1407 4237 1710 4290 resurrexit.
1765 4235 2098 4304 Accipiamus
2125 4235 2212 4304 igi-

640 4337 724 4381 tur
769 4328 1111 4397 apostolicam
1157 4325 1610 4391 admonitionem,
1643 4335 1696 4380 et
1744 4341 1846 4378 non
1889 4326 2041 4378 nobis
2085 4327 2209 4394 ipsis

634 4421 893 4486 vivamus,
925 4418 1016 4475 sed
1043 4419 1088 4473 ei
1118 4417 1207 4488 qui
1237 4434 1331 4487 pro
1356 4419 1507 4472 nobis
1529 4427 1766 4472 mortuus
1790 4426 1940 4470 estet
1969 4431 2207 4470 resurre-

636 4511 733 4564 xit.
758 4511 822 4564 Et
843 4509 1131 4580 quomodo,
1154 4507 1289 4563 dicet
1315 4497 1594 4578 quispiam,
1628 4507 1913 4575 poterimus
1934 4521 2037 4560 non
2060 4506 2211 4560 nobis

636 4605 764 4672 ipsis
787 4603 1001 4656 vivere?
1031 4602 1165 4656 Audi
1194 4602 1404 4656 beatum
1454 4601 1622 4653 vlrum
1669 4599 1857 4653 iterum
1897 4599 2158 4652 dicentem
2193 4617 2205 4649 :

641 4694 766 4748 Vivo
792 4704 956 4747 autem
996 4709 1092 4746 non
1129 4693 1240 4760 jam
1271 4707 1361 4761 ego
1388 4706 1406 4745 :
1444 4690 1559 4743 vivit
1584 4698 1752 4742 autem
1780 4690 1834 4744 in
1862 4704 1939 4742 me
1980 4688 2209 4742 Christus

636 4785 832 4851 (Colat.
859 4785 911 4838 2.
945 4784 1060 4854 ).
1090 4783 1217 4837 Vide
1243 4781 1507 4852 quomodo
1534 4795 1694 4851 super
1723 4788 1916 4836 terram
1933 4782 2209 4835 ambulans

640 4886 692 4930 et
712 4890 872 4930 carne
893 4873 1266 4938 circumdatus,
1287 4873 1432 4942 quasi
1454 4874 1640 4928 caelum
1666 4873 1962 4927 inhabitans
1989 4881 2044 4927 et
2073 4873 2211 4926 inter

636 4969 974 5036 incorporeas
997 4967 1217 5020 virtutes
1252 4980 1467 5019 versans
1501 4964 1775 5022 afficiatur.
1820 4965 2047 5020 Proinde
2087 4966 2207 5019 alibi

635 5060 826 5114 iterum
861 5058 1104 5112 dicebat:
1142 5057 1418 5122 Quiantem
1444 5055 1626 5109 Christi
1667 5067 1812 5122 sunt,
1839 5073 2037 5110 carnem
2063 5073 2208 5112 suam

639 5153 994 5220 crueixerunt
1028 5166 1139 5202 cum
1163 5147 1506 5214 a/I'ectionibns
1535 5157 1581 5200 et
1625 5149 2032 5216 concupiscentiis
2058 5147 2205 5218 (Cal.

634 5243 688 5295 5.
720 5242 833 5310 24).
869 5240 975 5295 lloc
1004 5241 1157 5309 igitur
1185 5248 1386 5292 estnon
1423 5238 1657 5308 sibiipsis
1702 5238 1896 5303 vivere,
1921 5239 2010 5293 sed
2041 5241 2089 5294 ei
2119 5240 2206 5309 qui

637 5348 732 5402 pro
779 5331 929 5385 nobis
961 5339 1200 5384 mortuus
1235 5337 1316 5382 est
1344 5337 1395 5381 et
1421 5329 1712 5383 resurrexit
1758 5345 1770 5380 :
1819 5329 2026 5398 quando
2057 5330 2205 5398 quasi

636 5421 828 5475 mortui
854 5435 1038 5476 sumus
1069 5418 1313 5489 przesenti
1343 5419 1483 5482 vitae,
1515 5427 1568 5472 et
1597 5418 1722 5472 nihil
1753 5433 1936 5473 eorum
1964 5435 2082 5489 qum
2127 5421 2205 5473 vi-

636 5514 830 5568 dentur
859 5552 872 5575 ,
926 5511 1257 5581 suspicimus.
1312 5509 1442 5563 Nam
1483 5509 1678 5564 idcirco
1727 5509 1979 5566 Dominus
2025 5521 2208 5565 noster

634 5605 917 5658 crucifixus
943 5612 1045 5665 est,
1079 5611 1134 5656 ut
1173 5601 1307 5655 hanc
1339 5602 1497 5655 vitam
1526 5615 1621 5670 pro
1647 5600 1735 5656 illa
1782 5612 2202 5666 commutemus;

638 5697 744 5747 imo
768 5711 862 5764 per
884 5693 1020 5749 hanc
1051 5693 1192 5748 illam
1225 5693 1373 5750 nobis
1413 5693 1761 5764 negotiemur.
1792 5692 2033 5751 Praesens
2060 5695 2202 5750 enim

1311 321 1366 377 S.
1410 315 1682 376 lDAlNiS
1719 305 2190 370 CllltYSOSTOMl
2232 307 2546 364 ARCHIEP.
2585 303 3124 363 CONSTANTINOP.

3775 303 3879 359 590

2301 421 2425 486 vita,
2460 420 2503 475 si
2537 419 2783 474 volumus
2810 432 2929 475 esse
2956 417 3118 472 sobrii
3150 425 3203 470 et
3229 415 3412 487 vigiles
3434 456 3449 481 ,
3494 413 3639 468 ducit
3687 429 3790 468 nos
3817 415 3877 468 ad

2299 512 2601 565 fruitionem
2630 509 2750 562 vitze
2780 517 2994 562 auernre
3027 524 3041 560 :
3075 517 3236 578 atque
3261 507 3572 577 poterimus,
3672 520 3880 573 pannu-

2301 617 2397 670 per
2427 599 2751 654 voluerimus
2803 598 3012 667 :igilare
3060 605 3114 652 et
3150 597 3361 666 aperire
3400 597 3594 651 mentis
3628 596 3880 659 oculum,

2297 692 2491 760 quietis
2535 689 2675 744 illius
2723 702 2936 755 semper
2985 685 3125 756 apud
3179 700 3276 740 nos
3320 687 3668 748 meminisse;
3719 695 3773 738 et
3821 687 3885 737 ita

2300 783 2580 852 prtesentia
2610 780 2884 850 praeterire
2914 793 2975 831 ac
2994 777 3394 847 prmtervolarc,
3424 777 3488 831 ad
3513 776 3691 830 futura
3713 787 3890 830 autem

2298 881 2354 927 et
2384 886 2594 939 semper
2619 872 2862 925 durantia
2905 880 3134 923 tuentem
3170 869 3484 933 intendere;
3526 870 3668 923 sicut
3709 868 3893 924 beatus

2301 963 2391 1017 ille
2435 979 2532 1016 nos
2580 962 2806 1018 erudivit
2853 962 3072 1017 dicens:
3112 961 3261 1028 Quod
3303 970 3469 1015 autent
3512 978 3652 1016 nunc
3690 962 3800 1016 vivo
3841 963 3896 1015 in

2301 1069 2470 1116 carne,
2503 1054 2556 1106 in
2582 1052 2686 1119 de
2710 1053 2818 1107 vivo
2848 1051 2974 1106 Filii
2999 1051 3113 1116 Dei,
3147 1051 3231 1120 qui
3259 1051 3434 1106 dilexit
3463 1066 3561 1117 me,
3591 1060 3641 1106 et
3683 1052 3896 1104 tradidit

2301 1143 2620 1211 semetipsum
2646 1158 2740 1211 pro
2765 1157 2843 1194 me
2869 1139 3062 1210 (Galat.
3095 1142 3148 1196 2.
3180 1140 3298 1208 20).

2372 1230 2424 1284 6.
2471 1231 2600 1285 Vide
2648 1231 2881 1285 animam
2931 1232 3052 1300 igne
3099 1245 3433 1299 suecensam,
3482 1231 3604 1286 vide
3654 1241 3894 1287 mentem

2302 1324 2515 1390 alatam,
2543 1323 2663 1379 vide
2694 1324 2950 1378 rationem
2998 1324 3270 1378 incensam
3313 1324 3405 1378 Dei
3444 1339 3648 1380 amore.
3699 1324 3853 1390 Quod
3875 1364 3894 1390 ,

2303 1415 2490 1484 inquit,
2519 1430 2653 1467 nunc
2677 1413 2881 1481 vivo,.in
2910 1413 3012 1482 de
3037 1413 3166 1468 vivo.
3211 1413 3289 1468 Ne
3315 1415 3480 1480 enim,
3512 1415 3708 1485 inquit,
3738 1423 3899 1485 pute-

2306 1506 2372 1558 tis
2400 1519 2484 1559 me
2514 1504 2689 1560 facere
2726 1504 2924 1574 aliquid
2955 1520 3135 1560 rerum
3166 1505 3324 1574 hujus
3352 1505 3474 1559 vitae
3515 1521 3704 1561 causa.
3763 1505 3898 1560 Nam

2307 1597 2427 1651 licet
2447 1610 2606 1651 carne
2627 1595 2982 1651 circumdatus
3004 1597 3126 1661 sim,
3152 1597 3667 1668 necessitatibusque
3693 1609 3901 1654 natura

2305 1687 2549 1757 alligatus
2577 1702 2590 1738 :
2620 1687 2672 1740 in
2708 1686 2810 1741 llde
2853 1696 3028 1741 tamen
3060 1687 3200 1751 vivo,
3231 1701 3350 1754 quas
3374 1696 3459 1741 est
3497 1687 3549 1742 in
3577 1686 3855 1742 Christum
3879 1729 3896 1755 ,

2306 1779 2605 1848 despiciens
2631 1779 2809 1834 omnia
2835 1780 3132 1848 praesentia,
3161 1789 3217 1833 et
3245 1792 3340 1848 Spe
3385 1793 3506 1848 qua:
3537 1779 3589 1832 in
3639 1779 3789 1833 illum
3819 1790 3902 1834 est

2307 1868 2484 1923 omnia
2515 1877 2963 1938 printer-currens,
2989 1868 3246 1926 intentam
3278 1868 3330 1922 in
3362 1869 3508 1923 illum
3537 1880 3774 1923 mentem
3808 1869 3904 1923 ha-

2309 1958 2428 2011 beo.
2486 1957 2721 2028 Denique
2771 1968 2828 2011 ut
2868 1958 3045 2012 discas
3083 1959 3452 2014 excellentiam
3502 1961 3707 2016 amoris
3747 1961 3901 2031 ejus,

2307 2048 2438 2103 dicit
2467 2067 2481 2103 :
2511 2047 2577 2103 In
2603 2048 2708 2118 de
2726 2049 2834 2102 vivo
2866 2047 2993 2103 Filii
3019 2047 3138 2114 Dei,
3166 2050 3254 2120 qui
3279 2067 3358 2104 nte
3382 2051 3583 2118 dilexit,
3609 2062 3656 2105 et
3688 2052 3907 2106 tradidit

2310 2138 2630 2206 semetipsum
2677 2153 2771 2208 pro
2814 2154 2911 2193 nte.
2965 2137 3256 2194 Considera
3303 2155 3462 2210 qttam
3494 2141 3723 2211 insignis
3764 2143 3907 2212 grati

2307 2231 2470 2283 animi
2498 2228 2834 2299 significatio.
2882 2228 3018 2297 Quid
3047 2229 3201 2293 dicis,
3233 2245 3266 2284 o
3303 2229 3459 2286 beate
3504 2231 3710 2287 Paule?
3739 2232 3908 2289 Paulo

2308 2328 2435 2375 ante
2460 2318 2675 2373 dicebas
2698 2357 2713 2372 .
2747 2318 2847 2384 Qui
2866 2319 3075 2389 proprio
3108 2317 3246 2374 Filio
3285 2336 3378 2374 suo
3421 2336 3521 2374 non
3543 2322 3790 2391 pepercit,
3817 2323 3909 2375 sed

2309 2427 2401 2479 pro
2427 2409 2568 2463 nobis
2593 2410 2822 2463 omnibus
2851 2408 3059 2462 tradidit
3087 2426 3196 2462 eum
3220 2408 3395 2479 (Rom.
3427 2411 3498 2464 8.
3510 2409 3602 2482 32)
3635 2427 3648 2464 :
3677 2421 3735 2465 et
3766 2426 3911 2465 nunc

2309 2503 2462 2567 dicis,
2512 2502 2612 2566 Qui
2642 2502 2818 2555 dilexit
2861 2518 2940 2554 me
2972 2518 2990 2555 :
3045 2511 3205 2572 atque
3235 2511 3290 2555 ut
3338 2503 3610 2572 proprium
3663 2503 3912 2572 appellas

2310 2608 2589 2648 Commune
2627 2593 2984 2647 beneficium?
3026 2592 3224 2658 Etiam,
3254 2593 3462 2660 inquit:
3495 2608 3615 2646 nam
3647 2593 3774 2648 licet
3810 2608 3913 2662 pro

2312 2685 2456 2740 omni
2487 2685 2760 2740 hominum
2795 2700 2991 2754 genere
3016 2684 3334 2739 sacrificium
3357 2684 3425 2740 ab
3453 2701 3518 2740 eo
3544 2684 3616 2739 sit
3637 2686 3906 2748 oblatum,

2313 2787 2484 2830 tamen
2513 2785 2727 2845 propter
2755 2790 2990 2828 amorem
3025 2777 3075 2828 in
3103 2791 3222 2830 eum
3249 2818 3264 2839 ,
3312 2776 3362 2830 id
3407 2775 3546 2846 quod
3592 2775 3792 2831 factum
3823 2788 3911 2832 est

2314 2869 2581 2936 proprium
2614 2866 2740 2920 mihi
2769 2866 2921 2921 facio.
2953 2868 3023 2921 Ita
3055 2879 3106 2922 et
3140 2869 3415 2937 prophetis
3456 2882 3573 2922 mos
3599 2878 3682 2924 est
3730 2869 3911 2925 facere

2313 2968 2364 3011 et
2394 2959 2573 3012 dicere
2602 2975 2613 3010 :
2647 2956 2786 3012 Dens
2819 2957 2954 3012 Deus
2979 2975 3116 3012 meus
3145 2958 3314 3032 (Psal.
3334 2959 3484 3012 2|.et
3519 2958 3642 3013 H7.
3677 2969 3725 3014 et
3757 2961 3906 3029 2):

2314 3048 2560 3117 quamvis
2583 3049 2744 3102 totius
2784 3047 2930 3102 orbis
2956 3049 3025 3102 sit
3063 3049 3206 3102 Deus
3240 3066 3254 3102 :
3293 3048 3382 3102 sed
3405 3048 3673 3118 peculiare
3692 3048 3798 3105 hoc
3825 3062 3912 3106 est

2314 3138 2484 3191 amori
2515 3178 2528 3203 ,
2558 3147 2614 3216 ut
2641 3153 2704 3193 ex
2742 3139 3114 3192 communibus
3143 3139 3351 3208 propria
3382 3137 3558 3193 faciat.
3613 3138 3745 3193 Filii
3793 3140 3909 3203 Dei.

2316 3231 2503 3299 inqttit,
2536 3230 2621 3299 qui
2651 3229 2824 3283 dilexit
2853 3245 2952 3283 me.
2999 3229 3132 3297 Quid
3176 3229 3348 3283 dicis?
3389 3229 3464 3284 Te
3488 3229 3662 3284 solum
3685 3231 3914 3286 dilexit?

2313 3320 2572 3384 Omnem,
2606 3320 2807 3389 inquit,
2845 3320 3116 3375 hominum
3151 3329 3390 3373 naturam
3428 3319 3651 3387 dilexit,
3682 3320 3778 3375 sed
3809 3336 3917 3392 ego

2313 3415 2359 3465 ei
2387 3413 2582 3482 gratias
2609 3411 2800 3478 debeo,
2833 3411 2982 3480 quasi
3011 3426 3095 3464 me
3115 3411 3286 3464 solum
3334 3411 3629 3466 dilexisset.
3655 3411 3752 3466 Et
3797 3423 3912 3466 tra-

2314 3507 2444 3558 didit
2464 3505 2779 3573 semetipsum
2810 3520 2900 3574 pro
2922 3519 3018 3556 me.
3048 3502 3182 3570 Quid
3214 3504 3392 3572 igitur,
3423 3517 3519 3574 pro
3549 3512 3600 3557 te
3628 3504 3749 3558 solo
3782 3520 3912 3560 cru-

2316 3597 2503 3650 cifixus
2528 3595 2650 3649 est?
2697 3597 2886 3650 Annon
2920 3595 3031 3663 ipse
3057 3594 3186 3648 dicit
3228 3613 3240 3648 :
3275 3594 3400 3649 Cum
3445 3596 3700 3649 exaltatus
3741 3601 3911 3667 fuero,

2317 3703 2485 3741 omnes
2527 3687 2726 3740 traham
2761 3687 2829 3739 ad
2867 3687 3115 3757 ntcipsum
3141 3683 3317 3758 (Joan.
3373 3686 3455 3740 .
3481 3686 3614 3757 32)?
3647 3703 3832 3743 nonne
3858 3698 3914 3743 tu

2318 3779 2429 3847 ipse
2455 3777 2653 3844 dixisti,
2691 3776 2792 3831 Pro
2839 3777 2980 3830 nobis
3008 3778 3238 3831 omnibus
3282 3777 3491 3830 tradidit
3535 3780 3915 3848 semetipsum!

2321 3870 2510 3933 Etiam,
2541 3869 2748 3937 inquit:
2781 3883 2884 3921 non
2919 3868 3108 3938 loquor
3156 3868 3474 3938 pugnantia,
3525 3869 3619 3923 sed
3665 3885 3913 3925 amorem

2320 3977 2494 4016 meum
2527 3965 2595 4014 ita
2627 3960 2898 4014 consolor.
2924 3959 3039 4013 Jam
3087 3961 3206 4014 vide
3251 3961 3440 4014 iterutn
3472 3969 3525 4016 et
3576 3961 3722 4019 aliud
3766 3963 3913 4033 quod

2321 4053 2476 4106 dictis
2507 4051 2611 4105 illis
2659 4066 2757 4104 nos
2786 4051 2961 4104 docet.
2993 4050 3125 4105 Cum
3156 4052 3295 4106 enim
3340 4053 3586 4122 superius
3613 4053 3816 4112 dixerit
3844 4055 3915 4111 de

2321 4146 2513 4211 Patre,
2558 4144 2660 4197 Pro
2693 4143 2833 4197 nobis
2877 4144 3106 4197 omnibus
3144 4143 3353 4197 tradidit
3393 4145 3537 4198 illum
3561 4187 3576 4210 ,
3619 4146 3708 4201 hic
3737 4147 3910 4214 dicit,

2320 4236 2655 4304 Sometipsum
2696 4235 2905 4287 tradidit
2941 4251 2960 4288 :
2989 4243 3041 4290 et
3076 4234 3178 4287 illic
3203 4235 3440 4303 quidem,
3468 4245 3524 4290 ut
3562 4238 3912 4294 Concitrdiam

2293 4326 2559 4380 ostendat
2588 4342 2649 4380 ac
2679 4341 2856 4394 parem
2887 4325 3142 4380 herrorem
3173 4325 3344 4380 Patris
3369 4335 3421 4381 et
3450 4327 3587 4394 Filii,
3617 4336 3675 4383 et
3701 4333 3914 4401 passio-

2321 4434 2439 4470 nem
2465 4417 2762 4471 subindicct
2835 4419 3084 4486 quoniam
3109 4419 3266 4472 etiam
3307 4420 3413 4472 alio
3436 4420 3551 4474 loco
3579 4421 3711 4476 dicit
3744 4441 3759 4477 :
3796 4425 3910 4478 Fa-

2316 4521 2424 4562 ctus
2446 4508 2678 4562 obediens
2698 4525 2852 4578 usque
2880 4510 2946 4561 ad
2969 4522 3174 4564 mortem
3198 4510 3452 4582 (Philipp.
3482 4513 3536 4567 2.
3576 4513 3632 4583 8)
3666 4534 3677 4567 :
3710 4516 3912 4587 ubique

2320 4598 2549 4665 passioni
2599 4597 2755 4652 fidem
2785 4599 3001 4652 faciens.
3052 4599 3146 4654 llic
3196 4610 3370 4655 autem
3413 4605 3622 4672 posuit,
3671 4603 3910 4662 Tradidit

2316 4689 2674 4758 semetipsum,
2726 4697 2781 4744 ut
2837 4689 3035 4745 indicet
3088 4707 3207 4746 eum
3254 4693 3549 4748 voluntarie
3597 4696 3908 4763 passionem

2316 4780 2632 4848 suscepisse,
2657 4788 2710 4833 et
2732 4794 2836 4833 non
2866 4782 3203 4845 necessitate,
3239 4797 3408 4852 neque
3437 4783 3524 4847 vi,
3577 4785 3671 4840 sed
3715 4790 3910 4854 volen-

2318 4879 2420 4923 tem
2467 4871 2878 4940 cupientemque
2926 4872 3084 4926 totius
3147 4872 3361 4926 immani
3419 4878 3630 4945 generis
3675 4881 3907 4936 salutem

2316 4963 2544 5029 operari,
2575 4978 2787 5018 crucem
2813 4965 3145 5018 sustinuisse.
3197 4966 3418 5032 Qualem
3464 4969 3622 5038 igitur
3661 4974 3907 5030 vicissim

2315 5072 2550 5110 amorem
2594 5057 2848 5112 exhibere
2895 5059 3186 5126 poterimus
3231 5069 3334 5111 tam
3374 5058 3591 5114 divitem
3628 5081 3754 5134 erga
3806 5084 3911 5125 nos

2315 5150 2588 5202 caritatem
2607 5149 2892 5203 declaranti
2912 5151 2935 5201 ?
2955 5151 3009 5203 E:
3024 5151 3169 5204 iamsi
3188 5153 3416 5206 animam
3439 5155 3605 5222 ipsam
3626 5158 3908 5226 impenda-

2318 5254 2432 5292 mus
2463 5254 2556 5308 pro
2591 5239 2706 5307 ejus
2741 5239 2962 5308 legibus,
2992 5249 3043 5293 et
3088 5257 3180 5310 pro
3212 5243 3585 5300 observatione
3617 5250 3908 5303 mandato-

2315 5346 2454 5392 rum,
2483 5345 2598 5398 ane
2621 5329 2686 5381 ab
2714 5330 2827 5398 ipso
2851 5339 2972 5383 sunt
2999 5330 3121 5385 data
3146 5375 3159 5395 ,
3213 5349 3382 5403 neque
3430 5334 3508 5388 sic
3553 5337 3618 5388 ad
3661 5340 3908 5396 caritatis

2315 5420 2528 5475 modum
2581 5421 2882 5488 pertingere
2923 5424 3250 5491 poterimus,
3300 5440 3455 5493 quam
3487 5442 3610 5496 erga
3654 5439 3904 5486 nostrum

2315 5511 2602 5565 declaravit
2651 5525 2836 5580 genus.
2879 5511 2994 5582 Ipse
3043 5515 3183 5567 enim
3231 5515 3369 5570 Deus
3417 5532 3536 5571 cum
3585 5533 3771 5585 esset,
3805 5538 3904 5590 pro

2317 5604 2616 5657 hominibus
2640 5602 2742 5657 hoc
2770 5605 2952 5668 subiit,
2975 5614 3029 5659 et
3059 5607 3316 5662 Dominus
3341 5624 3436 5677 pro
3461 5611 3666 5674 servis;
3700 5628 3762 5665 ac
3792 5630 3899 5667 non

2316 5710 2410 5765 pro
2434 5696 2598 5749 servis
2629 5696 2939 5765 simpliciter
2958 5737 2971 5764 ,
3014 5697 3106 5751 sed
3154 5713 3250 5768 pro
3281 5687 3496 5770 ingratis
3524 5712 3576 5756 et
3625 5708 3899 5773 perpetuis
