4058 6388
144 405 246 462 3‘2!

144 519 403 576 inimicis.
448 517 512 572 Et
546 517 657 586 ipse
685 513 830 583 prior
860 510 912 564 in
959 507 1203 579 indignos
1250 516 1304 561 et
1346 504 1539 560 millies
1565 501 1740 569 lapsos

149 620 360 666 tantam
386 607 610 665 contulit
655 601 1058 659 beneﬁcentiam
1100 619 1113 654 :
1165 612 1263 651 nos
1310 603 1486 648 autem
1531 588 1739 647 etiamsi

149 704 414 758 faciamus
454 709 804 769 quaecumque
849 692 1176 762 poterimus,
1208 687 1336 742 nihil
1367 698 1614 754 magnum
1661 679 1740 733 fa-

149 797 360 851 ciemus
381 837 395 856 .
426 804 485 849 ut
508 792 556 847 ei
586 788 675 860 qui
718 802 815 842 nos
843 786 1000 840 tantis
1032 781 1305 838 beneﬁciis
1336 776 1613 849 prmvenit,
1642 774 1741 828 ali-

149 888 281 958 quid
330 883 703 953 rcpendamus.
736 878 926 934 Nostra
976 876 1118 930 enim
1150 913 1164 937 ,
1211 871 1255 925 si
1281 884 1383 940 qua
1412 874 1734 937 sequuntur,

151 976 436 1032 retributio
463 972 677 1043 quidem
706 979 829 1025 sunt
854 978 909 1023 et
937 966 1211 1025 debitum;
1244 961 1385 1015 illius
1408 968 1585 1012 autem
1616 962 1741 1009 sunt

150 1067 321 1137 gratia
366 1074 422 1119 et
467 1061 761 1126 beneﬁcia,
791 1057 1196 1129 largitionisque
1238 1049 1565 1123 magnitudo.
1615 1047 1740 1101 Huic

150 1158 316 1227 igitur
343 1155 521 1210 omnia
568 1154 903 1223 cogitantes,
953 1149 1236 1217 diligamus
1283 1143 1552 1199 Christum
1602 1141 1741 1195 sicut

150 1247 352 1301 Paulus
401 1246 573 1315 ipsum
620 1242 847 1306 dilexit,
878 1239 1183 1306 nullamque
1213 1234 1554 1307 praesentium
1586 1231 1741 1284 ratio-

149 1353 274 1391 nem
306 1336 613 1398 habeamus,
633 1331 727 1386 sed
752 1338 1065 1399 perpetuum
1082 1327 1196 1397 ejus
1218 1339 1454 1379 amorem
1486 1324 1537 1375 in
1563 1321 1739 1374 anima

150 1435 337 1479 nostra
389 1426 597 1477 ﬁrmum
643 1430 699 1475 et
744 1419 986 1475 stabilem
1027 1431 1321 1471 servemus.
1367 1412 1441 1467 Ita
1488 1412 1630 1467 enim
1688 1418 1741 1464 et

147 1516 329 1570 omnia
358 1527 478 1583 qua:
521 1513 572 1566 in
610 1511 710 1566 hac
736 1511 841 1565 vita
872 1516 1015 1576 sunt,
1047 1505 1428 1566 deridebimus,
1461 1512 1515 1557 et
1544 1511 1737 1555 terram

148 1605 302 1673 quasi
328 1605 514 1658 caelum
538 1603 972 1666 inhabitabimus,
1003 1613 1175 1668 neque
1200 1613 1264 1651 ex
1288 1594 1556 1668 prosperis
1580 1593 1740 1647 rebus

149 1673 493 1748 remissiores
508 1692 729 1756 erimus,
748 1704 921 1759 neque
936 1704 999 1743 ex
1017 1687 1257 1742 adversis
1271 1683 1704 1741 contristabimnr
1723 1698 1737 1734 :

148 1786 245 1839 sed
277 1783 526 1839 omnibus
569 1780 851 1852 prmteritis
880 1780 946 1833 ad
994 1778 1276 1833 amabilem
1326 1776 1608 1829 Dominum
1641 1788 1740 1825 no-

149 1889 322 1932 strum
355 1877 478 1930 hinc
505 1874 896 1934 festinabimus,
944 1885 1118 1939 neque
1132 1858 1450 1923 dilationem
1476 1864 1739 1935 gravatim

149 1970 411 2032 feremus,
440 1965 535 2020 sed
567 1980 707 2021 nunc
734 1972 789 2019 et
818 1978 914 2017 nos
938 1962 1077 2016 sicut
1110 1961 1293 2015 beatus
1340 1958 1429 2012 ille
1459 1958 1699 2010 dicemus
1722 1997 1737 2017 ,

153 2062 305 2127 Quod
326 2074 459 2112 nunc
486 2059 696 2112 vivimus
723 2056 777 2110 in
804 2070 976 2119 carne,
1008 2054 1061 2106 in
1088 2051 1192 2121 ﬁde
1228 2050 1438 2103 vivimus
1464 2046 1587 2100 Filii
1625 2046 1738 2109 Dei,

147 2154 235 2219 qui
261 2151 439 2204 dilexit
486 2166 597 2217 nos,
628 2158 673 2203 et
701 2148 1023 2216 semetipsum
1050 2143 1259 2199 tradidit
1290 2158 1382 2211 pro
1416 2140 1558 2194 nobis
1596 2136 1738 2212 (Gal.

146 2244 202 2296 2.
247 2243 343 2315 90)
368 2260 382 2296 :
414 2251 471 2297 ut
499 2251 554 2297 et
580 2250 897 2314 praesentem
928 2238 1089 2292 vitam
1118 2236 1320 2305 absque
1358 2246 1588 2287 mterore
1617 2246 1740 2299 per-

152 2335 419 2400 ﬁciamus,
467 2341 522 2387 et
568 2330 759 2387 futuris
788 2329 945 2385 bonis
984 2327 1085 2382 frui
1116 2339 1452 2388 mereamur,
1494 2322 1661 2392 gratia
1690 2328 1744 2373 et

149 2424 523 2479 misericordia
566 2422 773 2477 Domini
814 2421 982 2475 nostri
1022 2418 1151 2474 Jesu
1194 2415 1428 2481 Christi,
1474 2428 1594 2468 eum
1636 2425 1743 2481 quo

151 2519 299 2572 l‘atri
330 2526 389 2573 et
417 2514 639 2585 Spiritui
669 2522 856 2570 sancto
884 2512 955 2568 sit
974 2510 1159 2583 gloria,
1194 2507 1498 2578 imperium,
1547 2505 1736 2570 honor,

154 2623 300 2664 nunc
318 2616 374 2663 et
402 2621 635 2677 semper,
669 2616 724 2662 et
741 2606 793 2660 in
819 2604 1014 2660 saacula
1034 2602 1379 2658 saeculorum.
1406 2600 1596 2653 Amen.

680 2735 961 2792 HOMILIA
998 2732 1218 2790 XXXV.

153 2849 373 2905 Factum
400 2858 475 2904 est
513 2857 681 2904 autent
710 2849 764 2902 in
791 2862 947 2918 regno
972 2844 1289 2914 Amarphatlt
1329 2842 1459 2912 regis
1486 2840 1741 2906 Sennaar,

226 2941 417 2995 Arioclt
460 2956 552 2994 rex
577 2940 794 3006 Alasar,
838 2948 884 2993 et
909 2934 1316 3007 Chodologomor
1354 2949 1445 2988 rea:
1484 2932 1666 2997 Elam,
1698 2940 1746 2985 et

230 3031 489 3086 Tharthac
514 3047 605 3085 rea:
628 3031 851 3102 gentium
876 3036 1133 3101 gesserunt
1158 3026 1345 3080 bellum
1367 3041 1485 3079 cum
1513 3039 1626 3093 rege
1647 3023 1746 3077 So-

224 3122 495 3175 domorum
523 3119 686 3192 (Gen.
715 3121 803 3175 14.
831 3120 882 3174 1.
913 3116 1004 3189 2).

228 3232 281 3286 Ι.
313 3228 483 3283 Lectio
511 3228 795 3298 Scriptura:
820 3226 1219 3281 commendatur.
1246 3223 1520 3294 —-lngens
1548 3224 1744 3277 bonum

152 3332 261 3386 est,
290 3320 645 3385 dilectissimi,
672 3319 972 3373 divinarum
996 3317 1391 3386 Scripturarum
1420 3316 1597 3371 lectio.
1623 3315 1747 3369 Haec

151 3414 302 3469 enim
348 3413 580 3467 animam
630 3425 756 3466 vera
803 3409 1142 3481 philosophia
1191 3410 1505 3463 instructam
1548 3408 1743 3474 reddit,

153 3507 274 3560 hrec
301 3506 353 3559 in
385 3505 573 3559 caelum
606 3512 840 3558 mentem
867 3500 1152 3567 transfert,
1185 3500 1302 3555 haec
1330 3514 1622 3555 memorem
1651 3500 1746 3554 be-

153 3597 334 3652 neﬁcii
382 3594 560 3651 reddit
587 3595 857 3649 hominem
885 3635 901 3659 ,
934 3592 1051 3647 hzre
1094 3591 1219 3646 facit
1262 3606 1328 3646 ne
1367 3591 1653 3661 quidquam
1681 3606 1749 3644 ex

153 3690 321 3743 rebus
351 3686 707 3757 praesentibus
753 3685 1113 3750 admiremur,
1157 3683 1251 3737 sed
1299 3691 1356 3737 ut
1396 3691 1652 3752 perpetuo
1694 3682 1746 3735 in

150 3781 259 3835 alia
292 3780 398 3833 vita
428 3788 609 3833 mente
638 3784 819 3832 nostra
850 3790 1128 3832 versemur
1146 3816 1161 3839 ,
1190 3783 1244 3829 et
1269 3774 1337 3828 ad
1364 3774 1570 3828 Domini
1602 3788 1746 3829 mer-

150 3872 344 3927 cedem
384 3871 735 3940 respicientes
775 3869 953 3924 omnia
995 3883 1281 3937 operemur
1305 3908 1320 3932 ,
1369 3866 1750 3938 alacritateque

152 3976 351 4031 magna
376 3960 629 4015 virtutum
659 3959 868 4016 labores
894 3958 1287 4029 aggrediamur.
1314 3958 1389 4013 Ex
1424 3959 1551 4027 ipsis
1580 3959 1750 4013 disce-

153 4068 215 4108 re
243 4053 369 4107 licet
400 4052 491 4107 Dei
520 4051 769 4107 celeriter
808 4050 1171 4106 suecurrentis
1206 4049 1621 4119 providentiam,
1657 4049 1749 4120 ju-

151 4154 361 4199 storum
394 4142 783 4209 fortitudinem,
816 4141 1027 4196 Domini
1060 4141 1373 4207 Mnitatem,
1405 4140 1748 4209 praemiorum

153 4235 602 4306 magnitudinem.
644 4233 780 4289 Hinc
822 4247 1107 4303 possumus
1151 4231 1217 4285 ad
1262 4231 1658 4287 aemulationem
1696 4240 1751 4287 et

152 4327 514 4383 imitationem
559 4324 910 4395 philosophiae
956 4337 1341 4394 generosarum
1370 4322 1607 4376 virorum
1651 4338 1751 4377 ex-

151 4416 312 4474 citari
332 4458 349 4482 ,
377 4425 437 4471 ut
468 4430 575 4480 non
607 4423 976 4485 torpescamus
1005 4415 1058 4467 in
1089 4412 1300 4467 virtutis
1328 4412 1707 4468 certaminibus
1732 4429 1747 4477 ;

151 4509 252 4565 sed
279 4506 612 4563 conﬁdamus
643 4505 837 4561 divinis
867 4503 1311 4575 promissionibus
1332 4544 1347 4569 ,
1394 4503 1553 4557 etiam
1594 4512 1739 4557 ante«

152 4613 318 4667 quam
361 4597 631 4652 eveniant.
678 4593 909 4650 Proinde
950 4607 1139 4662 magna
1186 4592 1459 4663 diligentia
1485 4633 1500 4655 ,
1545 4606 1747 4662 quaeso,

153 4688 459 4741 divinarum
502 4685 899 4755 Scripturarum
938 4684 1153 4739 lectioni
1182 4698 1451 4738 vacemus.
1493 4683 1567 4738 Ita
1607 4684 1749 4739 enim

154 4790 212 4834 et
237 4779 518 4834 scientiam
555 4791 923 4847 assequemur,
971 4776 1016 4831 si
1062 4774 1128 4829 ad
1171 4790 1255 4838 ea,
1303 4790 1423 4845 quae
1467 4776 1537 4830 ibi
1580 4776 1750 4846 posita

158 4878 305 4934 sunt,
335 4867 645 4936 frequenter
673 4865 1009 4919 accedamus.
1038 4864 1219 4933 Neque
1242 4866 1385 4919 enim
1415 4866 1527 4920 ﬁeri
1556 4876 1744 4935 potest,

158 4972 216 5015 ut
243 4961 288 5014 is
320 4959 410 5028 qui
440 4956 634 5012 divinis
664 4955 953 5027 Scripturis
993 4969 1184 5024 magno
1211 4954 1388 5010 studio
1418 4956 1751 5025 ferventique

158 5050 430 5105 desiderio
454 5055 639 5112 vacat,
670 5058 920 5115 umquam
953 5044 1284 5113 negligatur;
1332 5044 1424 5100 scd
1457 5045 1581 5100 licet
1610 5046 1747 5101 desit

160 5141 316 5195 nobis
361 5138 593 5193 hominis
623 5135 1022 5208 magisterium,
1075 5136 1189 5203 ipse
1228 5136 1485 5189 Dominus
1522 5151 1751 5205 superne

160 5241 345 5286 nostra
374 5230 426 5283 in
452 5228 615 5284 corda
643 5229 848 5282 intrans
885 5226 1114 5282 illustrat
1143 5236 1375 5280 mentem
1400 5268 1413 5289 ,
1444 5227 1634 5281 rationi
1661 5227 1751 5296 ju-

160 5321 261 5375 bar
306 5334 462 5373 suum
510 5317 773 5384 infundit,
818 5318 1021 5388 detegit
1067 5318 1308 5382 occulta,
1356 5316 1647 5388 doetorque
1697 5320 1753 5374 ﬁt

157 5426 350 5465 eorum
380 5425 500 5479 qua:
543 5409 883 5481 ignoramus;
930 5419 1134 5465 tantum
1180 5411 1223 5464 si
1267 5426 1365 5465 nos
1407 5428 1526 5481 qum.
1571 5424 1750 5467 nostra

161 5509 289 5557 sunt
327 5499 518 5554 afferre
546 5501 795 5556 velimus.
829 5500 911 5553 Ne
938 5503 1121 5556 vocetis
1152 5502 1293 5555 enim
1315 5542 1331 5568 ,
1362 5503 1562 5571 inquit,
1593 5507 1751 5575 magi-

161 5603 323 5647 strum
353 5607 505 5659 super
534 5601 717 5645 terram
748 5590 968 5661 (Matth.
1003 5592 1093 5647 25.
1124 5593 1218 5661 8).
1252 5593 1481 5659 Quando
1510 5595 1667 5663 igitur
1697 5604 1751 5651 in

162 5698 355 5739 manus
392 5682 720 5750 Spiritualem
765 5685 956 5739 librum
997 5686 1257 5754 capimus,
1307 5686 1509 5741 intenta
1552 5698 1749 5753 mente,

159 5772 403 5829 collectis
436 5768 773 5843 reductisque
814 5774 1256 5845 cogitationibus,
1291 5778 1540 5849 omnique
1581 5794 1745 5834 succu-

1111 392 1174 448 lN
1212 391 1360 449 CAP.
1404 388 1539 444 XIV.
1582 378 1827 441 GENES.
1872 378 2101 436 IIOMIL.
2144 378 2355 434 XXXV.

3329 372 3435 427 3‘22

1848 494 1944 546 lari
1976 508 2102 548 cura
2129 490 2349 562 depulsa
2371 534 2386 559 ,
2430 492 2644 548 lcetioni
2689 493 3059 547 incumbamus
3085 509 3204 547 cum
3243 508 3434 563 magna

1846 584 2040 652 pietate
2070 592 2128 637 et
2156 584 2483 647 attentione,
2530 593 2586 637 ut
2632 585 2901 654 possimus
2946 599 2974 638 a
3018 594 3204 639 sancto
3236 583 3437 652 Spiritu

1844 674 1909 727 ad
1941 677 2261 744 scriptorum
2307 676 2709 745 intelligentiam
2757 676 2876 730 duci
2902 717 2917 741 ,
2958 685 3013 731 ct
3058 677 3281 730 multutn
3315 678 3438 731 inde

1844 763 2079 820 fructum
2110 769 2405 837 percipere.
2437 768 2568 822 Nam
2602 768 2861 824 barbarus
2887 769 2976 823 ille
3004 769 3202 838 regime
3225 767 3434 822 Ethio-

1846 872 1971 925 pum
2027 858 2339 924 eunuchus,
2374 861 2462 929 qui
2509 862 2561 915 in
2596 870 2738 915 tanta
2784 871 2901 916 erat
2945 862 3135 929 gloria,
3180 871 3235 916 et
3277 876 3437 916 curru

1846 947 2137 1003 vehebatur
2160 950 2296 1019 (Act.
2325 951 2402 1021 8),
2428 966 2497 1006 ne
2521 951 2614 1005 illo
2635 953 2850 1021 quidem
2882 961 3126 1021 tempore
3154 954 3437 1007 lectionem

1846 1040 2187 1111 negligebat;
2220 1044 2312 1098 sed
2346 1043 2662 1112 prophetam
2693 1044 2745 1097 in
2778 1045 3022 1099 manibus
3054 1046 3253 1100 habens
3274 1087 3290 1113 ,
3328 1060 3441 1098 ma—

1844 1147 2006 1200 gnum
2040 1132 2254 1186 lectioni
2283 1133 2569 1188 adhibebat
2594 1134 2855 1201 studium,
2890 1135 3047 1205 idque
3077 1137 3287 1190 nescius
3313 1135 3435 1204 quid

1847 1221 1897 1273 in
1931 1219 2080 1274 libris
2121 1222 2525 1277 contineretur:
2558 1232 2793 1278 attamen
2834 1226 2956 1293 quia
3000 1224 3258 1281 afferebat
3287 1225 3442 1295 quid-

1846 1309 1969 1378 quid
2005 1310 2055 1362 in
2089 1326 2149 1365 se
2176 1320 2314 1379 erat,
2352 1328 2543 1382 nempe
2568 1314 2802 1367 studium
2824 1357 2837 1375 ,
2867 1315 3227 1381 alacritatem,
3258 1327 3438 1369 atteri-

1847 1401 2043 1455 tionem
2064 1443 2078 1467 ,
2113 1401 2387 1457 doctorem
2418 1415 2604 1460 nactus
2632 1414 2730 1459 est.
2762 1406 2947 1476 Cogita
2976 1408 3122 1461 enim
3146 1449 3161 1471 ,
3190 1408 3437 1470 obsecro,

1845 1499 2101 1558 quantum
2129 1501 2243 1546 erat
2272 1508 2446 1562 neque
2490 1494 2541 1547 in
2585 1494 2773 1549 itinere
2818 1496 3104 1550 lectionem
3147 1497 3437 1567 negligere,

1844 1586 1900 1633 et
1926 1582 2223 1649 praesertim
2261 1581 2536 1637 sedentem
2568 1585 2619 1638 in
2649 1600 2828 1640 curru.
2874 1587 3105 1640 Audiant
3134 1589 3437 1657 exemplum

1847 1669 1881 1722 ii
1911 1670 2000 1739 qui
2028 1686 2201 1740 neque
2223 1671 2367 1727 domi
2396 1682 2452 1728 ut
2477 1673 2578 1728 hoc
2605 1673 2819 1739 faciant,
2851 1677 3158 1746 persuaderi
3193 1688 3441 1747 possunt,

1845 1759 1939 1815 sed
1992 1769 2238 1830 putantes
2285 1779 2670 1832 supervacuam
2716 1782 2836 1821 esse
2884 1767 3076 1822 horum
3129 1769 3435 1831 lectionem.

1846 1853 1967 1923 quia
1996 1856 2079 1909 vel
2105 1870 2225 1909 cum
2266 1856 2489 1912 muliere
2520 1857 2795 1923 habitant,
2828 1860 2910 1913 vel
2954 1862 3157 1914 militia:
3184 1862 3440 1931 adscripti

1846 1954 1970 1999 sunt
1994 1986 2009 2008 ,
2054 1946 2141 1999 vel
2173 1961 2463 2016 puerorum
2494 1958 2549 2002 et
2589 1963 2866 2002 servorum
2906 1950 3242 2019 aliorumque
3271 1968 3439 2021 nego-

1848 2034 2043 2089 tiorum
2068 2045 2232 2105 agunt
2257 2051 2438 2090 curam
2462 2076 2477 2102 ,
2523 2052 2629 2092 non
2666 2040 2959 2094 convenire
2998 2040 3098 2094 sibi
3131 2042 3437 2110 opinantur,

1846 2132 1904 2177 ut
1928 2124 2123 2179 divinae
2152 2126 2444 2196 Scriptum
2484 2127 2701 2183 lectioni
2744 2129 3074 2185 incumbant.
3121 2130 3261 2187 Ecce
3297 2135 3440 2187 enim

1848 2217 1934 2271 hic
1953 2218 2233 2272 eunuchus
2257 2228 2310 2273 et
2332 2219 2609 2283 barbarus,
2635 2236 2753 2291 qum
2774 2231 3001 2293 utraque
3021 2224 3086 2277 ad
3111 2225 3441 2281 reddendum

1849 2308 2292 2379 negligentiorem
2331 2309 2686 2374 sufﬁciebant,
2714 2321 2768 2367 et
2797 2312 2863 2366 ad
2891 2313 3005 2368 lucc
3027 2315 3297 2385 dignitatis
3324 2334 3442 2370 am-

1849 2399 2052 2469 plitudo
2077 2409 2131 2455 et
2156 2415 2317 2471 opum
2343 2400 2668 2457 abundantia
2699 2420 2711 2454 :
2746 2402 2882 2458 adde
2906 2404 3048 2473 quod
3080 2416 3134 2460 et
3162 2405 3214 2459 in
3250 2405 3442 2462 itinere

1847 2500 1963 2546 erat
1986 2500 2043 2546 et
2068 2506 2228 2545 curru
2259 2492 2531 2547 ferebatur
2560 2511 2572 2547 :
2608 2492 2709 2547 hoc
2738 2494 2881 2548 enim
2913 2495 3073 2549 modo
3100 2495 3202 2549 iter
3230 2496 3455 2551 facienti.

1850 2598 1956 2636 uon
1982 2591 2065 2639 est
2091 2581 2246 2638 facile
2278 2582 2496 2638 lectioni
2527 2598 2649 2639 esse
2674 2592 2937 2639 attentum
2960 2626 2975 2650 ,
3004 2586 3113 2640 imo
3138 2587 3293 2641 valde
3324 2603 3446 2641 mo-

1849 2673 2040 2728 lestum
2074 2692 2086 2725 :
2120 2683 2355 2729 attamen
2384 2674 2721 2729 desiderium.
2741 2686 2797 2730 et
2839 2676 3074 2731 studium
3117 2680 3295 2731 omnia
3340 2678 3444 2732 im-

1853 2764 2157 2834 pedimenta
2189 2782 2218 2820 e
2249 2765 2428 2820 medio
2458 2766 2764 2832 auferebat,
2798 2776 2850 2821 et
2880 2768 3095 2822 lectioni
3125 2769 3212 2823 ille
3243 2770 3449 2824 incum-

1851 2857 2043 2923 bebat,
2093 2873 2192 2913 nec
2223 2858 2433 2913 diccbat
2482 2874 2543 2913 ea
2576 2876 2694 2928 quae
2739 2875 2880 2915 nunc
2928 2861 3173 2932 plerique
3215 2862 3396 2917 diennt
3431 2882 3445 2916 :

1850 2947 1965 3001 Non
1996 2948 2234 3015 intelligo
2263 2963 2325 3001 ca
2356 2964 2476 3017 qua:
2502 2949 2699 3017 scripta
2732 2958 2877 3016 sunt,
2910 2966 3015 3004 non
3048 2967 3264 3019 possum
3294 2955 3448 3007 intels

1853 3038 2017 3107 ligere
2045 3037 2460 3107 profunditatem
2493 3038 2890 3107 Seripturarum
2921 3058 2933 3092 :
2964 3057 3130 3109 quare
3171 3042 3364 3097 frustra
3396 3055 3463 3099 et»

1853 3128 2119 3182 incassum
2148 3128 2386 3183 laborem
2416 3128 2739 3182 sustinerem
2782 3129 3031 3200 legendo,
3059 3133 3184 3186 dum
3214 3150 3317 3187 non
3350 3134 3448 3187 ha-

1852 3218 1954 3273 beo
1994 3219 2084 3289 qui
2133 3218 2553 3289 interpretetur?
2597 3218 2738 3273 Nihil
2792 3221 2980 3275 hornm
3027 3225 3293 3292 cogitabat
3339 3226 3456 3293 ille,

1854 3310 2030 3381 lingua
2061 3310 2277 3378 quidem
2316 3310 2577 3365 barbarus
2596 3351 2610 3375 ,
2644 3322 2825 3367 mente
2855 3322 3032 3367 autem
3062 3313 3447 3383 philosolihus;

1852 3399 1946 3453 sed
1974 3400 2215 3468 cogitans
2247 3401 2425 3469 potius
2452 3414 2513 3455 se
2553 3416 2658 3455 non
2688 3412 3053 3472 contemptum
3100 3406 3198 3471 iri,
3232 3407 3323 3462 sed
3353 3423 3448 3462 su-

1852 3505 2017 3560 perna
2045 3492 2215 3561 gratia
2243 3492 2633 3561 adjuvandum,
2667 3494 2827 3548 modo
2852 3496 2992 3564 quod
3024 3512 3176 3551 suum
3207 3509 3323 3553 erat
3356 3516 3451 3569 pro

1854 3582 2054 3637 viribus
2080 3581 2352 3647 adferret,
2383 3583 2601 3638 lectioni
2634 3585 2996 3640 incumbebat.
3032 3587 3320 3658 Propterea
3354 3591 3452 3646 bc-

1855 3674 2051 3743 nignus
2080 3675 2338 3729 Dominus
2368 3676 2535 3745 ipsius
2558 3676 2745 3732 videns
2771 3678 3118 3748 desiderium,
3147 3697 3268 3737 eum
3293 3685 3452 3739 mini-

1856 3779 1942 3818 me
1970 3766 2235 3834 neglexit,
2269 3780 2441 3835 neque
2470 3781 2563 3820 sua
2602 3783 2732 3821 cura
2777 3768 3051 3835 destituit,
3082 3771 3177 3827 sed
3210 3776 3454 3840 protinus

1856 3856 1956 3925 ipsi
1980 3858 2257 3912 doctorem
2287 3856 2450 3912 misit.
2483 3858 2561 3912 Tu
2587 3869 2765 3913 autem
2795 3863 3038 3931 expende
3061 3866 3333 3933 quomodo
3359 3883 3455 3923 ex-

1854 3950 2173 4018 specuverit
2193 3990 2208 4016 ,
2240 3959 2297 4004 ut
2326 3950 2441 4020 ipse
2467 3966 2588 4021 qum
2630 3952 2799 4021 ipsius
2838 3963 2992 4009 erant
3020 3956 3166 4026 prius
3191 3957 3452 4026 adferret,

1854 4050 1909 4095 et
1942 4050 2067 4095 tunc
2097 4056 2251 4096 suum
2299 4039 2549 4110 patefecit
2578 4042 2853 4097 auxilium.
2897 4043 3031 4098 Cum
3074 4044 3233 4116 igitur
3271 4049 3455 4106 omnia

1858 4131 2091 4199 perfecta
2122 4139 2178 4186 et
2208 4131 2450 4187 absoluta
2481 4141 2662 4186 essent
2686 4148 2805 4203 qua:
2832 4134 2900 4188 ab
2932 4135 3031 4190 illo
3066 4137 3271 4191 fuerant
3297 4140 3454 4194 exhi-

1857 4221 2029 4277 benda
2052 4263 2068 4287 ,
2100 4222 2357 4291 deinceps
2386 4223 2606 4293 angelus
2646 4224 2861 4278 Domini
2903 4225 3151 4297 Philippo
3185 4232 3455 4298 apparuit,

1856 4314 2043 4369 dicens
2073 4332 2085 4367 :
2117 4313 2283 4385 Surge
2311 4324 2357 4368 et
2380 4316 2506 4368 vade
2532 4315 2601 4370 ad
2629 4315 2761 4368 viam
2788 4332 2903 4385 qua
2926 4319 3182 4372 descendit
3208 4321 3269 4373 ab
3293 4320 3452 4375 leru-

1856 4408 2012 4459 salem
2041 4406 2095 4459 in
2124 4404 2357 4473 Gazam;
2387 4407 2495 4461 hcc
2521 4416 2599 4460 est
2621 4408 2838 4463 deserta.
2875 4408 2942 4462 Et
2971 4426 3114 4477 ecce,
3147 4412 3350 4482 inquit,
3380 4416 3454 4467 vir

1857 4498 2121 4569 ίΕιΙιὶορι.,
2155 4503 2428 4569 praefectus
2453 4500 2711 4553 eunuchus
2740 4500 3001 4555 Candaces
3032 4505 3219 4572 regina:
3242 4506 3314 4557 1E
3321 4508 3454 4560 titio-

1847 4607 1979 4660 pum
1999 4632 2015 4658 ,
2046 4592 2136 4661 qui
2160 4602 2361 4645 venerat
2385 4591 2694 4645 adoraturtts
2720 4593 2772 4645 in
2797 4592 3123 4659 Jerusalem;
3164 4609 3207 4649 et
3234 4599 3341 4666 ipse
3371 4616 3453 4651 re-

1858 4683 2140 4736 vertebatur
2194 4682 2376 4736 sedens
2433 4698 2584 4750 super
2642 4699 2847 4736 currum
2912 4701 3095 4750 suum,
3165 4688 3461 4757 legebatque

1842 4773 2053 4845 .‘lsaiam
2078 4774 2373 4845 praphetam
2396 4773 2529 4845 (Act.
2556 4774 2607 4829 8.
2637 4773 2996 4843 26-28).Vide
3023 4793 3181 4846 quam
3205 4790 3459 4835 accurate

1860 4865 2013 4919 nobis
2041 4866 2273 4919 narrarit
2299 4865 2386 4935 qui
2419 4864 2611 4919 librum
2651 4866 2901 4935 scripsit,
2932 4867 3119 4923 dicens
3140 4909 3153 4931 ,
3187 4869 3453 4939 ᾹῖιΙιὶορε,

1859 4966 1917 5009 ιιι
1946 4955 2090 5009 illum
2125 4956 2410 5015 barbarum
2454 4970 2576 5009 esse
2606 4971 3052 5025 cognosceremus
3081 4978 3092 5013 :
3126 4960 3321 5015 deinde
3358 4964 3453 5028 ait,

1861 5046 2176 5115 Pratfectus,
2209 5063 2315 5117 quo
2344 5048 2561 5101 nomine
2592 5050 2855 5103 maximus
2885 5050 3155 5121 dignitatis
3183 5053 3356 5109 honor
3386 5059 3459 5111 si-

1858 5136 2176 5206 gniﬁczttur;
2213 5136 2313 5202 Qui
2339 5147 2563 5203 venerat,
2596 5138 2797 5207 inquit,
2830 5141 3137 5197 adoraturus
3166 5144 3219 5197 in
3244 5143 3459 5199 Jerusa.

1859 5230 1974 5285 lem.
2024 5227 2159 5283 Vide
2204 5229 2365 5281 etiam
2411 5229 2855 5298 peregrinationis
2904 5233 3160 5299 causam,
3208 5236 3455 5291 idoneam

1860 5336 1978 5389 quae
2011 5320 2171 5374 animi
2220 5320 2384 5388 ipsius
2415 5321 2667 5390 pietatem
2706 5321 2944 5377 declaret
2979 5343 2989 5377 :
3024 5326 3270 5393 expende
3312 5330 3457 5382 enim

1858 5418 2113 5479 quantum
2163 5412 2370 5464 itineris
2412 5412 2711 5480 susceperit
2756 5422 2816 5466 ut
2860 5413 3139 5468 Dominum
3183 5418 3456 5473 adoraret.

1859 5504 2009 5559 Tunc
2036 5504 2177 5557 enim
2215 5502 2387 5556 adhuc
2414 5502 2650 5557 divinum
2684 5505 2882 5557 cultum
2925 5507 3327 5563 arbitrabantur
3354 5525 3458 5562 uno

1862 5597 1979 5650 luco
2020 5593 2302 5660 concludi,
2352 5592 2580 5662 ideoque
2623 5593 2783 5663 longo
2821 5605 3039 5663 peracto
3087 5596 3277 5651 itinere
3302 5640 3317 5664 ,
3353 5598 3461 5654 illic

1860 5702 1984 5742 suas
2012 5702 2197 5758 preces
2225 5686 2517 5741 fundebant
2548 5704 2557 5739 :
2593 5698 2874 5756 propterea
2906 5699 2961 5742 et
2993 5692 3091 5743 iste
3122 5705 3185 5744 eo
3217 5703 3460 5753 venerat,

1869 5779 1957 5835 ubi
1990 5781 2241 5848 templum
2274 5789 2385 5832 erat
2415 5787 2467 5832 ct
2497 5778 2668 5831 cultus
2697 5777 2967 5847 ludaicus,
3002 5790 3059 5836 ut
3089 5781 3479 5843 adorationum.
