4058 6426
612 382 719 439 533

617 584 943 655 imple‘visset
964 624 981 649 ,
1007 580 1275 635 Revertens
1294 620 1310 646 ,
1342 579 1530 651 inquit,
1556 588 1604 633 et
1632 579 1685 632 in
1716 590 1867 635 cum
1894 595 1985 632 suo
2014 578 2188 633 sedens

613 675 826 747 legebat.

680 766 735 821 2.
779 764 983 820 Deinde
1010 778 1131 819 cum
1160 762 1475 820 accessisset
1512 763 1787 833 Philippus
1815 761 1928 836 (a),
1960 762 2094 817 dixit
2120 762 2185 816 ad

614 856 759 911 illum
790 872 806 910 :
831 854 1060 909 Putasne
1088 854 1328 927 intelligis
1355 868 1471 924 qua:
1494 853 1619 925 legis
1645 852 1778 922 (Act.
1802 852 1857 909 8.
1878 853 2009 924 δον
2032 852 2190 907 Vides

612 948 847 1001 animum
878 946 1191 1015 diligentem
1217 960 1279 1000 ac
1304 945 1624 1010 sollicitum,
1659 944 1871 998 lectioni
1898 943 2059 999 etiam
2090 942 2186 1005 illi,

613 1053 772 1106 quam
813 1051 917 1090 non
964 1035 1314 1105 intelligeret,
1347 1034 1773 1098 incumbentem,
1819 1042 1874 1088 et
1914 1032 2188 1104 doctorem

614 1130 701 1199 qui
735 1129 906 1197 ipsum
938 1126 1225 1182 instrueret
1248 1123 1652 1195 requirentem?
1683 1122 1892 1178 Etenim
1912 1122 2191 1191 apostolus

611 1220 793 1275 statim
831 1233 927 1290 per
968 1216 1436 1288 interrogationem
1485 1214 1627 1270 illius
1669 1215 1864 1272 excitat
1903 1214 2186 1278 allectum;

610 1311 751 1381 quod
772 1311 914 1366 enim
936 1309 1126 1380 dignus
1153 1318 1316 1372 esset,
1341 1309 1430 1379 qui
1452 1308 1685 1363 doctoris
1706 1322 1865 1376 opera
1889 1307 1940 1360 in
1961 1306 2190 1362 lectione

612 1400 1009 1457 reconditorum
1042 1399 1448 1467 intelligentiam
1476 1407 1890 1468 consequeretur
1912 1439 1925 1458 ,
1956 1398 2065 1464 ipsa
2092 1395 2190 1450 viri

614 1492 892 1562 responsio
918 1492 1174 1547 declarat.
1204 1490 1503 1546 Cumenim
1529 1480 1796 1558 apostOlus
1816 1490 2055 1551 dixisset,
2083 1487 2191 1541 Pu—

612 1593 753 1637 tasne
772 1583 1012 1649 intelligis
1032 1582 1058 1637 .’
1080 1592 1335 1650 vesteque
1355 1580 1443 1634 vili
1476 1580 1687 1635 indutus
1711 1580 2023 1633 accessisset
2045 1594 2057 1628 :
2084 1593 2188 1630 non

614 1690 756 1745 mgre
783 1676 899 1728 tulit
928 1689 1025 1730 uec
1070 1673 1375 1743 indignatus
1396 1681 1515 1737 est,
1557 1684 1729 1739 neque
1771 1684 1828 1723 se
1872 1668 2191 1724 contumelia

612 1763 752 1819 aflici
781 1763 1121 1827 existimavit,
1150 1760 1291 1831 quod
1323 1761 1588 1831 plerisque
1619 1760 1832 1815 insulsis
1863 1757 2077 1823 accidit,
2102 1758 2192 1827 qui

613 1871 757 1924 smpe
783 1856 985 1909 tnalunt
1014 1855 1065 1908 in
1092 1865 1348 1923 perpetua
1371 1854 1570 1906 versari
1601 1851 1915 1922 ignorantia,
1945 1851 2066 1919 quia
2101 1865 2194 1917 pu-

612 1943 701 1998 det
720 1943 841 1998 illos
872 1944 1220 2013 ignorantiam
1253 1956 1403 1996 suam
1434 1941 1699 2005 confiteri,
1727 1952 1780 1995 ct
1805 1941 1956 1993 abiis
1986 1938 2194 1994 discere
2221 2008 2232 2025 κ

612 2034 702 2103 qui
730 2034 924 2088 docere
958 2034 1189 2087 valeant.
1238 2036 1307 2087 At
1350 2032 1472 2087 huic
1514 2031 1647 2087 nihil
1697 2031 1800 2085 tale
1840 2032 2049 2092 evenit;
2098 2028 2193 2081 sed

614 2139 737 2191 cum
768 2123 1174 2178 mansuetudine
1218 2133 1272 2177 ct
1318 2126 1513 2191 pietate
1558 2120 1873 2190 respondet,
1920 2119 2080 2173 animi
2111 2117 2192 2171 sui

615 2224 809 2271 statum
838 2215 1135 2273 declarans,
1163 2216 1337 2283 aitque
1372 2232 1384 2266 :
1418 2212 1678 2278 Quomodo
1707 2213 1922 2281 possint,
1963 2212 2059 2265 nisi
2081 2211 2194 2279 quis

613 2306 736 2360 mihi
772 2306 1039 2359 ostenderit
1068 2303 1130 2371 (l
1140 2305 1241 2357 bid.
1270 2320 1316 2358 υ.
1344 2305 1403 2359 51
1434 2306 1452 2375 )
1477 2304 1500 2356 ?
1547 2319 1643 2357 nec
1687 2312 1887 2357 tantum
1920 2312 2193 2356 mansuete

615 2396 910 2465 respondit,
942 2410 1004 2450 ac
1036 2407 1215 2464 postea
1249 2396 1474 2462 transiit,
1505 2396 1596 2449 sed
1630 2411 1811 2449 rursus
1840 2410 2043 2449 morum
2069 2409 2195 2449 suo-

615 2502 729 2546 rum
756 2486 1006 2540 virtutem
1038 2487 1191 2539 nobis
1219 2486 1609 2545 demunstrans.
1650 2486 1747 2539 ista
1778 2485 2026 2553 loquutus
2055 2500 2193 2552 pra:-

615 2574 783 2629 fcctus
815 2576 939 2639 illc,
988 2565 1276 2640 barbarus,
1321 2578 1480 2628 curru
1528 2584 1745 2638 vectus,
1778 2589 1897 2627 eum
1946 2574 2032 2643 qui
2078 2573 2196 2627 vilis

615 2665 925 2727 videbatur,
972 2676 1027 2720 et
1072 2681 1134 2719 ex
1182 2664 1372 2719 veSIitu
1399 2664 1861 2730 contemnendus,
1907 2664 2108 2733 rogavit
2136 2671 2195 2717 ut

616 2758 958 2821 ascenderet,
1003 2772 1065 2810 ac
1102 2771 1283 2811 secum
1327 2757 1557 2811 sederet.
1601 2754 1761 2809 Vides
1789 2756 1951 2810 animi
1983 2755 2194 2811 fervens

615 2847 895 2901 studium?
938 2845 1085 2900 vides
1146 2846 1288 2916 pium
1347 2845 1556 2900 barbari
1608 2846 1885 2911 animum,
1928 2846 2197 2915 quomodo

616 2938 870 3006 sapientis
897 2938 1169 3008 cujusdam
1202 2939 1402 2992 dictum
1438 2937 1562 2990 illud
1600 2938 1897 3007 impleverit
1929 2955 1942 2990 :
1973 2936 2033 2992 Si
2062 2938 2198 2991 mde-

615 3031 685 3082 ris
724 3030 886 3083 uirum
924 3030 1253 3099 prudentem,
1286 3045 1433 3082 mane
1467 3046 1618 3099 surge
1656 3030 1725 3081 ad
1753 3046 1866 3083 eum
1890 3069 1903 3093 ,
1935 3041 1979 3082 et
2008 3030 2196 3099 gradus

619 3131 860 3175 ostiorum
886 3121 1022 3179 illius
1051 3121 1243 3175 deterat
1272 3136 1358 3191 pes
1391 3130 1508 3173 tuus
1541 3118 1739 3191 (Eccli.
1767 3120 1819 3174 6.
1850 3120 1952 3191 56)
1977 3123 1999 3172 ’ἶ
2042 3120 2198 3174 Vides

622 3210 712 3279 qtti
741 3212 931 3265 merito
955 3226 1060 3265 non
1088 3210 1154 3265 sit
1178 3210 1488 3281 neglectus?
1517 3209 1663 3264 vides
1687 3210 1775 3279 qui
1801 3215 1992 3263 merito
2015 3224 2199 3277 super-

619 3315 739 3355 nam
782 3301 850 3355 sit
895 3309 1256 3369 consequutus
1302 3298 1733 3370 providentiam?
1778 3299 1925 3353 vides
1968 3308 2025 3352 ut
2070 3297 2201 3353 nihil

616 3392 857 3452 conserit
904 3407 1090 3447 eorum
1139 3406 1258 3462 quae.
1304 3390 1371 3446 ab
1420 3390 1536 3460 ipso
1583 3390 1760 3444 all'erri
1809 3389 2199 3445 conveniebat?

618 3483 905 3553 Propterea
926 3484 1181 3551 deinceps
1202 3482 1478 3538 doctorem
1501 3490 1709 3549 nactus,
1732 3496 1918 3535 eorum
1947 3481 2053 3536 vim
2080 3496 2200 3552 quae

617 3577 889 3645 proposita
917 3584 1071 3631 erant
1096 3584 1343 3633 accurate
1370 3574 1652 3640 discebat,
1700 3584 1753 3628 et
1782 3575 1960 3629 animo
2000 3575 2199 3629 illumi-

617 3668 860 3727 nubatur.

694 3755 860 3828 Quam
902 3756 1024 3809 utile
1052 3755 1376 3825 Scripturam
1423 3755 1624 3827 legere;
1670 3757 1866 3810 nullum
1904 3767 2097 3826 tempus
2134 3757 2201 3810 ad

620 3845 901 3916 Scriptura:
923 3845 1183 3899 lectionem
1208 3848 1604 3901 incommodum.
1627 3877 1696 3887 —
1718 3846 1919 3902 Videtis
1946 3857 2200 3918 quantum

618 3937 691 3994 sit
733 3937 999 3993 commodi
1044 3946 1245 3991 attente
1286 3945 1342 3991 et
1370 3938 1607 3992 studiose
1650 3928 1856 3992 divitias
1898 3939 2202 4007 Scripturas

620 4029 836 4096 legere?
867 4028 1154 4095 Pr0pterea
1183 4028 1326 4082 enim
1350 4038 1402 4082 et
1424 4027 1560 4083 hanc
1580 4028 1648 4083 de
1668 4028 1895 4083 barbaro
1927 4030 2202 4084 historiam

622 4119 675 4177 in
707 4117 939 4170 medimn
970 4117 1119 4172 vobis
1146 4116 1400 4186 produxi,
1430 4126 1487 4170 ut
1514 4132 1582 4172 ne
1609 4133 1931 4187 quemquam
1962 4127 2203 4173 nostrum

622 4207 815 4276 pudeat
853 4207 1172 4261 imitatorem
1203 4207 1315 4262 lieri
1344 4206 1611 4277 rEthiopis
1631 4250 1646 4275 ,
1678 4209 1941 4274 eunuchi,
1973 4210 2086 4277 ejus
2114 4210 2203 4279 qui

622 4311 690 4352 ne
720 4295 770 4352 in
817 4296 1005 4351 itinere
1034 4297 1243 4366 quidem
1294 4297 1574 4350 lectionem
1621 4297 1931 4367 neglexerit.
1980 4298 2205 4355 ldoneus

624 4388 766 4442 enim
792 4398 873 4442 est
901 4388 1159 4442 barbaros
1187 4389 1283 4442 iste
1312 4389 1400 4458 qui
1430 4389 1584 4444 nobis
1606 4390 1850 4444 onmibus
1877 4392 2066 4446 doctor
2092 4393 2201 4459 fiat,

626 4488 735 4531 tum
765 4480 1021 4548 privatam
1052 4480 1210 4532 vitam
1239 4481 1593 4545 sectantibus,
1624 4490 1730 4535 tum
1767 4483 1968 4537 militia:
1997 4482 2202 4539 adscri-

626 4574 751 4648 ptis,
782 4581 892 4627 tum
920 4572 1175 4641 dignitate
1200 4582 1253 4627 et
1279 4572 1484 4627 honore
1515 4573 1749 4641 praeditis
1769 4614 1783 4639 ,
1812 4584 1866 4628 et
1897 4585 1952 4628 ut
1976 4577 2026 4628 in
2053 4591 2227 4631 sum-.

628 4680 713 4724 ma
740 4665 910 4726 dicam
931 4707 946 4731 ,
979 4666 1226 4719 onmihus
1264 4682 1368 4721 non
1398 4666 1522 4720 viris
1546 4668 1741 4731 solum,
1771 4666 1863 4722 sed
1889 4675 1942 4721 et
1966 4668 2204 4723 mulieri.

626 4755 756 4820 bus,
787 4764 843 4812 ut
868 4771 988 4824 quae
1028 4753 1242 4809 assidue
1267 4754 1412 4813 domi
1442 4767 1725 4812 versentur
1754 4772 1765 4809 :
1798 4756 1924 4824 quin
1952 4758 2108 4811 etiam
2141 4757 2206 4812 iis

626 4848 812 4911 doctor
854 4846 1011 4904 fuerit
1051 4848 1139 4915 qui
1169 4847 1327 4901 vitam
1375 4848 1719 4901 monasticam
1757 4847 2105 4916 delegerunt,
2149 4857 2208 4902 ut

625 4939 833 4997 discant
854 4952 1039 4993 omnes
1067 4939 1268 4995 nullum
1298 4953 1417 4993 esse
1446 4947 1654 5008 tempus
1683 4940 1748 4993 ad
1775 4938 2074 4995 divinorum
2102 4940 2207 4995 elo-

627 5030 873 5100 quiorum
899 5028 1180 5085 lectionem
1213 5030 1606 5084 incommodum
1631 5070 1646 5096 ,
1676 5028 1768 5083 scd
1798 5031 1908 5085 fieri
1940 5046 2115 5100 posse,
2150 5040 2208 5087 ut

628 5136 733 5179 non
763 5119 937 5185 solum
963 5119 1145 5183 domi,
1180 5120 1525 5179 verumctiam
1565 5120 1616 5174 in
1662 5119 1779 5175 foro
1808 5132 2112 5187 versantes,
2153 5130 2207 5178 et

628 5214 727 5269 iter
756 5209 1031 5275 facientes,
1058 5218 1111 5264 et
1138 5211 1189 5263 in
1216 5210 1509 5269 multorum
1533 5220 1675 5265 cortu
1697 5220 1933 5281 agentes,
1962 5228 2024 5267 ac
2047 5213 2206 5268 variis

628 5301 855 5369 negotiis
886 5298 1121 5367 impliciti
1168 5298 1357 5352 horum
1388 5299 1564 5357 studio
1608 5310 1882 5363 teneamur
1901 5342 1915 5365 ,
1948 5311 2003 5354 ut
2028 5317 2146 5370 qua:
2174 5317 2204 5355 a

630 5392 784 5445 nobis
827 5391 1126 5460 prmstauda
1173 5401 1297 5445 sunt
1334 5391 1705 5458 conferentes,
1749 5392 1854 5445 cito
1897 5394 2205 5462 magistrum

626 5480 1001 5548 adipiscamur.
1051 5480 1305 5534 Dominus
1332 5483 1475 5535 enim
1515 5481 1700 5535 videns
1739 5492 1978 5535 nostrum
2021 5482 2085 5537 ad
2119 5497 2205 5537 res

625 5573 929 5642 spirituales
953 5572 1221 5639 inﬂectunt,
1249 5588 1352 5626 non
1381 5571 1625 5641 negliget,
1657 5572 1751 5628 sed
1774 5587 2057 5643 supernam
2086 5573 2205 5630 illu-

684 5726 765 5795 _(u)
794 5728 1009 5795 Nonnulli
1046 5736 1213 5795 putant
1252 5730 1381 5778 hunc
1399 5728 1679 5795 ‘Pbilippum
1713 5729 1980 5791 apostolum
2017 5728 2202 5794 fuisse;

612 5790 695 5844 alii
722 5801 924 5844 nutriere
940 5790 1105 5853 plures
1120 5792 1369 5843 diaconum
1394 5790 1541 5843 fuisse
1558 5790 1856 5848 asseverant.

1336 373 1391 432 S.
1430 370 1705 431 JOANNIS
1741 370 2209 429 CllllYSOSTOMI
2250 370 2565 429 ARCHIEP.
2604 373 3140 433 CONST-ANTiNUP.

616 496 843 551 Domino
884 484 1226 563 persolveret.
1268 489 1335 544 Et
1374 498 1714 560 posteaquam
1754 489 1897 559 quod
1938 488 2183 559 cupiebat
2215 544 2251 574 δ

3773 382 3871 439 31

2297 492 2609 548 strationem
2630 494 2907 564 prmbcbit,
2929 512 2992 552 ac
3015 505 3253 553 nostrum
3276 497 3591 555 illuminabit
3609 498 3870 555 mimum.

2296 579 2373 637 Ne
2403 582 2592 651 igitur,
2619 584 2875 651 obsecro,
2906 586 3300 658 Scripturarum
3324 587 3605 645 lectionem
3627 587 3874 657 negliga-

2296 684 2416 725 mus
2443 689 2456 727 :
2490 688 2672 728 verum
2698 675 2810 729 sive
2847 691 3037 731 eorum
3055 719 3069 741 ,
3102 692 3221 747 quae
3251 678 3335 732 his
3362 678 3705 733 continentur
3726 714 3748 741 ,
3773 676 3877 727 vim

2298 760 2673 832 intelligamus,
2712 765 2825 820 sive
2864 766 3197 836 ignoremus,
3240 767 3325 822 illa
3365 765 3675 837 frequenter
3713 764 3879 818 adat-

2296 866 2436 906 mus.
2464 853 2688 908 Assidua
2717 854 2859 909 enim
2884 856 3160 910 meditatio
3200 859 3511 911 memoriam
3537 856 3702 911 efficit
3732 852 3882 907 iude-

2298 942 2511 999 lebilem
2538 963 2552 997 .-
2582 953 2636 1000 et
2664 946 2768 999 non
2800 961 2921 1000 raro
2949 947 3160 1011 evenit,
3185 954 3241 1000 ut
3271 946 3412 1016 quod
3441 946 3598 1001 hodie
3637 944 3886 999 invenite

2297 1048 2403 1088 non
2427 1036 2692 1103 potuimus
2712 1036 2968 1107 legentes,
2994 1036 3094 1092 hoc
3116 1052 3329 1091 rursum
3352 1045 3567 1106 postero
3590 1037 3676 1091 die
3701 1048 3887 1104 aggre-

2296 1124 2535 1189 dientes,
2583 1139 2802 1195 repente
2842 1128 3174 1183 inveniamus
3194 1170 3210 1193 ,
3242 1128 3351 1182 Deo
3378 1128 3618 1183 videlicet
3657 1142 3765 1195 pro
3789 1138 3891 1179 sua

2296 1216 2579 1271 clementia
2610 1218 2817 1273 occulte
2840 1227 3074 1275 mentem
3102 1231 3338 1273 nostram
3365 1220 3677 1273 illustrante.
3708 1216 3890 1271 Cate-

2297 1318 2416 1359 rum
2441 1306 2539 1359 ista
2566 1305 2632 1361 ad
2663 1308 2931 1362 assiduam
2954 1307 3255 1363 divinarum
3281 1308 3672 1378 Scripturarum
3701 1308 3890 1361 lectio—

2297 1409 2418 1448 nem
2446 1395 2837 1465 suscipiendam
2862 1396 3094 1452 diximus
3121 1416 3134 1451 :
3164 1406 3220 1452 ut
3241 1407 3418 1453 autem
3437 1398 3653 1453 discatis
3680 1397 3739 1451 in
3756 1396 3890 1450 aliis

2296 1492 2457 1545 etiam
2486 1493 2733 1547 omnibus
2760 1491 2858 1545 hoc
2891 1492 3172 1546 Dominum
3208 1492 3381 1547 facere
3418 1491 3801 1553 consuevissc,
3834 1499 3891 1542 ut

2297 1598 2423 1636 cum
2442 1600 2559 1650 qua:
2588 1599 2616 1635 a
2650 1584 2801 1637 nobis
2826 1592 2947 1636 sunt
2975 1583 3383 1647 contulerimus,
3413 1583 3525 1652 ipse
3552 1596 3645 1636 Sua
3670 1579 3892 1633 aliunde

2298 1672 2633 1743 suppeditet,
2675 1684 2729 1728 ct
2757 1674 2896 1743 quod
2941 1675 2993 1728 in
3022 1674 3420 1744 Scripturarum
3464 1674 3695 1729 lectione
3738 1671 3890 1737 fecit,

2298 1764 2458 1817 multa
2503 1778 2625 1818 cum
2668 1765 2942 1818 celeritate
2984 1765 3152 1818 misso
3194 1763 3261 1817 ad
3309 1763 3594 1818 barbarum
3638 1762 3890 1824 doctore,

2299 1852 2399 1907 hoc
2436 1863 2489 1907 et
2530 1854 2581 1906 in
2628 1853 2693 1907 iis
2729 1854 2819 1921 qui
2864 1853 3116 1907 virtutem
3154 1868 3408 1907 exercere
3438 1853 3624 1907 volunt
3666 1852 3890 1916 efﬁciat,

2299 1944 2419 1997 audi
2448 1960 2567 2013 quae
2593 1945 2864 1997 dicuntur.
2897 1944 3094 1999 Verum
3122 1952 3179 1998 ut
3216 1943 3552 1999 manifestior
3593 1944 3753 1998 nobis
3794 1944 3894 1997 iste

2300 2052 2477 2091 sermo
2498 2036 2771 2099 reddatur,
2798 2045 3219 2091 consentaneum
3248 2034 3407 2090 fuerit
3432 2050 3645 2090 rursum
3673 2050 3802 2100 qua:
3826 2033 3891 2087 ad

2300 2126 2655 2195 patriarcham
2692 2126 2918 2181 attinent
2963 2126 3014 2180 in
3059 2124 3298 2181 medium
3341 2125 3644 2188 adducere,
3685 2134 3742 2178 et
3772 2139 3894 2194 qua!

2299 2215 2413 2270 hcri
2443 2215 2586 2270 dicta
2617 2215 3012 2284 subsequuntur
3041 2228 3181 2270 nunc
3222 2229 3519 2269 assumere.
3550 2213 3895 2285 Cognovistis

2298 2308 2442 2363 enim
2467 2322 2531 2361 ex
2557 2306 2671 2375 jam
2696 2306 2853 2361 dictis
2872 2349 2888 2369 ,
2929 2307 3197 2377 quomodo
3224 2307 3471 2362 maxima:
3501 2307 3642 2361 illius
3670 2306 3895 2362 humili-

2300 2399 2422 2453 tatis
2452 2412 2576 2467 erga
2615 2398 2714 2451 Lot
2742 2397 2995 2453 exhibita:
3015 2437 3031 2463 ,
3063 2412 3165 2468 qua
3206 2397 3280 2451 illi
3314 2396 3610 2467 potioribus
3648 2396 3895 2466 partibus

2299 2488 2494 2554 cessit,
2522 2502 2770 2559 magnam
2796 2502 2825 2540 a
2860 2488 2967 2543 Deo
2994 2487 3295 2542 mercedem
3322 2488 3392 2542 sit
3419 2496 3811 2557 consequutus,
3842 2495 3895 2541 ct

2301 2583 2712 2653 promissionem
2753 2583 3020 2651 acceperit
3065 2581 3221 2651 longe
3253 2582 3420 2647 ipsius
3462 2580 3594 2635 facta
3626 2595 3893 2649 superan-

2300 2685 2430 2730 tem.
2456 2673 2741 2729 Videamus
2766 2683 2943 2729 antem
2979 2673 3231 2742 deinceps
3258 2674 3419 2727 etiam
3457 2689 3521 2727 ex
3555 2673 3716 2727 hodie
3743 2676 3895 2726 locus

2300 2781 2514 2823 rursum
2539 2766 2708 2838 ipsius
2727 2766 2855 2837 justi
2882 2767 3153 2831 virtutem,
3178 2774 3236 2819 ut
3258 2764 3326 2819 ita
3350 2764 3705 2834 procedentes
3728 2764 3896 2819 disca-

2301 2872 2421 2915 mus
2462 2857 2785 2912 iuelfabilcm
2834 2856 2924 2911 Dei
2969 2870 3096 2927 erga
3143 2855 3289 2910 illum
3334 2855 3745 2925 providentiam.
3790 2853 3895 2907 Νιις

2301 2950 2442 3003 enim
2491 2963 2680 3002 omnes
2728 2962 2823 3016 per
2864 2947 3183 3018 patriarcha:
3231 2943 3622 3014 philosophiam
3666 2944 3892 3009 docens,

2301 3040 2428 3093 sinit
2475 3039 2646 3107 ipsum
2677 3054 2769 3107 per
2799 3036 3005 3109 singula
3054 3047 3294 3106 tempora
3330 3035 3480 3105 prius
3520 3034 3895 3089 demonstrare

2302 3133 2464 3185 animi
2495 3132 2769 3200 pietatem,
2794 3141 2849 3184 et
2873 3138 2998 3184 tunc
3020 3144 3172 3185 suam
3201 3125 3356 3182 all‘ert
3382 3127 3896 3190 remunerationem,

2305 3233 2362 3278 ut
2389 3234 2444 3279 et
2484 3237 2586 3279 nos
2627 3222 2983 3293 patriarcham
3024 3221 3293 3277 imitantes
3323 3219 3564 3275 studiose
3590 3217 3896 3274 adnitamur

2304 3315 2452 3385 prius
2491 3314 2701 3369 virtutis
2742 3314 2952 3368 labores
2993 3327 3308 3382 capessere,
3350 3320 3512 3382 atque
3555 3312 3631 3366 ita
3670 3310 3742 3366 ab
3784 3310 3899 3380 ipso

2307 3407 2753 3463 remunerationis
2786 3406 2954 3460 vicem
2988 3412 3322 3474 exspectare.

2354 3503 2410 3557 5.
2427 3498 2609 3556 Clades
2622 3500 2753 3570 regis
2772 3498 3129 3563 Sodomorum,
3148 3513 3180 3549 a
3200 3494 3427 3565 pluribus
3440 3495 3639 3565 regibus
3654 3493 3869 3564 impetiti
3881 3532 3897 3557 ,

2303 3593 2569 3663 captivitas
2593 3600 2640 3644 et
2663 3590 2900 3659 spoliatio
2925 3587 3058 3654 Lot;
3088 3588 3356 3641 concordia
3374 3587 3635 3656 laudatur,
3662 3603 3765 3657 qua
3794 3601 3899 3642 eer-

2303 3696 2417 3741 oata
2445 3683 2575 3739 nihil
2600 3682 2694 3738 Lat
2719 3683 2892 3753 fuisset
2912 3697 3187 3749 passus.—
3206 3678 3311 3734 Sed
3334 3690 3546 3749 tempus
3568 3686 3676 3746 est,
3700 3690 3760 3732 ut
3783 3694 3898 3751 quae

2306 3776 2466 3830 hodie
2496 3774 2631 3828 lecta
2668 3782 2812 3835 sunt,
2846 3772 2999 3825 vobis
3047 3784 3339 3841 proponam
3372 3784 3387 3822 :
3417 3784 3480 3824 ea
3511 3769 3656 3823 enim
3683 3770 3775 3823 vix
3819 3771 3896 3822 iu-

2308 3867 2686 3939 terpretatione
2707 3880 2842 3935 opus
2867 3864 3081 3919 habent.
3111 3863 3243 3918 Nam
3271 3862 3353 3917 vel
3380 3863 3492 3932 ipsa
3523 3861 3685 3917 Icelio
3713 3862 3895 3917 excel-

2307 3961 2501 4015 lentem
2516 3960 2643 4028 justi
2664 3958 2911 4012 virtutem
2928 3956 3057 4011 satis
3072 3956 3441 4012 demonstrare
3455 3964 3651 4026 potest.
3674 3957 3695 4009 l
3713 3992 3723 4002 .
3744 3955 3901 4023 (Cap.

2309 4052 2401 4120 14)
2417 4048 2632 4104 Factum
2650 4058 2721 4103 est
2735 4060 2923 4114 autem,
2958 4048 3144 4118 inquit,
3178 4047 3230 4099 in
3254 4062 3409 4117 regno
3433 4046 3750 4113 Amarpltatlt
3774 4048 3901 4117 regis

2310 4142 2579 4203 Sennaar,
2615 4140 2799 4193 Arioch
2842 4155 2931 4193 rea:
2990 4136 3213 4206 Elasar,
3256 4146 3305 4191 et
3353 4136 3765 4208 Ckodologomor
3818 4154 3902 4191 res

2308 4232 2483 4299 Elum,
2517 4240 2562 4284 et
2590 4229 2843 4284 Thartltac
2868 4245 2956 4284 re:-
2981 4224 3301 4300 gentium,’2.
3330 4229 3553 4299 fecerunt
3578 4228 3766 4280 bellum
3791 4245 3901 4279 cum

2309 4323 2467 4377 Balac
2509 4340 2623 4394 rege
2671 4322 3037 4387 Sodomorum,
3088 4331 3132 4375 et
3175 4336 3288 4373 cunt
3315 4318 3508 4373 Barsac
3536 4336 3652 4389 rege
3681 4319 3899 4373 (inmor-

2307 4418 2435 4483 rlue,
2476 4428 2522 4471 et
2565 4432 2682 4470 cum
2728 4414 2962 4470 Sennaar
3010 4430 3126 4485 rege
3155 4411 3372 4477 Adamn,
3424 4421 3616 4464 etcum
3649 4410 3903 4482 Symobur

2308 4524 2423 4577 rege
2460 4506 2683 4569 Seboint,
2727 4514 2773 4560 et
2820 4521 2935 4575 rege
2958 4503 3150 4569 Balac;
3176 4504 3287 4574 ipsa
3307 4512 3379 4557 est
3402 4502 3582 4573 Segor.
3624 4503 3660 4556 5
3717 4502 3903 4556 Onam

2309 4600 2347 4654 ii
2395 4600 2481 4669 qui
2524 4599 2933 4667 conspirauerunt
2984 4598 3038 4650 in
3092 4595 3235 4650 Valle
3286 4595 3445 4663 salsa,
3488 4611 3603 4665 qua:
3653 4612 3793 4650 nunc
3836 4605 3903 4649 est

2309 4707 2449 4744 mare
2503 4691 2644 4744 salis.
2693 4689 2825 4743 Vide
2874 4688 3164 4758 Scriptura:
3217 4687 3584 4759 diligentiam,
3630 4689 3903 4757 quomodo

2310 4783 2525 4837 nomina
2575 4782 2733 4835 etiam
2780 4795 2963 4851 regum
3017 4788 3072 4834 et
3107 4780 3376 4834 nationum
3426 4795 3896 4839 commemorave.

2314 4872 2406 4938 rit;
2443 4890 2547 4927 non
2593 4873 2709 4933 sine
2749 4887 2930 4939 causa,
2976 4871 3071 4927 sed
3111 4880 3169 4927 ut
3206 4887 3271 4927 ex
3317 4873 3508 4925 horum
3548 4873 3907 4941 appellatione

2309 4965 2485 5021 discas
2514 4965 2796 5019 barbarum
2825 4963 3048 5017 istorum
3088 4962 3345 5017 animout.
3378 4962 3469 5018 Isti
3509 4962 3674 5028 enim,
3709 4962 3906 5034 inquit,

2312 5059 2509 5115 bellum
2538 5066 2821 5127 gesserunt
2862 5054 3116 5110 adversus
3141 5054 3496 5111 Sodomorum
3529 5071 3711 5126 regem
3743 5066 3799 5111 et
3826 5074 3901 5111 rc-

2266 5175 2271 5179 -
2312 5152 2507 5220 liquos.
2536 5148 2737 5204 Deinde
2777 5148 2902 5203 belli
2941 5162 3156 5202 causam
3182 5146 3341 5201 etiam
3371 5146 3548 5213 docet,
3583 5146 3727 5202 unde
3758 5149 3906 5215 priu-

2311 5242 2506 5311 cipium
2535 5240 2799 5305 habuerit,
2824 5239 3006 5293 dicens
3034 5239 3125 5292 τι.
3152 5237 3437 5291 Duodecim
3460 5240 3609 5292 annis
3630 5241 3907 5293 servierant

2311 5332 2733 5403 Cltodologontor,
2786 5331 2930 5384 tertio
2976 5338 3145 5383 autem
3193 5329 3386 5383 decimo
3412 5346 3548 5383 anno
3567 5330 3907 5397 desciverunt,

2312 5425 2367 5479 5.
2397 5424 2590 5491 Quarto
2615 5434 2784 5476 autem
2829 5433 2874 5475 et
2922 5421 3114 5477 decimo
3143 5438 3277 5475 anno
3321 5422 3450 5475 venit
3475 5420 3906 5492 Cbodologomor,

2312 5526 2360 5567 et
2391 5531 2530 5584 reges
2571 5516 2656 5582 qui
2700 5528 2814 5567 cum
2857 5514 2914 5566 eo
2958 5522 3116 5578 erant,
3149 5522 3194 5566 et
3223 5514 3540 5566 trucidarunt
3585 5515 3815 5583 gigantes
3856 5516 3907 5567 in

2313 5604 2550 5656 Astarotlt
2593 5612 2638 5656 et
2666 5602 2925 5665 Carnaim,
2957 5612 3004 5657 et
3029 5612 3203 5673 gentes
3233 5604 3386 5671 fortes
3411 5620 3511 5657 una
3540 5621 3655 5657 cum
3684 5607 3829 5673 ipsis,
3865 5616 3905 5659 et

2318 5695 2591 5757 Unnnteos,
2634 5694 2720 5758 qui
2746 5702 2888 5744 erant
2933 5694 2985 5745 in
3031 5693 3162 5746 Save
3204 5694 3425 5759 ciuitate,
3458 5694 3509 5748 6.
3541 5706 3587 5748 et
3614 5694 3904 5763 Cltorrteos,

2314 5783 2400 5854 qui
2425 5793 2563 5837 erant
2590 5785 2640 5836 in
2670 5784 2917 5839 montibus
2949 5783 3083 5851 Seir,
3117 5799 3273 5854 usque
3294 5790 3361 5838 ad
3384 5785 3740 5843 Terebiutltum
3762 5788 3898 5841 Pita-
