4058 6384
288 430 393 489 3'25

285 563 400 609 ron,
428 558 545 614 qua
570 549 643 597 est
672 541 729 597 in
755 551 941 594 eremo.
969 536 1023 593 7.
1054 533 1120 589 Et
1158 532 1343 587 reversi
1372 538 1612 585 verterunt
1642 526 1712 582 ad
1739 524 1883 579 Fon-

287 648 383 690 trm
416 634 605 706 judicii
624 648 644 697 ,'
663 635 775 703 ipsa
802 640 876 686 est
919 628 1117 691 Gades;
1144 635 1189 681 el
1217 624 1507 680 occiderunt
1536 639 1709 676 omnes
1741 619 1887 689 prin-

284 728 421 794 eipes
462 726 690 792 Amalec,
746 732 794 777 et
844 720 1167 776 Amorrluzos
1195 728 1243 772 et
1270 718 1553 772 habitantes
1582 718 1633 770 in
1665 718 1888 769 Asason-

289 817 511 871 thamar.
560 814 637 872 Ne
678 821 1062 883 pratereamus
1107 808 1301 872 obiter,
1352 808 1555 869 dilecti.
1604 823 1722 878 qua:
1748 806 1888 861 dicta

289 919 446 971 sunt,
494 921 668 976 neque
731 913 978 975 putemus
1042 901 1283 957 inutilem
1332 915 1453 956 esse
1502 899 1886 953 narrationem.

292 999 478 1053 Dedita
525 997 668 1051 enim
713 1010 875 1064 opera
901 993 1079 1048 divina
1107 992 1379 1062 Scriptura
1405 991 1687 1059 diligenter
1710 990 1889 1043 omnia

289 1091 445 1145 nobis
468 1088 723 1153 narravit,
753 1097 809 1142 ut
832 1087 1101 1141 discamus
1129 1092 1382 1155 quantum
1415 1084 1572 1137 fuerit
1613 1081 1796 1144 robur,
1836 1092 1892 1136 et

290 1191 488 1250 qumta
535 1180 769 1252 potentia
820 1179 1191 1243 barbarorum,
1238 1185 1292 1233 et
1334 1184 1534 1247 quanto
1584 1176 1782 1243 impetu
1839 1177 1889 1227 in

288 1267 491 1332 bellum
514 1271 778 1333 venerint,
806 1280 863 1323 ut
887 1269 1047 1323 etiam
1075 1270 1337 1339 gigantes,
1378 1268 1480 1321 hoc
1508 1266 1610 1331 est,
1642 1279 1893 1334 proceros

289 1372 344 1417 et
391 1368 557 1418 tortes
603 1375 848 1433 corpore,
900 1360 1254 1423 debellarint,
1311 1371 1606 1426 omnesque
1660 1356 1893 1425 regionis

288 1461 481 1521 gentes
538 1451 591 1504 in
637 1451 813 1520 fugam
864 1450 1140 1505 verterint.
1186 1448 1319 1503 Nam
1347 1449 1483 1504 sicut
1537 1455 1768 1509 torrens,
1802 1447 1890 1516 qui

290 1542 445 1597 valde
471 1541 704 1598 excurrit
733 1551 783 1597 et
813 1541 1056 1607 inundat,
1085 1541 1265 1596 omnia
1294 1555 1479 1595 secum
1526 1540 1664 1608 rapit
1687 1547 1743 1593 et
1771 1554 1893 1609 per-

288 1634 411 1690 dit:
460 1636 530 1689 ita
574 1644 631 1690 et
678 1634 891 1688 barbari
938 1634 1012 1689 illi
1048 1634 1359 1689 invaserunt
1383 1647 1572 1687 omnes
1601 1641 1805 1701 gentes,
1839 1639 1894 1685 et

289 1739 480 1781 omnes
511 1741 732 1795 prorsus
758 1725 1125 1795 perdiderunt,
1153 1724 1222 1777 ita
1255 1734 1311 1776 ut
1338 1731 1393 1777 et
1422 1722 1689 1792 principes
1729 1724 1892 1774 Ama-

292 1818 588 1879 lccitarum.
636 1827 693 1872 et
736 1818 871 1872 alios
918 1832 1107 1873 omnes
1156 1817 1208 1870 in
1257 1814 1436 1885 fugam
1466 1816 1741 1869 verterint.
1786 1811 1893 1867 Sed

294 1909 431 1964 forte
463 1909 661 1963 dixerit
705 1909 968 1979 quispiam
1004 1924 1018 1961 :
1061 1907 1128 1963 Et
1156 1922 1276 1976 quae
1322 1906 1452 1960 mihi
1483 1906 1703 1969 utilitas,
1755 1904 1894 1959 scire

291 2001 640 2056 barbarorum
668 2002 871 2056 robur?
920 2000 1034 2056 Non
1062 2010 1264 2055 temere
1317 2013 1492 2068 neque
1544 1997 1738 2051 frustra
1771 2012 1893 2050 nar-

290 2092 485 2146 rationi
537 2091 659 2147 talia
710 2092 999 2147 immiscuit
1048 2090 1325 2159 Scriptura
1367 2089 1583 2153 divina,
1630 2103 1731 2143 nec
1777 2088 1897 2142 sine

292 2198 449 2239 causa
478 2200 577 2240 nos
596 2200 627 2239 a
659 2184 921 2255 principio
945 2193 1192 2239 auctores
1221 2182 1372 2237 vobis
1414 2196 1599 2237 sumus
1628 2193 1683 2236 ut
1707 2196 1894 2235 eorum

294 2275 662 2332 fortitudinem
722 2278 982 2333 memoria
1027 2278 1297 2331 teneatis:
1329 2277 1424 2333 sed
1466 2286 1522 2331 ut
1571 2278 1898 2347 procedente

294 2368 535 2422 doctrina
568 2369 787 2424 discetis
830 2377 883 2424 et
925 2368 1195 2438 ingentem
1229 2368 1324 2423 Dei
1372 2370 1685 2437 potentiam,
1716 2378 1769 2423 et
1802 2384 1896 2437 pa-

296 2458 545 2513 ttiarcba:
589 2460 860 2514 virtutem.
911 2458 1111 2514 Contra
1163 2459 1283 2513 illos
1312 2459 1473 2529 igitur
1517 2459 1604 2528 qui
1634 2468 1783 2513 tanto
1812 2474 1899 2513 ro-

296 2547 425 2601 bore
452 2548 656 2617 pr:editi
689 2558 862 2615 erant,
890 2559 943 2604 et
966 2556 1043 2603 tot
1070 2556 1261 2619 gentes
1306 2549 1357 2603 in
1388 2549 1563 2618 fugant
1602 2558 1895 2616 verterant,

296 2639 350 2692 8.
386 2637 638 2708 Egressus
662 2648 756 2704 est,
787 2638 978 2709 inquit,
1002 2639 1054 2692 in
1082 2639 1317 2710 praelium
1343 2654 1435 2692 rea:
1456 2637 1819 2701 Sodomorum,
1852 2648 1899 2691 et

296 2728 617 2796 Comorrlue,
649 2739 696 2783 et
723 2745 813 2784 rex
838 2729 1059 2797 Adamn,
1088 2740 1137 2784 et
1162 2746 1252 2785 rea:
1277 2730 1506 2796 Seboint,
1529 2740 1576 2783 et
1600 2746 1689 2783 rex
1712 2728 1899 2807 Bolae,

294 2821 406 2891 ipsa
430 2831 505 2875 est
525 2819 690 2892 Seqor
708 2838 730 2875 :
753 2830 801 2876 et
825 2822 1116 2877 direxerunt
1142 2821 1301 2876 aciem
1326 2821 1380 2875 in
1408 2823 1641 2888 prarlium
1668 2823 1721 2875 in
1758 2819 1902 2876 Valle

296 2913 455 2974 salsa,
500 2911 555 2967 9.
590 2920 767 2965 contra
806 2910 1217 2983 Cliodologomor
1260 2923 1305 2966 et
1340 2912 1615 2978 Tharthac,
1640 2924 1690 2968 et
1718 2915 1900 2967 Amar-

296 3002 477 3071 plmtlt,
524 3012 574 3057 et
610 3002 820 3057 Arioclt.
875 3003 1109 3068 Quatuor
1148 3021 1289 3075 reges
1317 3017 1495 3058 contra
1538 3008 1775 3076 quinque.
1811 3006 1897 3061 10.

307 3090 469 3148 Vallis
512 3102 679 3147 autem
723 3094 881 3158 salsa,
931 3095 1069 3162 putei
1092 3094 1372 3148 bituminis.
1407 3095 1606 3149 Deinde
1633 3104 1691 3148 ut
1722 3094 1904 3149 disca-

298 3200 420 3239 mus
457 3185 728 3253 quomodo
770 3200 956 3240 eorum
1002 3185 1184 3249 robur,
1232 3195 1286 3240 et
1324 3187 1617 3256 potentiam
1643 3187 1901 3258 obstupe—

296 3281 535 3342 sccntes,
561 3274 613 3327 in
639 3273 818 3344 fugam
843 3276 980 3327 versi
999 3281 1144 3339 sunt,
1174 3274 1341 3343 inquit
1362 3273 1449 3334 .Et
1468 3276 1599 3345 fugit
1623 3292 1713 3328 rea:
1735 3276 1907 3330 Sodo-

298 3379 519 3428 morum,
566 3373 612 3417 et
658 3363 977 3431 Gomorrlue,
1026 3373 1074 3419 et
1113 3365 1402 3419 ceciderunt
1451 3367 1556 3419 illic
1602 3367 1687 3419 ubi
1737 3371 1903 3435 fontes

298 3465 443 3508 eram
470 3469 490 3509 :
517 3456 604 3528 qui
624 3466 792 3510 autem
830 3457 1031 3527 reliqui,
1065 3462 1304 3529 fugerunt
1343 3459 1394 3512 in
1427 3470 1687 3512 montana.
1712 3458 1903 3513 Vidisti

299 3553 502 3615 quanto
547 3546 741 3600 rob«.re
784 3547 1057 3601 bellabant
1099 3549 1185 3602 isti
1233 3548 1370 3602 viri?
1417 3550 1689 3619 quomodo
1720 3549 1904 3605 hostes

300 3648 429 3689 suos
455 3636 620 3689 etiam
647 3646 865 3706 aspectu
892 3652 990 3691 suo
1020 3646 1347 3704 terruerunt,
1368 3648 1420 3693 et
1447 3640 1498 3693 in
1528 3639 1702 3707 fugam
1730 3650 1905 3697 verte-

302 3729 465 3783 runt?
496 3727 625 3782 Vide
651 3728 905 3798 deinceps
932 3730 1202 3800 quomodo
1229 3731 1333 3785 illis
1360 3731 1537 3799 fugam
1575 3734 1901 3800 ineuntibus,

307 3819 395 3874 isti
425 3819 620 3875 ablatis
646 3821 894 3875 omnibus
915 3837 1035 3891 qua:
1057 3822 1265 3876 illorum
1292 3832 1466 3884 erant.
1492 3824 1788 3879 redierunt.
1815 3827 1901 3880 ll.

304 3911 615 3978 Acceperunt
652 3921 841 3977 autem,
888 3910 1076 3980 inquit,
1111 3922 1372 3976 montana,
1406 3922 1451 3967 et
1477 3930 1677 3969 omnem
1707 3918 1905 3985 equita-

305 4010 414 4052 tum
461 3999 804 4055 Sodomorum
848 4012 895 4055 et
944 4001 1263 4069 Gomorrlue,
1295 4013 1343 4058 et
1395 4021 1568 4059 omnes
1597 4020 1907 4064 commeatus

304 4106 498 4157 eorum,
529 4101 577 4145 et
602 4092 850 4147 abierunt.
878 4093 962 4146 12.
994 4094 1308 4164 Acceperunt
1327 4112 1523 4165 quoque
1543 4108 1588 4152 et
1618 4097 1715 4151 Lot
1740 4101 1904 4167 ﬁlium

306 4182 481 4251 fratris
500 4182 669 4244 Abrae.
697 4196 744 4238 et
764 4186 1129 4254 supellectilem
1149 4189 1277 4258 ejus,
1297 4197 1346 4241 et
1358 4189 1607 4243 abierunt.
1634 4189 1908 4245 Habitabat

306 4274 439 4325 enim
467 4274 519 4326 in
549 4274 808 4329 Sodomis.
833 4275 972 4330 Ecce
992 4275 1043 4330 id
1072 4277 1214 4345 quod
1246 4276 1360 4331 heri
1390 4278 1654 4343 dicebam,
1688 4282 1739 4335 id
1768 4299 1909 4338 nunc

306 4364 519 4428 evenit;
564 4365 693 4418 nihil
734 4366 879 4420 enim
905 4364 1103 4435 profuit
1130 4367 1285 4432 Loto,
1314 4369 1459 4440 quod
1488 4373 1694 4440 potiora
1724 4373 1905 4444 elege-

308 4455 399 4520 rit.
439 4456 534 4511 sed
582 4473 641 4512 re
689 4457 801 4528 ipsa
848 4458 1034 4514 didicit
1060 4460 1267 4529 priores
1286 4472 1467 4533 partes
1495 4480 1599 4520 non
1629 4476 1903 4535 appetere.

308 4545 441 4601 Nam
480 4563 545 4601 ex
588 4549 689 4603 hoc
732 4566 839 4604 non
881 4551 1057 4604 solum
1103 4552 1237 4606 nihil
1288 4554 1531 4611 utilitatis
1572 4558 1622 4611 ei
1651 4560 1906 4623 accrevit,

309 4637 403 4692 sed
451 4652 578 4693 ecce
623 4641 866 4708 captivus
912 4642 1073 4695 etiam
1113 4641 1377 4698 abductus
1416 4655 1517 4709 est,
1550 4656 1606 4702 et
1638 4647 1825 4703 didicit
1852 4665 1911 4705 re

310 4728 445 4799 ipsa,
492 4732 661 4785 multo
712 4734 881 4787 satius
921 4735 969 4788 ei
1012 4735 1176 4790 fuisse
1220 4737 1293 4791 uti
1336 4740 1726 4794 consuetudine
1756 4742 1907 4810 justi,

310 4836 469 4890 quam
519 4832 849 4890 separatum,
900 4834 955 4879 et
1009 4826 1061 4879 in
1112 4828 1359 4883 libertate
1407 4831 1682 4885 viventem
1718 4832 1768 4885 in
1802 4842 1910 4887 tam

312 4912 507 4966 multas
536 4913 867 4969 calamitates
897 4916 1152 4971 incidere.
1183 4919 1323 4973 Ecce
1351 4922 1494 4974 enim
1525 4932 1580 4974 ut
1605 4923 1809 4976 divisus
1830 4933 1913 4979 est

312 5020 340 5057 a
369 5005 691 5074 patriarcha,
722 5024 845 5062 cum
875 5018 1079 5075 putaret
1106 5027 1164 5065 se
1193 5012 1243 5065 in
1272 5014 1458 5082 majori
1485 5031 1607 5070 esse
1642 5018 1907 5085 libertate,

314 5107 364 5150 ct
395 5100 597 5166 potiora
630 5113 689 5154 se
710 5111 1077 5169 assequutum,
1100 5112 1154 5155 et
1178 5103 1469 5167 abundare,
1495 5118 1717 5175 repente
1744 5108 1912 5165 factus

313 5198 395 5242 est.
438 5203 648 5252 servus,
700 5205 891 5244 carens
941 5176 1122 5254 domo.
1155 5208 1345 5247 carens
1374 5208 1425 5248 et
1458 5197 1576 5250 foco
1606 5217 1618 5252 :
1654 5209 1710 5253 ut.
1738 5201 1914 5256 di~cas

313 5289 570 5345 quantum
615 5279 812 5332 malum
862 5280 1147 5343 dissensio.
1193 5294 1247 5337 et
1272 5296 1527 5355 quantum
1559 5290 1754 5343 bonum
1786 5308 1916 5347 con-

319 5369 495 5422 cordia
526 5385 541 5423 :
584 5380 637 5423 et
674 5372 813 5424 scias
858 5382 1278 5430 consentaneum
1321 5393 1441 5432 esse
1472 5396 1575 5433 non
1608 5383 1806 5449 majora
1838 5396 1913 5440 te-

320 5476 466 5516 mere
516 5476 827 5531 capessere,
878 5464 973 5519 sed
1017 5466 1195 5536 potius
1254 5470 1550 5525 minoribus
1603 5483 1914 5530 contentum

318 5566 459 5606 esse.
508 5556 841 5620 Acceperunt,
890 5555 1081 5625 inquit,
1130 5556 1225 5611 Lot
1273 5570 1319 5612 et
1366 5564 1726 5630 supellectilem
1779 5568 1911 5634 ejus.

316 5652 529 5709 Uttanlo
577 5645 766 5700 trelius
806 5657 923 5702 erat.
960 5664 1081 5703 eum
1126 5664 1249 5705 cum
1299 5654 1596 5720 patriarcha
1628 5658 1830 5724 vivere,
1864 5669 1918 5713 et

321 5734 496 5793 omnia
525 5738 686 5801 terre,
720 5747 777 5792 ut
807 5755 872 5791 nc
895 5741 1179 5796 concordia
1206 5744 1525 5806 solveretur.
1557 5763 1717 5815 quam
1760 5764 1913 5818 sepa-

323 5842 495 5883 ratum
548 5838 599 5884 et
628 5831 811 5886 electis
841 5832 1155 5901 potioribus,
1180 5834 1231 5888 in
1264 5845 1407 5889 tanta
1433 5851 1649 5908 repente
1684 5840 1911 5911 pericula

1260 411 1325 469 IN
1363 410 1518 468 CAP.
1560 407 1698 466 XIV.
1744 402 1995 462 CENES.
2042 400 2270 457 ﬂOillL.
2314 399 2534 456 XXXV.

3499 398 3606 455 εὶς

1997 518 2258 583 incidere,
2308 526 2363 572 et
2411 518 2463 571 in
2513 514 2868 571 barbarorum
2896 514 3086 570 venire
3125 515 3486 585 potestatem?
3516 519 3607 572 13.

1998 609 2281 662 Adveniens
2334 618 2503 661 autem
2559 606 2791 677 quidam,
2844 606 3043 676 inquit,
3077 623 3141 661 ea:
3177 608 3241 661 iis
3290 608 3378 672 qui
3425 612 3608 664 servati

1995 710 2163 764 erant,
2206 702 2453 753 nuntiavit
2493 700 2643 753 Abree
2669 698 2948 753 transitori.
2988 698 3014 752 l
3023 715 3111 767 pse
3145 708 3316 754 autem
3349 699 3607 755 habitabat

1994 793 2145 860 juxta
2187 806 2425 861 quercum
2457 788 2691 845 Humbre
2719 790 2916 853 Omori,
2949 794 3127 859 fratris
3170 790 3383 859 Escltol,
3422 803 3466 847 et
3493 797 3609 864 fra-

1997 885 2089 937 tris
2134 883 2347 944 Aunan,
2389 884 2476 952 qui
2523 893 2670 937 erant
2720 883 3053 955 confoederati
3103 884 3273 939 Abrar.
3324 885 3609 953 Quomodo

2000 984 2206 1029 tantum
2253 975 2453 1030 bellum
2497 974 2786 1029 conflatum
2816 975 3079 1045 ignoravit
3110 977 3448 1045 patriarcha?
3479 976 3609 1033 For-

2000 1068 2158 1123 tassis
2190 1083 2379 1137 magna
2411 1067 2662 1122 distantia
2690 1066 2896 1133 aberat,
2931 1076 2986 1122 et
3025 1068 3148 1121 ideo
3185 1068 3464 1137 ignoravit.
3496 1070 3607 1123 Ad-

1998 1160 2201 1215 veniens
2224 1169 2394 1212 autem
2432 1158 2641 1228 quidam
2677 1158 2999 1212 annuntiavit
3026 1160 3177 1213 Abra!
3219 1160 3524 1214 transitori:
3552 1172 3607 1215 ut

1999 1251 2157 1305 nobis
2176 1263 2563 1306 commemoret
2588 1252 2638 1306 ei
2666 1252 3041 1305 annuntiatum
3070 1266 3211 1316 esse,
3240 1252 3328 1319 qui
3354 1266 3418 1307 ex
3445 1251 3609 1305 Chal-

1998 1341 2113 1396 dzea
2146 1342 2399 1396 redierat.
2436 1341 2569 1396 Nam
2599 1343 2722 1411 quia
2748 1350 2897 1396 trans
2935 1342 3041 1414 (α)
3076 1341 3405 1411 Euphratem
3436 1342 3609 1397 domi-

1998 1434 2180 1487 cilium
2221 1431 2502 1495 habuerat,
2528 1429 2700 1487 dirtus
2749 1442 2834 1488 est
2880 1432 3275 1497 transfluvialis,
3312 1432 3397 1487 vel
3427 1442 3607 1487 trans-

2002 1524 2123 1577 itor.
2169 1524 2235 1577 Et
2269 1532 2424 1578 antea
2455 1525 2617 1578 etiam
2641 1524 2709 1578 ab
2730 1524 2883 1578 initio
2914 1533 3165 1593 parentes
3194 1525 3241 1579 ei
3273 1524 3372 1579 hoc
3411 1539 3606 1579 nomen

2002 1612 2323 1677 indiderant,
2362 1613 2475 1683 jam
2520 1622 2680 1668 antea
2711 1614 3075 1683 significantes
3102 1629 3228 1669 eum
3260 1614 3385 1668 inde
3416 1614 3610 1685 migra-

2002 1713 2201 1756 turum.
2249 1703 2482 1758 Vocatus
2535 1704 2679 1757 enim
2729 1712 2813 1757 est
2858 1703 3081 1770 Abram,
3131 1705 3256 1774 quia
3281 1705 3610 1776 migraturus

2000 1803 2117 1850 erat
2142 1804 2291 1850 trans
2323 1796 2675 1864 Euphratem,
2708 1806 2761 1851 et
2787 1796 2841 1851 in
2872 1796 3213 1852 Palmstinam
3243 1808 3520 1853 venturus.

2071 1889 2127 1943 4.
2159 1888 2387 1944 Attende
2413 1889 2683 1957 quomodo
2706 1898 2760 1944 et
2788 1898 3039 1959 parentes
3063 1890 3181 1959 ejus
3208 1891 3334 1947 licet
3364 1892 3610 1948 infideles

2000 1989 2204 2045 essent,
2223 1979 2384 2035 ductu
2409 1980 2796 2050 potentissimae
2816 1980 3093 2051 sapientia:
3113 1982 3203 2037 Dei
3223 1998 3420 2038 nonten
3444 1999 3609 2054 puero

2004 2071 2409 2139 imposuerunt,
2446 2073 2585 2125 sicut
2609 2081 2665 2126 et
2696 2071 2928 2128 Lamecb
2963 2087 3064 2127 suo
3102 2072 3232 2130 Noe.
3265 2074 3361 2127 Est
3388 2074 3531 2129 enim
3558 2083 3612 2129 et

2004 2161 2107 2215 hoc
2142 2160 2336 2215 divinze
2378 2161 2756 2231 benignitatis,
2787 2170 2907 2231 post
2944 2161 3171 2217 multum
3212 2171 3423 2233 tempus
3449 2179 3612 2218 even-

2004 2259 2121 2305 tura
2152 2266 2250 2321 per
2276 2251 2527 2319 infideles
2546 2252 2932 2321 pra‘nuntiare.
2964 2251 3268 2308 Adveniens
3297 2253 3476 2323 itaque
3497 2255 3612 2324 qui-

2003 2342 2151 2411 dam,
2180 2342 2369 2412 inquit,
2400 2344 2661 2397 nuntiavit
2697 2343 2971 2399 transitori
3008 2360 3129 2415 quae
3169 2345 3494 2408 acciderant.
3524 2362 3613 2402 ca-

2007 2434 2303 2501 ptivitatem
2352 2434 2601 2490 videlicet
2650 2434 2742 2489 lilii
2791 2435 3006 2500 fratris,
3056 2445 3110 2492 et
3159 2452 3347 2507 regum
3398 2439 3612 2493 illorum

2007 2538 2256 2591 magnam
2297 2526 2590 2593 potentiam
2616 2568 2632 2591 ,
2664 2525 3130 2597 Sodomorumque
3172 2529 3570 2597 pepnlationem
3594 2571 3612 2595 ,

2004 2624 2058 2668 et
2088 2614 2282 2669 laedam
2313 2613 2510 2685 fugam.
2544 2613 2666 2684 Ipse
2696 2626 2867 2670 autem
2887 2659 2903 2677 ,
2932 2617 3139 2687 inquit,
3179 2619 3442 2673 habitabat
3458 2621 3614 2691 juxta

2002 2718 2242 2773 quercum
2275 2702 2509 2760 Mambre
2536 2704 2717 2759 Omori
2733 2747 2749 2771 ,
2777 2708 2953 2777 fratris
2984 2706 3194 2773 Eschol,
3222 2718 3271 2762 et
3295 2708 3502 2775 Annon,
3528 2712 3614 2781 qui

2006 2806 2150 2850 erant
2176 2796 2507 2864 eonfaderati
2537 2798 2707 2853 Alme.
2738 2798 2856 2854 Jam
2886 2799 3023 2856 forte
3054 2800 3138 2855 hic
3164 2802 3358 2872 aliquis
3386 2804 3616 2857 interro-

2006 2887 2210 2953 gaverit
2245 2887 2462 2954 :Quare
2501 2903 2688 2943 eorum
2728 2891 2817 2959 qui
2860 2891 2921 2957 in,
2955 2891 3207 2947 Sodomis
3245 2903 3434 2959 erant,
3466 2896 3616 2950 solus

2002 2978 2179 3045 justus
2205 2976 2307 3032 Lot
2333 2978 2388 3031 in
2417 2980 2777 3047 captivitatem
2806 2981 3133 3036 abducitur?
3157 2983 3275 3038 Non
3310 2986 3427 3039 sine
3452 3000 3612 3040 caiisa

2010 3069 2110 3123 hoc
2130 3109 2145 3135 ,
2174 3085 2350 3139 neque
2380 3069 2574 3126 frustra
2608 3088 2621 3125 :
2654 3070 2750 3127 sed
2779 3080 2835 3126 ut
2863 3073 3033 3128 discat
3078 3074 3162 3129 his
3195 3078 3478 3134 eventibus
3518 3077 3616 3135 hct

2010 3160 2326 3230 patriarcha:
2366 3162 2613 3217 virtutem
2639 3202 2654 3227 ,
2686 3173 2744 3218 et
2780 3172 2839 3218 ut
2878 3174 3097 3235 propter
3132 3165 3305 3235 ipsum
3337 3178 3617 3224 serventur

2007 3261 2063 3307 et
2088 3253 2212 3316 alii,
2241 3262 2402 3323 utque
2428 3255 2687 3309 doceatur
2729 3256 3016 3324 primatum
3052 3272 3159 3314 non
3199 3270 3487 3330 appetere,
3520 3264 3616 3318 sed

2010 3343 2303 3413 majoribus
2332 3345 2544 3399 cedere.
2582 3346 2876 3403 Audiamus
2904 3359 3084 3404 autem
3119 3350 3375 3423 deinceps
3404 3370 3465 3409 ea
3498 3371 3617 3425 quze

2008 3443 2325 3504 sequuntur,
2360 3444 2417 3489 nt
2445 3436 2716 3492 discamus
2744 3448 2799 3493 ct
2831 3440 2961 3507 justi
2993 3443 3273 3509 virtutem,
3305 3455 3359 3499 et
3389 3446 3614 3502 immen-

2010 3543 2129 3584 sum
2166 3529 2257 3584 Dei
2300 3530 2619 3586 subsidium.
2661 3531 2857 3586 Verum
2898 3533 3186 3603 diligenter
3209 3537 3367 3593 dictis
3401 3544 3615 3596 auscul-

2012 3628 2140 3683 tate,
2166 3628 2508 3691 mentemque
2534 3621 2851 3692 recolligite.
2875 3623 3096 3679 Multum
3119 3627 3261 3680 enim
3285 3627 3417 3683 lucri
3446 3628 3622 3685 facere

2014 3708 2100 3763 hic
2138 3709 2465 3781 poterimus,
2497 3719 2553 3766 et
2577 3726 2643 3766 ex
2675 3712 2740 3766 iis
2765 3728 2884 3782 qua:
2923 3715 3026 3769 Lot
3052 3729 3347 3773 evenerunt
3372 3720 3571 3775 discert
3603 3742 3618 3777 :

2012 3815 2304 3868 numquam
2337 3816 2479 3870 :egre
2510 3801 2809 3867 ferendum,
2841 3804 2885 3857 si
2911 3806 3125 3875 quando
3145 3806 3275 3876 justi
3306 3810 3542 3865 incidant
3562 3809 3617 3862 iu

2014 3892 2354 3955 temtationcs,
2381 3893 2607 3961 improbi
2634 3909 2761 3948 vero
2785 3906 2835 3949 et
2865 3897 2986 3950 mali
3015 3898 3247 3953 evadant
3272 3917 3285 3955 :
3318 3917 3489 3972 neque
3512 3906 3623 3961 ullo

2014 3981 2175 4035 modo
2206 3982 2375 4050 prima
2410 3984 2698 4051 quaerenda
2729 4000 2850 4039 esse
2870 4028 2885 4050 ,
2916 4002 3091 4057 neque
3119 3988 3317 4060 aliquid
3352 3992 3622 4062 justorum

2014 4072 2360 4127 familiaritati
2397 4084 2450 4127 et
2480 4075 2749 4130 convictui
2795 4078 3219 4146 prchcrendum;
3248 4083 3343 4137 sed
3374 4085 3474 4138 etsi
3512 4100 3625 4140 ser-

2011 4164 2266 4219 viendum
2298 4166 2367 4219 sit
2402 4164 2691 4221 habitando
2714 4183 2837 4223 cum
2872 4169 3002 4223 viris
3030 4172 3226 4227 virtute
3268 4175 3539 4243 przcditis,
3571 4178 3623 4232 id

2018 4263 2127 4323 ipsa
2163 4254 2407 4310 libertate
2447 4257 2631 4312 utilius
2669 4273 2811 4314 esse.
2856 4259 2924 4313 Et
2968 4260 3189 4330 insuper
3228 4263 3499 4321 discamus
3534 4283 3628 4337 pas

2016 4345 2264 4401 triarcha:
2312 4347 2575 4417 insignem
2621 4350 2960 4405 tolerantiam
2990 4392 3005 4414 ,
3056 4367 3381 4422 propensum
3424 4357 3477 4411 in
3527 4358 3627 4413 Lot

2015 4451 2256 4490 amorem
2281 4446 2333 4491 et
2356 4438 2806 4501 benevolentiam,
2834 4440 3159 4495 fortitudinis
3183 4445 3625 4513 magnitudinem,

2016 4541 2176 4594 apum
2206 4537 2606 4595 contemptum,
2638 4528 2959 4584 ineffabilem
2988 4530 3158 4585 divini
3191 4549 3315 4603 erga
3354 4536 3501 4589 illum
3534 4538 3631 4592 atl-

2013 4616 2199 4685 jutorii
2229 4619 2500 4671 virtutem.
2535 4620 2622 4673 H.
2663 4618 2730 4673 Ut
2761 4628 2928 4672 autem
2954 4621 3173 4699 audiri’t,
3208 4622 3412 4693 inquit,
3441 4626 3631 4684 Abram

2017 4709 2151 4776 quod
2179 4719 2358 4777 captus
2384 4720 2509 4762 esset
2540 4708 2635 4763 Lat
2665 4710 2842 4779 fratris
2880 4712 2958 4764 sui
2996 4712 3133 4780 ﬁlius
3152 4755 3165 4775 ,
3196 4719 3480 4771 numeravit
3511 4737 3631 4788 pro-

2020 4799 2157 4867 prios
2189 4798 2485 4851 vernaculos
2513 4815 2631 4852 suos
2660 4809 2907 4855 trecentos
2932 4801 3102 4855 decem
3128 4813 3176 4858 et
3196 4816 3313 4858 octo
3336 4847 3350 4871 ,
3381 4816 3427 4860 et
3463 4826 3636 4877 ρεηε..

2019 4896 2207 4955 quutus
2234 4897 2307 4942 est
2333 4888 2450 4941 illos
2474 4905 2632 4959 usque
2661 4888 2796 4957 Dan,
2828 4892 2915 4947 15.
2944 4900 2992 4945 et
3019 4893 3168 4947 irruit
3199 4912 3353 4966 super
3378 4914 3463 4953 eos
3495 4914 3641 4955 noc‘e

2021 4979 2128 5046 ipse
2154 4988 2198 5031 et
2227 4980 2369 5045 pucn'
2393 4981 2525 5049 ejus,
2550 4990 2594 5033 et
2620 4984 2865 5049 percussit
2888 4999 2992 5048 eos,
3022 4994 3069 5036 et
3100 5000 3429 5057 persequutus
3460 5000 3533 5047 est
3556 5009 3641 5050 eos

2024 5084 2182 5138 usque
2202 5068 2415 5133 Chobal,
2439 5086 2550 5139 qua:
2578 5081 2647 5125 est
2672 5072 2725 5124 in
2751 5074 2955 5126 sinistra
2983 5074 3242 5131 Damasci.
3276 5081 3362 5134 16.
3394 5080 3461 5135 Et
3490 5086 3634 5139 redu-

2021 5161 2097 5213 xit
2124 5178 2323 5214 omnem
2352 5163 2626 5233 equitatum
2658 5163 3021 5219 Sodomorum.
3047 5166 3113 5220 Et
3143 5168 3240 5225 Lot
3270 5172 3434 5243 ﬁlium
3468 5179 3644 5245 fratri;

2024 5253 2102 5305 sui
2128 5253 2365 5319 reduxit,
2391 5265 2437 5305 et
2461 5255 2794 5307 substantiam
2824 5257 2964 5325 ejus,
2996 5268 3042 5311 et
3068 5262 3347 5332 populum,
3374 5276 3422 5319 et
3457 5269 3637 5322 mune-

2088 5410 2295 5494 (a)‘\'o.x
2316 5411 2555 5494 tiebraica
2581 5423 2675 5475 est,
2700 5416 2829 5471 my
2856 5436 2867 5471 :
2894 5438 3039 5494 quam
3087 5426 3165 5478 alii
3198 5431 3528 5494 transitarem,
3559 5443 3639 5487 vel

2026 5481 2835 5567 {qqpiﬂqiu'qle-n‘t,kinterpretantur
2866 5481 3009 5567 ;'_i:w
3034 5501 3163 5547 enim
3204 5506 3340 5552 trans

2027 5544 2498 5623 tiqbricunkhic
2521 5544 2771 5623 appellant
2791 5544 3637 5623 Abrabainutn,"ef

2026 5606 2302 5685 desuniiab
2326 5608 2529 5685 rigeberL
2544 5606 2689 5685 patre
2724 5615 2915 5677 Phalec,
2943 5633 3005 5685 ea
3032 5606 3130 5685 quo
3159 5606 3637 5685 déigih'éﬁidiiééiiii

2027 5668 2297 5746 abrabain.
2323 5670 2471 5746 circa.
2494 5668 2831 5746 tteiirzeorumh
2840 5668 3351 5746 appellationempr
3355 5668 3549 5735 's'eiiﬂin'
3547 5668 3635 5737 5:31

2027 5742 2141 5809 alii“.
2151 5730 2417 5809 discrimen
2430 5734 2716 5809 observatur
2744 5730 2885 5809 39mg
2990 5730 3637 5809 Heber,traitsiquatraiis-

2029 5792 2263 5861 tlnviaies
2287 5794 2489 5861 origine
2513 5804 2680 5850 erant.
2720 5799 2827 5850 aliis
2866 5804 2927 5851 ah
2976 5792 3170 5855 ttebero
3210 5792 3464 5857 Abrahae-ti
3488 5792 3633 5860 3:370

2034 5866 2212 5901 ttutltcu
2237 5855 2585 5906 derivutttilms.
