  <div class='ocr_page' id='page_1' title='image "/cluster/home/n/w/nwhite01/storage/ocr_20150623/53/ien.35556001660802/329.png"; bbox 0 0 4058 6398; ppageno 0'>
   <div class='ocr_carea' id='block_1_1' title="bbox 445 401 550 459">
    <p class='ocr_par' dir='ltr' id='par_1_1' title="bbox 445 401 550 459">
     <span class='ocr_line' id='line_1_1' title="bbox 445 401 550 459; baseline -0.019 -1"><span class='ocrx_word' id='word_1_1' title='bbox 445 401 550 459; x_wconf 73' lang='grc' dir='ltr'><strong>δυ</strong></span> 
     </span>
    </p>
   </div>
   <div class='ocr_carea' id='block_1_2' title="bbox 444 505 2026 578">
    <p class='ocr_par' dir='ltr' id='par_1_2' title="bbox 444 505 2026 578">
     <span class='ocr_line' id='line_1_2' title="bbox 444 505 2026 578; baseline -0.009 -6"><span class='ocrx_word' id='word_1_2' title='bbox 444 535 544 572; x_wconf 85' lang='lat' dir='ltr'><strong>res.</strong></span> <span class='ocrx_word' id='word_1_3' title='bbox 579 513 872 570; x_wconf 81' lang='lat' dir='ltr'><strong>Considera</strong></span> <span class='ocrx_word' id='word_1_4' title='bbox 905 511 1020 574; x_wconf 89' lang='lat' dir='ltr'><strong>hic.</strong></span> <span class='ocrx_word' id='word_1_5' title='bbox 1051 509 1393 566; x_wconf 68' lang='lat' dir='ltr'><strong>dilectissime</strong></span> <span class='ocrx_word' id='word_1_6' title='bbox 1412 548 1428 575; x_wconf 87' lang='lat'><strong>,</strong></span> <span class='ocrx_word' id='word_1_7' title='bbox 1457 505 1941 578; x_wconf 72' lang='lat' dir='ltr'><strong>magnanimitatem</strong></span> <span class='ocrx_word' id='word_1_8' title='bbox 1971 513 2026 559; x_wconf 90' lang='lat' dir='ltr'><strong>et</strong></span> 
     </span>
    </p>
   </div>
   <div class='ocr_carea' id='block_1_3' title="bbox 446 596 2029 673">
    <p class='ocr_par' dir='ltr' id='par_1_3' title="bbox 446 596 2029 673">
     <span class='ocr_line' id='line_1_3' title="bbox 446 596 2029 673; baseline -0.009 -10"><span class='ocrx_word' id='word_1_9' title='bbox 446 606 804 663; x_wconf 85' lang='lat' dir='ltr'><strong>fortitudinem</strong></span> <span class='ocrx_word' id='word_1_10' title='bbox 830 603 991 673; x_wconf 91' lang='lat' dir='ltr'><strong>justi,</strong></span> <span class='ocrx_word' id='word_1_11' title='bbox 1018 600 1286 673; x_wconf 90' lang='lat' dir='ltr'><strong>quomodo</strong></span> <span class='ocrx_word' id='word_1_12' title='bbox 1314 601 1450 655; x_wconf 84' lang='lat' dir='ltr'><strong>bene</strong></span> <span class='ocrx_word' id='word_1_13' title='bbox 1489 597 1618 657; x_wconf 83' lang='lat' dir='ltr'><strong>fisus</strong></span> <span class='ocrx_word' id='word_1_14' title='bbox 1651 596 2029 652; x_wconf 65' lang='lat' dir='ltr'><strong>misericordiae</strong></span> 
     </span>
    </p>
   </div>
   <div class='ocr_carea' id='block_1_4' title="bbox 448 687 2027 765">
    <p class='ocr_par' dir='ltr' id='par_1_4' title="bbox 448 687 2027 765">
     <span class='ocr_line' id='line_1_4' title="bbox 448 687 2027 765; baseline -0.009 -11"><span class='ocrx_word' id='word_1_15' title='bbox 448 698 573 763; x_wconf 93' lang='lat' dir='ltr'><strong>Dei,</strong></span> <span class='ocrx_word' id='word_1_16' title='bbox 605 711 709 749; x_wconf 91' lang='lat' dir='ltr'><strong>non</strong></span> <span class='ocrx_word' id='word_1_17' title='bbox 737 693 1010 765; x_wconf 88' lang='lat' dir='ltr'><strong>perculsus</strong></span> <span class='ocrx_word' id='word_1_18' title='bbox 1035 701 1117 748; x_wconf 89' lang='lat' dir='ltr'><strong>est</strong></span> <span class='ocrx_word' id='word_1_19' title='bbox 1143 690 1325 746; x_wconf 91' lang='lat' dir='ltr'><strong>animo</strong></span> <span class='ocrx_word' id='word_1_20' title='bbox 1343 732 1357 754; x_wconf 91' lang='lat'><strong>,</strong></span> <span class='ocrx_word' id='word_1_21' title='bbox 1385 705 1504 744; x_wconf 91' lang='lat' dir='ltr'><strong>cum</strong></span> <span class='ocrx_word' id='word_1_22' title='bbox 1534 687 1769 742; x_wconf 78' lang='lat' dir='ltr'><strong>audisset</strong></span> <span class='ocrx_word' id='word_1_23' title='bbox 1795 688 2027 741; x_wconf 89' lang='lat' dir='ltr'><strong>virorum</strong></span> 
     </span>
    </p>
   </div>
   <div class='ocr_carea' id='block_1_5' title="bbox 443 776 2028 854">
    <p class='ocr_par' dir='ltr' id='par_1_5' title="bbox 443 776 2028 854">
     <span class='ocr_line' id='line_1_5' title="bbox 443 776 2028 854; baseline -0.009 -10"><span class='ocrx_word' id='word_1_24' title='bbox 443 787 805 844; x_wconf 73' lang='lat' dir='ltr'><strong>fortitudinem</strong></span> <span class='ocrx_word' id='word_1_25' title='bbox 826 826 841 849; x_wconf 92' lang='lat'><strong>,</strong></span> <span class='ocrx_word' id='word_1_26' title='bbox 872 795 926 838; x_wconf 92' lang='lat' dir='ltr'><strong>et</strong></span> <span class='ocrx_word' id='word_1_27' title='bbox 953 794 1181 854; x_wconf 76' lang='lat' dir='ltr'><strong>stragem</strong></span> <span class='ocrx_word' id='word_1_28' title='bbox 1220 797 1380 853; x_wconf 87' lang='lat' dir='ltr'><strong>quam</strong></span> <span class='ocrx_word' id='word_1_29' title='bbox 1418 781 1683 842; x_wconf 87' lang='lat' dir='ltr'><strong>fecerant,</strong></span> <span class='ocrx_word' id='word_1_30' title='bbox 1716 778 1942 847; x_wconf 89' lang='lat' dir='ltr'><strong>primum</strong></span> <span class='ocrx_word' id='word_1_31' title='bbox 1975 776 2028 830; x_wconf 91' lang='lat' dir='ltr'><strong>in</strong></span> 
     </span>
    </p>
   </div>
   <div class='ocr_carea' id='block_1_6' title="bbox 442 869 2029 948">
    <p class='ocr_par' dir='ltr' id='par_1_6' title="bbox 442 869 2029 948">
     <span class='ocr_line' id='line_1_6' title="bbox 442 869 2029 948; baseline -0.008 -14"><span class='ocrx_word' id='word_1_32' title='bbox 442 893 630 934; x_wconf 85' lang='lat' dir='ltr'><strong>omnes</strong></span> <span class='ocrx_word' id='word_1_33' title='bbox 653 890 841 948; x_wconf 67' lang='lat' dir='ltr'><strong>sentes</strong></span> <span class='ocrx_word' id='word_1_34' title='bbox 877 875 1166 944; x_wconf 88' lang='lat' dir='ltr'><strong>irruptione</strong></span> <span class='ocrx_word' id='word_1_35' title='bbox 1194 874 1329 928; x_wconf 88' lang='lat' dir='ltr'><strong>facta</strong></span> <span class='ocrx_word' id='word_1_36' title='bbox 1356 915 1370 938; x_wconf 94' lang='lat'><strong>,</strong></span> <span class='ocrx_word' id='word_1_37' title='bbox 1401 869 1782 939; x_wconf 89' lang='lat' dir='ltr'><strong>debellatisque</strong></span> <span class='ocrx_word' id='word_1_38' title='bbox 1813 869 2029 922; x_wconf 80' lang='lat' dir='ltr'><strong>Amale-</strong></span> 
     </span>
    </p>
   </div>
   <div class='ocr_carea' id='block_1_7' title="bbox 441 959 2029 1032">
    <p class='ocr_par' dir='ltr' id='par_1_7' title="bbox 441 959 2029 1032">
     <span class='ocr_line' id='line_1_7' title="bbox 441 959 2029 1032; baseline -0.008 -8"><span class='ocrx_word' id='word_1_39' title='bbox 441 971 560 1025; x_wconf 89' lang='lat' dir='ltr'><strong>citis</strong></span> <span class='ocrx_word' id='word_1_40' title='bbox 597 981 651 1024; x_wconf 90' lang='lat' dir='ltr'><strong>et</strong></span> <span class='ocrx_word' id='word_1_41' title='bbox 687 969 895 1024; x_wconf 71' lang='lat' dir='ltr'><strong>caneris</strong></span> <span class='ocrx_word' id='word_1_42' title='bbox 932 967 1178 1020; x_wconf 90' lang='lat' dir='ltr'><strong>omnibus</strong></span> <span class='ocrx_word' id='word_1_43' title='bbox 1211 985 1224 1020; x_wconf 90' lang='lat'><strong>:</strong></span> <span class='ocrx_word' id='word_1_44' title='bbox 1253 963 1545 1032; x_wconf 90' lang='lat' dir='ltr'><strong>deindeque</strong></span> <span class='ocrx_word' id='word_1_45' title='bbox 1582 977 1704 1016; x_wconf 91' lang='lat' dir='ltr'><strong>cum</strong></span> <span class='ocrx_word' id='word_1_46' title='bbox 1741 959 2029 1016; x_wconf 89' lang='lat' dir='ltr'><strong>Sodomitis</strong></span> 
     </span>
    </p>
   </div>
   <div class='ocr_carea' id='block_1_8' title="bbox 443 1052 2028 1124">
    <p class='ocr_par' dir='ltr' id='par_1_8' title="bbox 443 1052 2028 1124">
     <span class='ocr_line' id='line_1_8' title="bbox 443 1052 2028 1124; baseline -0.008 -10"><span class='ocrx_word' id='word_1_47' title='bbox 443 1075 632 1114; x_wconf 86' lang='lat' dir='ltr'><strong>manus</strong></span> <span class='ocrx_word' id='word_1_48' title='bbox 659 1066 1002 1113; x_wconf 86' lang='lat' dir='ltr'><strong>conserentes</strong></span> <span class='ocrx_word' id='word_1_49' title='bbox 1025 1097 1040 1120; x_wconf 94' lang='lat'><strong>,</strong></span> <span class='ocrx_word' id='word_1_50' title='bbox 1069 1065 1121 1110; x_wconf 88' lang='lat' dir='ltr'><strong>et</strong></span> <span class='ocrx_word' id='word_1_51' title='bbox 1146 1058 1195 1109; x_wconf 93' lang='lat' dir='ltr'><strong>in</strong></span> <span class='ocrx_word' id='word_1_52' title='bbox 1224 1055 1396 1124; x_wconf 79' lang='lat' dir='ltr'><strong>fugam</strong></span> <span class='ocrx_word' id='word_1_53' title='bbox 1429 1054 1570 1120; x_wconf 90' lang='lat' dir='ltr'><strong>ipsos</strong></span> <span class='ocrx_word' id='word_1_54' title='bbox 1601 1052 1886 1117; x_wconf 85' lang='lat' dir='ltr'><strong>verterint,</strong></span> <span class='ocrx_word' id='word_1_55' title='bbox 1913 1065 2028 1104; x_wconf 89' lang='lat' dir='ltr'><strong>om-</strong></span> 
     </span>
    </p>
   </div>
   <div class='ocr_carea' id='block_1_9' title="bbox 443 1142 2024 1219">
    <p class='ocr_par' dir='ltr' id='par_1_9' title="bbox 443 1142 2024 1219">
     <span class='ocr_line' id='line_1_9' title="bbox 443 1142 2024 1219; baseline -0.009 -13"><span class='ocrx_word' id='word_1_56' title='bbox 443 1165 671 1219; x_wconf 85' lang='lat' dir='ltr'><strong>nemque</strong></span> <span class='ocrx_word' id='word_1_57' title='bbox 696 1166 879 1204; x_wconf 92' lang='lat' dir='ltr'><strong>eorum</strong></span> <span class='ocrx_word' id='word_1_58' title='bbox 905 1149 1218 1218; x_wconf 84' lang='lat' dir='ltr'><strong>diripuerint</strong></span> <span class='ocrx_word' id='word_1_59' title='bbox 1255 1144 1622 1199; x_wconf 90' lang='lat' dir='ltr'><strong>substantiam.</strong></span> <span class='ocrx_word' id='word_1_60' title='bbox 1655 1143 1855 1198; x_wconf 90' lang='lat' dir='ltr'><strong>Idcirco</strong></span> <span class='ocrx_word' id='word_1_61' title='bbox 1884 1142 2024 1196; x_wconf 89' lang='lat' dir='ltr'><strong>enim</strong></span> 
     </span>
    </p>
   </div>
   <div class='ocr_carea' id='block_1_10' title="bbox 439 1234 2023 1312">
    <p class='ocr_par' dir='ltr' id='par_1_10' title="bbox 439 1234 2023 1312">
     <span class='ocr_line' id='line_1_10' title="bbox 439 1234 2023 1312; baseline -0.01 -14"><span class='ocrx_word' id='word_1_62' title='bbox 439 1243 683 1312; x_wconf 73' lang='lat' dir='ltr'><strong>superius</strong></span> <span class='ocrx_word' id='word_1_63' title='bbox 705 1241 818 1296; x_wconf 64' lang='lat' dir='ltr'><strong>hac</strong></span> <span class='ocrx_word' id='word_1_64' title='bbox 837 1239 1012 1295; x_wconf 84' lang='lat' dir='ltr'><strong>omnia</strong></span> <span class='ocrx_word' id='word_1_65' title='bbox 1035 1237 1261 1292; x_wconf 89' lang='lat' dir='ltr'><strong>narravit</strong></span> <span class='ocrx_word' id='word_1_66' title='bbox 1281 1236 1434 1292; x_wconf 88' lang='lat' dir='ltr'><strong>nobis</strong></span> <span class='ocrx_word' id='word_1_67' title='bbox 1452 1234 1744 1303; x_wconf 88' lang='lat' dir='ltr'><strong>Scriptura.</strong></span> <span class='ocrx_word' id='word_1_68' title='bbox 1763 1240 1817 1288; x_wconf 89' lang='lat' dir='ltr'><strong>et</strong></span> <span class='ocrx_word' id='word_1_69' title='bbox 1831 1241 2023 1302; x_wconf 88' lang='lat' dir='ltr'><strong>quanta</strong></span> 
     </span>
    </p>
   </div>
   <div class='ocr_carea' id='block_1_11' title="bbox 438 1321 2026 1398">
    <p class='ocr_par' dir='ltr' id='par_1_11' title="bbox 438 1321 2026 1398">
     <span class='ocr_line' id='line_1_11' title="bbox 438 1321 2026 1398; baseline -0.01 -8"><span class='ocrx_word' id='word_1_70' title='bbox 438 1350 534 1390; x_wconf 82' lang='lat' dir='ltr'><strong>sua</strong></span> <span class='ocrx_word' id='word_1_71' title='bbox 565 1334 756 1388; x_wconf 89' lang='lat' dir='ltr'><strong>virtute</strong></span> <span class='ocrx_word' id='word_1_72' title='bbox 785 1340 999 1386; x_wconf 83' lang='lat' dir='ltr'><strong>strenue</strong></span> <span class='ocrx_word' id='word_1_73' title='bbox 1025 1335 1341 1398; x_wconf 77' lang='lat' dir='ltr'><strong>gesserunt,</strong></span> <span class='ocrx_word' id='word_1_74' title='bbox 1375 1336 1432 1380; x_wconf 93' lang='lat' dir='ltr'><strong>ut</strong></span> <span class='ocrx_word' id='word_1_75' title='bbox 1459 1326 1599 1380; x_wconf 87' lang='lat' dir='ltr'><strong>scias</strong></span> <span class='ocrx_word' id='word_1_76' title='bbox 1629 1341 1731 1378; x_wconf 94' lang='lat' dir='ltr'><strong>non</strong></span> <span class='ocrx_word' id='word_1_77' title='bbox 1763 1321 2026 1391; x_wconf 83' lang='lat' dir='ltr'><strong>corporali</strong></span> 
     </span>
    </p>
   </div>
   <div class='ocr_carea' id='block_1_12' title="bbox 439 1417 2024 1491">
    <p class='ocr_par' dir='ltr' id='par_1_12' title="bbox 439 1417 2024 1491">
     <span class='ocr_line' id='line_1_12' title="bbox 439 1417 2024 1491; baseline -0.008 -11"><span class='ocrx_word' id='word_1_78' title='bbox 439 1428 632 1480; x_wconf 90' lang='lat' dir='ltr'><strong>robore</strong></span> <span class='ocrx_word' id='word_1_79' title='bbox 670 1441 762 1480; x_wconf 90' lang='lat' dir='ltr'><strong>eos</strong></span> <span class='ocrx_word' id='word_1_80' title='bbox 799 1423 1059 1478; x_wconf 89' lang='lat' dir='ltr'><strong>devicisse</strong></span> <span class='ocrx_word' id='word_1_81' title='bbox 1107 1420 1457 1491; x_wconf 87' lang='lat' dir='ltr'><strong>patriarcham</strong></span> <span class='ocrx_word' id='word_1_82' title='bbox 1483 1461 1497 1484; x_wconf 91' lang='lat'><strong>,</strong></span> <span class='ocrx_word' id='word_1_83' title='bbox 1529 1419 1620 1473; x_wconf 89' lang='lat' dir='ltr'><strong>sed</strong></span> <span class='ocrx_word' id='word_1_84' title='bbox 1651 1433 1743 1472; x_wconf 88' lang='lat' dir='ltr'><strong>sua</strong></span> <span class='ocrx_word' id='word_1_85' title='bbox 1776 1418 1826 1471; x_wconf 89' lang='lat' dir='ltr'><strong>in</strong></span> <span class='ocrx_word' id='word_1_86' title='bbox 1862 1417 2024 1470; x_wconf 86' lang='lat' dir='ltr'><strong>Deum</strong></span> 
     </span>
    </p>
   </div>
   <div class='ocr_carea' id='block_1_13' title="bbox 442 1509 2023 1585">
    <p class='ocr_par' dir='ltr' id='par_1_13' title="bbox 442 1509 2023 1585">
     <span class='ocr_line' id='line_1_13' title="bbox 442 1509 2023 1585; baseline -0.008 -14"><span class='ocrx_word' id='word_1_87' title='bbox 442 1518 565 1582; x_wconf 74' lang='lat' dir='ltr'><strong>(ide,</strong></span> <span class='ocrx_word' id='word_1_88' title='bbox 594 1525 648 1571; x_wconf 89' lang='lat' dir='ltr'><strong>et</strong></span> <span class='ocrx_word' id='word_1_89' title='bbox 671 1531 903 1585; x_wconf 89' lang='lat' dir='ltr'><strong>superno</strong></span> <span class='ocrx_word' id='word_1_90' title='bbox 933 1513 1180 1583; x_wconf 72' lang='lat' dir='ltr'><strong>prtesidio</strong></span> <span class='ocrx_word' id='word_1_91' title='bbox 1201 1513 1434 1580; x_wconf 85' lang='lat' dir='ltr'><strong>adjutum</strong></span> <span class='ocrx_word' id='word_1_92' title='bbox 1458 1512 1630 1564; x_wconf 91' lang='lat' dir='ltr'><strong>omnia</strong></span> <span class='ocrx_word' id='word_1_93' title='bbox 1656 1511 1737 1562; x_wconf 88' lang='lat' dir='ltr'><strong>illa</strong></span> <span class='ocrx_word' id='word_1_94' title='bbox 1763 1509 2023 1577; x_wconf 75' lang='lat' dir='ltr'><strong>gessisse;</strong></span> 
     </span>
    </p>
   </div>
   <div class='ocr_carea' id='block_1_14' title="bbox 439 1598 2028 1673">
    <p class='ocr_par' dir='ltr' id='par_1_14' title="bbox 439 1598 2028 1673">
     <span class='ocr_line' id='line_1_14' title="bbox 439 1598 2028 1673; baseline -0.009 -10"><span class='ocrx_word' id='word_1_95' title='bbox 439 1625 546 1663; x_wconf 89' lang='lat' dir='ltr'><strong>non</strong></span> <span class='ocrx_word' id='word_1_96' title='bbox 575 1623 722 1663; x_wconf 90' lang='lat' dir='ltr'><strong>arma</strong></span> <span class='ocrx_word' id='word_1_97' title='bbox 753 1608 936 1673; x_wconf 87' lang='lat' dir='ltr'><strong>tnovit,</strong></span> <span class='ocrx_word' id='word_1_98' title='bbox 967 1621 1067 1660; x_wconf 89' lang='lat' dir='ltr'><strong>nec</strong></span> <span class='ocrx_word' id='word_1_99' title='bbox 1095 1607 1215 1670; x_wconf 92' lang='lat' dir='ltr'><strong>tela,</strong></span> <span class='ocrx_word' id='word_1_100' title='bbox 1249 1619 1346 1658; x_wconf 87' lang='lat' dir='ltr'><strong>nec</strong></span> <span class='ocrx_word' id='word_1_101' title='bbox 1375 1604 1602 1662; x_wconf 88' lang='lat' dir='ltr'><strong>lanceas,</strong></span> <span class='ocrx_word' id='word_1_102' title='bbox 1637 1615 1735 1653; x_wconf 92' lang='lat' dir='ltr'><strong>nec</strong></span> <span class='ocrx_word' id='word_1_103' title='bbox 1764 1612 1917 1652; x_wconf 88' lang='lat' dir='ltr'><strong>aretts</strong></span> <span class='ocrx_word' id='word_1_104' title='bbox 1948 1598 2028 1650; x_wconf 91' lang='lat' dir='ltr'><strong>iu-</strong></span> 
     </span>
    </p>
   </div>
   <div class='ocr_carea' id='block_1_15' title="bbox 440 1690 1985 1765">
    <p class='ocr_par' dir='ltr' id='par_1_15' title="bbox 440 1690 1985 1765">
     <span class='ocr_line' id='line_1_15' title="bbox 440 1690 1985 1765; baseline -0.008 -13"><span class='ocrx_word' id='word_1_105' title='bbox 440 1698 632 1765; x_wconf 88' lang='lat' dir='ltr'><strong>tendit,</strong></span> <span class='ocrx_word' id='word_1_106' title='bbox 664 1713 761 1752; x_wconf 87' lang='lat' dir='ltr'><strong>nec</strong></span> <span class='ocrx_word' id='word_1_107' title='bbox 787 1707 933 1751; x_wconf 90' lang='lat' dir='ltr'><strong>scuta</strong></span> <span class='ocrx_word' id='word_1_108' title='bbox 961 1695 1173 1763; x_wconf 89' lang='lat' dir='ltr'><strong>objecit,</strong></span> <span class='ocrx_word' id='word_1_109' title='bbox 1204 1694 1294 1747; x_wconf 83' lang='lat' dir='ltr'><strong>sed</strong></span> <span class='ocrx_word' id='word_1_110' title='bbox 1323 1694 1493 1746; x_wconf 78' lang='lat' dir='ltr'><strong>solum</strong></span> <span class='ocrx_word' id='word_1_111' title='bbox 1521 1707 1639 1745; x_wconf 89' lang='lat' dir='ltr'><strong>cum</strong></span> <span class='ocrx_word' id='word_1_112' title='bbox 1669 1690 1985 1744; x_wconf 82' lang='lat' dir='ltr'><strong>vernaculis.</strong></span> 
     </span>
    </p>
   </div>
   <div class='ocr_carea' id='block_1_16' title="bbox 511 1780 2025 1853">
    <p class='ocr_par' dir='ltr' id='par_1_16' title="bbox 511 1780 2025 1853">
     <span class='ocr_line' id='line_1_16' title="bbox 511 1780 2025 1853; baseline -0.008 -10"><span class='ocrx_word' id='word_1_113' title='bbox 511 1789 615 1844; x_wconf 80' lang='lat' dir='ltr'><strong>Cur</strong></span> <span class='ocrx_word' id='word_1_114' title='bbox 640 1798 880 1842; x_wconf 82' lang='lat' dir='ltr'><strong>trecentos</strong></span> <span class='ocrx_word' id='word_1_115' title='bbox 910 1784 1200 1840; x_wconf 74' lang='lat' dir='ltr'><strong>vernaculos</strong></span> <span class='ocrx_word' id='word_1_116' title='bbox 1239 1784 1506 1853; x_wconf 71' lang='lat' dir='ltr'><strong>sumpserit</strong></span> <span class='ocrx_word' id='word_1_117' title='bbox 1536 1783 1809 1834; x_wconf 82' lang='lat' dir='ltr'><strong>Abraham.</strong></span> <span class='ocrx_word' id='word_1_118' title='bbox 1839 1811 1907 1820; x_wconf 91' lang='lat'><strong>-——</strong></span> <span class='ocrx_word' id='word_1_119' title='bbox 1940 1780 2025 1832; x_wconf 84' lang='lat' dir='ltr'><strong>Di-</strong></span> 
     </span>
    </p>
   </div>
   <div class='ocr_carea' id='block_1_17' title="bbox 440 1876 2027 1950">
    <p class='ocr_par' dir='ltr' id='par_1_17' title="bbox 440 1876 2027 1950">
     <span class='ocr_line' id='line_1_17' title="bbox 440 1876 2027 1950; baseline -0.006 -14"><span class='ocrx_word' id='word_1_120' title='bbox 440 1883 576 1936; x_wconf 90' lang='lat' dir='ltr'><strong>xerit</strong></span> <span class='ocrx_word' id='word_1_121' title='bbox 599 1881 788 1950; x_wconf 80' lang='lat' dir='ltr'><strong>aliquis</strong></span> <span class='ocrx_word' id='word_1_122' title='bbox 816 1899 830 1935; x_wconf 91' lang='lat'><strong>:</strong></span> <span class='ocrx_word' id='word_1_123' title='bbox 861 1881 924 1933; x_wconf 85' lang='lat' dir='ltr'><strong>Et</strong></span> <span class='ocrx_word' id='word_1_124' title='bbox 951 1895 1114 1948; x_wconf 85' lang='lat' dir='ltr'><strong>quare</strong></span> <span class='ocrx_word' id='word_1_125' title='bbox 1141 1877 1436 1932; x_wconf 66' lang='lat' dir='ltr'><strong>numeratit</strong></span> <span class='ocrx_word' id='word_1_126' title='bbox 1466 1886 1731 1930; x_wconf 88' lang='lat' dir='ltr'><strong>trecentos</strong></span> <span class='ocrx_word' id='word_1_127' title='bbox 1758 1876 1941 1929; x_wconf 85' lang='lat' dir='ltr'><strong>decem</strong></span> <span class='ocrx_word' id='word_1_128' title='bbox 1971 1883 2027 1928; x_wconf 88' lang='lat' dir='ltr'><strong>et</strong></span> 
     </span>
    </p>
   </div>
   <div class='ocr_carea' id='block_1_18' title="bbox 439 1966 2026 2028">
    <p class='ocr_par' dir='ltr' id='par_1_18' title="bbox 439 1966 2026 2028">
     <span class='ocr_line' id='line_1_18' title="bbox 439 1966 2026 2028; baseline -0.006 -2"><span class='ocrx_word' id='word_1_129' title='bbox 439 1984 560 2028; x_wconf 87' lang='lat' dir='ltr'><strong>octo</strong></span> <span class='ocrx_word' id='word_1_130' title='bbox 584 1970 935 2027; x_wconf 78' lang='lat' dir='ltr'><strong>vernaculos?</strong></span> <span class='ocrx_word' id='word_1_131' title='bbox 959 1969 1026 2026; x_wconf 89' lang='lat' dir='ltr'><strong>Ut</strong></span> <span class='ocrx_word' id='word_1_132' title='bbox 1053 1970 1187 2022; x_wconf 87' lang='lat' dir='ltr'><strong>scias</strong></span> <span class='ocrx_word' id='word_1_133' title='bbox 1217 1984 1338 2022; x_wconf 91' lang='lat' dir='ltr'><strong>eum</strong></span> <span class='ocrx_word' id='word_1_134' title='bbox 1379 1982 1484 2021; x_wconf 93' lang='lat' dir='ltr'><strong>non</strong></span> <span class='ocrx_word' id='word_1_135' title='bbox 1518 1966 1792 2020; x_wconf 86' lang='lat' dir='ltr'><strong>universos</strong></span> <span class='ocrx_word' id='word_1_136' title='bbox 1821 1980 2026 2018; x_wconf 80' lang='lat' dir='ltr'><strong>assunt-</strong></span> 
     </span>
    </p>
   </div>
   <div class='ocr_carea' id='block_1_19' title="bbox 438 2059 2024 2134">
    <p class='ocr_par' dir='ltr' id='par_1_19' title="bbox 438 2059 2024 2134">
     <span class='ocr_line' id='line_1_19' title="bbox 438 2059 2024 2134; baseline -0.006 -17"><span class='ocrx_word' id='word_1_137' title='bbox 438 2065 629 2134; x_wconf 84' lang='lat' dir='ltr'><strong>psisse,</strong></span> <span class='ocrx_word' id='word_1_138' title='bbox 659 2062 753 2117; x_wconf 87' lang='lat' dir='ltr'><strong>sed</strong></span> <span class='ocrx_word' id='word_1_139' title='bbox 784 2061 1119 2126; x_wconf 86' lang='lat' dir='ltr'><strong>vernaculus,</strong></span> <span class='ocrx_word' id='word_1_140' title='bbox 1147 2069 1203 2113; x_wconf 92' lang='lat' dir='ltr'><strong>et</strong></span> <span class='ocrx_word' id='word_1_141' title='bbox 1227 2061 1312 2128; x_wconf 90' lang='lat' dir='ltr'><strong>qui</strong></span> <span class='ocrx_word' id='word_1_142' title='bbox 1340 2075 1459 2112; x_wconf 89' lang='lat' dir='ltr'><strong>cum</strong></span> <span class='ocrx_word' id='word_1_143' title='bbox 1493 2059 1589 2111; x_wconf 85' lang='lat' dir='ltr'><strong>Lot</strong></span> <span class='ocrx_word' id='word_1_144' title='bbox 1619 2059 1822 2112; x_wconf 79' lang='lat' dir='ltr'><strong>educati</strong></span> <span class='ocrx_word' id='word_1_145' title='bbox 1853 2067 2024 2119; x_wconf 79' lang='lat' dir='ltr'><strong>erant,</strong></span> 
     </span>
    </p>
   </div>
   <div class='ocr_carea' id='block_1_20' title="bbox 437 2149 2026 2224">
    <p class='ocr_par' dir='ltr' id='par_1_20' title="bbox 437 2149 2026 2224">
     <span class='ocr_line' id='line_1_20' title="bbox 437 2149 2026 2224; baseline -0.005 -13"><span class='ocrx_word' id='word_1_146' title='bbox 437 2165 496 2211; x_wconf 90' lang='lat' dir='ltr'><strong>ut</strong></span> <span class='ocrx_word' id='word_1_147' title='bbox 525 2157 778 2210; x_wconf 87' lang='lat' dir='ltr'><strong>ultionem</strong></span> <span class='ocrx_word' id='word_1_148' title='bbox 808 2164 998 2224; x_wconf 78' lang='lat' dir='ltr'><strong>sponte</strong></span> <span class='ocrx_word' id='word_1_149' title='bbox 1022 2162 1076 2208; x_wconf 90' lang='lat' dir='ltr'><strong>et</strong></span> <span class='ocrx_word' id='word_1_150' title='bbox 1099 2151 1356 2206; x_wconf 88' lang='lat' dir='ltr'><strong>benevole</strong></span> <span class='ocrx_word' id='word_1_151' title='bbox 1387 2153 1650 2208; x_wconf 88' lang='lat' dir='ltr'><strong>facerent.</strong></span> <span class='ocrx_word' id='word_1_152' title='bbox 1682 2160 1864 2218; x_wconf 90' lang='lat' dir='ltr'><strong>utpote</strong></span> <span class='ocrx_word' id='word_1_153' title='bbox 1889 2149 2026 2203; x_wconf 83' lang='lat' dir='ltr'><strong>servi</strong></span> 
     </span>
    </p>
   </div>
   <div class='ocr_carea' id='block_1_21' title="bbox 439 2243 2024 2315">
    <p class='ocr_par' dir='ltr' id='par_1_21' title="bbox 439 2243 2024 2315">
     <span class='ocr_line' id='line_1_21' title="bbox 439 2243 2024 2315; baseline -0.004 -15"><span class='ocrx_word' id='word_1_154' title='bbox 439 2262 536 2315; x_wconf 90' lang='lat' dir='ltr'><strong>pro</strong></span> <span class='ocrx_word' id='word_1_155' title='bbox 573 2261 671 2301; x_wconf 88' lang='lat' dir='ltr'><strong>suo</strong></span> <span class='ocrx_word' id='word_1_156' title='bbox 707 2245 927 2301; x_wconf 90' lang='lat' dir='ltr'><strong>domino</strong></span> <span class='ocrx_word' id='word_1_157' title='bbox 954 2253 1239 2299; x_wconf 88' lang='lat' dir='ltr'><strong>certantes.</strong></span> <span class='ocrx_word' id='word_1_158' title='bbox 1272 2243 1336 2296; x_wconf 87' lang='lat' dir='ltr'><strong>Et</strong></span> <span class='ocrx_word' id='word_1_159' title='bbox 1362 2243 1481 2296; x_wconf 81' lang='lat' dir='ltr'><strong>vide</strong></span> <span class='ocrx_word' id='word_1_160' title='bbox 1504 2285 1518 2307; x_wconf 85' lang='lat'><strong>,</strong></span> <span class='ocrx_word' id='word_1_161' title='bbox 1552 2243 1806 2305; x_wconf 79' lang='lat' dir='ltr'><strong>obsecro,</strong></span> <span class='ocrx_word' id='word_1_162' title='bbox 1840 2244 2024 2294; x_wconf 89' lang='lat' dir='ltr'><strong>miram</strong></span> 
     </span>
    </p>
   </div>
   <div class='ocr_carea' id='block_1_22' title="bbox 443 2332 2026 2405">
    <p class='ocr_par' dir='ltr' id='par_1_22' title="bbox 443 2332 2026 2405">
     <span class='ocr_line' id='line_1_22' title="bbox 443 2332 2026 2405; baseline -0.003 -16"><span class='ocrx_word' id='word_1_163' title='bbox 443 2337 537 2390; x_wconf 89' lang='lat' dir='ltr'><strong>Dei</strong></span> <span class='ocrx_word' id='word_1_164' title='bbox 571 2339 880 2405; x_wconf 79' lang='lat' dir='ltr'><strong>potentiam,</strong></span> <span class='ocrx_word' id='word_1_165' title='bbox 908 2345 1102 2403; x_wconf 85' lang='lat' dir='ltr'><strong>quanta</strong></span> <span class='ocrx_word' id='word_1_166' title='bbox 1131 2334 1408 2388; x_wconf 69' lang='lat' dir='ltr'><strong>velocitate</strong></span> <span class='ocrx_word' id='word_1_167' title='bbox 1433 2333 1649 2400; x_wconf 78' lang='lat' dir='ltr'><strong>Contigit</strong></span> <span class='ocrx_word' id='word_1_168' title='bbox 1677 2332 1913 2386; x_wconf 83' lang='lat' dir='ltr'><strong>victoria.</strong></span> <span class='ocrx_word' id='word_1_169' title='bbox 1943 2332 2026 2385; x_wconf 84' lang='lat' dir='ltr'><strong>Ir-</strong></span> 
     </span>
    </p>
   </div>
   <div class='ocr_carea' id='block_1_23' title="bbox 434 2424 2020 2494">
    <p class='ocr_par' dir='ltr' id='par_1_23' title="bbox 434 2424 2020 2494">
     <span class='ocr_line' id='line_1_23' title="bbox 434 2424 2020 2494; baseline -0.002 -15"><span class='ocrx_word' id='word_1_170' title='bbox 434 2428 536 2479; x_wconf 86' lang='lat' dir='ltr'><strong>ruit</strong></span> <span class='ocrx_word' id='word_1_171' title='bbox 565 2425 728 2487; x_wconf 88' lang='lat' dir='ltr'><strong>enim,</strong></span> <span class='ocrx_word' id='word_1_172' title='bbox 762 2426 949 2494; x_wconf 85' lang='lat' dir='ltr'><strong>inquit,</strong></span> <span class='ocrx_word' id='word_1_173' title='bbox 981 2441 1136 2494; x_wconf 84' lang='lat' dir='ltr'><strong>super</strong></span> <span class='ocrx_word' id='word_1_174' title='bbox 1163 2425 1276 2477; x_wconf 87' lang='lat' dir='ltr'><strong>illos</strong></span> <span class='ocrx_word' id='word_1_175' title='bbox 1303 2432 1462 2488; x_wconf 88' lang='lat' dir='ltr'><strong>nocte,</strong></span> <span class='ocrx_word' id='word_1_176' title='bbox 1492 2424 1616 2492; x_wconf 87' lang='lat' dir='ltr'><strong>ipse,</strong></span> <span class='ocrx_word' id='word_1_177' title='bbox 1649 2433 1699 2476; x_wconf 88' lang='lat' dir='ltr'><strong>et</strong></span> <span class='ocrx_word' id='word_1_178' title='bbox 1732 2424 1860 2476; x_wconf 89' lang='lat' dir='ltr'><strong>servi</strong></span> <span class='ocrx_word' id='word_1_179' title='bbox 1887 2426 2020 2492; x_wconf 83' lang='lat' dir='ltr'><strong>ejus,</strong></span> 
     </span>
    </p>
   </div>
   <div class='ocr_carea' id='block_1_24' title="bbox 434 2514 2028 2586">
    <p class='ocr_par' dir='ltr' id='par_1_24' title="bbox 434 2514 2028 2586">
     <span class='ocr_line' id='line_1_24' title="bbox 434 2514 2028 2586; baseline -0.001 -16"><span class='ocrx_word' id='word_1_180' title='bbox 434 2525 480 2570; x_wconf 86' lang='lat' dir='ltr'><strong>et</strong></span> <span class='ocrx_word' id='word_1_181' title='bbox 506 2518 746 2586; x_wconf 81' lang='lat' dir='ltr'><strong>percussit</strong></span> <span class='ocrx_word' id='word_1_182' title='bbox 776 2533 888 2582; x_wconf 88' lang='lat' dir='ltr'><strong>eos,</strong></span> <span class='ocrx_word' id='word_1_183' title='bbox 920 2526 966 2569; x_wconf 90' lang='lat' dir='ltr'><strong>et</strong></span> <span class='ocrx_word' id='word_1_184' title='bbox 998 2525 1323 2586; x_wconf 79' lang='lat' dir='ltr'><strong>persequutus</strong></span> <span class='ocrx_word' id='word_1_185' title='bbox 1349 2525 1419 2568; x_wconf 89' lang='lat' dir='ltr'><strong>est</strong></span> <span class='ocrx_word' id='word_1_186' title='bbox 1446 2530 1550 2567; x_wconf 91' lang='lat' dir='ltr'><strong>eos.</strong></span> <span class='ocrx_word' id='word_1_187' title='bbox 1587 2514 1712 2568; x_wconf 85' lang='lat' dir='ltr'><strong>Erat</strong></span> <span class='ocrx_word' id='word_1_188' title='bbox 1737 2517 1877 2568; x_wconf 89' lang='lat' dir='ltr'><strong>enim</strong></span> <span class='ocrx_word' id='word_1_189' title='bbox 1917 2532 2028 2568; x_wconf 91' lang='lat' dir='ltr'><strong>ma-</strong></span> 
     </span>
    </p>
   </div>
   <div class='ocr_carea' id='block_1_25' title="bbox 437 2605 2025 2676">
    <p class='ocr_par' dir='ltr' id='par_1_25' title="bbox 437 2605 2025 2676">
     <span class='ocr_line' id='line_1_25' title="bbox 437 2605 2025 2676; baseline -0.001 -16"><span class='ocrx_word' id='word_1_190' title='bbox 437 2621 536 2661; x_wconf 90' lang='lat' dir='ltr'><strong>nus</strong></span> <span class='ocrx_word' id='word_1_191' title='bbox 561 2621 808 2676; x_wconf 76' lang='lat' dir='ltr'><strong>superna.</strong></span> <span class='ocrx_word' id='word_1_192' title='bbox 839 2624 956 2676; x_wconf 76' lang='lat' dir='ltr'><strong>qua:</strong></span> <span class='ocrx_word' id='word_1_193' title='bbox 986 2606 1268 2674; x_wconf 86' lang='lat' dir='ltr'><strong>adjuvabat</strong></span> <span class='ocrx_word' id='word_1_194' title='bbox 1294 2618 1346 2659; x_wconf 89' lang='lat' dir='ltr'><strong>et</strong></span> <span class='ocrx_word' id='word_1_195' title='bbox 1375 2605 1776 2659; x_wconf 81' lang='lat' dir='ltr'><strong>cominilitabat.</strong></span> <span class='ocrx_word' id='word_1_196' title='bbox 1813 2606 1878 2659; x_wconf 87' lang='lat' dir='ltr'><strong>Et</strong></span> <span class='ocrx_word' id='word_1_197' title='bbox 1906 2605 2025 2660; x_wconf 90' lang='lat' dir='ltr'><strong>ideo</strong></span> 
     </span>
    </p>
   </div>
   <div class='ocr_carea' id='block_1_26' title="bbox 437 2697 2026 2768">
    <p class='ocr_par' dir='ltr' id='par_1_26' title="bbox 437 2697 2026 2768">
     <span class='ocr_line' id='line_1_26' title="bbox 437 2697 2026 2768; baseline -0.002 -15"><span class='ocrx_word' id='word_1_198' title='bbox 437 2713 608 2767; x_wconf 86' lang='lat' dir='ltr'><strong>neque</strong></span> <span class='ocrx_word' id='word_1_199' title='bbox 653 2699 850 2763; x_wconf 86' lang='lat' dir='ltr'><strong>armis,</strong></span> <span class='ocrx_word' id='word_1_200' title='bbox 894 2715 1064 2768; x_wconf 84' lang='lat' dir='ltr'><strong>neque</strong></span> <span class='ocrx_word' id='word_1_201' title='bbox 1107 2697 1369 2752; x_wconf 81' lang='lat' dir='ltr'><strong>machinis</strong></span> <span class='ocrx_word' id='word_1_202' title='bbox 1412 2713 1545 2767; x_wconf 89' lang='lat' dir='ltr'><strong>opus</strong></span> <span class='ocrx_word' id='word_1_203' title='bbox 1590 2697 1854 2751; x_wconf 88' lang='lat' dir='ltr'><strong>habebant</strong></span> <span class='ocrx_word' id='word_1_204' title='bbox 1886 2715 1898 2750; x_wconf 91' lang='lat'><strong>:</strong></span> <span class='ocrx_word' id='word_1_205' title='bbox 1931 2697 2026 2751; x_wconf 86' lang='lat' dir='ltr'><strong>sed</strong></span> 
     </span>
    </p>
   </div>
   <div class='ocr_carea' id='block_1_27' title="bbox 438 2789 2024 2858">
    <p class='ocr_par' dir='ltr' id='par_1_27' title="bbox 438 2789 2024 2858">
     <span class='ocr_line' id='line_1_27' title="bbox 438 2789 2024 2858; baseline -0.002 -13"><span class='ocrx_word' id='word_1_206' title='bbox 438 2799 640 2845; x_wconf 80' lang='lat' dir='ltr'><strong>tantum</strong></span> <span class='ocrx_word' id='word_1_207' title='bbox 672 2801 726 2844; x_wconf 93' lang='lat' dir='ltr'><strong>ut</strong></span> <span class='ocrx_word' id='word_1_208' title='bbox 759 2791 1056 2858; x_wconf 81' lang='lat' dir='ltr'><strong>comparuit</strong></span> <span class='ocrx_word' id='word_1_209' title='bbox 1083 2805 1202 2844; x_wconf 91' lang='lat' dir='ltr'><strong>cum</strong></span> <span class='ocrx_word' id='word_1_210' title='bbox 1245 2789 1473 2854; x_wconf 80' lang='lat' dir='ltr'><strong>famulis,</strong></span> <span class='ocrx_word' id='word_1_211' title='bbox 1501 2789 1633 2842; x_wconf 91' lang='lat' dir='ltr'><strong>alios</strong></span> <span class='ocrx_word' id='word_1_212' title='bbox 1664 2790 1873 2857; x_wconf 84' lang='lat' dir='ltr'><strong>quidem</strong></span> <span class='ocrx_word' id='word_1_213' title='bbox 1908 2804 2024 2857; x_wconf 90' lang='lat' dir='ltr'><strong>per-</strong></span> 
     </span>
    </p>
   </div>
   <div class='ocr_carea' id='block_1_28' title="bbox 435 2880 2024 2949">
    <p class='ocr_par' dir='ltr' id='par_1_28' title="bbox 435 2880 2024 2949">
     <span class='ocr_line' id='line_1_28' title="bbox 435 2880 2024 2949; baseline -0.004 -13"><span class='ocrx_word' id='word_1_214' title='bbox 435 2882 633 2946; x_wconf 87' lang='lat' dir='ltr'><strong>cussit,</strong></span> <span class='ocrx_word' id='word_1_215' title='bbox 662 2882 794 2934; x_wconf 89' lang='lat' dir='ltr'><strong>alios</strong></span> <span class='ocrx_word' id='word_1_216' title='bbox 824 2888 999 2934; x_wconf 86' lang='lat' dir='ltr'><strong>autem</strong></span> <span class='ocrx_word' id='word_1_217' title='bbox 1033 2881 1083 2934; x_wconf 89' lang='lat' dir='ltr'><strong>in</strong></span> <span class='ocrx_word' id='word_1_218' title='bbox 1113 2880 1284 2949; x_wconf 73' lang='lat' dir='ltr'><strong>fugam</strong></span> <span class='ocrx_word' id='word_1_219' title='bbox 1314 2881 1503 2942; x_wconf 84' lang='lat' dir='ltr'><strong>vertit,</strong></span> <span class='ocrx_word' id='word_1_220' title='bbox 1527 2888 1582 2932; x_wconf 88' lang='lat' dir='ltr'><strong>et</strong></span> <span class='ocrx_word' id='word_1_221' title='bbox 1611 2889 1893 2946; x_wconf 79' lang='lat' dir='ltr'><strong>utrumque</strong></span> <span class='ocrx_word' id='word_1_222' title='bbox 1925 2880 2024 2931; x_wconf 87' lang='lat' dir='ltr'><strong>itu-</strong></span> 
     </span>
    </p>
   </div>
   <div class='ocr_carea' id='block_1_29' title="bbox 438 2971 2028 3041">
    <p class='ocr_par' dir='ltr' id='par_1_29' title="bbox 438 2971 2028 3041">
     <span class='ocr_line' id='line_1_29' title="bbox 438 2971 2028 3041; baseline 0.001 -17"><span class='ocrx_word' id='word_1_223' title='bbox 438 2972 644 3041; x_wconf 85' lang='lat' dir='ltr'><strong>pavide,</strong></span> <span class='ocrx_word' id='word_1_224' title='bbox 667 2987 788 3026; x_wconf 91' lang='lat' dir='ltr'><strong>cum</strong></span> <span class='ocrx_word' id='word_1_225' title='bbox 817 2972 991 3026; x_wconf 89' lang='lat' dir='ltr'><strong>nullus</strong></span> <span class='ocrx_word' id='word_1_226' title='bbox 1015 2981 1157 3026; x_wconf 85' lang='lat' dir='ltr'><strong>esset</strong></span> <span class='ocrx_word' id='word_1_227' title='bbox 1181 2973 1268 3041; x_wconf 90' lang='lat' dir='ltr'><strong>qui</strong></span> <span class='ocrx_word' id='word_1_228' title='bbox 1297 2971 1622 3033; x_wconf 81' lang='lat' dir='ltr'><strong>obturbaret,</strong></span> <span class='ocrx_word' id='word_1_229' title='bbox 1653 2981 1706 3024; x_wconf 91' lang='lat' dir='ltr'><strong>et</strong></span> <span class='ocrx_word' id='word_1_230' title='bbox 1727 2980 1832 3023; x_wconf 91' lang='lat' dir='ltr'><strong>tam</strong></span> <span class='ocrx_word' id='word_1_231' title='bbox 1861 2985 2028 3039; x_wconf 89' lang='lat' dir='ltr'><strong>equos</strong></span> 
     </span>
    </p>
   </div>
   <div class='ocr_carea' id='block_1_30' title="bbox 435 3060 2024 3133">
    <p class='ocr_par' dir='ltr' id='par_1_30' title="bbox 435 3060 2024 3133">
     <span class='ocr_line' id='line_1_30' title="bbox 435 3060 2024 3133; baseline 0 -18"><span class='ocrx_word' id='word_1_232' title='bbox 435 3061 576 3133; x_wconf 78' lang='lat' dir='ltr'><strong>regis</strong></span> <span class='ocrx_word' id='word_1_233' title='bbox 597 3061 954 3116; x_wconf 87' lang='lat' dir='ltr'><strong>Sodomorum</strong></span> <span class='ocrx_word' id='word_1_234' title='bbox 980 3061 1208 3124; x_wconf 89' lang='lat' dir='ltr'><strong>reduxit,</strong></span> <span class='ocrx_word' id='word_1_235' title='bbox 1233 3077 1390 3129; x_wconf 90' lang='lat' dir='ltr'><strong>quam</strong></span> <span class='ocrx_word' id='word_1_236' title='bbox 1413 3061 1511 3115; x_wconf 86' lang='lat' dir='ltr'><strong>Lot</strong></span> <span class='ocrx_word' id='word_1_237' title='bbox 1532 3060 1708 3114; x_wconf 85' lang='lat' dir='ltr'><strong>fratris</strong></span> <span class='ocrx_word' id='word_1_238' title='bbox 1729 3060 1808 3115; x_wconf 90' lang='lat' dir='ltr'><strong>sui</strong></span> <span class='ocrx_word' id='word_1_239' title='bbox 1837 3060 2024 3128; x_wconf 89' lang='lat' dir='ltr'><strong>lilium,</strong></span> 
     </span>
    </p>
   </div>
   <div class='ocr_carea' id='block_1_31' title="bbox 435 3151 2026 3222">
    <p class='ocr_par' dir='ltr' id='par_1_31' title="bbox 435 3151 2026 3222">
     <span class='ocr_line' id='line_1_31' title="bbox 435 3151 2026 3222; baseline 0 -15"><span class='ocrx_word' id='word_1_240' title='bbox 435 3159 490 3207; x_wconf 88' lang='lat' dir='ltr'><strong>et</strong></span> <span class='ocrx_word' id='word_1_241' title='bbox 521 3167 733 3205; x_wconf 85' lang='lat' dir='ltr'><strong>omnem</strong></span> <span class='ocrx_word' id='word_1_242' title='bbox 760 3155 872 3220; x_wconf 83' lang='lat' dir='ltr'><strong>cjus</strong></span> <span class='ocrx_word' id='word_1_243' title='bbox 901 3151 1248 3208; x_wconf 87' lang='lat' dir='ltr'><strong>substantiam</strong></span> <span class='ocrx_word' id='word_1_244' title='bbox 1279 3160 1330 3205; x_wconf 88' lang='lat' dir='ltr'><strong>et</strong></span> <span class='ocrx_word' id='word_1_245' title='bbox 1370 3152 1640 3205; x_wconf 83' lang='lat' dir='ltr'><strong>mulieres.</strong></span> <span class='ocrx_word' id='word_1_246' title='bbox 1677 3153 1832 3206; x_wconf 85' lang='lat' dir='ltr'><strong>Vides</strong></span> <span class='ocrx_word' id='word_1_247' title='bbox 1862 3169 2026 3222; x_wconf 88' lang='lat' dir='ltr'><strong>quare</strong></span> 
     </span>
    </p>
   </div>
   <div class='ocr_carea' id='block_1_32' title="bbox 437 3242 2026 3312">
    <p class='ocr_par' dir='ltr' id='par_1_32' title="bbox 437 3242 2026 3312">
     <span class='ocr_line' id='line_1_32' title="bbox 437 3242 2026 3312; baseline 0.001 -16"><span class='ocrx_word' id='word_1_248' title='bbox 437 3243 556 3297; x_wconf 85' lang='lat' dir='ltr'><strong>aliis</strong></span> <span class='ocrx_word' id='word_1_249' title='bbox 587 3242 704 3312; x_wconf 80' lang='lat' dir='ltr'><strong>fuga</strong></span> <span class='ocrx_word' id='word_1_250' title='bbox 735 3243 1086 3308; x_wconf 88' lang='lat' dir='ltr'><strong>elabentibus,</strong></span> <span class='ocrx_word' id='word_1_251' title='bbox 1115 3242 1406 3311; x_wconf 90' lang='lat' dir='ltr'><strong>permissus</strong></span> <span class='ocrx_word' id='word_1_252' title='bbox 1437 3243 1504 3296; x_wconf 88' lang='lat' dir='ltr'><strong>sit</strong></span> <span class='ocrx_word' id='word_1_253' title='bbox 1534 3242 1630 3295; x_wconf 60' lang='grc' dir='ltr'><strong>ιρι</strong></span> <span class='ocrx_word' id='word_1_254' title='bbox 1663 3244 1712 3296; x_wconf 94' lang='lat' dir='ltr'><strong>in</strong></span> <span class='ocrx_word' id='word_1_255' title='bbox 1744 3244 2026 3312; x_wconf 85' lang='lat' dir='ltr'><strong>captivita-</strong></span> 
     </span>
    </p>
   </div>
   <div class='ocr_carea' id='block_1_33' title="bbox 441 3331 2027 3401">
    <p class='ocr_par' dir='ltr' id='par_1_33' title="bbox 441 3331 2027 3401">
     <span class='ocr_line' id='line_1_33' title="bbox 441 3331 2027 3401; baseline 0 -13"><span class='ocrx_word' id='word_1_256' title='bbox 441 3343 548 3388; x_wconf 88' lang='lat' dir='ltr'><strong>tem</strong></span> <span class='ocrx_word' id='word_1_257' title='bbox 576 3333 797 3388; x_wconf 75' lang='lat' dir='ltr'><strong>venire?</strong></span> <span class='ocrx_word' id='word_1_258' title='bbox 823 3332 1022 3401; x_wconf 87' lang='lat' dir='ltr'><strong>Nempe</strong></span> <span class='ocrx_word' id='word_1_259' title='bbox 1050 3341 1106 3386; x_wconf 93' lang='lat' dir='ltr'><strong>ut</strong></span> <span class='ocrx_word' id='word_1_260' title='bbox 1129 3341 1182 3386; x_wconf 88' lang='lat' dir='ltr'><strong>et</strong></span> <span class='ocrx_word' id='word_1_261' title='bbox 1220 3331 1530 3400; x_wconf 61' lang='lat' dir='ltr'><strong>patriarcha</strong></span> <span class='ocrx_word' id='word_1_262' title='bbox 1569 3332 1735 3386; x_wconf 81' lang='lat' dir='ltr'><strong>virtus</strong></span> <span class='ocrx_word' id='word_1_263' title='bbox 1770 3335 2027 3388; x_wconf 86' lang='lat' dir='ltr'><strong>claresce-</strong></span> 
     </span>
    </p>
   </div>
   <div class='ocr_carea' id='block_1_34' title="bbox 439 3423 2026 3494">
    <p class='ocr_par' dir='ltr' id='par_1_34' title="bbox 439 3423 2026 3494">
     <span class='ocr_line' id='line_1_34' title="bbox 439 3423 2026 3494; baseline -0.001 -16"><span class='ocrx_word' id='word_1_264' title='bbox 439 3437 552 3491; x_wconf 87' lang='lat' dir='ltr'><strong>ret,</strong></span> <span class='ocrx_word' id='word_1_265' title='bbox 585 3434 636 3478; x_wconf 78' lang='lat' dir='ltr'><strong>rt</strong></span> <span class='ocrx_word' id='word_1_266' title='bbox 663 3433 878 3494; x_wconf 87' lang='lat' dir='ltr'><strong>propter</strong></span> <span class='ocrx_word' id='word_1_267' title='bbox 915 3426 1086 3493; x_wconf 91' lang='lat' dir='ltr'><strong>ipsum</strong></span> <span class='ocrx_word' id='word_1_268' title='bbox 1121 3424 1210 3476; x_wconf 89' lang='lat' dir='ltr'><strong>alii</strong></span> <span class='ocrx_word' id='word_1_269' title='bbox 1241 3423 1390 3476; x_wconf 91' lang='lat' dir='ltr'><strong>multi</strong></span> <span class='ocrx_word' id='word_1_270' title='bbox 1423 3423 1648 3476; x_wconf 87' lang='lat' dir='ltr'><strong>salutem</strong></span> <span class='ocrx_word' id='word_1_271' title='bbox 1679 3438 2026 3491; x_wconf 83' lang='lat' dir='ltr'><strong>assequeren-</strong></span> 
     </span>
    </p>
   </div>
   <div class='ocr_carea' id='block_1_35' title="bbox 437 3515 2021 3585">
    <p class='ocr_par' dir='ltr' id='par_1_35' title="bbox 437 3515 2021 3585">
     <span class='ocr_line' id='line_1_35' title="bbox 437 3515 2021 3585; baseline -0.003 -13"><span class='ocrx_word' id='word_1_272' title='bbox 437 3526 540 3572; x_wconf 76' lang='lat' dir='ltr'><strong>tur.</strong></span> <span class='ocrx_word' id='word_1_273' title='bbox 570 3516 744 3572; x_wconf 79' lang='lat' dir='ltr'><strong>Rediit</strong></span> <span class='ocrx_word' id='word_1_274' title='bbox 769 3527 942 3571; x_wconf 90' lang='lat' dir='ltr'><strong>autem</strong></span> <span class='ocrx_word' id='word_1_275' title='bbox 967 3531 1159 3585; x_wconf 81' lang='lat' dir='ltr'><strong>magno</strong></span> <span class='ocrx_word' id='word_1_276' title='bbox 1188 3524 1238 3568; x_wconf 94' lang='lat' dir='ltr'><strong>et</strong></span> <span class='ocrx_word' id='word_1_277' title='bbox 1269 3515 1528 3584; x_wconf 76' lang='lat' dir='ltr'><strong>praeclaro</strong></span> <span class='ocrx_word' id='word_1_278' title='bbox 1556 3524 1755 3583; x_wconf 74' lang='lat' dir='ltr'><strong>tr0pteo</strong></span> <span class='ocrx_word' id='word_1_279' title='bbox 1782 3515 2021 3583; x_wconf 74' lang='lat' dir='ltr'><strong>insignis,</strong></span> 
     </span>
    </p>
   </div>
   <div class='ocr_carea' id='block_1_36' title="bbox 435 3606 2025 3678">
    <p class='ocr_par' dir='ltr' id='par_1_36' title="bbox 435 3606 2025 3678">
     <span class='ocr_line' id='line_1_36' title="bbox 435 3606 2025 3678; baseline -0.003 -15"><span class='ocrx_word' id='word_1_280' title='bbox 435 3623 557 3663; x_wconf 84' lang='lat' dir='ltr'><strong>cum</strong></span> <span class='ocrx_word' id='word_1_281' title='bbox 587 3607 686 3663; x_wconf 88' lang='lat' dir='ltr'><strong>Lot</strong></span> <span class='ocrx_word' id='word_1_282' title='bbox 714 3622 881 3678; x_wconf 86' lang='lat' dir='ltr'><strong>equos</strong></span> <span class='ocrx_word' id='word_1_283' title='bbox 901 3648 914 3671; x_wconf 87' lang='lat'><strong>,</strong></span> <span class='ocrx_word' id='word_1_284' title='bbox 943 3617 997 3662; x_wconf 92' lang='lat' dir='ltr'><strong>et</strong></span> <span class='ocrx_word' id='word_1_285' title='bbox 1038 3606 1293 3661; x_wconf 81' lang='lat' dir='ltr'><strong>mulieres</strong></span> <span class='ocrx_word' id='word_1_286' title='bbox 1313 3647 1328 3670; x_wconf 85' lang='lat'><strong>,</strong></span> <span class='ocrx_word' id='word_1_287' title='bbox 1357 3615 1411 3661; x_wconf 87' lang='lat' dir='ltr'><strong>et</strong></span> <span class='ocrx_word' id='word_1_288' title='bbox 1447 3614 1665 3659; x_wconf 63' lang='lat' dir='ltr'><strong>caeteras</strong></span> <span class='ocrx_word' id='word_1_289' title='bbox 1704 3606 2025 3659; x_wconf 75' lang='lat' dir='ltr'><strong>substantias</strong></span> 
     </span>
    </p>
   </div>
   <div class='ocr_carea' id='block_1_37' title="bbox 437 3697 2025 3768">
    <p class='ocr_par' dir='ltr' id='par_1_37' title="bbox 437 3697 2025 3768">
     <span class='ocr_line' id='line_1_37' title="bbox 437 3697 2025 3768; baseline -0.003 -12"><span class='ocrx_word' id='word_1_290' title='bbox 437 3700 696 3756; x_wconf 88' lang='lat' dir='ltr'><strong>reducens</strong></span> <span class='ocrx_word' id='word_1_291' title='bbox 717 3741 732 3766; x_wconf 93' lang='lat'><strong>,</strong></span> <span class='ocrx_word' id='word_1_292' title='bbox 765 3709 818 3754; x_wconf 91' lang='lat' dir='ltr'><strong>et</strong></span> <span class='ocrx_word' id='word_1_293' title='bbox 845 3701 987 3754; x_wconf 88' lang='lat' dir='ltr'><strong>clara</strong></span> <span class='ocrx_word' id='word_1_294' title='bbox 1013 3714 1076 3753; x_wconf 90' lang='lat' dir='ltr'><strong>ac</strong></span> <span class='ocrx_word' id='word_1_295' title='bbox 1104 3700 1254 3768; x_wconf 90' lang='lat' dir='ltr'><strong>plena</strong></span> <span class='ocrx_word' id='word_1_296' title='bbox 1287 3713 1415 3752; x_wconf 90' lang='lat' dir='ltr'><strong>voce</strong></span> <span class='ocrx_word' id='word_1_297' title='bbox 1446 3697 1766 3767; x_wconf 64' lang='lat' dir='ltr'><strong>praedicans,</strong></span> <span class='ocrx_word' id='word_1_298' title='bbox 1799 3699 2025 3767; x_wconf 84' lang='lat' dir='ltr'><strong>tubaque</strong></span> 
     </span>
    </p>
   </div>
   <div class='ocr_carea' id='block_1_38' title="bbox 437 3788 2026 3858">
    <p class='ocr_par' dir='ltr' id='par_1_38' title="bbox 437 3788 2026 3858">
     <span class='ocr_line' id='line_1_38' title="bbox 437 3788 2026 3858; baseline -0.003 -14"><span class='ocrx_word' id='word_1_299' title='bbox 437 3791 675 3845; x_wconf 76' lang='lat' dir='ltr'><strong>vocalius</strong></span> <span class='ocrx_word' id='word_1_300' title='bbox 700 3793 956 3855; x_wconf 85' lang='lat' dir='ltr'><strong>clamans,</strong></span> <span class='ocrx_word' id='word_1_301' title='bbox 989 3804 1048 3845; x_wconf 86' lang='lat' dir='ltr'><strong>se</strong></span> <span class='ocrx_word' id='word_1_302' title='bbox 1075 3805 1180 3844; x_wconf 91' lang='lat' dir='ltr'><strong>non</strong></span> <span class='ocrx_word' id='word_1_303' title='bbox 1208 3788 1435 3844; x_wconf 85' lang='lat' dir='ltr'><strong>humana</strong></span> <span class='ocrx_word' id='word_1_304' title='bbox 1463 3791 1680 3858; x_wconf 86' lang='lat' dir='ltr'><strong>virtute,</strong></span> <span class='ocrx_word' id='word_1_305' title='bbox 1708 3805 1878 3858; x_wconf 87' lang='lat' dir='ltr'><strong>neque</strong></span> <span class='ocrx_word' id='word_1_306' title='bbox 1907 3804 2026 3843; x_wconf 88' lang='lat' dir='ltr'><strong>cor-</strong></span> 
     </span>
    </p>
   </div>
   <div class='ocr_carea' id='block_1_39' title="bbox 437 3880 2021 3954">
    <p class='ocr_par' dir='ltr' id='par_1_39' title="bbox 437 3880 2021 3954">
     <span class='ocr_line' id='line_1_39' title="bbox 437 3880 2021 3954; baseline -0.001 -20"><span class='ocrx_word' id='word_1_307' title='bbox 437 3882 606 3954; x_wconf 88' lang='lat' dir='ltr'><strong>porali</strong></span> <span class='ocrx_word' id='word_1_308' title='bbox 635 3883 826 3937; x_wconf 90' lang='lat' dir='ltr'><strong>robore</strong></span> <span class='ocrx_word' id='word_1_309' title='bbox 847 3890 900 3936; x_wconf 91' lang='lat' dir='ltr'><strong>et</strong></span> <span class='ocrx_word' id='word_1_310' title='bbox 921 3882 1038 3935; x_wconf 91' lang='lat' dir='ltr'><strong>illos</strong></span> <span class='ocrx_word' id='word_1_311' title='bbox 1061 3880 1389 3951; x_wconf 83' lang='lat' dir='ltr'><strong>proﬂigasse,</strong></span> <span class='ocrx_word' id='word_1_312' title='bbox 1412 3889 1465 3935; x_wconf 92' lang='lat' dir='ltr'><strong>et</strong></span> <span class='ocrx_word' id='word_1_313' title='bbox 1493 3883 1745 3936; x_wconf 89' lang='lat' dir='ltr'><strong>victorem</strong></span> <span class='ocrx_word' id='word_1_314' title='bbox 1765 3883 2021 3947; x_wconf 79' lang='lat' dir='ltr'><strong>evasisse,</strong></span> 
     </span>
    </p>
   </div>
   <div class='ocr_carea' id='block_1_40' title="bbox 435 3971 2021 4042">
    <p class='ocr_par' dir='ltr' id='par_1_40' title="bbox 435 3971 2021 4042">
     <span class='ocr_line' id='line_1_40' title="bbox 435 3971 2021 4042; baseline -0.001 -14"><span class='ocrx_word' id='word_1_315' title='bbox 435 3972 530 4028; x_wconf 86' lang='lat' dir='ltr'><strong>sed</strong></span> <span class='ocrx_word' id='word_1_316' title='bbox 559 3987 788 4042; x_wconf 87' lang='lat' dir='ltr'><strong>superna</strong></span> <span class='ocrx_word' id='word_1_317' title='bbox 815 3987 975 4026; x_wconf 86' lang='lat' dir='ltr'><strong>manu</strong></span> <span class='ocrx_word' id='word_1_318' title='bbox 1005 3971 1231 4026; x_wconf 90' lang='lat' dir='ltr'><strong>faciente</strong></span> <span class='ocrx_word' id='word_1_319' title='bbox 1259 3973 1456 4026; x_wconf 83' lang='lat' dir='ltr'><strong>omnia.</strong></span> <span class='ocrx_word' id='word_1_320' title='bbox 1497 3971 1682 4025; x_wconf 70' lang='lat' dir='ltr'><strong>Vidi~ti</strong></span> <span class='ocrx_word' id='word_1_321' title='bbox 1726 3988 1818 4041; x_wconf 87' lang='lat' dir='ltr'><strong>per</strong></span> <span class='ocrx_word' id='word_1_322' title='bbox 1847 3975 2021 4026; x_wconf 86' lang='lat' dir='ltr'><strong>omnia</strong></span> 
     </span>
    </p>
   </div>
   <div class='ocr_carea' id='block_1_41' title="bbox 439 4063 2020 4133">
    <p class='ocr_par' dir='ltr' id='par_1_41' title="bbox 439 4063 2020 4133">
     <span class='ocr_line' id='line_1_41' title="bbox 439 4063 2020 4133; baseline -0.001 -14"><span class='ocrx_word' id='word_1_323' title='bbox 439 4066 633 4132; x_wconf 82' lang='lat' dir='ltr'><strong>iustum</strong></span> <span class='ocrx_word' id='word_1_324' title='bbox 653 4066 937 4120; x_wconf 86' lang='lat' dir='ltr'><strong>clariorem</strong></span> <span class='ocrx_word' id='word_1_325' title='bbox 961 4063 1094 4127; x_wconf 82' lang='lat' dir='ltr'><strong>ﬂeri,</strong></span> <span class='ocrx_word' id='word_1_326' title='bbox 1121 4073 1174 4117; x_wconf 90' lang='lat' dir='ltr'><strong>et</strong></span> <span class='ocrx_word' id='word_1_327' title='bbox 1199 4063 1436 4133; x_wconf 88' lang='lat' dir='ltr'><strong>quotidie</strong></span> <span class='ocrx_word' id='word_1_328' title='bbox 1461 4065 1628 4132; x_wconf 87' lang='lat' dir='ltr'><strong>magis</strong></span> <span class='ocrx_word' id='word_1_329' title='bbox 1649 4064 1905 4117; x_wconf 82' lang='lat' dir='ltr'><strong>declarari</strong></span> <span class='ocrx_word' id='word_1_330' title='bbox 1932 4065 2020 4120; x_wconf 90' lang='lat' dir='ltr'><strong>Dei</strong></span> 
     </span>
    </p>
   </div>
   <div class='ocr_carea' id='block_1_42' title="bbox 437 4155 2024 4226">
    <p class='ocr_par' dir='ltr' id='par_1_42' title="bbox 437 4155 2024 4226">
     <span class='ocr_line' id='line_1_42' title="bbox 437 4155 2024 4226; baseline -0.001 -14"><span class='ocrx_word' id='word_1_331' title='bbox 437 4173 560 4226; x_wconf 79' lang='lat' dir='ltr'><strong>erga</strong></span> <span class='ocrx_word' id='word_1_332' title='bbox 605 4172 729 4213; x_wconf 93' lang='lat' dir='ltr'><strong>eum</strong></span> <span class='ocrx_word' id='word_1_333' title='bbox 777 4157 1200 4226; x_wconf 81' lang='lat' dir='ltr'><strong>providentiam?</strong></span> <span class='ocrx_word' id='word_1_334' title='bbox 1238 4155 1372 4210; x_wconf 84' lang='lat' dir='ltr'><strong>Vide</strong></span> <span class='ocrx_word' id='word_1_335' title='bbox 1412 4165 1528 4223; x_wconf 91' lang='lat' dir='ltr'><strong>post</strong></span> <span class='ocrx_word' id='word_1_336' title='bbox 1570 4155 1716 4219; x_wconf 82' lang='lat' dir='ltr'><strong>haec,</strong></span> <span class='ocrx_word' id='word_1_337' title='bbox 1759 4158 2024 4223; x_wconf 88' lang='lat' dir='ltr'><strong>quomodo</strong></span> 
     </span>
    </p>
   </div>
   <div class='ocr_carea' id='block_1_43' title="bbox 437 4246 2024 4305">
    <p class='ocr_par' dir='ltr' id='par_1_43' title="bbox 437 4246 2024 4305">
     <span class='ocr_line' id='line_1_43' title="bbox 437 4246 2024 4305; baseline -0.002 0"><span class='ocrx_word' id='word_1_338' title='bbox 437 4250 614 4305; x_wconf 81' lang='lat' dir='ltr'><strong>studet</strong></span> <span class='ocrx_word' id='word_1_339' title='bbox 638 4260 693 4303; x_wconf 92' lang='lat' dir='ltr'><strong>ut</strong></span> <span class='ocrx_word' id='word_1_340' title='bbox 717 4249 1006 4304; x_wconf 87' lang='lat' dir='ltr'><strong>Sodomitis</strong></span> <span class='ocrx_word' id='word_1_341' title='bbox 1033 4248 1195 4302; x_wconf 88' lang='lat' dir='ltr'><strong>divini</strong></span> <span class='ocrx_word' id='word_1_342' title='bbox 1222 4248 1397 4301; x_wconf 88' lang='lat' dir='ltr'><strong>cultus</strong></span> <span class='ocrx_word' id='word_1_343' title='bbox 1418 4246 1606 4301; x_wconf 89' lang='lat' dir='ltr'><strong>doctor</strong></span> <span class='ocrx_word' id='word_1_344' title='bbox 1634 4246 1742 4299; x_wconf 87' lang='lat' dir='ltr'><strong>fiat.</strong></span> <span class='ocrx_word' id='word_1_345' title='bbox 1773 4248 1855 4300; x_wconf 82' lang='lat' dir='ltr'><strong>Ait</strong></span> <span class='ocrx_word' id='word_1_346' title='bbox 1881 4249 2024 4302; x_wconf 81' lang='lat' dir='ltr'><strong>enim</strong></span> 
     </span>
    </p>
   </div>
   <div class='ocr_carea' id='block_1_44' title="bbox 439 4338 2017 4410">
    <p class='ocr_par' dir='ltr' id='par_1_44' title="bbox 439 4338 2017 4410">
     <span class='ocr_line' id='line_1_44' title="bbox 439 4338 2017 4410; baseline -0.003 -13"><span class='ocrx_word' id='word_1_347' title='bbox 439 4341 708 4410; x_wconf 83' lang='lat' dir='ltr'><strong>Scriptura</strong></span> <span class='ocrx_word' id='word_1_348' title='bbox 743 4359 754 4393; x_wconf 91' lang='lat'><strong>:</strong></span> <span class='ocrx_word' id='word_1_349' title='bbox 781 4340 865 4394; x_wconf 79' lang='lat' dir='ltr'><strong>l7.</strong></span> <span class='ocrx_word' id='word_1_350' title='bbox 901 4338 1145 4410; x_wconf 79' lang='lat' dir='ltr'><strong>Egressus</strong></span> <span class='ocrx_word' id='word_1_351' title='bbox 1180 4349 1252 4392; x_wconf 85' lang='lat' dir='ltr'><strong>est</strong></span> <span class='ocrx_word' id='word_1_352' title='bbox 1281 4355 1371 4392; x_wconf 77' lang='lat' dir='ltr'><strong>rea:</strong></span> <span class='ocrx_word' id='word_1_353' title='bbox 1398 4339 1735 4390; x_wconf 71' lang='lat' dir='ltr'><strong>Sodomorum</strong></span> <span class='ocrx_word' id='word_1_354' title='bbox 1761 4339 1811 4391; x_wconf 88' lang='lat' dir='ltr'><strong>in</strong></span> <span class='ocrx_word' id='word_1_355' title='bbox 1841 4357 2017 4392; x_wconf 79' lang='lat' dir='ltr'><strong>occur-</strong></span> 
     </span>
    </p>
   </div>
   <div class='ocr_carea' id='block_1_45' title="bbox 437 4428 2017 4500">
    <p class='ocr_par' dir='ltr' id='par_1_45' title="bbox 437 4428 2017 4500">
     <span class='ocr_line' id='line_1_45' title="bbox 437 4428 2017 4500; baseline 0.001 -17"><span class='ocrx_word' id='word_1_356' title='bbox 437 4448 546 4483; x_wconf 77' lang='lat' dir='ltr'><strong>sum</strong></span> <span class='ocrx_word' id='word_1_357' title='bbox 573 4432 621 4484; x_wconf 88' lang='lat' dir='ltr'><strong>ei</strong></span> <span class='ocrx_word' id='word_1_358' title='bbox 639 4473 650 4492; x_wconf 88' lang='lat'><strong>,</strong></span> <span class='ocrx_word' id='word_1_359' title='bbox 681 4440 943 4500; x_wconf 81' lang='lat' dir='ltr'><strong>postquam</strong></span> <span class='ocrx_word' id='word_1_360' title='bbox 982 4447 1206 4485; x_wconf 73' lang='lat' dir='ltr'><strong>reversus</strong></span> <span class='ocrx_word' id='word_1_361' title='bbox 1243 4441 1311 4482; x_wconf 84' lang='lat' dir='ltr'><strong>est</strong></span> <span class='ocrx_word' id='word_1_362' title='bbox 1340 4448 1369 4480; x_wconf 89' lang='lat' dir='ltr'><strong>u</strong></span> <span class='ocrx_word' id='word_1_363' title='bbox 1398 4441 1563 4499; x_wconf 84' lang='lat' dir='ltr'><strong>strage</strong></span> <span class='ocrx_word' id='word_1_364' title='bbox 1593 4428 2017 4499; x_wconf 54' lang='lat' dir='ltr'><strong>Cltodologomor,</strong></span> 
     </span>
    </p>
   </div>
   <div class='ocr_carea' id='block_1_46' title="bbox 436 4520 2020 4593">
    <p class='ocr_par' dir='ltr' id='par_1_46' title="bbox 436 4520 2020 4593">
     <span class='ocr_line' id='line_1_46' title="bbox 436 4520 2020 4593; baseline 0.001 -19"><span class='ocrx_word' id='word_1_365' title='bbox 436 4531 480 4574; x_wconf 88' lang='lat' dir='ltr'><strong>et</strong></span> <span class='ocrx_word' id='word_1_366' title='bbox 514 4539 687 4593; x_wconf 81' lang='lat' dir='ltr'><strong>regum</strong></span> <span class='ocrx_word' id='word_1_367' title='bbox 723 4523 807 4592; x_wconf 74' lang='lat' dir='ltr'><strong>qui</strong></span> <span class='ocrx_word' id='word_1_368' title='bbox 836 4539 950 4575; x_wconf 87' lang='lat' dir='ltr'><strong>cum</strong></span> <span class='ocrx_word' id='word_1_369' title='bbox 985 4523 1096 4575; x_wconf 90' lang='lat' dir='ltr'><strong>illo.</strong></span> <span class='ocrx_word' id='word_1_370' title='bbox 1141 4520 1369 4575; x_wconf 79' lang='lat' dir='ltr'><strong>Attende</strong></span> <span class='ocrx_word' id='word_1_371' title='bbox 1407 4521 1586 4589; x_wconf 83' lang='lat' dir='ltr'><strong>quanti</strong></span> <span class='ocrx_word' id='word_1_372' title='bbox 1631 4521 1701 4573; x_wconf 90' lang='lat' dir='ltr'><strong>sit</strong></span> <span class='ocrx_word' id='word_1_373' title='bbox 1743 4520 1938 4583; x_wconf 88' lang='lat' dir='ltr'><strong>virtus,</strong></span> <span class='ocrx_word' id='word_1_374' title='bbox 1967 4533 2020 4576; x_wconf 89' lang='lat' dir='ltr'><strong>et</strong></span> 
     </span>
    </p>
   </div>
   <div class='ocr_carea' id='block_1_47' title="bbox 436 4613 2018 4681">
    <p class='ocr_par' dir='ltr' id='par_1_47' title="bbox 436 4613 2018 4681">
     <span class='ocr_line' id='line_1_47' title="bbox 436 4613 2018 4681; baseline 0 -13"><span class='ocrx_word' id='word_1_375' title='bbox 436 4614 597 4668; x_wconf 84' lang='lat' dir='ltr'><strong>divini</strong></span> <span class='ocrx_word' id='word_1_376' title='bbox 643 4615 819 4668; x_wconf 82' lang='lat' dir='ltr'><strong>auxilii</strong></span> <span class='ocrx_word' id='word_1_377' title='bbox 857 4613 1245 4668; x_wconf 87' lang='lat' dir='ltr'><strong>commilitium.</strong></span> <span class='ocrx_word' id='word_1_378' title='bbox 1277 4613 1388 4666; x_wconf 89' lang='lat' dir='ltr'><strong>Rex</strong></span> <span class='ocrx_word' id='word_1_379' title='bbox 1429 4613 1707 4681; x_wconf 77' lang='lat' dir='ltr'><strong>peregrino</strong></span> <span class='ocrx_word' id='word_1_380' title='bbox 1736 4624 1787 4665; x_wconf 93' lang='lat' dir='ltr'><strong>et</strong></span> <span class='ocrx_word' id='word_1_381' title='bbox 1822 4615 1934 4668; x_wconf 90' lang='lat' dir='ltr'><strong>seni</strong></span> <span class='ocrx_word' id='word_1_382' title='bbox 1966 4615 2018 4668; x_wconf 92' lang='lat' dir='ltr'><strong>in</strong></span> 
     </span>
    </p>
   </div>
   <div class='ocr_carea' id='block_1_48' title="bbox 435 4701 2015 4773">
    <p class='ocr_par' dir='ltr' id='par_1_48' title="bbox 435 4701 2015 4773">
     <span class='ocr_line' id='line_1_48' title="bbox 435 4701 2015 4773; baseline -0.001 -15"><span class='ocrx_word' id='word_1_383' title='bbox 435 4719 717 4759; x_wconf 91' lang='lat' dir='ltr'><strong>occursum</strong></span> <span class='ocrx_word' id='word_1_384' title='bbox 756 4704 1023 4773; x_wconf 81' lang='lat' dir='ltr'><strong>egreditur</strong></span> <span class='ocrx_word' id='word_1_385' title='bbox 1047 4745 1061 4770; x_wconf 96' lang='lat'><strong>,</strong></span> <span class='ocrx_word' id='word_1_386' title='bbox 1092 4714 1147 4756; x_wconf 86' lang='lat' dir='ltr'><strong>et</strong></span> <span class='ocrx_word' id='word_1_387' title='bbox 1183 4717 1396 4756; x_wconf 89' lang='lat' dir='ltr'><strong>omnem</strong></span> <span class='ocrx_word' id='word_1_388' title='bbox 1442 4701 1699 4755; x_wconf 90' lang='lat' dir='ltr'><strong>honorem</strong></span> <span class='ocrx_word' id='word_1_389' title='bbox 1745 4703 2015 4770; x_wconf 78' lang='lat' dir='ltr'><strong>impendit.</strong></span> 
     </span>
    </p>
   </div>
   <div class='ocr_carea' id='block_1_49' title="bbox 437 4792 2018 4863">
    <p class='ocr_par' dir='ltr' id='par_1_49' title="bbox 437 4792 2018 4863">
     <span class='ocr_line' id='line_1_49' title="bbox 437 4792 2018 4863; baseline -0.001 -15"><span class='ocrx_word' id='word_1_390' title='bbox 437 4793 551 4848; x_wconf 85' lang='lat' dir='ltr'><strong>Jam</strong></span> <span class='ocrx_word' id='word_1_391' title='bbox 580 4796 722 4851; x_wconf 86' lang='lat' dir='ltr'><strong>enim</strong></span> <span class='ocrx_word' id='word_1_392' title='bbox 752 4795 1026 4855; x_wconf 87' lang='lat' dir='ltr'><strong>didicerat,</strong></span> <span class='ocrx_word' id='word_1_393' title='bbox 1055 4792 1182 4847; x_wconf 84' lang='lat' dir='ltr'><strong>nihil</strong></span> <span class='ocrx_word' id='word_1_394' title='bbox 1217 4793 1468 4861; x_wconf 83' lang='lat' dir='ltr'><strong>prodesse</strong></span> <span class='ocrx_word' id='word_1_395' title='bbox 1497 4807 1715 4860; x_wconf 75' lang='lat' dir='ltr'><strong>regnum</strong></span> <span class='ocrx_word' id='word_1_396' title='bbox 1740 4793 1785 4846; x_wconf 91' lang='lat' dir='ltr'><strong>ei</strong></span> <span class='ocrx_word' id='word_1_397' title='bbox 1814 4795 1902 4863; x_wconf 89' lang='lat' dir='ltr'><strong>qui</strong></span> <span class='ocrx_word' id='word_1_398' title='bbox 1929 4809 2018 4847; x_wconf 82' lang='lat' dir='ltr'><strong>su-</strong></span> 
     </span>
    </p>
   </div>
   <div class='ocr_carea' id='block_1_50' title="bbox 442 4883 2022 4955">
    <p class='ocr_par' dir='ltr' id='par_1_50' title="bbox 442 4883 2022 4955">
     <span class='ocr_line' id='line_1_50' title="bbox 442 4883 2022 4955; baseline -0.002 -14"><span class='ocrx_word' id='word_1_399' title='bbox 442 4902 606 4955; x_wconf 88' lang='lat' dir='ltr'><strong>perno</strong></span> <span class='ocrx_word' id='word_1_400' title='bbox 629 4884 828 4940; x_wconf 89' lang='lat' dir='ltr'><strong>auxilio</strong></span> <span class='ocrx_word' id='word_1_401' title='bbox 852 4894 934 4939; x_wconf 91' lang='lat' dir='ltr'><strong>est</strong></span> <span class='ocrx_word' id='word_1_402' title='bbox 960 4885 1262 4949; x_wconf 87' lang='lat' dir='ltr'><strong>destitutus,</strong></span> <span class='ocrx_word' id='word_1_403' title='bbox 1288 4894 1341 4939; x_wconf 90' lang='lat' dir='ltr'><strong>et</strong></span> <span class='ocrx_word' id='word_1_404' title='bbox 1370 4883 1498 4937; x_wconf 89' lang='lat' dir='ltr'><strong>nihil</strong></span> <span class='ocrx_word' id='word_1_405' title='bbox 1526 4884 1791 4952; x_wconf 87' lang='lat' dir='ltr'><strong>potentius</strong></span> <span class='ocrx_word' id='word_1_406' title='bbox 1817 4900 1936 4938; x_wconf 87' lang='lat' dir='ltr'><strong>esse</strong></span> <span class='ocrx_word' id='word_1_407' title='bbox 1956 4900 2022 4938; x_wconf 90' lang='lat' dir='ltr'><strong>eo</strong></span> 
     </span>
    </p>
   </div>
   <div class='ocr_carea' id='block_1_51' title="bbox 439 4973 2018 5047">
    <p class='ocr_par' dir='ltr' id='par_1_51' title="bbox 439 4973 2018 5047">
     <span class='ocr_line' id='line_1_51' title="bbox 439 4973 2018 5047; baseline 0 -17"><span class='ocrx_word' id='word_1_408' title='bbox 439 4977 527 5047; x_wconf 91' lang='lat' dir='ltr'><strong>qui</strong></span> <span class='ocrx_word' id='word_1_409' title='bbox 559 4992 717 5030; x_wconf 89' lang='lat' dir='ltr'><strong>manu</strong></span> <span class='ocrx_word' id='word_1_410' title='bbox 747 4977 837 5031; x_wconf 89' lang='lat' dir='ltr'><strong>Dei</strong></span> <span class='ocrx_word' id='word_1_411' title='bbox 868 4976 1168 5046; x_wconf 76' lang='lat' dir='ltr'><strong>adiuvatur.</strong></span> <span class='ocrx_word' id='word_1_412' title='bbox 1198 4975 1286 5030; x_wconf 73' lang='grc'><strong>18.</strong></span> <span class='ocrx_word' id='word_1_413' title='bbox 1317 4974 1383 5028; x_wconf 84' lang='lat' dir='ltr'><strong>Et</strong></span> <span class='ocrx_word' id='word_1_414' title='bbox 1423 4973 1782 5039; x_wconf 75' lang='lat' dir='ltr'><strong>Melcltisedec,</strong></span> <span class='ocrx_word' id='word_1_415' title='bbox 1814 4977 2018 5045; x_wconf 89' lang='lat' dir='ltr'><strong>inquit,</strong></span> 
     </span>
    </p>
   </div>
   <div class='ocr_carea' id='block_1_52' title="bbox 439 5066 2018 5136">
    <p class='ocr_par' dir='ltr' id='par_1_52' title="bbox 439 5066 2018 5136">
     <span class='ocr_line' id='line_1_52' title="bbox 439 5066 2018 5136; baseline 0.001 -16"><span class='ocrx_word' id='word_1_416' title='bbox 439 5082 528 5120; x_wconf 76' lang='lat' dir='ltr'><strong>rea:</strong></span> <span class='ocrx_word' id='word_1_417' title='bbox 580 5067 754 5121; x_wconf 84' lang='lat' dir='ltr'><strong>Solem</strong></span> <span class='ocrx_word' id='word_1_418' title='bbox 785 5067 992 5134; x_wconf 83' lang='lat' dir='ltr'><strong>protulit</strong></span> <span class='ocrx_word' id='word_1_419' title='bbox 1022 5083 1175 5136; x_wconf 84' lang='lat' dir='ltr'><strong>panes</strong></span> <span class='ocrx_word' id='word_1_420' title='bbox 1205 5077 1250 5120; x_wconf 87' lang='lat' dir='ltr'><strong>et</strong></span> <span class='ocrx_word' id='word_1_421' title='bbox 1280 5068 1468 5120; x_wconf 83' lang='lat' dir='ltr'><strong>uinum.</strong></span> <span class='ocrx_word' id='word_1_422' title='bbox 1504 5066 1630 5120; x_wconf 84' lang='lat' dir='ltr'><strong>Erat</strong></span> <span class='ocrx_word' id='word_1_423' title='bbox 1655 5077 1818 5123; x_wconf 83' lang='lat' dir='ltr'><strong>autem</strong></span> <span class='ocrx_word' id='word_1_424' title='bbox 1847 5085 2018 5123; x_wconf 88' lang='lat' dir='ltr'><strong>sacer-</strong></span> 
     </span>
    </p>
   </div>
   <div class='ocr_carea' id='block_1_53' title="bbox 437 5157 934 5212">
    <p class='ocr_par' dir='ltr' id='par_1_53' title="bbox 437 5157 934 5212">
     <span class='ocr_line' id='line_1_53' title="bbox 437 5157 934 5212; baseline -0.002 -2"><span class='ocrx_word' id='word_1_425' title='bbox 437 5159 529 5212; x_wconf 88' lang='lat' dir='ltr'><strong>dos</strong></span> <span class='ocrx_word' id='word_1_426' title='bbox 558 5157 654 5211; x_wconf 87' lang='lat' dir='ltr'><strong>Dei</strong></span> <span class='ocrx_word' id='word_1_427' title='bbox 683 5158 934 5212; x_wconf 86' lang='lat' dir='ltr'><strong>altissimi.</strong></span> 
     </span>
    </p>
   </div>
   <div class='ocr_carea' id='block_1_54' title="bbox 509 5247 2022 5316">
    <p class='ocr_par' dir='ltr' id='par_1_54' title="bbox 509 5247 2022 5316">
     <span class='ocr_line' id='line_1_54' title="bbox 509 5247 2022 5316; baseline 0.002 -12"><span class='ocrx_word' id='word_1_428' title='bbox 509 5250 560 5304; x_wconf 81' lang='lat'><strong>5.</strong></span> <span class='ocrx_word' id='word_1_429' title='bbox 591 5248 728 5316; x_wconf 87' lang='lat' dir='ltr'><strong>Quid</strong></span> <span class='ocrx_word' id='word_1_430' title='bbox 767 5249 866 5302; x_wconf 91' lang='lat' dir='ltr'><strong>sibi</strong></span> <span class='ocrx_word' id='word_1_431' title='bbox 902 5248 1012 5303; x_wconf 86' lang='lat' dir='ltr'><strong>vult</strong></span> <span class='ocrx_word' id='word_1_432' title='bbox 1051 5247 1163 5304; x_wconf 68' lang='lat' dir='ltr'><strong>haec</strong></span> <span class='ocrx_word' id='word_1_433' title='bbox 1192 5248 1524 5315; x_wconf 81' lang='lat' dir='ltr'><strong>observatio,</strong></span> <span class='ocrx_word' id='word_1_434' title='bbox 1559 5249 1666 5304; x_wconf 78' lang='lat' dir='ltr'><strong>Rex</strong></span> <span class='ocrx_word' id='word_1_435' title='bbox 1716 5250 1919 5316; x_wconf 85' lang='lat' dir='ltr'><strong>Solent,</strong></span> <span class='ocrx_word' id='word_1_436' title='bbox 1966 5262 2022 5307; x_wconf 88' lang='lat' dir='ltr'><strong>et</strong></span> 
     </span>
    </p>
   </div>
   <div class='ocr_carea' id='block_1_55' title="bbox 439 5338 2020 5411">
    <p class='ocr_par' dir='ltr' id='par_1_55' title="bbox 439 5338 2020 5411">
     <span class='ocr_line' id='line_1_55' title="bbox 439 5338 2020 5411; baseline 0.003 -18"><span class='ocrx_word' id='word_1_437' title='bbox 439 5339 689 5393; x_wconf 82' lang='lat' dir='ltr'><strong>Sacerdos</strong></span> <span class='ocrx_word' id='word_1_438' title='bbox 717 5338 812 5392; x_wconf 86' lang='lat' dir='ltr'><strong>Dei</strong></span> <span class='ocrx_word' id='word_1_439' title='bbox 836 5340 1064 5395; x_wconf 86' lang='lat' dir='ltr'><strong>altissimi</strong></span> <span class='ocrx_word' id='word_1_440' title='bbox 1085 5341 1110 5394; x_wconf 69' lang='grc' dir='ltr'><strong><em>Ρ</em></strong></span> <span class='ocrx_word' id='word_1_441' title='bbox 1131 5341 1243 5395; x_wconf 88' lang='lat' dir='ltr'><strong>Rex</strong></span> <span class='ocrx_word' id='word_1_442' title='bbox 1271 5342 1483 5411; x_wconf 87' lang='lat' dir='ltr'><strong>quidem</strong></span> <span class='ocrx_word' id='word_1_443' title='bbox 1510 5353 1622 5395; x_wconf 89' lang='lat' dir='ltr'><strong>erat</strong></span> <span class='ocrx_word' id='word_1_444' title='bbox 1646 5343 1839 5398; x_wconf 85' lang='lat' dir='ltr'><strong>Salem.</strong></span> <span class='ocrx_word' id='word_1_445' title='bbox 1871 5344 2020 5398; x_wconf 89' lang='lat' dir='ltr'><strong>Illum</strong></span> 
     </span>
    </p>
   </div>
   <div class='ocr_carea' id='block_1_56' title="bbox 438 5433 2021 5507">
    <p class='ocr_par' dir='ltr' id='par_1_56' title="bbox 438 5433 2021 5507">
     <span class='ocr_line' id='line_1_56' title="bbox 438 5433 2021 5507; baseline 0.005 -22"><span class='ocrx_word' id='word_1_446' title='bbox 438 5435 580 5488; x_wconf 89' lang='lat' dir='ltr'><strong>enim</strong></span> <span class='ocrx_word' id='word_1_447' title='bbox 609 5434 760 5489; x_wconf 85' lang='lat' dir='ltr'><strong>nobis</strong></span> <span class='ocrx_word' id='word_1_448' title='bbox 794 5444 848 5488; x_wconf 91' lang='lat' dir='ltr'><strong>et</strong></span> <span class='ocrx_word' id='word_1_449' title='bbox 885 5433 1070 5489; x_wconf 88' lang='lat' dir='ltr'><strong>beatus</strong></span> <span class='ocrx_word' id='word_1_450' title='bbox 1105 5436 1298 5492; x_wconf 88' lang='lat' dir='ltr'><strong>Paulus</strong></span> <span class='ocrx_word' id='word_1_451' title='bbox 1341 5435 1580 5490; x_wconf 87' lang='lat' dir='ltr'><strong>scribens</strong></span> <span class='ocrx_word' id='word_1_452' title='bbox 1613 5437 1676 5488; x_wconf 90' lang='lat' dir='ltr'><strong>ad</strong></span> <span class='ocrx_word' id='word_1_453' title='bbox 1719 5452 1811 5492; x_wconf 90' lang='lat' dir='ltr'><strong>eos</strong></span> <span class='ocrx_word' id='word_1_454' title='bbox 1837 5438 1923 5507; x_wconf 85' lang='lat' dir='ltr'><strong>qui</strong></span> <span class='ocrx_word' id='word_1_455' title='bbox 1954 5453 2021 5493; x_wconf 88' lang='lat' dir='ltr'><strong>ex</strong></span> 
     </span>
    </p>
   </div>
   <div class='ocr_carea' id='block_1_57' title="bbox 441 5524 2020 5595">
    <p class='ocr_par' dir='ltr' id='par_1_57' title="bbox 441 5524 2020 5595">
     <span class='ocr_line' id='line_1_57' title="bbox 441 5524 2020 5595; baseline 0.005 -17"><span class='ocrx_word' id='word_1_456' title='bbox 441 5524 678 5580; x_wconf 66' lang='lat' dir='ltr'><strong>liebrmis</strong></span> <span class='ocrx_word' id='word_1_457' title='bbox 705 5526 1072 5593; x_wconf 88' lang='lat' dir='ltr'><strong>crediderant,</strong></span> <span class='ocrx_word' id='word_1_458' title='bbox 1102 5543 1222 5582; x_wconf 88' lang='lat' dir='ltr'><strong>cum</strong></span> <span class='ocrx_word' id='word_1_459' title='bbox 1250 5527 1300 5581; x_wconf 94' lang='lat' dir='ltr'><strong>in</strong></span> <span class='ocrx_word' id='word_1_460' title='bbox 1331 5529 1562 5582; x_wconf 90' lang='lat' dir='ltr'><strong>medium</strong></span> <span class='ocrx_word' id='word_1_461' title='bbox 1594 5528 1892 5584; x_wconf 84' lang='lat' dir='ltr'><strong>adduxisset</strong></span> <span class='ocrx_word' id='word_1_462' title='bbox 1920 5571 1933 5595; x_wconf 86' lang='lat'><strong>,</strong></span> <span class='ocrx_word' id='word_1_463' title='bbox 1967 5540 2020 5586; x_wconf 88' lang='lat' dir='ltr'><strong>et</strong></span> 
     </span>
    </p>
   </div>
   <div class='ocr_carea' id='block_1_58' title="bbox 439 5617 2021 5691">
    <p class='ocr_par' dir='ltr' id='par_1_58' title="bbox 439 5617 2021 5691">
     <span class='ocr_line' id='line_1_58' title="bbox 439 5617 2021 5691; baseline 0.008 -26"><span class='ocrx_word' id='word_1_464' title='bbox 439 5630 631 5671; x_wconf 83' lang='lat' dir='ltr'><strong>nomen</strong></span> <span class='ocrx_word' id='word_1_465' title='bbox 659 5617 778 5686; x_wconf 89' lang='lat' dir='ltr'><strong>ejus</strong></span> <span class='ocrx_word' id='word_1_466' title='bbox 806 5627 1056 5672; x_wconf 89' lang='lat' dir='ltr'><strong>tractaret</strong></span> <span class='ocrx_word' id='word_1_467' title='bbox 1083 5627 1241 5688; x_wconf 89' lang='lat' dir='ltr'><strong>atque</strong></span> <span class='ocrx_word' id='word_1_468' title='bbox 1265 5621 1549 5683; x_wconf 81' lang='lat' dir='ltr'><strong>civitatein,</strong></span> <span class='ocrx_word' id='word_1_469' title='bbox 1580 5621 1732 5673; x_wconf 88' lang='lat' dir='ltr'><strong>simul</strong></span> <span class='ocrx_word' id='word_1_470' title='bbox 1760 5623 2021 5691; x_wconf 79' lang='lat' dir='ltr'><strong>signiﬁca-</strong></span> 
     </span>
    </p>
   </div>
   <div class='ocr_carea' id='block_1_59' title="bbox 439 5705 2015 5783">
    <p class='ocr_par' dir='ltr' id='par_1_59' title="bbox 439 5705 2015 5783">
     <span class='ocr_line' id='line_1_59' title="bbox 439 5705 2015 5783; baseline 0.006 -26"><span class='ocrx_word' id='word_1_471' title='bbox 439 5705 637 5759; x_wconf 81' lang='lat' dir='ltr'><strong>tionem</strong></span> <span class='ocrx_word' id='word_1_472' title='bbox 662 5709 891 5763; x_wconf 91' lang='lat' dir='ltr'><strong>nominis</strong></span> <span class='ocrx_word' id='word_1_473' title='bbox 912 5709 1026 5778; x_wconf 88' lang='lat' dir='ltr'><strong>ejus</strong></span> <span class='ocrx_word' id='word_1_474' title='bbox 1050 5710 1448 5779; x_wconf 85' lang='lat' dir='ltr'><strong>interpretatur,</strong></span> <span class='ocrx_word' id='word_1_475' title='bbox 1479 5721 1528 5764; x_wconf 89' lang='lat' dir='ltr'><strong>et</strong></span> <span class='ocrx_word' id='word_1_476' title='bbox 1556 5727 1679 5764; x_wconf 72' lang='lat' dir='ltr'><strong>usus</strong></span> <span class='ocrx_word' id='word_1_477' title='bbox 1703 5715 2015 5783; x_wconf 77' lang='lat' dir='ltr'><strong>etymologia</strong></span> 
     </span>
    </p>
   </div>
   <div class='ocr_carea' id='block_1_60' title="bbox 435 5796 2010 5876">
    <p class='ocr_par' dir='ltr' id='par_1_60' title="bbox 435 5796 2010 5876">
     <span class='ocr_line' id='line_1_60' title="bbox 435 5796 2010 5876; baseline 0.004 -25"><span class='ocrx_word' id='word_1_478' title='bbox 435 5796 666 5866; x_wconf 71' lang='lat' dir='ltr'><strong>quadam</strong></span> <span class='ocrx_word' id='word_1_479' title='bbox 702 5798 776 5856; x_wconf 70' lang='lat' dir='ltr'><strong>ait</strong></span> <span class='ocrx_word' id='word_1_480' title='bbox 805 5817 818 5855; x_wconf 90' lang='lat'><strong>:</strong></span> <span class='ocrx_word' id='word_1_481' title='bbox 853 5796 1180 5857; x_wconf 72' lang='lat' dir='ltr'><strong>Melchiscdcc</strong></span> <span class='ocrx_word' id='word_1_482' title='bbox 1200 5842 1213 5868; x_wconf 92' lang='lat'><strong>,</strong></span> <span class='ocrx_word' id='word_1_483' title='bbox 1244 5803 1332 5856; x_wconf 72' lang='lat' dir='ltr'><strong>rex</strong></span> <span class='ocrx_word' id='word_1_484' title='bbox 1365 5803 1579 5870; x_wconf 77' lang='lat' dir='ltr'><strong>justitia‘</strong></span> <span class='ocrx_word' id='word_1_485' title='bbox 1605 5801 1625 5875; x_wconf 86' lang='lat'>(</span> <span class='ocrx_word' id='word_1_486' title='bbox 1654 5802 1805 5857; x_wconf 85' lang='lat' dir='ltr'><strong>llebr.</strong></span> <span class='ocrx_word' id='word_1_487' title='bbox 1837 5805 1887 5858; x_wconf 88' lang='grc'><strong>7.</strong></span> <span class='ocrx_word' id='word_1_488' title='bbox 1919 5805 2010 5876; x_wconf 76' lang='lat'><strong>2).</strong></span> 
     </span>
    </p>
   </div>
   <div class='ocr_carea' id='block_1_61' title="bbox 1151 386 2965 451">
    <p class='ocr_par' dir='ltr' id='par_1_61' title="bbox 1151 386 2965 451">
     <span class='ocr_line' id='line_1_61' title="bbox 1151 386 2965 451; baseline -0.006 -1"><span class='ocrx_word' id='word_1_489' title='bbox 1151 393 1209 450; x_wconf 88' lang='lat' dir='ltr'><strong>S.</strong></span> <span class='ocrx_word' id='word_1_490' title='bbox 1250 390 1526 451; x_wconf 74' lang='lat' dir='ltr'><strong>JOANNIS</strong></span> <span class='ocrx_word' id='word_1_491' title='bbox 1562 387 2037 448; x_wconf 69' lang='lat' dir='ltr'><strong>CIIRYSOSTOSII</strong></span> <span class='ocrx_word' id='word_1_492' title='bbox 2079 386 2395 444; x_wconf 76' lang='lat' dir='ltr'><strong>ARCUIEP.</strong></span> <span class='ocrx_word' id='word_1_493' title='bbox 2434 387 2965 445; x_wconf 73' lang='lat' dir='ltr'><strong>CONSTANTINOP.</strong></span> 
     </span>
    </p>
   </div>
   <div class='ocr_carea' id='block_1_62' title="bbox 3613 393 3720 447">
    <p class='ocr_par' dir='ltr' id='par_1_62' title="bbox 3613 393 3720 447">
     <span class='ocr_line' id='line_1_62' title="bbox 3613 393 3720 447; baseline -0.009 0"><span class='ocrx_word' id='word_1_494' title='bbox 3613 393 3720 447; x_wconf 69' lang='lat' dir='ltr'><strong>52R</strong></span> 
     </span>
    </p>
   </div>
   <div class='ocr_carea' id='block_1_63' title="bbox 2137 499 3726 573">
    <p class='ocr_par' dir='ltr' id='par_1_63' title="bbox 2137 499 3726 573">
     <span class='ocr_line' id='line_1_63' title="bbox 2137 499 3726 573; baseline 0 -17"><span class='ocrx_word' id='word_1_495' title='bbox 2137 501 2269 556; x_wconf 86' lang='lat' dir='ltr'><strong>Nam</strong></span> <span class='ocrx_word' id='word_1_496' title='bbox 2308 501 2600 556; x_wconf 87' lang='lat' dir='ltr'><strong>secundum</strong></span> <span class='ocrx_word' id='word_1_497' title='bbox 2641 501 2952 556; x_wconf 88' lang='lat' dir='ltr'><strong>Hebraieam</strong></span> <span class='ocrx_word' id='word_1_498' title='bbox 2995 501 3228 571; x_wconf 82' lang='lat' dir='ltr'><strong>linguam</strong></span> <span class='ocrx_word' id='word_1_499' title='bbox 3272 499 3460 556; x_wconf 76' lang='lat' dir='ltr'><strong>Melcbi</strong></span> <span class='ocrx_word' id='word_1_500' title='bbox 3502 519 3726 573; x_wconf 78' lang='lat' dir='ltr'><strong>regnum</strong></span> 
     </span>
    </p>
   </div>
   <div class='ocr_carea' id='block_1_64' title="bbox 2135 591 3724 663">
    <p class='ocr_par' dir='ltr' id='par_1_64' title="bbox 2135 591 3724 663">
     <span class='ocr_line' id='line_1_64' title="bbox 2135 591 3724 663; baseline 0.001 -17"><span class='ocrx_word' id='word_1_501' title='bbox 2135 591 2394 663; x_wconf 84' lang='lat' dir='ltr'><strong>signiﬁcat</strong></span> <span class='ocrx_word' id='word_1_502' title='bbox 2423 609 2436 644; x_wconf 88' lang='lat'><strong>:</strong></span> <span class='ocrx_word' id='word_1_503' title='bbox 2464 600 2519 646; x_wconf 90' lang='lat' dir='ltr'><strong>et</strong></span> <span class='ocrx_word' id='word_1_504' title='bbox 2547 591 2715 646; x_wconf 88' lang='lat' dir='ltr'><strong>Sedec</strong></span> <span class='ocrx_word' id='word_1_505' title='bbox 2734 635 2748 655; x_wconf 87' lang='lat'><strong>,</strong></span> <span class='ocrx_word' id='word_1_506' title='bbox 2775 591 3056 660; x_wconf 90' lang='lat' dir='ltr'><strong>justitiam.</strong></span> <span class='ocrx_word' id='word_1_507' title='bbox 3091 591 3156 644; x_wconf 85' lang='lat' dir='ltr'><strong>Et</strong></span> <span class='ocrx_word' id='word_1_508' title='bbox 3179 605 3300 645; x_wconf 90' lang='lat' dir='ltr'><strong>cum</strong></span> <span class='ocrx_word' id='word_1_509' title='bbox 3326 591 3391 645; x_wconf 92' lang='lat' dir='ltr'><strong>ad</strong></span> <span class='ocrx_word' id='word_1_510' title='bbox 3421 607 3614 646; x_wconf 92' lang='lat' dir='ltr'><strong>nomen</strong></span> <span class='ocrx_word' id='word_1_511' title='bbox 3644 595 3724 648; x_wconf 85' lang='lat' dir='ltr'><strong>ci-</strong></span> 
     </span>
    </p>
   </div>
   <div class='ocr_carea' id='block_1_65' title="bbox 2135 683 3726 754">
    <p class='ocr_par' dir='ltr' id='par_1_65' title="bbox 2135 683 3726 754">
     <span class='ocr_line' id='line_1_65' title="bbox 2135 683 3726 754; baseline 0 -16"><span class='ocrx_word' id='word_1_512' title='bbox 2135 684 2309 738; x_wconf 85' lang='lat' dir='ltr'><strong>vitatis</strong></span> <span class='ocrx_word' id='word_1_513' title='bbox 2331 685 2491 745; x_wconf 85' lang='lat' dir='ltr'><strong>venit,</strong></span> <span class='ocrx_word' id='word_1_514' title='bbox 2519 683 2630 737; x_wconf 66' lang='grc' dir='ltr'><strong>Πίναξ</strong></span> <span class='ocrx_word' id='word_1_515' title='bbox 2651 685 2811 753; x_wconf 80' lang='lat' dir='ltr'><strong>pacis,</strong></span> <span class='ocrx_word' id='word_1_516' title='bbox 2831 685 3000 754; x_wconf 80' lang='lat' dir='ltr'><strong>inquit</strong></span> <span class='ocrx_word' id='word_1_517' title='bbox 3025 702 3036 736; x_wconf 93' lang='lat'>:</span> <span class='ocrx_word' id='word_1_518' title='bbox 3061 684 3234 738; x_wconf 88' lang='lat' dir='ltr'><strong>Salem</strong></span> <span class='ocrx_word' id='word_1_519' title='bbox 3258 685 3396 739; x_wconf 91' lang='lat' dir='ltr'><strong>enim</strong></span> <span class='ocrx_word' id='word_1_520' title='bbox 3420 685 3556 738; x_wconf 81' lang='lat' dir='ltr'><strong>idem</strong></span> <span class='ocrx_word' id='word_1_521' title='bbox 3579 684 3726 753; x_wconf 77' lang='lat' dir='ltr'><strong>quod</strong></span> 
     </span>
    </p>
   </div>
   <div class='ocr_carea' id='block_1_66' title="bbox 2135 775 3730 846">
    <p class='ocr_par' dir='ltr' id='par_1_66' title="bbox 2135 775 3730 846">
     <span class='ocr_line' id='line_1_66' title="bbox 2135 775 3730 846; baseline -0.002 -15"><span class='ocrx_word' id='word_1_522' title='bbox 2135 792 2235 846; x_wconf 87' lang='lat' dir='ltr'><strong>pax</strong></span> <span class='ocrx_word' id='word_1_523' title='bbox 2259 784 2358 831; x_wconf 89' lang='lat' dir='ltr'><strong>est.</strong></span> <span class='ocrx_word' id='word_1_524' title='bbox 2385 775 2647 831; x_wconf 86' lang='lat' dir='ltr'><strong>Sacerdos</strong></span> <span class='ocrx_word' id='word_1_525' title='bbox 2673 785 2850 830; x_wconf 90' lang='lat' dir='ltr'><strong>autem</strong></span> <span class='ocrx_word' id='word_1_526' title='bbox 2881 787 3015 842; x_wconf 91' lang='lat' dir='ltr'><strong>erat,</strong></span> <span class='ocrx_word' id='word_1_527' title='bbox 3046 776 3183 830; x_wconf 86' lang='lat' dir='ltr'><strong>forte</strong></span> <span class='ocrx_word' id='word_1_528' title='bbox 3211 792 3239 829; x_wconf 89' lang='lat' dir='ltr'><strong>a</strong></span> <span class='ocrx_word' id='word_1_529' title='bbox 3269 778 3555 846; x_wconf 83' lang='lat' dir='ltr'><strong>semetipso</strong></span> <span class='ocrx_word' id='word_1_530' title='bbox 3578 775 3730 830; x_wconf 88' lang='lat' dir='ltr'><strong>ordi-</strong></span> 
     </span>
    </p>
   </div>
   <div class='ocr_carea' id='block_1_67' title="bbox 2137 869 3728 938">
    <p class='ocr_par' dir='ltr' id='par_1_67' title="bbox 2137 869 3728 938">
     <span class='ocr_line' id='line_1_67' title="bbox 2137 869 3728 938; baseline 0.001 -16"><span class='ocrx_word' id='word_1_531' title='bbox 2137 878 2293 922; x_wconf 90' lang='lat' dir='ltr'><strong>natus</strong></span> <span class='ocrx_word' id='word_1_532' title='bbox 2323 887 2334 922; x_wconf 91' lang='lat'>:</span> <span class='ocrx_word' id='word_1_533' title='bbox 2366 869 2442 922; x_wconf 85' lang='lat' dir='ltr'><strong>sic</strong></span> <span class='ocrx_word' id='word_1_534' title='bbox 2463 869 2604 921; x_wconf 83' lang='lat' dir='ltr'><strong>cnim</strong></span> <span class='ocrx_word' id='word_1_535' title='bbox 2633 877 2756 921; x_wconf 91' lang='lat' dir='ltr'><strong>tunc</strong></span> <span class='ocrx_word' id='word_1_536' title='bbox 2781 879 2931 922; x_wconf 90' lang='lat' dir='ltr'><strong>erant</strong></span> <span class='ocrx_word' id='word_1_537' title='bbox 2955 869 3258 923; x_wconf 78' lang='lat' dir='ltr'><strong>sacerdotes</strong></span> <span class='ocrx_word' id='word_1_538' title='bbox 3282 885 3294 920; x_wconf 88' lang='lat'><strong>:</strong></span> <span class='ocrx_word' id='word_1_539' title='bbox 3319 871 3398 924; x_wconf 89' lang='lat' dir='ltr'><strong>vel</strong></span> <span class='ocrx_word' id='word_1_540' title='bbox 3422 872 3540 938; x_wconf 86' lang='lat' dir='ltr'><strong>quia</strong></span> <span class='ocrx_word' id='word_1_541' title='bbox 3566 877 3728 923; x_wconf 65' lang='lat' dir='ltr'><strong>tutata</strong></span> 
     </span>
    </p>
   </div>
   <div class='ocr_carea' id='block_1_68' title="bbox 2136 959 3728 1030">
    <p class='ocr_par' dir='ltr' id='par_1_68' title="bbox 2136 959 3728 1030">
     <span class='ocr_line' id='line_1_68' title="bbox 2136 959 3728 1030; baseline -0.001 -16"><span class='ocrx_word' id='word_1_542' title='bbox 2136 962 2433 1029; x_wconf 80' lang='lat' dir='ltr'><strong>provectior</strong></span> <span class='ocrx_word' id='word_1_543' title='bbox 2457 970 2592 1025; x_wconf 85' lang='lat' dir='ltr'><strong>erat,</strong></span> <span class='ocrx_word' id='word_1_544' title='bbox 2615 976 2643 1013; x_wconf 91' lang='lat' dir='ltr'><strong>a</strong></span> <span class='ocrx_word' id='word_1_545' title='bbox 2668 962 2776 1013; x_wconf 83' lang='lat' dir='ltr'><strong>suis</strong></span> <span class='ocrx_word' id='word_1_546' title='bbox 2803 959 2942 1013; x_wconf 90' lang='lat' dir='ltr'><strong>hunc</strong></span> <span class='ocrx_word' id='word_1_547' title='bbox 2966 961 3221 1016; x_wconf 89' lang='lat' dir='ltr'><strong>honorem</strong></span> <span class='ocrx_word' id='word_1_548' title='bbox 3249 962 3480 1029; x_wconf 56' lang='lat' dir='ltr'><strong>actepit;</strong></span> <span class='ocrx_word' id='word_1_549' title='bbox 3509 962 3586 1016; x_wconf 79' lang='lat' dir='ltr'><strong>vel</strong></span> <span class='ocrx_word' id='word_1_550' title='bbox 3611 961 3728 1030; x_wconf 79' lang='lat' dir='ltr'><strong>ipse</strong></span> 
     </span>
    </p>
   </div>
   <div class='ocr_carea' id='block_1_69' title="bbox 2132 1051 3724 1123">
    <p class='ocr_par' dir='ltr' id='par_1_69' title="bbox 2132 1051 3724 1123">
     <span class='ocr_line' id='line_1_69' title="bbox 2132 1051 3724 1123; baseline -0.001 -17"><span class='ocrx_word' id='word_1_551' title='bbox 2132 1052 2438 1106; x_wconf 71' lang='lat' dir='ltr'><strong>sacrificare</strong></span> <span class='ocrx_word' id='word_1_552' title='bbox 2473 1052 2691 1116; x_wconf 89' lang='lat' dir='ltr'><strong>studuit,</strong></span> <span class='ocrx_word' id='word_1_553' title='bbox 2722 1052 2858 1104; x_wconf 88' lang='lat' dir='ltr'><strong>sicut</strong></span> <span class='ocrx_word' id='word_1_554' title='bbox 2885 1060 2938 1103; x_wconf 87' lang='lat' dir='ltr'><strong>et</strong></span> <span class='ocrx_word' id='word_1_555' title='bbox 2965 1051 3096 1117; x_wconf 76' lang='lat' dir='ltr'><strong>Noe,</strong></span> <span class='ocrx_word' id='word_1_556' title='bbox 3127 1051 3280 1118; x_wconf 78' lang='lat' dir='ltr'><strong>Abel,</strong></span> <span class='ocrx_word' id='word_1_557' title='bbox 3309 1053 3526 1116; x_wconf 82' lang='lat' dir='ltr'><strong>Abram,</strong></span> <span class='ocrx_word' id='word_1_558' title='bbox 3551 1069 3724 1123; x_wconf 87' lang='lat' dir='ltr'><strong>quau-</strong></span> 
     </span>
    </p>
   </div>
   <div class='ocr_carea' id='block_1_70' title="bbox 2131 1143 3718 1214">
    <p class='ocr_par' dir='ltr' id='par_1_70' title="bbox 2131 1143 3718 1214">
     <span class='ocr_line' id='line_1_70' title="bbox 2131 1143 3718 1214; baseline 0.002 -18"><span class='ocrx_word' id='word_1_559' title='bbox 2131 1143 2200 1196; x_wconf 93' lang='lat' dir='ltr'><strong>do</strong></span> <span class='ocrx_word' id='word_1_560' title='bbox 2226 1143 2483 1196; x_wconf 73' lang='lat' dir='ltr'><strong>sacriﬁcia</strong></span> <span class='ocrx_word' id='word_1_561' title='bbox 2515 1143 2840 1197; x_wconf 88' lang='lat' dir='ltr'><strong>obtulerunt.</strong></span> <span class='ocrx_word' id='word_1_562' title='bbox 2872 1144 3119 1213; x_wconf 83' lang='lat' dir='ltr'><strong>Alioquin</strong></span> <span class='ocrx_word' id='word_1_563' title='bbox 3146 1152 3200 1198; x_wconf 89' lang='lat' dir='ltr'><strong>et</strong></span> <span class='ocrx_word' id='word_1_564' title='bbox 3227 1153 3382 1214; x_wconf 86' lang='lat' dir='ltr'><strong>typus</strong></span> <span class='ocrx_word' id='word_1_565' title='bbox 3409 1145 3602 1199; x_wconf 85' lang='lat' dir='ltr'><strong>Christi</strong></span> <span class='ocrx_word' id='word_1_566' title='bbox 3642 1144 3718 1199; x_wconf 66' lang='lat' dir='ltr'><strong>fuo</strong></span> 
     </span>
    </p>
   </div>
   <div class='ocr_carea' id='block_1_71' title="bbox 2135 1235 3720 1305">
    <p class='ocr_par' dir='ltr' id='par_1_71' title="bbox 2135 1235 3720 1305">
     <span class='ocr_line' id='line_1_71' title="bbox 2135 1235 3720 1305; baseline 0.001 -17"><span class='ocrx_word' id='word_1_567' title='bbox 2135 1244 2282 1288; x_wconf 91' lang='lat' dir='ltr'><strong>turus</strong></span> <span class='ocrx_word' id='word_1_568' title='bbox 2322 1247 2454 1288; x_wconf 88' lang='lat' dir='ltr'><strong>erat.</strong></span> <span class='ocrx_word' id='word_1_569' title='bbox 2491 1235 2642 1290; x_wconf 86' lang='lat' dir='ltr'><strong>Unde</strong></span> <span class='ocrx_word' id='word_1_570' title='bbox 2672 1246 2724 1290; x_wconf 88' lang='lat' dir='ltr'><strong>et</strong></span> <span class='ocrx_word' id='word_1_571' title='bbox 2763 1237 2954 1290; x_wconf 79' lang='lat' dir='ltr'><strong>Paulus</strong></span> <span class='ocrx_word' id='word_1_572' title='bbox 2997 1236 3073 1290; x_wconf 90' lang='lat' dir='ltr'><strong>sic</strong></span> <span class='ocrx_word' id='word_1_573' title='bbox 3113 1252 3234 1291; x_wconf 91' lang='lat' dir='ltr'><strong>eum</strong></span> <span class='ocrx_word' id='word_1_574' title='bbox 3273 1237 3466 1305; x_wconf 88' lang='lat' dir='ltr'><strong>accipit</strong></span> <span class='ocrx_word' id='word_1_575' title='bbox 3493 1235 3720 1292; x_wconf 87' lang='lat' dir='ltr'><strong>dicens:</strong></span> 
     </span>
    </p>
   </div>
   <div class='ocr_carea' id='block_1_72' title="bbox 2136 1327 3730 1399">
    <p class='ocr_par' dir='ltr' id='par_1_72' title="bbox 2136 1327 3730 1399">
     <span class='ocr_line' id='line_1_72' title="bbox 2136 1327 3730 1399; baseline 0 -17"><span class='ocrx_word' id='word_1_576' title='bbox 2136 1327 2260 1382; x_wconf 85' lang='lat' dir='ltr'><strong>Sine</strong></span> <span class='ocrx_word' id='word_1_577' title='bbox 2289 1337 2460 1397; x_wconf 80' lang='lat' dir='ltr'><strong>patre,</strong></span> <span class='ocrx_word' id='word_1_578' title='bbox 2489 1329 2596 1380; x_wconf 85' lang='lat' dir='ltr'><strong>sine</strong></span> <span class='ocrx_word' id='word_1_579' title='bbox 2622 1336 2782 1379; x_wconf 88' lang='lat' dir='ltr'><strong>matre</strong></span> <span class='ocrx_word' id='word_1_580' title='bbox 2800 1369 2814 1393; x_wconf 93' lang='lat'><strong>,</strong></span> <span class='ocrx_word' id='word_1_581' title='bbox 2843 1329 2950 1381; x_wconf 86' lang='lat' dir='ltr'><strong>sine</strong></span> <span class='ocrx_word' id='word_1_582' title='bbox 2986 1327 3278 1399; x_wconf 86' lang='lat' dir='ltr'><strong>genealogia</strong></span> <span class='ocrx_word' id='word_1_583' title='bbox 3297 1369 3310 1392; x_wconf 94' lang='lat'><strong>,</strong></span> <span class='ocrx_word' id='word_1_584' title='bbox 3342 1344 3499 1398; x_wconf 88' lang='lat' dir='ltr'><strong>neque</strong></span> <span class='ocrx_word' id='word_1_585' title='bbox 3526 1328 3730 1382; x_wconf 78' lang='lat' dir='ltr'><strong>initium</strong></span> 
     </span>
    </p>
   </div>
   <div class='ocr_carea' id='block_1_73' title="bbox 2131 1420 3726 1490">
    <p class='ocr_par' dir='ltr' id='par_1_73' title="bbox 2131 1420 3726 1490">
     <span class='ocr_line' id='line_1_73' title="bbox 2131 1420 3726 1490; baseline 0.002 -17"><span class='ocrx_word' id='word_1_586' title='bbox 2131 1421 2349 1482; x_wconf 84' lang='lat' dir='ltr'><strong>dierum,</strong></span> <span class='ocrx_word' id='word_1_587' title='bbox 2384 1436 2537 1490; x_wconf 66' lang='lat' dir='ltr'><strong>neque</strong></span> <span class='ocrx_word' id='word_1_588' title='bbox 2561 1422 2672 1473; x_wconf 75' lang='lat' dir='ltr'><strong>vita:</strong></span> <span class='ocrx_word' id='word_1_589' title='bbox 2695 1422 2846 1488; x_wconf 72' lang='lat' dir='ltr'><strong>ﬁnem</strong></span> <span class='ocrx_word' id='word_1_590' title='bbox 2873 1421 3078 1485; x_wconf 87' lang='lat' dir='ltr'><strong>habens,</strong></span> <span class='ocrx_word' id='word_1_591' title='bbox 3109 1422 3416 1475; x_wconf 77' lang='lat' dir='ltr'><strong>assimilatas</strong></span> <span class='ocrx_word' id='word_1_592' title='bbox 3440 1431 3604 1476; x_wconf 87' lang='lat' dir='ltr'><strong>autem</strong></span> <span class='ocrx_word' id='word_1_593' title='bbox 3635 1420 3726 1476; x_wconf 77' lang='lat' dir='ltr'><strong>Fi-</strong></span> 
     </span>
    </p>
   </div>
   <div class='ocr_carea' id='block_1_74' title="bbox 2131 1511 3730 1585">
    <p class='ocr_par' dir='ltr' id='par_1_74' title="bbox 2131 1511 3730 1585">
     <span class='ocr_line' id='line_1_74' title="bbox 2131 1511 3730 1585; baseline 0.004 -21"><span class='ocrx_word' id='word_1_594' title='bbox 2131 1514 2199 1565; x_wconf 90' lang='lat' dir='ltr'><strong>lio</strong></span> <span class='ocrx_word' id='word_1_595' title='bbox 2231 1511 2344 1576; x_wconf 88' lang='lat' dir='ltr'><strong>Dei,</strong></span> <span class='ocrx_word' id='word_1_596' title='bbox 2373 1524 2536 1565; x_wconf 80' lang='lat' dir='ltr'><strong>manet</strong></span> <span class='ocrx_word' id='word_1_597' title='bbox 2567 1514 2800 1566; x_wconf 76' lang='lat' dir='ltr'><strong>sacerdos</strong></span> <span class='ocrx_word' id='word_1_598' title='bbox 2831 1515 2882 1566; x_wconf 90' lang='lat' dir='ltr'><strong>in</strong></span> <span class='ocrx_word' id='word_1_599' title='bbox 2927 1523 3219 1582; x_wconf 83' lang='lat' dir='ltr'><strong>perpetuum</strong></span> <span class='ocrx_word' id='word_1_600' title='bbox 3249 1515 3429 1585; x_wconf 84' lang='lat' dir='ltr'><strong>(Hebr.</strong></span> <span class='ocrx_word' id='word_1_601' title='bbox 3465 1518 3515 1570; x_wconf 86' lang='lat'><strong>7.</strong></span> <span class='ocrx_word' id='word_1_602' title='bbox 3552 1518 3629 1584; x_wconf 76' lang='lat'><strong>3).</strong></span> <span class='ocrx_word' id='word_1_603' title='bbox 3665 1517 3730 1570; x_wconf 82' lang='lat' dir='ltr'><strong>Et</strong></span> 
     </span>
    </p>
   </div>
   <div class='ocr_carea' id='block_1_75' title="bbox 2131 1602 3727 1675">
    <p class='ocr_par' dir='ltr' id='par_1_75' title="bbox 2131 1602 3727 1675">
     <span class='ocr_line' id='line_1_75' title="bbox 2131 1602 3727 1675; baseline 0.006 -23"><span class='ocrx_word' id='word_1_604' title='bbox 2131 1603 2417 1672; x_wconf 87' lang='lat' dir='ltr'><strong>quomodo,</strong></span> <span class='ocrx_word' id='word_1_605' title='bbox 2449 1602 2610 1666; x_wconf 88' lang='lat' dir='ltr'><strong>dices,</strong></span> <span class='ocrx_word' id='word_1_606' title='bbox 2646 1603 2895 1671; x_wconf 79' lang='lat' dir='ltr'><strong>possibile</strong></span> <span class='ocrx_word' id='word_1_607' title='bbox 2921 1613 3000 1657; x_wconf 88' lang='lat' dir='ltr'><strong>est</strong></span> <span class='ocrx_word' id='word_1_608' title='bbox 3028 1604 3300 1658; x_wconf 88' lang='lat' dir='ltr'><strong>hominem</strong></span> <span class='ocrx_word' id='word_1_609' title='bbox 3328 1607 3526 1675; x_wconf 61' lang='lat' dir='ltr'><strong>ab&gt;que</strong></span> <span class='ocrx_word' id='word_1_610' title='bbox 3553 1616 3727 1675; x_wconf 86' lang='lat' dir='ltr'><strong>patre.</strong></span> 
     </span>
    </p>
   </div>
   <div class='ocr_carea' id='block_1_76' title="bbox 2131 1694 3728 1763">
    <p class='ocr_par' dir='ltr' id='par_1_76' title="bbox 2131 1694 3728 1763">
     <span class='ocr_line' id='line_1_76' title="bbox 2131 1694 3728 1763; baseline 0.002 -18"><span class='ocrx_word' id='word_1_611' title='bbox 2131 1703 2177 1746; x_wconf 92' lang='lat' dir='ltr'><strong>et</strong></span> <span class='ocrx_word' id='word_1_612' title='bbox 2215 1705 2412 1752; x_wconf 88' lang='lat' dir='ltr'><strong>matre,</strong></span> <span class='ocrx_word' id='word_1_613' title='bbox 2441 1703 2492 1746; x_wconf 92' lang='lat' dir='ltr'><strong>et</strong></span> <span class='ocrx_word' id='word_1_614' title='bbox 2525 1695 2638 1746; x_wconf 89' lang='lat' dir='ltr'><strong>sine</strong></span> <span class='ocrx_word' id='word_1_615' title='bbox 2669 1694 2975 1763; x_wconf 80' lang='lat' dir='ltr'><strong>genealogia</strong></span> <span class='ocrx_word' id='word_1_616' title='bbox 3017 1709 3135 1748; x_wconf 88' lang='lat' dir='ltr'><strong>esse</strong></span> <span class='ocrx_word' id='word_1_617' title='bbox 3159 1737 3172 1758; x_wconf 91' lang='lat'><strong>,</strong></span> <span class='ocrx_word' id='word_1_618' title='bbox 3199 1704 3252 1749; x_wconf 91' lang='lat' dir='ltr'><strong>et</strong></span> <span class='ocrx_word' id='word_1_619' title='bbox 3280 1711 3382 1750; x_wconf 90' lang='lat' dir='ltr'><strong>non</strong></span> <span class='ocrx_word' id='word_1_620' title='bbox 3416 1696 3612 1750; x_wconf 87' lang='lat' dir='ltr'><strong>habere</strong></span> <span class='ocrx_word' id='word_1_621' title='bbox 3642 1697 3728 1750; x_wconf 86' lang='lat' dir='ltr'><strong>vel</strong></span> 
     </span>
    </p>
   </div>
   <div class='ocr_carea' id='block_1_77' title="bbox 2134 1787 3722 1859">
    <p class='ocr_par' dir='ltr' id='par_1_77' title="bbox 2134 1787 3722 1859">
     <span class='ocr_line' id='line_1_77' title="bbox 2134 1787 3722 1859; baseline 0.001 -20"><span class='ocrx_word' id='word_1_622' title='bbox 2134 1787 2359 1842; x_wconf 86' lang='lat' dir='ltr'><strong>initium,</strong></span> <span class='ocrx_word' id='word_1_623' title='bbox 2391 1788 2467 1838; x_wconf 80' lang='lat' dir='ltr'><strong>vel</strong></span> <span class='ocrx_word' id='word_1_624' title='bbox 2500 1787 2656 1840; x_wconf 72' lang='lat' dir='ltr'><strong>tinem</strong></span> <span class='ocrx_word' id='word_1_625' title='bbox 2685 1787 2847 1839; x_wconf 67' lang='lat' dir='ltr'><strong>vitaz?</strong></span> <span class='ocrx_word' id='word_1_626' title='bbox 2878 1788 3078 1841; x_wconf 78' lang='lat' dir='ltr'><strong>Audisti</strong></span> <span class='ocrx_word' id='word_1_627' title='bbox 3107 1804 3229 1842; x_wconf 89' lang='lat' dir='ltr'><strong>eum</strong></span> <span class='ocrx_word' id='word_1_628' title='bbox 3264 1790 3481 1859; x_wconf 81' lang='lat' dir='ltr'><strong>ligarant</strong></span> <span class='ocrx_word' id='word_1_629' title='bbox 3513 1789 3681 1844; x_wconf 86' lang='lat' dir='ltr'><strong>fuisse</strong></span> <span class='ocrx_word' id='word_1_630' title='bbox 3710 1809 3722 1839; x_wconf 95' lang='lat'>:</span> 
     </span>
    </p>
   </div>
   <div class='ocr_carea' id='block_1_78' title="bbox 2133 1877 3732 1951">
    <p class='ocr_par' dir='ltr' id='par_1_78' title="bbox 2133 1877 3732 1951">
     <span class='ocr_line' id='line_1_78' title="bbox 2133 1877 3732 1951; baseline 0.005 -23"><span class='ocrx_word' id='word_1_631' title='bbox 2133 1892 2196 1928; x_wconf 86' lang='lat' dir='ltr'><strong>ne</strong></span> <span class='ocrx_word' id='word_1_632' title='bbox 2223 1891 2348 1943; x_wconf 84' lang='lat' dir='ltr'><strong>ergo</strong></span> <span class='ocrx_word' id='word_1_633' title='bbox 2378 1877 2640 1929; x_wconf 81' lang='lat' dir='ltr'><strong>admirare</strong></span> <span class='ocrx_word' id='word_1_634' title='bbox 2664 1919 2678 1938; x_wconf 94' lang='lat'><strong>,</strong></span> <span class='ocrx_word' id='word_1_635' title='bbox 2709 1893 2880 1946; x_wconf 89' lang='lat' dir='ltr'><strong>neque</strong></span> <span class='ocrx_word' id='word_1_636' title='bbox 2911 1880 3087 1932; x_wconf 89' lang='lat' dir='ltr'><strong>omnia</strong></span> <span class='ocrx_word' id='word_1_637' title='bbox 3130 1881 3340 1948; x_wconf 88' lang='lat' dir='ltr'><strong>require</strong></span> <span class='ocrx_word' id='word_1_638' title='bbox 3369 1882 3418 1933; x_wconf 91' lang='lat' dir='ltr'><strong>in</strong></span> <span class='ocrx_word' id='word_1_639' title='bbox 3449 1892 3590 1951; x_wconf 84' lang='lat' dir='ltr'><strong>typo.</strong></span> <span class='ocrx_word' id='word_1_640' title='bbox 3625 1881 3732 1936; x_wconf 59' lang='lat' dir='ltr'><strong>Nec</strong></span> 
     </span>
    </p>
   </div>
   <div class='ocr_carea' id='block_1_79' title="bbox 2132 1968 3726 2040">
    <p class='ocr_par' dir='ltr' id='par_1_79' title="bbox 2132 1968 3726 2040">
     <span class='ocr_line' id='line_1_79' title="bbox 2132 1968 3726 2040; baseline 0.006 -24"><span class='ocrx_word' id='word_1_641' title='bbox 2132 1983 2234 2036; x_wconf 84' lang='lat' dir='ltr'><strong>que</strong></span> <span class='ocrx_word' id='word_1_642' title='bbox 2265 1968 2405 2020; x_wconf 83' lang='lat' dir='ltr'><strong>enini</strong></span> <span class='ocrx_word' id='word_1_643' title='bbox 2441 1979 2590 2037; x_wconf 81' lang='lat' dir='ltr'><strong>typus</strong></span> <span class='ocrx_word' id='word_1_644' title='bbox 2619 1979 2792 2031; x_wconf 79' lang='lat' dir='ltr'><strong>esset,</strong></span> <span class='ocrx_word' id='word_1_645' title='bbox 2825 1969 2867 2022; x_wconf 88' lang='lat' dir='ltr'><strong>si</strong></span> <span class='ocrx_word' id='word_1_646' title='bbox 2895 1971 3071 2022; x_wconf 85' lang='lat' dir='ltr'><strong>omnia</strong></span> <span class='ocrx_word' id='word_1_647' title='bbox 3102 1986 3219 2040; x_wconf 55' lang='lat' dir='ltr'><strong>quas</strong></span> <span class='ocrx_word' id='word_1_648' title='bbox 3253 1972 3302 2023; x_wconf 91' lang='lat' dir='ltr'><strong>in</strong></span> <span class='ocrx_word' id='word_1_649' title='bbox 3335 1973 3555 2025; x_wconf 87' lang='lat' dir='ltr'><strong>veritate</strong></span> <span class='ocrx_word' id='word_1_650' title='bbox 3592 1987 3726 2026; x_wconf 81' lang='lat' dir='ltr'><strong>cun-</strong></span> 
     </span>
    </p>
   </div>
   <div class='ocr_carea' id='block_1_80' title="bbox 2134 2060 3732 2133">
    <p class='ocr_par' dir='ltr' id='par_1_80' title="bbox 2134 2060 3732 2133">
     <span class='ocr_line' id='line_1_80' title="bbox 2134 2060 3732 2133; baseline 0.004 -21"><span class='ocrx_word' id='word_1_651' title='bbox 2134 2060 2378 2128; x_wconf 77' lang='lat' dir='ltr'><strong>tingnnt,</strong></span> <span class='ocrx_word' id='word_1_652' title='bbox 2417 2060 2657 2114; x_wconf 86' lang='lat' dir='ltr'><strong>haberet.</strong></span> <span class='ocrx_word' id='word_1_653' title='bbox 2699 2060 2835 2126; x_wconf 87' lang='lat' dir='ltr'><strong>Quid</strong></span> <span class='ocrx_word' id='word_1_654' title='bbox 2883 2063 3040 2130; x_wconf 81' lang='lat' dir='ltr'><strong>igitur</strong></span> <span class='ocrx_word' id='word_1_655' title='bbox 3076 2071 3159 2116; x_wconf 90' lang='lat' dir='ltr'><strong>est</strong></span> <span class='ocrx_word' id='word_1_656' title='bbox 3196 2064 3336 2133; x_wconf 86' lang='lat' dir='ltr'><strong>quod</strong></span> <span class='ocrx_word' id='word_1_657' title='bbox 3380 2064 3447 2117; x_wconf 87' lang='lat' dir='ltr'><strong>ibi</strong></span> <span class='ocrx_word' id='word_1_658' title='bbox 3491 2065 3732 2119; x_wconf 76' lang='lat' dir='ltr'><strong>dicitur?</strong></span> 
     </span>
    </p>
   </div>
   <div class='ocr_carea' id='block_1_81' title="bbox 2130 2149 3729 2221">
    <p class='ocr_par' dir='ltr' id='par_1_81' title="bbox 2130 2149 3729 2221">
     <span class='ocr_line' id='line_1_81' title="bbox 2130 2149 3729 2221; baseline 0.004 -17"><span class='ocrx_word' id='word_1_659' title='bbox 2130 2149 2276 2204; x_wconf 90' lang='lat' dir='ltr'><strong>Sicut</strong></span> <span class='ocrx_word' id='word_1_660' title='bbox 2317 2152 2404 2204; x_wconf 91' lang='lat' dir='ltr'><strong>ille</strong></span> <span class='ocrx_word' id='word_1_661' title='bbox 2426 2191 2442 2216; x_wconf 92' lang='lat'><strong>,</strong></span> <span class='ocrx_word' id='word_1_662' title='bbox 2475 2151 2639 2219; x_wconf 90' lang='lat' dir='ltr'><strong>inquit</strong></span> <span class='ocrx_word' id='word_1_663' title='bbox 2666 2193 2679 2214; x_wconf 94' lang='lat'><strong>,</strong></span> <span class='ocrx_word' id='word_1_664' title='bbox 2711 2167 2777 2206; x_wconf 88' lang='lat' dir='ltr'><strong>eo</strong></span> <span class='ocrx_word' id='word_1_665' title='bbox 2806 2152 2946 2221; x_wconf 87' lang='lat' dir='ltr'><strong>quod</strong></span> <span class='ocrx_word' id='word_1_666' title='bbox 2979 2153 3121 2206; x_wconf 91' lang='lat' dir='ltr'><strong>nulla</strong></span> <span class='ocrx_word' id='word_1_667' title='bbox 3153 2154 3223 2208; x_wconf 90' lang='lat' dir='ltr'><strong>sit</strong></span> <span class='ocrx_word' id='word_1_668' title='bbox 3253 2157 3506 2210; x_wconf 90' lang='lat' dir='ltr'><strong>memoria</strong></span> <span class='ocrx_word' id='word_1_669' title='bbox 3538 2173 3729 2210; x_wconf 90' lang='lat' dir='ltr'><strong>eorum</strong></span> 
     </span>
    </p>
   </div>
   <div class='ocr_carea' id='block_1_82' title="bbox 2132 2243 3735 2313">
    <p class='ocr_par' dir='ltr' id='par_1_82' title="bbox 2132 2243 3735 2313">
     <span class='ocr_line' id='line_1_82' title="bbox 2132 2243 3735 2313; baseline 0.004 -19"><span class='ocrx_word' id='word_1_670' title='bbox 2132 2243 2220 2312; x_wconf 90' lang='lat' dir='ltr'><strong>qui</strong></span> <span class='ocrx_word' id='word_1_671' title='bbox 2251 2251 2549 2312; x_wconf 69' lang='lat' dir='ltr'><strong>genuerunt</strong></span> <span class='ocrx_word' id='word_1_672' title='bbox 2574 2284 2588 2307; x_wconf 89' lang='lat'><strong>,</strong></span> <span class='ocrx_word' id='word_1_673' title='bbox 2623 2243 2814 2296; x_wconf 88' lang='lat' dir='ltr'><strong>dicitur</strong></span> <span class='ocrx_word' id='word_1_674' title='bbox 2852 2246 2966 2298; x_wconf 88' lang='lat' dir='ltr'><strong>sine</strong></span> <span class='ocrx_word' id='word_1_675' title='bbox 3010 2255 3156 2313; x_wconf 87' lang='lat' dir='ltr'><strong>patre</strong></span> <span class='ocrx_word' id='word_1_676' title='bbox 3189 2256 3243 2300; x_wconf 88' lang='lat' dir='ltr'><strong>et</strong></span> <span class='ocrx_word' id='word_1_677' title='bbox 3281 2248 3397 2300; x_wconf 89' lang='lat' dir='ltr'><strong>sine</strong></span> <span class='ocrx_word' id='word_1_678' title='bbox 3437 2258 3640 2309; x_wconf 88' lang='lat' dir='ltr'><strong>tnatre,</strong></span> <span class='ocrx_word' id='word_1_679' title='bbox 3675 2257 3735 2303; x_wconf 86' lang='lat' dir='ltr'><strong>et</strong></span> 
     </span>
    </p>
   </div>
   <div class='ocr_carea' id='block_1_83' title="bbox 2130 2333 3731 2408">
    <p class='ocr_par' dir='ltr' id='par_1_83' title="bbox 2130 2333 3731 2408">
     <span class='ocr_line' id='line_1_83' title="bbox 2130 2333 3731 2408; baseline 0.007 -25"><span class='ocrx_word' id='word_1_680' title='bbox 2130 2333 2249 2402; x_wconf 89' lang='lat' dir='ltr'><strong>quia</strong></span> <span class='ocrx_word' id='word_1_681' title='bbox 2281 2347 2384 2386; x_wconf 93' lang='lat' dir='ltr'><strong>non</strong></span> <span class='ocrx_word' id='word_1_682' title='bbox 2420 2343 2728 2387; x_wconf 89' lang='lat' dir='ltr'><strong>recensctur</strong></span> <span class='ocrx_word' id='word_1_683' title='bbox 2757 2334 2870 2402; x_wconf 86' lang='lat' dir='ltr'><strong>ejus</strong></span> <span class='ocrx_word' id='word_1_684' title='bbox 2897 2337 3201 2406; x_wconf 79' lang='lat' dir='ltr'><strong>genealogia</strong></span> <span class='ocrx_word' id='word_1_685' title='bbox 3224 2379 3238 2400; x_wconf 92' lang='lat'><strong>,</strong></span> <span class='ocrx_word' id='word_1_686' title='bbox 3270 2337 3464 2391; x_wconf 88' lang='lat' dir='ltr'><strong>dicitur</strong></span> <span class='ocrx_word' id='word_1_687' title='bbox 3492 2340 3606 2393; x_wconf 91' lang='lat' dir='ltr'><strong>sine</strong></span> <span class='ocrx_word' id='word_1_688' title='bbox 3631 2354 3731 2408; x_wconf 84' lang='lat' dir='ltr'><strong>ge-</strong></span> 
     </span>
    </p>
   </div>
   <div class='ocr_carea' id='block_1_84' title="bbox 2132 2421 3728 2493">
    <p class='ocr_par' dir='ltr' id='par_1_84' title="bbox 2132 2421 3728 2493">
     <span class='ocr_line' id='line_1_84' title="bbox 2132 2421 3728 2493; baseline 0.003 -18"><span class='ocrx_word' id='word_1_689' title='bbox 2132 2423 2368 2491; x_wconf 85' lang='lat' dir='ltr'><strong>nealogia</strong></span> <span class='ocrx_word' id='word_1_690' title='bbox 2399 2440 2412 2474; x_wconf 88' lang='lat'>:</span> <span class='ocrx_word' id='word_1_691' title='bbox 2443 2424 2513 2476; x_wconf 91' lang='lat' dir='ltr'><strong>ita</strong></span> <span class='ocrx_word' id='word_1_692' title='bbox 2542 2431 2594 2476; x_wconf 87' lang='lat' dir='ltr'><strong>et</strong></span> <span class='ocrx_word' id='word_1_693' title='bbox 2620 2421 2863 2476; x_wconf 87' lang='lat' dir='ltr'><strong>Christus</strong></span> <span class='ocrx_word' id='word_1_694' title='bbox 2883 2465 2896 2487; x_wconf 87' lang='lat'><strong>,</strong></span> <span class='ocrx_word' id='word_1_695' title='bbox 2930 2425 3048 2493; x_wconf 85' lang='lat' dir='ltr'><strong>quia</strong></span> <span class='ocrx_word' id='word_1_696' title='bbox 3083 2441 3184 2479; x_wconf 93' lang='lat' dir='ltr'><strong>non</strong></span> <span class='ocrx_word' id='word_1_697' title='bbox 3215 2425 3369 2479; x_wconf 86' lang='lat' dir='ltr'><strong>habet</strong></span> <span class='ocrx_word' id='word_1_698' title='bbox 3402 2429 3479 2479; x_wconf 90' lang='lat' dir='ltr'><strong>vel</strong></span> <span class='ocrx_word' id='word_1_699' title='bbox 3514 2429 3563 2480; x_wconf 88' lang='lat' dir='ltr'><strong>in</strong></span> <span class='ocrx_word' id='word_1_700' title='bbox 3591 2430 3728 2482; x_wconf 75' lang='lat' dir='ltr'><strong>ca-lo</strong></span> 
     </span>
    </p>
   </div>
   <div class='ocr_carea' id='block_1_85' title="bbox 2134 2514 3730 2587">
    <p class='ocr_par' dir='ltr' id='par_1_85' title="bbox 2134 2514 3730 2587">
     <span class='ocr_line' id='line_1_85' title="bbox 2134 2514 3730 2587; baseline 0.003 -21"><span class='ocrx_word' id='word_1_701' title='bbox 2134 2525 2378 2576; x_wconf 91' lang='lat' dir='ltr'><strong>matrem,</strong></span> <span class='ocrx_word' id='word_1_702' title='bbox 2410 2514 2489 2565; x_wconf 88' lang='lat' dir='ltr'><strong>vel</strong></span> <span class='ocrx_word' id='word_1_703' title='bbox 2519 2515 2568 2565; x_wconf 92' lang='lat' dir='ltr'><strong>in</strong></span> <span class='ocrx_word' id='word_1_704' title='bbox 2601 2521 2738 2567; x_wconf 89' lang='lat' dir='ltr'><strong>terra</strong></span> <span class='ocrx_word' id='word_1_705' title='bbox 2769 2525 2991 2581; x_wconf 88' lang='lat' dir='ltr'><strong>patrem,</strong></span> <span class='ocrx_word' id='word_1_706' title='bbox 3023 2516 3222 2586; x_wconf 87' lang='lat' dir='ltr'><strong>absque</strong></span> <span class='ocrx_word' id='word_1_707' title='bbox 3255 2519 3563 2587; x_wconf 79' lang='lat' dir='ltr'><strong>genealogia</strong></span> <span class='ocrx_word' id='word_1_708' title='bbox 3591 2519 3730 2571; x_wconf 88' lang='lat' dir='ltr'><strong>dici-</strong></span> 
     </span>
    </p>
   </div>
   <div class='ocr_carea' id='block_1_86' title="bbox 2133 2605 3731 2677">
    <p class='ocr_par' dir='ltr' id='par_1_86' title="bbox 2133 2605 3731 2677">
     <span class='ocr_line' id='line_1_86' title="bbox 2133 2605 3731 2677; baseline 0.003 -19"><span class='ocrx_word' id='word_1_709' title='bbox 2133 2614 2217 2658; x_wconf 92' lang='lat' dir='ltr'><strong>tur</strong></span> <span class='ocrx_word' id='word_1_710' title='bbox 2241 2614 2292 2660; x_wconf 91' lang='lat' dir='ltr'><strong>et</strong></span> <span class='ocrx_word' id='word_1_711' title='bbox 2317 2616 2416 2660; x_wconf 85' lang='lat' dir='ltr'><strong>est.</strong></span> <span class='ocrx_word' id='word_1_712' title='bbox 2444 2605 2574 2659; x_wconf 89' lang='lat' dir='ltr'><strong>Vide</strong></span> <span class='ocrx_word' id='word_1_713' title='bbox 2600 2607 2868 2675; x_wconf 88' lang='lat' dir='ltr'><strong>quomodo</strong></span> <span class='ocrx_word' id='word_1_714' title='bbox 2895 2623 2984 2674; x_wconf 90' lang='lat' dir='ltr'><strong>per</strong></span> <span class='ocrx_word' id='word_1_715' title='bbox 3013 2612 3267 2663; x_wconf 91' lang='lat' dir='ltr'><strong>honorem</strong></span> <span class='ocrx_word' id='word_1_716' title='bbox 3293 2610 3344 2662; x_wconf 92' lang='lat' dir='ltr'><strong>in</strong></span> <span class='ocrx_word' id='word_1_717' title='bbox 3374 2610 3731 2677; x_wconf 87' lang='lat' dir='ltr'><strong>patriarcham</strong></span> 
     </span>
    </p>
   </div>
   <div class='ocr_carea' id='block_1_87' title="bbox 2130 2696 3733 2767">
    <p class='ocr_par' dir='ltr' id='par_1_87' title="bbox 2130 2696 3733 2767">
     <span class='ocr_line' id='line_1_87' title="bbox 2130 2696 3733 2767; baseline 0.004 -19"><span class='ocrx_word' id='word_1_718' title='bbox 2130 2696 2378 2750; x_wconf 86' lang='lat' dir='ltr'><strong>collatum</strong></span> <span class='ocrx_word' id='word_1_719' title='bbox 2407 2739 2421 2760; x_wconf 88' lang='lat'><strong>,</strong></span> <span class='ocrx_word' id='word_1_720' title='bbox 2465 2699 2777 2767; x_wconf 88' lang='lat' dir='ltr'><strong>mysterium</strong></span> <span class='ocrx_word' id='word_1_721' title='bbox 2821 2698 3035 2767; x_wconf 87' lang='lat' dir='ltr'><strong>aliquod</strong></span> <span class='ocrx_word' id='word_1_722' title='bbox 3069 2699 3221 2753; x_wconf 89' lang='lat' dir='ltr'><strong>nobis</strong></span> <span class='ocrx_word' id='word_1_723' title='bbox 3250 2700 3566 2753; x_wconf 88' lang='lat' dir='ltr'><strong>insinuatur.</strong></span> <span class='ocrx_word' id='word_1_724' title='bbox 3601 2701 3733 2754; x_wconf 67' lang='lat' dir='ltr'><strong>Pro~</strong></span> 
     </span>
    </p>
   </div>
   <div class='ocr_carea' id='block_1_88' title="bbox 2138 2791 3735 2865">
    <p class='ocr_par' dir='ltr' id='par_1_88' title="bbox 2138 2791 3735 2865">
     <span class='ocr_line' id='line_1_88' title="bbox 2138 2791 3735 2865; baseline 0.005 -23"><span class='ocrx_word' id='word_1_725' title='bbox 2138 2791 2256 2843; x_wconf 90' lang='lat' dir='ltr'><strong>tulit</strong></span> <span class='ocrx_word' id='word_1_726' title='bbox 2284 2791 2424 2844; x_wconf 89' lang='lat' dir='ltr'><strong>enim</strong></span> <span class='ocrx_word' id='word_1_727' title='bbox 2460 2806 2648 2860; x_wconf 88' lang='lat' dir='ltr'><strong>panem</strong></span> <span class='ocrx_word' id='word_1_728' title='bbox 2678 2801 2731 2845; x_wconf 89' lang='lat' dir='ltr'><strong>et</strong></span> <span class='ocrx_word' id='word_1_729' title='bbox 2766 2793 2966 2845; x_wconf 89' lang='lat' dir='ltr'><strong>vinum.</strong></span> <span class='ocrx_word' id='word_1_730' title='bbox 3002 2791 3199 2846; x_wconf 89' lang='lat' dir='ltr'><strong>Videns</strong></span> <span class='ocrx_word' id='word_1_731' title='bbox 3228 2803 3407 2862; x_wconf 90' lang='lat' dir='ltr'><strong>typum</strong></span> <span class='ocrx_word' id='word_1_732' title='bbox 3430 2837 3444 2859; x_wconf 94' lang='lat'><strong>,</strong></span> <span class='ocrx_word' id='word_1_733' title='bbox 3476 2796 3648 2865; x_wconf 81' lang='lat' dir='ltr'><strong>cogita</strong></span> <span class='ocrx_word' id='word_1_734' title='bbox 3678 2806 3735 2850; x_wconf 88' lang='lat' dir='ltr'><strong>et</strong></span> 
     </span>
    </p>
   </div>
   <div class='ocr_carea' id='block_1_89' title="bbox 2131 2881 3734 2954">
    <p class='ocr_par' dir='ltr' id='par_1_89' title="bbox 2131 2881 3734 2954">
     <span class='ocr_line' id='line_1_89' title="bbox 2131 2881 3734 2954; baseline 0.004 -22"><span class='ocrx_word' id='word_1_735' title='bbox 2131 2881 2446 2946; x_wconf 90' lang='lat' dir='ltr'><strong>veritatem,</strong></span> <span class='ocrx_word' id='word_1_736' title='bbox 2485 2893 2534 2935; x_wconf 93' lang='lat' dir='ltr'><strong>et</strong></span> <span class='ocrx_word' id='word_1_737' title='bbox 2579 2881 2843 2936; x_wconf 86' lang='lat' dir='ltr'><strong>admirare</strong></span> <span class='ocrx_word' id='word_1_738' title='bbox 2870 2883 3066 2936; x_wconf 67' lang='lat' dir='ltr'><strong>divina:</strong></span> <span class='ocrx_word' id='word_1_739' title='bbox 3100 2881 3390 2952; x_wconf 64' lang='lat' dir='ltr'><strong>Scriptura:</strong></span> <span class='ocrx_word' id='word_1_740' title='bbox 3421 2885 3527 2938; x_wconf 90' lang='lat' dir='ltr'><strong>vim</strong></span> <span class='ocrx_word' id='word_1_741' title='bbox 3556 2929 3568 2947; x_wconf 90' lang='lat'><strong>,</strong></span> <span class='ocrx_word' id='word_1_742' title='bbox 3599 2901 3734 2954; x_wconf 91' lang='lat' dir='ltr'><strong>quo-</strong></span> 
     </span>
    </p>
   </div>
   <div class='ocr_carea' id='block_1_90' title="bbox 2132 2971 3733 3042">
    <p class='ocr_par' dir='ltr' id='par_1_90' title="bbox 2132 2971 3733 3042">
     <span class='ocr_line' id='line_1_90' title="bbox 2132 2971 3733 3042; baseline 0.002 -19"><span class='ocrx_word' id='word_1_743' title='bbox 2132 2971 2292 3024; x_wconf 87' lang='lat' dir='ltr'><strong>modo</strong></span> <span class='ocrx_word' id='word_1_744' title='bbox 2332 2971 2697 3039; x_wconf 88' lang='lat' dir='ltr'><strong>superioribus</strong></span> <span class='ocrx_word' id='word_1_745' title='bbox 2737 2973 2944 3026; x_wconf 64' lang='lat' dir='ltr'><strong>saeculis</strong></span> <span class='ocrx_word' id='word_1_746' title='bbox 2969 2983 3022 3026; x_wconf 91' lang='lat' dir='ltr'><strong>et</strong></span> <span class='ocrx_word' id='word_1_747' title='bbox 3048 2973 3115 3026; x_wconf 90' lang='lat' dir='ltr'><strong>ab</strong></span> <span class='ocrx_word' id='word_1_748' title='bbox 3141 2973 3291 3027; x_wconf 90' lang='lat' dir='ltr'><strong>initio</strong></span> <span class='ocrx_word' id='word_1_749' title='bbox 3332 2973 3504 3027; x_wconf 87' lang='lat' dir='ltr'><strong>futura</strong></span> <span class='ocrx_word' id='word_1_750' title='bbox 3548 2977 3733 3042; x_wconf 78' lang='lat' dir='ltr'><strong>przesi-</strong></span> 
     </span>
    </p>
   </div>
   <div class='ocr_carea' id='block_1_91' title="bbox 2129 3060 3731 3130">
    <p class='ocr_par' dir='ltr' id='par_1_91' title="bbox 2129 3060 3731 3130">
     <span class='ocr_line' id='line_1_91' title="bbox 2129 3060 3731 3130; baseline 0.005 -20"><span class='ocrx_word' id='word_1_751' title='bbox 2129 3060 2417 3129; x_wconf 80' lang='lat' dir='ltr'><strong>guilicavit.</strong></span> <span class='ocrx_word' id='word_1_752' title='bbox 2448 3060 2535 3114; x_wconf 76' lang='lat' dir='ltr'><strong>l9.</strong></span> <span class='ocrx_word' id='word_1_753' title='bbox 2565 3061 2626 3112; x_wconf 80' lang='lat' dir='ltr'><strong>Et</strong></span> <span class='ocrx_word' id='word_1_754' title='bbox 2654 3062 2924 3125; x_wconf 74' lang='lat' dir='ltr'><strong>benedixit,</strong></span> <span class='ocrx_word' id='word_1_755' title='bbox 2956 3062 3143 3130; x_wconf 88' lang='lat' dir='ltr'><strong>inquit,</strong></span> <span class='ocrx_word' id='word_1_756' title='bbox 3168 3062 3461 3127; x_wconf 83' lang='lat' dir='ltr'><strong>Abramum,</strong></span> <span class='ocrx_word' id='word_1_757' title='bbox 3487 3074 3533 3116; x_wconf 77' lang='lat' dir='ltr'><strong>et</strong></span> <span class='ocrx_word' id='word_1_758' title='bbox 3559 3066 3688 3118; x_wconf 70' lang='lat' dir='ltr'><strong>dixit</strong></span> <span class='ocrx_word' id='word_1_759' title='bbox 3713 3083 3731 3119; x_wconf 93' lang='lat'><em>:</em></span> 
     </span>
    </p>
   </div>
   <div class='ocr_carea' id='block_1_92' title="bbox 2133 3151 3730 3222">
    <p class='ocr_par' dir='ltr' id='par_1_92' title="bbox 2133 3151 3730 3222">
     <span class='ocr_line' id='line_1_92' title="bbox 2133 3151 3730 3222; baseline 0.004 -18"><span class='ocrx_word' id='word_1_760' title='bbox 2133 3151 2430 3205; x_wconf 83' lang='lat' dir='ltr'><strong>Benedictus</strong></span> <span class='ocrx_word' id='word_1_761' title='bbox 2470 3151 2656 3205; x_wconf 84' lang='lat' dir='ltr'><strong>Abram</strong></span> <span class='ocrx_word' id='word_1_762' title='bbox 2701 3151 2804 3206; x_wconf 86' lang='lat' dir='ltr'><strong>Deo</strong></span> <span class='ocrx_word' id='word_1_763' title='bbox 2842 3154 3089 3207; x_wconf 85' lang='lat' dir='ltr'><strong>altissimo</strong></span> <span class='ocrx_word' id='word_1_764' title='bbox 3112 3192 3130 3219; x_wconf 88' lang='lat'><strong>,</strong></span> <span class='ocrx_word' id='word_1_765' title='bbox 3156 3155 3241 3222; x_wconf 87' lang='lat' dir='ltr'><strong>qui</strong></span> <span class='ocrx_word' id='word_1_766' title='bbox 3264 3157 3448 3209; x_wconf 82' lang='lat' dir='ltr'><strong>creauit</strong></span> <span class='ocrx_word' id='word_1_767' title='bbox 3473 3157 3653 3210; x_wconf 70' lang='lat' dir='ltr'><strong>cretum</strong></span> <span class='ocrx_word' id='word_1_768' title='bbox 3681 3167 3730 3210; x_wconf 75' lang='lat' dir='ltr'><strong>et</strong></span> 
     </span>
    </p>
   </div>
   <div class='ocr_carea' id='block_1_93' title="bbox 2134 3240 3731 3316">
    <p class='ocr_par' dir='ltr' id='par_1_93' title="bbox 2134 3240 3731 3316">
     <span class='ocr_line' id='line_1_93' title="bbox 2134 3240 3731 3316; baseline 0.005 -22"><span class='ocrx_word' id='word_1_769' title='bbox 2134 3253 2334 3294; x_wconf 89' lang='lat' dir='ltr'><strong>terram.</strong></span> <span class='ocrx_word' id='word_1_770' title='bbox 2364 3240 2454 3296; x_wconf 65' lang='grc' dir='ltr'><strong>ΞΟ.</strong></span> <span class='ocrx_word' id='word_1_771' title='bbox 2491 3242 2554 3294; x_wconf 71' lang='lat' dir='ltr'><strong>Et</strong></span> <span class='ocrx_word' id='word_1_772' title='bbox 2581 3242 2869 3296; x_wconf 85' lang='lat' dir='ltr'><strong>benedictus</strong></span> <span class='ocrx_word' id='word_1_773' title='bbox 2896 3244 3031 3297; x_wconf 78' lang='lat' dir='ltr'><strong>Deus</strong></span> <span class='ocrx_word' id='word_1_774' title='bbox 3059 3245 3334 3300; x_wconf 83' lang='lat' dir='ltr'><strong>altissimus</strong></span> <span class='ocrx_word' id='word_1_775' title='bbox 3358 3288 3372 3310; x_wconf 84' lang='lat'><strong>,</strong></span> <span class='ocrx_word' id='word_1_776' title='bbox 3401 3247 3489 3316; x_wconf 85' lang='lat' dir='ltr'><strong>qui</strong></span> <span class='ocrx_word' id='word_1_777' title='bbox 3519 3249 3731 3302; x_wconf 83' lang='lat' dir='ltr'><strong>tradidit</strong></span> 
     </span>
    </p>
   </div>
   <div class='ocr_carea' id='block_1_94' title="bbox 2131 3333 3732 3405">
    <p class='ocr_par' dir='ltr' id='par_1_94' title="bbox 2131 3333 3732 3405">
     <span class='ocr_line' id='line_1_94' title="bbox 2131 3333 3732 3405; baseline 0.006 -21"><span class='ocrx_word' id='word_1_778' title='bbox 2131 3333 2359 3384; x_wconf 86' lang='lat' dir='ltr'><strong>inimicos</strong></span> <span class='ocrx_word' id='word_1_779' title='bbox 2383 3342 2492 3384; x_wconf 77' lang='lat' dir='ltr'><strong>tuos</strong></span> <span class='ocrx_word' id='word_1_780' title='bbox 2532 3335 2580 3384; x_wconf 90' lang='lat' dir='ltr'><strong>in</strong></span> <span class='ocrx_word' id='word_1_781' title='bbox 2613 3350 2792 3386; x_wconf 86' lang='lat' dir='ltr'><strong>manus</strong></span> <span class='ocrx_word' id='word_1_782' title='bbox 2821 3345 2956 3387; x_wconf 87' lang='lat' dir='ltr'><strong>tuas.</strong></span> <span class='ocrx_word' id='word_1_783' title='bbox 2992 3335 3106 3387; x_wconf 83' lang='lat' dir='ltr'><strong>Non</strong></span> <span class='ocrx_word' id='word_1_784' title='bbox 3135 3334 3308 3389; x_wconf 81' lang='lat' dir='ltr'><strong>solum</strong></span> <span class='ocrx_word' id='word_1_785' title='bbox 3352 3335 3522 3405; x_wconf 88' lang='lat' dir='ltr'><strong>ipsum</strong></span> <span class='ocrx_word' id='word_1_786' title='bbox 3565 3338 3732 3393; x_wconf 83' lang='lat' dir='ltr'><strong>bene-</strong></span> 
     </span>
    </p>
   </div>
   <div class='ocr_carea' id='block_1_95' title="bbox 2129 3420 3730 3494">
    <p class='ocr_par' dir='ltr' id='par_1_95' title="bbox 2129 3420 3730 3494">
     <span class='ocr_line' id='line_1_95' title="bbox 2129 3420 3730 3494; baseline 0.005 -20"><span class='ocrx_word' id='word_1_787' title='bbox 2129 3420 2306 3487; x_wconf 78' lang='lat' dir='ltr'><strong>dixit,</strong></span> <span class='ocrx_word' id='word_1_788' title='bbox 2339 3422 2432 3476; x_wconf 86' lang='lat' dir='ltr'><strong>sed</strong></span> <span class='ocrx_word' id='word_1_789' title='bbox 2461 3433 2512 3476; x_wconf 93' lang='lat' dir='ltr'><strong>et</strong></span> <span class='ocrx_word' id='word_1_790' title='bbox 2546 3423 2710 3478; x_wconf 89' lang='lat' dir='ltr'><strong>Deum</strong></span> <span class='ocrx_word' id='word_1_791' title='bbox 2741 3425 3070 3493; x_wconf 80' lang='lat' dir='ltr'><strong>glortlicavit.</strong></span> <span class='ocrx_word' id='word_1_792' title='bbox 3105 3425 3170 3481; x_wconf 88' lang='lat' dir='ltr'><strong>Ut</strong></span> <span class='ocrx_word' id='word_1_793' title='bbox 3195 3427 3329 3480; x_wconf 91' lang='lat' dir='ltr'><strong>dixit</strong></span> <span class='ocrx_word' id='word_1_794' title='bbox 3355 3428 3497 3481; x_wconf 90' lang='lat' dir='ltr'><strong>enim</strong></span> <span class='ocrx_word' id='word_1_795' title='bbox 3519 3470 3534 3494; x_wconf 91' lang='lat'><strong>,</strong></span> <span class='ocrx_word' id='word_1_796' title='bbox 3569 3427 3730 3482; x_wconf 84' lang='lat' dir='ltr'><strong>Bene-</strong></span> 
     </span>
    </p>
   </div>
   <div class='ocr_carea' id='block_1_96' title="bbox 2129 3511 3728 3584">
    <p class='ocr_par' dir='ltr' id='par_1_96' title="bbox 2129 3511 3728 3584">
     <span class='ocr_line' id='line_1_96' title="bbox 2129 3511 3728 3584; baseline 0.006 -22"><span class='ocrx_word' id='word_1_797' title='bbox 2129 3511 2293 3564; x_wconf 86' lang='lat' dir='ltr'><strong>dictus</strong></span> <span class='ocrx_word' id='word_1_798' title='bbox 2333 3513 2516 3566; x_wconf 81' lang='lat' dir='ltr'><strong>Abram</strong></span> <span class='ocrx_word' id='word_1_799' title='bbox 2556 3513 2664 3567; x_wconf 89' lang='lat' dir='ltr'><strong>Deo</strong></span> <span class='ocrx_word' id='word_1_800' title='bbox 2701 3514 2946 3568; x_wconf 85' lang='lat' dir='ltr'><strong>altissimo</strong></span> <span class='ocrx_word' id='word_1_801' title='bbox 2970 3558 2984 3582; x_wconf 89' lang='lat'><strong>,</strong></span> <span class='ocrx_word' id='word_1_802' title='bbox 3015 3517 3101 3584; x_wconf 82' lang='lat' dir='ltr'><strong>qui</strong></span> <span class='ocrx_word' id='word_1_803' title='bbox 3132 3519 3315 3571; x_wconf 83' lang='lat' dir='ltr'><strong>creavit</strong></span> <span class='ocrx_word' id='word_1_804' title='bbox 3345 3519 3522 3571; x_wconf 73' lang='lat' dir='ltr'><strong>ca&#39;lnm</strong></span> <span class='ocrx_word' id='word_1_805' title='bbox 3550 3530 3593 3571; x_wconf 87' lang='lat' dir='ltr'><strong>et</strong></span> <span class='ocrx_word' id='word_1_806' title='bbox 3623 3529 3728 3572; x_wconf 77' lang='lat' dir='ltr'><strong>ter-</strong></span> 
     </span>
    </p>
   </div>
   <div class='ocr_carea' id='block_1_97' title="bbox 2128 3606 3727 3666">
    <p class='ocr_par' dir='ltr' id='par_1_97' title="bbox 2128 3606 3727 3666">
     <span class='ocr_line' id='line_1_97' title="bbox 2128 3606 3727 3666; baseline 0.007 -13"><span class='ocrx_word' id='word_1_807' title='bbox 2128 3619 2258 3666; x_wconf 88' lang='lat' dir='ltr'><strong>ram,</strong></span> <span class='ocrx_word' id='word_1_808' title='bbox 2282 3619 2311 3656; x_wconf 88' lang='lat' dir='ltr'><strong>a</strong></span> <span class='ocrx_word' id='word_1_809' title='bbox 2335 3607 2591 3658; x_wconf 79' lang='lat' dir='ltr'><strong>creaturis</strong></span> <span class='ocrx_word' id='word_1_810' title='bbox 2615 3606 2856 3660; x_wconf 84' lang='lat' dir='ltr'><strong>virtutem</strong></span> <span class='ocrx_word' id='word_1_811' title='bbox 2883 3607 2970 3660; x_wconf 89' lang='lat' dir='ltr'><strong>Dei</strong></span> <span class='ocrx_word' id='word_1_812' title='bbox 3000 3607 3151 3661; x_wconf 92' lang='lat' dir='ltr'><strong>nobis</strong></span> <span class='ocrx_word' id='word_1_813' title='bbox 3175 3607 3479 3662; x_wconf 86' lang='lat' dir='ltr'><strong>declaravit.</strong></span> <span class='ocrx_word' id='word_1_814' title='bbox 3506 3608 3561 3663; x_wconf 86' lang='lat' dir='ltr'><strong>Si</strong></span> <span class='ocrx_word' id='word_1_815' title='bbox 3582 3612 3727 3664; x_wconf 56' lang='lat' dir='ltr'><strong>enim</strong></span> 
     </span>
    </p>
   </div>
   <div class='ocr_carea' id='block_1_98' title="bbox 2132 3694 3726 3764">
    <p class='ocr_par' dir='ltr' id='par_1_98' title="bbox 2132 3694 3726 3764">
     <span class='ocr_line' id='line_1_98' title="bbox 2132 3694 3726 3764; baseline 0.006 -17"><span class='ocrx_word' id='word_1_816' title='bbox 2132 3694 2274 3747; x_wconf 86' lang='lat' dir='ltr'><strong>Deus</strong></span> <span class='ocrx_word' id='word_1_817' title='bbox 2300 3705 2381 3749; x_wconf 86' lang='lat' dir='ltr'><strong>est</strong></span> <span class='ocrx_word' id='word_1_818' title='bbox 2407 3695 2493 3748; x_wconf 90' lang='lat' dir='ltr'><strong>ille</strong></span> <span class='ocrx_word' id='word_1_819' title='bbox 2521 3697 2607 3763; x_wconf 88' lang='lat' dir='ltr'><strong>qui</strong></span> <span class='ocrx_word' id='word_1_820' title='bbox 2641 3697 2886 3764; x_wconf 82' lang='lat' dir='ltr'><strong>produxit</strong></span> <span class='ocrx_word' id='word_1_821' title='bbox 2915 3697 3100 3750; x_wconf 58' lang='lat' dir='ltr'><strong>ca&#39;lutn</strong></span> <span class='ocrx_word' id='word_1_822' title='bbox 3130 3707 3184 3752; x_wconf 90' lang='lat' dir='ltr'><strong>et</strong></span> <span class='ocrx_word' id='word_1_823' title='bbox 3211 3707 3428 3763; x_wconf 89' lang='lat' dir='ltr'><strong>terram,</strong></span> <span class='ocrx_word' id='word_1_824' title='bbox 3461 3715 3565 3753; x_wconf 90' lang='lat' dir='ltr'><strong>non</strong></span> <span class='ocrx_word' id='word_1_825' title='bbox 3598 3713 3726 3756; x_wconf 91' lang='lat' dir='ltr'><strong>sunt</strong></span> 
     </span>
    </p>
   </div>
   <div class='ocr_carea' id='block_1_99' title="bbox 2127 3786 3726 3862">
    <p class='ocr_par' dir='ltr' id='par_1_99' title="bbox 2127 3786 3726 3862">
     <span class='ocr_line' id='line_1_99' title="bbox 2127 3786 3726 3862; baseline 0.001 -22"><span class='ocrx_word' id='word_1_826' title='bbox 2127 3786 2235 3855; x_wconf 88' lang='lat' dir='ltr'><strong>jam</strong></span> <span class='ocrx_word' id='word_1_827' title='bbox 2268 3787 2336 3840; x_wconf 91' lang='lat' dir='ltr'><strong>dii</strong></span> <span class='ocrx_word' id='word_1_828' title='bbox 2365 3787 2454 3856; x_wconf 84' lang='lat' dir='ltr'><strong>qui</strong></span> <span class='ocrx_word' id='word_1_829' title='bbox 2482 3787 2546 3840; x_wconf 89' lang='lat' dir='ltr'><strong>ah</strong></span> <span class='ocrx_word' id='word_1_830' title='bbox 2577 3789 2877 3842; x_wconf 90' lang='lat' dir='ltr'><strong>hominibus</strong></span> <span class='ocrx_word' id='word_1_831' title='bbox 2905 3790 3153 3842; x_wconf 90' lang='lat' dir='ltr'><strong>coluntur</strong></span> <span class='ocrx_word' id='word_1_832' title='bbox 3178 3807 3190 3842; x_wconf 89' lang='lat'>:</span> <span class='ocrx_word' id='word_1_833' title='bbox 3225 3790 3312 3843; x_wconf 89' lang='lat' dir='ltr'><strong>Dii</strong></span> <span class='ocrx_word' id='word_1_834' title='bbox 3339 3793 3499 3854; x_wconf 79' lang='lat' dir='ltr'><strong>cnim,</strong></span> <span class='ocrx_word' id='word_1_835' title='bbox 3532 3794 3726 3862; x_wconf 71' lang='lat' dir='ltr'><strong>inquit,</strong></span> 
     </span>
    </p>
   </div>
   <div class='ocr_carea' id='block_1_100' title="bbox 2128 3879 3720 3951">
    <p class='ocr_par' dir='ltr' id='par_1_100' title="bbox 2128 3879 3720 3951">
     <span class='ocr_line' id='line_1_100' title="bbox 2128 3879 3720 3951; baseline 0.006 -23"><span class='ocrx_word' id='word_1_836' title='bbox 2128 3879 2214 3947; x_wconf 85' lang='lat' dir='ltr'><strong>qui</strong></span> <span class='ocrx_word' id='word_1_837' title='bbox 2237 3879 2416 3931; x_wconf 78' lang='lat' dir='ltr'><strong>cwluut</strong></span> <span class='ocrx_word' id='word_1_838' title='bbox 2437 3889 2482 3931; x_wconf 87' lang='lat' dir='ltr'><strong>et</strong></span> <span class='ocrx_word' id='word_1_839' title='bbox 2505 3889 2685 3932; x_wconf 79' lang='lat' dir='ltr'><strong>terram</strong></span> <span class='ocrx_word' id='word_1_840' title='bbox 2709 3897 2806 3931; x_wconf 88' lang='lat' dir='ltr'><strong>non</strong></span> <span class='ocrx_word' id='word_1_841' title='bbox 2833 3882 3075 3951; x_wconf 76' lang='lat' dir='ltr'><strong>fecerunt,</strong></span> <span class='ocrx_word' id='word_1_842' title='bbox 3105 3893 3306 3950; x_wconf 77' lang='lat' dir='ltr'><strong>pereant</strong></span> <span class='ocrx_word' id='word_1_843' title='bbox 3330 3882 3459 3950; x_wconf 66' lang='lat' dir='ltr'><strong>(lar.</strong></span> <span class='ocrx_word' id='word_1_844' title='bbox 3494 3883 3579 3938; x_wconf 77' lang='grc'><strong>10.</strong></span> <span class='ocrx_word' id='word_1_845' title='bbox 3613 3887 3720 3949; x_wconf 87' lang='lat' dir='ltr'><strong>ll).</strong></span> 
     </span>
    </p>
   </div>
   <div class='ocr_carea' id='block_1_101' title="bbox 2133 3966 3726 4039">
    <p class='ocr_par' dir='ltr' id='par_1_101' title="bbox 2133 3966 3726 4039">
     <span class='ocr_line' id='line_1_101' title="bbox 2133 3966 3726 4039; baseline 0.005 -20"><span class='ocrx_word' id='word_1_846' title='bbox 2133 3966 2430 4020; x_wconf 73' lang='lat' dir='ltr'><strong>Benedictus</strong></span> <span class='ocrx_word' id='word_1_847' title='bbox 2449 4008 2464 4034; x_wconf 89' lang='lat'><strong>,</strong></span> <span class='ocrx_word' id='word_1_848' title='bbox 2495 3968 2697 4038; x_wconf 88' lang='lat' dir='ltr'><strong>inquit,</strong></span> <span class='ocrx_word' id='word_1_849' title='bbox 2727 3968 2860 4022; x_wconf 85' lang='lat' dir='ltr'><strong>Deus</strong></span> <span class='ocrx_word' id='word_1_850' title='bbox 2879 4013 2894 4032; x_wconf 94' lang='lat'><strong>,</strong></span> <span class='ocrx_word' id='word_1_851' title='bbox 2926 3972 3010 4039; x_wconf 88' lang='lat' dir='ltr'><strong>qui</strong></span> <span class='ocrx_word' id='word_1_852' title='bbox 3039 3973 3244 4024; x_wconf 84' lang='lat' dir='ltr'><strong>tradidit</strong></span> <span class='ocrx_word' id='word_1_853' title='bbox 3272 3975 3500 4026; x_wconf 86' lang='lat' dir='ltr'><strong>inimicos</strong></span> <span class='ocrx_word' id='word_1_854' title='bbox 3534 3985 3640 4027; x_wconf 87' lang='lat' dir='ltr'><strong>tuos</strong></span> <span class='ocrx_word' id='word_1_855' title='bbox 3671 3977 3726 4027; x_wconf 85' lang='lat' dir='ltr'><strong>in</strong></span> 
     </span>
    </p>
   </div>
   <div class='ocr_carea' id='block_1_102' title="bbox 2131 4058 3723 4132">
    <p class='ocr_par' dir='ltr' id='par_1_102' title="bbox 2131 4058 3723 4132">
     <span class='ocr_line' id='line_1_102' title="bbox 2131 4058 3723 4132; baseline 0.006 -24"><span class='ocrx_word' id='word_1_856' title='bbox 2131 4069 2313 4110; x_wconf 86' lang='lat' dir='ltr'><strong>manus</strong></span> <span class='ocrx_word' id='word_1_857' title='bbox 2348 4068 2480 4110; x_wconf 85' lang='lat' dir='ltr'><strong>tuas.</strong></span> <span class='ocrx_word' id='word_1_858' title='bbox 2514 4058 2642 4112; x_wconf 84' lang='lat' dir='ltr'><strong>Vide</strong></span> <span class='ocrx_word' id='word_1_859' title='bbox 2666 4100 2680 4124; x_wconf 92' lang='lat'><strong>,</strong></span> <span class='ocrx_word' id='word_1_860' title='bbox 2711 4073 2806 4112; x_wconf 91' lang='lat' dir='ltr'><strong>oro</strong></span> <span class='ocrx_word' id='word_1_861' title='bbox 2829 4100 2843 4124; x_wconf 92' lang='lat'><strong>,</strong></span> <span class='ocrx_word' id='word_1_862' title='bbox 2870 4062 3135 4130; x_wconf 88' lang='lat' dir='ltr'><strong>quomodo</strong></span> <span class='ocrx_word' id='word_1_863' title='bbox 3178 4078 3282 4116; x_wconf 90' lang='lat' dir='ltr'><strong>non</strong></span> <span class='ocrx_word' id='word_1_864' title='bbox 3325 4065 3495 4115; x_wconf 85' lang='lat' dir='ltr'><strong>solum</strong></span> <span class='ocrx_word' id='word_1_865' title='bbox 3520 4067 3723 4132; x_wconf 74' lang='lat' dir='ltr'><strong>justum</strong></span> 
     </span>
    </p>
   </div>
   <div class='ocr_carea' id='block_1_103' title="bbox 2131 4149 3723 4223">
    <p class='ocr_par' dir='ltr' id='par_1_103' title="bbox 2131 4149 3723 4223">
     <span class='ocr_line' id='line_1_103' title="bbox 2131 4149 3723 4223; baseline 0.006 -26"><span class='ocrx_word' id='word_1_866' title='bbox 2131 4149 2400 4216; x_wconf 64' lang='lat' dir='ltr'><strong>prardicat,</strong></span> <span class='ocrx_word' id='word_1_867' title='bbox 2433 4149 2527 4204; x_wconf 85' lang='lat' dir='ltr'><strong>sed</strong></span> <span class='ocrx_word' id='word_1_868' title='bbox 2556 4158 2609 4203; x_wconf 87' lang='lat' dir='ltr'><strong>et</strong></span> <span class='ocrx_word' id='word_1_869' title='bbox 2639 4151 2729 4203; x_wconf 87' lang='lat' dir='ltr'><strong>Dei</strong></span> <span class='ocrx_word' id='word_1_870' title='bbox 2758 4151 3052 4205; x_wconf 86' lang='lat' dir='ltr'><strong>subsidium</strong></span> <span class='ocrx_word' id='word_1_871' title='bbox 3082 4155 3342 4222; x_wconf 69' lang='lat' dir='ltr'><strong>agnoscit.</strong></span> <span class='ocrx_word' id='word_1_872' title='bbox 3371 4154 3552 4223; x_wconf 69' lang='lat' dir='ltr'><strong>Neque</strong></span> <span class='ocrx_word' id='word_1_873' title='bbox 3579 4157 3723 4208; x_wconf 84' lang='lat' dir='ltr'><strong>enim</strong></span> 
     </span>
    </p>
   </div>
   <div class='ocr_carea' id='block_1_104' title="bbox 2129 4240 3726 4314">
    <p class='ocr_par' dir='ltr' id='par_1_104' title="bbox 2129 4240 3726 4314">
     <span class='ocr_line' id='line_1_104' title="bbox 2129 4240 3726 4314; baseline 0.006 -22"><span class='ocrx_word' id='word_1_874' title='bbox 2129 4240 2328 4308; x_wconf 84' lang='lat' dir='ltr'><strong>absque</strong></span> <span class='ocrx_word' id='word_1_875' title='bbox 2372 4241 2512 4294; x_wconf 90' lang='lat' dir='ltr'><strong>illius</strong></span> <span class='ocrx_word' id='word_1_876' title='bbox 2541 4243 2706 4311; x_wconf 86' lang='lat' dir='ltr'><strong>gratia</strong></span> <span class='ocrx_word' id='word_1_877' title='bbox 2756 4245 3013 4312; x_wconf 62' lang='lat' dir='ltr'><strong>potuisset</strong></span> <span class='ocrx_word' id='word_1_878' title='bbox 3051 4253 3192 4298; x_wconf 91' lang='lat' dir='ltr'><strong>tanta</strong></span> <span class='ocrx_word' id='word_1_879' title='bbox 3226 4248 3457 4314; x_wconf 85' lang='lat' dir='ltr'><strong>potentia</strong></span> <span class='ocrx_word' id='word_1_880' title='bbox 3491 4250 3726 4302; x_wconf 88' lang='lat' dir='ltr'><strong>munitos</strong></span> 
     </span>
    </p>
   </div>
   <div class='ocr_carea' id='block_1_105' title="bbox 2130 4330 3723 4408">
    <p class='ocr_par' dir='ltr' id='par_1_105' title="bbox 2130 4330 3723 4408">
     <span class='ocr_line' id='line_1_105' title="bbox 2130 4330 3723 4408; baseline 0.006 -27"><span class='ocrx_word' id='word_1_881' title='bbox 2130 4330 2365 4385; x_wconf 90' lang='lat' dir='ltr'><strong>vincere.</strong></span> <span class='ocrx_word' id='word_1_882' title='bbox 2401 4331 2502 4397; x_wconf 84' lang='lat' dir='ltr'><strong>Qui</strong></span> <span class='ocrx_word' id='word_1_883' title='bbox 2540 4333 2784 4397; x_wconf 90' lang='lat' dir='ltr'><strong>tradidit,</strong></span> <span class='ocrx_word' id='word_1_884' title='bbox 2819 4333 2986 4402; x_wconf 87' lang='lat' dir='ltr'><strong>inquit</strong></span> <span class='ocrx_word' id='word_1_885' title='bbox 3006 4373 3018 4395; x_wconf 91' lang='lat'><strong>,</strong></span> <span class='ocrx_word' id='word_1_886' title='bbox 3049 4336 3284 4387; x_wconf 82' lang='lat' dir='ltr'><strong>inimicos</strong></span> <span class='ocrx_word' id='word_1_887' title='bbox 3311 4347 3420 4389; x_wconf 87' lang='lat' dir='ltr'><strong>tuos</strong></span> <span class='ocrx_word' id='word_1_888' title='bbox 3452 4354 3471 4389; x_wconf 91' lang='lat'><strong><em>:</em></strong></span> <span class='ocrx_word' id='word_1_889' title='bbox 3501 4340 3613 4408; x_wconf 78' lang='lat' dir='ltr'><strong>ipse</strong></span> <span class='ocrx_word' id='word_1_890' title='bbox 3643 4349 3723 4390; x_wconf 56' lang='grc' dir='ltr'><strong>ειμι</strong></span> 
     </span>
    </p>
   </div>
   <div class='ocr_carea' id='block_1_106' title="bbox 2129 4422 3722 4492">
    <p class='ocr_par' dir='ltr' id='par_1_106' title="bbox 2129 4422 3722 4492">
     <span class='ocr_line' id='line_1_106' title="bbox 2129 4422 3722 4492; baseline 0.003 -19"><span class='ocrx_word' id='word_1_891' title='bbox 2129 4422 2214 4488; x_wconf 84' lang='lat' dir='ltr'><strong>qui</strong></span> <span class='ocrx_word' id='word_1_892' title='bbox 2246 4431 2410 4474; x_wconf 89' lang='lat' dir='ltr'><strong>totum</strong></span> <span class='ocrx_word' id='word_1_893' title='bbox 2441 4435 2690 4491; x_wconf 87' lang='lat' dir='ltr'><strong>operatus</strong></span> <span class='ocrx_word' id='word_1_894' title='bbox 2716 4432 2797 4477; x_wconf 91' lang='lat' dir='ltr'><strong>est</strong></span> <span class='ocrx_word' id='word_1_895' title='bbox 2823 4464 2836 4488; x_wconf 94' lang='lat'><strong>,</strong></span> <span class='ocrx_word' id='word_1_896' title='bbox 2867 4424 2977 4491; x_wconf 85' lang='lat' dir='ltr'><strong>ipse</strong></span> <span class='ocrx_word' id='word_1_897' title='bbox 3007 4433 3088 4477; x_wconf 90' lang='lat' dir='ltr'><strong>est</strong></span> <span class='ocrx_word' id='word_1_898' title='bbox 3112 4424 3202 4492; x_wconf 84' lang='lat' dir='ltr'><strong>qni</strong></span> <span class='ocrx_word' id='word_1_899' title='bbox 3234 4423 3398 4477; x_wconf 86' lang='lat' dir='ltr'><strong>fortes</strong></span> <span class='ocrx_word' id='word_1_900' title='bbox 3429 4425 3550 4478; x_wconf 70' lang='lat' dir='ltr'><strong>fecit</strong></span> <span class='ocrx_word' id='word_1_901' title='bbox 3577 4427 3722 4478; x_wconf 80' lang='lat' dir='ltr'><strong>intir-</strong></span> 
     </span>
    </p>
   </div>
   <div class='ocr_carea' id='block_1_107' title="bbox 2128 4514 3722 4585">
    <p class='ocr_par' dir='ltr' id='par_1_107' title="bbox 2128 4514 3722 4585">
     <span class='ocr_line' id='line_1_107' title="bbox 2128 4514 3722 4585; baseline 0.001 -19"><span class='ocrx_word' id='word_1_902' title='bbox 2128 4529 2263 4577; x_wconf 91' lang='lat' dir='ltr'><strong>mos,</strong></span> <span class='ocrx_word' id='word_1_903' title='bbox 2297 4514 2410 4582; x_wconf 93' lang='lat' dir='ltr'><strong>ipse</strong></span> <span class='ocrx_word' id='word_1_904' title='bbox 2435 4525 2514 4567; x_wconf 90' lang='lat' dir='ltr'><strong>est</strong></span> <span class='ocrx_word' id='word_1_905' title='bbox 2545 4515 2632 4583; x_wconf 89' lang='lat' dir='ltr'><strong>qui</strong></span> <span class='ocrx_word' id='word_1_906' title='bbox 2661 4529 2754 4583; x_wconf 89' lang='lat' dir='ltr'><strong>per</strong></span> <span class='ocrx_word' id='word_1_907' title='bbox 2782 4515 3016 4568; x_wconf 90' lang='lat' dir='ltr'><strong>inermes</strong></span> <span class='ocrx_word' id='word_1_908' title='bbox 3043 4525 3276 4569; x_wconf 86' lang='lat' dir='ltr'><strong>armatos</strong></span> <span class='ocrx_word' id='word_1_909' title='bbox 3303 4515 3495 4585; x_wconf 70' lang='lat' dir='ltr'><strong>di-jecit</strong></span> <span class='ocrx_word' id='word_1_910' title='bbox 3523 4533 3537 4570; x_wconf 91' lang='lat'>:</span> <span class='ocrx_word' id='word_1_911' title='bbox 3567 4519 3632 4572; x_wconf 87' lang='lat' dir='ltr'><strong>ab</strong></span> <span class='ocrx_word' id='word_1_912' title='bbox 3659 4539 3722 4572; x_wconf 86' lang='lat' dir='ltr'><strong>eo</strong></span> 
     </span>
    </p>
   </div>
   <div class='ocr_carea' id='block_1_108' title="bbox 2126 4606 3716 4676">
    <p class='ocr_par' dir='ltr' id='par_1_108' title="bbox 2126 4606 3716 4676">
     <span class='ocr_line' id='line_1_108' title="bbox 2126 4606 3716 4676; baseline 0.003 -16"><span class='ocrx_word' id='word_1_913' title='bbox 2126 4616 2206 4660; x_wconf 90' lang='lat' dir='ltr'><strong>est</strong></span> <span class='ocrx_word' id='word_1_914' title='bbox 2249 4607 2540 4672; x_wconf 87' lang='lat' dir='ltr'><strong>auxilium,</strong></span> <span class='ocrx_word' id='word_1_915' title='bbox 2576 4606 2719 4676; x_wconf 87' lang='lat' dir='ltr'><strong>quod</strong></span> <span class='ocrx_word' id='word_1_916' title='bbox 2767 4617 2965 4662; x_wconf 89' lang='lat' dir='ltr'><strong>tantam</strong></span> <span class='ocrx_word' id='word_1_917' title='bbox 3014 4608 3084 4661; x_wconf 90' lang='lat' dir='ltr'><strong>ibi</strong></span> <span class='ocrx_word' id='word_1_918' title='bbox 3132 4608 3381 4663; x_wconf 86' lang='lat' dir='ltr'><strong>\irtntem</strong></span> <span class='ocrx_word' id='word_1_919' title='bbox 3431 4613 3716 4665; x_wconf 79' lang='lat' dir='ltr'><strong>conceSsit.</strong></span> 
     </span>
    </p>
   </div>
   <div class='ocr_carea' id='block_1_109' title="bbox 2129 4698 3719 4766">
    <p class='ocr_par' dir='ltr' id='par_1_109' title="bbox 2129 4698 3719 4766">
     <span class='ocr_line' id='line_1_109' title="bbox 2129 4698 3719 4766; baseline 0.007 -20"><span class='ocrx_word' id='word_1_920' title='bbox 2129 4698 2227 4762; x_wconf 85' lang='lat' dir='ltr'><strong>Qui</strong></span> <span class='ocrx_word' id='word_1_921' title='bbox 2254 4698 2480 4762; x_wconf 89' lang='lat' dir='ltr'><strong>tradidit,</strong></span> <span class='ocrx_word' id='word_1_922' title='bbox 2509 4698 2695 4766; x_wconf 75' lang='lat' dir='ltr'><strong>inquit,</strong></span> <span class='ocrx_word' id='word_1_923' title='bbox 2726 4700 2952 4752; x_wconf 86' lang='lat' dir='ltr'><strong>inimicos</strong></span> <span class='ocrx_word' id='word_1_924' title='bbox 2977 4709 3085 4751; x_wconf 87' lang='lat' dir='ltr'><strong>tuos</strong></span> <span class='ocrx_word' id='word_1_925' title='bbox 3111 4701 3163 4750; x_wconf 87' lang='lat' dir='ltr'><strong>in</strong></span> <span class='ocrx_word' id='word_1_926' title='bbox 3191 4717 3369 4754; x_wconf 84' lang='lat' dir='ltr'><strong>manus</strong></span> <span class='ocrx_word' id='word_1_927' title='bbox 3397 4711 3527 4755; x_wconf 82' lang='lat' dir='ltr'><strong>tuas.</strong></span> <span class='ocrx_word' id='word_1_928' title='bbox 3562 4701 3719 4757; x_wconf 80' lang='lat' dir='ltr'><strong>Vides</strong></span> 
     </span>
    </p>
   </div>
   <div class='ocr_carea' id='block_1_110' title="bbox 2126 4791 3716 4864">
    <p class='ocr_par' dir='ltr' id='par_1_110' title="bbox 2126 4791 3716 4864">
     <span class='ocr_line' id='line_1_110' title="bbox 2126 4791 3716 4864; baseline 0.006 -25"><span class='ocrx_word' id='word_1_929' title='bbox 2126 4791 2394 4859; x_wconf 90' lang='lat' dir='ltr'><strong>quomodo</strong></span> <span class='ocrx_word' id='word_1_930' title='bbox 2423 4791 2655 4844; x_wconf 89' lang='lat' dir='ltr'><strong>ostendit</strong></span> <span class='ocrx_word' id='word_1_931' title='bbox 2701 4792 2864 4860; x_wconf 89' lang='lat' dir='ltr'><strong>ipsius</strong></span> <span class='ocrx_word' id='word_1_932' title='bbox 2898 4792 3235 4846; x_wconf 85' lang='lat' dir='ltr'><strong>concordiam</strong></span> <span class='ocrx_word' id='word_1_933' title='bbox 3262 4832 3277 4857; x_wconf 93' lang='lat'><strong>,</strong></span> <span class='ocrx_word' id='word_1_934' title='bbox 3311 4803 3364 4847; x_wconf 93' lang='lat' dir='ltr'><strong>et</strong></span> <span class='ocrx_word' id='word_1_935' title='bbox 3396 4809 3716 4864; x_wconf 87' lang='lat' dir='ltr'><strong>propensum</strong></span> 
     </span>
    </p>
   </div>
   <div class='ocr_carea' id='block_1_111' title="bbox 2126 4873 3717 4956">
    <p class='ocr_par' dir='ltr' id='par_1_111' title="bbox 2126 4873 3717 4956">
     <span class='ocr_line' id='line_1_111' title="bbox 2126 4873 3717 4956; baseline 0.003 -19"><span class='ocrx_word' id='word_1_936' title='bbox 2126 4899 2362 4939; x_wconf 84' lang='lat' dir='ltr'><strong>antorem</strong></span> <span class='ocrx_word' id='word_1_937' title='bbox 2394 4885 2445 4939; x_wconf 87' lang='lat' dir='ltr'><strong>itt</strong></span> <span class='ocrx_word' id='word_1_938' title='bbox 2486 4885 2585 4939; x_wconf 91' lang='lat' dir='ltr'><strong>Lot</strong></span> <span class='ocrx_word' id='word_1_939' title='bbox 2619 4904 2630 4938; x_wconf 95' lang='lat'>:</span> <span class='ocrx_word' id='word_1_940' title='bbox 2662 4873 2998 4954; x_wconf 76' lang='lat' dir='ltr'><strong>det-laratque</strong></span> <span class='ocrx_word' id='word_1_941' title='bbox 3037 4902 3157 4940; x_wconf 91' lang='lat' dir='ltr'><strong>eum</strong></span> <span class='ocrx_word' id='word_1_942' title='bbox 3195 4899 3291 4956; x_wconf 82' lang='lat' dir='ltr'><strong>pro</strong></span> <span class='ocrx_word' id='word_1_943' title='bbox 3333 4886 3562 4941; x_wconf 82' lang='lat' dir='ltr'><strong>inimicis</strong></span> <span class='ocrx_word' id='word_1_944' title='bbox 3591 4889 3717 4941; x_wconf 85' lang='lat' dir='ltr'><strong>istos</strong></span> 
     </span>
    </p>
   </div>
   <div class='ocr_carea' id='block_1_112' title="bbox 2126 4975 3716 5047">
    <p class='ocr_par' dir='ltr' id='par_1_112' title="bbox 2126 4975 3716 5047">
     <span class='ocr_line' id='line_1_112' title="bbox 2126 4975 3716 5047; baseline 0.002 -18"><span class='ocrx_word' id='word_1_945' title='bbox 2126 4975 2374 5032; x_wconf 85' lang='lat' dir='ltr'><strong>habuisse</strong></span> <span class='ocrx_word' id='word_1_946' title='bbox 2400 5018 2414 5042; x_wconf 89' lang='lat'><strong>,</strong></span> <span class='ocrx_word' id='word_1_947' title='bbox 2456 4986 2674 5047; x_wconf 91' lang='lat' dir='ltr'><strong>propter</strong></span> <span class='ocrx_word' id='word_1_948' title='bbox 2713 4992 2772 5031; x_wconf 85' lang='lat' dir='ltr'><strong>ea</strong></span> <span class='ocrx_word' id='word_1_949' title='bbox 2811 4993 2927 5046; x_wconf 74' lang='lat' dir='ltr'><strong>qure</strong></span> <span class='ocrx_word' id='word_1_950' title='bbox 2959 4978 3008 5030; x_wconf 92' lang='lat' dir='ltr'><strong>in</strong></span> <span class='ocrx_word' id='word_1_951' title='bbox 3040 4976 3216 5030; x_wconf 85' lang='lat' dir='ltr'><strong>fratris</strong></span> <span class='ocrx_word' id='word_1_952' title='bbox 3243 4977 3406 5030; x_wconf 86' lang='lat' dir='ltr'><strong>filium</strong></span> <span class='ocrx_word' id='word_1_953' title='bbox 3437 4976 3716 5031; x_wconf 79' lang='lat' dir='ltr'><strong>fecerant?</strong></span> 
     </span>
    </p>
   </div>
   <div class='ocr_carea' id='block_1_113' title="bbox 2127 5071 3715 5143">
    <p class='ocr_par' dir='ltr' id='par_1_113' title="bbox 2127 5071 3715 5143">
     <span class='ocr_line' id='line_1_113' title="bbox 2127 5071 3715 5143; baseline -0.001 -17"><span class='ocrx_word' id='word_1_954' title='bbox 2127 5073 2192 5126; x_wconf 83' lang='lat' dir='ltr'><strong>Et</strong></span> <span class='ocrx_word' id='word_1_955' title='bbox 2219 5075 2354 5127; x_wconf 83' lang='lat' dir='ltr'><strong>dedit</strong></span> <span class='ocrx_word' id='word_1_956' title='bbox 2377 5075 2443 5138; x_wconf 86' lang='lat' dir='ltr'><strong>ei,</strong></span> <span class='ocrx_word' id='word_1_957' title='bbox 2475 5073 2661 5143; x_wconf 91' lang='lat' dir='ltr'><strong>inquit,</strong></span> <span class='ocrx_word' id='word_1_958' title='bbox 2692 5073 2910 5126; x_wconf 88' lang='lat' dir='ltr'><strong>decimas</strong></span> <span class='ocrx_word' id='word_1_959' title='bbox 2936 5073 2999 5126; x_wconf 92' lang='lat' dir='ltr'><strong>de</strong></span> <span class='ocrx_word' id='word_1_960' title='bbox 3023 5073 3272 5124; x_wconf 86' lang='lat' dir='ltr'><strong>omnibus.</strong></span> <span class='ocrx_word' id='word_1_961' title='bbox 3302 5071 3410 5126; x_wconf 81' lang='lat' dir='ltr'><strong>[loc</strong></span> <span class='ocrx_word' id='word_1_962' title='bbox 3438 5081 3492 5126; x_wconf 87' lang='lat' dir='ltr'><strong>et</strong></span> <span class='ocrx_word' id='word_1_963' title='bbox 3521 5072 3715 5125; x_wconf 76' lang='lat' dir='ltr'><strong>Paulus</strong></span> 
     </span>
    </p>
   </div>
   <div class='ocr_carea' id='block_1_114' title="bbox 2125 5162 3715 5232">
    <p class='ocr_par' dir='ltr' id='par_1_114' title="bbox 2125 5162 3715 5232">
     <span class='ocr_line' id='line_1_114' title="bbox 2125 5162 3715 5232; baseline -0.002 -14"><span class='ocrx_word' id='word_1_964' title='bbox 2125 5164 2252 5218; x_wconf 87' lang='lat' dir='ltr'><strong>dicit</strong></span> <span class='ocrx_word' id='word_1_965' title='bbox 2273 5183 2286 5220; x_wconf 87' lang='lat'><strong>:</strong></span> <span class='ocrx_word' id='word_1_966' title='bbox 2306 5163 2632 5218; x_wconf 87' lang='lat' dir='ltr'><strong>Considerate</strong></span> <span class='ocrx_word' id='word_1_967' title='bbox 2652 5175 2816 5216; x_wconf 68' lang='lat' dir='ltr'><strong>autem</strong></span> <span class='ocrx_word' id='word_1_968' title='bbox 2833 5174 3046 5232; x_wconf 83' lang='lat' dir='ltr'><strong>quantus</strong></span> <span class='ocrx_word' id='word_1_969' title='bbox 3065 5162 3172 5228; x_wconf 77' lang='lat' dir='ltr'><strong>ille,</strong></span> <span class='ocrx_word' id='word_1_970' title='bbox 3191 5164 3269 5215; x_wconf 88' lang='lat' dir='ltr'><strong>cui</strong></span> <span class='ocrx_word' id='word_1_971' title='bbox 3291 5163 3508 5216; x_wconf 85' lang='lat' dir='ltr'><strong>decimas</strong></span> <span class='ocrx_word' id='word_1_972' title='bbox 3530 5164 3715 5215; x_wconf 80' lang='lat' dir='ltr'><strong>Abram</strong></span> 
     </span>
    </p>
   </div>
   <div class='ocr_carea' id='block_1_115' title="bbox 2127 5253 3714 5328">
    <p class='ocr_par' dir='ltr' id='par_1_115' title="bbox 2127 5253 3714 5328">
     <span class='ocr_line' id='line_1_115' title="bbox 2127 5253 3714 5328; baseline -0.001 -18"><span class='ocrx_word' id='word_1_973' title='bbox 2127 5256 2413 5328; x_wconf 55' lang='lat' dir='ltr'><strong>patriarcha</strong></span> <span class='ocrx_word' id='word_1_974' title='bbox 2438 5257 2572 5309; x_wconf 86' lang='lat' dir='ltr'><strong>dedit</strong></span> <span class='ocrx_word' id='word_1_975' title='bbox 2599 5255 2659 5309; x_wconf 88' lang='lat' dir='ltr'><strong>de</strong></span> <span class='ocrx_word' id='word_1_976' title='bbox 2687 5257 2919 5324; x_wconf 85' lang='lat' dir='ltr'><strong>primitiis</strong></span> <span class='ocrx_word' id='word_1_977' title='bbox 2947 5255 2963 5324; x_wconf 88' lang='lat'>(</span> <span class='ocrx_word' id='word_1_978' title='bbox 2985 5253 3138 5308; x_wconf 80' lang='lat' dir='ltr'><strong>Hrbr.</strong></span> <span class='ocrx_word' id='word_1_979' title='bbox 3169 5256 3219 5307; x_wconf 89' lang='lat'><strong>7.</strong></span> <span class='ocrx_word' id='word_1_980' title='bbox 3250 5255 3282 5307; x_wconf 81' lang='grc'><strong>4</strong></span> <span class='ocrx_word' id='word_1_981' title='bbox 3302 5255 3349 5321; x_wconf 88' lang='grc'><strong>);</strong></span> <span class='ocrx_word' id='word_1_982' title='bbox 3379 5255 3624 5308; x_wconf 64' lang='lat' dir='ltr'><strong>videlicet</strong></span> <span class='ocrx_word' id='word_1_983' title='bbox 3651 5272 3714 5309; x_wconf 85' lang='lat' dir='ltr'><strong>cx</strong></span> 
     </span>
    </p>
   </div>
   <div class='ocr_carea' id='block_1_116' title="bbox 2125 5345 3714 5419">
    <p class='ocr_par' dir='ltr' id='par_1_116' title="bbox 2125 5345 3714 5419">
     <span class='ocr_line' id='line_1_116' title="bbox 2125 5345 3714 5419; baseline -0.004 -16"><span class='ocrx_word' id='word_1_984' title='bbox 2125 5349 2308 5419; x_wconf 77' lang='lat' dir='ltr'><strong>Spoliis</strong></span> <span class='ocrx_word' id='word_1_985' title='bbox 2336 5364 2453 5418; x_wconf 88' lang='lat' dir='ltr'><strong>quae</strong></span> <span class='ocrx_word' id='word_1_986' title='bbox 2481 5347 2696 5401; x_wconf 86' lang='lat' dir='ltr'><strong>adduxit</strong></span> <span class='ocrx_word' id='word_1_987' title='bbox 2735 5356 3105 5401; x_wconf 89' lang='lat' dir='ltr'><strong>remuneratus</strong></span> <span class='ocrx_word' id='word_1_988' title='bbox 3134 5357 3217 5400; x_wconf 91' lang='lat' dir='ltr'><strong>est</strong></span> <span class='ocrx_word' id='word_1_989' title='bbox 3245 5345 3679 5399; x_wconf 81' lang='lat' dir='ltr'><strong>Melchisedoeetu</strong></span> <span class='ocrx_word' id='word_1_990' title='bbox 3701 5390 3714 5410; x_wconf 82' lang='lat'><strong>,</strong></span> 
     </span>
    </p>
   </div>
   <div class='ocr_carea' id='block_1_117' title="bbox 2125 5437 3717 5508">
    <p class='ocr_par' dir='ltr' id='par_1_117' title="bbox 2125 5437 3717 5508">
     <span class='ocr_line' id='line_1_117' title="bbox 2125 5437 3717 5508; baseline -0.005 -11"><span class='ocrx_word' id='word_1_991' title='bbox 2125 5455 2178 5498; x_wconf 92' lang='lat' dir='ltr'><strong>et</strong></span> <span class='ocrx_word' id='word_1_992' title='bbox 2203 5442 2437 5496; x_wconf 89' lang='lat' dir='ltr'><strong>decimas</strong></span> <span class='ocrx_word' id='word_1_993' title='bbox 2463 5441 2510 5494; x_wconf 90' lang='lat' dir='ltr'><strong>ei</strong></span> <span class='ocrx_word' id='word_1_994' title='bbox 2541 5441 2834 5508; x_wconf 80' lang='lat' dir='ltr'><strong>segregavit</strong></span> <span class='ocrx_word' id='word_1_995' title='bbox 2865 5439 2930 5492; x_wconf 92' lang='lat' dir='ltr'><strong>de</strong></span> <span class='ocrx_word' id='word_1_996' title='bbox 2956 5439 3205 5492; x_wconf 90' lang='lat' dir='ltr'><strong>omnibus</strong></span> <span class='ocrx_word' id='word_1_997' title='bbox 3234 5452 3350 5506; x_wconf 71' lang='lat' dir='ltr'><strong>qum</strong></span> <span class='ocrx_word' id='word_1_998' title='bbox 3375 5437 3544 5491; x_wconf 88' lang='lat' dir='ltr'><strong>attulit</strong></span> <span class='ocrx_word' id='word_1_999' title='bbox 3579 5455 3590 5488; x_wconf 91' lang='lat'>:</span> <span class='ocrx_word' id='word_1_1000' title='bbox 3621 5453 3717 5506; x_wconf 90' lang='lat' dir='ltr'><strong>per</strong></span> 
     </span>
    </p>
   </div>
   <div class='ocr_carea' id='block_1_118' title="bbox 2125 5529 3713 5598">
    <p class='ocr_par' dir='ltr' id='par_1_118' title="bbox 2125 5529 3713 5598">
     <span class='ocr_line' id='line_1_118' title="bbox 2125 5529 3713 5598; baseline -0.004 -11"><span class='ocrx_word' id='word_1_1001' title='bbox 2125 5534 2225 5588; x_wconf 90' lang='lat' dir='ltr'><strong>hoc</strong></span> <span class='ocrx_word' id='word_1_1002' title='bbox 2268 5534 2454 5587; x_wconf 87' lang='lat' dir='ltr'><strong>doctor</strong></span> <span class='ocrx_word' id='word_1_1003' title='bbox 2499 5533 2664 5584; x_wconf 90' lang='lat' dir='ltr'><strong>factus</strong></span> <span class='ocrx_word' id='word_1_1004' title='bbox 2712 5530 2994 5592; x_wconf 89' lang='lat' dir='ltr'><strong>omnibus,</strong></span> <span class='ocrx_word' id='word_1_1005' title='bbox 3039 5541 3095 5582; x_wconf 88' lang='lat' dir='ltr'><strong>ut</strong></span> <span class='ocrx_word' id='word_1_1006' title='bbox 3136 5541 3340 5598; x_wconf 83' lang='lat' dir='ltr'><strong>gratum</strong></span> <span class='ocrx_word' id='word_1_1007' title='bbox 3380 5529 3713 5583; x_wconf 72' lang='lat' dir='ltr'><strong>declaramus</strong></span> 
     </span>
    </p>
   </div>
   <div class='ocr_carea' id='block_1_119' title="bbox 2123 5620 3713 5690">
    <p class='ocr_par' dir='ltr' id='par_1_119' title="bbox 2123 5620 3713 5690">
     <span class='ocr_line' id='line_1_119' title="bbox 2123 5620 3713 5690; baseline -0.004 -12"><span class='ocrx_word' id='word_1_1008' title='bbox 2123 5625 2356 5678; x_wconf 90' lang='lat' dir='ltr'><strong>animum</strong></span> <span class='ocrx_word' id='word_1_1009' title='bbox 2382 5664 2395 5684; x_wconf 89' lang='lat'><strong>,</strong></span> <span class='ocrx_word' id='word_1_1010' title='bbox 2427 5621 2685 5690; x_wconf 86' lang='lat' dir='ltr'><strong>primitias</strong></span> <span class='ocrx_word' id='word_1_1011' title='bbox 2726 5637 2908 5673; x_wconf 79' lang='lat' dir='ltr'><strong>eorum</strong></span> <span class='ocrx_word' id='word_1_1012' title='bbox 2938 5638 3055 5690; x_wconf 75' lang='lat' dir='ltr'><strong>qum</strong></span> <span class='ocrx_word' id='word_1_1013' title='bbox 3082 5623 3179 5675; x_wconf 89' lang='lat' dir='ltr'><strong>sibi</strong></span> <span class='ocrx_word' id='word_1_1014' title='bbox 3212 5637 3239 5673; x_wconf 91' lang='lat' dir='ltr'><strong>a</strong></span> <span class='ocrx_word' id='word_1_1015' title='bbox 3274 5622 3383 5676; x_wconf 83' lang='lat' dir='ltr'><strong>Deo</strong></span> <span class='ocrx_word' id='word_1_1016' title='bbox 3411 5620 3713 5674; x_wconf 86' lang='lat' dir='ltr'><strong>concedun-</strong></span> 
     </span>
    </p>
   </div>
   <div class='ocr_carea' id='block_1_120' title="bbox 2125 5711 3710 5782">
    <p class='ocr_par' dir='ltr' id='par_1_120' title="bbox 2125 5711 3710 5782">
     <span class='ocr_line' id='line_1_120' title="bbox 2125 5711 3710 5782; baseline -0.004 -12"><span class='ocrx_word' id='word_1_1017' title='bbox 2125 5727 2230 5780; x_wconf 88' lang='lat' dir='ltr'><strong>tur,</strong></span> <span class='ocrx_word' id='word_1_1018' title='bbox 2260 5714 2504 5768; x_wconf 79' lang='lat' dir='ltr'><strong>olTeraut.</strong></span> <span class='ocrx_word' id='word_1_1019' title='bbox 2538 5714 2664 5766; x_wconf 78' lang='lat' dir='ltr'><strong>Post</strong></span> <span class='ocrx_word' id='word_1_1020' title='bbox 2711 5711 2823 5766; x_wconf 73' lang='lat' dir='ltr'><strong>haec</strong></span> <span class='ocrx_word' id='word_1_1021' title='bbox 2868 5713 3218 5767; x_wconf 80' lang='lat' dir='ltr'><strong>Sodomorum</strong></span> <span class='ocrx_word' id='word_1_1022' title='bbox 3263 5730 3354 5768; x_wconf 79' lang='lat' dir='ltr'><strong>rex</strong></span> <span class='ocrx_word' id='word_1_1023' title='bbox 3396 5711 3710 5782; x_wconf 80' lang='lat' dir='ltr'><strong>patriarcha:</strong></span> 
     </span>
    </p>
   </div>
   <div class='ocr_carea' id='block_1_121' title="bbox 2123 5801 3709 5873">
    <p class='ocr_par' dir='ltr' id='par_1_121' title="bbox 2123 5801 3709 5873">
     <span class='ocr_line' id='line_1_121' title="bbox 2123 5801 3709 5873; baseline -0.004 -14"><span class='ocrx_word' id='word_1_1024' title='bbox 2123 5802 2612 5873; x_wconf 77' lang='lat' dir='ltr'><strong>magnanimitatem</strong></span> <span class='ocrx_word' id='word_1_1025' title='bbox 2644 5803 3024 5873; x_wconf 81' lang='lat' dir='ltr'><strong>oltstnpescens</strong></span> <span class='ocrx_word' id='word_1_1026' title='bbox 3051 5804 3178 5858; x_wconf 83' lang='lat' dir='ltr'><strong>dicit</strong></span> <span class='ocrx_word' id='word_1_1027' title='bbox 3219 5806 3264 5858; x_wconf 87' lang='lat' dir='ltr'><strong>ei</strong></span> <span class='ocrx_word' id='word_1_1028' title='bbox 3298 5823 3308 5856; x_wconf 89' lang='lat'><strong><em>:</em></strong></span> <span class='ocrx_word' id='word_1_1029' title='bbox 3341 5803 3428 5857; x_wconf 76' lang='lat' dir='ltr'><strong>2i.</strong></span> <span class='ocrx_word' id='word_1_1030' title='bbox 3475 5801 3554 5857; x_wconf 81' lang='lat' dir='ltr'><strong>ha</strong></span> <span class='ocrx_word' id='word_1_1031' title='bbox 3591 5802 3709 5854; x_wconf 78' lang='lat' dir='ltr'><strong>mihi</strong></span> 
     </span>
    </p>
   </div>
  </div>
