  <div class='ocr_page' id='page_1' title='image "/cluster/home/n/w/nwhite01/storage/ocr_20150623/53/ien.35556001660802/330.png"; bbox 0 0 4058 6382; ppageno 0'>
   <div class='ocr_carea' id='block_1_1' title="bbox 320 349 421 405">
    <p class='ocr_par' dir='ltr' id='par_1_1' title="bbox 320 349 421 405">
     <span class='ocr_line' id='line_1_1' title="bbox 320 349 421 405; baseline -0.03 0"><span class='ocrx_word' id='word_1_1' title='bbox 320 349 421 405; x_wconf 70' lang='lat'>327</span> 
     </span>
    </p>
   </div>
   <div class='ocr_carea' id='block_1_2' title="bbox 316 450 1915 534">
    <p class='ocr_par' dir='ltr' id='par_1_2' title="bbox 316 450 1915 534">
     <span class='ocr_line' id='line_1_2' title="bbox 316 450 1915 534; baseline -0.001 -16"><span class='ocrx_word' id='word_1_2' title='bbox 316 466 416 534; x_wconf 80' lang='grc' dir='ltr'>τῆς</span> <span class='ocrx_word' id='word_1_3' title='bbox 452 462 549 518; x_wconf 89' lang='grc' dir='ltr'>τοῦ</span> <span class='ocrx_word' id='word_1_4' title='bbox 601 461 812 517; x_wconf 77' lang='grc' dir='ltr'>δικαίου</span> <span class='ocrx_word' id='word_1_5' title='bbox 861 459 1114 527; x_wconf 81' lang='grc' dir='ltr'>ἀνδρείας</span> <span class='ocrx_word' id='word_1_6' title='bbox 1152 458 1250 528; x_wconf 75' lang='grc' dir='ltr'>τὴν</span> <span class='ocrx_word' id='word_1_7' title='bbox 1295 450 1915 534; x_wconf 28' lang='grc' dir='ltr'>μεγαλοψυχίανιηδτῖως</span> 
     </span>
    </p>
   </div>
   <div class='ocr_carea' id='block_1_3' title="bbox 317 531 1916 619">
    <p class='ocr_par' dir='ltr' id='par_1_3' title="bbox 317 531 1916 619">
     <span class='ocr_line' id='line_1_3' title="bbox 317 531 1916 619; baseline -0.011 -19"><span class='ocrx_word' id='word_1_8' title='bbox 317 531 603 619; x_wconf 65' lang='grc' dir='ltr'>(θαρρήσας</span> <span class='ocrx_word' id='word_1_9' title='bbox 631 549 696 617; x_wconf 71' lang='grc' dir='ltr'>τῇ</span> <span class='ocrx_word' id='word_1_10' title='bbox 725 544 819 598; x_wconf 92' lang='grc' dir='ltr'>τοῦ</span> <span class='ocrx_word' id='word_1_11' title='bbox 846 543 982 596; x_wconf 82' lang='grc' dir='ltr'>Θεοῦ</span> <span class='ocrx_word' id='word_1_12' title='bbox 1014 541 1242 612; x_wconf 82' lang='grc' dir='ltr'>δυνάμει</span> <span class='ocrx_word' id='word_1_13' title='bbox 1267 540 1327 592; x_wconf 86' lang='grc' dir='ltr'>ού</span> <span class='ocrx_word' id='word_1_14' title='bbox 1353 537 1674 604; x_wconf 83' lang='grc' dir='ltr'>κατεπλάγη</span> <span class='ocrx_word' id='word_1_15' title='bbox 1696 533 1804 587; x_wconf 84' lang='grc' dir='ltr'>τῶν</span> <span class='ocrx_word' id='word_1_16' title='bbox 1821 531 1916 583; x_wconf 85' lang='grc' dir='ltr'>ἀν-</span> 
     </span>
    </p>
   </div>
   <div class='ocr_carea' id='block_1_4' title="bbox 318 619 1924 702">
    <p class='ocr_par' dir='ltr' id='par_1_4' title="bbox 318 619 1924 702">
     <span class='ocr_line' id='line_1_4' title="bbox 318 619 1924 702; baseline -0.011 -18"><span class='ocrx_word' id='word_1_17' title='bbox 318 631 462 698; x_wconf 86' lang='grc' dir='ltr'>δρῶν</span> <span class='ocrx_word' id='word_1_18' title='bbox 505 633 607 702; x_wconf 80' lang='grc' dir='ltr'>τὴν</span> <span class='ocrx_word' id='word_1_19' title='bbox 649 630 826 699; x_wconf 84' lang='grc' dir='ltr'>ἰσχὺν,</span> <span class='ocrx_word' id='word_1_20' title='bbox 863 624 1052 697; x_wconf 84' lang='grc' dir='ltr'>μαθὼν</span> <span class='ocrx_word' id='word_1_21' title='bbox 1084 624 1185 696; x_wconf 82' lang='grc' dir='ltr'>τὴν</span> <span class='ocrx_word' id='word_1_22' title='bbox 1221 621 1430 693; x_wconf 81' lang='grc' dir='ltr'>τροπὴν</span> <span class='ocrx_word' id='word_1_23' title='bbox 1465 622 1530 691; x_wconf 82' lang='grc' dir='ltr'>ἣν</span> <span class='ocrx_word' id='word_1_24' title='bbox 1564 619 1924 702; x_wconf 70' lang='grc' dir='ltr'>ἐποιήσαντο,</span> 
     </span>
    </p>
   </div>
   <div class='ocr_carea' id='block_1_5' title="bbox 323 701 1914 785">
    <p class='ocr_par' dir='ltr' id='par_1_5' title="bbox 323 701 1914 785">
     <span class='ocr_line' id='line_1_5' title="bbox 323 701 1914 785; baseline -0.01 -21"><span class='ocrx_word' id='word_1_25' title='bbox 323 701 590 785; x_wconf 87' lang='grc' dir='ltr'>πρότερον</span> <span class='ocrx_word' id='word_1_26' title='bbox 623 712 722 780; x_wconf 75' lang='grc' dir='ltr'>μὲν</span> <span class='ocrx_word' id='word_1_27' title='bbox 749 709 892 763; x_wconf 85' lang='grc' dir='ltr'>κατά</span> <span class='ocrx_word' id='word_1_28' title='bbox 919 707 1030 762; x_wconf 80' lang='grc' dir='ltr'>τῶν</span> <span class='ocrx_word' id='word_1_29' title='bbox 1056 707 1225 761; x_wconf 83' lang='grc' dir='ltr'>ἐθνῶν</span> <span class='ocrx_word' id='word_1_30' title='bbox 1253 706 1510 759; x_wconf 87' lang='grc' dir='ltr'>ἀπάντων</span> <span class='ocrx_word' id='word_1_31' title='bbox 1547 701 1914 772; x_wconf 83' lang='grc' dir='ltr'>ὁρμήσαντες,</span> 
     </span>
    </p>
   </div>
   <div class='ocr_carea' id='block_1_6' title="bbox 323 785 1918 865">
    <p class='ocr_par' dir='ltr' id='par_1_6' title="bbox 323 785 1918 865">
     <span class='ocr_line' id='line_1_6' title="bbox 323 785 1918 865; baseline -0.011 -15"><span class='ocrx_word' id='word_1_32' title='bbox 323 797 418 852; x_wconf 75' lang='grc' dir='ltr'>καὶ</span> <span class='ocrx_word' id='word_1_33' title='bbox 449 797 577 860; x_wconf 81' lang='grc' dir='ltr'>τοὺς</span> <span class='ocrx_word' id='word_1_34' title='bbox 599 793 972 865; x_wconf 78' lang='grc' dir='ltr'>Ἀμαληκίτας</span> <span class='ocrx_word' id='word_1_35' title='bbox 1001 793 1095 847; x_wconf 74' lang='grc' dir='ltr'>καὶ</span> <span class='ocrx_word' id='word_1_36' title='bbox 1117 793 1245 854; x_wconf 82' lang='grc' dir='ltr'>τοὺς</span> <span class='ocrx_word' id='word_1_37' title='bbox 1269 788 1492 850; x_wconf 82' lang='grc' dir='ltr'>λοιποὺς</span> <span class='ocrx_word' id='word_1_38' title='bbox 1515 785 1762 845; x_wconf 74' lang='grc' dir='ltr'>ἅπαντας</span> <span class='ocrx_word' id='word_1_39' title='bbox 1787 797 1918 835; x_wconf 89' lang='grc' dir='ltr'>κατ-</span> 
     </span>
    </p>
   </div>
   <div class='ocr_carea' id='block_1_7' title="bbox 322 867 1916 948">
    <p class='ocr_par' dir='ltr' id='par_1_7' title="bbox 322 867 1916 948">
     <span class='ocr_line' id='line_1_7' title="bbox 322 867 1916 948; baseline -0.011 -16"><span class='ocrx_word' id='word_1_40' title='bbox 322 877 748 948; x_wconf 82' lang='grc' dir='ltr'>αγωνισάμενοι,</span> <span class='ocrx_word' id='word_1_41' title='bbox 779 877 970 930; x_wconf 68' lang='grc' dir='ltr'>ἔπειτα</span> <span class='ocrx_word' id='word_1_42' title='bbox 1007 875 1063 928; x_wconf 82' lang='grc' dir='ltr'>δέ</span> <span class='ocrx_word' id='word_1_43' title='bbox 1091 873 1228 945; x_wconf 78' lang='grc' dir='ltr'>πρὸς</span> <span class='ocrx_word' id='word_1_44' title='bbox 1255 873 1382 934; x_wconf 85' lang='grc' dir='ltr'>τοὺς</span> <span class='ocrx_word' id='word_1_45' title='bbox 1408 871 1468 923; x_wconf 87' lang='grc' dir='ltr'>ἐν</span> <span class='ocrx_word' id='word_1_46' title='bbox 1500 867 1757 937; x_wconf 84' lang='grc' dir='ltr'>Σοδόμοις</span> <span class='ocrx_word' id='word_1_47' title='bbox 1778 880 1916 933; x_wconf 91' lang='grc' dir='ltr'>συμ-</span> 
     </span>
    </p>
   </div>
   <div class='ocr_carea' id='block_1_8' title="bbox 324 949 1917 1029">
    <p class='ocr_par' dir='ltr' id='par_1_8' title="bbox 324 949 1917 1029">
     <span class='ocr_line' id='line_1_8' title="bbox 324 949 1917 1029; baseline -0.009 -16"><span class='ocrx_word' id='word_1_48' title='bbox 324 960 600 1022; x_wconf 83' lang='grc' dir='ltr'>ϐαλόντες.</span> <span class='ocrx_word' id='word_1_49' title='bbox 627 960 724 1014; x_wconf 79' lang='grc' dir='ltr'>καὶ</span> <span class='ocrx_word' id='word_1_50' title='bbox 750 961 830 1023; x_wconf 89' lang='grc' dir='ltr'>εἰς</span> <span class='ocrx_word' id='word_1_51' title='bbox 855 958 1033 1029; x_wconf 80' lang='grc' dir='ltr'>φυγὴν</span> <span class='ocrx_word' id='word_1_52' title='bbox 1055 956 1254 1017; x_wconf 81' lang='grc' dir='ltr'>αὐτοὺς</span> <span class='ocrx_word' id='word_1_53' title='bbox 1272 951 1596 1024; x_wconf 77' lang='grc' dir='ltr'>τρέψαντες,</span> <span class='ocrx_word' id='word_1_54' title='bbox 1625 951 1718 1004; x_wconf 67' lang='grc' dir='ltr'>καὶ</span> <span class='ocrx_word' id='word_1_55' title='bbox 1737 949 1917 1001; x_wconf 74' lang='grc' dir='ltr'>πᾶσαν</span> 
     </span>
    </p>
   </div>
   <div class='ocr_carea' id='block_1_9' title="bbox 322 1031 1918 1112">
    <p class='ocr_par' dir='ltr' id='par_1_9' title="bbox 322 1031 1918 1112">
     <span class='ocr_line' id='line_1_9' title="bbox 322 1031 1918 1112; baseline -0.01 -15"><span class='ocrx_word' id='word_1_56' title='bbox 322 1043 502 1097; x_wconf 81' lang='grc' dir='ltr'>αὐτῶν</span> <span class='ocrx_word' id='word_1_57' title='bbox 529 1041 852 1112; x_wconf 87' lang='grc' dir='ltr'>ἀφελόμενοι</span> <span class='ocrx_word' id='word_1_58' title='bbox 890 1039 989 1111; x_wconf 80' lang='grc' dir='ltr'>τὴν</span> <span class='ocrx_word' id='word_1_59' title='bbox 1017 1035 1274 1109; x_wconf 81' lang='grc' dir='ltr'>ὓπαρξιν.</span> <span class='ocrx_word' id='word_1_60' title='bbox 1307 1034 1408 1088; x_wconf 87' lang='grc' dir='ltr'>Διά</span> <span class='ocrx_word' id='word_1_61' title='bbox 1441 1033 1551 1105; x_wconf 76' lang='grc' dir='ltr'>γὰρ</span> <span class='ocrx_word' id='word_1_62' title='bbox 1585 1031 1742 1086; x_wconf 85' lang='grc' dir='ltr'>τοῦτο</span> <span class='ocrx_word' id='word_1_63' title='bbox 1785 1045 1918 1098; x_wconf 84' lang='grc' dir='ltr'>προ-</span> 
     </span>
    </p>
   </div>
   <div class='ocr_carea' id='block_1_10' title="bbox 321 1115 1914 1196">
    <p class='ocr_par' dir='ltr' id='par_1_10' title="bbox 321 1115 1914 1196">
     <span class='ocr_line' id='line_1_10' title="bbox 321 1115 1914 1196; baseline -0.009 -17"><span class='ocrx_word' id='word_1_64' title='bbox 321 1123 564 1179; x_wconf 84' lang='grc' dir='ltr'>λαϐοῦσα</span> <span class='ocrx_word' id='word_1_65' title='bbox 589 1126 622 1196; x_wconf 90' lang='grc' dir='ltr'>ή</span> <span class='ocrx_word' id='word_1_66' title='bbox 653 1123 774 1178; x_wconf 87' lang='grc' dir='ltr'>θεία</span> <span class='ocrx_word' id='word_1_67' title='bbox 800 1122 992 1196; x_wconf 83' lang='grc' dir='ltr'>Γραφὴ</span> <span class='ocrx_word' id='word_1_68' title='bbox 1017 1121 1194 1174; x_wconf 89' lang='grc' dir='ltr'>πάντα</span> <span class='ocrx_word' id='word_1_69' title='bbox 1227 1117 1401 1172; x_wconf 90' lang='grc' dir='ltr'>ταῦτα</span> <span class='ocrx_word' id='word_1_70' title='bbox 1436 1118 1568 1187; x_wconf 78' lang='grc' dir='ltr'>ἡμῖν</span> <span class='ocrx_word' id='word_1_71' title='bbox 1596 1115 1914 1185; x_wconf 84' lang='grc' dir='ltr'>διηγήσατο,</span> 
     </span>
    </p>
   </div>
   <div class='ocr_carea' id='block_1_11' title="bbox 323 1196 1919 1278">
    <p class='ocr_par' dir='ltr' id='par_1_11' title="bbox 323 1196 1919 1278">
     <span class='ocr_line' id='line_1_11' title="bbox 323 1196 1919 1278; baseline -0.008 -16"><span class='ocrx_word' id='word_1_72' title='bbox 323 1209 418 1262; x_wconf 79' lang='grc' dir='ltr'>καὶ</span> <span class='ocrx_word' id='word_1_73' title='bbox 435 1209 536 1262; x_wconf 80' lang='grc' dir='ltr'>ὅσα</span> <span class='ocrx_word' id='word_1_74' title='bbox 553 1208 642 1262; x_wconf 85' lang='grc' dir='ltr'>διά</span> <span class='ocrx_word' id='word_1_75' title='bbox 666 1207 767 1278; x_wconf 81' lang='grc' dir='ltr'>τῆς</span> <span class='ocrx_word' id='word_1_76' title='bbox 789 1207 968 1260; x_wconf 85' lang='grc' dir='ltr'>αὐτῶν</span> <span class='ocrx_word' id='word_1_77' title='bbox 998 1203 1251 1276; x_wconf 78' lang='grc' dir='ltr'>ἀνδρείας</span> <span class='ocrx_word' id='word_1_78' title='bbox 1283 1199 1672 1273; x_wconf 85' lang='grc' dir='ltr'>κατώρθωσαν,</span> <span class='ocrx_word' id='word_1_79' title='bbox 1698 1197 1785 1250; x_wconf 79' lang='grc' dir='ltr'>ἵνα</span> <span class='ocrx_word' id='word_1_80' title='bbox 1816 1196 1919 1266; x_wconf 83' lang='grc' dir='ltr'>μά-</span> 
     </span>
    </p>
   </div>
   <div class='ocr_carea' id='block_1_12' title="bbox 324 1279 1918 1364">
    <p class='ocr_par' dir='ltr' id='par_1_12' title="bbox 324 1279 1918 1364">
     <span class='ocr_line' id='line_1_12' title="bbox 324 1279 1918 1364; baseline -0.011 -18"><span class='ocrx_word' id='word_1_81' title='bbox 324 1291 423 1364; x_wconf 74' lang='grc' dir='ltr'>θῃς</span> <span class='ocrx_word' id='word_1_82' title='bbox 441 1291 518 1355; x_wconf 83' lang='grc' dir='ltr'>ὡς</span> <span class='ocrx_word' id='word_1_83' title='bbox 536 1291 598 1344; x_wconf 84' lang='grc' dir='ltr'>οὐ</span> <span class='ocrx_word' id='word_1_84' title='bbox 636 1291 922 1361; x_wconf 81' lang='grc' dir='ltr'>σωματικῇ</span> <span class='ocrx_word' id='word_1_85' title='bbox 955 1287 1101 1359; x_wconf 86' lang='grc' dir='ltr'>ίσχύῖ</span> <span class='ocrx_word' id='word_1_86' title='bbox 1118 1289 1146 1341; x_wconf 98' lang='lat'>6</span> <span class='ocrx_word' id='word_1_87' title='bbox 1168 1285 1512 1356; x_wconf 82' lang='grc' dir='ltr'>πατριάρχης</span> <span class='ocrx_word' id='word_1_88' title='bbox 1535 1279 1758 1364; x_wconf 83' lang='grc' dir='ltr'>τούτους</span> <span class='ocrx_word' id='word_1_89' title='bbox 1786 1293 1918 1364; x_wconf 48' lang='grc' dir='ltr'>κατέ</span> 
     </span>
    </p>
   </div>
   <div class='ocr_carea' id='block_1_13' title="bbox 322 1362 1915 1443">
    <p class='ocr_par' dir='ltr' id='par_1_13' title="bbox 322 1362 1915 1443">
     <span class='ocr_line' id='line_1_13' title="bbox 322 1362 1915 1443; baseline -0.009 -15"><span class='ocrx_word' id='word_1_90' title='bbox 322 1362 652 1443; x_wconf 77' lang='grc' dir='ltr'>ηγωνίσατο,</span> <span class='ocrx_word' id='word_1_91' title='bbox 681 1372 818 1426; x_wconf 86' lang='grc' dir='ltr'>ἀλλά</span> <span class='ocrx_word' id='word_1_92' title='bbox 844 1374 912 1443; x_wconf 78' lang='grc' dir='ltr'>τῇ</span> <span class='ocrx_word' id='word_1_93' title='bbox 947 1371 1129 1425; x_wconf 78' lang='grc' dir='ltr'>πίστει</span> <span class='ocrx_word' id='word_1_94' title='bbox 1162 1371 1230 1440; x_wconf 76' lang='grc' dir='ltr'>τῇ</span> <span class='ocrx_word' id='word_1_95' title='bbox 1271 1369 1350 1430; x_wconf 84' lang='grc' dir='ltr'>είς</span> <span class='ocrx_word' id='word_1_96' title='bbox 1392 1365 1484 1419; x_wconf 81' lang='grc' dir='ltr'>τὸν</span> <span class='ocrx_word' id='word_1_97' title='bbox 1513 1362 1671 1427; x_wconf 76' lang='grc' dir='ltr'>Θεὸν,</span> <span class='ocrx_word' id='word_1_98' title='bbox 1720 1363 1817 1416; x_wconf 77' lang='grc' dir='ltr'>καὶ</span> <span class='ocrx_word' id='word_1_99' title='bbox 1849 1363 1915 1434; x_wconf 82' lang='grc' dir='ltr'>τῇ</span> 
     </span>
    </p>
   </div>
   <div class='ocr_carea' id='block_1_14' title="bbox 323 1443 1917 1527">
    <p class='ocr_par' dir='ltr' id='par_1_14' title="bbox 323 1443 1917 1527">
     <span class='ocr_line' id='line_1_14' title="bbox 323 1443 1917 1527; baseline -0.009 -18"><span class='ocrx_word' id='word_1_100' title='bbox 323 1455 532 1509; x_wconf 73' lang='grc' dir='ltr'>ἄνωθεν</span> <span class='ocrx_word' id='word_1_101' title='bbox 572 1454 794 1527; x_wconf 76' lang='grc' dir='ltr'>βοηθείᾳ.</span> <span class='ocrx_word' id='word_1_102' title='bbox 817 1453 1187 1524; x_wconf 70' lang='grc' dir='ltr'>τειςειζόμενος</span> <span class='ocrx_word' id='word_1_103' title='bbox 1213 1451 1391 1504; x_wconf 88' lang='grc' dir='ltr'>πάντα</span> <span class='ocrx_word' id='word_1_104' title='bbox 1418 1446 1593 1502; x_wconf 89' lang='grc' dir='ltr'>ταῦτα</span> <span class='ocrx_word' id='word_1_105' title='bbox 1621 1443 1917 1527; x_wconf 83' lang='grc' dir='ltr'>κατώρθω-</span> 
     </span>
    </p>
   </div>
   <div class='ocr_carea' id='block_1_15' title="bbox 325 1525 1918 1608">
    <p class='ocr_par' dir='ltr' id='par_1_15' title="bbox 325 1525 1918 1608">
     <span class='ocr_line' id='line_1_15' title="bbox 325 1525 1918 1608; baseline -0.008 -18"><span class='ocrx_word' id='word_1_106' title='bbox 325 1554 439 1602; x_wconf 84' lang='grc' dir='ltr'>σεν,</span> <span class='ocrx_word' id='word_1_107' title='bbox 463 1538 564 1608; x_wconf 84' lang='grc' dir='ltr'>οὐχ</span> <span class='ocrx_word' id='word_1_108' title='bbox 585 1537 726 1591; x_wconf 80' lang='grc' dir='ltr'>ὅπλα</span> <span class='ocrx_word' id='word_1_109' title='bbox 749 1525 1000 1606; x_wconf 76' lang='grc' dir='ltr'>κινήσας,</span> <span class='ocrx_word' id='word_1_110' title='bbox 1025 1535 1121 1590; x_wconf 81' lang='grc' dir='ltr'>καὶ</span> <span class='ocrx_word' id='word_1_111' title='bbox 1145 1534 1294 1603; x_wconf 88' lang='grc' dir='ltr'>βέλη,</span> <span class='ocrx_word' id='word_1_112' title='bbox 1314 1532 1409 1586; x_wconf 74' lang='grc' dir='ltr'>καὶ</span> <span class='ocrx_word' id='word_1_113' title='bbox 1427 1531 1650 1601; x_wconf 88' lang='grc' dir='ltr'>δόρατα,</span> <span class='ocrx_word' id='word_1_114' title='bbox 1678 1528 1773 1580; x_wconf 77' lang='grc' dir='ltr'>καὶ</span> <span class='ocrx_word' id='word_1_115' title='bbox 1787 1525 1918 1608; x_wconf 70' lang='grc' dir='ltr'>τόξα</span> 
     </span>
    </p>
   </div>
   <div class='ocr_carea' id='block_1_16' title="bbox 322 1607 1918 1689">
    <p class='ocr_par' dir='ltr' id='par_1_16' title="bbox 322 1607 1918 1689">
     <span class='ocr_line' id='line_1_16' title="bbox 322 1607 1918 1689; baseline -0.008 -16"><span class='ocrx_word' id='word_1_116' title='bbox 322 1607 662 1684; x_wconf 37' lang='grc' dir='ltr'>τείναςβκαὶ</span> <span class='ocrx_word' id='word_1_117' title='bbox 703 1619 938 1683; x_wconf 80' lang='grc' dir='ltr'>ἀσπίδας</span> <span class='ocrx_word' id='word_1_118' title='bbox 992 1616 1418 1689; x_wconf 86' lang='grc' dir='ltr'>προϐαλόμενος,</span> <span class='ocrx_word' id='word_1_119' title='bbox 1461 1610 1601 1666; x_wconf 86' lang='grc' dir='ltr'>ἀλλά</span> <span class='ocrx_word' id='word_1_120' title='bbox 1632 1609 1773 1683; x_wconf 90' lang='grc' dir='ltr'>μετά</span> <span class='ocrx_word' id='word_1_121' title='bbox 1809 1607 1918 1661; x_wconf 85' lang='grc' dir='ltr'>τῶν</span> 
     </span>
    </p>
   </div>
   <div class='ocr_carea' id='block_1_17' title="bbox 322 1703 639 1771">
    <p class='ocr_par' dir='ltr' id='par_1_17' title="bbox 322 1703 639 1771">
     <span class='ocr_line' id='line_1_17' title="bbox 322 1703 639 1771; baseline -0.003 -13"><span class='ocrx_word' id='word_1_122' title='bbox 322 1703 639 1771; x_wconf 79' lang='grc' dir='ltr'>οἰκογενῶν.</span> 
     </span>
    </p>
   </div>
   <div class='ocr_carea' id='block_1_18' title="bbox 393 1773 1919 1856">
    <p class='ocr_par' dir='ltr' id='par_1_18' title="bbox 393 1773 1919 1856">
     <span class='ocr_line' id='line_1_18' title="bbox 393 1773 1919 1856; baseline -0.01 -14"><span class='ocrx_word' id='word_1_123' title='bbox 393 1787 506 1842; x_wconf 79' lang='lat' dir='ltr'><strong><em>Kal</em></strong></span> <span class='ocrx_word' id='word_1_124' title='bbox 527 1786 669 1850; x_wconf 90' lang='grc' dir='ltr'>τίνος</span> <span class='ocrx_word' id='word_1_125' title='bbox 689 1785 895 1852; x_wconf 73' lang='grc' dir='ltr'>ἕνεκεν,</span> <span class='ocrx_word' id='word_1_126' title='bbox 921 1785 1105 1856; x_wconf 79' lang='grc' dir='ltr'>φησὶν,</span> <span class='ocrx_word' id='word_1_127' title='bbox 1121 1781 1396 1854; x_wconf 73' lang='grc' dir='ltr'>ἠρίθμησε</span> <span class='ocrx_word' id='word_1_128' title='bbox 1417 1775 1763 1850; x_wconf 83' lang='grc' dir='ltr'>τριακοσίους</span> <span class='ocrx_word' id='word_1_129' title='bbox 1785 1773 1919 1828; x_wconf 67' lang='grc' dir='ltr'>δέκα</span> 
     </span>
    </p>
   </div>
   <div class='ocr_carea' id='block_1_19' title="bbox 326 1855 1920 1938">
    <p class='ocr_par' dir='ltr' id='par_1_19' title="bbox 326 1855 1920 1938">
     <span class='ocr_line' id='line_1_19' title="bbox 326 1855 1920 1938; baseline -0.008 -15"><span class='ocrx_word' id='word_1_130' title='bbox 326 1872 423 1923; x_wconf 70' lang='grc' dir='ltr'>καὶ</span> <span class='ocrx_word' id='word_1_131' title='bbox 464 1867 612 1922; x_wconf 83' lang='grc' dir='ltr'>ὀκτὼ</span> <span class='ocrx_word' id='word_1_132' title='bbox 655 1855 991 1938; x_wconf 19' lang='grc' dir='ltr'>οἰκογενείςςί</span> <span class='ocrx_word' id='word_1_133' title='bbox 1031 1867 1150 1920; x_wconf 82' lang='grc' dir='ltr'>Ἵνα</span> <span class='ocrx_word' id='word_1_134' title='bbox 1190 1863 1390 1936; x_wconf 80' lang='grc' dir='ltr'>μάθῃς,</span> <span class='ocrx_word' id='word_1_135' title='bbox 1446 1863 1529 1914; x_wconf 83' lang='grc' dir='ltr'>δτι</span> <span class='ocrx_word' id='word_1_136' title='bbox 1579 1860 1678 1930; x_wconf 77' lang='grc' dir='ltr'>οὐχ</span> <span class='ocrx_word' id='word_1_137' title='bbox 1732 1855 1920 1920; x_wconf 82' lang='grc' dir='ltr'>ἀπλῶς</span> 
     </span>
    </p>
   </div>
   <div class='ocr_carea' id='block_1_20' title="bbox 327 1942 1920 2015">
    <p class='ocr_par' dir='ltr' id='par_1_20' title="bbox 327 1942 1920 2015">
     <span class='ocr_line' id='line_1_20' title="bbox 327 1942 1920 2015; baseline -0.008 -10"><span class='ocrx_word' id='word_1_138' title='bbox 327 1954 575 2015; x_wconf 72' lang='grc' dir='ltr'>ἅπαντας</span> <span class='ocrx_word' id='word_1_139' title='bbox 603 1949 815 2014; x_wconf 79' lang='grc' dir='ltr'>ἐλαϐεν,</span> <span class='ocrx_word' id='word_1_140' title='bbox 846 1949 984 2004; x_wconf 88' lang='grc' dir='ltr'>ἀλλά</span> <span class='ocrx_word' id='word_1_141' title='bbox 1016 1950 1142 2012; x_wconf 70' lang='grc' dir='ltr'>τοὺς</span> <span class='ocrx_word' id='word_1_142' title='bbox 1165 1947 1489 2015; x_wconf 73' lang='grc' dir='ltr'>οἰκογενεῖς,</span> <span class='ocrx_word' id='word_1_143' title='bbox 1527 1942 1652 2005; x_wconf 77' lang='grc' dir='ltr'>τοὺς</span> <span class='ocrx_word' id='word_1_144' title='bbox 1685 1958 1920 1994; x_wconf 85' lang='grc' dir='ltr'>συνανα-</span> 
     </span>
    </p>
   </div>
   <div class='ocr_carea' id='block_1_21' title="bbox 322 2021 1923 2106">
    <p class='ocr_par' dir='ltr' id='par_1_21' title="bbox 322 2021 1923 2106">
     <span class='ocr_line' id='line_1_21' title="bbox 322 2021 1923 2106; baseline -0.006 -20"><span class='ocrx_word' id='word_1_145' title='bbox 322 2034 632 2106; x_wconf 79' lang='grc' dir='ltr'>τραφέντας</span> <span class='ocrx_word' id='word_1_146' title='bbox 665 2031 814 2106; x_wconf 75' lang='lat'>{356]</span> <span class='ocrx_word' id='word_1_147' title='bbox 847 2030 926 2103; x_wconf 84' lang='grc' dir='ltr'>τῷ</span> <span class='ocrx_word' id='word_1_148' title='bbox 967 2031 1113 2095; x_wconf 84' lang='grc' dir='ltr'>Λὼτ,</span> <span class='ocrx_word' id='word_1_149' title='bbox 1157 2030 1246 2085; x_wconf 84' lang='grc' dir='ltr'>ῑνα</span> <span class='ocrx_word' id='word_1_150' title='bbox 1291 2029 1432 2101; x_wconf 88' lang='grc' dir='ltr'>μετά</span> <span class='ocrx_word' id='word_1_151' title='bbox 1467 2028 1671 2098; x_wconf 80' lang='grc' dir='ltr'>πολλῆς</span> <span class='ocrx_word' id='word_1_152' title='bbox 1708 2021 1923 2088; x_wconf 73' lang='grc' dir='ltr'>εὐνοίας</span> 
     </span>
    </p>
   </div>
   <div class='ocr_carea' id='block_1_22' title="bbox 323 2109 1921 2188">
    <p class='ocr_par' dir='ltr' id='par_1_22' title="bbox 323 2109 1921 2188">
     <span class='ocr_line' id='line_1_22' title="bbox 323 2109 1921 2188; baseline -0.005 -19"><span class='ocrx_word' id='word_1_153' title='bbox 323 2117 422 2188; x_wconf 78' lang='grc' dir='ltr'>τὴν</span> <span class='ocrx_word' id='word_1_154' title='bbox 449 2117 729 2187; x_wconf 81' lang='grc' dir='ltr'>ἐκδίκησιν</span> <span class='ocrx_word' id='word_1_155' title='bbox 770 2118 1126 2188; x_wconf 85' lang='grc' dir='ltr'>ποιήσωνται,</span> <span class='ocrx_word' id='word_1_156' title='bbox 1158 2113 1234 2178; x_wconf 83' lang='grc' dir='ltr'>ὠς</span> <span class='ocrx_word' id='word_1_157' title='bbox 1260 2113 1400 2185; x_wconf 78' lang='grc' dir='ltr'>ὑπὲρ</span> <span class='ocrx_word' id='word_1_158' title='bbox 1425 2113 1626 2166; x_wconf 79' lang='grc' dir='ltr'>οἰκείου</span> <span class='ocrx_word' id='word_1_159' title='bbox 1656 2109 1921 2163; x_wconf 84' lang='grc' dir='ltr'>δεσπότου</span> 
     </span>
    </p>
   </div>
   <div class='ocr_carea' id='block_1_23' title="bbox 324 2188 1920 2268">
    <p class='ocr_par' dir='ltr' id='par_1_23' title="bbox 324 2188 1920 2268">
     <span class='ocr_line' id='line_1_23' title="bbox 324 2188 1920 2268; baseline -0.006 -16"><span class='ocrx_word' id='word_1_160' title='bbox 324 2199 512 2252; x_wconf 78' lang='grc' dir='ltr'>λοιπὸν</span> <span class='ocrx_word' id='word_1_161' title='bbox 537 2197 952 2268; x_wconf 83' lang='grc' dir='ltr'>ἀγωνιζόμενοι.</span> <span class='ocrx_word' id='word_1_162' title='bbox 991 2198 1100 2252; x_wconf 81' lang='lat' dir='ltr'><strong><em>Kal</em></strong></span> <span class='ocrx_word' id='word_1_163' title='bbox 1127 2196 1225 2249; x_wconf 81' lang='grc' dir='ltr'>θέα</span> <span class='ocrx_word' id='word_1_164' title='bbox 1264 2212 1356 2266; x_wconf 86' lang='grc' dir='ltr'>μοι</span> <span class='ocrx_word' id='word_1_165' title='bbox 1381 2194 1482 2264; x_wconf 83' lang='grc' dir='ltr'>τῆς</span> <span class='ocrx_word' id='word_1_166' title='bbox 1503 2194 1790 2262; x_wconf 87' lang='grc' dir='ltr'>δυνάμεως</span> <span class='ocrx_word' id='word_1_167' title='bbox 1825 2188 1920 2243; x_wconf 88' lang='grc' dir='ltr'>τοῦ</span> 
     </span>
    </p>
   </div>
   <div class='ocr_carea' id='block_1_24' title="bbox 325 2271 1924 2352">
    <p class='ocr_par' dir='ltr' id='par_1_24' title="bbox 325 2271 1924 2352">
     <span class='ocr_line' id='line_1_24' title="bbox 325 2271 1924 2352; baseline -0.004 -22"><span class='ocrx_word' id='word_1_168' title='bbox 325 2280 462 2334; x_wconf 79' lang='grc' dir='ltr'>Θεοῦ</span> <span class='ocrx_word' id='word_1_169' title='bbox 490 2281 587 2352; x_wconf 82' lang='grc' dir='ltr'>τὴν</span> <span class='ocrx_word' id='word_1_170' title='bbox 616 2281 946 2351; x_wconf 75' lang='grc' dir='ltr'>ὑπερϐολὴν,</span> <span class='ocrx_word' id='word_1_171' title='bbox 981 2279 1100 2349; x_wconf 88' lang='grc' dir='ltr'>μεθ’</span> <span class='ocrx_word' id='word_1_172' title='bbox 1127 2280 1261 2348; x_wconf 83' lang='grc' dir='ltr'>ὅσης</span> <span class='ocrx_word' id='word_1_173' title='bbox 1279 2275 1582 2346; x_wconf 83' lang='grc' dir='ltr'>ταχύτητος</span> <span class='ocrx_word' id='word_1_174' title='bbox 1619 2273 1687 2327; x_wconf 81' lang='grc' dir='ltr'>τά</span> <span class='ocrx_word' id='word_1_175' title='bbox 1718 2273 1819 2343; x_wconf 83' lang='grc' dir='ltr'>τῆς</span> <span class='ocrx_word' id='word_1_176' title='bbox 1842 2271 1924 2324; x_wconf 88' lang='grc' dir='ltr'>νί-</span> 
     </span>
    </p>
   </div>
   <div class='ocr_carea' id='block_1_25' title="bbox 327 2353 1926 2435">
    <p class='ocr_par' dir='ltr' id='par_1_25' title="bbox 327 2353 1926 2435">
     <span class='ocr_line' id='line_1_25' title="bbox 327 2353 1926 2435; baseline -0.006 -19"><span class='ocrx_word' id='word_1_177' title='bbox 327 2381 431 2435; x_wconf 87' lang='grc' dir='ltr'>κης</span> <span class='ocrx_word' id='word_1_178' title='bbox 477 2365 789 2434; x_wconf 86' lang='grc' dir='ltr'>γεγένηται.</span> <span class='ocrx_word' id='word_1_179' title='bbox 840 2362 1132 2416; x_wconf 76' lang='grc' dir='ltr'>Ἐπέπεσε</span> <span class='ocrx_word' id='word_1_180' title='bbox 1175 2361 1284 2432; x_wconf 88' lang='grc' dir='ltr'>γάρ</span> <span class='ocrx_word' id='word_1_181' title='bbox 1331 2358 1556 2425; x_wconf 82' lang='grc' dir='ltr'>αὐτοῖς,</span> <span class='ocrx_word' id='word_1_182' title='bbox 1605 2357 1760 2427; x_wconf 67' lang='grc' dir='ltr'>φησι,</span> <span class='ocrx_word' id='word_1_183' title='bbox 1809 2353 1926 2422; x_wconf 82' lang='grc' dir='ltr'>τὴν</span> 
     </span>
    </p>
   </div>
   <div class='ocr_carea' id='block_1_26' title="bbox 325 2438 1926 2513">
    <p class='ocr_par' dir='ltr' id='par_1_26' title="bbox 325 2438 1926 2513">
     <span class='ocr_line' id='line_1_26' title="bbox 325 2438 1926 2513; baseline -0.007 -10"><span class='ocrx_word' id='word_1_184' title='bbox 325 2451 519 2503; x_wconf 69' lang='grc' dir='ltr'>νύκτα</span> <span class='ocrx_word' id='word_1_185' title='bbox 545 2448 750 2513; x_wconf 79' lang='grc' dir='ltr'>αὐτὸς,</span> <span class='ocrx_word' id='word_1_186' title='bbox 774 2447 874 2500; x_wconf 79' lang='grc' dir='ltr'>καὶ</span> <span class='ocrx_word' id='word_1_187' title='bbox 907 2450 962 2500; x_wconf 72' lang='grc' dir='ltr'>οἱ</span> <span class='ocrx_word' id='word_1_188' title='bbox 1001 2444 1214 2511; x_wconf 81' lang='grc' dir='ltr'>παῖδες</span> <span class='ocrx_word' id='word_1_189' title='bbox 1241 2443 1454 2506; x_wconf 85' lang='grc' dir='ltr'>αὑτοῦ,</span> <span class='ocrx_word' id='word_1_190' title='bbox 1488 2441 1586 2496; x_wconf 79' lang='grc' dir='ltr'>καί</span> <span class='ocrx_word' id='word_1_191' title='bbox 1621 2438 1926 2504; x_wconf 79' lang='grc' dir='ltr'>ἐπάταξεν</span> 
     </span>
    </p>
   </div>
   <div class='ocr_carea' id='block_1_27' title="bbox 327 2523 1925 2598">
    <p class='ocr_par' dir='ltr' id='par_1_27' title="bbox 327 2523 1925 2598">
     <span class='ocr_line' id='line_1_27' title="bbox 327 2523 1925 2598; baseline -0.008 -12"><span class='ocrx_word' id='word_1_192' title='bbox 327 2533 572 2598; x_wconf 80' lang='grc' dir='ltr'>αὐτοὺς,</span> <span class='ocrx_word' id='word_1_193' title='bbox 601 2532 702 2585; x_wconf 76' lang='grc' dir='ltr'>καὶ</span> <span class='ocrx_word' id='word_1_194' title='bbox 738 2531 987 2596; x_wconf 76' lang='grc' dir='ltr'>ἐδίωξεν</span> <span class='ocrx_word' id='word_1_195' title='bbox 1017 2531 1260 2593; x_wconf 85' lang='grc' dir='ltr'>αὐτούς.</span> <span class='ocrx_word' id='word_1_196' title='bbox 1299 2529 1365 2580; x_wconf 83' lang='grc' dir='ltr'><strong>Ἦ</strong></span> <span class='ocrx_word' id='word_1_197' title='bbox 1399 2525 1511 2596; x_wconf 84' lang='grc' dir='ltr'>γὰρ</span> <span class='ocrx_word' id='word_1_198' title='bbox 1549 2523 1759 2578; x_wconf 73' lang='grc' dir='ltr'>ἄνωθεν</span> <span class='ocrx_word' id='word_1_199' title='bbox 1803 2524 1925 2594; x_wconf 74' lang='grc' dir='ltr'>χεὶρ</span> 
     </span>
    </p>
   </div>
   <div class='ocr_carea' id='block_1_28' title="bbox 327 2605 1926 2687">
    <p class='ocr_par' dir='ltr' id='par_1_28' title="bbox 327 2605 1926 2687">
     <span class='ocr_line' id='line_1_28' title="bbox 327 2605 1926 2687; baseline -0.007 -19"><span class='ocrx_word' id='word_1_200' title='bbox 327 2611 395 2687; x_wconf 71' lang='grc' dir='ltr'>ἦν</span> <span class='ocrx_word' id='word_1_201' title='bbox 441 2614 895 2684; x_wconf 82' lang='grc' dir='ltr'>συνεφαπτομένη</span> <span class='ocrx_word' id='word_1_202' title='bbox 927 2614 1024 2666; x_wconf 79' lang='grc' dir='ltr'>καὶ</span> <span class='ocrx_word' id='word_1_203' title='bbox 1057 2608 1516 2680; x_wconf 87' lang='grc' dir='ltr'>συστρατηγοῦσα</span> <span class='ocrx_word' id='word_1_204' title='bbox 1556 2610 1671 2670; x_wconf 85' lang='grc' dir='ltr'>τοῖς</span> <span class='ocrx_word' id='word_1_205' title='bbox 1705 2605 1926 2675; x_wconf 82' lang='grc' dir='ltr'>γινομέ-</span> 
     </span>
    </p>
   </div>
   <div class='ocr_carea' id='block_1_29' title="bbox 326 2690 1927 2764">
    <p class='ocr_par' dir='ltr' id='par_1_29' title="bbox 326 2690 1927 2764">
     <span class='ocr_line' id='line_1_29' title="bbox 326 2690 1927 2764; baseline -0.007 -12"><span class='ocrx_word' id='word_1_206' title='bbox 326 2717 459 2764; x_wconf 89' lang='grc' dir='ltr'>νοις.</span> <span class='ocrx_word' id='word_1_207' title='bbox 491 2700 570 2750; x_wconf 82' lang='grc' dir='ltr'>Δι⁹</span> <span class='ocrx_word' id='word_1_208' title='bbox 593 2697 622 2750; x_wconf 84' lang='grc' dir='ltr'>δ</span> <span class='ocrx_word' id='word_1_209' title='bbox 650 2697 770 2751; x_wconf 82' lang='grc' dir='ltr'>οὐδὲ</span> <span class='ocrx_word' id='word_1_210' title='bbox 801 2697 982 2750; x_wconf 82' lang='grc' dir='ltr'>ὅπλων</span> <span class='ocrx_word' id='word_1_211' title='bbox 1015 2695 1200 2757; x_wconf 85' lang='grc' dir='ltr'>αὐτοῖς</span> <span class='ocrx_word' id='word_1_212' title='bbox 1237 2693 1480 2763; x_wconf 87' lang='grc' dir='ltr'>ἐδέησεν,</span> <span class='ocrx_word' id='word_1_213' title='bbox 1510 2690 1632 2744; x_wconf 72' lang='grc' dir='ltr'>οὐδὲ</span> <span class='ocrx_word' id='word_1_214' title='bbox 1678 2705 1927 2759; x_wconf 83' lang='grc' dir='ltr'>μηχανη-</span> 
     </span>
    </p>
   </div>
   <div class='ocr_carea' id='block_1_30' title="bbox 331 2770 1926 2852">
    <p class='ocr_par' dir='ltr' id='par_1_30' title="bbox 331 2770 1926 2852">
     <span class='ocr_line' id='line_1_30' title="bbox 331 2770 1926 2852; baseline -0.007 -18"><span class='ocrx_word' id='word_1_215' title='bbox 331 2783 541 2852; x_wconf 82' lang='grc' dir='ltr'>μάτων,</span> <span class='ocrx_word' id='word_1_216' title='bbox 567 2780 702 2834; x_wconf 86' lang='grc' dir='ltr'>ἀλλά</span> <span class='ocrx_word' id='word_1_217' title='bbox 729 2783 890 2850; x_wconf 85' lang='grc' dir='ltr'>μόνον</span> <span class='ocrx_word' id='word_1_218' title='bbox 911 2779 1100 2842; x_wconf 76' lang='grc' dir='ltr'>φανεὶς</span> <span class='ocrx_word' id='word_1_219' title='bbox 1130 2775 1269 2847; x_wconf 89' lang='grc' dir='ltr'>μετά</span> <span class='ocrx_word' id='word_1_220' title='bbox 1287 2774 1398 2829; x_wconf 84' lang='grc' dir='ltr'>τῶν</span> <span class='ocrx_word' id='word_1_221' title='bbox 1422 2772 1651 2827; x_wconf 86' lang='grc' dir='ltr'>οἰκετῶν</span> <span class='ocrx_word' id='word_1_222' title='bbox 1678 2772 1804 2832; x_wconf 79' lang='grc' dir='ltr'>τοὺς</span> <span class='ocrx_word' id='word_1_223' title='bbox 1828 2770 1926 2841; x_wconf 79' lang='grc' dir='ltr'>μὲν</span> 
     </span>
    </p>
   </div>
   <div class='ocr_carea' id='block_1_31' title="bbox 330 2852 1922 2930">
    <p class='ocr_par' dir='ltr' id='par_1_31' title="bbox 330 2852 1922 2930">
     <span class='ocr_line' id='line_1_31' title="bbox 330 2852 1922 2930; baseline -0.006 -14"><span class='ocrx_word' id='word_1_224' title='bbox 330 2863 590 2928; x_wconf 82' lang='grc' dir='ltr'>ἐπάταξε,</span> <span class='ocrx_word' id='word_1_225' title='bbox 634 2861 760 2925; x_wconf 78' lang='grc' dir='ltr'>τοὺς</span> <span class='ocrx_word' id='word_1_226' title='bbox 798 2861 854 2914; x_wconf 88' lang='grc' dir='ltr'>δέ</span> <span class='ocrx_word' id='word_1_227' title='bbox 893 2862 973 2922; x_wconf 91' lang='grc' dir='ltr'>εἰς</span> <span class='ocrx_word' id='word_1_228' title='bbox 1005 2859 1185 2930; x_wconf 80' lang='grc' dir='ltr'>φυγὴν</span> <span class='ocrx_word' id='word_1_229' title='bbox 1221 2857 1466 2929; x_wconf 81' lang='grc' dir='ltr'>ὁρμῆσαι</span> <span class='ocrx_word' id='word_1_230' title='bbox 1515 2852 1922 2926; x_wconf 81' lang='grc' dir='ltr'>παρεσκεύασε,</span> 
     </span>
    </p>
   </div>
   <div class='ocr_carea' id='block_1_32' title="bbox 330 2935 1928 3015">
    <p class='ocr_par' dir='ltr' id='par_1_32' title="bbox 330 2935 1928 3015">
     <span class='ocr_line' id='line_1_32' title="bbox 330 2935 1928 3015; baseline -0.006 -17"><span class='ocrx_word' id='word_1_231' title='bbox 330 2947 424 2998; x_wconf 73' lang='grc' dir='ltr'>καὶ</span> <span class='ocrx_word' id='word_1_232' title='bbox 475 2945 737 3015; x_wconf 87' lang='grc' dir='ltr'>ἐκάτερον</span> <span class='ocrx_word' id='word_1_233' title='bbox 779 2943 1004 3013; x_wconf 86' lang='grc' dir='ltr'>ἐποίησε</span> <span class='ocrx_word' id='word_1_234' title='bbox 1053 2941 1192 3012; x_wconf 85' lang='grc' dir='ltr'>μετά</span> <span class='ocrx_word' id='word_1_235' title='bbox 1221 2941 1406 3004; x_wconf 88' lang='grc' dir='ltr'>ἀδείας</span> <span class='ocrx_word' id='word_1_236' title='bbox 1438 2939 1681 3010; x_wconf 89' lang='grc' dir='ltr'>ἀπάσης,</span> <span class='ocrx_word' id='word_1_237' title='bbox 1712 2935 1928 2999; x_wconf 84' lang='grc' dir='ltr'>οὐδενὸς</span> 
     </span>
    </p>
   </div>
   <div class='ocr_carea' id='block_1_33' title="bbox 326 3017 1929 3096">
    <p class='ocr_par' dir='ltr' id='par_1_33' title="bbox 326 3017 1929 3096">
     <span class='ocr_line' id='line_1_33' title="bbox 326 3017 1929 3096; baseline -0.006 -15"><span class='ocrx_word' id='word_1_238' title='bbox 326 3029 480 3090; x_wconf 85' lang='grc' dir='ltr'>δντος</span> <span class='ocrx_word' id='word_1_239' title='bbox 519 3026 612 3080; x_wconf 88' lang='grc' dir='ltr'>τοῦ</span> <span class='ocrx_word' id='word_1_240' title='bbox 658 3025 1024 3096; x_wconf 75' lang='grc' dir='ltr'>ἐνοχλοῦντος,</span> <span class='ocrx_word' id='word_1_241' title='bbox 1067 3025 1168 3094; x_wconf 84' lang='grc' dir='ltr'>τήν</span> <span class='ocrx_word' id='word_1_242' title='bbox 1199 3041 1257 3076; x_wconf 90' lang='grc' dir='ltr'>τε</span> <span class='ocrx_word' id='word_1_243' title='bbox 1306 3017 1474 3076; x_wconf 76' lang='grc' dir='ltr'>ἵππον</span> <span class='ocrx_word' id='word_1_244' title='bbox 1520 3021 1618 3074; x_wconf 90' lang='grc' dir='ltr'>τοῦ</span> <span class='ocrx_word' id='word_1_245' title='bbox 1660 3019 1929 3090; x_wconf 88' lang='grc' dir='ltr'>βασιλέως</span> 
     </span>
    </p>
   </div>
   <div class='ocr_carea' id='block_1_34' title="bbox 330 3101 1931 3179">
    <p class='ocr_par' dir='ltr' id='par_1_34' title="bbox 330 3101 1931 3179">
     <span class='ocr_line' id='line_1_34' title="bbox 330 3101 1931 3179; baseline -0.007 -15"><span class='ocrx_word' id='word_1_246' title='bbox 330 3111 580 3179; x_wconf 75' lang='grc' dir='ltr'>Σοδόμων</span> <span class='ocrx_word' id='word_1_247' title='bbox 613 3107 946 3178; x_wconf 71' lang='grc' dir='ltr'>ἀπέστρεψε,</span> <span class='ocrx_word' id='word_1_248' title='bbox 980 3108 1074 3160; x_wconf 78' lang='grc' dir='ltr'>καὶ</span> <span class='ocrx_word' id='word_1_249' title='bbox 1101 3107 1194 3159; x_wconf 81' lang='grc' dir='ltr'>τὸν</span> <span class='ocrx_word' id='word_1_250' title='bbox 1224 3105 1346 3159; x_wconf 87' lang='grc' dir='ltr'>Λὼτ</span> <span class='ocrx_word' id='word_1_251' title='bbox 1377 3105 1467 3158; x_wconf 82' lang='grc' dir='ltr'>τὸν</span> <span class='ocrx_word' id='word_1_252' title='bbox 1497 3101 1814 3172; x_wconf 74' lang='grc' dir='ltr'>ἀδελφιδοῦν</span> <span class='ocrx_word' id='word_1_253' title='bbox 1839 3101 1931 3154; x_wconf 81' lang='grc' dir='ltr'>αὺ-</span> 
     </span>
    </p>
   </div>
   <div class='ocr_carea' id='block_1_35' title="bbox 328 3183 1930 3262">
    <p class='ocr_par' dir='ltr' id='par_1_35' title="bbox 328 3183 1930 3262">
     <span class='ocr_line' id='line_1_35' title="bbox 328 3183 1930 3262; baseline -0.006 -15"><span class='ocrx_word' id='word_1_254' title='bbox 328 3193 449 3257; x_wconf 87' lang='grc' dir='ltr'>τοῦ,</span> <span class='ocrx_word' id='word_1_255' title='bbox 478 3192 574 3246; x_wconf 71' lang='lat' dir='ltr'><strong><em>xal</em></strong></span> <span class='ocrx_word' id='word_1_256' title='bbox 595 3193 773 3247; x_wconf 80' lang='grc' dir='ltr'>πάντα</span> <span class='ocrx_word' id='word_1_257' title='bbox 792 3192 860 3245; x_wconf 82' lang='grc' dir='ltr'>τὰ</span> <span class='ocrx_word' id='word_1_258' title='bbox 883 3191 1198 3262; x_wconf 81' lang='grc' dir='ltr'>ὑπάρχοντα</span> <span class='ocrx_word' id='word_1_259' title='bbox 1222 3189 1431 3251; x_wconf 72' lang='grc' dir='ltr'>καὶτὰς</span> <span class='ocrx_word' id='word_1_260' title='bbox 1449 3188 1736 3256; x_wconf 79' lang='grc' dir='ltr'>γυναῖκας.</span> <span class='ocrx_word' id='word_1_261' title='bbox 1762 3183 1930 3256; x_wconf 74' lang='grc' dir='ltr'>Ὁρᾷς</span> 
     </span>
    </p>
   </div>
   <div class='ocr_carea' id='block_1_36' title="bbox 330 3267 1931 3348">
    <p class='ocr_par' dir='ltr' id='par_1_36' title="bbox 330 3267 1931 3348">
     <span class='ocr_line' id='line_1_36' title="bbox 330 3267 1931 3348; baseline -0.006 -18"><span class='ocrx_word' id='word_1_262' title='bbox 330 3276 420 3330; x_wconf 71' lang='grc' dir='ltr'>διὰ</span> <span class='ocrx_word' id='word_1_263' title='bbox 448 3277 501 3330; x_wconf 92' lang='grc' dir='ltr'>τί</span> <span class='ocrx_word' id='word_1_264' title='bbox 530 3275 884 3348; x_wconf 83' lang='grc' dir='ltr'>συνεχωρήθη</span> <span class='ocrx_word' id='word_1_265' title='bbox 913 3274 1020 3326; x_wconf 87' lang='grc' dir='ltr'>τῶν</span> <span class='ocrx_word' id='word_1_266' title='bbox 1048 3273 1224 3328; x_wconf 75' lang='grc' dir='ltr'>ἄλλων</span> <span class='ocrx_word' id='word_1_267' title='bbox 1252 3271 1606 3340; x_wconf 79' lang='grc' dir='ltr'>πεφευγότων</span> <span class='ocrx_word' id='word_1_268' title='bbox 1627 3271 1655 3322; x_wconf 93' lang='lat'>6</span> <span class='ocrx_word' id='word_1_269' title='bbox 1681 3267 1805 3322; x_wconf 87' lang='grc' dir='ltr'>Λὼτ</span> <span class='ocrx_word' id='word_1_270' title='bbox 1836 3267 1931 3338; x_wconf 87' lang='grc' dir='ltr'>μό-</span> 
     </span>
    </p>
   </div>
   <div class='ocr_carea' id='block_1_37' title="bbox 331 3351 1931 3429">
    <p class='ocr_par' dir='ltr' id='par_1_37' title="bbox 331 3351 1931 3429">
     <span class='ocr_line' id='line_1_37' title="bbox 331 3351 1931 3429; baseline -0.006 -17"><span class='ocrx_word' id='word_1_271' title='bbox 331 3376 422 3423; x_wconf 89' lang='grc' dir='ltr'>νος</span> <span class='ocrx_word' id='word_1_272' title='bbox 458 3359 800 3429; x_wconf 86' lang='grc' dir='ltr'>αῐχμάλωτος</span> <span class='ocrx_word' id='word_1_273' title='bbox 836 3356 1122 3426; x_wconf 81' lang='grc' dir='ltr'>γενέσθαι;</span> <span class='ocrx_word' id='word_1_274' title='bbox 1156 3355 1273 3408; x_wconf 80' lang='grc' dir='ltr'>ἰνα</span> <span class='ocrx_word' id='word_1_275' title='bbox 1309 3354 1404 3407; x_wconf 82' lang='grc' dir='ltr'>καὶ</span> <span class='ocrx_word' id='word_1_276' title='bbox 1454 3352 1548 3406; x_wconf 89' lang='grc' dir='ltr'>τοῦ</span> <span class='ocrx_word' id='word_1_277' title='bbox 1589 3351 1931 3423; x_wconf 82' lang='grc' dir='ltr'>πατριάρχου</span> 
     </span>
    </p>
   </div>
   <div class='ocr_carea' id='block_1_38' title="bbox 319 3433 1932 3513">
    <p class='ocr_par' dir='ltr' id='par_1_38' title="bbox 319 3433 1932 3513">
     <span class='ocr_line' id='line_1_38' title="bbox 319 3433 1932 3513; baseline -0.007 -18"><span class='ocrx_word' id='word_1_278' title='bbox 319 3442 637 3512; x_wconf 73' lang='grc' dir='ltr'>,κατάδηλος</span> <span class='ocrx_word' id='word_1_279' title='bbox 663 3443 890 3513; x_wconf 88' lang='grc' dir='ltr'>γένηται</span> <span class='ocrx_word' id='word_1_280' title='bbox 921 3441 954 3511; x_wconf 82' lang='grc' dir='ltr'><strong>ὴ</strong></span> <span class='ocrx_word' id='word_1_281' title='bbox 983 3437 1172 3511; x_wconf 84' lang='grc' dir='ltr'>ἀρετὴ.</span> <span class='ocrx_word' id='word_1_282' title='bbox 1203 3439 1299 3490; x_wconf 72' lang='grc' dir='ltr'>καὶ</span> <span class='ocrx_word' id='word_1_283' title='bbox 1332 3437 1399 3489; x_wconf 83' lang='grc' dir='ltr'>δι’</span> <span class='ocrx_word' id='word_1_284' title='bbox 1430 3435 1594 3489; x_wconf 80' lang='grc' dir='ltr'>αὐτὸν</span> <span class='ocrx_word' id='word_1_285' title='bbox 1625 3436 1719 3488; x_wconf 75' lang='grc' dir='ltr'>καὶ</span> <span class='ocrx_word' id='word_1_286' title='bbox 1751 3433 1932 3503; x_wconf 76' lang='grc' dir='ltr'>ἐτεροι</span> 
     </span>
    </p>
   </div>
   <div class='ocr_carea' id='block_1_39' title="bbox 334 3515 1932 3596">
    <p class='ocr_par' dir='ltr' id='par_1_39' title="bbox 334 3515 1932 3596">
     <span class='ocr_line' id='line_1_39' title="bbox 334 3515 1932 3596; baseline -0.006 -19"><span class='ocrx_word' id='word_1_287' title='bbox 334 3524 522 3578; x_wconf 78' lang='grc' dir='ltr'>πολλοὶ</span> <span class='ocrx_word' id='word_1_288' title='bbox 549 3525 650 3596; x_wconf 80' lang='grc' dir='ltr'>τῆς</span> <span class='ocrx_word' id='word_1_289' title='bbox 677 3523 954 3595; x_wconf 87' lang='grc' dir='ltr'>σωτηρίας</span> <span class='ocrx_word' id='word_1_290' title='bbox 983 3522 1306 3591; x_wconf 83' lang='grc' dir='ltr'>ἐπιτύχωσι.</span> <span class='ocrx_word' id='word_1_291' title='bbox 1345 3519 1454 3573; x_wconf 79' lang='lat' dir='ltr'><strong><em>Kal</em></strong></span> <span class='ocrx_word' id='word_1_292' title='bbox 1487 3517 1713 3589; x_wconf 78' lang='grc' dir='ltr'>ἐπανῄει</span> <span class='ocrx_word' id='word_1_293' title='bbox 1746 3515 1932 3570; x_wconf 73' lang='grc' dir='ltr'>λοιπὸν</span> 
     </span>
    </p>
   </div>
   <div class='ocr_carea' id='block_1_40' title="bbox 337 3600 1932 3680">
    <p class='ocr_par' dir='ltr' id='par_1_40' title="bbox 337 3600 1932 3680">
     <span class='ocr_line' id='line_1_40' title="bbox 337 3600 1932 3680; baseline -0.006 -18"><span class='ocrx_word' id='word_1_294' title='bbox 337 3609 484 3680; x_wconf 67' lang='grc' dir='ltr'>μέγα</span> <span class='ocrx_word' id='word_1_295' title='bbox 530 3610 624 3660; x_wconf 76' lang='grc' dir='ltr'>καὶ</span> <span class='ocrx_word' id='word_1_296' title='bbox 667 3606 920 3680; x_wconf 70' lang='grc' dir='ltr'>λαμπρὸν</span> <span class='ocrx_word' id='word_1_297' title='bbox 960 3607 1218 3677; x_wconf 86' lang='grc' dir='ltr'>τρόπαιον</span> <span class='ocrx_word' id='word_1_298' title='bbox 1257 3603 1623 3673; x_wconf 86' lang='grc' dir='ltr'>ἐπαγόμενος,</span> <span class='ocrx_word' id='word_1_299' title='bbox 1665 3600 1804 3672; x_wconf 87' lang='grc' dir='ltr'>μετά</span> <span class='ocrx_word' id='word_1_300' title='bbox 1836 3600 1932 3654; x_wconf 86' lang='grc' dir='ltr'>τοῦ</span> 
     </span>
    </p>
   </div>
   <div class='ocr_carea' id='block_1_41' title="bbox 334 3687 1935 3761">
    <p class='ocr_par' dir='ltr' id='par_1_41' title="bbox 334 3687 1935 3761">
     <span class='ocr_line' id='line_1_41' title="bbox 334 3687 1935 3761; baseline -0.006 -14"><span class='ocrx_word' id='word_1_301' title='bbox 334 3691 460 3747; x_wconf 80' lang='grc' dir='ltr'>Λὼτ</span> <span class='ocrx_word' id='word_1_302' title='bbox 499 3692 593 3743; x_wconf 75' lang='grc' dir='ltr'>καὶ</span> <span class='ocrx_word' id='word_1_303' title='bbox 630 3693 730 3761; x_wconf 82' lang='grc' dir='ltr'>τὴν</span> <span class='ocrx_word' id='word_1_304' title='bbox 767 3691 954 3755; x_wconf 83' lang='grc' dir='ltr'>ἵππον,</span> <span class='ocrx_word' id='word_1_305' title='bbox 992 3690 1086 3742; x_wconf 70' lang='grc' dir='ltr'>καὶ</span> <span class='ocrx_word' id='word_1_306' title='bbox 1121 3688 1219 3751; x_wconf 84' lang='grc' dir='ltr'>τὰς</span> <span class='ocrx_word' id='word_1_307' title='bbox 1261 3690 1548 3757; x_wconf 84' lang='grc' dir='ltr'>γυναῖκας,</span> <span class='ocrx_word' id='word_1_308' title='bbox 1585 3688 1680 3761; x_wconf 71' lang='grc' dir='ltr'>καὶ</span> <span class='ocrx_word' id='word_1_309' title='bbox 1717 3687 1787 3739; x_wconf 87' lang='grc' dir='ltr'>τά</span> <span class='ocrx_word' id='word_1_310' title='bbox 1828 3687 1935 3738; x_wconf 78' lang='grc' dir='ltr'>ὑπο</span> 
     </span>
    </p>
   </div>
   <div class='ocr_carea' id='block_1_42' title="bbox 337 3759 1931 3844">
    <p class='ocr_par' dir='ltr' id='par_1_42' title="bbox 337 3759 1931 3844">
     <span class='ocr_line' id='line_1_42' title="bbox 337 3759 1931 3844; baseline -0.002 -18"><span class='ocrx_word' id='word_1_311' title='bbox 337 3773 574 3844; x_wconf 88' lang='grc' dir='ltr'>άρχοντα</span> <span class='ocrx_word' id='word_1_312' title='bbox 607 3759 1026 3844; x_wconf 71' lang='grc' dir='ltr'>ἐπιφερόμενος,</span> <span class='ocrx_word' id='word_1_313' title='bbox 1079 3774 1174 3825; x_wconf 72' lang='grc' dir='ltr'>καὶ</span> <span class='ocrx_word' id='word_1_314' title='bbox 1221 3772 1358 3824; x_wconf 82' lang='grc' dir='ltr'>πᾶσι</span> <span class='ocrx_word' id='word_1_315' title='bbox 1410 3759 1644 3840; x_wconf 79' lang='grc' dir='ltr'>λαμπρᾷ</span> <span class='ocrx_word' id='word_1_316' title='bbox 1677 3771 1744 3839; x_wconf 80' lang='grc' dir='ltr'>τῇ</span> <span class='ocrx_word' id='word_1_317' title='bbox 1779 3772 1931 3842; x_wconf 76' lang='grc' dir='ltr'>φωνῇ</span> 
     </span>
    </p>
   </div>
   <div class='ocr_carea' id='block_1_43' title="bbox 337 3851 1933 3929">
    <p class='ocr_par' dir='ltr' id='par_1_43' title="bbox 337 3851 1933 3929">
     <span class='ocr_line' id='line_1_43' title="bbox 337 3851 1933 3929; baseline -0.004 -19"><span class='ocrx_word' id='word_1_318' title='bbox 337 3856 646 3929; x_wconf 82' lang='grc' dir='ltr'>κηρύττων,</span> <span class='ocrx_word' id='word_1_319' title='bbox 671 3861 764 3909; x_wconf 82' lang='grc' dir='ltr'>καί</span> <span class='ocrx_word' id='word_1_320' title='bbox 794 3856 1094 3923; x_wconf 84' lang='grc' dir='ltr'>σάλπιγγος</span> <span class='ocrx_word' id='word_1_321' title='bbox 1130 3854 1644 3924; x_wconf 88' lang='grc' dir='ltr'>μεγαλοφωνότερον</span> <span class='ocrx_word' id='word_1_322' title='bbox 1671 3851 1828 3922; x_wconf 85' lang='grc' dir='ltr'>βοῶν,</span> <span class='ocrx_word' id='word_1_323' title='bbox 1851 3853 1933 3904; x_wconf 81' lang='grc' dir='ltr'>ὅτι</span> 
     </span>
    </p>
   </div>
   <div class='ocr_carea' id='block_1_44' title="bbox 336 3933 1935 4009">
    <p class='ocr_par' dir='ltr' id='par_1_44' title="bbox 336 3933 1935 4009">
     <span class='ocr_line' id='line_1_44' title="bbox 336 3933 1935 4009; baseline -0.005 -17"><span class='ocrx_word' id='word_1_324' title='bbox 336 3941 438 3992; x_wconf 78' lang='grc' dir='ltr'>οὐκ</span> <span class='ocrx_word' id='word_1_325' title='bbox 467 3937 780 4009; x_wconf 79' lang='grc' dir='ltr'>ἀνθρωπίνη</span> <span class='ocrx_word' id='word_1_326' title='bbox 807 3938 1054 4008; x_wconf 85' lang='grc' dir='ltr'>δυνάμει,</span> <span class='ocrx_word' id='word_1_327' title='bbox 1079 3936 1198 3989; x_wconf 67' lang='grc' dir='ltr'>οὐδὲ</span> <span class='ocrx_word' id='word_1_328' title='bbox 1229 3935 1374 4007; x_wconf 83' lang='grc' dir='ltr'>ίσχύῖ</span> <span class='ocrx_word' id='word_1_329' title='bbox 1398 3935 1668 4005; x_wconf 88' lang='grc' dir='ltr'>σωμάτων</span> <span class='ocrx_word' id='word_1_330' title='bbox 1692 3933 1791 4004; x_wconf 81' lang='grc' dir='ltr'>τὴν</span> <span class='ocrx_word' id='word_1_331' title='bbox 1813 3950 1935 4004; x_wconf 82' lang='grc' dir='ltr'>τρο-</span> 
     </span>
    </p>
   </div>
   <div class='ocr_carea' id='block_1_45' title="bbox 341 4017 1936 4093">
    <p class='ocr_par' dir='ltr' id='par_1_45' title="bbox 341 4017 1936 4093">
     <span class='ocr_line' id='line_1_45' title="bbox 341 4017 1936 4093; baseline -0.003 -19"><span class='ocrx_word' id='word_1_332' title='bbox 341 4023 450 4093; x_wconf 84' lang='grc' dir='ltr'>πὴν</span> <span class='ocrx_word' id='word_1_333' title='bbox 481 4021 789 4092; x_wconf 75' lang='grc' dir='ltr'>εἰργάσατο.</span> <span class='ocrx_word' id='word_1_334' title='bbox 828 4022 922 4074; x_wconf 64' lang='grc' dir='ltr'>καὶ</span> <span class='ocrx_word' id='word_1_335' title='bbox 951 4020 1051 4090; x_wconf 77' lang='grc' dir='ltr'>τὴν</span> <span class='ocrx_word' id='word_1_336' title='bbox 1089 4021 1246 4090; x_wconf 87' lang='grc' dir='ltr'>νίκην</span> <span class='ocrx_word' id='word_1_337' title='bbox 1281 4021 1471 4090; x_wconf 69' lang='grc' dir='ltr'>ἤρατο,</span> <span class='ocrx_word' id='word_1_338' title='bbox 1506 4017 1644 4071; x_wconf 84' lang='grc' dir='ltr'>ἀλλά</span> <span class='ocrx_word' id='word_1_339' title='bbox 1671 4017 1771 4087; x_wconf 85' lang='grc' dir='ltr'>τῆς</span> <span class='ocrx_word' id='word_1_340' title='bbox 1797 4017 1936 4070; x_wconf 79' lang='grc' dir='ltr'>ἄνω-</span> 
     </span>
    </p>
   </div>
   <div class='ocr_carea' id='block_1_46' title="bbox 342 4098 1935 4177">
    <p class='ocr_par' dir='ltr' id='par_1_46' title="bbox 342 4098 1935 4177">
     <span class='ocr_line' id='line_1_46' title="bbox 342 4098 1935 4177; baseline -0.003 -19"><span class='ocrx_word' id='word_1_341' title='bbox 342 4107 435 4158; x_wconf 89' lang='grc' dir='ltr'>θεν</span> <span class='ocrx_word' id='word_1_342' title='bbox 467 4106 646 4177; x_wconf 78' lang='grc' dir='ltr'>χειρὸς</span> <span class='ocrx_word' id='word_1_343' title='bbox 681 4106 854 4160; x_wconf 88' lang='grc' dir='ltr'>πάντα</span> <span class='ocrx_word' id='word_1_344' title='bbox 882 4105 1279 4175; x_wconf 77' lang='grc' dir='ltr'>ἐργαζομένης.</span> <span class='ocrx_word' id='word_1_345' title='bbox 1315 4098 1463 4166; x_wconf 72' lang='grc' dir='ltr'>Εἶδες</span> <span class='ocrx_word' id='word_1_346' title='bbox 1484 4102 1572 4155; x_wconf 86' lang='grc' dir='ltr'>διὰ</span> <span class='ocrx_word' id='word_1_347' title='bbox 1605 4103 1823 4156; x_wconf 88' lang='grc' dir='ltr'>πάντων</span> <span class='ocrx_word' id='word_1_348' title='bbox 1843 4102 1935 4155; x_wconf 82' lang='grc' dir='ltr'>τὸν</span> 
     </span>
    </p>
   </div>
   <div class='ocr_carea' id='block_1_47' title="bbox 341 4185 1936 4259">
    <p class='ocr_par' dir='ltr' id='par_1_47' title="bbox 341 4185 1936 4259">
     <span class='ocr_line' id='line_1_47' title="bbox 341 4185 1936 4259; baseline -0.004 -17"><span class='ocrx_word' id='word_1_349' title='bbox 341 4190 550 4244; x_wconf 89' lang='grc' dir='ltr'>δίκαιον</span> <span class='ocrx_word' id='word_1_350' title='bbox 582 4188 1044 4259; x_wconf 67' lang='grc' dir='ltr'>περιφανέστερον</span> <span class='ocrx_word' id='word_1_351' title='bbox 1081 4187 1386 4258; x_wconf 80' lang='grc' dir='ltr'>γινόμενον,</span> <span class='ocrx_word' id='word_1_352' title='bbox 1424 4187 1519 4240; x_wconf 70' lang='grc' dir='ltr'>καὶ</span> <span class='ocrx_word' id='word_1_353' title='bbox 1552 4185 1672 4238; x_wconf 87' lang='grc' dir='ltr'>καθ’</span> <span class='ocrx_word' id='word_1_354' title='bbox 1704 4185 1936 4238; x_wconf 67' lang='grc' dir='ltr'>ἕκαστον</span> 
     </span>
    </p>
   </div>
   <div class='ocr_carea' id='block_1_48' title="bbox 345 4269 1937 4344">
    <p class='ocr_par' dir='ltr' id='par_1_48' title="bbox 345 4269 1937 4344">
     <span class='ocr_line' id='line_1_48' title="bbox 345 4269 1937 4344; baseline -0.005 -15"><span class='ocrx_word' id='word_1_355' title='bbox 345 4276 536 4344; x_wconf 70' lang='grc' dir='ltr'>καιρὸν</span> <span class='ocrx_word' id='word_1_356' title='bbox 571 4276 698 4328; x_wconf 82' lang='grc' dir='ltr'>πᾶσι</span> <span class='ocrx_word' id='word_1_357' title='bbox 725 4273 1012 4326; x_wconf 84' lang='grc' dir='ltr'>δεικνύντα</span> <span class='ocrx_word' id='word_1_358' title='bbox 1048 4272 1146 4343; x_wconf 84' lang='grc' dir='ltr'>τὴν</span> <span class='ocrx_word' id='word_1_359' title='bbox 1172 4272 1300 4342; x_wconf 75' lang='grc' dir='ltr'>περὶ</span> <span class='ocrx_word' id='word_1_360' title='bbox 1331 4271 1493 4324; x_wconf 74' lang='grc' dir='ltr'>αὐτὸν</span> <span class='ocrx_word' id='word_1_361' title='bbox 1521 4269 1616 4323; x_wconf 91' lang='grc' dir='ltr'>τοῦ</span> <span class='ocrx_word' id='word_1_362' title='bbox 1645 4269 1780 4322; x_wconf 86' lang='grc' dir='ltr'>Θεοῦ</span> <span class='ocrx_word' id='word_1_363' title='bbox 1811 4269 1937 4339; x_wconf 91' lang='grc' dir='ltr'>πρό-</span> 
     </span>
    </p>
   </div>
   <div class='ocr_carea' id='block_1_49' title="bbox 346 4351 1936 4428">
    <p class='ocr_par' dir='ltr' id='par_1_49' title="bbox 346 4351 1936 4428">
     <span class='ocr_line' id='line_1_49' title="bbox 346 4351 1936 4428; baseline -0.005 -15"><span class='ocrx_word' id='word_1_364' title='bbox 346 4376 494 4413; x_wconf 87' lang='grc' dir='ltr'>νοιαν</span> <span class='ocrx_word' id='word_1_365' title='bbox 516 4366 530 4414; x_wconf 71' lang='grc' dir='ltr'><strong>ἶ</strong></span> <span class='ocrx_word' id='word_1_366' title='bbox 550 4359 691 4428; x_wconf 76' lang='grc' dir='ltr'>Ὅρα</span> <span class='ocrx_word' id='word_1_367' title='bbox 723 4359 884 4410; x_wconf 77' lang='grc' dir='ltr'>αὑτὸν</span> <span class='ocrx_word' id='word_1_368' title='bbox 911 4355 1099 4408; x_wconf 77' lang='grc' dir='ltr'>λοιπὸν</span> <span class='ocrx_word' id='word_1_369' title='bbox 1131 4357 1225 4408; x_wconf 77' lang='grc' dir='ltr'>καὶ</span> <span class='ocrx_word' id='word_1_370' title='bbox 1258 4354 1584 4408; x_wconf 89' lang='grc' dir='ltr'>διδάσκαλον</span> <span class='ocrx_word' id='word_1_371' title='bbox 1623 4351 1936 4416; x_wconf 86' lang='grc' dir='ltr'>θεοσεϐείας</span> 
     </span>
    </p>
   </div>
   <div class='ocr_carea' id='block_1_50' title="bbox 343 4433 1938 4508">
    <p class='ocr_par' dir='ltr' id='par_1_50' title="bbox 343 4433 1938 4508">
     <span class='ocr_line' id='line_1_50' title="bbox 343 4433 1938 4508; baseline -0.004 -14"><span class='ocrx_word' id='word_1_372' title='bbox 343 4441 594 4508; x_wconf 83' lang='grc' dir='ltr'>γενέσθαι</span> <span class='ocrx_word' id='word_1_373' title='bbox 650 4439 1019 4498; x_wconf 70' lang='grc' dir='ltr'>σπουδάζοντα</span> <span class='ocrx_word' id='word_1_374' title='bbox 1063 4441 1176 4501; x_wconf 78' lang='grc' dir='ltr'>τοῖς</span> <span class='ocrx_word' id='word_1_375' title='bbox 1226 4439 1284 4490; x_wconf 89' lang='grc' dir='ltr'>ἐν</span> <span class='ocrx_word' id='word_1_376' title='bbox 1339 4437 1616 4506; x_wconf 86' lang='grc' dir='ltr'>Σοδόμοις.</span> <span class='ocrx_word' id='word_1_377' title='bbox 1691 4433 1938 4501; x_wconf 67' lang='grc' dir='ltr'>Ἐξῆλθε</span> 
     </span>
    </p>
   </div>
   <div class='ocr_carea' id='block_1_51' title="bbox 344 4519 1939 4596">
    <p class='ocr_par' dir='ltr' id='par_1_51' title="bbox 344 4519 1939 4596">
     <span class='ocr_line' id='line_1_51' title="bbox 344 4519 1939 4596; baseline -0.004 -20"><span class='ocrx_word' id='word_1_378' title='bbox 344 4525 475 4596; x_wconf 74' lang='grc' dir='ltr'>γὰρ,</span> <span class='ocrx_word' id='word_1_379' title='bbox 518 4526 701 4592; x_wconf 81' lang='grc' dir='ltr'>φησὶν,</span> <span class='ocrx_word' id='word_1_380' title='bbox 737 4527 769 4578; x_wconf 86' lang='grc' dir='ltr'>ό</span> <span class='ocrx_word' id='word_1_381' title='bbox 803 4521 1105 4588; x_wconf 70' lang='grc' dir='ltr'>βασιλεὺς</span> <span class='ocrx_word' id='word_1_382' title='bbox 1129 4519 1410 4588; x_wconf 80' lang='grc' dir='ltr'>Σοδόμων</span> <span class='ocrx_word' id='word_1_383' title='bbox 1434 4522 1521 4585; x_wconf 81' lang='grc' dir='ltr'>εἰς</span> <span class='ocrx_word' id='word_1_384' title='bbox 1553 4519 1939 4584; x_wconf 75' lang='grc' dir='ltr'>συνάντησιν</span> 
     </span>
    </p>
   </div>
   <div class='ocr_carea' id='block_1_52' title="bbox 344 4600 1939 4675">
    <p class='ocr_par' dir='ltr' id='par_1_52' title="bbox 344 4600 1939 4675">
     <span class='ocr_line' id='line_1_52' title="bbox 344 4600 1939 4675; baseline -0.006 -13"><span class='ocrx_word' id='word_1_385' title='bbox 344 4605 507 4673; x_wconf 83' lang='grc' dir='ltr'>αὐτῷ</span> <span class='ocrx_word' id='word_1_386' title='bbox 538 4607 690 4675; x_wconf 79' lang='grc' dir='ltr'>μετὰ</span> <span class='ocrx_word' id='word_1_387' title='bbox 724 4607 788 4660; x_wconf 84' lang='grc' dir='ltr'>τὸ</span> <span class='ocrx_word' id='word_1_388' title='bbox 816 4605 1194 4672; x_wconf 67' lang='grc' dir='ltr'>ἀναστρέψαι</span> <span class='ocrx_word' id='word_1_389' title='bbox 1225 4604 1413 4655; x_wconf 79' lang='grc' dir='ltr'>αὑτὸν</span> <span class='ocrx_word' id='word_1_390' title='bbox 1441 4604 1562 4656; x_wconf 77' lang='grc' dir='ltr'>ἀπὸ</span> <span class='ocrx_word' id='word_1_391' title='bbox 1596 4600 1703 4670; x_wconf 81' lang='grc' dir='ltr'>τῆς</span> <span class='ocrx_word' id='word_1_392' title='bbox 1743 4600 1939 4669; x_wconf 80' lang='grc' dir='ltr'>κοπῆς</span> 
     </span>
    </p>
   </div>
   <div class='ocr_carea' id='block_1_53' title="bbox 344 4689 1941 4762">
    <p class='ocr_par' dir='ltr' id='par_1_53' title="bbox 344 4689 1941 4762">
     <span class='ocr_line' id='line_1_53' title="bbox 344 4689 1941 4762; baseline -0.003 -13"><span class='ocrx_word' id='word_1_393' title='bbox 344 4694 454 4749; x_wconf 88' lang='grc' dir='ltr'>τοῦ</span> <span class='ocrx_word' id='word_1_394' title='bbox 477 4693 911 4762; x_wconf 69' lang='grc' dir='ltr'>Χοδολογομὸρ,</span> <span class='ocrx_word' id='word_1_395' title='bbox 943 4693 1041 4744; x_wconf 81' lang='grc' dir='ltr'>καὶ</span> <span class='ocrx_word' id='word_1_396' title='bbox 1071 4690 1189 4743; x_wconf 85' lang='grc' dir='ltr'>τῶν</span> <span class='ocrx_word' id='word_1_397' title='bbox 1203 4691 1518 4755; x_wconf 74' lang='grc' dir='ltr'>βασιλέων</span> <span class='ocrx_word' id='word_1_398' title='bbox 1544 4689 1664 4742; x_wconf 85' lang='grc' dir='ltr'>τῶν</span> <span class='ocrx_word' id='word_1_399' title='bbox 1685 4689 1814 4758; x_wconf 85' lang='grc' dir='ltr'>μετ’</span> <span class='ocrx_word' id='word_1_400' title='bbox 1834 4691 1941 4744; x_wconf 82' lang='grc' dir='ltr'>αὑ-</span> 
     </span>
    </p>
   </div>
   <div class='ocr_carea' id='block_1_54' title="bbox 346 4772 1942 4844">
    <p class='ocr_par' dir='ltr' id='par_1_54' title="bbox 346 4772 1942 4844">
     <span class='ocr_line' id='line_1_54' title="bbox 346 4772 1942 4844; baseline -0.003 -14"><span class='ocrx_word' id='word_1_401' title='bbox 346 4777 476 4830; x_wconf 88' lang='grc' dir='ltr'>τοῦ.</span> <span class='ocrx_word' id='word_1_402' title='bbox 520 4775 719 4829; x_wconf 81' lang='grc' dir='ltr'>Σκόπει</span> <span class='ocrx_word' id='word_1_403' title='bbox 751 4775 914 4828; x_wconf 87' lang='grc' dir='ltr'>πόσον</span> <span class='ocrx_word' id='word_1_404' title='bbox 953 4776 1100 4826; x_wconf 74' lang='grc' dir='ltr'>ἐστὶν</span> <span class='ocrx_word' id='word_1_405' title='bbox 1130 4776 1162 4844; x_wconf 81' lang='grc' dir='ltr'>ἡ</span> <span class='ocrx_word' id='word_1_406' title='bbox 1196 4773 1387 4843; x_wconf 81' lang='grc' dir='ltr'>ἀρετὴ,</span> <span class='ocrx_word' id='word_1_407' title='bbox 1429 4774 1522 4826; x_wconf 80' lang='grc' dir='ltr'>καὶ</span> <span class='ocrx_word' id='word_1_408' title='bbox 1555 4773 1615 4826; x_wconf 76' lang='grc' dir='ltr'>τὸ</span> <span class='ocrx_word' id='word_1_409' title='bbox 1652 4773 1752 4842; x_wconf 80' lang='grc' dir='ltr'>τῆς</span> <span class='ocrx_word' id='word_1_410' title='bbox 1791 4772 1942 4842; x_wconf 88' lang='grc' dir='ltr'>παρά</span> 
     </span>
    </p>
   </div>
   <div class='ocr_carea' id='block_1_55' title="bbox 348 4854 1944 4928">
    <p class='ocr_par' dir='ltr' id='par_1_55' title="bbox 348 4854 1944 4928">
     <span class='ocr_line' id='line_1_55' title="bbox 348 4854 1944 4928; baseline -0.004 -16"><span class='ocrx_word' id='word_1_411' title='bbox 348 4858 443 4912; x_wconf 91' lang='grc' dir='ltr'>τοῦ</span> <span class='ocrx_word' id='word_1_412' title='bbox 474 4858 608 4911; x_wconf 86' lang='grc' dir='ltr'>Θεοῦ</span> <span class='ocrx_word' id='word_1_413' title='bbox 646 4857 967 4928; x_wconf 85' lang='grc' dir='ltr'>συμμαχίας</span> <span class='ocrx_word' id='word_1_414' title='bbox 999 4856 1314 4910; x_wconf 85' lang='grc' dir='ltr'>ἀπολαύειν.</span> <span class='ocrx_word' id='word_1_415' title='bbox 1358 4857 1416 4907; x_wconf 84' lang='grc' dir='ltr'><strong>Ὀ</strong></span> <span class='ocrx_word' id='word_1_416' title='bbox 1450 4855 1701 4925; x_wconf 72' lang='grc' dir='ltr'>βασιλεὺς</span> <span class='ocrx_word' id='word_1_417' title='bbox 1743 4854 1820 4924; x_wconf 84' lang='grc' dir='ltr'>τῷ</span> <span class='ocrx_word' id='word_1_418' title='bbox 1857 4855 1944 4922; x_wconf 78' lang='grc' dir='ltr'>ξέ-</span> 
     </span>
    </p>
   </div>
   <div class='ocr_carea' id='block_1_56' title="bbox 349 4939 1941 5012">
    <p class='ocr_par' dir='ltr' id='par_1_56' title="bbox 349 4939 1941 5012">
     <span class='ocr_line' id='line_1_56' title="bbox 349 4939 1941 5012; baseline -0.003 -16"><span class='ocrx_word' id='word_1_419' title='bbox 349 4963 446 5012; x_wconf 89' lang='grc' dir='ltr'>νῳ,</span> <span class='ocrx_word' id='word_1_420' title='bbox 475 4942 552 5012; x_wconf 80' lang='grc' dir='ltr'>τῷ</span> <span class='ocrx_word' id='word_1_421' title='bbox 596 4943 880 5012; x_wconf 78' lang='grc' dir='ltr'>πρεσϐύτῃ</span> <span class='ocrx_word' id='word_1_422' title='bbox 915 4944 992 5004; x_wconf 90' lang='grc' dir='ltr'>εἰς</span> <span class='ocrx_word' id='word_1_423' title='bbox 1031 4941 1353 5010; x_wconf 75' lang='grc' dir='ltr'>συνάντησιν</span> <span class='ocrx_word' id='word_1_424' title='bbox 1389 4939 1580 5003; x_wconf 76' lang='grc' dir='ltr'>ἔξεισι,</span> <span class='ocrx_word' id='word_1_425' title='bbox 1627 4940 1720 4990; x_wconf 78' lang='grc' dir='ltr'>καὶ</span> <span class='ocrx_word' id='word_1_426' title='bbox 1760 4940 1941 4991; x_wconf 79' lang='grc' dir='ltr'>πᾶσαν</span> 
     </span>
    </p>
   </div>
   <div class='ocr_carea' id='block_1_57' title="bbox 349 5021 1942 5096">
    <p class='ocr_par' dir='ltr' id='par_1_57' title="bbox 349 5021 1942 5096">
     <span class='ocr_line' id='line_1_57' title="bbox 349 5021 1942 5096; baseline -0.004 -16"><span class='ocrx_word' id='word_1_427' title='bbox 349 5026 614 5096; x_wconf 79' lang='grc' dir='ltr'>ἀπονέμει</span> <span class='ocrx_word' id='word_1_428' title='bbox 640 5029 824 5095; x_wconf 85' lang='grc' dir='ltr'>τιμήν.</span> <span class='ocrx_word' id='word_1_429' title='bbox 875 5025 1174 5094; x_wconf 87' lang='grc' dir='ltr'>Ἐμάνθανε</span> <span class='ocrx_word' id='word_1_430' title='bbox 1223 5025 1330 5094; x_wconf 80' lang='grc' dir='ltr'>γὰρ</span> <span class='ocrx_word' id='word_1_431' title='bbox 1369 5023 1444 5087; x_wconf 89' lang='grc' dir='ltr'>ώς</span> <span class='ocrx_word' id='word_1_432' title='bbox 1481 5022 1634 5075; x_wconf 82' lang='grc' dir='ltr'>οὐδὲν</span> <span class='ocrx_word' id='word_1_433' title='bbox 1661 5021 1808 5091; x_wconf 74' lang='grc' dir='ltr'>αὐτῷ</span> <span class='ocrx_word' id='word_1_434' title='bbox 1844 5025 1942 5092; x_wconf 83' lang='grc' dir='ltr'>τῆς</span> 
     </span>
    </p>
   </div>
   <div class='ocr_carea' id='block_1_58' title="bbox 352 5107 1940 5182">
    <p class='ocr_par' dir='ltr' id='par_1_58' title="bbox 352 5107 1940 5182">
     <span class='ocr_line' id='line_1_58' title="bbox 352 5107 1940 5182; baseline -0.004 -18"><span class='ocrx_word' id='word_1_435' title='bbox 352 5111 628 5182; x_wconf 83' lang='grc' dir='ltr'>βασιλείας</span> <span class='ocrx_word' id='word_1_436' title='bbox 656 5109 846 5179; x_wconf 73' lang='grc' dir='ltr'>ὄφελος</span> <span class='ocrx_word' id='word_1_437' title='bbox 874 5110 973 5178; x_wconf 85' lang='grc' dir='ltr'>τῆς</span> <span class='ocrx_word' id='word_1_438' title='bbox 996 5107 1202 5162; x_wconf 81' lang='grc' dir='ltr'>ἀνωθεν</span> <span class='ocrx_word' id='word_1_439' title='bbox 1228 5109 1540 5178; x_wconf 77' lang='grc' dir='ltr'>συμμαχίας</span> <span class='ocrx_word' id='word_1_440' title='bbox 1566 5107 1940 5178; x_wconf 67' lang='grc' dir='ltr'>ἠρημωμένῳ,</span> 
     </span>
    </p>
   </div>
   <div class='ocr_carea' id='block_1_59' title="bbox 349 5191 1937 5262">
    <p class='ocr_par' dir='ltr' id='par_1_59' title="bbox 349 5191 1937 5262">
     <span class='ocr_line' id='line_1_59' title="bbox 349 5191 1937 5262; baseline -0.003 -13"><span class='ocrx_word' id='word_1_441' title='bbox 349 5197 443 5250; x_wconf 74' lang='grc' dir='ltr'>καὶ</span> <span class='ocrx_word' id='word_1_442' title='bbox 465 5194 538 5257; x_wconf 85' lang='grc' dir='ltr'>ὼς</span> <span class='ocrx_word' id='word_1_443' title='bbox 569 5194 720 5247; x_wconf 79' lang='grc' dir='ltr'>οὐδὲν</span> <span class='ocrx_word' id='word_1_444' title='bbox 749 5193 817 5246; x_wconf 83' lang='grc' dir='ltr'>ἂν</span> <span class='ocrx_word' id='word_1_445' title='bbox 846 5191 1056 5261; x_wconf 81' lang='grc' dir='ltr'>γένοιτο</span> <span class='ocrx_word' id='word_1_446' title='bbox 1082 5191 1452 5262; x_wconf 80' lang='grc' dir='ltr'>δυνατώτερον</span> <span class='ocrx_word' id='word_1_447' title='bbox 1479 5191 1573 5244; x_wconf 88' lang='grc' dir='ltr'>τοῦ</span> <span class='ocrx_word' id='word_1_448' title='bbox 1599 5192 1702 5244; x_wconf 83' lang='grc' dir='ltr'>ὑπὸ</span> <span class='ocrx_word' id='word_1_449' title='bbox 1729 5194 1826 5261; x_wconf 78' lang='grc' dir='ltr'>τῆς</span> <span class='ocrx_word' id='word_1_450' title='bbox 1844 5192 1937 5244; x_wconf 84' lang='grc' dir='ltr'>τοῦ</span> 
     </span>
    </p>
   </div>
   <div class='ocr_carea' id='block_1_60' title="bbox 349 5275 1941 5346">
    <p class='ocr_par' dir='ltr' id='par_1_60' title="bbox 349 5275 1941 5346">
     <span class='ocr_line' id='line_1_60' title="bbox 349 5275 1941 5346; baseline -0.002 -15"><span class='ocrx_word' id='word_1_451' title='bbox 349 5277 486 5331; x_wconf 84' lang='grc' dir='ltr'>Θεοῦ</span> <span class='ocrx_word' id='word_1_452' title='bbox 531 5275 713 5346; x_wconf 74' lang='grc' dir='ltr'>χειρὸς</span> <span class='ocrx_word' id='word_1_453' title='bbox 762 5275 1147 5346; x_wconf 87' lang='grc' dir='ltr'>βοηθουμένου.</span> <span class='ocrx_word' id='word_1_454' title='bbox 1195 5276 1300 5330; x_wconf 78' lang='grc' dir='ltr'>Καὶ</span> <span class='ocrx_word' id='word_1_455' title='bbox 1340 5275 1736 5343; x_wconf 76' lang='grc' dir='ltr'>Μελχισεδὲκ,</span> <span class='ocrx_word' id='word_1_456' title='bbox 1787 5278 1941 5344; x_wconf 79' lang='grc' dir='ltr'>φησὶ,</span> 
     </span>
    </p>
   </div>
   <div class='ocr_carea' id='block_1_61' title="bbox 345 5354 1946 5428">
    <p class='ocr_par' dir='ltr' id='par_1_61' title="bbox 345 5354 1946 5428">
     <span class='ocr_line' id='line_1_61' title="bbox 345 5354 1946 5428; baseline -0.002 -15"><span class='ocrx_word' id='word_1_457' title='bbox 345 5359 650 5426; x_wconf 70' lang='grc' dir='ltr'>,ϐασιλεὺς</span> <span class='ocrx_word' id='word_1_458' title='bbox 675 5358 885 5426; x_wconf 66' lang='grc' dir='ltr'>Σαλὴμ</span> <span class='ocrx_word' id='word_1_459' title='bbox 909 5359 1236 5426; x_wconf 77' lang='grc' dir='ltr'>ἐξήνεγκεν</span> <span class='ocrx_word' id='word_1_460' title='bbox 1261 5357 1479 5425; x_wconf 75' lang='grc' dir='ltr'>ἄρτους</span> <span class='ocrx_word' id='word_1_461' title='bbox 1512 5358 1608 5410; x_wconf 89' lang='grc' dir='ltr'>καί</span> <span class='ocrx_word' id='word_1_462' title='bbox 1639 5355 1824 5410; x_wconf 80' lang='grc' dir='ltr'>οἶνον·</span> <span class='ocrx_word' id='word_1_463' title='bbox 1865 5354 1946 5428; x_wconf 79' lang='grc' dir='ltr'>ἦν</span> 
     </span>
    </p>
   </div>
   <div class='ocr_carea' id='block_1_62' title="bbox 351 5441 1446 5511">
    <p class='ocr_par' dir='ltr' id='par_1_62' title="bbox 351 5441 1446 5511">
     <span class='ocr_line' id='line_1_62' title="bbox 351 5441 1446 5511; baseline -0.002 -13"><span class='ocrx_word' id='word_1_464' title='bbox 351 5444 420 5498; x_wconf 79' lang='grc' dir='ltr'>δὲ</span> <span class='ocrx_word' id='word_1_465' title='bbox 459 5442 650 5510; x_wconf 83' lang='grc' dir='ltr'>ιερεὺς</span> <span class='ocrx_word' id='word_1_466' title='bbox 683 5441 790 5495; x_wconf 87' lang='grc' dir='ltr'>τοῦ</span> <span class='ocrx_word' id='word_1_467' title='bbox 834 5441 983 5494; x_wconf 84' lang='grc' dir='ltr'>Θεοῦ</span> <span class='ocrx_word' id='word_1_468' title='bbox 1006 5443 1110 5495; x_wconf 83' lang='grc' dir='ltr'>τοῦ</span> <span class='ocrx_word' id='word_1_469' title='bbox 1159 5443 1446 5511; x_wconf 72' lang='grc' dir='ltr'>ὑψίστου.</span> 
     </span>
    </p>
   </div>
   <div class='ocr_carea' id='block_1_63' title="bbox 425 5524 1946 5598">
    <p class='ocr_par' dir='ltr' id='par_1_63' title="bbox 425 5524 1946 5598">
     <span class='ocr_line' id='line_1_63' title="bbox 425 5524 1946 5598; baseline 0.002 -20"><span class='ocrx_word' id='word_1_470' title='bbox 425 5533 489 5579; x_wconf 86' lang='grc' dir='ltr'>ε’.</span> <span class='ocrx_word' id='word_1_471' title='bbox 509 5526 572 5578; x_wconf 89' lang='grc' dir='ltr'>Τί</span> <span class='ocrx_word' id='word_1_472' title='bbox 596 5524 843 5596; x_wconf 89' lang='grc' dir='ltr'>βούλεται</span> <span class='ocrx_word' id='word_1_473' title='bbox 860 5527 992 5595; x_wconf 80' lang='grc' dir='ltr'>ἡμῖν</span> <span class='ocrx_word' id='word_1_474' title='bbox 1009 5525 1146 5595; x_wconf 84' lang='grc' dir='ltr'>αῦτη</span> <span class='ocrx_word' id='word_1_475' title='bbox 1174 5528 1625 5598; x_wconf 79' lang='grc' dir='ltr'>ἡπαρατήρησις,</span> <span class='ocrx_word' id='word_1_476' title='bbox 1647 5527 1946 5594; x_wconf 68' lang='grc' dir='ltr'>Βασιλεὺς</span> 
     </span>
    </p>
   </div>
   <div class='ocr_carea' id='block_1_64' title="bbox 353 5609 1941 5680">
    <p class='ocr_par' dir='ltr' id='par_1_64' title="bbox 353 5609 1941 5680">
     <span class='ocr_line' id='line_1_64' title="bbox 353 5609 1941 5680; baseline 0 -17"><span class='ocrx_word' id='word_1_477' title='bbox 353 5609 587 5677; x_wconf 74' lang='grc' dir='ltr'>Σαλὴμ,</span> <span class='ocrx_word' id='word_1_478' title='bbox 618 5611 712 5662; x_wconf 74' lang='grc' dir='ltr'>καὶ</span> <span class='ocrx_word' id='word_1_479' title='bbox 743 5609 954 5676; x_wconf 86' lang='grc' dir='ltr'>Ἰερεὺς</span> <span class='ocrx_word' id='word_1_480' title='bbox 984 5609 1090 5663; x_wconf 88' lang='grc' dir='ltr'>τοῦ</span> <span class='ocrx_word' id='word_1_481' title='bbox 1115 5611 1264 5663; x_wconf 87' lang='grc' dir='ltr'>Θεοῦ</span> <span class='ocrx_word' id='word_1_482' title='bbox 1293 5612 1399 5665; x_wconf 87' lang='grc' dir='ltr'>τοῦ</span> <span class='ocrx_word' id='word_1_483' title='bbox 1440 5615 1708 5680; x_wconf 72' lang='grc' dir='ltr'>ὑψίστου</span> <span class='ocrx_word' id='word_1_484' title='bbox 1733 5629 1750 5675; x_wconf 89' lang='grc'><strong><em>;</em></strong></span> <span class='ocrx_word' id='word_1_485' title='bbox 1782 5613 1941 5664; x_wconf 84' lang='grc' dir='ltr'>Βασι-</span> 
     </span>
    </p>
   </div>
   <div class='ocr_carea' id='block_1_65' title="bbox 353 5687 1944 5768">
    <p class='ocr_par' dir='ltr' id='par_1_65' title="bbox 353 5687 1944 5768">
     <span class='ocr_line' id='line_1_65' title="bbox 353 5687 1944 5768; baseline 0.004 -24"><span class='ocrx_word' id='word_1_486' title='bbox 353 5691 481 5756; x_wconf 81' lang='grc' dir='ltr'>λεὺς</span> <span class='ocrx_word' id='word_1_487' title='bbox 512 5693 610 5762; x_wconf 82' lang='grc' dir='ltr'>μὲν</span> <span class='ocrx_word' id='word_1_488' title='bbox 630 5687 718 5762; x_wconf 75' lang='grc' dir='ltr'>ἦν,</span> <span class='ocrx_word' id='word_1_489' title='bbox 750 5693 901 5762; x_wconf 79' lang='grc' dir='ltr'>φησὶ,</span> <span class='ocrx_word' id='word_1_490' title='bbox 933 5696 1031 5764; x_wconf 80' lang='grc' dir='ltr'>τῆς</span> <span class='ocrx_word' id='word_1_491' title='bbox 1055 5694 1246 5765; x_wconf 88' lang='grc' dir='ltr'>Σαλήμ</span> <span class='ocrx_word' id='word_1_492' title='bbox 1305 5695 1504 5748; x_wconf 84' lang='grc' dir='ltr'>Τοῦτον</span> <span class='ocrx_word' id='word_1_493' title='bbox 1533 5695 1642 5768; x_wconf 84' lang='grc' dir='ltr'>γὰρ</span> <span class='ocrx_word' id='word_1_494' title='bbox 1665 5698 1755 5750; x_wconf 72' lang='grc' dir='ltr'>καὶ</span> <span class='ocrx_word' id='word_1_495' title='bbox 1783 5699 1810 5749; x_wconf 90' lang='grc' dir='ltr'>ό</span> <span class='ocrx_word' id='word_1_496' title='bbox 1839 5715 1944 5766; x_wconf 88' lang='grc' dir='ltr'>μα-</span> 
     </span>
    </p>
   </div>
   <div class='ocr_carea' id='block_1_66' title="bbox 353 5774 1944 5850">
    <p class='ocr_par' dir='ltr' id='par_1_66' title="bbox 353 5774 1944 5850">
     <span class='ocr_line' id='line_1_66' title="bbox 353 5774 1944 5850; baseline 0.003 -20"><span class='ocrx_word' id='word_1_497' title='bbox 353 5776 544 5845; x_wconf 81' lang='grc' dir='ltr'>κάριος</span> <span class='ocrx_word' id='word_1_498' title='bbox 574 5774 785 5838; x_wconf 88' lang='grc' dir='ltr'>Παῦλος</span> <span class='ocrx_word' id='word_1_499' title='bbox 807 5777 944 5847; x_wconf 82' lang='grc' dir='ltr'>πρὸς</span> <span class='ocrx_word' id='word_1_500' title='bbox 973 5779 1099 5840; x_wconf 77' lang='grc' dir='ltr'>τοὺς</span> <span class='ocrx_word' id='word_1_501' title='bbox 1121 5778 1177 5845; x_wconf 81' lang='grc' dir='ltr'>ἐξ</span> <span class='ocrx_word' id='word_1_502' title='bbox 1213 5777 1478 5850; x_wconf 85' lang='grc' dir='ltr'>Ἑϐραίων</span> <span class='ocrx_word' id='word_1_503' title='bbox 1512 5781 1944 5848; x_wconf 78' lang='grc' dir='ltr'>πεπιστευκότας</span> 
     </span>
    </p>
   </div>
   <div class='ocr_carea' id='block_1_67' title="bbox 355 5860 1940 5938">
    <p class='ocr_par' dir='ltr' id='par_1_67' title="bbox 355 5860 1940 5938">
     <span class='ocr_line' id='line_1_67' title="bbox 355 5860 1940 5938; baseline 0.005 -25"><span class='ocrx_word' id='word_1_504' title='bbox 355 5860 685 5914; x_wconf 74' lang='grc' dir='ltr'>ἐπιστέλλων</span> <span class='ocrx_word' id='word_1_505' title='bbox 729 5863 807 5924; x_wconf 87' lang='grc' dir='ltr'>εἰς</span> <span class='ocrx_word' id='word_1_506' title='bbox 843 5863 1008 5929; x_wconf 81' lang='grc' dir='ltr'>μέσον</span> <span class='ocrx_word' id='word_1_507' title='bbox 1037 5864 1322 5934; x_wconf 83' lang='grc' dir='ltr'>παράγων,</span> <span class='ocrx_word' id='word_1_508' title='bbox 1354 5867 1447 5918; x_wconf 86' lang='grc' dir='ltr'>καί</span> <span class='ocrx_word' id='word_1_509' title='bbox 1474 5866 1535 5918; x_wconf 75' lang='grc' dir='ltr'>τὸ</span> <span class='ocrx_word' id='word_1_510' title='bbox 1567 5867 1737 5938; x_wconf 68' lang='grc' dir='ltr'>ὄνομα</span> <span class='ocrx_word' id='word_1_511' title='bbox 1777 5869 1940 5923; x_wconf 81' lang='grc' dir='ltr'>αὑτοῦ</span> 
     </span>
    </p>
   </div>
   <div class='ocr_carea' id='block_1_68' title="bbox 358 5943 1942 6022">
    <p class='ocr_par' dir='ltr' id='par_1_68' title="bbox 358 5943 1942 6022">
     <span class='ocr_line' id='line_1_68' title="bbox 358 5943 1942 6022; baseline 0.008 -27"><span class='ocrx_word' id='word_1_512' title='bbox 358 5943 739 6014; x_wconf 76' lang='grc' dir='ltr'>περιστρέφων</span> <span class='ocrx_word' id='word_1_513' title='bbox 767 5947 858 5997; x_wconf 77' lang='grc' dir='ltr'>καὶ</span> <span class='ocrx_word' id='word_1_514' title='bbox 883 5946 1054 6014; x_wconf 85' lang='grc' dir='ltr'>πόλιν,</span> <span class='ocrx_word' id='word_1_515' title='bbox 1081 5948 1216 6018; x_wconf 86' lang='grc' dir='ltr'>όμοῦ</span> <span class='ocrx_word' id='word_1_516' title='bbox 1245 5950 1534 6022; x_wconf 79' lang='grc' dir='ltr'>ἐρμηνεύει</span> <span class='ocrx_word' id='word_1_517' title='bbox 1559 5950 1651 6004; x_wconf 87' lang='grc' dir='ltr'>τοῦ</span> <span class='ocrx_word' id='word_1_518' title='bbox 1680 5953 1942 6022; x_wconf 76' lang='grc' dir='ltr'>ὀνόματος</span> 
     </span>
    </p>
   </div>
   <div class='ocr_carea' id='block_1_69' title="bbox 1345 325 2596 393">
    <p class='ocr_par' dir='ltr' id='par_1_69' title="bbox 1345 325 2596 393">
     <span class='ocr_line' id='line_1_69' title="bbox 1345 325 2596 393; baseline -0.01 -1"><span class='ocrx_word' id='word_1_519' title='bbox 1345 338 1410 392; x_wconf 79' lang='grc' dir='ltr'><strong>ΙΝ</strong></span> <span class='ocrx_word' id='word_1_520' title='bbox 1449 336 1600 393; x_wconf 68' lang='grc' dir='ltr'>αλιι.</span> <span class='ocrx_word' id='word_1_521' title='bbox 1643 331 1759 390; x_wconf 77' lang='lat' dir='ltr'>XIV</span> <span class='ocrx_word' id='word_1_522' title='bbox 1803 325 2051 386; x_wconf 80' lang='lat' dir='ltr'>GENES.</span> <span class='ocrx_word' id='word_1_523' title='bbox 2098 325 2329 381; x_wconf 76' lang='lat' dir='ltr'>HOMIL.</span> <span class='ocrx_word' id='word_1_524' title='bbox 2373 325 2596 382; x_wconf 75' lang='lat' dir='ltr'><strong>XXXV.</strong></span> 
     </span>
    </p>
   </div>
   <div class='ocr_carea' id='block_1_70' title="bbox 3522 315 3632 372">
    <p class='ocr_par' dir='ltr' id='par_1_70' title="bbox 3522 315 3632 372">
     <span class='ocr_line' id='line_1_70' title="bbox 3522 315 3632 372; baseline 0.018 -2"><span class='ocrx_word' id='word_1_525' title='bbox 3522 315 3632 372; x_wconf 61' lang='grc' dir='ltr'>ωδ</span> 
     </span>
    </p>
   </div>
   <div class='ocr_carea' id='block_1_71' title="bbox 2022 431 3622 513">
    <p class='ocr_par' dir='ltr' id='par_1_71' title="bbox 2022 431 3622 513">
     <span class='ocr_line' id='line_1_71' title="bbox 2022 431 3622 513; baseline -0.006 -20"><span class='ocrx_word' id='word_1_526' title='bbox 2022 443 2120 513; x_wconf 75' lang='grc' dir='ltr'>τὴν</span> <span class='ocrx_word' id='word_1_527' title='bbox 2149 443 2448 513; x_wconf 88' lang='grc' dir='ltr'>σημασίαν,</span> <span class='ocrx_word' id='word_1_528' title='bbox 2481 442 2576 496; x_wconf 70' lang='grc' dir='ltr'>καὶ</span> <span class='ocrx_word' id='word_1_529' title='bbox 2604 438 2937 511; x_wconf 79' lang='grc' dir='ltr'>ἐτυμολογίᾳ</span> <span class='ocrx_word' id='word_1_530' title='bbox 2972 435 3079 491; x_wconf 71' lang='grc' dir='ltr'>τινὶ</span> <span class='ocrx_word' id='word_1_531' title='bbox 3119 434 3389 507; x_wconf 87' lang='grc' dir='ltr'>κέχρηται</span> <span class='ocrx_word' id='word_1_532' title='bbox 3423 431 3622 501; x_wconf 76' lang='grc' dir='ltr'>λέγων,</span> 
     </span>
    </p>
   </div>
   <div class='ocr_carea' id='block_1_72' title="bbox 2020 514 3628 596">
    <p class='ocr_par' dir='ltr' id='par_1_72' title="bbox 2020 514 3628 596">
     <span class='ocr_line' id='line_1_72' title="bbox 2020 514 3628 596; baseline -0.006 -17"><span class='ocrx_word' id='word_1_533' title='bbox 2020 526 2419 596; x_wconf 80' lang='grc' dir='ltr'>Μελχισεδὲκ,</span> <span class='ocrx_word' id='word_1_534' title='bbox 2441 525 2746 592; x_wconf 68' lang='grc' dir='ltr'>,βασιλεὺς</span> <span class='ocrx_word' id='word_1_535' title='bbox 2766 523 3182 588; x_wconf 85' lang='grc' dir='ltr'>δικαιοσύνης.</span> <span class='ocrx_word' id='word_1_536' title='bbox 3206 518 3317 573; x_wconf 83' lang='lat' dir='ltr'><strong><em>Kal</em></strong></span> <span class='ocrx_word' id='word_1_537' title='bbox 3343 517 3456 585; x_wconf 83' lang='grc' dir='ltr'>γὰρ</span> <span class='ocrx_word' id='word_1_538' title='bbox 3481 514 3628 570; x_wconf 81' lang='grc' dir='ltr'>κατά</span> 
     </span>
    </p>
   </div>
   <div class='ocr_carea' id='block_1_73' title="bbox 2018 599 3626 680">
    <p class='ocr_par' dir='ltr' id='par_1_73' title="bbox 2018 599 3626 680">
     <span class='ocr_line' id='line_1_73' title="bbox 2018 599 3626 680; baseline -0.008 -18"><span class='ocrx_word' id='word_1_539' title='bbox 2018 610 2118 680; x_wconf 80' lang='grc' dir='ltr'>τὴν</span> <span class='ocrx_word' id='word_1_540' title='bbox 2149 609 2449 680; x_wconf 80' lang='grc' dir='ltr'>Ἐϐραῖκὴν</span> <span class='ocrx_word' id='word_1_541' title='bbox 2479 608 2728 677; x_wconf 86' lang='grc' dir='ltr'>γλῶτταν</span> <span class='ocrx_word' id='word_1_542' title='bbox 2774 606 2838 660; x_wconf 80' lang='grc' dir='ltr'>τὸ</span> <span class='ocrx_word' id='word_1_543' title='bbox 2885 606 2984 676; x_wconf 82' lang='grc' dir='ltr'>μὲν</span> <span class='ocrx_word' id='word_1_544' title='bbox 3009 602 3184 674; x_wconf 74' lang='grc' dir='ltr'>Μελχὶ</span> <span class='ocrx_word' id='word_1_545' title='bbox 3220 599 3496 673; x_wconf 87' lang='grc' dir='ltr'>βασιλείαν</span> <span class='ocrx_word' id='word_1_546' title='bbox 3522 615 3626 670; x_wconf 77' lang='grc' dir='ltr'>σηο</span> 
     </span>
    </p>
   </div>
   <div class='ocr_carea' id='block_1_74' title="bbox 2023 680 3628 761">
    <p class='ocr_par' dir='ltr' id='par_1_74' title="bbox 2023 680 3628 761">
     <span class='ocr_line' id='line_1_74' title="bbox 2023 680 3628 761; baseline -0.007 -17"><span class='ocrx_word' id='word_1_547' title='bbox 2023 692 2226 761; x_wconf 85' lang='grc' dir='ltr'>μαίνει,</span> <span class='ocrx_word' id='word_1_548' title='bbox 2257 694 2320 746; x_wconf 83' lang='grc' dir='ltr'>τὺ</span> <span class='ocrx_word' id='word_1_549' title='bbox 2341 691 2398 746; x_wconf 79' lang='grc' dir='ltr'>δέ</span> <span class='ocrx_word' id='word_1_550' title='bbox 2425 693 2610 755; x_wconf 84' lang='grc' dir='ltr'>Σεδέκ,</span> <span class='ocrx_word' id='word_1_551' title='bbox 2640 689 3010 760; x_wconf 87' lang='grc' dir='ltr'>δικαιοσύνην.</span> <span class='ocrx_word' id='word_1_552' title='bbox 3043 682 3175 739; x_wconf 72' lang='grc' dir='ltr'>Εἶτα</span> <span class='ocrx_word' id='word_1_553' title='bbox 3207 684 3302 738; x_wconf 73' lang='grc' dir='ltr'>καὶ</span> <span class='ocrx_word' id='word_1_554' title='bbox 3331 683 3409 746; x_wconf 85' lang='grc' dir='ltr'>εἰς</span> <span class='ocrx_word' id='word_1_555' title='bbox 3431 681 3492 736; x_wconf 78' lang='grc' dir='ltr'>τὸ</span> <span class='ocrx_word' id='word_1_556' title='bbox 3511 680 3628 734; x_wconf 84' lang='grc' dir='ltr'>δνο-</span> 
     </span>
    </p>
   </div>
   <div class='ocr_carea' id='block_1_75' title="bbox 2023 762 3626 846">
    <p class='ocr_par' dir='ltr' id='par_1_75' title="bbox 2023 762 3626 846">
     <span class='ocr_line' id='line_1_75' title="bbox 2023 762 3626 846; baseline -0.009 -16"><span class='ocrx_word' id='word_1_557' title='bbox 2023 793 2100 846; x_wconf 90' lang='grc' dir='ltr'>μα</span> <span class='ocrx_word' id='word_1_558' title='bbox 2123 777 2224 846; x_wconf 83' lang='grc' dir='ltr'>τῆς</span> <span class='ocrx_word' id='word_1_559' title='bbox 2250 775 2461 840; x_wconf 84' lang='grc' dir='ltr'>πόλεως</span> <span class='ocrx_word' id='word_1_560' title='bbox 2491 775 2663 829; x_wconf 83' lang='grc' dir='ltr'>ἐλθών</span> <span class='ocrx_word' id='word_1_561' title='bbox 2683 791 2840 844; x_wconf 83' lang='grc' dir='ltr'>φησι,</span> <span class='ocrx_word' id='word_1_562' title='bbox 2874 770 3138 833; x_wconf 79' lang='grc' dir='ltr'>Βασιλεὺς</span> <span class='ocrx_word' id='word_1_563' title='bbox 3159 767 3405 838; x_wconf 88' lang='grc' dir='ltr'>εἰρήνης·</span> <span class='ocrx_word' id='word_1_564' title='bbox 3430 764 3495 817; x_wconf 74' lang='grc' dir='ltr'>τὸ</span> <span class='ocrx_word' id='word_1_565' title='bbox 3514 762 3626 834; x_wconf 77' lang='grc' dir='ltr'>γάρ</span> 
     </span>
    </p>
   </div>
   <div class='ocr_carea' id='block_1_76' title="bbox 2022 847 3628 930">
    <p class='ocr_par' dir='ltr' id='par_1_76' title="bbox 2022 847 3628 930">
     <span class='ocr_line' id='line_1_76' title="bbox 2022 847 3628 930; baseline -0.007 -20"><span class='ocrx_word' id='word_1_566' title='bbox 2022 855 2212 927; x_wconf 81' lang='grc' dir='ltr'>Σαλὴμ</span> <span class='ocrx_word' id='word_1_567' title='bbox 2241 860 2468 930; x_wconf 85' lang='grc' dir='ltr'>εἰρήνην</span> <span class='ocrx_word' id='word_1_568' title='bbox 2495 857 2772 930; x_wconf 83' lang='grc' dir='ltr'>ἐμφαίνει.</span> <span class='ocrx_word' id='word_1_569' title='bbox 2805 855 3011 926; x_wconf 78' lang='grc' dir='ltr'>Ἱερεῦς</span> <span class='ocrx_word' id='word_1_570' title='bbox 3041 852 3097 906; x_wconf 79' lang='grc' dir='ltr'>δέ</span> <span class='ocrx_word' id='word_1_571' title='bbox 3117 847 3184 922; x_wconf 83' lang='grc' dir='ltr'>ἦν</span> <span class='ocrx_word' id='word_1_572' title='bbox 3215 850 3347 912; x_wconf 77' lang='grc' dir='ltr'>ἴσως</span> <span class='ocrx_word' id='word_1_573' title='bbox 3378 847 3628 930; x_wconf 13' lang='grc' dir='ltr'>αὑτοχειᾷ·</span> 
     </span>
    </p>
   </div>
   <div class='ocr_carea' id='block_1_77' title="bbox 2022 926 3628 1012">
    <p class='ocr_par' dir='ltr' id='par_1_77' title="bbox 2022 926 3628 1012">
     <span class='ocr_line' id='line_1_77' title="bbox 2022 926 3628 1012; baseline -0.007 -19"><span class='ocrx_word' id='word_1_574' title='bbox 2022 926 2329 1012; x_wconf 81' lang='grc' dir='ltr'>ροτόνητος·</span> <span class='ocrx_word' id='word_1_575' title='bbox 2355 926 2504 994; x_wconf 77' lang='grc' dir='ltr'>οὕτω</span> <span class='ocrx_word' id='word_1_576' title='bbox 2523 926 2634 1012; x_wconf 74' lang='grc' dir='ltr'>γὰρ</span> <span class='ocrx_word' id='word_1_577' title='bbox 2663 935 2805 1011; x_wconf 78' lang='grc' dir='ltr'>ἦσαν</span> <span class='ocrx_word' id='word_1_578' title='bbox 2823 938 2945 992; x_wconf 87' lang='grc' dir='ltr'>τότε</span> <span class='ocrx_word' id='word_1_579' title='bbox 2973 938 3022 990; x_wconf 88' lang='grc' dir='ltr'>οἱ</span> <span class='ocrx_word' id='word_1_580' title='bbox 3058 936 3246 1006; x_wconf 79' lang='grc' dir='ltr'>ἱερεῖς·</span> <span class='ocrx_word' id='word_1_581' title='bbox 3276 931 3395 1002; x_wconf 72' lang='grc' dir='ltr'>ἦτοι</span> <span class='ocrx_word' id='word_1_582' title='bbox 3425 926 3518 985; x_wconf 80' lang='grc' dir='ltr'>οὖν</span> <span class='ocrx_word' id='word_1_583' title='bbox 3537 928 3628 982; x_wconf 85' lang='grc' dir='ltr'>διά</span> 
     </span>
    </p>
   </div>
   <div class='ocr_carea' id='block_1_78' title="bbox 2019 1013 3626 1097">
    <p class='ocr_par' dir='ltr' id='par_1_78' title="bbox 2019 1013 3626 1097">
     <span class='ocr_line' id='line_1_78' title="bbox 2019 1013 3626 1097; baseline -0.008 -19"><span class='ocrx_word' id='word_1_584' title='bbox 2019 1026 2082 1078; x_wconf 83' lang='grc' dir='ltr'>τὸ</span> <span class='ocrx_word' id='word_1_585' title='bbox 2108 1028 2174 1096; x_wconf 78' lang='grc' dir='ltr'>τῇ</span> <span class='ocrx_word' id='word_1_586' title='bbox 2205 1025 2394 1096; x_wconf 79' lang='grc' dir='ltr'>ἡλικίᾳ</span> <span class='ocrx_word' id='word_1_587' title='bbox 2431 1026 2702 1097; x_wconf 73' lang='grc' dir='ltr'>προϐῆναι</span> <span class='ocrx_word' id='word_1_588' title='bbox 2744 1026 2795 1082; x_wconf 79' lang='grc' dir='ltr'>οἰ</span> <span class='ocrx_word' id='word_1_589' title='bbox 2834 1022 3206 1094; x_wconf 86' lang='grc' dir='ltr'>προσήκοντες</span> <span class='ocrx_word' id='word_1_590' title='bbox 3246 1013 3399 1086; x_wconf 79' lang='grc' dir='ltr'>αύτῷ</span> <span class='ocrx_word' id='word_1_591' title='bbox 3427 1015 3626 1068; x_wconf 83' lang='grc' dir='ltr'>ἀπονε-</span> 
     </span>
    </p>
   </div>
   <div class='ocr_carea' id='block_1_79' title="bbox 2021 1098 3627 1180">
    <p class='ocr_par' dir='ltr' id='par_1_79' title="bbox 2021 1098 3627 1180">
     <span class='ocr_line' id='line_1_79' title="bbox 2021 1098 3627 1180; baseline -0.008 -18"><span class='ocrx_word' id='word_1_592' title='bbox 2021 1110 2295 1180; x_wconf 83' lang='grc' dir='ltr'>νεμήκασι</span> <span class='ocrx_word' id='word_1_593' title='bbox 2327 1108 2424 1180; x_wconf 81' lang='grc' dir='ltr'>τὴν</span> <span class='ocrx_word' id='word_1_594' title='bbox 2455 1111 2645 1180; x_wconf 81' lang='grc' dir='ltr'>τιμήν·</span> <span class='ocrx_word' id='word_1_595' title='bbox 2680 1109 2714 1180; x_wconf 78' lang='grc' dir='ltr'>ἢ</span> <span class='ocrx_word' id='word_1_596' title='bbox 2750 1108 2846 1162; x_wconf 78' lang='lat' dir='ltr'><strong><em>xal</em></strong></span> <span class='ocrx_word' id='word_1_597' title='bbox 2879 1105 3044 1169; x_wconf 78' lang='grc' dir='ltr'>αὐτὸς</span> <span class='ocrx_word' id='word_1_598' title='bbox 3088 1098 3395 1176; x_wconf 76' lang='grc' dir='ltr'>ἱερατεύειν</span> <span class='ocrx_word' id='word_1_599' title='bbox 3426 1099 3627 1180; x_wconf 58' lang='grc' dir='ltr'>ἐπετήέ</span> 
     </span>
    </p>
   </div>
   <div class='ocr_carea' id='block_1_80' title="bbox 2019 1179 3630 1263">
    <p class='ocr_par' dir='ltr' id='par_1_80' title="bbox 2019 1179 3630 1263">
     <span class='ocr_line' id='line_1_80' title="bbox 2019 1179 3630 1263; baseline -0.006 -19"><span class='ocrx_word' id='word_1_600' title='bbox 2019 1179 2200 1256; x_wconf 78' lang='grc' dir='ltr'>δεῦσε,</span> <span class='ocrx_word' id='word_1_601' title='bbox 2231 1179 2486 1263; x_wconf 83' lang='grc' dir='ltr'>καθάπερ</span> <span class='ocrx_word' id='word_1_602' title='bbox 2513 1179 2542 1245; x_wconf 96' lang='lat'>6</span> <span class='ocrx_word' id='word_1_603' title='bbox 2575 1179 2722 1256; x_wconf 75' lang='grc' dir='ltr'>Νῶε,</span> <span class='ocrx_word' id='word_1_604' title='bbox 2750 1191 3005 1260; x_wconf 84' lang='grc' dir='ltr'>καθάπερ</span> <span class='ocrx_word' id='word_1_605' title='bbox 3034 1189 3062 1241; x_wconf 91' lang='lat'>6</span> <span class='ocrx_word' id='word_1_606' title='bbox 3090 1185 3280 1249; x_wconf 80' lang='grc' dir='ltr'>Ἀϐελ,</span> <span class='ocrx_word' id='word_1_607' title='bbox 3310 1181 3564 1251; x_wconf 87' lang='grc' dir='ltr'>καθάπερ</span> <span class='ocrx_word' id='word_1_608' title='bbox 3595 1179 3630 1232; x_wconf 95' lang='lat'>6</span> 
     </span>
    </p>
   </div>
   <div class='ocr_carea' id='block_1_81' title="bbox 2035 1263 3627 1348">
    <p class='ocr_par' dir='ltr' id='par_1_81' title="bbox 2035 1263 3627 1348">
     <span class='ocr_line' id='line_1_81' title="bbox 2035 1263 3627 1348; baseline -0.008 -19"><span class='ocrx_word' id='word_1_609' title='bbox 2035 1274 2307 1347; x_wconf 76' lang='grc' dir='ltr'>Ἀϐραάμ,</span> <span class='ocrx_word' id='word_1_610' title='bbox 2331 1276 2497 1348; x_wconf 79' lang='grc' dir='ltr'>ήνίκα</span> <span class='ocrx_word' id='word_1_611' title='bbox 2524 1275 2626 1340; x_wconf 84' lang='grc' dir='ltr'>τὰς</span> <span class='ocrx_word' id='word_1_612' title='bbox 2652 1275 2845 1339; x_wconf 90' lang='grc' dir='ltr'>θυσίας</span> <span class='ocrx_word' id='word_1_613' title='bbox 2876 1273 3175 1346; x_wconf 84' lang='grc' dir='ltr'>προσῆγον.</span> <span class='ocrx_word' id='word_1_614' title='bbox 3208 1268 3422 1333; x_wconf 73' lang='grc' dir='ltr'>’Ἄλλως</span> <span class='ocrx_word' id='word_1_615' title='bbox 3444 1265 3501 1318; x_wconf 74' lang='grc' dir='ltr'>δὲ</span> <span class='ocrx_word' id='word_1_616' title='bbox 3529 1263 3627 1348; x_wconf 60' lang='grc' dir='ltr'>καὶ</span> 
     </span>
    </p>
   </div>
   <div class='ocr_carea' id='block_1_82' title="bbox 2019 1347 3627 1430">
    <p class='ocr_par' dir='ltr' id='par_1_82' title="bbox 2019 1347 3627 1430">
     <span class='ocr_line' id='line_1_82' title="bbox 2019 1347 3627 1430; baseline -0.007 -19"><span class='ocrx_word' id='word_1_617' title='bbox 2019 1358 2191 1422; x_wconf 87' lang='grc' dir='ltr'>τύπος</span> <span class='ocrx_word' id='word_1_618' title='bbox 2217 1359 2440 1429; x_wconf 75' lang='grc' dir='ltr'>ἔμελλεν</span> <span class='ocrx_word' id='word_1_619' title='bbox 2463 1355 2604 1413; x_wconf 76' lang='grc' dir='ltr'>εἶναι</span> <span class='ocrx_word' id='word_1_620' title='bbox 2626 1359 2723 1412; x_wconf 84' lang='grc' dir='ltr'>τοῦ</span> <span class='ocrx_word' id='word_1_621' title='bbox 2755 1354 3016 1430; x_wconf 86' lang='grc' dir='ltr'>Χριστοῦ.</span> <span class='ocrx_word' id='word_1_622' title='bbox 3047 1354 3146 1408; x_wconf 86' lang='grc' dir='ltr'>Διά</span> <span class='ocrx_word' id='word_1_623' title='bbox 3170 1349 3322 1426; x_wconf 71' lang='grc'>[557]</span> <span class='ocrx_word' id='word_1_624' title='bbox 3346 1349 3505 1404; x_wconf 91' lang='grc' dir='ltr'>τοῦτο</span> <span class='ocrx_word' id='word_1_625' title='bbox 3530 1347 3627 1430; x_wconf 72' lang='grc' dir='ltr'>καὶ</span> 
     </span>
    </p>
   </div>
   <div class='ocr_carea' id='block_1_83' title="bbox 2023 1429 3629 1512">
    <p class='ocr_par' dir='ltr' id='par_1_83' title="bbox 2023 1429 3629 1512">
     <span class='ocr_line' id='line_1_83' title="bbox 2023 1429 3629 1512; baseline -0.006 -16"><span class='ocrx_word' id='word_1_626' title='bbox 2023 1441 2234 1506; x_wconf 86' lang='grc' dir='ltr'>Παῦλος</span> <span class='ocrx_word' id='word_1_627' title='bbox 2243 1442 2418 1506; x_wconf 78' lang='grc' dir='ltr'>οὕτως</span> <span class='ocrx_word' id='word_1_628' title='bbox 2434 1442 2598 1496; x_wconf 79' lang='grc' dir='ltr'>αὑτὸν</span> <span class='ocrx_word' id='word_1_629' title='bbox 2613 1429 2948 1512; x_wconf 78' lang='grc' dir='ltr'>ἐκλαμϐάνει</span> <span class='ocrx_word' id='word_1_630' title='bbox 2960 1439 3158 1508; x_wconf 83' lang='grc' dir='ltr'>λέγων·</span> <span class='ocrx_word' id='word_1_631' title='bbox 3177 1434 3469 1502; x_wconf 79' lang='grc' dir='ltr'>Ἀπάτωρ,</span> <span class='ocrx_word' id='word_1_632' title='bbox 3481 1429 3629 1501; x_wconf 81' lang='grc' dir='ltr'>ἁμή-</span> 
     </span>
    </p>
   </div>
   <div class='ocr_carea' id='block_1_84' title="bbox 2022 1513 3626 1595">
    <p class='ocr_par' dir='ltr' id='par_1_84' title="bbox 2022 1513 3626 1595">
     <span class='ocr_line' id='line_1_84' title="bbox 2022 1513 3626 1595; baseline 0 -17"><span class='ocrx_word' id='word_1_633' title='bbox 2022 1541 2158 1594; x_wconf 86' lang='grc' dir='ltr'>τωρ,</span> <span class='ocrx_word' id='word_1_634' title='bbox 2199 1526 2705 1595; x_wconf 69' lang='grc' dir='ltr'>ἀγενεαλόγητος,</span> <span class='ocrx_word' id='word_1_635' title='bbox 2739 1523 2895 1594; x_wconf 85' lang='grc' dir='ltr'>μήτε</span> <span class='ocrx_word' id='word_1_636' title='bbox 2937 1519 3140 1590; x_wconf 77' lang='grc' dir='ltr'>ἀρχὴν</span> <span class='ocrx_word' id='word_1_637' title='bbox 3175 1519 3335 1590; x_wconf 74' lang='grc' dir='ltr'>ἔχων</span> <span class='ocrx_word' id='word_1_638' title='bbox 3365 1513 3626 1586; x_wconf 71' lang='grc' dir='ltr'>ἠμερῶνν</span> 
     </span>
    </p>
   </div>
   <div class='ocr_carea' id='block_1_85' title="bbox 2017 1595 3627 1679">
    <p class='ocr_par' dir='ltr' id='par_1_85' title="bbox 2017 1595 3627 1679">
     <span class='ocr_line' id='line_1_85' title="bbox 2017 1595 3627 1679; baseline -0.019 1"><span class='ocrx_word' id='word_1_639' title='bbox 2017 1609 2171 1679; x_wconf 72' lang='grc' dir='ltr'>μήτε</span> <span class='ocrx_word' id='word_1_640' title='bbox 2212 1608 2364 1676; x_wconf 72' lang='grc' dir='ltr'>ζωῆς</span> <span class='ocrx_word' id='word_1_641' title='bbox 2392 1609 2588 1675; x_wconf 72' lang='grc' dir='ltr'>τέλος,</span> <span class='ocrx_word' id='word_1_642' title='bbox 2615 1606 3080 1678; x_wconf 69' lang='grc' dir='ltr'>ἀφωμοιωμένος</span> <span class='ocrx_word' id='word_1_643' title='bbox 3115 1602 3186 1657; x_wconf 81' lang='grc' dir='ltr'>δὲ</span> <span class='ocrx_word' id='word_1_644' title='bbox 3236 1599 3318 1666; x_wconf 84' lang='grc' dir='ltr'>τῷ</span> <span class='ocrx_word' id='word_1_645' title='bbox 3362 1597 3474 1665; x_wconf 85' lang='grc' dir='ltr'>Υίῷ</span> <span class='ocrx_word' id='word_1_646' title='bbox 3518 1595 3627 1652; x_wconf 87' lang='grc' dir='ltr'>τοῦ</span> 
     </span>
    </p>
   </div>
   <div class='ocr_carea' id='block_1_86' title="bbox 2026 1683 3628 1760">
    <p class='ocr_par' dir='ltr' id='par_1_86' title="bbox 2026 1683 3628 1760">
     <span class='ocr_line' id='line_1_86' title="bbox 2026 1683 3628 1760; baseline -0.005 -15"><span class='ocrx_word' id='word_1_647' title='bbox 2026 1691 2196 1757; x_wconf 86' lang='grc' dir='ltr'>Θεοῦ,</span> <span class='ocrx_word' id='word_1_648' title='bbox 2220 1691 2389 1760; x_wconf 76' lang='grc' dir='ltr'>μένει</span> <span class='ocrx_word' id='word_1_649' title='bbox 2427 1691 2624 1760; x_wconf 84' lang='grc' dir='ltr'>ιερεὺς</span> <span class='ocrx_word' id='word_1_650' title='bbox 2651 1694 2742 1758; x_wconf 86' lang='grc' dir='ltr'>εἰς</span> <span class='ocrx_word' id='word_1_651' title='bbox 2777 1693 2842 1744; x_wconf 85' lang='grc' dir='ltr'>τὸ</span> <span class='ocrx_word' id='word_1_652' title='bbox 2870 1689 3166 1757; x_wconf 83' lang='grc' dir='ltr'>διηνεκές.</span> <span class='ocrx_word' id='word_1_653' title='bbox 3205 1686 3318 1738; x_wconf 78' lang='lat' dir='ltr'><strong><em>Kal</em></strong></span> <span class='ocrx_word' id='word_1_654' title='bbox 3350 1683 3489 1746; x_wconf 79' lang='grc' dir='ltr'>πῶς,</span> <span class='ocrx_word' id='word_1_655' title='bbox 3517 1698 3628 1751; x_wconf 81' lang='grc' dir='ltr'>φη·</span> 
     </span>
    </p>
   </div>
   <div class='ocr_carea' id='block_1_87' title="bbox 2025 1765 3632 1846">
    <p class='ocr_par' dir='ltr' id='par_1_87' title="bbox 2025 1765 3632 1846">
     <span class='ocr_line' id='line_1_87' title="bbox 2025 1765 3632 1846; baseline -0.007 -18"><span class='ocrx_word' id='word_1_656' title='bbox 2025 1774 2132 1838; x_wconf 72' lang='grc' dir='ltr'>σλν,</span> <span class='ocrx_word' id='word_1_657' title='bbox 2164 1769 2275 1828; x_wconf 73' lang='grc' dir='ltr'>οἷόν</span> <span class='ocrx_word' id='word_1_658' title='bbox 2305 1791 2362 1827; x_wconf 87' lang='grc' dir='ltr'>τε</span> <span class='ocrx_word' id='word_1_659' title='bbox 2394 1773 2682 1846; x_wconf 80' lang='grc' dir='ltr'>ἄνθρωπον</span> <span class='ocrx_word' id='word_1_660' title='bbox 2704 1774 2836 1827; x_wconf 76' lang='grc' dir='ltr'>ὄντα</span> <span class='ocrx_word' id='word_1_661' title='bbox 2865 1771 3119 1843; x_wconf 80' lang='grc' dir='ltr'>ἀπάτορα</span> <span class='ocrx_word' id='word_1_662' title='bbox 3145 1765 3286 1823; x_wconf 79' lang='grc' dir='ltr'>εἶναι</span> <span class='ocrx_word' id='word_1_663' title='bbox 3308 1767 3406 1820; x_wconf 80' lang='grc' dir='ltr'>καὶ</span> <span class='ocrx_word' id='word_1_664' title='bbox 3428 1766 3632 1837; x_wconf 83' lang='grc' dir='ltr'>ἀμήτο-</span> 
     </span>
    </p>
   </div>
   <div class='ocr_carea' id='block_1_88' title="bbox 2027 1849 3627 1932">
    <p class='ocr_par' dir='ltr' id='par_1_88' title="bbox 2027 1849 3627 1932">
     <span class='ocr_line' id='line_1_88' title="bbox 2027 1849 3627 1932; baseline -0.001 -19"><span class='ocrx_word' id='word_1_665' title='bbox 2027 1877 2116 1932; x_wconf 86' lang='grc' dir='ltr'>ρα.</span> <span class='ocrx_word' id='word_1_666' title='bbox 2145 1860 2242 1913; x_wconf 76' lang='grc' dir='ltr'>καὶ</span> <span class='ocrx_word' id='word_1_667' title='bbox 2274 1860 2410 1931; x_wconf 86' lang='grc' dir='ltr'>μήτε</span> <span class='ocrx_word' id='word_1_668' title='bbox 2441 1859 2618 1930; x_wconf 78' lang='grc' dir='ltr'>ἀρχὴν</span> <span class='ocrx_word' id='word_1_669' title='bbox 2641 1857 2869 1931; x_wconf 85' lang='grc' dir='ltr'>ήμερῶν</span> <span class='ocrx_word' id='word_1_670' title='bbox 2895 1857 3062 1927; x_wconf 83' lang='grc' dir='ltr'>ἐχειν,</span> <span class='ocrx_word' id='word_1_671' title='bbox 3099 1855 3237 1926; x_wconf 84' lang='grc' dir='ltr'>μήτε</span> <span class='ocrx_word' id='word_1_672' title='bbox 3268 1852 3415 1921; x_wconf 80' lang='grc' dir='ltr'>ζωῆς</span> <span class='ocrx_word' id='word_1_673' title='bbox 3441 1849 3595 1911; x_wconf 68' lang='grc' dir='ltr'>τέλος</span> <span class='ocrx_word' id='word_1_674' title='bbox 3610 1863 3627 1912; x_wconf 69' lang='grc' dir='ltr'><strong>ἱ</strong></span> 
     </span>
    </p>
   </div>
   <div class='ocr_carea' id='block_1_89' title="bbox 2029 1933 3630 2014">
    <p class='ocr_par' dir='ltr' id='par_1_89' title="bbox 2029 1933 3630 2014">
     <span class='ocr_line' id='line_1_89' title="bbox 2029 1933 3630 2014; baseline -0.007 -17"><span class='ocrx_word' id='word_1_675' title='bbox 2029 1945 2309 2006; x_wconf 77' lang='grc' dir='ltr'>Ἤκουσας</span> <span class='ocrx_word' id='word_1_676' title='bbox 2326 1943 2410 1996; x_wconf 82' lang='grc' dir='ltr'>ὅτι</span> <span class='ocrx_word' id='word_1_677' title='bbox 2426 1943 2594 2006; x_wconf 85' lang='grc' dir='ltr'>τύπος</span> <span class='ocrx_word' id='word_1_678' title='bbox 2608 1938 2698 2014; x_wconf 76' lang='grc' dir='ltr'>ἦν·</span> <span class='ocrx_word' id='word_1_679' title='bbox 2725 1941 2801 2014; x_wconf 78' lang='grc' dir='ltr'>μὴ</span> <span class='ocrx_word' id='word_1_680' title='bbox 2821 1941 3002 1995; x_wconf 88' lang='grc' dir='ltr'>τοίνυν</span> <span class='ocrx_word' id='word_1_681' title='bbox 3028 1937 3261 2004; x_wconf 77' lang='grc' dir='ltr'>ξενίζον,</span> <span class='ocrx_word' id='word_1_682' title='bbox 3289 1933 3425 2007; x_wconf 83' lang='grc' dir='ltr'>μηδέ</span> <span class='ocrx_word' id='word_1_683' title='bbox 3450 1934 3630 1988; x_wconf 88' lang='grc' dir='ltr'>πάντα</span> 
     </span>
    </p>
   </div>
   <div class='ocr_carea' id='block_1_90' title="bbox 2023 2014 3632 2098">
    <p class='ocr_par' dir='ltr' id='par_1_90' title="bbox 2023 2014 3632 2098">
     <span class='ocr_line' id='line_1_90' title="bbox 2023 2014 3632 2098; baseline -0.007 -18"><span class='ocrx_word' id='word_1_684' title='bbox 2023 2025 2248 2080; x_wconf 89' lang='grc' dir='ltr'>ἀπαίτει</span> <span class='ocrx_word' id='word_1_685' title='bbox 2282 2028 2342 2080; x_wconf 85' lang='grc' dir='ltr'>ἐν</span> <span class='ocrx_word' id='word_1_686' title='bbox 2365 2025 2445 2098; x_wconf 82' lang='grc' dir='ltr'>τῷ</span> <span class='ocrx_word' id='word_1_687' title='bbox 2475 2024 2654 2096; x_wconf 83' lang='grc' dir='ltr'>τύπῳ.</span> <span class='ocrx_word' id='word_1_688' title='bbox 2691 2024 2830 2078; x_wconf 82' lang='grc' dir='ltr'>Οὐδέ</span> <span class='ocrx_word' id='word_1_689' title='bbox 2855 2022 2966 2093; x_wconf 83' lang='grc' dir='ltr'>γὰρ</span> <span class='ocrx_word' id='word_1_690' title='bbox 2991 2022 3058 2076; x_wconf 82' lang='grc' dir='ltr'>ἂν</span> <span class='ocrx_word' id='word_1_691' title='bbox 3092 2021 3177 2091; x_wconf 77' lang='grc' dir='ltr'>εἴη</span> <span class='ocrx_word' id='word_1_692' title='bbox 3206 2019 3400 2082; x_wconf 88' lang='grc' dir='ltr'>τύπος,</span> <span class='ocrx_word' id='word_1_693' title='bbox 3423 2017 3469 2071; x_wconf 91' lang='grc' dir='ltr'>εἰ</span> <span class='ocrx_word' id='word_1_694' title='bbox 3500 2014 3632 2098; x_wconf 67' lang='grc' dir='ltr'>μέλ-</span> 
     </span>
    </p>
   </div>
   <div class='ocr_carea' id='block_1_91' title="bbox 2024 2094 3634 2180">
    <p class='ocr_par' dir='ltr' id='par_1_91' title="bbox 2024 2094 3634 2180">
     <span class='ocr_line' id='line_1_91' title="bbox 2024 2094 3634 2180; baseline -0.005 -18"><span class='ocrx_word' id='word_1_695' title='bbox 2024 2109 2106 2163; x_wconf 92' lang='grc' dir='ltr'>λοι</span> <span class='ocrx_word' id='word_1_696' title='bbox 2142 2109 2321 2164; x_wconf 86' lang='grc' dir='ltr'>πάντα</span> <span class='ocrx_word' id='word_1_697' title='bbox 2357 2094 2501 2180; x_wconf 78' lang='grc' dir='ltr'>ἐχειν</span> <span class='ocrx_word' id='word_1_698' title='bbox 2541 2094 2613 2162; x_wconf 84' lang='grc' dir='ltr'>τά</span> <span class='ocrx_word' id='word_1_699' title='bbox 2639 2110 2708 2180; x_wconf 80' lang='grc' dir='ltr'>τῇ</span> <span class='ocrx_word' id='word_1_700' title='bbox 2738 2105 2972 2178; x_wconf 74' lang='grc' dir='ltr'>ἀληθείᾳ</span> <span class='ocrx_word' id='word_1_701' title='bbox 3004 2103 3393 2176; x_wconf 79' lang='grc' dir='ltr'>συμϐαίνοντα.</span> <span class='ocrx_word' id='word_1_702' title='bbox 3433 2100 3500 2153; x_wconf 90' lang='grc' dir='ltr'>Τί</span> <span class='ocrx_word' id='word_1_703' title='bbox 3536 2094 3634 2154; x_wconf 85' lang='grc' dir='ltr'>οῦν</span> 
     </span>
    </p>
   </div>
   <div class='ocr_carea' id='block_1_92' title="bbox 2025 2180 3634 2264">
    <p class='ocr_par' dir='ltr' id='par_1_92' title="bbox 2025 2180 3634 2264">
     <span class='ocr_line' id='line_1_92' title="bbox 2025 2180 3634 2264; baseline -0.008 -18"><span class='ocrx_word' id='word_1_704' title='bbox 2025 2193 2144 2246; x_wconf 85' lang='grc' dir='ltr'>ἐστι</span> <span class='ocrx_word' id='word_1_705' title='bbox 2188 2191 2251 2245; x_wconf 79' lang='grc' dir='ltr'>τὸ</span> <span class='ocrx_word' id='word_1_706' title='bbox 2293 2191 2624 2264; x_wconf 72' lang='grc' dir='ltr'>εἰρημένονς</span> <span class='ocrx_word' id='word_1_707' title='bbox 2653 2191 2845 2262; x_wconf 81' lang='grc' dir='ltr'>ὥσπερ</span> <span class='ocrx_word' id='word_1_708' title='bbox 2901 2180 3079 2255; x_wconf 76' lang='grc' dir='ltr'>οὗτος,</span> <span class='ocrx_word' id='word_1_709' title='bbox 3134 2186 3291 2256; x_wconf 69' lang='grc' dir='ltr'>φησι,</span> <span class='ocrx_word' id='word_1_710' title='bbox 3334 2183 3424 2237; x_wconf 82' lang='grc' dir='ltr'>διὰ</span> <span class='ocrx_word' id='word_1_711' title='bbox 3463 2181 3527 2234; x_wconf 85' lang='grc' dir='ltr'>τδ</span> <span class='ocrx_word' id='word_1_712' title='bbox 3553 2181 3634 2254; x_wconf 72' lang='grc' dir='ltr'>μὴ</span> 
     </span>
    </p>
   </div>
   <div class='ocr_carea' id='block_1_93' title="bbox 2029 2264 3628 2348">
    <p class='ocr_par' dir='ltr' id='par_1_93' title="bbox 2029 2264 3628 2348">
     <span class='ocr_line' id='line_1_93' title="bbox 2029 2264 3628 2348; baseline -0.008 -18"><span class='ocrx_word' id='word_1_713' title='bbox 2029 2274 2473 2348; x_wconf 77' lang='grc' dir='ltr'>μνημονευθῆναι</span> <span class='ocrx_word' id='word_1_714' title='bbox 2499 2276 2626 2340; x_wconf 70' lang='grc' dir='ltr'>τοὺς</span> <span class='ocrx_word' id='word_1_715' title='bbox 2647 2271 3050 2345; x_wconf 77' lang='grc' dir='ltr'>γεγεννηκότας</span> <span class='ocrx_word' id='word_1_716' title='bbox 3071 2269 3259 2336; x_wconf 85' lang='grc' dir='ltr'>αὑτὸν,</span> <span class='ocrx_word' id='word_1_717' title='bbox 3285 2266 3520 2348; x_wconf 80' lang='grc' dir='ltr'>ἀπάτωρ</span> <span class='ocrx_word' id='word_1_718' title='bbox 3545 2264 3628 2318; x_wconf 79' lang='grc' dir='ltr'>λέ·</span> 
     </span>
    </p>
   </div>
   <div class='ocr_carea' id='block_1_94' title="bbox 2024 2346 3631 2430">
    <p class='ocr_par' dir='ltr' id='par_1_94' title="bbox 2024 2346 3631 2430">
     <span class='ocr_line' id='line_1_94' title="bbox 2024 2346 3631 2430; baseline -0.009 -17"><span class='ocrx_word' id='word_1_719' title='bbox 2024 2346 2184 2429; x_wconf 85' lang='grc' dir='ltr'>γεται</span> <span class='ocrx_word' id='word_1_720' title='bbox 2233 2360 2328 2413; x_wconf 79' lang='grc' dir='ltr'>καὶ</span> <span class='ocrx_word' id='word_1_721' title='bbox 2371 2359 2625 2430; x_wconf 85' lang='grc' dir='ltr'>ἀμήτωρ,</span> <span class='ocrx_word' id='word_1_722' title='bbox 2669 2358 2767 2410; x_wconf 80' lang='grc' dir='ltr'>καὶ</span> <span class='ocrx_word' id='word_1_723' title='bbox 2801 2354 2894 2410; x_wconf 89' lang='grc' dir='ltr'>διά</span> <span class='ocrx_word' id='word_1_724' title='bbox 2937 2354 3001 2407; x_wconf 71' lang='grc' dir='ltr'>τὸ</span> <span class='ocrx_word' id='word_1_725' title='bbox 3033 2353 3109 2424; x_wconf 78' lang='grc' dir='ltr'>μὴ</span> <span class='ocrx_word' id='word_1_726' title='bbox 3146 2346 3631 2420; x_wconf 64' lang='grc' dir='ltr'>γεκαλογηθῆναι,</span> 
     </span>
    </p>
   </div>
   <div class='ocr_carea' id='block_1_95' title="bbox 2026 2433 3634 2512">
    <p class='ocr_par' dir='ltr' id='par_1_95' title="bbox 2026 2433 3634 2512">
     <span class='ocr_line' id='line_1_95' title="bbox 2026 2433 3634 2512; baseline -0.008 -14"><span class='ocrx_word' id='word_1_727' title='bbox 2026 2442 2477 2512; x_wconf 82' lang='grc' dir='ltr'>ἀγενεαλόγητος·</span> <span class='ocrx_word' id='word_1_728' title='bbox 2503 2441 2647 2498; x_wconf 79' lang='grc' dir='ltr'>οὕτω</span> <span class='ocrx_word' id='word_1_729' title='bbox 2672 2441 2768 2495; x_wconf 74' lang='grc' dir='ltr'>καὶ</span> <span class='ocrx_word' id='word_1_730' title='bbox 2797 2443 2826 2495; x_wconf 89' lang='lat'>6</span> <span class='ocrx_word' id='word_1_731' title='bbox 2853 2437 3115 2511; x_wconf 76' lang='grc' dir='ltr'>Χριστὸς,</span> <span class='ocrx_word' id='word_1_732' title='bbox 3152 2435 3242 2489; x_wconf 81' lang='grc' dir='ltr'>διὰ</span> <span class='ocrx_word' id='word_1_733' title='bbox 3271 2435 3333 2488; x_wconf 80' lang='grc' dir='ltr'>τὸ</span> <span class='ocrx_word' id='word_1_734' title='bbox 3365 2433 3442 2506; x_wconf 76' lang='grc' dir='ltr'>μὴ</span> <span class='ocrx_word' id='word_1_735' title='bbox 3469 2434 3634 2504; x_wconf 83' lang='grc' dir='ltr'>ἐσχη-</span> 
     </span>
    </p>
   </div>
   <div class='ocr_carea' id='block_1_96' title="bbox 2027 2516 3635 2598">
    <p class='ocr_par' dir='ltr' id='par_1_96' title="bbox 2027 2516 3635 2598">
     <span class='ocr_line' id='line_1_96' title="bbox 2027 2516 3635 2598; baseline -0.006 -19"><span class='ocrx_word' id='word_1_736' title='bbox 2027 2525 2183 2579; x_wconf 83' lang='grc' dir='ltr'>κέναι</span> <span class='ocrx_word' id='word_1_737' title='bbox 2207 2525 2345 2596; x_wconf 89' lang='grc' dir='ltr'>μήτε</span> <span class='ocrx_word' id='word_1_738' title='bbox 2373 2527 2432 2578; x_wconf 73' lang='grc' dir='ltr'>ἐν</span> <span class='ocrx_word' id='word_1_739' title='bbox 2457 2525 2708 2596; x_wconf 76' lang='grc' dir='ltr'>οὐρανοῖς</span> <span class='ocrx_word' id='word_1_740' title='bbox 2739 2523 2973 2598; x_wconf 78' lang='grc' dir='ltr'>μητέρα,</span> <span class='ocrx_word' id='word_1_741' title='bbox 3001 2521 3142 2593; x_wconf 88' lang='grc' dir='ltr'>μήτε</span> <span class='ocrx_word' id='word_1_742' title='bbox 3165 2517 3260 2572; x_wconf 71' lang='grc' dir='ltr'>ἐπὶ</span> <span class='ocrx_word' id='word_1_743' title='bbox 3279 2519 3380 2589; x_wconf 80' lang='grc' dir='ltr'>τῆς</span> <span class='ocrx_word' id='word_1_744' title='bbox 3399 2516 3507 2588; x_wconf 81' lang='grc' dir='ltr'>γῆς</span> <span class='ocrx_word' id='word_1_745' title='bbox 3527 2532 3635 2570; x_wconf 76' lang='grc' dir='ltr'>παρ</span> 
     </span>
    </p>
   </div>
   <div class='ocr_carea' id='block_1_97' title="bbox 2026 2598 3638 2680">
    <p class='ocr_par' dir='ltr' id='par_1_97' title="bbox 2026 2598 3638 2680">
     <span class='ocr_line' id='line_1_97' title="bbox 2026 2598 3638 2680; baseline -0.004 -19"><span class='ocrx_word' id='word_1_746' title='bbox 2026 2609 2182 2680; x_wconf 77' lang='grc' dir='ltr'>τέρα,</span> <span class='ocrx_word' id='word_1_747' title='bbox 2217 2608 2651 2678; x_wconf 81' lang='grc' dir='ltr'>ἀγενεαλόγητος</span> <span class='ocrx_word' id='word_1_748' title='bbox 2687 2607 2909 2676; x_wconf 81' lang='grc' dir='ltr'>λέγεται</span> <span class='ocrx_word' id='word_1_749' title='bbox 2948 2605 3045 2659; x_wconf 69' lang='grc' dir='ltr'>καὶ</span> <span class='ocrx_word' id='word_1_750' title='bbox 3077 2603 3213 2658; x_wconf 74' lang='grc' dir='ltr'>ἐστι.</span> <span class='ocrx_word' id='word_1_751' title='bbox 3263 2603 3375 2658; x_wconf 81' lang='grc' dir='ltr'>Καὶ</span> <span class='ocrx_word' id='word_1_752' title='bbox 3410 2601 3516 2671; x_wconf 83' lang='grc' dir='ltr'>δρα</span> <span class='ocrx_word' id='word_1_753' title='bbox 3546 2598 3638 2654; x_wconf 83' lang='grc' dir='ltr'>διά</span> 
     </span>
    </p>
   </div>
   <div class='ocr_carea' id='block_1_98' title="bbox 2026 2684 3638 2764">
    <p class='ocr_par' dir='ltr' id='par_1_98' title="bbox 2026 2684 3638 2764">
     <span class='ocr_line' id='line_1_98' title="bbox 2026 2684 3638 2764; baseline -0.006 -19"><span class='ocrx_word' id='word_1_754' title='bbox 2026 2695 2126 2763; x_wconf 79' lang='grc' dir='ltr'>τῆς</span> <span class='ocrx_word' id='word_1_755' title='bbox 2169 2693 2252 2756; x_wconf 85' lang='grc' dir='ltr'>εἰς</span> <span class='ocrx_word' id='word_1_756' title='bbox 2296 2692 2390 2746; x_wconf 81' lang='grc' dir='ltr'>τὸν</span> <span class='ocrx_word' id='word_1_757' title='bbox 2419 2693 2768 2764; x_wconf 87' lang='grc' dir='ltr'>πατριάρχην</span> <span class='ocrx_word' id='word_1_758' title='bbox 2809 2689 2997 2761; x_wconf 85' lang='grc' dir='ltr'>τιμῆς,</span> <span class='ocrx_word' id='word_1_759' title='bbox 3045 2689 3194 2752; x_wconf 83' lang='grc' dir='ltr'>ὅπως</span> <span class='ocrx_word' id='word_1_760' title='bbox 3239 2684 3539 2759; x_wconf 87' lang='grc' dir='ltr'>μυστήριόν</span> <span class='ocrx_word' id='word_1_761' title='bbox 3581 2699 3638 2737; x_wconf 89' lang='grc' dir='ltr'>τι</span> 
     </span>
    </p>
   </div>
   <div class='ocr_carea' id='block_1_99' title="bbox 2029 2767 3639 2847">
    <p class='ocr_par' dir='ltr' id='par_1_99' title="bbox 2029 2767 3639 2847">
     <span class='ocr_line' id='line_1_99' title="bbox 2029 2767 3639 2847; baseline -0.006 -18"><span class='ocrx_word' id='word_1_762' title='bbox 2029 2777 2162 2847; x_wconf 78' lang='grc' dir='ltr'>ἡμῖν</span> <span class='ocrx_word' id='word_1_763' title='bbox 2185 2775 2254 2828; x_wconf 80' lang='grc' dir='ltr'>δι’</span> <span class='ocrx_word' id='word_1_764' title='bbox 2273 2774 2447 2846; x_wconf 81' lang='grc' dir='ltr'>αὐτῆς</span> <span class='ocrx_word' id='word_1_765' title='bbox 2469 2775 2792 2828; x_wconf 87' lang='grc' dir='ltr'>αἰνίττεται.</span> <span class='ocrx_word' id='word_1_766' title='bbox 2830 2771 3125 2843; x_wconf 81' lang='grc' dir='ltr'>Ἐξήνεγκε</span> <span class='ocrx_word' id='word_1_767' title='bbox 3161 2770 3273 2842; x_wconf 82' lang='grc' dir='ltr'>γὰρ</span> <span class='ocrx_word' id='word_1_768' title='bbox 3299 2770 3503 2839; x_wconf 71' lang='grc' dir='ltr'>ἄρτους</span> <span class='ocrx_word' id='word_1_769' title='bbox 3539 2767 3639 2822; x_wconf 77' lang='grc' dir='ltr'>καὶ</span> 
     </span>
    </p>
   </div>
   <div class='ocr_carea' id='block_1_100' title="bbox 2028 2849 3640 2930">
    <p class='ocr_par' dir='ltr' id='par_1_100' title="bbox 2028 2849 3640 2930">
     <span class='ocr_line' id='line_1_100' title="bbox 2028 2849 3640 2930; baseline -0.006 -18"><span class='ocrx_word' id='word_1_770' title='bbox 2028 2854 2191 2914; x_wconf 88' lang='grc' dir='ltr'>οἶνον.</span> <span class='ocrx_word' id='word_1_771' title='bbox 2238 2856 2415 2930; x_wconf 84' lang='grc' dir='ltr'>Ὀρῶν</span> <span class='ocrx_word' id='word_1_772' title='bbox 2447 2857 2538 2910; x_wconf 80' lang='grc' dir='ltr'>τὸν</span> <span class='ocrx_word' id='word_1_773' title='bbox 2580 2857 2774 2921; x_wconf 85' lang='grc' dir='ltr'>τύπον,</span> <span class='ocrx_word' id='word_1_774' title='bbox 2804 2858 2917 2910; x_wconf 89' lang='grc' dir='ltr'>νόει</span> <span class='ocrx_word' id='word_1_775' title='bbox 2958 2872 3049 2926; x_wconf 93' lang='grc' dir='ltr'>μοι</span> <span class='ocrx_word' id='word_1_776' title='bbox 3089 2854 3188 2926; x_wconf 75' lang='grc' dir='ltr'>τὴν</span> <span class='ocrx_word' id='word_1_777' title='bbox 3221 2853 3506 2924; x_wconf 83' lang='grc' dir='ltr'>ἀλήθειαν,</span> <span class='ocrx_word' id='word_1_778' title='bbox 3541 2849 3640 2904; x_wconf 79' lang='grc' dir='ltr'>καὶ</span> 
     </span>
    </p>
   </div>
   <div class='ocr_carea' id='block_1_101' title="bbox 2031 2934 3638 3012">
    <p class='ocr_par' dir='ltr' id='par_1_101' title="bbox 2031 2934 3638 3012">
     <span class='ocr_line' id='line_1_101' title="bbox 2031 2934 3638 3012; baseline -0.005 -17"><span class='ocrx_word' id='word_1_779' title='bbox 2031 2942 2280 3012; x_wconf 78' lang='grc' dir='ltr'>θαύμαζε</span> <span class='ocrx_word' id='word_1_780' title='bbox 2304 2941 2406 3012; x_wconf 83' lang='grc' dir='ltr'>τῆς</span> <span class='ocrx_word' id='word_1_781' title='bbox 2432 2941 2583 3005; x_wconf 88' lang='grc' dir='ltr'>θείας</span> <span class='ocrx_word' id='word_1_782' title='bbox 2608 2941 2836 3012; x_wconf 84' lang='grc' dir='ltr'>Γραφῆς</span> <span class='ocrx_word' id='word_1_783' title='bbox 2868 2939 2969 3011; x_wconf 79' lang='grc' dir='ltr'>τὴν</span> <span class='ocrx_word' id='word_1_784' title='bbox 2997 2938 3250 3012; x_wconf 78' lang='grc' dir='ltr'>δύναμιν,</span> <span class='ocrx_word' id='word_1_785' title='bbox 3288 2935 3407 2999; x_wconf 82' lang='grc' dir='ltr'>πῶς</span> <span class='ocrx_word' id='word_1_786' title='bbox 3429 2934 3638 2989; x_wconf 74' lang='grc' dir='ltr'>ἄνωθεν</span> 
     </span>
    </p>
   </div>
   <div class='ocr_carea' id='block_1_102' title="bbox 2030 3008 3632 3096">
    <p class='ocr_par' dir='ltr' id='par_1_102' title="bbox 2030 3008 3632 3096">
     <span class='ocr_line' id='line_1_102' title="bbox 2030 3008 3632 3096; baseline -0.007 -15"><span class='ocrx_word' id='word_1_787' title='bbox 2030 3008 2232 3081; x_wconf 30' lang='grc' dir='ltr'>καὶνέκ</span> <span class='ocrx_word' id='word_1_788' title='bbox 2270 3008 2572 3096; x_wconf 71' lang='grc' dir='ltr'>προοιμίων</span> <span class='ocrx_word' id='word_1_789' title='bbox 2608 3008 2679 3077; x_wconf 77' lang='grc' dir='ltr'>τά</span> <span class='ocrx_word' id='word_1_790' title='bbox 2723 3008 2988 3094; x_wconf 81' lang='grc' dir='ltr'>μέλλοντα</span> <span class='ocrx_word' id='word_1_791' title='bbox 3032 3008 3252 3075; x_wconf 71' lang='grc' dir='ltr'>ἔσεσθαι</span> <span class='ocrx_word' id='word_1_792' title='bbox 3296 3019 3632 3092; x_wconf 88' lang='grc' dir='ltr'>προεμήνυε.</span> 
     </span>
    </p>
   </div>
   <div class='ocr_carea' id='block_1_103' title="bbox 2032 3100 3637 3178">
    <p class='ocr_par' dir='ltr' id='par_1_103' title="bbox 2032 3100 3637 3178">
     <span class='ocr_line' id='line_1_103' title="bbox 2032 3100 3637 3178; baseline -0.004 -16"><span class='ocrx_word' id='word_1_793' title='bbox 2032 3110 2143 3163; x_wconf 78' lang='grc' dir='ltr'>Καὶ</span> <span class='ocrx_word' id='word_1_794' title='bbox 2177 3109 2501 3178; x_wconf 74' lang='grc' dir='ltr'>εὺλόγησε,</span> <span class='ocrx_word' id='word_1_795' title='bbox 2529 3108 2686 3177; x_wconf 74' lang='grc' dir='ltr'>φησὶ.</span> <span class='ocrx_word' id='word_1_796' title='bbox 2715 3107 2823 3160; x_wconf 85' lang='grc' dir='ltr'>τὸν</span> <span class='ocrx_word' id='word_1_797' title='bbox 2860 3104 3133 3175; x_wconf 75' lang='grc' dir='ltr'>Ἀϐραὰμ,</span> <span class='ocrx_word' id='word_1_798' title='bbox 3168 3105 3268 3158; x_wconf 86' lang='grc' dir='ltr'>καί</span> <span class='ocrx_word' id='word_1_799' title='bbox 3295 3100 3485 3157; x_wconf 74' lang='grc' dir='ltr'>εἶπεν·</span> <span class='ocrx_word' id='word_1_800' title='bbox 3517 3101 3637 3156; x_wconf 78' lang='grc' dir='ltr'>Εὐ-</span> 
     </span>
    </p>
   </div>
   <div class='ocr_carea' id='block_1_104' title="bbox 2031 3179 3642 3262">
    <p class='ocr_par' dir='ltr' id='par_1_104' title="bbox 2031 3179 3642 3262">
     <span class='ocr_line' id='line_1_104' title="bbox 2031 3179 3642 3262; baseline -0.006 -15"><span class='ocrx_word' id='word_1_801' title='bbox 2031 3192 2292 3262; x_wconf 73' lang='grc' dir='ltr'>λογητὸς</span> <span class='ocrx_word' id='word_1_802' title='bbox 2353 3193 2611 3259; x_wconf 80' lang='grc' dir='ltr'>Ἀϐραὰμ</span> <span class='ocrx_word' id='word_1_803' title='bbox 2650 3189 2733 3256; x_wconf 81' lang='grc' dir='ltr'>τῷ</span> <span class='ocrx_word' id='word_1_804' title='bbox 2772 3188 2896 3254; x_wconf 82' lang='grc' dir='ltr'>Θεῷ</span> <span class='ocrx_word' id='word_1_805' title='bbox 2928 3188 3006 3254; x_wconf 79' lang='grc' dir='ltr'>τῷ</span> <span class='ocrx_word' id='word_1_806' title='bbox 3039 3190 3303 3258; x_wconf 74' lang='grc' dir='ltr'>ὑψίστῳ,</span> <span class='ocrx_word' id='word_1_807' title='bbox 3339 3187 3408 3254; x_wconf 78' lang='grc' dir='ltr'>ὃς</span> <span class='ocrx_word' id='word_1_808' title='bbox 3434 3179 3642 3241; x_wconf 73' lang='grc' dir='ltr'>ἔκτισε</span> 
     </span>
    </p>
   </div>
   <div class='ocr_carea' id='block_1_105' title="bbox 2031 3267 3643 3344">
    <p class='ocr_par' dir='ltr' id='par_1_105' title="bbox 2031 3267 3643 3344">
     <span class='ocr_line' id='line_1_105' title="bbox 2031 3267 3643 3344; baseline -0.006 -14"><span class='ocrx_word' id='word_1_809' title='bbox 2031 3276 2141 3329; x_wconf 83' lang='grc' dir='ltr'>τὸν</span> <span class='ocrx_word' id='word_1_810' title='bbox 2166 3276 2432 3344; x_wconf 82' lang='grc' dir='ltr'>οὐρανὸν</span> <span class='ocrx_word' id='word_1_811' title='bbox 2455 3273 2554 3327; x_wconf 87' lang='grc' dir='ltr'>καί</span> <span class='ocrx_word' id='word_1_812' title='bbox 2587 3273 2703 3342; x_wconf 82' lang='grc' dir='ltr'>τὴν</span> <span class='ocrx_word' id='word_1_813' title='bbox 2724 3272 2863 3344; x_wconf 73' lang='grc' dir='ltr'>γῆν.</span> <span class='ocrx_word' id='word_1_814' title='bbox 2891 3271 3005 3327; x_wconf 73' lang='grc' dir='ltr'>Καὶ</span> <span class='ocrx_word' id='word_1_815' title='bbox 3027 3271 3361 3340; x_wconf 74' lang='grc' dir='ltr'>εὐλογητὸς</span> <span class='ocrx_word' id='word_1_816' title='bbox 3383 3272 3415 3323; x_wconf 85' lang='grc' dir='ltr'>ό</span> <span class='ocrx_word' id='word_1_817' title='bbox 3444 3267 3590 3334; x_wconf 81' lang='grc' dir='ltr'>Θεὸς</span> <span class='ocrx_word' id='word_1_818' title='bbox 3608 3269 3643 3322; x_wconf 83' lang='grc' dir='ltr'><strong><em>ὁ</em></strong></span> 
     </span>
    </p>
   </div>
   <div class='ocr_carea' id='block_1_106' title="bbox 2033 3354 3641 3428">
    <p class='ocr_par' dir='ltr' id='par_1_106' title="bbox 2033 3354 3641 3428">
     <span class='ocr_line' id='line_1_106' title="bbox 2033 3354 3641 3428; baseline -0.007 -14"><span class='ocrx_word' id='word_1_819' title='bbox 2033 3360 2316 3428; x_wconf 76' lang='grc' dir='ltr'>ὕψιστος,</span> <span class='ocrx_word' id='word_1_820' title='bbox 2349 3357 2418 3423; x_wconf 85' lang='grc' dir='ltr'>ὃς</span> <span class='ocrx_word' id='word_1_821' title='bbox 2447 3357 2755 3425; x_wconf 81' lang='grc' dir='ltr'>παρέδωκε</span> <span class='ocrx_word' id='word_1_822' title='bbox 2779 3355 2923 3422; x_wconf 86' lang='grc' dir='ltr'>τοὺς</span> <span class='ocrx_word' id='word_1_823' title='bbox 2953 3354 3213 3422; x_wconf 77' lang='grc' dir='ltr'>ἐχθρούς</span> <span class='ocrx_word' id='word_1_824' title='bbox 3242 3367 3360 3406; x_wconf 88' lang='grc' dir='ltr'>σου</span> <span class='ocrx_word' id='word_1_825' title='bbox 3395 3354 3641 3421; x_wconf 80' lang='grc' dir='ltr'>ὑποχει-</span> 
     </span>
    </p>
   </div>
   <div class='ocr_carea' id='block_1_107' title="bbox 2025 3433 3643 3511">
    <p class='ocr_par' dir='ltr' id='par_1_107' title="bbox 2025 3433 3643 3511">
     <span class='ocr_line' id='line_1_107' title="bbox 2025 3433 3643 3511; baseline -0.005 -17"><span class='ocrx_word' id='word_1_826' title='bbox 2025 3444 2204 3510; x_wconf 83' lang='grc' dir='ltr'>ρίους</span> <span class='ocrx_word' id='word_1_827' title='bbox 2232 3456 2352 3494; x_wconf 89' lang='grc' dir='ltr'>σοι.</span> <span class='ocrx_word' id='word_1_828' title='bbox 2390 3441 2464 3494; x_wconf 82' lang='grc' dir='ltr'>Ού</span> <span class='ocrx_word' id='word_1_829' title='bbox 2504 3440 2664 3511; x_wconf 84' lang='grc' dir='ltr'>μόνον</span> <span class='ocrx_word' id='word_1_830' title='bbox 2703 3439 2865 3493; x_wconf 73' lang='grc' dir='ltr'>αὑτὸν</span> <span class='ocrx_word' id='word_1_831' title='bbox 2896 3437 3217 3511; x_wconf 69' lang='grc' dir='ltr'>εὐλόγησεν,</span> <span class='ocrx_word' id='word_1_832' title='bbox 3256 3434 3393 3490; x_wconf 84' lang='grc' dir='ltr'>ἀλλὰ</span> <span class='ocrx_word' id='word_1_833' title='bbox 3427 3436 3522 3488; x_wconf 67' lang='grc' dir='ltr'>καὶ</span> <span class='ocrx_word' id='word_1_834' title='bbox 3549 3433 3643 3486; x_wconf 77' lang='grc' dir='ltr'>τὸν</span> 
     </span>
    </p>
   </div>
   <div class='ocr_carea' id='block_1_108' title="bbox 2034 3510 3645 3593">
    <p class='ocr_par' dir='ltr' id='par_1_108' title="bbox 2034 3510 3645 3593">
     <span class='ocr_line' id='line_1_108' title="bbox 2034 3510 3645 3593; baseline -0.006 -13"><span class='ocrx_word' id='word_1_835' title='bbox 2034 3526 2167 3580; x_wconf 76' lang='grc' dir='ltr'>Θεὸν</span> <span class='ocrx_word' id='word_1_836' title='bbox 2204 3525 2476 3591; x_wconf 82' lang='grc' dir='ltr'>ἐδόξασεν.</span> <span class='ocrx_word' id='word_1_837' title='bbox 2508 3510 2707 3576; x_wconf 81' lang='grc' dir='ltr'>Εἰπὼν</span> <span class='ocrx_word' id='word_1_838' title='bbox 2739 3521 2871 3593; x_wconf 89' lang='grc' dir='ltr'>γάρ,</span> <span class='ocrx_word' id='word_1_839' title='bbox 2909 3510 3260 3590; x_wconf 63' lang='grc' dir='ltr'>Εὐλοιλητὸς</span> <span class='ocrx_word' id='word_1_840' title='bbox 3298 3520 3518 3588; x_wconf 76' lang='grc' dir='ltr'>’Ἁϐραμ</span> <span class='ocrx_word' id='word_1_841' title='bbox 3562 3515 3645 3582; x_wconf 83' lang='grc' dir='ltr'>τῷ</span> 
     </span>
    </p>
   </div>
   <div class='ocr_carea' id='block_1_109' title="bbox 2038 3600 3644 3675">
    <p class='ocr_par' dir='ltr' id='par_1_109' title="bbox 2038 3600 3644 3675">
     <span class='ocr_line' id='line_1_109' title="bbox 2038 3600 3644 3675; baseline -0.014 1"><span class='ocrx_word' id='word_1_842' title='bbox 2038 3609 2161 3674; x_wconf 74' lang='grc' dir='ltr'>θεῷ</span> <span class='ocrx_word' id='word_1_843' title='bbox 2184 3605 2267 3673; x_wconf 73' lang='grc' dir='ltr'>τῷ</span> <span class='ocrx_word' id='word_1_844' title='bbox 2296 3607 2560 3675; x_wconf 71' lang='grc' dir='ltr'>ὑψίστῳ,</span> <span class='ocrx_word' id='word_1_845' title='bbox 2602 3606 2670 3672; x_wconf 78' lang='grc' dir='ltr'>ὃς</span> <span class='ocrx_word' id='word_1_846' title='bbox 2717 3605 2922 3659; x_wconf 72' lang='grc' dir='ltr'>ἔκτισε</span> <span class='ocrx_word' id='word_1_847' title='bbox 2956 3604 3064 3657; x_wconf 83' lang='grc' dir='ltr'>τὸν</span> <span class='ocrx_word' id='word_1_848' title='bbox 3089 3604 3356 3672; x_wconf 61' lang='grc' dir='ltr'>οϊφανὸν</span> <span class='ocrx_word' id='word_1_849' title='bbox 3389 3601 3488 3656; x_wconf 76' lang='grc' dir='ltr'>καί</span> <span class='ocrx_word' id='word_1_850' title='bbox 3527 3600 3644 3668; x_wconf 82' lang='grc' dir='ltr'>τὴν</span> 
     </span>
    </p>
   </div>
   <div class='ocr_carea' id='block_1_110' title="bbox 2036 3683 3646 3763">
    <p class='ocr_par' dir='ltr' id='par_1_110' title="bbox 2036 3683 3646 3763">
     <span class='ocr_line' id='line_1_110' title="bbox 2036 3683 3646 3763; baseline -0.005 -18"><span class='ocrx_word' id='word_1_851' title='bbox 2036 3693 2176 3763; x_wconf 77' lang='grc' dir='ltr'>γῆν,</span> <span class='ocrx_word' id='word_1_852' title='bbox 2201 3691 2295 3745; x_wconf 80' lang='grc' dir='ltr'>καὶ</span> <span class='ocrx_word' id='word_1_853' title='bbox 2324 3690 2433 3744; x_wconf 82' lang='grc' dir='ltr'>ἀπὸ</span> <span class='ocrx_word' id='word_1_854' title='bbox 2465 3689 2575 3743; x_wconf 85' lang='grc' dir='ltr'>τῶν</span> <span class='ocrx_word' id='word_1_855' title='bbox 2602 3689 3114 3762; x_wconf 86' lang='grc' dir='ltr'>δημιουργημάτων</span> <span class='ocrx_word' id='word_1_856' title='bbox 3135 3687 3230 3741; x_wconf 87' lang='grc' dir='ltr'>τοῦ</span> <span class='ocrx_word' id='word_1_857' title='bbox 3265 3686 3404 3740; x_wconf 86' lang='grc' dir='ltr'>Θεοῦ</span> <span class='ocrx_word' id='word_1_858' title='bbox 3430 3685 3530 3756; x_wconf 78' lang='grc' dir='ltr'>τὴν</span> <span class='ocrx_word' id='word_1_859' title='bbox 3551 3683 3646 3738; x_wconf 86' lang='grc' dir='ltr'>δύ-</span> 
     </span>
    </p>
   </div>
   <div class='ocr_carea' id='block_1_111' title="bbox 2036 3768 3646 3848">
    <p class='ocr_par' dir='ltr' id='par_1_111' title="bbox 2036 3768 3646 3848">
     <span class='ocr_line' id='line_1_111' title="bbox 2036 3768 3646 3848; baseline -0.006 -18"><span class='ocrx_word' id='word_1_860' title='bbox 2036 3795 2201 3848; x_wconf 88' lang='grc' dir='ltr'>ναμιν</span> <span class='ocrx_word' id='word_1_861' title='bbox 2229 3777 2362 3845; x_wconf 87' lang='grc' dir='ltr'>ήμῖν</span> <span class='ocrx_word' id='word_1_862' title='bbox 2398 3772 2689 3844; x_wconf 74' lang='grc' dir='ltr'>ἀνέφηνεν.</span> <span class='ocrx_word' id='word_1_863' title='bbox 2723 3774 2788 3826; x_wconf 86' lang='grc' dir='ltr'>Εἰ</span> <span class='ocrx_word' id='word_1_864' title='bbox 2817 3772 2928 3846; x_wconf 87' lang='grc' dir='ltr'>γὰρ</span> <span class='ocrx_word' id='word_1_865' title='bbox 2954 3771 3119 3835; x_wconf 87' lang='grc' dir='ltr'>αὑτός</span> <span class='ocrx_word' id='word_1_866' title='bbox 3152 3773 3270 3825; x_wconf 90' lang='grc' dir='ltr'>ἐστι</span> <span class='ocrx_word' id='word_1_867' title='bbox 3298 3770 3454 3836; x_wconf 75' lang='grc' dir='ltr'>Θεὸς,</span> <span class='ocrx_word' id='word_1_868' title='bbox 3489 3771 3518 3822; x_wconf 90' lang='lat'>6</span> <span class='ocrx_word' id='word_1_869' title='bbox 3549 3768 3646 3822; x_wconf 79' lang='grc' dir='ltr'>τὸν</span> 
     </span>
    </p>
   </div>
   <div class='ocr_carea' id='block_1_112' title="bbox 2035 3849 3644 3930">
    <p class='ocr_par' dir='ltr' id='par_1_112' title="bbox 2035 3849 3644 3930">
     <span class='ocr_line' id='line_1_112' title="bbox 2035 3849 3644 3930; baseline -0.005 -17"><span class='ocrx_word' id='word_1_870' title='bbox 2035 3859 2265 3930; x_wconf 80' lang='grc' dir='ltr'>ούρανὺν</span> <span class='ocrx_word' id='word_1_871' title='bbox 2295 3858 2392 3911; x_wconf 77' lang='grc' dir='ltr'>καὶ</span> <span class='ocrx_word' id='word_1_872' title='bbox 2422 3858 2522 3928; x_wconf 84' lang='grc' dir='ltr'>τὴν</span> <span class='ocrx_word' id='word_1_873' title='bbox 2556 3857 2660 3928; x_wconf 82' lang='grc' dir='ltr'>γῆν</span> <span class='ocrx_word' id='word_1_874' title='bbox 2690 3854 3054 3928; x_wconf 85' lang='grc' dir='ltr'>παραγαγὼν,</span> <span class='ocrx_word' id='word_1_875' title='bbox 3084 3855 3133 3908; x_wconf 90' lang='grc' dir='ltr'>οἰ</span> <span class='ocrx_word' id='word_1_876' title='bbox 3167 3853 3272 3908; x_wconf 73' lang='grc' dir='ltr'>ὑπὸ</span> <span class='ocrx_word' id='word_1_877' title='bbox 3299 3853 3409 3907; x_wconf 84' lang='grc' dir='ltr'>τῶν</span> <span class='ocrx_word' id='word_1_878' title='bbox 3432 3849 3644 3924; x_wconf 83' lang='grc' dir='ltr'>ἀνθρώ·</span> 
     </span>
    </p>
   </div>
   <div class='ocr_carea' id='block_1_113' title="bbox 2038 3937 3646 4013">
    <p class='ocr_par' dir='ltr' id='par_1_113' title="bbox 2038 3937 3646 4013">
     <span class='ocr_line' id='line_1_113' title="bbox 2038 3937 3646 4013; baseline -0.005 -17"><span class='ocrx_word' id='word_1_879' title='bbox 2038 3960 2157 3996; x_wconf 85' lang='grc' dir='ltr'>πων</span> <span class='ocrx_word' id='word_1_880' title='bbox 2196 3941 2627 4013; x_wconf 88' lang='grc' dir='ltr'>θεραπευόμενοι</span> <span class='ocrx_word' id='word_1_881' title='bbox 2662 3942 2763 3995; x_wconf 73' lang='grc' dir='ltr'>οὐκ</span> <span class='ocrx_word' id='word_1_882' title='bbox 2802 3939 2869 3994; x_wconf 80' lang='grc' dir='ltr'>ἂν</span> <span class='ocrx_word' id='word_1_883' title='bbox 2909 3940 3020 3994; x_wconf 86' lang='grc' dir='ltr'>είεν</span> <span class='ocrx_word' id='word_1_884' title='bbox 3045 3938 3178 3992; x_wconf 92' lang='grc' dir='ltr'>θεοί·</span> <span class='ocrx_word' id='word_1_885' title='bbox 3210 3937 3342 3992; x_wconf 87' lang='grc' dir='ltr'>Θεοί</span> <span class='ocrx_word' id='word_1_886' title='bbox 3369 3937 3500 4007; x_wconf 84' lang='grc' dir='ltr'>γὰρ,</span> <span class='ocrx_word' id='word_1_887' title='bbox 3535 3951 3646 4006; x_wconf 67' lang='grc' dir='ltr'>φησι</span> 
     </span>
    </p>
   </div>
   <div class='ocr_carea' id='block_1_114' title="bbox 2039 4021 3641 4094">
    <p class='ocr_par' dir='ltr' id='par_1_114' title="bbox 2039 4021 3641 4094">
     <span class='ocr_line' id='line_1_114' title="bbox 2039 4021 3641 4094; baseline -0.004 -14"><span class='ocrx_word' id='word_1_888' title='bbox 2039 4029 2146 4090; x_wconf 70' lang='grc' dir='ltr'>σὶν,</span> <span class='ocrx_word' id='word_1_889' title='bbox 2188 4025 2246 4079; x_wconf 74' lang='lat' dir='ltr'>ot</span> <span class='ocrx_word' id='word_1_890' title='bbox 2290 4024 2399 4080; x_wconf 87' lang='grc' dir='ltr'>τὸν</span> <span class='ocrx_word' id='word_1_891' title='bbox 2425 4024 2689 4093; x_wconf 80' lang='grc' dir='ltr'>οὐρανὸν</span> <span class='ocrx_word' id='word_1_892' title='bbox 2728 4024 2826 4078; x_wconf 84' lang='grc' dir='ltr'>καί</span> <span class='ocrx_word' id='word_1_893' title='bbox 2861 4023 2978 4093; x_wconf 84' lang='grc' dir='ltr'>τὴν</span> <span class='ocrx_word' id='word_1_894' title='bbox 3020 4022 3141 4094; x_wconf 78' lang='grc' dir='ltr'>γῆν</span> <span class='ocrx_word' id='word_1_895' title='bbox 3173 4025 3286 4078; x_wconf 80' lang='grc' dir='ltr'>οὐκ</span> <span class='ocrx_word' id='word_1_896' title='bbox 3318 4021 3641 4094; x_wconf 78' lang='grc' dir='ltr'>ἐποίησαν,</span> 
     </span>
    </p>
   </div>
   <div class='ocr_carea' id='block_1_115' title="bbox 2037 4105 3645 4178">
    <p class='ocr_par' dir='ltr' id='par_1_115' title="bbox 2037 4105 3645 4178">
     <span class='ocr_line' id='line_1_115' title="bbox 2037 4105 3645 4178; baseline -0.004 -15"><span class='ocrx_word' id='word_1_897' title='bbox 2037 4108 2502 4164; x_wconf 74' lang='grc' dir='ltr'>ἀπολέσθωσαν.</span> <span class='ocrx_word' id='word_1_898' title='bbox 2524 4107 2893 4177; x_wconf 65' lang='grc' dir='ltr'>Εὐλογητὸς,</span> <span class='ocrx_word' id='word_1_899' title='bbox 2920 4109 3108 4178; x_wconf 73' lang='grc' dir='ltr'>φησὶν,</span> <span class='ocrx_word' id='word_1_900' title='bbox 3131 4111 3164 4161; x_wconf 84' lang='grc' dir='ltr'><em>ὀ</em></span> <span class='ocrx_word' id='word_1_901' title='bbox 3188 4107 3350 4172; x_wconf 81' lang='grc' dir='ltr'>Θεὸς,</span> <span class='ocrx_word' id='word_1_902' title='bbox 3385 4105 3454 4171; x_wconf 80' lang='grc' dir='ltr'>ὃς</span> <span class='ocrx_word' id='word_1_903' title='bbox 3495 4120 3645 4171; x_wconf 81' lang='grc' dir='ltr'>παρ-</span> 
     </span>
    </p>
   </div>
   <div class='ocr_carea' id='block_1_116' title="bbox 2039 4189 3646 4260">
    <p class='ocr_par' dir='ltr' id='par_1_116' title="bbox 2039 4189 3646 4260">
     <span class='ocr_line' id='line_1_116' title="bbox 2039 4189 3646 4260; baseline -0.002 -14"><span class='ocrx_word' id='word_1_904' title='bbox 2039 4193 2223 4247; x_wconf 77' lang='grc' dir='ltr'>έδωκε</span> <span class='ocrx_word' id='word_1_905' title='bbox 2244 4192 2388 4258; x_wconf 83' lang='grc' dir='ltr'>τοὺς</span> <span class='ocrx_word' id='word_1_906' title='bbox 2416 4191 2671 4258; x_wconf 77' lang='grc' dir='ltr'>ἐχθρούς</span> <span class='ocrx_word' id='word_1_907' title='bbox 2692 4207 2812 4244; x_wconf 90' lang='grc' dir='ltr'>σου</span> <span class='ocrx_word' id='word_1_908' title='bbox 2845 4192 3231 4260; x_wconf 82' lang='grc' dir='ltr'>ὑποχειρίους</span> <span class='ocrx_word' id='word_1_909' title='bbox 3261 4206 3382 4243; x_wconf 92' lang='grc' dir='ltr'>σοι.</span> <span class='ocrx_word' id='word_1_910' title='bbox 3408 4189 3522 4242; x_wconf 84' lang='grc' dir='ltr'>Θέα</span> <span class='ocrx_word' id='word_1_911' title='bbox 3553 4206 3646 4259; x_wconf 85' lang='grc' dir='ltr'>μοι</span> 
     </span>
    </p>
   </div>
   <div class='ocr_carea' id='block_1_117' title="bbox 2042 4271 3645 4346">
    <p class='ocr_par' dir='ltr' id='par_1_117' title="bbox 2042 4271 3645 4346">
     <span class='ocr_line' id='line_1_117' title="bbox 2042 4271 3645 4346; baseline -0.002 -18"><span class='ocrx_word' id='word_1_912' title='bbox 2042 4276 2160 4340; x_wconf 80' lang='grc' dir='ltr'>πῶς</span> <span class='ocrx_word' id='word_1_913' title='bbox 2189 4277 2250 4329; x_wconf 81' lang='grc' dir='ltr'>οὐ</span> <span class='ocrx_word' id='word_1_914' title='bbox 2289 4276 2450 4346; x_wconf 91' lang='grc' dir='ltr'>μόνον</span> <span class='ocrx_word' id='word_1_915' title='bbox 2477 4275 2569 4328; x_wconf 77' lang='grc' dir='ltr'>τὸν</span> <span class='ocrx_word' id='word_1_916' title='bbox 2603 4274 2808 4329; x_wconf 85' lang='grc' dir='ltr'>δίκαιον</span> <span class='ocrx_word' id='word_1_917' title='bbox 2836 4275 3227 4346; x_wconf 87' lang='grc' dir='ltr'>ἀνακηρύττει,</span> <span class='ocrx_word' id='word_1_918' title='bbox 3261 4273 3400 4326; x_wconf 88' lang='grc' dir='ltr'>ἀλλά</span> <span class='ocrx_word' id='word_1_919' title='bbox 3425 4273 3516 4327; x_wconf 81' lang='grc' dir='ltr'>καί</span> <span class='ocrx_word' id='word_1_920' title='bbox 3548 4271 3645 4324; x_wconf 70' lang='grc' dir='ltr'>τοῦ</span> 
     </span>
    </p>
   </div>
   <div class='ocr_carea' id='block_1_118' title="bbox 2041 4356 3648 4429">
    <p class='ocr_par' dir='ltr' id='par_1_118' title="bbox 2041 4356 3648 4429">
     <span class='ocr_line' id='line_1_118' title="bbox 2041 4356 3648 4429; baseline -0.002 -17"><span class='ocrx_word' id='word_1_921' title='bbox 2041 4360 2175 4412; x_wconf 86' lang='grc' dir='ltr'>Θεοῦ</span> <span class='ocrx_word' id='word_1_922' title='bbox 2203 4361 2301 4428; x_wconf 76' lang='grc' dir='ltr'>τὴν</span> <span class='ocrx_word' id='word_1_923' title='bbox 2331 4358 2649 4429; x_wconf 87' lang='grc' dir='ltr'>συμμαχίαν</span> <span class='ocrx_word' id='word_1_924' title='bbox 2674 4357 3051 4426; x_wconf 81' lang='grc' dir='ltr'>ἐπιγινώσκει.</span> <span class='ocrx_word' id='word_1_925' title='bbox 3084 4358 3217 4410; x_wconf 77' lang='grc' dir='ltr'>Οὐδὲ</span> <span class='ocrx_word' id='word_1_926' title='bbox 3247 4357 3357 4429; x_wconf 83' lang='grc' dir='ltr'>γὰρ</span> <span class='ocrx_word' id='word_1_927' title='bbox 3387 4358 3515 4411; x_wconf 81' lang='grc' dir='ltr'>ἄνευ</span> <span class='ocrx_word' id='word_1_928' title='bbox 3544 4356 3648 4428; x_wconf 84' lang='grc' dir='ltr'>τῆς</span> 
     </span>
    </p>
   </div>
   <div class='ocr_carea' id='block_1_119' title="bbox 2042 4439 3646 4511">
    <p class='ocr_par' dir='ltr' id='par_1_119' title="bbox 2042 4439 3646 4511">
     <span class='ocr_line' id='line_1_119' title="bbox 2042 4439 3646 4511; baseline -0.002 -17"><span class='ocrx_word' id='word_1_929' title='bbox 2042 4441 2250 4494; x_wconf 85' lang='grc' dir='ltr'>ἐκεῖθεν</span> <span class='ocrx_word' id='word_1_930' title='bbox 2298 4441 2470 4510; x_wconf 75' lang='grc' dir='ltr'>ῥοπῆς</span> <span class='ocrx_word' id='word_1_931' title='bbox 2525 4441 2768 4511; x_wconf 70' lang='grc' dir='ltr'>ἠδυνήθη</span> <span class='ocrx_word' id='word_1_932' title='bbox 2831 4440 2942 4494; x_wconf 86' lang='grc' dir='ltr'>τῶν</span> <span class='ocrx_word' id='word_1_933' title='bbox 2997 4439 3269 4510; x_wconf 80' lang='grc' dir='ltr'>τοσαύτην</span> <span class='ocrx_word' id='word_1_934' title='bbox 3324 4439 3646 4493; x_wconf 82' lang='grc' dir='ltr'>δυναστείαν</span> 
     </span>
    </p>
   </div>
   <div class='ocr_carea' id='block_1_120' title="bbox 2045 4522 3646 4595">
    <p class='ocr_par' dir='ltr' id='par_1_120' title="bbox 2045 4522 3646 4595">
     <span class='ocr_line' id='line_1_120' title="bbox 2045 4522 3646 4595; baseline -0.002 -18"><span class='ocrx_word' id='word_1_935' title='bbox 2045 4543 2110 4577; x_wconf 86' lang='grc' dir='ltr'>πε</span> <span class='ocrx_word' id='word_1_936' title='bbox 2120 4523 2528 4594; x_wconf 78' lang='grc' dir='ltr'>ριϐεϐλημένων</span> <span class='ocrx_word' id='word_1_937' title='bbox 2556 4523 2963 4595; x_wconf 80' lang='grc' dir='ltr'>περιγενέσθαι.</span> <span class='ocrx_word' id='word_1_938' title='bbox 3003 4525 3105 4589; x_wconf 90' lang='grc' dir='ltr'>Ὃς</span> <span class='ocrx_word' id='word_1_939' title='bbox 3131 4522 3460 4593; x_wconf 82' lang='grc' dir='ltr'>παρέδωκε.</span> <span class='ocrx_word' id='word_1_940' title='bbox 3489 4524 3646 4592; x_wconf 71' lang='grc' dir='ltr'>φησὶ,</span> 
     </span>
    </p>
   </div>
   <div class='ocr_carea' id='block_1_121' title="bbox 2043 4607 3649 4678">
    <p class='ocr_par' dir='ltr' id='par_1_121' title="bbox 2043 4607 3649 4678">
     <span class='ocr_line' id='line_1_121' title="bbox 2043 4607 3649 4678; baseline -0.002 -16"><span class='ocrx_word' id='word_1_941' title='bbox 2043 4608 2186 4674; x_wconf 88' lang='grc' dir='ltr'>τοὺς</span> <span class='ocrx_word' id='word_1_942' title='bbox 2219 4607 2476 4675; x_wconf 57' lang='grc' dir='ltr'>ἑλχθέ·ούς</span> <span class='ocrx_word' id='word_1_943' title='bbox 2509 4623 2648 4661; x_wconf 91' lang='grc' dir='ltr'>σου·</span> <span class='ocrx_word' id='word_1_944' title='bbox 2690 4608 2854 4670; x_wconf 85' lang='grc' dir='ltr'>αύτός</span> <span class='ocrx_word' id='word_1_945' title='bbox 2886 4609 3036 4660; x_wconf 84' lang='grc' dir='ltr'>ἐστιν</span> <span class='ocrx_word' id='word_1_946' title='bbox 3068 4607 3184 4660; x_wconf 79' lang='grc' dir='ltr'>δ’τὸ</span> <span class='ocrx_word' id='word_1_947' title='bbox 3209 4608 3315 4659; x_wconf 73' lang='grc' dir='ltr'>πᾶν</span> <span class='ocrx_word' id='word_1_948' title='bbox 3339 4607 3649 4678; x_wconf 79' lang='grc' dir='ltr'>ἐργασάμε-</span> 
     </span>
    </p>
   </div>
   <div class='ocr_carea' id='block_1_122' title="bbox 2043 4689 3648 4762">
    <p class='ocr_par' dir='ltr' id='par_1_122' title="bbox 2043 4689 3648 4762">
     <span class='ocr_line' id='line_1_122' title="bbox 2043 4689 3648 4762; baseline -0.001 -19"><span class='ocrx_word' id='word_1_949' title='bbox 2043 4708 2155 4754; x_wconf 87' lang='grc' dir='ltr'>νος,</span> <span class='ocrx_word' id='word_1_950' title='bbox 2195 4692 2356 4752; x_wconf 87' lang='grc' dir='ltr'>αύτός</span> <span class='ocrx_word' id='word_1_951' title='bbox 2389 4691 2536 4742; x_wconf 85' lang='grc' dir='ltr'>ἐστιν</span> <span class='ocrx_word' id='word_1_952' title='bbox 2569 4690 2597 4741; x_wconf 89' lang='lat'>6</span> <span class='ocrx_word' id='word_1_953' title='bbox 2631 4690 2760 4755; x_wconf 79' lang='grc' dir='ltr'>τοὺς</span> <span class='ocrx_word' id='word_1_954' title='bbox 2795 4691 3054 4762; x_wconf 77' lang='grc' dir='ltr'>ἰσχυροὺς</span> <span class='ocrx_word' id='word_1_955' title='bbox 3082 4689 3329 4753; x_wconf 78' lang='grc' dir='ltr'>ἀσθενεῖς</span> <span class='ocrx_word' id='word_1_956' title='bbox 3369 4692 3648 4762; x_wconf 79' lang='grc' dir='ltr'>καταστή-</span> 
     </span>
    </p>
   </div>
   <div class='ocr_carea' id='block_1_123' title="bbox 2047 4771 3650 4842">
    <p class='ocr_par' dir='ltr' id='par_1_123' title="bbox 2047 4771 3650 4842">
     <span class='ocr_line' id='line_1_123' title="bbox 2047 4771 3650 4842; baseline -0.001 -16"><span class='ocrx_word' id='word_1_957' title='bbox 2047 4792 2165 4837; x_wconf 92' lang='grc' dir='ltr'>σας,</span> <span class='ocrx_word' id='word_1_958' title='bbox 2193 4775 2354 4836; x_wconf 81' lang='grc' dir='ltr'>αύτός</span> <span class='ocrx_word' id='word_1_959' title='bbox 2387 4776 2534 4826; x_wconf 82' lang='grc' dir='ltr'>ἐστιν</span> <span class='ocrx_word' id='word_1_960' title='bbox 2561 4775 2590 4826; x_wconf 91' lang='lat'>6</span> <span class='ocrx_word' id='word_1_961' title='bbox 2620 4771 2709 4826; x_wconf 84' lang='grc' dir='ltr'>διὰ</span> <span class='ocrx_word' id='word_1_962' title='bbox 2732 4772 2843 4826; x_wconf 84' lang='grc' dir='ltr'>τῶν</span> <span class='ocrx_word' id='word_1_963' title='bbox 2872 4773 3092 4826; x_wconf 86' lang='grc' dir='ltr'>ἀόπλων</span> <span class='ocrx_word' id='word_1_964' title='bbox 3115 4773 3241 4837; x_wconf 80' lang='grc' dir='ltr'>τοὺς</span> <span class='ocrx_word' id='word_1_965' title='bbox 3266 4771 3650 4842; x_wconf 78' lang='grc' dir='ltr'>ὡπλισμένους</span> 
     </span>
    </p>
   </div>
   <div class='ocr_carea' id='block_1_124' title="bbox 2045 4856 3649 4929">
    <p class='ocr_par' dir='ltr' id='par_1_124' title="bbox 2045 4856 3649 4929">
     <span class='ocr_line' id='line_1_124' title="bbox 2045 4856 3649 4929; baseline 0.001 -19"><span class='ocrx_word' id='word_1_966' title='bbox 2045 4858 2413 4927; x_wconf 84' lang='grc' dir='ltr'>κατενεγκών·</span> <span class='ocrx_word' id='word_1_967' title='bbox 2448 4857 2657 4910; x_wconf 86' lang='grc' dir='ltr'>ἐκεῖθέν</span> <span class='ocrx_word' id='word_1_968' title='bbox 2681 4859 2829 4910; x_wconf 87' lang='grc' dir='ltr'>ἐστιν</span> <span class='ocrx_word' id='word_1_969' title='bbox 2858 4858 2892 4927; x_wconf 83' lang='grc' dir='ltr'><strong>ἡ</strong></span> <span class='ocrx_word' id='word_1_970' title='bbox 2919 4856 3062 4928; x_wconf 79' lang='grc' dir='ltr'>ῥοπὴ</span> <span class='ocrx_word' id='word_1_971' title='bbox 3091 4859 3124 4929; x_wconf 80' lang='grc' dir='ltr'><strong>ὴ</strong></span> <span class='ocrx_word' id='word_1_972' title='bbox 3153 4857 3421 4929; x_wconf 90' lang='grc' dir='ltr'>τοσαύτην</span> <span class='ocrx_word' id='word_1_973' title='bbox 3451 4873 3533 4910; x_wconf 91' lang='grc' dir='ltr'>σοι</span> <span class='ocrx_word' id='word_1_974' title='bbox 3551 4857 3649 4928; x_wconf 73' lang='grc' dir='ltr'>τὴν</span> 
     </span>
    </p>
   </div>
   <div class='ocr_carea' id='block_1_125' title="bbox 2043 4941 3650 5015">
    <p class='ocr_par' dir='ltr' id='par_1_125' title="bbox 2043 4941 3650 5015">
     <span class='ocr_line' id='line_1_125' title="bbox 2043 4941 3650 5015; baseline 0 -19"><span class='ocrx_word' id='word_1_975' title='bbox 2043 4941 2274 5013; x_wconf 87' lang='grc' dir='ltr'>δύναμιν</span> <span class='ocrx_word' id='word_1_976' title='bbox 2315 4943 2734 5015; x_wconf 88' lang='grc' dir='ltr'>παρασχομένη.</span> <span class='ocrx_word' id='word_1_977' title='bbox 2775 4944 2880 5009; x_wconf 85' lang='grc' dir='ltr'>Ὃς</span> <span class='ocrx_word' id='word_1_978' title='bbox 2924 4942 3250 5010; x_wconf 81' lang='grc' dir='ltr'>παρέδωκε.</span> <span class='ocrx_word' id='word_1_979' title='bbox 3301 4944 3455 5014; x_wconf 77' lang='grc' dir='ltr'>φησὶ,</span> <span class='ocrx_word' id='word_1_980' title='bbox 3505 4943 3650 5010; x_wconf 87' lang='grc' dir='ltr'>τοὺς</span> 
     </span>
    </p>
   </div>
   <div class='ocr_carea' id='block_1_126' title="bbox 2045 5025 3650 5097">
    <p class='ocr_par' dir='ltr' id='par_1_126' title="bbox 2045 5025 3650 5097">
     <span class='ocr_line' id='line_1_126' title="bbox 2045 5025 3650 5097; baseline 0.002 -20"><span class='ocrx_word' id='word_1_981' title='bbox 2045 5025 2298 5095; x_wconf 84' lang='grc' dir='ltr'>ἐχθρούς</span> <span class='ocrx_word' id='word_1_982' title='bbox 2320 5042 2438 5081; x_wconf 90' lang='grc' dir='ltr'>σου</span> <span class='ocrx_word' id='word_1_983' title='bbox 2459 5027 2845 5096; x_wconf 83' lang='grc' dir='ltr'>ὑποχειρίους</span> <span class='ocrx_word' id='word_1_984' title='bbox 2880 5040 3001 5080; x_wconf 90' lang='grc' dir='ltr'>σοι.</span> <span class='ocrx_word' id='word_1_985' title='bbox 3039 5028 3203 5097; x_wconf 79' lang='grc' dir='ltr'>Ὁρᾷς</span> <span class='ocrx_word' id='word_1_986' title='bbox 3229 5028 3346 5090; x_wconf 84' lang='grc' dir='ltr'>πῶς</span> <span class='ocrx_word' id='word_1_987' title='bbox 3374 5027 3650 5082; x_wconf 87' lang='grc' dir='ltr'>δείκνυσιν</span> 
     </span>
    </p>
   </div>
   <div class='ocr_carea' id='block_1_127' title="bbox 2047 5111 3653 5182">
    <p class='ocr_par' dir='ltr' id='par_1_127' title="bbox 2047 5111 3653 5182">
     <span class='ocr_line' id='line_1_127' title="bbox 2047 5111 3653 5182; baseline 0.001 -15"><span class='ocrx_word' id='word_1_988' title='bbox 2047 5111 2213 5167; x_wconf 80' lang='grc' dir='ltr'>αὐτοῦ</span> <span class='ocrx_word' id='word_1_989' title='bbox 2238 5113 2336 5181; x_wconf 83' lang='grc' dir='ltr'>τὴν</span> <span class='ocrx_word' id='word_1_990' title='bbox 2358 5113 2612 5182; x_wconf 81' lang='grc' dir='ltr'>ὁμόνοιαν</span> <span class='ocrx_word' id='word_1_991' title='bbox 2636 5113 2733 5166; x_wconf 75' lang='grc' dir='ltr'>καὶ</span> <span class='ocrx_word' id='word_1_992' title='bbox 2755 5111 2851 5182; x_wconf 82' lang='grc' dir='ltr'>τὴν</span> <span class='ocrx_word' id='word_1_993' title='bbox 2877 5111 3264 5182; x_wconf 80' lang='grc' dir='ltr'>φιλοστοργίαν</span> <span class='ocrx_word' id='word_1_994' title='bbox 3283 5111 3382 5182; x_wconf 83' lang='grc' dir='ltr'>τὴν</span> <span class='ocrx_word' id='word_1_995' title='bbox 3409 5114 3538 5181; x_wconf 78' lang='grc' dir='ltr'>περὶ</span> <span class='ocrx_word' id='word_1_996' title='bbox 3557 5112 3653 5169; x_wconf 78' lang='grc' dir='ltr'>τὸν</span> 
     </span>
    </p>
   </div>
   <div class='ocr_carea' id='block_1_128' title="bbox 2047 5195 3652 5268">
    <p class='ocr_par' dir='ltr' id='par_1_128' title="bbox 2047 5195 3652 5268">
     <span class='ocr_line' id='line_1_128' title="bbox 2047 5195 3652 5268; baseline -0.001 -17"><span class='ocrx_word' id='word_1_997' title='bbox 2047 5198 2195 5261; x_wconf 85' lang='grc' dir='ltr'>Λὼτ,</span> <span class='ocrx_word' id='word_1_998' title='bbox 2233 5197 2327 5250; x_wconf 79' lang='grc' dir='ltr'>καὶ</span> <span class='ocrx_word' id='word_1_999' title='bbox 2358 5196 2477 5260; x_wconf 85' lang='grc' dir='ltr'>πῶς</span> <span class='ocrx_word' id='word_1_1000' title='bbox 2511 5198 2786 5268; x_wconf 79' lang='grc' dir='ltr'>ἐμφαίνει,</span> <span class='ocrx_word' id='word_1_1001' title='bbox 2816 5197 2898 5248; x_wconf 82' lang='grc' dir='ltr'>ὅτι</span> <span class='ocrx_word' id='word_1_1002' title='bbox 2929 5196 3021 5248; x_wconf 74' lang='grc' dir='ltr'>καὶ</span> <span class='ocrx_word' id='word_1_1003' title='bbox 3056 5197 3085 5248; x_wconf 86' lang='lat'>6</span> <span class='ocrx_word' id='word_1_1004' title='bbox 3122 5195 3374 5266; x_wconf 77' lang='grc' dir='ltr'>Ἀϐραὰμ</span> <span class='ocrx_word' id='word_1_1005' title='bbox 3413 5196 3652 5262; x_wconf 88' lang='grc' dir='ltr'>οἰκείους</span> 
     </span>
    </p>
   </div>
   <div class='ocr_carea' id='block_1_129' title="bbox 2047 5278 3652 5352">
    <p class='ocr_par' dir='ltr' id='par_1_129' title="bbox 2047 5278 3652 5352">
     <span class='ocr_line' id='line_1_129' title="bbox 2047 5278 3652 5352; baseline -0.002 -18"><span class='ocrx_word' id='word_1_1006' title='bbox 2047 5282 2247 5344; x_wconf 71' lang='grc' dir='ltr'>αὐτοὺς</span> <span class='ocrx_word' id='word_1_1007' title='bbox 2273 5280 2503 5352; x_wconf 77' lang='grc' dir='ltr'>ἐχθροὺς</span> <span class='ocrx_word' id='word_1_1008' title='bbox 2537 5283 2722 5351; x_wconf 78' lang='grc' dir='ltr'>ἡγεῖτο</span> <span class='ocrx_word' id='word_1_1009' title='bbox 2751 5279 2841 5332; x_wconf 86' lang='grc' dir='ltr'>διὰ</span> <span class='ocrx_word' id='word_1_1010' title='bbox 2867 5279 2935 5332; x_wconf 79' lang='grc' dir='ltr'>τὰ</span> <span class='ocrx_word' id='word_1_1011' title='bbox 2975 5281 3056 5342; x_wconf 89' lang='grc' dir='ltr'>εἰς</span> <span class='ocrx_word' id='word_1_1012' title='bbox 3080 5278 3170 5332; x_wconf 79' lang='grc' dir='ltr'>τὸν</span> <span class='ocrx_word' id='word_1_1013' title='bbox 3199 5278 3522 5347; x_wconf 83' lang='grc' dir='ltr'>ἀδελφιδοῦν</span> <span class='ocrx_word' id='word_1_1014' title='bbox 3551 5296 3652 5348; x_wconf 87' lang='grc' dir='ltr'>γε-</span> 
     </span>
    </p>
   </div>
   <div class='ocr_carea' id='block_1_130' title="bbox 2048 5360 3652 5434">
    <p class='ocr_par' dir='ltr' id='par_1_130' title="bbox 2048 5360 3652 5434">
     <span class='ocr_line' id='line_1_130' title="bbox 2048 5360 3652 5434; baseline -0.001 -18"><span class='ocrx_word' id='word_1_1015' title='bbox 2048 5365 2358 5434; x_wconf 86' lang='grc' dir='ltr'>γενημένα;</span> <span class='ocrx_word' id='word_1_1016' title='bbox 2411 5363 2517 5416; x_wconf 76' lang='grc' dir='ltr'>Καὶ</span> <span class='ocrx_word' id='word_1_1017' title='bbox 2555 5362 2781 5416; x_wconf 78' lang='grc' dir='ltr'>ἔδωκεν</span> <span class='ocrx_word' id='word_1_1018' title='bbox 2818 5360 2999 5426; x_wconf 81' lang='grc' dir='ltr'>αὐτῷ,</span> <span class='ocrx_word' id='word_1_1019' title='bbox 3038 5363 3194 5433; x_wconf 83' lang='grc' dir='ltr'>φησὶ,</span> <span class='ocrx_word' id='word_1_1020' title='bbox 3231 5362 3496 5429; x_wconf 73' lang='grc' dir='ltr'>δεκάτην</span> <span class='ocrx_word' id='word_1_1021' title='bbox 3529 5361 3652 5416; x_wconf 78' lang='grc' dir='ltr'>ἀπὸ</span> 
     </span>
    </p>
   </div>
   <div class='ocr_carea' id='block_1_131' title="bbox 2050 5445 3652 5515">
    <p class='ocr_par' dir='ltr' id='par_1_131' title="bbox 2050 5445 3652 5515">
     <span class='ocr_line' id='line_1_131' title="bbox 2050 5445 3652 5515; baseline -0.002 -15"><span class='ocrx_word' id='word_1_1022' title='bbox 2050 5448 2312 5501; x_wconf 80' lang='grc' dir='ltr'>πάντων.</span> <span class='ocrx_word' id='word_1_1023' title='bbox 2348 5445 2519 5498; x_wconf 88' lang='grc' dir='ltr'>Τοῦτο</span> <span class='ocrx_word' id='word_1_1024' title='bbox 2550 5446 2644 5498; x_wconf 71' lang='grc' dir='ltr'>καὶ</span> <span class='ocrx_word' id='word_1_1025' title='bbox 2670 5445 2881 5508; x_wconf 89' lang='grc' dir='ltr'>Παῦλός</span> <span class='ocrx_word' id='word_1_1026' title='bbox 2921 5462 3075 5515; x_wconf 82' lang='grc' dir='ltr'>φησι·</span> <span class='ocrx_word' id='word_1_1027' title='bbox 3115 5445 3392 5514; x_wconf 82' lang='grc' dir='ltr'>Θεωρεῖτε</span> <span class='ocrx_word' id='word_1_1028' title='bbox 3422 5445 3512 5507; x_wconf 75' lang='grc' dir='ltr'>δὲ,</span> <span class='ocrx_word' id='word_1_1029' title='bbox 3535 5461 3652 5512; x_wconf 78' lang='grc' dir='ltr'>πη-</span> 
     </span>
    </p>
   </div>
   <div class='ocr_carea' id='block_1_132' title="bbox 2048 5521 3650 5598">
    <p class='ocr_par' dir='ltr' id='par_1_132' title="bbox 2048 5521 3650 5598">
     <span class='ocr_line' id='line_1_132' title="bbox 2048 5521 3650 5598; baseline -0.002 -13"><span class='ocrx_word' id='word_1_1030' title='bbox 2048 5533 2223 5596; x_wconf 75' lang='grc' dir='ltr'>λίκος</span> <span class='ocrx_word' id='word_1_1031' title='bbox 2262 5525 2460 5594; x_wconf 79' lang='grc' dir='ltr'>οὗτος,</span> <span class='ocrx_word' id='word_1_1032' title='bbox 2505 5521 2554 5594; x_wconf 82' lang='grc' dir='ltr'><strong>ᾧ</strong></span> <span class='ocrx_word' id='word_1_1033' title='bbox 2592 5529 2688 5582; x_wconf 83' lang='grc' dir='ltr'>καί</span> <span class='ocrx_word' id='word_1_1034' title='bbox 2723 5527 2982 5594; x_wconf 80' lang='grc' dir='ltr'>δεκάτην</span> <span class='ocrx_word' id='word_1_1035' title='bbox 3037 5530 3281 5598; x_wconf 75' lang='grc' dir='ltr'>Ἀϐραὰμ</span> <span class='ocrx_word' id='word_1_1036' title='bbox 3322 5528 3546 5582; x_wconf 73' lang='grc' dir='ltr'>ἔδωκεν</span> <span class='ocrx_word' id='word_1_1037' title='bbox 3580 5530 3650 5582; x_wconf 79' lang='grc' dir='ltr'>ἐκ</span> 
     </span>
    </p>
   </div>
   <div class='ocr_carea' id='block_1_133' title="bbox 2049 5609 3654 5683">
    <p class='ocr_par' dir='ltr' id='par_1_133' title="bbox 2049 5609 3654 5683">
     <span class='ocr_line' id='line_1_133' title="bbox 2049 5609 3654 5683; baseline -0.001 -15"><span class='ocrx_word' id='word_1_1038' title='bbox 2049 5614 2168 5668; x_wconf 83' lang='grc' dir='ltr'>τῶν</span> <span class='ocrx_word' id='word_1_1039' title='bbox 2215 5613 2592 5683; x_wconf 80' lang='grc' dir='ltr'>ἀκροθινίων,</span> <span class='ocrx_word' id='word_1_1040' title='bbox 2629 5615 2662 5665; x_wconf 85' lang='grc' dir='ltr'><em>ὀ</em></span> <span class='ocrx_word' id='word_1_1041' title='bbox 2709 5609 3102 5678; x_wconf 79' lang='grc' dir='ltr'>πατριάρχης·</span> <span class='ocrx_word' id='word_1_1042' title='bbox 3147 5612 3392 5682; x_wconf 88' lang='grc' dir='ltr'>δηλονότι</span> <span class='ocrx_word' id='word_1_1043' title='bbox 3439 5614 3505 5666; x_wconf 86' lang='grc' dir='ltr'>ἐκ</span> <span class='ocrx_word' id='word_1_1044' title='bbox 3542 5612 3654 5667; x_wconf 81' lang='grc' dir='ltr'>τῶν</span> 
     </span>
    </p>
   </div>
   <div class='ocr_carea' id='block_1_134' title="bbox 2050 5693 3652 5770">
    <p class='ocr_par' dir='ltr' id='par_1_134' title="bbox 2050 5693 3652 5770">
     <span class='ocr_line' id='line_1_134' title="bbox 2050 5693 3652 5770; baseline -0.001 -18"><span class='ocrx_word' id='word_1_1045' title='bbox 2050 5699 2331 5770; x_wconf 86' lang='grc' dir='ltr'>λαφύρων,</span> <span class='ocrx_word' id='word_1_1046' title='bbox 2357 5693 2432 5750; x_wconf 81' lang='grc' dir='ltr'>ὧν</span> <span class='ocrx_word' id='word_1_1047' title='bbox 2462 5698 2718 5767; x_wconf 89' lang='grc' dir='ltr'>ἐπήγετο,</span> <span class='ocrx_word' id='word_1_1048' title='bbox 2748 5696 3020 5766; x_wconf 69' lang='grc' dir='ltr'>ἠμείψατο</span> <span class='ocrx_word' id='word_1_1049' title='bbox 3043 5697 3138 5749; x_wconf 65' lang='grc' dir='ltr'>τὸν</span> <span class='ocrx_word' id='word_1_1050' title='bbox 3167 5695 3522 5766; x_wconf 72' lang='grc' dir='ltr'>Μελχισεδὲκ,</span> <span class='ocrx_word' id='word_1_1051' title='bbox 3557 5698 3652 5752; x_wconf 75' lang='grc' dir='ltr'>καὶ</span> 
     </span>
    </p>
   </div>
   <div class='ocr_carea' id='block_1_135' title="bbox 2052 5774 3647 5854">
    <p class='ocr_par' dir='ltr' id='par_1_135' title="bbox 2052 5774 3647 5854">
     <span class='ocr_line' id='line_1_135' title="bbox 2052 5774 3647 5854; baseline -0.002 -17"><span class='ocrx_word' id='word_1_1052' title='bbox 2052 5785 2286 5854; x_wconf 86' lang='grc' dir='ltr'>δεκάτην</span> <span class='ocrx_word' id='word_1_1053' title='bbox 2327 5781 2476 5854; x_wconf 80' lang='grc' dir='ltr'>αὐτῷ</span> <span class='ocrx_word' id='word_1_1054' title='bbox 2515 5782 2790 5852; x_wconf 83' lang='grc' dir='ltr'>ἀφώρισεν</span> <span class='ocrx_word' id='word_1_1055' title='bbox 2826 5781 2933 5834; x_wconf 83' lang='grc' dir='ltr'>ἀπὸ</span> <span class='ocrx_word' id='word_1_1056' title='bbox 2972 5782 3192 5834; x_wconf 82' lang='grc' dir='ltr'>πάντων</span> <span class='ocrx_word' id='word_1_1057' title='bbox 3224 5774 3299 5834; x_wconf 81' lang='grc' dir='ltr'>ὧν</span> <span class='ocrx_word' id='word_1_1058' title='bbox 3328 5781 3647 5854; x_wconf 84' lang='grc' dir='ltr'>ἐπεφέρετο·</span> 
     </span>
    </p>
   </div>
   <div class='ocr_carea' id='block_1_136' title="bbox 2053 5862 3652 5936">
    <p class='ocr_par' dir='ltr' id='par_1_136' title="bbox 2053 5862 3652 5936">
     <span class='ocr_line' id='line_1_136' title="bbox 2053 5862 3652 5936; baseline -0.001 -17"><span class='ocrx_word' id='word_1_1059' title='bbox 2053 5867 2304 5919; x_wconf 76' lang='grc' dir='ltr'>ἐντεῦθεν</span> <span class='ocrx_word' id='word_1_1060' title='bbox 2355 5866 2454 5935; x_wconf 70' lang='grc' dir='ltr'>ἤδη</span> <span class='ocrx_word' id='word_1_1061' title='bbox 2501 5864 2820 5928; x_wconf 86' lang='grc' dir='ltr'>διδάσκαλος</span> <span class='ocrx_word' id='word_1_1062' title='bbox 2863 5862 3037 5917; x_wconf 75' lang='grc' dir='ltr'>ἅπασι</span> <span class='ocrx_word' id='word_1_1063' title='bbox 3083 5865 3396 5936; x_wconf 88' lang='grc' dir='ltr'>γενόμενος,</span> <span class='ocrx_word' id='word_1_1064' title='bbox 3446 5863 3652 5935; x_wconf 68' lang='grc' dir='ltr'>πολλὴν</span> 
     </span>
    </p>
   </div>
   <div class='ocr_carea' id='block_1_137' title="bbox 2052 5947 3652 6019">
    <p class='ocr_par' dir='ltr' id='par_1_137' title="bbox 2052 5947 3652 6019">
     <span class='ocr_line' id='line_1_137' title="bbox 2052 5947 3652 6019; baseline -0.001 -16"><span class='ocrx_word' id='word_1_1065' title='bbox 2052 5948 2455 6003; x_wconf 78' lang='grc' dir='ltr'>ἐπιδείκνυσθαι</span> <span class='ocrx_word' id='word_1_1066' title='bbox 2483 5947 2925 6019; x_wconf 70' lang='grc' dir='ltr'>εὐγνωμοσύνην,</span> <span class='ocrx_word' id='word_1_1067' title='bbox 2960 5949 3052 6001; x_wconf 76' lang='grc' dir='ltr'>καὶ</span> <span class='ocrx_word' id='word_1_1068' title='bbox 3077 5948 3174 6010; x_wconf 70' lang='grc' dir='ltr'>τὰς</span> <span class='ocrx_word' id='word_1_1069' title='bbox 3199 5947 3455 6018; x_wconf 76' lang='grc' dir='ltr'>ἀπαρχὰς</span> <span class='ocrx_word' id='word_1_1070' title='bbox 3483 5963 3652 6018; x_wconf 81' lang='grc' dir='ltr'>προσ-</span> 
     </span>
    </p>
   </div>
  </div>
