4058 6392
495 323 616 382 329'

486 447 640 511 ἀγιιν
668 439 776 493 τῶν
806 440 956 512 παρά
981 440 1075 495 τοῦ
1108 441 1243 495 Θεοῦ
1272 444 1403 512 ἡμῖν
1430 442 1897 514 παρατχεθέντων.
1938 437 2067 496 Εἶτα

486 526 782 592 ἐκπλαγεὶς
807 525 901 579 τοῦ
930 526 1269 598 πατριάρχου
1301 526 1452 598 [558]
1482 527 1582 596 τὴν
1614 527 2017 599 μεγαλοψυχίαν
2041 530 2070 582 ό

486 607 738 676 βασιλεὺς
791 605 1042 679 Σοδόμων
1088 600 1221 679 φησὶ
1268 609 1404 679 πρὸς
1434 610 1770 672 αὑτόν·“Δός
1799 628 1899 680 μοι
1927 612 2068 678 τοὺς

482 689 727 757 ἄνδρας,
754 692 869 759 τὴν
900 690 968 745 δέ
999 693 1185 745 ἵππον
1211 691 1359 746 λάϐε
1385 690 1642 757 σεαυτῷ.
1670 694 1824 765 Καλὴ
1848 694 1941 748 τοῦ
1971 694 2070 765 βα-

484 772 675 836 σιλέως
697 776 730 843 ή
759 774 1164 845 εὐγνωμοσύνη·
1190 773 1303 827 ἀλλ’
1327 775 1429 845 ὅρα
1446 773 1540 827 τοῦ
1562 775 1770 829 δικαίου
1793 776 1889 846 τὴν
1919 777 2067 846 φιλο-

484 856 697 923 σοφίαν.
722 853 868 911 Εἷπε
879 857 946 911 δὲ
967 860 1033 911 Ἀ
1041 859 1189 926 ϐραμ
1208 858 1360 925 πρὸς
1376 857 1755 921 τὸνβασιλέα
1769 859 2062 929 Σοδόμων·

495 938 743 993 Ἐκτενῶ
774 940 889 1007 τὴν
921 937 1087 1008 χεῖρά
1115 955 1236 1007 μου
1278 939 1428 1006 πρὸς
1458 940 1566 993 τὸν
1604 941 1754 994 Θεὸν
1789 940 1897 995 τόν
1928 942 2066 1010 ὕψι-

482 1036 654 1085 στον,
681 1022 751 1088 ὃς
771 1022 1020 1088 ἐποίησε
1040 1020 1147 1075 τὸν
1167 1022 1428 1090 οὐρανὸν
1453 1023 1550 1075 καί
1582 1022 1696 1090 τὴν
1716 1021 1849 1093 γῆν,
1871 1026 1924 1077 εί
1944 1025 2064 1078 ἀπὸ

482 1125 674 1177 σπαρε
684 1110 779 1163 Iov
802 1110 914 1175 ἕως
933 1108 1349 1179 σφαιρωτῆρος
1375 1109 1755 1180 ὑποδήματος
1792 1111 2065 1180 λήψομαι

481 1190 601 1244 ἀπό
642 1190 899 1245 πάντων
925 1190 1046 1245 τῶν
1082 1191 1230 1258 σῶν,
1274 1194 1375 1246 ἵνα
1403 1193 1490 1262 μὴ
1528 1196 1725 1262 ειπῃς,
1772 1192 1862 1247 ὅτι
1918 1193 2064 1264 Ἐγὼ

481 1274 852 1327 πεπλούτικα
883 1273 990 1328 τὸν
1025 1275 1263 1345 Ἅϐραμ.
1300 1274 1473 1345 Πολλὴ
1512 1276 1605 1330 τοῦ
1649 1277 1987 1348 πατριάρχου
2028 1278 2062 1348 ή

479 1355 610 1426 περὶ
650 1354 721 1409 τά
752 1358 1008 1427 χρήματα
1046 1355 1335 1427 ὑπεροψία,
1374 1358 1483 1410 Καὶ
1530 1358 1674 1420 τίνος
1720 1358 1903 1411 ἐνεκεν
1942 1359 2061 1428 μεθ’

478 1437 643 1507 ὅρκου
667 1438 767 1508 τὴν
796 1439 1165 1510 ἀπαγόρευσιν
1190 1442 1441 1501 ποιεῖται,
1468 1438 1563 1492 καί
1585 1457 1770 1510 φησιν,
1813 1439 2064 1494 Ἑκτενῶ

481 1519 595 1587 τὴν
637 1519 807 1589 χεῷά
842 1539 964 1589 μου
1004 1522 1155 1590 πρὸς
1198 1520 1306 1575 τὸν
1354 1520 1505 1575 Θεὸν
1536 1522 1644 1576 τὸν
1681 1522 1966 1591 ὕψιστον,
1993 1523 2062 1590 δς

478 1601 681 1656 ἔκτισε
714 1603 822 1657 τόν
841 1601 1103 1670 οὐρανὸν
1134 1603 1234 1657 καί
1273 1602 1389 1671 τὴν
1407 1602 1564 1673 γῆν;

551 1682 625 1748 ς’.
646 1684 952 1755 ’Δμφότερα
988 1684 1233 1755 βούλεται
1251 1685 1539 1739 παιδεῦσαι
1559 1686 1650 1741 τὸν
1664 1686 1772 1740 τῶν
1808 1686 2060 1758 Σοδόμων

480 1765 724 1835 βασιλέα,
760 1768 855 1822 καὶ
892 1768 973 1821 ὅτι
1007 1768 1271 1839 κρείττων
1304 1768 1421 1822 ἐστὶ
1454 1768 1563 1823 τῶν
1608 1771 1741 1841 παρ’
1773 1769 1940 1823 αὑτοῦ
1970 1769 2059 1823 δε-

476 1850 736 1920 δομένων,
761 1853 854 1907 καὶ
878 1851 1076 1923 πολλὴν
1098 1852 1461 1907 ἐπιδείκνυται
1480 1853 1580 1924 τὴν
1605 1852 1943 1922 φιλοσοφίαν,
1966 1854 2060 1908 καὶ

478 1933 788 1997 θεοσεϐείας
811 1935 961 2007 αύτῷ
982 1935 1299 1999 διδάσκαλος
1330 1936 1585 2005 γενέσθαι
1626 1937 1913 2003 σπουδάζει
1970 1955 2061 2008 μο-

477 2017 687 2086 νονουχῖ⁵
713 2016 977 2071 διδάσκων
999 2017 1181 2081 αὑτὸν,
1210 2019 1292 2071 ὅτι
1322 2018 1528 2072 ἐκεῖνόν
1553 2035 1635 2071 σοι
1663 2018 1889 2090 παρέχω
1916 2020 2057 2089 μάρ-

476 2115 634 2169 τυρα,
662 2100 744 2151 δτι
771 2098 922 2151 οὑδέν
947 2098 1054 2151 τῶν
1084 2098 1238 2170 παρὰ
1267 2097 1360 2152 σοῦ
1394 2098 1655 2170 λήψομαι,
1685 2101 1775 2154 τὸν
1800 2100 2057 2155 ἀπάντων

473 2180 822 2252 δημιουργὸν,
854 2180 939 2233 ῖνα
977 2180 1175 2234 είδὲναι
1205 2181 1349 2253 ἔχοις
1388 2183 1477 2236 τὸν
1513 2184 1605 2237 ἐπὶ
1637 2185 1854 2238 πάντων
1898 2184 2054 2249 Θεὸν,

475 2264 569 2316 καὶ
600 2262 675 2333 μὴ
697 2263 921 2334 νομίσῃς
944 2259 1084 2317 εῖναι
1118 2263 1273 2328 θεοὺς
1299 2263 1369 2318 τά
1396 2265 1502 2318 ὑπὸ
1527 2266 1725 2336 χειρῶν
1753 2265 2056 2336 ἀνθρώπων

474 2348 1003 2417 κατασκευαζόμενα.
1033 2342 1202 2410 Οὗτος
1223 2348 1333 2419 γὰρ
1355 2347 1631 2420 όοὺρανοῦ
1659 2351 1753 2402 καὶ
1779 2350 1878 2419 γῆς
1902 2365 2057 2419 ποιη-

472 2430 593 2499 τὴς,
626 2429 787 2492 αὐτὸς
823 2430 915 2483 καὶ
952 2429 1041 2482 τὸν
1069 2428 1305 2499 πόλεμον
1338 2431 1527 2484 τοῦτον
1559 2431 1928 2503 ἐτροπώσατο,
1961 2432 2056 2485 καὶ

471 2513 571 2583 τῆς
616 2511 773 2582 νίκης
812 2512 980 2573 αἴτιος
1024 2512 1281 2583 κατέστη.
1328 2513 1419 2584 Μὴ
1452 2513 1632 2568 τοίνυν
1677 2513 2050 2585 προσδοκήσῃς

471 2596 573 2665 ἐμὲ
594 2593 878 2661 ἀνέξεσθαί
907 2611 959 2647 τι
986 2594 1168 2648 λαϐεῖν
1188 2594 1297 2647 τῶν
1320 2596 1470 2665 παρά
1491 2595 1585 2649 σοῦ
1607 2595 1920 2667 διδομένων.
1951 2597 2054 2649 Οὑ-

470 2678 527 2730 δέ
572 2676 682 2748 γάρ
726 2676 819 2730 ἐπὶ
865 2676 1042 2747 μισθῷ
1086 2676 1184 2747 τὴν
1225 2675 1467 2730 ἐκδικίαν
1507 2678 1871 2749 ἐποιησάμην,
1918 2679 2053 2733 ἀλλά

472 2761 736 2832 πρότερον
775 2760 876 2831 μέν
904 2758 991 2814 διά
1017 2759 1115 2830 τὴν
1141 2761 1269 2831 περὶ
1302 2760 1393 2814 τὸν
1427 2761 1740 2829 ἀδελφιδοῦν
1767 2764 2052 2835 φιλοστορ-

469 2843 615 2911 γίαν,
655 2842 844 2896 ἔπειτα
869 2842 924 2895 δὲ
949 2843 1043 2895 καὶ
1073 2843 1141 2896 δι’
1170 2843 1340 2913 αὐτὴν
1369 2842 1464 2896 τοῦ
1497 2843 1706 2898 δικαίου
1739 2845 1838 2917 τήν
1868 2846 2049 2915 φύσιν,

467 2926 610 2980 ὥστε
633 2926 759 2991 τοὺς
778 2924 977 2988 ἀδίκως
1001 2926 1355 2996 ἀπηγμένους
1382 2926 1685 3000 ἐξαρπάσαι
1709 2928 1818 2983 τῶν
1842 2930 2052 3002 βαρϐα-

472 3009 640 3079 ρικῶν
662 3008 879 3079 χειρῶν.
917 3010 984 3062 El
1012 3009 1131 3062 ἀπὸ
1160 3011 1479 3077 σπαρτΙου,
1514 3011 1699 3082 φησὶν,
1730 3011 1844 3079 ἕως
1874 3026 2053 3081 σφαι-

468 3089 732 3159 ρωτῆρος
778 3090 1050 3159 λήψομαι
1098 3090 1218 3145 ἀπὸ
1259 3091 1501 3147 πάντων
1549 3092 1669 3147 τῶν
1706 3092 1855 3148 σῶν·
1909 3092 2051 3148 τοῦτ’

470 3173 639 3236 ἐστιν,
665 3173 786 3226 ούδέ
813 3172 873 3225 τὸ
902 3172 1083 3243 τυχὸν,
1111 3173 1232 3227 ούδέ
1258 3176 1316 3229 τὸ
1342 3176 1578 3243 εὐτελὲς,
1598 3176 1720 3231 οὐδὲ
1741 3176 1807 3231 τὸ
1829 3178 2054 3231 εὐκατα-

469 3256 737 3327 φρόνητον
773 3256 1145 3326 νομιζόμενον.
1176 3259 1285 3311 Kal
1304 3260 1411 3330 γὰρ
1447 3261 1805 3332 σφαιρωτῆρα
1828 3260 2052 3316 εἰώθασι

468 3341 646 3408 λέγειν
689 3340 751 3393 τὸ
783 3339 951 3410 ἀκρον
993 3340 1087 3394 τοῦ
1134 3340 1480 3412 ὑποδήματος
1520 3343 1583 3416 τοι
1609 3345 1690 3407 είς
1723 3344 1817 3411 ὀξὺ
1864 3344 2047 3417 λῆγον·

465 3424 726 3488 τοιούτοις
746 3423 855 3495 γὰρ
877 3422 995 3486 ἐθος
1015 3422 1197 3494 ἔχουσι
1222 3440 1279 3477 κε
1288 3424 1518 3495 χρῆσθαι
1538 3427 1587 3479 οί
1609 3425 1893 3500 βάρϐαροι.
1920 3425 2051 3483 Εἶτα

468 3508 564 3560 καὶ
595 3508 695 3576 τὴν
719 3506 900 3560 αίτίαν
926 3506 1022 3575 τῆς
1052 3507 1434 3578 παραιτήσεώς
1466 3527 1651 3580 φησιν,
1686 3511 1820 3566 Ἵνα
1854 3512 1942 3581 μὴ
1970 3514 2050 3567 ετ-

468 3608 613 3659 πῃς,
656 3590 807 3659 Ἔτὼ
834 3592 1206 3644 πεπλούτικα
1247 3590 1353 3644 τὸν
1385 3594 1628 3663 Ἀδραμ.
1669 3596 1817 3666 Ἔχω
1842 3597 1932 3649 τὸν
1958 3615 2048 3667 χο-

470 3674 638 3745 ρηγὸν
666 3672 773 3726 τῶν
793 3673 1001 3745 μυρίων
1026 3673 1268 3741 ἀγαθῶν,
1297 3674 1495 3746 πολλῆς
1514 3677 1775 3731 ἀπολαύω
1795 3678 1893 3748 τῆς
1909 3679 2054 3733 ἀνω-

468 3759 558 3811 θεν
589 3756 782 3829 ῥοπῆς,
807 3757 869 3809 οὑ
889 3756 1079 3826 δέομαι
1099 3759 1194 3810 τοῦ
1220 3757 1373 3829 παρὰ
1394 3759 1486 3813 σοῦ
1511 3760 1762 3826 πλούτου,
1783 3764 1844 3816 οὑ
1866 3764 2053 3835 χρῄζω

468 3840 817 3912 ἀνθρωπίνης
845 3838 1130 3910 εὐπορίας,
1174 3839 1453 3910 ἀρκοῦμαι
1479 3845 1546 3912 τῇ
1586 3844 1739 3915 παρά
1790 3845 1882 3899 τοῦ
1917 3848 2052 3901 Θεοῦ

470 3926 548 3986 εἰς
574 3923 673 3992 ἐμὲ
699 3921 999 3991 φιλοτιμία,
1025 3915 1143 3974 οἶδα
1168 3920 1331 3975 αὑτοῦ
1356 3923 1417 3976 τὸ
1443 3917 1797 3994 δαψιλὲς’τῶν
1813 3928 2051 4000 δωρεῶν.

471 4006 593 4059 Τῶν
627 4003 836 4076 μικρῶν
867 4004 961 4057 καὶ
989 4002 1221 4057 εὐτελῶν
1243 4010 1655 4079 παραχωρήσας
1681 4009 1758 4079 τῷ
1787 3999 1929 4071 Λὼὲ,
1965 4028 2055 4081 με.

471 4090 651 4157 γάλων
683 4088 776 4141 καὶ
814 4088 1141 4157 ἀπορρήτων
1171 4086 1411 4160 ἠξιώθην
1439 4092 1803 4162 ὑποσχέσεσιν·
1840 4095 1933 4148 καὶ
1958 4095 2054 4151 νῦν

475 4172 694 4241 μείζονα
718 4169 943 4223 πλοῦτον
960 4168 1136 4241 ἐαυτῷ
1160 4174 1697 4243 πραγματευόμενος,
1722 4176 1815 4229 καὶ
1836 4178 2053 4233 πλείονα

472 4256 599 4324 παρ’
648 4253 813 4308 αὑτοῦ
866 4252 1079 4307 εὔνοιαν
1142 4256 1540 4325 ἐπισπώμενος,
1601 4258 1693 4311 τὸν
1754 4260 1905 4331 παρά
1955 4262 2051 4316 σοῦ

473 4338 699 4392 πλοῦτον
724 4338 785 4390 οὑ
811 4337 1123 4409 προσίεμαι.
1150 4338 1247 4392 Διά
1268 4337 1423 4391 τοῦτο
1444 4339 1523 4399 δὲ.
1547 4341 1622 4404 ώς
1647 4338 1819 4412 οἶμαι,
1847 4345 1940 4399 καὶ
1962 4345 2051 4399 τὸν

471 4424 630 4493 ὅρκον
686 4420 1018 4492 προσέθηκε,
1067 4421 1162 4472 καὶ
1208 4417 1377 4483 εἶπεν,
1443 4423 1694 4477 Ἐκτενῶ
1737 4426 1852 4492 τὴν
1887 4430 2052 4497 χεῑριί

470 4523 586 4572 μου
626 4505 775 4573 πρὸς
815 4504 921 4557 τὸν
954 4501 1114 4556 ’Θεὸν
1155 4504 1260 4557 τὸν
1302 4504 1584 4585 ὕψιστον,
1623 4507 1707 4560 ἵνα
1750 4509 1825 4580 μὴ
1857 4513 2052 4585 νομίσῃ

474 4587 658 4651 ἀπλῶς
689 4587 850 4642 αὑτὸν
884 4586 1334 4657 σχηματίζεσθαι,
1381 4583 1470 4641 οἷα
1511 4589 1829 4658 συμϐαίνειν
1885 4583 2052 4658 εἰκός·

476 4671 589 4724 ἀλλ’
619 4671 705 4724 ἴνα
752 4669 897 4740 μάθῃ
928 4669 1009 4721 ὅτι
1043 4668 1199 4722 τοῦτο
1231 4668 1378 4739 αὐτῷ
1416 4670 1683 4736 δέδοκται,
1725 4674 1785 4727 τδ
1824 4676 1957 4747 μηδὲ
1998 4678 2057 4731 τὸ

475 4756 635 4824 τυχὸν
669 4752 876 4805 ἐκεῖθεν
903 4750 1277 4821 νοσφίσασθαι.
1312 4753 1420 4805 Kal
1460 4754 1698 4826 ἐπλήρου
1745 4758 1807 4811 τὸ
1838 4762 2057 4829 παράγ-

479 4838 654 4907 γελμα
683 4837 857 4888 ἐκεῖνο
886 4834 946 4886 τὸ
968 4832 1115 4906 παρά
1137 4831 1232 4886 τοῦ
1271 4835 1508 4903 Χριστοῦ
1539 4839 1652 4901 τοῖς
1691 4840 1959 4911 μαθηταῖς
1987 4846 2058 4896 εξ-

478 4920 733 4991 ρημένον·
792 4917 1023 4985 Δωρεὰν
1053 4916 1315 4979 ἐλάϐετε,
1348 4917 1574 4987 δωρεὰν
1616 4920 1771 4977 δότε.
1814 4926 1906 4995 Μὴ
1950 4927 2056 4997 γὰρ

478 5001 587 5071 ἐγώ
615 5018 667 5053 τι
693 5000 897 5063 πλεῖον,
922 5000 1106 5071 φησὶν,
1135 5001 1426 5069 εἰσήνεγκα
1452 5005 1530 5066 εἰς
1563 5003 1661 5075 τήν
1689 5007 1783 5059 τοῦ
1820 5008 2056 5079 πολέμου

479 5084 751 5144 ὑπόθεσιν.
779 5084 814 5155 ἢ
854 5084 1014 5154 μόνον
1050 5083 1149 5154 τὴν
1186 5082 1410 5153 γνώμην
1444 5087 1536 5138 καὶ
1576 5088 1677 5157 τὴν
1715 5089 2055 5161 προθυμίαν;

478 5168 590 5238 Τὴν
642 5166 697 5221 δέ
758 5168 915 5238 νίκην
975 5166 1069 5220 καὶ
1103 5167 1166 5219 τὸ
1203 5165 1484 5236 τρόπαιον,
1518 5168 1612 5222 καὶ
1655 5170 1721 5223 τὰ
1751 5171 1883 5225 ἄλλα
1905 5171 2055 5245 [359]

480 5252 656 5304 πάντα
694 5252 857 5315 αὑτὸς
890 5251 1185 5322 εἰργάσατο
1204 5254 1270 5322 τῇ
1303 5252 1519 5324 ἀοράτῳ
1541 5254 1787 5327 δυνάμει.
1813 5254 1945 5311 Εἶτα
1971 5261 2057 5314 ἵνα

481 5336 556 5406 μὴ
580 5335 777 5406 νομίσῃ
802 5335 830 5387 ὁ
855 5333 1125 5403 βασιλεὺς,
1151 5334 1233 5386 ὅτι
1251 5333 1317 5386 δι’
1338 5335 1638 5405 ὑπεροψίαν
1664 5337 1757 5391 καὶ
1785 5342 2061 5412 καταφρό-

358 5434 363 5441 ·
480 5436 632 5489 νησιν
670 5419 733 5472 οὑ
767 5418 1047 5489 προσίεται
1077 5416 1147 5469 τὰ
1184 5418 1315 5488 παρ’
1343 5418 1506 5472 αὑτοῦ
1542 5420 1814 5491 διδόμενα,
1843 5424 2059 5493 δεικνὺς

480 5500 645 5556 αὑτοῦ
678 5502 771 5554 καὶ
799 5502 856 5554 ἐν
887 5501 1062 5572 τούτῳ
1101 5503 1160 5555 τὸ
1200 5503 1429 5573 ῆμερον,
1465 5504 1560 5557 xal
1591 5506 1691 5576 τῆς
1731 5506 1957 5579 γνώμης
1999 5514 2059 5567 τὸ

481 5586 793 5656 φιλόσοφον,
824 5587 1007 5657 φησίν·
1035 5588 1097 5641 οὐ
1126 5587 1389 5660 λήψομαι,
1425 5590 1596 5658 Πλὴν
1623 5584 1711 5645 ὧν
1745 5594 1969 5664 ἔφαγον
2004 5601 2059 5653 οί

479 5670 812 5733 νεανίσκοι,
835 5668 1058 5737 καὶτῆς
1080 5671 1323 5740 μερίδος
1355 5672 1475 5727 τῶν
1504 5674 1742 5743 ἀνδρῶν
1764 5676 1883 5730 τῶν
1908 5693 2060 5749 συμ-

481 5752 890 5833 πορευθέντων
907 5755 1034 5823 μετ’
1054 5754 1219 5823 ἐμοῦ,
1250 5756 1507 5826 Ἑσχὼλ,
1534 5758 1763 5825 Αὐνᾶν,
1782 5759 2052 5833 Μαμϐρῆ·

482 5830 647 5918 οὗτοι
669 5834 969 5905 λήψονται
990 5837 1223 5906 μερίδα.
1254 5836 1493 5903 Τούτοις.
1536 5842 1687 5910 φησὶ.
1722 5830 2060 5918 συγχωρήσω

482 5916 667 5973 λαϐεῖν
695 5936 817 5973 τινα
852 5920 1067 5990 μερίδα,
1107 5920 1297 5991 ἐπειδή
1342 5923 1542 5995 πολλῆς
1576 5925 1754 5993 φιλίας
1784 5916 2058 6003 τεκμήρια

1184 328 1242 385 S.
1280 325 1566 385 JOANNIS
1602 325 2097 385 CIIRYSOSTOMI
2130 328 2455 385 ARCIIIEI’.
2489 329 3042 387 CONSTANTINOP.

3648 327 3754 383 330

2174 443 2535 509 ἐπεδείξαντο.
2606 442 2781 500 Οὗτοι
2839 445 2981 516 γὰρ.
3054 445 3224 513 φησι.
3287 437 3632 508 συνωμόται
3682 440 3760 503 τῷ

2176 527 2411 595 Ἀϐραμ,
2443 527 2590 581 τοῦτ’
2628 528 2796 593 ἐστιν,
2827 531 2907 592 εἰς
2931 526 3109 596 φιλίαν
3136 523 3491 594 συιημμὲνοι·
3519 522 3615 574 καὶ
3635 519 3757 573 τοῦο

2169 625 2231 662 το
2258 610 2496 663 δείκνυσι
2536 611 2599 663 τὸ
2629 611 2847 665 ἑλέσθαι
2885 611 3085 671 αὐτοὺς
3117 605 3445 676 κοινωνῆσαι
3472 603 3624 673 αὑτῷ
3657 602 3761 654 τῶν

2170 692 2452 746 κινδύνων.
2500 694 2599 746 Διά
2639 693 2799 746 τοῦτο
2836 693 2931 746 καὶ
2961 691 3127 755 αὑτὸς
3174 689 3535 760 ἀμειϐόμενος
3562 685 3763 748 αὐτοὺς

2169 776 2577 845 παρασκευάζει
2602 777 2795 849 μερίδα
2817 775 2941 829 τινά
2962 775 3169 841 λαϐεῖν,
3194 775 3290 829 καὶ⁸
3314 776 3372 829 ἐν
3400 772 3575 843 τούτῳ
3597 769 3762 825 πάλιν

2166 857 2259 910 τὸν
2288 858 2643 913 ἀποστολικὸν
2665 859 2828 931 νόμον
2855 859 3077 930 πληρῶν
3096 858 3189 912 τὸν
3218 858 3466 926 λέγοντα,
3502 856 3701 920 Ἄξιος
3729 855 3761 907 ό

2164 940 2414 1010 ἐργάτης
2466 941 2573 1009 τῆς
2620 942 2846 1012 τροφῆς
2899 942 3087 998 αὐτοῦ
3132 943 3322 996 ἐστιν.
3371 940 3508 994 Οὐδὲ
3562 941 3671 1013 γάρ
3707 955 3759 993 τι

2166 1023 2328 1077 πλέον
2357 1025 2456 1093 τῆς
2484 1026 2674 1094 χρείας
2717 1027 2915 1090 αὑτοὺς
2940 1026 3127 1080 λαϐεῖν
3158 1023 3377 1095 ἀφίησι·
3425 1021 3601 1090 Πλὴν
3627 1021 3757 1092 γὰρ,

2166 1106 2351 1176 φησὶν,
2384 1102 2473 1160 ὧν
2506 1109 2736 1177 ἔφατον
2779 1113 2834 1164 οι
2872 1112 3204 1172 νεακίσκοι,
3243 1107 3341 1162 καί
3370 1105 3480 1173 τῆς
3514 1104 3759 1174 μερίδος

2164 1188 2285 1243 τῶν
2313 1191 2858 1259 συμπορευθέντων
2884 1195 3012 1260 μετ’
3031 1191 3202 1262 ἐμοῦ,
3239 1190 3497 1259 Ἐσχὼλ,
3526 1186 3757 1252 Δῠηῖν,

2164 1271 2434 1341 Μαμϐρῆ·
2461 1269 2625 1328 οὗτοι
2653 1272 2939 1341 adv-orta
2981 1274 3208 1342 μερίδα.
3240 1273 3407 1327 Ἴδετε
3428 1273 3530 1343 τῆς
3553 1270 3758 1343 ἀρετῆς

2163 1354 2258 1407 τοῦ
2293 1354 2629 1425 πατριάρχου
2664 1355 2761 1425 τὴν
2795 1354 3103 1425 ἀκρίϐειαν,
3137 1355 3255 1419 πῶς
3279 1356 3376 1409 καὶ
3412 1357 3512 1425 τὴν
3539 1354 3757 1424 φιλοσοο

2165 1439 2296 1506 φίαν
2322 1436 2635 1502 ἐπεδείξατο
2664 1439 2763 1508 τὴν
2784 1438 2911 1508 περὶ
2938 1439 3038 1509 τὴν
3069 1437 3371 1509 ὑπεροψίαν
3400 1438 3510 1491 τῶν
3539 1438 3759 1509 χρημά-

2162 1538 2290 1585 των,
2314 1519 2408 1573 καὶ
2428 1520 2526 1589 τὴν
2545 1522 3071 1594 ταπεινοφροσύνην,
3103 1523 3198 1575 καὶ
3225 1522 3402 1575 πάντα
3424 1525 3586 1585 ποιεῖ,
3612 1520 3755 1574 ὥστε

2165 1602 2240 1673 μὴ
2272 1601 2421 1667 δόξαι
2457 1603 2745 1674 ἀλαζονείᾳ
2768 1606 2875 1657 τινὶ
2910 1606 3003 1657 καὶ
3025 1608 3431 1676 καταφρονήσει
3457 1605 3618 1659 τοῦτο
3649 1622 3749 1657 πει

2163 1685 2467 1755 ποιηκέναι,
2501 1686 2597 1740 καὶ
2618 1686 2706 1740 διὰ
2729 1687 2886 1740 τοῦτο
2911 1690 3055 1758 μέγα
3086 1691 3304 1760 φρονεῖν
3327 1688 3419 1741 ἐπὶ
3443 1690 3512 1759 τῇ
3533 1688 3658 1759 νίκῃ
3685 1690 3750 1759 τῇ

2159 1769 2510 1842 γεγενημένῃ
2531 1786 2546 1833 ;

2234 1848 2299 1914 ζ’.
2327 1850 2529 1905 Τοῦτον
2562 1852 2625 1923 δὴ
2649 1852 2744 1907 καὶ
2761 1854 2923 1923 ἡμεῖς
2956 1851 3275 1925 μιμώμεθα,
3296 1850 3623 1923 παρακαλῶ,
3652 1852 3751 1906 καὶ

2163 1932 2556 2004 σπουδάζωμεν
2577 1935 2855 2007 ἀλήπτους
2882 1937 3111 2001 ἑαυτοὺς
3141 1937 3456 2006 φυλάττειν,
3482 1937 3579 1991 καὶ
3613 1936 3753 2007 μήτε

2162 2016 2434 2086 προφάσει
2477 2016 2580 2087 τῆς
2623 2018 2825 2088 ἀρετῆς
2860 2020 3124 2084 ἀπονοίας
3164 2022 3379 2084 ἑαυτοῖς
3412 2019 3753 2091 περιτιθέναι

2157 2098 2335 2165 δόξαν,
2372 2098 2507 2169 μηδέ
2558 2100 2832 2170 προφάσει
2870 2102 3375 2172 ταπεινοφροσύνης
3410 2102 3513 2173 τῆς
3552 2103 3754 2173 ἀρετῆς

2158 2181 2510 2252 καταμελεῖν·
2540 2181 2679 2235 ἀλλά
2706 2183 2984 2254 πανταχοῦ
3019 2184 3081 2237 τὸ
3102 2184 3302 2257 μέτρον
3325 2183 3634 2250 διασώζειν,
3656 2183 3754 2237 καὶ

2154 2266 2269 2324 τοῖς
2291 2263 2679 2335 κατορθώμασι
2697 2267 2809 2328 τοῖς
2829 2266 2918 2334 ὑφ’
2937 2266 3091 2338 ὑμῶν
3122 2276 3142 2298 ⁸
3164 2268 3474 2338 γινομένοις
3499 2266 3754 2336 καθάπερ

2157 2346 2406 2416 θεμέλιόν
2444 2363 2567 2399 τινα
2608 2348 2702 2401 καὶ
2736 2348 3076 2420 ὑποϐάθραν,
3115 2349 3213 2421 τὴν
3244 2348 3753 2420 ταπεινοφροσύνην

2159 2425 2494 2488 ὑποτιθέναι,
2527 2424 2614 2478 ῖνα
2649 2426 2787 2496 μετά
2816 2427 3118 2495 ἀσφαλείας
3140 2429 3273 2499 ἡμῖν
3301 2427 3654 2497 οίκοδομῆται
3680 2425 3752 2479 τά

2154 2507 2254 2577 τῆς
2284 2508 2507 2579 ἀρετῆς.
2539 2509 2711 2562 Τοῦτο
2748 2510 2858 2581 γάρ
2880 2511 3072 2582 ἀρετὴ,
3106 2513 3237 2565 ὅταν
3267 2510 3367 2584 ἐχῃ
3393 2510 3602 2580 ταύτην
3627 2525 3751 2561 συν-

2154 2591 2513 2662 εζευγμένην.
2559 2592 2618 2643 ’0
2647 2592 2755 2663 γὰρ
2791 2593 2981 2647 τοῦτον
3022 2595 3163 2666 μετά
3188 2594 3493 2664 ἀσφαλείας
3540 2594 3633 2647 τὸν
3662 2593 3752 2645 θε-

2158 2674 2342 2745 μέλιον
2366 2675 2688 2729 καταϐαλὼν
2718 2677 3006 2746 δυνήσεται
3038 2678 3173 2749 πρὸς
3194 2679 3318 2732 ὅσον
3343 2676 3590 2748 βούλεται
3616 2677 3750 2747 ὕψος

2155 2757 2365 2827 ἐγεῖραι
2398 2756 2497 2825 τήν
2512 2757 2823 2829 οἰκοδομήν.
2854 2758 3002 2831 Αὕτη
3032 2761 3264 2832 μεγίστη
3289 2761 3584 2829 ἀσφάλεια,
3606 2760 3748 2831 αῦτη

2154 2842 2328 2907 τεῖχος
2368 2839 2629 2909 ἀρῤαγές,
2676 2840 2814 2911 αῦτη
2858 2840 3065 2913 πύργος
3110 2843 3559 2913 ἀκαταμάχητος,
3608 2842 3749 2913 αὕτη

2154 2921 2335 2972 πᾶσαν
2354 2920 2643 2990 συσφίγγει
2673 2923 2771 2993 τὴν
2799 2923 3113 2994 οἰκοδομὴν,
3134 2924 3233 2978 οὑκ
3253 2927 3477 2994 ἀφιεῖσα
3500 2926 3622 2979 οὒτε
3645 2925 3750 2980 ὑπὸ

2154 3002 2371 3070 ἀνέμων
2401 3004 2785 3075 σφοδρότητος,
2818 3006 2942 3059 οὕτε
2974 3007 3083 3060 ὑπὸ
3108 3007 3208 3078 τῆς
3247 3007 3357 3061 τῶν
3384 3007 3610 3081 δμϐρων
3647 3025 3747 3079 φο-

2157 3087 2277 3157 ρᾶς,
2313 3085 2436 3140 οῦτε
2472 3088 2576 3141 ὑπὸ
2598 3089 2700 3159 τῆς
2730 3090 2839 3143 τῶν
2874 3091 3199 3160 πνευμάτων
3228 3090 3350 3161 βίας
3379 3093 3550 3164 αὑτὴν
3580 3109 3749 3148 κατα-

2156 3172 2362 3233 πεσεῖν,
2401 3170 2517 3224 ἀλλ⁹
2547 3172 2826 3244 ἀνωτέραν
2864 3173 3155 3244 καθίστησι
3206 3174 3390 3245 πάσης
3433 3174 3746 3247 ἐπιϐουλῆς,

2156 3253 2251 3307 καὶ
2292 3252 2544 3324 καθάπερ
2581 3255 2641 3319 ἐξ
2677 3256 2984 3326 ἀδάμαντός
3024 3274 3167 3321 τινος
3204 3258 3745 3328 κατεσκευασμένην,

2154 3334 2328 3397 οὑτως
2363 3335 2532 3407 αὑτήν
2557 3336 2855 3408 ἀχείρωτον
2882 3339 3196 3409 ἐργάζεται,
3226 3340 3319 3393 καὶ
3346 3340 3589 3410 μεγάλας
3614 3343 3749 3411 ἡμῖν

2152 3418 2389 3488 ἀμοιϐὰς
2420 3418 2570 3489 παρά
2604 3420 2702 3489 τῆς
2726 3420 2821 3474 τοῦ
2852 3421 3233 3493 φιλανθρώπου
3261 3424 3397 3476 Θεοῦ
3418 3423 3628 3494 δωρεᾶς
3648 3426 3750 3493 ἐφ-

2154 3500 2388 3555 έλκεται·
2412 3501 2477 3555 δι’
2498 3499 2564 3573 ἦς,
2598 3505 2945 3576 πατριάρχης
2970 3505 3241 3560 τοσούτων
3267 3506 3378 3559 τῶν
3404 3508 3747 3575 ἐπαγγελιιῖιν

2152 3584 2247 3638 τοῦ
2276 3584 2411 3637 Θεοῦ
2440 3585 2499 3637 τὸ
2525 3585 2754 3655 μέγεθος
2788 3587 3025 3654 ἐδέξατο.
3058 3589 3285 3643 Εῖσεσθε
3310 3589 3441 3660 γὰρ,
3475 3590 3571 3644 τοῦ
3610 3590 3747 3645 Θεοῦ

2154 3668 2540 3739 ἐπιτρέποντος
2566 3709 2581 3730 ,
2634 3670 2725 3722 καὶ
2781 3671 2844 3723 ἐκ
2893 3672 2991 3740 τῆς
3048 3671 3371 3736 ἀκολουθίας
3444 3673 3549 3725 ’ὢν
3619 3672 3748 3743 ἑξῆς

2159 3750 2463 3821 μελλόντων
2517 3751 2872 3821 ῥηθήσεσθαι,
2918 3754 3035 3817 πῶς
3082 3757 3176 3808 καὶ
3212 3754 3308 3808 νῦν
3344 3756 3615 3826 ὑπεριδὼν
3636 3755 3747 3809 τῶν

2157 3833 2309 3904 παρά
2334 3832 2425 3887 τοῦ
2462 3834 2725 3903 βασιλέως
2765 3836 3014 3907 Σοδόμων
3054 3837 3205 3907 αὑτῴ
3236 3839 3529 3909 διδομένων
3560 3839 3610 3905 δ,
3650 3857 3749 3909 με·

2156 3918 2337 3986 γάλων
2381 3918 2473 3971 καὶ
2519 3919 2741 3987 ἀφάτων
2786 3918 2991 3989 ἠξιώοη
3037 3923 3147 3975 τῶν
3200 3921 3296 3975 τοῦ
3332 3922 3470 3976 Θεοῦ
3503 3922 3744 3993 δωρεῶν.

2156 4003 2255 4055 Διά
2310 4000 2510 4071 ταύτης
2562 4003 2663 4055 οὑκ
2697 4002 2861 4064 αὑτὸς
2911 4002 3091 4071 μόνος,
3123 4003 3259 4057 ἀλλά
3292 4005 3387 4057 καὶ
3422 4004 3531 4057 τῶν
3570 4005 3747 4060 ἄλλων

2156 4083 2379 4138 δικαίων
2431 4085 2660 4145 ἕκαστος
2712 4084 3061 4154 εὐδοκίμησε.
3114 4086 3224 4139 Kal
3273 4086 3454 4147 τοῦτο,
3507 4088 3621 4141 ὅσοι
3658 4107 3748 4158 φι-

2157 4168 2370 4221 λόπονοι
2421 4169 2549 4237 περὶ
2587 4167 2685 4237 τὴν
2716 4168 3021 4234 ἀνάγνωσιν
3056 4169 3165 4221 τῶν
3200 4168 3359 4223 θείων
3406 4169 3556 4242 [360]
3603 4171 3745 4242 Γρα-

2159 4251 2275 4319 φῶν
2324 4252 2468 4312 ἐστε,
2514 4248 2810 4319 δυνήσεσθε
2860 4251 3199 4321 καταμαθεῖν
3260 4252 3539 4323 πανταχοῦ
3598 4254 3745 4323 γινό-

2160 4350 2339 4401 μενον.
2388 4335 2444 4385 'U
2465 4333 2572 4403 γάρ
2602 4332 2984 4405 φιλάνθρωπος
3012 4334 3169 4405 ήμῶν
3190 4335 3489 4407 Δεσπότης,
3511 4336 3641 4391 όταν
3661 4337 3746 4411 ιδῃ

2157 4415 2540 4486 ὑπερορῶντας
2568 4417 2717 4486 ἡμᾶς
2736 4416 2845 4471 τῶν
2862 4416 3164 4487 παρόντων,
3190 4419 3329 4489 μετά
3351 4417 3633 4487 δαψιλείας
3650 4421 3747 4475 καὶ

2156 4497 2328 4549 ταῦτα
2360 4496 2611 4567 παρέχει,
2630 4499 2725 4550 καὶ
2757 4499 2864 4551 τῶν
2898 4499 3201 4568 μελλόντων
3230 4503 3361 4572 ήμῖν
3394 4500 3616 4571 ἀγαθῶν
3645 4502 3745 4575 τήν

2157 4580 2459 4633 ἀπόλαυσιν
2484 4578 2825 4648 ταμιεύεται.
2876 4582 2985 4634 Kal
3005 4581 3164 4637 τοῦτο
3189 4584 3282 4638 καὶ
3299 4586 3392 4639 ἐπὶ
3419 4588 3740 4659 χρημάτων,

2159 4663 2253 4713 καὶ
2281 4662 2374 4715 ἐπὶ
2412 4664 2509 4731 τῆς
2529 4662 2686 4732 δόξης
2706 4661 2802 4716 τοῦ
2844 4665 3113 4734 παρόντος
3137 4665 3273 4736 βίου,
3302 4669 3398 4722 καὶ
3414 4670 3506 4722 ἐπὶ
3526 4661 3741 4728 πάντων

2156 4743 2264 4796 τῶν
2296 4744 2577 4813 ἐπικήρων
2601 4746 2942 4818 πραγμάτων
2969 4748 3117 4801 ἐστὶν
3151 4750 3278 4802 ἰδεῖν
3300 4752 3607 4821 γινόμενον.
3628 4757 3742 4810 Κα-

2158 4826 2513 4897 ταφρονῶμεν
2558 4828 2738 4881 τοίνυν
2772 4828 2865 4881 τοῦ
2921 4831 3186 4900 παρόντος
3242 4833 3497 4899 πλούτου,
3537 4838 3625 4893 ῖνα
3654 4826 3739 4892 τὶν

2158 4909 2331 4980 ἀληθῆ
2388 4911 2611 4964 πλοῦτον
2668 4911 2848 4983 εὑρεῖν
2896 4912 3236 4983 δυνηθῶμεν·
3268 4916 3614 4989 ὑπερίδωμεν
3641 4921 3740 4992 τῆς

2159 4992 2321 5063 κενῆς
2346 4992 2548 5061 ταύτης
2569 4993 2746 5063 δόξης,
2778 4994 2864 5047 ἴνα
2889 4996 2988 5065 τῆς
3016 4996 3250 5067 ἀληθοῦς
3289 4999 3505 5070 ἐκείνης
3529 5004 3624 5055 καὶ
3656 5003 3741 5073 βε-

2161 5073 2318 5139 ϐαίας
2362 5074 2783 5147 ἀπολαύσωμεν·
2826 5078 3291 5150 καταγελάσωμεν
3338 5081 3439 5152 τῆς
3462 5086 3743 5155 παρούσης

2160 5157 2479 5229 εὐημερίας,
2504 5158 2592 5211 ἵνα
2629 5160 2736 5211 τῶν
2764 5160 3092 5231 ἀπορρήτων
3121 5162 3345 5216 ἐκείνων
3374 5166 3594 5233 ἀγαθῶν
3622 5170 3744 5221 ἐπι·

2157 5240 2430 5311 τύχωμεν·
2469 5241 2634 5311 μηδὲν
2662 5241 2926 5313 ἡγώμεθα
2953 5242 3023 5296 τὰ
3076 5244 3340 5315 παρόντα,
3378 5249 3463 5301 ἵνα
3492 5249 3626 5320 πρὸς
3654 5252 3745 5304 τὸν

2160 5322 2265 5377 τῶν
2297 5324 2596 5402 μελλόντων
2647 5324 2807 5379 πόθον
2846 5326 3193 5397 διεγερθῆναι
3235 5327 3568 5402 δυνηθῶμεν.
3607 5335 3743 5387 Οὐδὲ

2160 5407 2269 5479 γάρ
2292 5401 2403 5460 οἷόν
2423 5424 2485 5459 τε
2520 5407 2609 5461 τὸν
2642 5411 2755 5471 τοῖς
2805 5408 3039 5479 παροῦσι
3067 5401 3491 5484 προσηλωμένον
3520 5417 3745 5471 ἐκείνων

2158 5492 2267 5545 τῶν
2323 5491 2655 5562 ἀπορρήτων
2709 5491 2928 5560 ἀγαθῶν
2978 5492 3069 5547 τὸν
3122 5494 3286 5548 πόθον
3346 5498 3745 5564 καταδέξασθαί

2161 5591 2309 5639 ποτε,
2331 5574 2583 5645 καθάπερ
2605 5574 2783 5645 λήμης
2803 5575 2948 5639 τινὸς
2972 5578 3085 5640 τοῖς
3104 5577 3403 5650 ὀφθαλμοῖς
3430 5580 3526 5635 τοῦ
3559 5569 3747 5653 σώμα-

2220 5696 2395 5769 ‘ﬁeg.
2412 5704 2473 5769 [et
2498 5696 2917 5769 Savil._§£’.6.§5§v.
2941 5698 3159 5769 ngguor
3179 5714 3296 5769 lpss.
3318 5704 3396 5765 ὑφ’
3416 5706 3571 5769 ἡμῶν,
3597 5715 3746 5769 atque

2220 5714 2249 5728 ἰ
2274 5714 2395 5768 mag.
2422 5714 2473 5746 ει
2498 5714 2648 5747 aavu.
2669 5714 2744 5809 0g
2768 5714 2917 5759 υμων.
2941 5714 3159 5757 qualuor
3179 5714 3296 5750 mss.
3318 5714 3396 5765 ὑφ’
3416 5714 3571 5767 ἡμῶν.
3597 5715 3741 5769 atque

2160 5758 2380 5829 gu_le§|t
2406 5760 2590 5829 ξριειξρ.
2659 5758 2686 5798 b
2745 5761 2790 5809 lc
2819 5759 3157 5829 Sanngllior1
3180 5762 3279 5829 _Sex
3314 5777 3428 5813 mss.
3461 5766 3741 5829 δεδομένων.

2160 5772 2225 5809 lu
2257 5772 2380 5869 legi:
2406 5772 2590 5820 mlerp.
2660 5772 2686 5798 υ
2707 5772 2790 5809 διο
2819 5772 2929 5810 33v.
2955 5772 3008 5809 el
3027 5772 3146 5809 uor.
3180 5772 3279 5836 ζει
3314 5777 3428 5813 mss.
3461 5772 3741 5829 δεδομένων.

2160 5820 2285 5869 Infra
2309 5851 2320 5866 ι
2373 5820 2457 5891 fil.
2480 5827 2543 5891 Δει.
2572 5829 2767 5891 septe_m
2808 5835 2921 5891 mag.
2956 5822 3063 5891 ὅσοι
3095 5824 3357 5891 φιλότεχνοι
3387 5828 3494 5891 περὶ
3521 5831 3608 5885 τήν
3633 5830 3749 5879 ἀνί-

2157 5897 2348 5944 γνωσιν.
2375 5881 2546 5930 Leclio
2568 5881 2679 5944 qua:
2707 5884 2756 5932 in
2780 5889 3018 5933 conlequ
3043 5881 3462 5949 Νάξιαι-(Μωρέ
3480 5881 3741 5952 φιλόπονοι,

2158 5941 2311 5992 magis
2332 5942 2532 5992 arridet.

2158 5955 2311 6007 11):!ng
2332 5955 2532 5992 arnuel.
