4058 6386
347 354 452 410 3:29

350 471 499 532 riros,
532 470 804 540 equitatum
831 477 997 522 autent
1027 467 1143 519 tolle
1171 465 1276 518 tibi.
1321 463 1549 518 llonesta
1579 460 1717 527 regis
1744 457 1930 526 gratia,

350 559 440 612 sed
488 560 608 613 vide
644 560 771 627 justi
818 557 1226 627 philosolthiam.
1257 554 1346 607 92.
1386 552 1525 605 Dia‘it
1565 559 1728 602 autem
1757 550 1940 600 Abram

349 649 452 718 regi
493 647 831 703 Sodomorum
861 662 880 701 :
913 646 1196 701 Extendunt
1237 660 1439 697 nimium
1482 657 1643 694 meam
1670 639 1738 692 ad
1779 638 1940 690 Deum

348 740 668 799 altissimum,
696 738 784 806 qui
808 738 925 806 fecit
953 737 1131 790 cadunt
1159 746 1207 790 et
1235 746 1440 798 terram,
1467 733 1557 786 Ξῖ).
1590 731 1631 785 si
1655 747 1686 783 α
1713 729 1940 800 funiculo

351 845 506 898 usque
529 830 597 882 ad
626 830 984 898 aphwroterem
1009 825 1332 880 calceamenti
1351 824 1598 892 accipiam
1625 824 1687 874 de
1710 821 1940 874 omnibus

351 921 452 972 tui:
477 934 494 972 :
519 929 573 970 ut
600 935 660 972 ne
680 920 838 984 dicas,
864 917 976 988 Ego
998 917 1153 970 ditavi
1179 916 1386 968 Abram.
1413 914 1597 982 Magna
1624 910 1938 980 patriarcha;

350 1007 403 1059 in
434 1010 838 1063 contemnendis
861 1007 1058 1063 divitiis
1094 1006 1282 1060 virtus.
1327 1005 1392 1059 Et
1428 1004 1578 1072 cujus
1607 1003 1774 1072 gratia
1813 1016 1937 1055 cum

347 1091 656 1159 iuramento
685 1108 890 1154 recusat
931 1107 985 1151 et
1020 1097 1150 1151 dicit
1183 1114 1194 1149 :
1223 1095 1512 1148 Extendunt
1539 1108 1745 1146 manum
1775 1107 1938 1144 meam

351 1190 419 1241 ad
452 1187 610 1242 Deum
634 1189 976 1252 altissimum,
1002 1189 1086 1256 qui
1114 1187 1301 1240 creavit
1326 1186 1505 1239 uelum
1529 1192 1574 1238 et
1601 1194 1788 1236 terram
1808 1182 1834 1235 7

423 1281 475 1334 6.
507 1279 620 1333 Duo
665 1279 821 1334 simul
863 1278 1056 1332 docete
1096 1277 1205 1330 vult
1246 1275 1600 1330 Sodomorum
1645 1287 1846 1341 regem,
1877 1286 1938 1326 se

352 1370 571 1424 ntinitne
609 1369 726 1439 capi
753 1369 907 1423 donis
935 1383 1052 1437 quae
1078 1367 1145 1421 ab
1175 1368 1288 1435 ipso
1312 1353 1672 1419 offerebantur
1694 1404 1710 1429 ,
1736 1372 1788 1415 et
1819 1376 1936 1415 nta-

351 1475 510 1530 gnam
544 1462 894 1532 philosophia:
930 1460 1157 1514 formam
1201 1458 1435 1512 indicare
1459 1456 1620 1519 velle,
1643 1469 1706 1508 ac
1728 1454 1937 1524 pietatis

352 1553 624 1607 doctorem
644 1556 691 1609 ei
723 1555 832 1607 ﬁeri
862 1553 1096 1617 studere,
1115 1566 1177 1608 ac
1205 1552 1248 1604 si
1279 1550 1520 1603 instituat
1540 1548 1688 1602 illum
1719 1547 1800 1600 his
1815 1561 1936 1601 ver-

353 1644 476 1699 bis:
511 1644 658 1698 Illum
705 1643 796 1697 tibi
838 1653 1025 1699 testem
1065 1642 1313 1707 adhibeo,
1342 1655 1428 1694 me
1457 1638 1588 1693 nihil
1616 1646 1824 1691 tuarum
1853 1652 1938 1690 re-

351 1752 470 1789 rum
492 1748 850 1805 accepturum,
875 1735 1046 1800 illum,
1067 1750 1303 1803 inquam,
1317 1734 1552 1786 omnium
1569 1729 1934 1795 Conditorem,

352 1835 412 1878 ut
463 1840 621 1880 nosse
658 1828 832 1896 possis
875 1826 1041 1880 Deum
1089 1825 1350 1884 omnium.
1380 1831 1433 1878 et
1477 1838 1543 1875 ne
1583 1820 1773 1876 credas
1818 1836 1938 1876 esse

349 1917 482 1971 deos
510 1932 569 1970 ea
598 1933 715 1984 qum
743 1917 810 1971 ab
842 1916 1112 1968 hominum
1158 1914 1402 1968 manibus
1450 1912 1795 1967 fabricantur.
1846 1913 1938 1967 Ille

351 2007 494 2061 enim
525 2007 639 2060 czeii
661 2018 713 2060 et
740 2014 896 2061 terra:
925 2006 1200 2068 Conditor,
1231 2004 1318 2058 ille
1337 2013 1390 2057 et
1417 2002 1569 2057 nobis
1592 2003 1643 2055 in
1669 2003 1768 2056 hoc
1799 2002 1937 2056 bello

352 2097 586 2150 victoria:
616 2106 668 2150 et
709 2096 959 2165 triumphi
1002 2107 1207 2149 auctor.
1255 2094 1330 2148 Ne
1357 2094 1517 2164 igitur
1541 2101 1821 2162 exspectes
1852 2109 1938 2148 me

349 2187 618 2256 quidpiam
641 2202 703 2242 ex
726 2187 878 2240 donis
903 2187 1004 2240 tuis
1029 2195 1388 2254 accepturum.
1417 2184 1598 2254 Neque
1625 2187 1766 2238 ettim
1795 2200 1938 2238 ner-

349 2277 499 2332 cedis
533 2279 698 2348 gratia
730 2278 1013 2332 vindictam
1059 2276 1180 2340 feci,
1222 2276 1314 2331 sed
1362 2276 1587 2344 primunt
1630 2275 1700 2329 ob
1739 2277 1939 2329 amoris

349 2367 618 2434 affectum,
651 2385 807 2438 quem
838 2385 962 2438 erga
1000 2368 1174 2423 fratris
1209 2369 1309 2422 ntei
1339 2369 1505 2422 lilium
1526 2383 1656 2437 gero
1698 2384 1713 2422 :
1747 2368 1938 2422 deinde

348 2467 403 2512 et
440 2469 658 2527 propter
687 2459 853 2527 ipsius
887 2459 1106 2528 justitize
1143 2458 1396 2523 officiunt,
1425 2467 1482 2511 ut
1519 2473 1550 2512 e
1589 2459 1936 2511 barbarorum

350 2548 597 2602 manibus
623 2550 881 2617 eriperem
907 2550 1100 2617 injuste
1128 2549 1406 2602 abductos.
1435 2549 1493 2602 Si
1525 2565 1555 2601 a
1580 2549 1825 2617 funiculo,
1854 2549 1936 2601 in-

348 2639 483 2708 quit,
508 2656 667 2710 usque
693 2640 760 2692 ad
785 2642 1140 2710 sphwroterem
1161 2640 1316 2692 calcei
1342 2640 1585 2707 accipiam
1612 2639 1675 2692 de
1697 2641 1794 2692 tuis
1824 2656 1934 2690 om-

350 2729 496 2782 nibus
520 2728 655 2782 :hoc
680 2738 780 2791 est,
808 2729 936 2782 nihil
971 2738 1076 2782 tant
1104 2729 1224 2793 vile,
1255 2744 1352 2784 nec
1384 2740 1487 2782 tam
1518 2729 1664 2782 nihili
1698 2728 1934 2782 habitum

347 2827 433 2872 est
453 2818 592 2887 quod
615 2828 930 2885 accepturus
947 2819 1068 2872 sim.
1095 2817 1222 2871 Nam
1245 2817 1624 2886 splttereterem
1657 2818 1731 2890 (α)
1763 2819 1938 2872 solent

347 2923 541 2961 vocare
583 2909 786 2976 apicem
831 2908 1027 2973 calcei,
1071 2909 1160 2978 qui
1208 2909 1257 2962 in
1295 2924 1515 2962 acumen
1562 2908 1756 2962 desiuit
1786 2929 1797 2962 :
1830 2924 1937 2979 quo

346 2999 646 3052 calceorum
687 3014 885 3068 genere
931 2999 1140 3053 barbari
1181 3011 1504 3054 consuerunt
1550 3002 1643 3053 uti.
1707 3002 1838 3054 Exin
1883 3013 1938 3056 et

349 3102 585 3151 causam,
608 3105 773 3157 quare
815 3091 1054 3158 accipere
1109 3089 1385 3153 detrectet,
1418 3090 1587 3143 dicit:
1625 3090 1694 3145 Ut
1743 3108 1804 3144 ne
1853 3093 1935 3145 di-

347 3195 432 3232 cas
460 3195 479 3232 :
503 3178 611 3249 Ego
637 3180 930 3249 locupletari
957 3180 1162 3232 Abram.
1209 3181 1388 3234 Habeo
1429 3181 1614 3242 Deum,
1647 3183 1734 3251 qui
1781 3183 1936 3238 innu-

347 3288 494 3327 mera
516 3272 645 3326 mihi
673 3272 972 3340 suppeditet
1001 3273 1135 3326 bona
1163 3316 1178 3338 ,
1207 3288 1439 3341 superno
1468 3275 1665 3327 innitor
1691 3275 1888 3330 auxilio
1918 3295 1932 3331 :

349 3376 458 3416 non
497 3377 630 3431 opus
668 3364 795 3416 ntihi
827 3363 1024 3416 divitiis
1053 3363 1174 3427 tuis,
1205 3378 1308 3416 non
1339 3361 1549 3432 indigeo
1577 3364 1820 3418 humanis
1851 3367 1931 3418 fa-

346 3452 652 3519 cultatibus,
674 3461 953 3507 contentus
970 3468 1087 3508 sum
1114 3454 1199 3508 Dei
1225 3453 1276 3506 in
1301 3469 1385 3508 me
1407 3453 1752 3508 beneficentia
1781 3472 1795 3509 :
1823 3457 1936 3510 scio

349 3541 491 3595 illius
519 3541 834 3611 largitatem.
864 3543 1050 3596 Paucis
1075 3551 1129 3596 et
1152 3544 1340 3598 vilibus
1369 3544 1507 3597 cessi
1533 3559 1652 3598 meo
1672 3544 1792 3609 Lot,
1823 3561 1936 3600 ma-

347 3645 481 3702 gnas
516 3641 572 3685 et
608 3632 900 3686 ineffabiles
927 3633 1310 3701 promissiones
1347 3644 1664 3702 assequutus
1701 3652 1849 3700 sum,
1880 3645 1936 3691 et

349 3739 491 3780 nunc
519 3725 777 3795 majorum
804 3725 1104 3779 divitiarum
1135 3727 1423 3795 negotiatio
1451 3726 1578 3780 mihi
1608 3737 1710 3793 est,
1740 3737 1795 3782 et
1825 3743 1937 3781 ma-

340 3818 518 3886 jorem
547 3816 660 3884 ejus
684 3817 904 3885 gratiam
928 3816 1054 3870 mihi
1075 3817 1323 3882 concilio,
1345 3832 1511 3886 quare
1531 3832 1662 3887 opes
1685 3827 1800 3872 tuas
1827 3819 1933 3872 non

349 3907 572 3976 accipio.
605 3907 725 3962 Ideo
749 3918 948 3973 autem,
975 3893 1185 3978 opinor,
1211 3909 1640 3978 etjuramentum
1671 3910 1931 3978 adhilmit,

349 4008 405 4054 et
428 3998 561 4053 dixit
583 4017 595 4052 :
615 3999 898 4053 Extendunt
927 4017 1129 4054 manum
1151 4017 1310 4054 meam
1334 4003 1399 4054 ad
1422 4001 1583 4055 Deum
1612 4003 1930 4070 altissimum,

350 4100 408 4144 ut
447 4107 513 4145 ne
558 4101 704 4158 putet
731 4108 850 4146 eum
879 4093 947 4145 ita
978 4093 1250 4158 simulare,
1279 4101 1336 4146 ut
1373 4093 1646 4162 probabile
1673 4105 1756 4149 est
1789 4111 1935 4166 saepe

347 4183 660 4251 contingere
694 4201 704 4235 :
732 4184 824 4237 sed
847 4195 902 4238 ut
929 4185 1060 4238 sciat
1088 4184 1187 4239 hoc
1219 4185 1286 4238 ita
1314 4185 1470 4254 plane
1497 4185 1768 4241 decretum
1795 4190 1934 4258 apud

349 4273 581 4333 Abram,
613 4284 673 4326 ut
710 4287 778 4328 ne
807 4272 890 4329 vel
932 4276 1205 4329 minintum
1233 4276 1357 4346 qttid
1386 4277 1508 4332 inde
1537 4277 1635 4332 sibi
1664 4280 1930 4347 selige-ret.

349 4364 524 4430 Atque
570 4364 637 4416 ita
687 4363 936 4433 implebat
976 4367 1279 4420 mandatum
1321 4368 1448 4420 illud
1494 4368 1634 4437 quod
1661 4384 1688 4422 a
1721 4372 1934 4424 Christo

347 4453 616 4521 discipulis
665 4467 745 4509 est
797 4457 975 4510 datum
1014 4476 1026 4511 :
1060 4457 1229 4512 Gratis
1271 4463 1565 4528 accepistis,
1617 4465 1773 4531 gratis
1820 4465 1936 4518 date

349 4544 560 4613 (.llattlt.
602 4547 685 4598 10.
719 4547 795 4614 8).
821 4547 954 4600 Nttttt
987 4564 1106 4618 ego,
1139 4549 1329 4618 inquit,
1361 4551 1503 4604 aliud
1534 4553 1658 4620 quid
1698 4555 1763 4607 ad
1811 4555 1932 4609 belli

347 4649 462 4686 rein
505 4636 678 4698 attuli,
721 4647 1070 4706 prwterqnam
1104 4640 1429 4693 voluntatem
1476 4651 1531 4694 et
1566 4643 1934 4698 alacritatem?

352 4724 637 4779 Victoriam
664 4739 876 4794 autent,
909 4740 962 4784 et
990 4731 1338 4796 triumphum,
1363 4747 1424 4784 ac
1457 4741 1650 4786 caetera
1683 4746 1934 4803 operatus

346 4828 430 4872 est
460 4819 549 4872 ille
580 4819 822 4873 invisibili
851 4823 1060 4876 virtute.
1115 4823 1314 4877 Deinde
1357 4833 1412 4877 ttt
1461 4839 1527 4878 ne
1569 4833 1777 4892 putaret
1817 4843 1931 4893 rex,

347 4910 520 4976 ipsum
552 4924 616 4962 ex
645 4912 890 4977 Superbia
916 4923 968 4963 et
994 4922 1300 4982 contemptu
1341 4928 1461 4982 qua:
1489 4914 1556 4966 ab
1581 4929 1646 4968 eo
1671 4915 1934 4970 dabantur

347 5013 453 5051 non
477 5000 737 5068 accipere,
760 5000 1039 5053 declarans
1069 5016 1216 5054 suam
1244 5013 1296 5056 et
1323 5002 1374 5055 in
1403 5002 1449 5055 il:
1473 5017 1504 5058 c
1527 5003 1930 5072 humanitatem,

343 5097 398 5140 et
426 5087 843 5156 philosophieam
871 5100 1126 5154 utentem,
1157 5091 1326 5159 inquit
1353 5109 1367 5145 :
1397 5093 1483 5146 24.
1509 5093 1623 5146 Non
1647 5096 1929 5163 accipiant,

343 5178 566 5247 exceptis
604 5180 665 5231 iis
704 5182 815 5248 qua:
857 5181 1175 5234 comederunt
1199 5182 1432 5250 juvenes,
1463 5193 1510 5235 et
1539 5185 1768 5250 portione
1795 5187 1932 5238 viro-

349 5282 460 5320 rum
489 5268 577 5336 qui
607 5285 795 5320 mecum
826 5280 1083 5331 venerunt,
1118 5269 1326 5336 Escltol,
1355 5271 1560 5336 Aunan,
1589 5272 1852 5337 Mambre;
1897 5277 1934 5328 ii

345 5357 595 5426 accipient
637 5359 932 5426 portionem.
981 5359 1108 5422 llos,
1146 5361 1331 5429 inquit,
1365 5362 1663 5430 permittam
1691 5363 1934 5433 accipere

369 5549 378 5558 ο
409 5485 485 5547 (α)
518 5493 567 5535 tn
591 5493 770 5560 tritico,
795 5505 1038 5551 σφαιρηςμ.
1081 5497 1222 5540 Porro
1255 5505 1456 5555 mw,
1477 5491 1604 5554 globi
1625 5494 1831 5556 formam
1851 5509 1935 5557 po-

347 5555 445 5595 tius
469 5555 788 5617 exprimeret,
808 5561 950 5617 quam
971 5562 1192 5599 acumen.
1211 5560 1388 5601 verum
1411 5561 1536 5615 apud
1562 5555 1672 5603 Lxx
1691 5555 1936 5617 Interpre-

345 5618 441 5664 tes,
467 5625 692 5670 ψει-τὴ...
720 5608 917 5671 legitur,
956 5623 1100 5672 quant
1125 5625 1293 5661 vocem
1339 5608 1735 5677 interpretantur,
1776 5608 1933 5668 corri-

345 5692 492 5739 qmm.
521 5685 542 5723 ι
555 5691 615 5727 ex
639 5681 866 5728 tiebraica
886 5688 978 5740 est,
996 5678 1158 5751 ΤΠΨ,
1181 5685 1406 5749 corrigia.
1419 5695 1597 5736 Omnes
1613 5686 1730 5736 Editi
1749 5695 1800 5736 et
1823 5693 1932 5738 Mss.

344 5762 678 5822 dn‘ysostomi,
705 5782 943 5825 σ’ξαιςνωτῆρα,
973 5766 1155 5816 habent

1370 344 1437 400 1N
1463 343 1616 400 CAP.
1659 340 1798 395 XIV.
1833 335 2084 395 GENES.
2129 334 2362 391 lIOMlL.
2404 335 2621 390 XXXV.

3539 334 3648 393 330

2056 451 2354 520 portionem
2383 451 2633 520 aliquam,
2664 451 2917 519 quoniam
2945 448 3177 519 ingentis
3201 447 3450 504 amicitiae
3475 451 3650 516 speci-

2051 556 2172 595 men
2214 542 2569 595 declararunt.
2621 539 2693 593 Hi
2727 540 2869 595 enim
2900 549 3064 604 erant,
3097 539 3287 610 inquit,
3320 541 3651 610 caufeederati

2049 632 2200 685 Alme
2220 647 2242 686 :
2269 632 2369 685 hoc
2394 641 2498 697 est,
2528 629 2758 684 amicitia
2786 629 3056 699 conjuncti
3089 646 3102 682 :
3134 628 3276 700 quod
3309 628 3433 684 hinc
3460 640 3647 684 osten-

2048 721 2193 780 ditur
2221 721 2343 792 quia
2388 722 2441 776 in
2481 732 2686 791 partem
2727 721 3084 791 periculorum
3109 734 3234 777 cum
3262 734 3328 775 eo
3357 729 3642 774 venerunt.

2049 811 2198 866 Unde
2226 827 2570 867 remunerare
2600 811 2787 867 volens
2807 826 2922 877 eos,
2951 809 3078 866 facit
3101 822 3158 866 ut
3185 819 3387 880 partem
3410 811 3643 881 aliquant

2046 901 2343 970 accipiant,
2376 902 2723 969 apostolicam
2751 901 2924 971 legem
2953 900 3114 956 etiam
3156 902 3210 956 iit
3242 901 3346 956 hoc
3375 902 3602 971 implens
3625 944 3640 965 ,

2044 1007 2165 1063 quin
2189 992 2318 1046 dicit
2347 1010 2360 1046 :
2391 993 2586 1064 Dignus
2612 1003 2686 1047 est
2711 993 2973 1063 aperariua
2997 991 3240 1047 alimento
3275 1008 3369 1046 suo
3409 990 3430 1064 (
3455 992 3639 1046 Matth.

2046 1081 2133 1136 l0.
2166 1083 2264 1145 l0;
2293 1081 2419 1137 Luc.
2453 1083 2537 1138 l0.
2565 1084 2641 1152 7).
2670 1082 2808 1137 Nihil
2836 1083 2979 1138 enim
3009 1096 3104 1137 eos
3130 1083 3266 1138 ultra
3299 1098 3452 1136 ttsunt
3483 1098 3642 1138 suum

2045 1174 2288 1242 accipere
2310 1174 2601 1242 permittit;
2636 1173 2767 1229 dicit
2792 1173 2934 1228 enim
2967 1189 2982 1226 :
3013 1173 3255 1241 Exceptis
3278 1174 3339 1228 iis
3363 1190 3479 1244 qua!
3505 1189 3645 1227 rom-

2044 1263 2254 1319 ederunt
2266 1268 2497 1337 juvenes,
2524 1276 2569 1322 et
2602 1267 2830 1336 portione
2854 1283 3028 1320 eorum
3052 1266 3138 1336 qui
3164 1282 3358 1320 mecum
3378 1277 3642 1332 uenerunt,

2045 1352 2254 1422 Escliol,
2289 1357 2494 1424 Aunau,
2528 1357 2793 1419 Humbre;
2823 1357 2860 1410 ii
2879 1357 3126 1425 accipient
3155 1357 3456 1426 porticum.
3491 1357 3640 1410 Vidi-

2043 1448 2140 1500 stis
2181 1447 2500 1516 exquisitam
2553 1449 2872 1517 patriarchte
2915 1448 3189 1514 virtutem,
3223 1449 3492 1518 quomodo
3520 1464 3640 1504 eant

2043 1537 2437 1608 philosophiam
2478 1541 2763 1606 exhibeat,
2811 1557 2929 1612 quas
2970 1557 3131 1612 opum
3177 1550 3541 1610 contemptum
3588 1552 3644 1597 et

2045 1628 2361 1682 modestiam
2394 1631 2631 1701 respicit,
2662 1630 2899 1701 nihilque
2928 1646 3032 1686 non
3058 1641 3215 1702 agat,
3245 1640 3302 1685 ιιι
3329 1647 3395 1687 ne
3427 1647 3521 1702 per
3547 1648 3640 1685 ar-

2045 1720 2344 1786 rogantiam
2370 1730 2424 1774 et
2453 1733 2818 1792 contemptum
2851 1721 2904 1776 id
2925 1722 3100 1779 iacere
3124 1723 3385 1791 videatur,
3412 1739 3587 1794 neque
3608 1738 3640 1779 e

2043 1809 2262 1863 victoria
2292 1813 2598 1881 superbiat?

2115 1902 2165 1955 7.
2201 1900 2418 1958 Horatia
2445 1905 2749 1959 exhortatio.
2768 1935 2841 1946 —
2868 1904 3054 1963 Talem
3083 1909 3257 1962 virum
3290 1907 3559 1964 imitemur
3588 1918 3641 1965 et

2045 2007 2162 2054 nos,
2192 1993 2436 2057 obsecro,
2458 2004 2510 2049 et
2531 2010 2748 2065 operam
2773 1996 2985 2062 deuius,
3011 2007 3069 2052 ut
3094 1999 3318 2053 invictos
3342 2016 3438 2054 nos
3458 2011 3640 2054 custo-

2044 2081 2271 2148 diamus,
2312 2094 2367 2138 et
2409 2100 2583 2155 neque
2626 2087 2838 2140 virtutis
2877 2087 3098 2142 obtentu
3136 2089 3401 2157 superbia:
3443 2090 3637 2144 {amant

2043 2174 2412 2242 acquiramus,
2438 2191 2610 2247 neque
2640 2178 2916 2234 modestiae
2943 2179 3164 2234 obtentu
3188 2181 3438 2235 virtutem
3466 2182 3639 2252 negli-

2041 2277 2230 2332 gamus
2265 2283 2278 2319 :
2314 2267 2410 2322 sed
2442 2267 2636 2338 ubique
2663 2268 2881 2323 modum
2906 2283 3218 2337 servemus,
3247 2279 3302 2324 et
3329 2270 3484 2326 bonis
3505 2287 3638 2341 ope-

2044 2354 2194 2408 ribus
2224 2359 2422 2411 nostris
2451 2357 2831 2426 humilitatem,
2858 2361 3008 2430 quasi
3039 2361 3441 2417 fundamentum
3471 2373 3527 2418 et
3555 2364 3641 2418 ba-

2043 2444 2144 2499 sim
2172 2445 2549 2516 subjiciatnus,
2589 2459 2650 2503 ut
2677 2465 2866 2505 secure
2888 2466 3006 2521 quae
3035 2451 3102 2505 ad
3125 2453 3373 2507 virtutem
3395 2464 3642 2524 spectant

2041 2546 2355 2592 construere
2376 2541 2665 2594 valeamus.
2710 2540 2835 2597 Hcce
2870 2542 3014 2597 enim
3036 2557 3163 2598 vere
3183 2544 3347 2598 virtus
3381 2553 3482 2608 e.-t,
3518 2561 3638 2614 qua:

2041 2629 2379 2694 conjunctam
2410 2629 2572 2684 habet
2591 2630 2967 2686 humilitatem.
2989 2632 3091 2699 Qui
3113 2633 3214 2688 ltoc
3235 2620 3640 2690 fundamentum

2044 2724 2157 2770 tuto
2179 2717 2389 2786 jecerit,
2421 2722 2614 2789 poterit
2655 2722 2708 2776 in
2750 2731 3003 2793 quantam
3032 2724 3261 2779 voluerit
3299 2725 3644 2782 altitudinem

2041 2817 2361 2866 structuram
2390 2815 2639 2867 excitare.
2691 2814 2816 2870 llaec
2857 2816 3085 2870 maxima
3124 2826 3206 2872 est
3248 2820 3493 2886 munitio,
3524 2819 3640 2876 haec

2043 2914 2226 2954 murus
2263 2901 2630 2968 inconcussus,
2679 2905 2794 2960 hinc
2835 2905 3260 2976 inexpugnabilis
3304 2909 3485 2973 turris,
3521 2909 3639 2966 haec

2042 3002 2201 3045 omne
2230 2995 2466 3048 continet
2486 2995 2792 3063 :edilicium,
2823 3012 2930 3050 non
2951 2997 3134 3052 sinetis
3161 2999 3333 3068 ipsum
3356 3002 3488 3055 vela
3511 3017 3638 3055 ven-

2043 3091 2214 3134 torum
2233 3083 2500 3150 violentia,
2524 3086 2603 3139 vel
2630 3086 2698 3141 ab
2721 3086 2974 3144 imbrium
2999 3087 3222 3158 impetu,
3246 3091 3328 3144 vel
3355 3105 3387 3145 a
3417 3090 3638 3146 llatuum

2040 3175 2090 3229 vi
2121 3175 2274 3244 dejici
2310 3195 2322 3230 :
2353 3177 2445 3232 sed
2490 3178 2747 3232 omnibus
2779 3179 2986 3234 insidiis
3034 3181 3365 3236 inaccessum
3396 3181 3556 3247 facit,
3585 3194 3639 3238 et

2041 3266 2315 3334 invictum,
2348 3269 2498 3338 quasi
2526 3284 2588 3323 ex
2616 3269 2896 3325 adamante
2923 3280 3292 3326 constructum
3321 3282 3486 3338 esset,
3519 3289 3638 3328 ma—

2039 3371 2277 3428 gnasque
2315 3358 2468 3413 nobis
2497 3359 2690 3415 divinae
2731 3361 2988 3432 largitatis
3023 3362 3301 3418 mercedes
3329 3362 3502 3421 all‘ert.
3535 3365 3638 3421 Per

2041 3447 2178 3504 hanc
2205 3460 2258 3503 et
2286 3451 2586 3519 patriarcha
2619 3460 2885 3506 tantarum
2914 3453 3005 3508 Dei
3034 3455 3448 3525 promissionum
3478 3470 3639 3511 acce-

2041 3539 2117 3608 pit
2153 3540 2592 3610 magnitudinem.
2637 3543 2798 3599 Seitis
2835 3544 3000 3610 enim,
3032 3546 3372 3615 permittente
3409 3548 3540 3611 Deo,
3568 3563 3633 3602 ex

2041 3630 2108 3684 iis
2133 3645 2252 3700 quis
2293 3631 2344 3685 in
2388 3633 2734 3701 sequentibus
2777 3633 3056 3700 dicentur,
3089 3636 3359 3704 quomodo
3389 3652 3548 3704 nunc,
3579 3649 3640 3694 ut

2039 3722 2360 3791 contempsit
2397 3737 2458 3777 ea
2497 3738 2616 3792 quae
2658 3724 2884 3778 daturus
2926 3734 3042 3779 erat
3089 3725 3446 3782 Sodomorum
3495 3744 3590 3783 rex
3617 3770 3636 3797 ,

2040 3827 2229 3883 magna
2268 3822 2323 3868 et
2360 3813 2643 3870 ineﬂ'abilia
2685 3815 2779 3870 Dei
2817 3815 2956 3871 dona
2996 3827 3358 3888 consequutus
3393 3829 3495 3875 est.
3537 3821 3641 3880 Per

2041 3904 2179 3959 hanc
2204 3920 2311 3959 non
2343 3905 2433 3961 ille
2461 3906 2634 3960 solum
2662 3948 2677 3972 ,
2713 3907 2808 3963 sed
2849 3919 2902 3962 et
2937 3908 3064 3977 justi
3099 3924 3287 3965 omnes
3313 3913 3557 3969 celebres
3582 3925 3638 3971 et

2036 3993 2168 4047 clari
2193 3993 2427 4048 fuerunt.
2463 3995 2538 4061 ld,
2568 4005 2827 4066 quotquot
2853 3999 2983 4052 estis
3003 3998 3302 4054 divinarum
3334 4001 3635 4072 Scriptura-

2040 4101 2158 4139 rum
2203 4086 2450 4142 lectionis
2491 4089 2734 4155 studiosi,
2766 4089 3043 4146 addiscere
3075 4093 3333 4160 poteritis.
3366 4094 3636 4166 Benignus

2038 4178 2182 4232 enim
2212 4178 2466 4232 Dominus
2486 4179 2699 4248 quando
2725 4194 2823 4235 nos
2849 4181 2994 4235 videt
3021 4182 3298 4252 despicere
3329 4188 3633 4254 praesentia,

2040 4271 2198 4325 etiam
2249 4272 2360 4341 ipsa
2406 4273 2605 4343 largius
2649 4274 2990 4343 suppeditat,
3028 4276 3290 4345 nobisque
3333 4277 3633 4336 futurorum

2042 4362 2300 4416 bonorum
2334 4361 2561 4416 fructum
2595 4364 2855 4418 recondit.
2887 4364 3081 4419 Videre
3111 4366 3212 4420 hoc
3235 4377 3387 4436 potes
3415 4369 3466 4423 itt
3495 4370 3635 4425 divi-

2043 4452 2159 4515 tiis,
2199 4453 2250 4505 in
2287 4453 2454 4522 gloria
2485 4452 2640 4522 hujus
2669 4454 2810 4518 vitae,
2844 4463 2898 4508 et
2928 4455 2981 4510 in
3009 4457 3258 4514 omnibus
3285 4459 3406 4515 aliis
3430 4469 3632 4533 tempo-

2042 4544 2241 4598 ralibus
2267 4544 2446 4598 rebus.
3088 4563 3093 4570 ε

2113 4634 2193 4685 Ad
2211 4644 2548 4700 contemptum
2578 4636 2822 4688 bonorum
2849 4636 3004 4706 hujus
3025 4637 3139 4692 vita:
3158 4639 3411 4696 hortatur.
3428 4673 3500 4683 —
3530 4643 3637 4701 De-

2042 4724 2331 4791 spiciamus
2373 4725 2531 4793 igitur
2569 4737 2860 4794 praesentes
2886 4729 3122 4796 divitias,
3151 4740 3209 4784 ut
3240 4746 3393 4787 veras
3423 4735 3637 4793 divitias

2043 4814 2282 4867 invenire
2304 4815 2610 4880 valeamus;
2639 4816 2997 4885 despiciantus
3015 4833 3204 4873 vanam
3229 4819 3366 4876 hanc
3387 4823 3633 4894 gloriam,

2041 4915 2095 4957 ttt
2121 4920 2244 4956 vera
2274 4905 2357 4957 illa
2391 4917 2443 4959 et
2464 4905 2629 4959 solida
2659 4907 2932 4971 fruantur;
2957 4908 3294 4965 derideamus
3316 4926 3634 4981 przesentem

2041 4997 2486 5064 prosperitatem,
2539 5007 2595 5050 ttt
2644 5014 2838 5052 arcana
2899 5001 2986 5054 illa
3032 5000 3168 5055 bona
3207 5017 3633 5074 consequamur;

2042 5085 2191 5138 nihili
2225 5086 2480 5140 faciamus
2509 5090 2822 5154 praesentia,
2851 5099 2907 5143 ut
2935 5091 3001 5144 ad
3033 5091 3206 5147 futura
3232 5096 3451 5164 praemia
3485 5099 3632 5151 exci-

2042 5177 2138 5230 tari
2167 5177 2459 5231 valeamus.
2488 5177 2671 5247 Neque
2693 5182 2834 5234 enim
2869 5183 3121 5250 possibile
3151 5195 3266 5252 est,
3296 5197 3354 5240 ut
3381 5189 3470 5257 qtti
3500 5205 3633 5258 pra:-

2041 5269 2280 5322 sentibus
2314 5281 2393 5322 est
2433 5270 2705 5337 addictus,
2751 5273 3095 5335 ittetl‘abilium
3137 5277 3396 5334 bonorum
3426 5283 3642 5337 deside-

2042 5361 2177 5414 rium
2205 5362 2470 5429 concipiat
2505 5378 2754 5432 umquam
2783 5366 2882 5435 (α),
2910 5368 3046 5422 sicut
3070 5369 3384 5438 lippitudine
3404 5373 3628 5442 quadam

2043 5449 2228 5504 oculos
2270 5451 2572 5520 obtegente,
2604 5453 2674 5506 ita
2718 5457 3062 5522 praesentium
3093 5460 3384 5530 cupiditate
3419 5463 3639 5518 intelle-

2105 5585 2182 5656 (a)_
2216 5592 2345 5656 Mens
2365 5585 2688 5656 Chrysostomi
2712 5557 3086 5656 esu-non
3109 5601 3229 5656 eum
3246 5592 3330 5656 qui
3344 5591 3497 5656 rebus
3512 5605 3640 5654 prir-

2040 5647 2263 5718 sentibus
2284 5649 2347 5718 sit
2378 5647 2614 5718 addictus,
2639 5647 2910 5718 ett-testium
2933 5647 3170 5718 bonorum
3191 5647 3334 5718 simul
3360 5647 3641 5718 eodenuiue

2042 5715 2264 5778 tempore
2290 5707 2538 5757 desiderio
2563 5711 2721 5758 teneri
2749 5724 2760 5758 :
2786 5713 3107 5778 posse__e_nim
3136 5714 3224 5764 Dei
3262 5726 3357 5778 ope
3380 5707 3640 5768 fultum'ab

2046 5781 2107 5819 eo
2130 5773 2260 5818 statu
2279 5782 2563 5832 emergere,
2587 5775 2869 5822 sexcenties
2887 5772 3000 5822 alibi
3018 5772 3152 5824 dicit.
