4058 6400
481 350 576 404 531
1169 341 1230 397 S.
1268 338 1541 396 JOANNIS
1577 339 2050 400 CIIRYSOSTOIII
2089 340 2408 397 ARCIIIEP.
2449 341 2985 402 CONSTANTINOP.

467 469 608 515 ctum
638 461 954 514 obscurante
977 496 992 522 ,
1036 469 1135 509 nec
1174 454 1510 524 permittente
1536 452 1716 507 videre
1751 453 1875 523 quid
1905 453 2048 508 facto

465 568 602 619 (quis
631 551 719 606 sit.
750 549 930 617 Neque
958 562 1166 602 rursum
1195 547 1307 601 fieri
1338 554 1509 614 potest
1527 587 1541 608 ,
1567 555 1624 598 ut
1648 547 1735 614 qui
1759 546 2048 600 solidorum

467 655 520 696 et
562 641 910 697 immobilium
963 640 1224 693 bonorum
1266 651 1447 690 amore
1491 644 1720 703 tenetur,
1753 636 1889 691 ﬂusa
1929 636 2048 699 ista,

464 745 517 789 et
542 751 661 804 quae
678 742 959 802 antequam
1007 737 1298 799 appareant
1337 728 1551 782 avolant
1587 737 1640 783 et
1681 738 2048 790 marcescunt,

465 824 824 893 concupiscat.
878 821 1008 876 Nam
1063 820 1152 895 qui
1211 819 1426 878 saucius
1474 826 1556 872 est
1608 833 1790 874 amore
1830 818 2045 881 divino,

465 927 520 972 et
545 914 633 985 qui
665 913 961 968 futurorum
995 909 1259 968 desiderio
1288 916 1526 972 tenetur,
1566 908 1686 962 abis
1714 909 1881 962 οειιιῖς
1907 907 2050 961 videt

468 1005 808 1074 prasentium
848 1011 1078 1067 statum,
1115 1001 1318 1069 scitque
1347 1007 1510 1054 totam
1543 1011 1703 1052 vitam
1732 1007 2046 1068 prwsentem

465 1105 681 1171 llgttram
709 1115 832 1156 esse
863 1109 1024 1170 atque
1054 1096 1311 1151 fallaciam
1335 1136 1350 1162 ,
1379 1102 1435 1148 et
1461 1109 1490 1148 a
1517 1093 1740 1148 somniis
1771 1091 1901 1147 nihil
1942 1090 2026 1146 dif
2031 1122 2047 1131 -

463 1189 622 1246 ferre.
646 1190 846 1245 Idcirco
861 1189 1046 1246 beatus
1075 1186 1270 1242 Pattlus
1299 1184 1399 1240 hoc
1425 1185 1622 1257 scripto
1641 1182 1852 1237 tradidit
1871 1182 2048 1236 :l’rte-

467 1282 580 1335 terit
625 1283 794 1352 ﬁgura
842 1280 1016 1334 utendi
1065 1279 1219 1345 huius
1257 1278 1336 1348 (l.
1368 1276 1486 1331 Cor.
1515 1276 1568 1329 7.
1596 1276 1689 1345 5i)
1719 1291 1732 1327 :
1761 1273 2050 1330 ostendens

463 1370 690 1426 humana
712 1372 889 1426 omnia
917 1371 968 1424 in
996 1369 1160 1441 figura
1190 1377 1390 1422 tantum
1411 1380 1563 1430 esse,
1591 1380 1656 1419 ac
1694 1365 1832 1420 sicut
1861 1367 2045 1420 umbra

462 1472 517 1517 ct
546 1465 809 1517 sorunium
835 1461 1062 1518 transire
1081 1503 1096 1526 ,
1137 1459 1266 1514 nihil
1304 1457 1554 1522 solidum,
1585 1457 1714 1510 nihil
1739 1473 1922 1511 verum
1949 1457 2046 1510 ha-

464 1553 661 1610 bentia.
702 1555 894 1608 Annon
933 1554 1088 1622 igitur
1117 1549 1278 1606 animi
1310 1547 1532 1618 puerilis
1556 1545 1659 1602 hoc
1683 1556 1792 1614 est,
1831 1547 2048 1601 umbras

463 1647 753 1714 suspicere,
777 1647 844 1700 de
871 1644 1094 1698 somniis
1113 1641 1411 1712 superbire,
1434 1649 1489 1695 et
1513 1640 1580 1694 iis
1608 1655 1728 1709 qua:
1750 1641 1904 1708 paulo
1927 1646 2048 1707 post

463 1735 805 1804 praeteribunt
843 1731 1158 1787 adhzcrerei
1200 1729 1436 1784 Praterit
1464 1729 1628 1792 enim,
1662 1729 1852 1798 inquit,
1879 1728 2046 1798 ﬁgura

461 1825 611 1896 hujus
636 1823 827 1896 mundi.
853 1821 1033 1894 itaque
1058 1837 1178 1876 cum
1204 1818 1456 1882 audieris,
1476 1817 1728 1879 Praterit,
1747 1817 1871 1888 quid
1899 1827 2045 1887 post-

459 1893 558 1970 hac
582 1893 808 1985 amplius
826 1893 1054 1986 quazrisl
1083 1911 1294 1984 quando
1312 1911 1467 1966 audis
1486 1910 1704 1982 ﬂguram
1725 1909 1894 1964 solum
1928 1924 2048 1965 esse

463 2006 695 2060 humana
723 2004 901 2059 omnia
927 2006 1253 2074 veritateque
1277 2001 1550 2068 destituta,
1582 2017 1748 2072 quare
1789 2010 1842 2055 te
1872 2000 2046 2070 decipi

459 2104 649 2163 sponte
679 2093 912 2161 pateris?
949 2107 1047 2146 cur
1082 2091 1322 2161 cogitans
1360 2105 1518 2158 quam
1558 2091 1664 2144 sint
1697 2088 1966 2143 mutabilia
1991 2099 2042 2144 et

458 2183 622 2248 ﬂuxa,
652 2199 758 2237 non
783 2199 844 2237 ea
869 2181 1132 2253 praeteris,
1164 2190 1220 2234 ut
1248 2181 1315 2235 ad
1341 2181 1425 2234 illa
1446 2195 1566 2252 qua:
1589 2194 1804 2248 semper
1826 2179 2042 2246 durant,

457 2291 523 2330 ac
561 2291 773 2345 semper
809 2273 1015 2330 stabilia
1040 2314 1057 2341 ,
1099 2272 1400 2343 nulliusque
1422 2272 1806 2328 vicissitudinis
1829 2272 2044 2343 capacia

457 2373 601 2429 sunt,
631 2362 951 2420 desiderium
980 2361 1306 2416 transferas?

526 2457 582 2513 8.
629 2457 760 2512 Nam
803 2465 862 2510 ut
905 2455 1045 2510 scias
1083 2453 1416 2524 prudentiam
1444 2451 1677 2508 doctoris
1705 2452 1884 2522 orbis,
1917 2452 2037 2508 vide

457 2549 603 2604 illum
624 2548 728 2603 alio
749 2548 866 2603 loco
885 2545 1064 2602 omnia
1087 2523 1345 2616 praclara
1365 2542 1522 2614 hujus
1549 2545 1669 2599 vitae
1695 2523 1891 2598 ιιιιΙΙίιέ
1917 2558 2038 2599 esse

458 2641 713 2695 momenti
737 2638 1104 2694 demonstrare
1125 2636 1416 2704 volentem,
1438 2635 1578 2706 quali
1596 2645 1771 2690 utatur
1787 2635 2035 2704 loquendi

457 2731 619 2786 modo
645 2748 659 2782 :
685 2728 811 2795 Quae
828 2729 959 2783 enim
979 2727 1210 2782 videntur
1228 2735 1574 2780 momentum
1592 2734 1710 2780 sunt
1738 2724 1814 2798 (2.
1841 2723 1960 2780 Cor.
1983 2726 2037 2779 ι.

455 2820 572 2890 l8),
614 2821 823 2876 etiamsi
862 2819 1165 2874 divitiarum
1211 2815 1588 2870 abundantiam
1631 2816 1797 2880 dicas,
1836 2815 2042 2870 etiamsi

455 2912 677 2983 gloriam
703 2952 719 2975 ,
759 2910 968 2966 etiamsi
1009 2909 1340 2976 claritatem,
1388 2907 1598 2963 etiamsi
1649 2907 2037 2978 principatum,

454 3003 660 3058 etiamsi
686 3002 995 3073 potentiam,
1017 3000 1224 3055 etiamsi
1247 3013 1489 3066 regnum,
1512 2999 1715 3052 etiamsi
1743 2997 2040 3052 diademate

455 3095 757 3148 redimitum
816 3093 963 3145 illum
989 3131 1004 3157 ,
1053 3090 1260 3145 etiamsi
1303 3087 1493 3143 solium
1539 3102 1844 3156 supremum
1882 3105 1895 3142 :
1927 3088 2042 3144 lucc

455 3183 633 3240 omnia
663 3199 782 3252 qua:
811 3182 1056 3237 videntur
1077 3179 1221 3234 brevi
1253 3187 1493 3248 tempore
1515 3178 1800 3240 manentia,
1829 3193 1935 3232 non
1957 3178 2039 3232 ad-

453 3276 667 3329 modum
693 3274 1000 3329 diuturnum
1039 3272 1118 3331 sui
1156 3269 1383 3324 fructum
1423 3267 1576 3322 nobis
1613 3269 1865 3338 prmbent.
1909 3269 2039 3337 Quae

452 3369 610 3437 igitur
650 3381 747 3420 nos
786 3366 1052 3435 inquirere
1090 3363 1192 3427 vis,
1221 3360 1268 3416 si
1306 3361 1481 3418 oniuia
1513 3370 1850 3430 temporanea
1871 3361 2040 3415 sunt?

452 3458 566 3518 Illa,
594 3457 783 3525 inquit,
815 3470 934 3525 qua:
963 3467 1070 3508 non
1096 3451 1362 3516 videntur,
1380 3466 1483 3505 non
1499 3450 1612 3506 haec
1637 3466 1755 3520 qua:
1774 3451 2034 3515 videntur,

449 3547 542 3600 sed
573 3547 656 3599 illa
688 3546 799 3613 ipsa
835 3561 955 3614 qua:
986 3545 1130 3597 hisce
1159 3543 1330 3596 oculis
1367 3541 1734 3610 corporalibus
1774 3557 1878 3598 non
1916 3556 2036 3611 spe-

450 3647 676 3691 ctantur.
708 3636 772 3690 Et
791 3637 908 3703 quis
932 3635 1031 3690 hoc
1050 3634 1372 3698 consuleret,
1406 3641 1462 3686 ut
1489 3646 1610 3701 quae
1631 3630 1876 3688 videntur
1903 3646 2035 3701 pne-

451 3740 740 3794 tt-reantur,
769 3737 824 3784 et
848 3742 966 3798 qua:
994 3743 1100 3780 non
1129 3725 1395 3789 videntur,
1420 3722 1784 3793 inquirantur?
1813 3720 1927 3791 Ipsa
1953 3737 2036 3776 rc-

451 3837 590 3888 rum,
613 3821 802 3890 inquit,
825 3830 1012 3875 natura
1030 3819 1218 3870 doceat
1237 3831 1351 3870 vos.
1383 3814 1513 3869 Nam
1542 3814 1655 3870 haec
1675 3812 1888 3883 quidem
1913 3812 2037 3870 licet

449 3914 748 3975 videantur,
773 3912 949 3964 statim
973 3921 1146 3966 tamen
1177 3906 1540 3976 praeterﬂuunt
1560 3923 1578 3960 :
1603 3907 1692 3963 illa
1717 3917 1891 3961 autem
1914 3905 2036 3962 licet

451 4019 594 4058 nunc
620 4018 682 4057 ea
711 4002 888 4056 videre
916 4016 1021 4054 non
1053 4000 1317 4070 possimus
1337 4038 1352 4064 ,
1380 4007 1503 4053 sunt
1531 4007 1707 4052 tamen
1739 4007 1993 4068 perpetua
2015 4040 2029 4064 ,

450 4111 662 4164 semper
686 4093 898 4157 durant,
935 4091 1217 4145 terminum
1249 4089 1513 4152 nesciunt,
1547 4091 1705 4142 linem
1748 4103 1852 4142 non
1896 4090 2037 4143 acci-

449 4190 628 4258 piunt,
662 4185 1077 4240 vicissitudinem
1117 4184 1393 4252 ignorant,
1425 4181 1632 4236 stabilia
1661 4189 1716 4235 et
1745 4180 2032 4236 immobilia

445 4288 590 4333 sunt.
638 4277 900 4333 Fortassis
942 4275 1151 4328 tandem
1193 4274 1449 4328 molestus
1477 4286 1597 4326 esse
1622 4271 1824 4333 videar,
1852 4271 2033 4340 qunti.

444 4371 532 4424 die
565 4370 754 4422 frustra
779 4366 1065 4422 conSnlcns
1091 4383 1104 4417 :
1132 4364 1226 4420 sed
1248 4362 1373 4433 quid
1403 4363 1628 4416 faciam?
1652 4361 1893 4431 Magnum
1922 4377 2035 4416 ma-

448 4461 572 4513 litia:
600 4461 852 4514 daumum
883 4467 962 4511 est
983 4497 995 4518 ,
1025 4469 1213 4521 magna
1241 4454 1581 4522 pecuniarum
1612 4453 1848 4521 tyrannis
1868 4493 1883 4515 ,
1915 4468 2030 4505 ma-

447 4568 549 4621 gua
592 4551 841 4604 virtutum
894 4551 1104 4602 raritas.
1161 4545 1285 4601 Ideo
1330 4545 1486 4614 cupio
1527 4545 1607 4597 vel
1653 4544 2032 4599 admonitionis

451 4643 758 4697 assiduitate
786 4641 1029 4694 morbum
1057 4639 1270 4693 vincere
1292 4678 1308 4701 ,
1342 4646 1399 4692 et
1437 4635 1784 4690 incolumitati
1814 4635 2031 4706 integra:

449 4736 551 4787 huc
581 4734 958 4787 conuenientes
985 4730 1286 4784 restituere.
1318 4729 1446 4781 Eam
1473 4729 1616 4781 enim
1644 4726 1713 4781 ob
1740 4742 1853 4782 rem
1884 4727 2030 4782 Scri-

445 4834 631 4895 pturas
657 4821 938 4876 enarrandi
977 4830 1177 4873 tantum
1208 4817 1365 4872 nobis
1387 4826 1472 4872 est
1497 4817 1730 4875 studium
1773 4825 1828 4872 et
1861 4817 2031 4886 justo-

449 4931 565 4968 rum
601 4915 822 4966 virtutes
853 4914 903 4966 in
935 4911 1165 4964 medium
1193 4910 1463 4964 aﬂ‘erimus
1492 4926 1506 4964 :
1545 4925 1642 4963 nec
1673 4908 1813 4979 piget
1842 4909 2028 4963 eadem

448 5007 641 5076 tta-pius
671 5014 933 5073 repetere,
963 5013 1017 5057 ut
1057 5016 1150 5071 per
1174 5002 1350 5054 omnia
1377 5017 1469 5056 vos
1497 5001 1748 5056 inducere
1773 4999 1837 5054 ad
1866 5016 2034 5056 :emu-

447 5100 696 5155 latiouem
726 5097 990 5165 justurum
1021 5093 1307 5146 valeamus.

521 5192 850 5256 Elecmosyuo
878 5185 1199 5254 pradicatur.
1232 5213 1302 5223 -—
1329 5182 1422 5238 Vel
1453 5197 1574 5238 scre
1606 5184 1816 5237 tandem
1846 5183 2030 5238 salutis

448 5292 644 5336 nostra:
683 5296 864 5334 curam
911 5277 1186 5339 faciamus,
1217 5286 1266 5329 et
1300 5276 1436 5330 bene
1463 5283 1673 5330 utamur
1701 5277 1764 5330 ad
1793 5275 2030 5331 inducias

446 5375 600 5427 notus
627 5372 752 5425 dato
783 5370 941 5439 hujus
967 5371 1086 5420 vitae
1114 5367 1361 5431 deonrsu,
1383 5375 1437 5420 et
1464 5366 1590 5420 dum
1620 5367 1790 5421 adhuc
1821 5377 2030 5434 tempus

447 5477 549 5530 est,
581 5465 646 5518 ad
679 5461 1042 5532 pmnitentiam
1067 5469 1122 5514 et
1148 5458 1387 5528 lapsuum
1410 5458 1790 5512 correCIioncm
1814 5458 2028 5514 festine-

447 5573 569 5612 mus
592 5597 608 5622 ,
640 5555 1088 5626 pecuniarumque
1117 5550 1496 5608 abundantiam
1529 5549 1578 5602 in
1605 5549 1898 5603 animarum
1927 5565 2026 5604 no-

443 5661 675 5706 strarum
712 5652 934 5704 salutem
960 5644 1322 5717 expendamus
1340 5682 1356 5707 ,
1383 5639 1757 5712 superﬂuaque
1787 5641 2026 5711 indigen-

445 5746 588 5800 tibus
614 5744 957 5796 insumamus.
1005 5739 1179 5806 Quare
1219 5735 1382 5803 enim,
1407 5734 1492 5791 dic
1525 5732 1677 5799 mihi,
1711 5733 1968 5804 permittis
1993 5749 2022 5787 a

2161 453 2403 523 rubigine
2425 467 2613 508 aurum
2633 465 2688 510 et
2706 468 2983 525 argentum
3007 461 3272 524 consumi,
3318 475 3436 530 qua:
3475 464 3752 532 oportebat

2161 544 2212 596 in
2245 557 2532 612 pauperum
2558 555 2773 600 ventres
2796 545 3105 612 effundere,
3137 558 3196 603 ut
3223 550 3274 603 iu
3307 559 3419 606 tuto
3445 564 3740 622 promptua-

2160 632 2242 684 rio
2270 631 2510 702 deposita
2534 673 2550 700 ,
2584 642 2824 703 tempore
2847 652 2954 706 quo
2982 639 3210 692 maxime
3231 654 3365 709 opus
3383 655 3568 695 eorum
3594 643 3748 711 adju-

2161 721 2298 776 torio
2323 720 2562 788 habebis,
2595 721 2720 777 hinc
2746 725 3171 781 consolationem
3203 728 3478 794 invenias;
3507 741 3562 784 et
3597 730 3688 800 qui
3725 745 3754 784 a

2160 819 2213 866 te
2238 812 2324 866 hic
2349 814 2484 883 pasti
2513 823 2640 868 sunt
2659 854 2674 877 ,
2707 815 2800 868 illo
2824 813 2912 870 die
2947 817 3158 872 llducia:
3185 818 3327 874 fores
3354 820 3447 874 tibi
3471 821 3722 890 aperiant
3746 863 3759 884 ,

2157 911 2212 955 et
2237 903 2496 972 accipiant
2519 912 2572 958 te
2593 905 2644 958 in
2665 914 2864 960 atterna
2886 921 2982 960 sua
3006 905 3347 963 tabernacula
3371 910 3518 980 (Luc.
3540 912 3622 966 lli.
3649 911 3714 981 9)
3739 908 3762 964 i

2160 993 2346 1050 Vestes
2362 1010 2574 1065 quoque
2590 1013 2694 1050 non
2717 999 2952 1051 sinamus
2976 1013 3006 1052 a
3030 999 3298 1054 vermibus
3319 1001 3453 1066 redi,
3472 1012 3528 1057 et
3547 1004 3752 1073 absque

2158 1101 2254 1138 usu
2280 1087 2330 1140 in
2354 1088 2549 1141 arculis
2580 1099 2907 1158 putrescere,
2935 1105 3056 1143 cum
3085 1099 3162 1144 tot
3187 1092 3294 1146 sint
3321 1095 3410 1163 qui
3437 1095 3746 1165 indigeant,

2155 1188 2210 1231 et
2263 1178 2608 1234 obambulent
2661 1183 2784 1234 nudi
2828 1183 2968 1237 :sed
3018 1183 3183 1252 pluris
3231 1183 3488 1240 faciamus
3540 1187 3744 1243 nudum

2154 1270 2448 1332 Christum,
2479 1287 2638 1340 quam
2671 1272 2861 1339 tineas,
2889 1283 2943 1329 et
2969 1275 3252 1330 induamus
3273 1292 3394 1332 eum
3414 1279 3503 1347 qui
3528 1289 3751 1349 propter

2155 1370 2393 1414 nostram
2423 1362 2646 1416 salutem
2676 1363 2848 1418 nudus
2868 1365 3195 1432 obambulat,
3222 1378 3280 1421 ut
3303 1383 3422 1422 cum
3459 1370 3629 1438 ipsum
3663 1371 3752 1425 in-

2153 1451 2450 1518 ducrimus,
2474 1453 2750 1508 audiamus
2775 1455 2824 1508 in
2850 1456 2935 1509 die
2963 1457 3055 1511 illo
3081 1474 3095 1510 :
3126 1457 3313 1514 Nudus
3331 1477 3468 1513 eram
3494 1471 3544 1514 et
3565 1479 3642 1514 me
3667 1463 3752 1515 in-

2153 1543 2332 1596 duislis
2361 1542 2572 1614 (Matth.
2601 1545 2688 1600 23.
2719 1546 2832 1614 36).
2873 1547 3008 1602 Num
3034 1565 3260 1604 onerosa
3287 1562 3407 1606 sunt
3438 1562 3703 1622 prmcepta
3728 1554 3753 1607 ?

2154 1650 2279 1688 num
2309 1637 2572 1692 molesta?
2604 1637 2676 1690 Ea
2700 1652 2818 1708 qua:
2841 1649 3094 1708 pereunt,
3127 1641 3316 1710 inquit,
3345 1658 3463 1713 qua:
3491 1659 3520 1696 a
3549 1644 3751 1698 vermi-

2153 1723 2250 1776 bus
2275 1725 2616 1793 arrodantur,
2640 1743 2759 1796 qua:
2785 1729 2986 1798 absque
3016 1746 3112 1784 usu
3132 1740 3187 1785 et
3209 1731 3400 1785 frustra
3422 1747 3746 1786 consumun-

2155 1825 2259 1876 tur,
2294 1815 2408 1870 haec
2438 1818 2638 1872 utiliter
2666 1819 2975 1889 dispensare
2999 1830 3214 1890 salage,
3244 1830 3302 1876 ut
3335 1831 3393 1876 et
3433 1822 3748 1878 detrimenti

2152 1903 2406 1959 daumum
2436 1905 2686 1976 cﬂ'ugias,
2731 1917 2786 1962 ct
2821 1925 2884 1964 cx
2928 1911 3056 1980 ipsis
3097 1911 3299 1966 lucrum
3331 1914 3618 1968 maximum
3650 1913 3747 1970 tibi

2156 2009 2332 2061 pares.
2367 1995 2598 2063 lngent‘s
2618 1999 2758 2051 enim
2785 2009 2836 2052 et
2865 2017 3069 2070 magna!
3101 2001 3502 2058 inhumanitatis
3521 2015 3600 2058 est
3624 2014 3749 2072 post

2155 2091 2229 2134 tot
2259 2083 2517 2138 bonorum
2546 2093 2598 2139 et
2625 2085 2928 2141 facultatum
2959 2105 3134 2153 tlsttttt,
3157 2091 3354 2145 arculis
3380 2102 3434 2145 et
3460 2095 3626 2147 muris
3657 2094 3745 2148 in-

2152 2172 2374 2228 cludere
2402 2175 2666 2244 superﬂua
2686 2219 2703 2242 ,
2732 2187 2786 2232 ct
2809 2193 2913 2233 non
2941 2179 3046 2232 illis
3071 2179 3355 2236 sublevare
3379 2185 3747 2251 proximorum

2150 2261 2415 2332 inopiam,
2457 2265 2550 2320 sed
2596 2267 2789 2321 sinere-
2816 2284 2844 2318 a
2882 2269 3124 2339 rubigine
3163 2279 3218 2326 et
3257 2271 3394 2326 tinea
3426 2275 3603 2342 potius
3625 2290 3748 2330 cor-

2150 2355 2322 2423 rumpi
2361 2369 2424 2408 ac
2468 2354 2775 2423 pra-donum
2801 2357 3043 2412 manibus
3063 2359 3303 2427 exposita
3333 2361 3656 2431 relinquere,
3687 2372 3746 2419 et

2150 2453 2366 2511 propter
2408 2443 2496 2497 illa
2543 2445 2816 2514 suppliciis
2855 2446 3031 2516 potius
3073 2448 3251 2516 plecti,
3283 2464 3441 2518 quam
3473 2451 3560 2506 ubi
3595 2463 3743 2507 recte

2148 2535 2563 2605 dispensat'eris,
2596 2553 2695 2608 pro
2732 2540 2811 2594 eis
2853 2541 3130 2610 pramium
3177 2545 3422 2614 accipere
3477 2545 3739 2609 Obsecro,

2148 2641 2216 2680 ne
2243 2644 2410 2698 usque
2433 2629 2569 2684 adeo
2597 2631 2822 2686 salutem
2853 2643 3090 2686 nostram
3121 2635 3450 2706 negligamus
3472 2677 3490 2703 ,
3519 2636 3614 2691 sed
3641 2652 3741 2692 ea-

2150 2719 2329 2786 pensis
2355 2718 2406 2772 in
2431 2736 2693 2790 pauperes
2715 2722 3017 2791 superﬂuis.
3042 2740 3286 2794 magnam
3313 2727 3465 2780 nobis
3491 2727 3742 2782 ﬁduciam

2146 2819 2303 2863 antea
2323 2825 2659 2880 reponamus,
2679 2822 2737 2866 ut
2757 2814 3111 2870 ineﬂabilibus
3127 2819 3279 2872 bonis
3296 2818 3396 2873 frui
3417 2834 3740 2887 mereamur,

2145 2900 2314 2968 gratia
2361 2910 2416 2954 et
2462 2902 2829 2958 misericordia
2872 2905 3081 2960 Domini
3127 2909 3295 2962 nostri
3335 2909 3459 2965 Jesu
3501 2908 3732 2976 Christi,

2144 3005 2265 3043 cum
2296 3006 2400 3060 quo
2431 2991 2572 3046 Patri
2614 3002 2669 3047 et
2707 3003 2894 3050 sancto
2928 2995 3146 3067 Spiritui
3176 3000 3343 3069 gloria
3365 3042 3380 3066 ,
3419 3002 3739 3070 imperium,

2149 3080 2354 3148 honor,
2396 3097 2538 3138 nunc
2581 3091 2637 3139 et
2677 3099 2926 3155 semper,
2967 3097 3022 3141 et
3061 3089 3115 3142 in
3159 3091 3354 3144 sa-cula
3394 3092 3739 3149 sarculorum.

2147 3170 2335 3224 Amen.

2656 3307 2930 3367 llOMlLIA
2974 3310 3214 3370 XXXVI.

2143 3413 2271 3470 Post
2291 3417 2397 3470 hac
2423 3428 2590 3472 autem
2607 3421 2750 3474 verba
2771 3427 2934 3492 factus
2959 3433 3030 3477 est
3054 3441 3217 3478 sermo
3234 3424 3441 3482 Domini
3458 3430 3529 3483 ad
3547 3431 3740 3487 Abram

2215 3525 2303 3577 per
2332 3510 2569 3563 visionem
2600 3513 2779 3578 noctis,
2807 3515 2978 3568 dicens
2998 3529 3018 3570 .'
3053 3513 3138 3569 Ne
3180 3517 3355 3571 timeas
3396 3519 3604 3588 Abram,
3644 3539 3742 3594 ego

2213 3609 2463 3668 protector
2492 3612 2604 3654 tuus
2625 3618 2736 3656 sum
2763 3619 2782 3657 :
2811 3620 2998 3660 merces
3025 3616 3110 3659 tua
3125 3606 3285 3661 multa
3305 3610 3396 3662 erit
3414 3611 3560 3664 valde
3579 3611 3742 3684 (Ceu.

2217 3691 2298 3745 t5.
2335 3693 2413 3760 ι).

2217 3804 2268 3857 l.
2299 3803 2578 3860 Thesauro
2601 3809 2828 3877 cuipiam
2856 3809 3047 3865 similis
3071 3821 3152 3867 est
3169 3811 3432 3882 justorum
3452 3815 3645 3881 virtus,
3680 3817 3738 3873 in

2140 3913 2247 3967 quo
2277 3899 2519 3968 plurima:
2547 3910 2600 3956 et
2630 3902 2925 3957 ineffabiles
2952 3902 3151 3960 divitia:
3179 3907 3564 3965 reconduntur.
3601 3909 3737 3966 Nam

2141 3990 2274 4043 sicut
2301 3992 2388 4061 qui
2413 4008 2475 4046 ex
2504 3993 2596 4046 illo
2619 3995 2700 4047 vel
2729 4009 2943 4063 parvam
2983 3997 3268 4064 quamdam
3301 4010 3507 4068 partem
3542 4017 3739 4073 capere

2141 4089 2335 4149 potest,
2359 4083 2551 4138 multas
2603 4085 2703 4138 sibi
2756 4086 2879 4142 inde
2925 4097 3074 4156 parat
3109 4103 3240 4158 opes
3272 4108 3285 4144 :
3315 4091 3385 4145 ita
3417 4095 3633 4150 evenire
3678 4096 3737 4151 in

2141 4171 2422 4228 virtutibus
2445 4175 2760 4242 patriarcha:
2779 4176 3180 4246 deprehendere
3203 4182 3323 4250 quis
3348 4193 3540 4252 potest.
3592 4186 3736 4244 Ecce

2143 4261 2255 4316 lere
2283 4265 2519 4334 quotidie
2547 4280 2610 4320 ex
2641 4265 2858 4322 historia
2885 4269 3002 4339 ejus
3034 4271 3182 4324 vobis
3201 4272 3497 4329 doctrinam
3535 4291 3734 4349 propo-

2140 4364 2348 4418 nentes,
2387 4370 2571 4424 magna
2600 4356 2838 4426 largitate
2858 4360 3156 4413 convivium
3177 4363 3496 4430 praebemus,
3523 4379 3580 4422 et
3603 4371 3737 4426 buc-

2138 4460 2306 4513 usque
2337 4448 2570 4500 nondum
2600 4462 2817 4516 parvam
2863 4450 3124 4506 bonorum
3154 4453 3294 4508 illius
3323 4470 3546 4524 operum
3603 4476 3730 4529 par-

2141 4543 2245 4588 tem
2269 4550 2521 4591 enarrare
2553 4539 2823 4607 potnimus
2851 4559 2863 4592 :
2892 4543 3051 4596 tantis
3078 4544 3281 4600 scilicet
3307 4546 3542 4601 abundat
3562 4551 3734 4605 virtu-

2141 4626 2297 4681 tibus.
2347 4627 2413 4681 Et
2440 4628 2576 4684 sient
2612 4645 2643 4684 a
2673 4629 2819 4687 fonte
2849 4633 3008 4700 largis
3038 4634 3231 4691 ﬂuente
3278 4639 3425 4703 rivis,
3475 4643 3634 4696 etiam
3685 4644 3731 4699 ﬂ

2139 4730 2324 4774 omnes
2351 4717 2618 4787 hauriant,
2653 4738 2756 4776 non
2787 4725 2955 4778 solum
2983 4741 3086 4780 non
3113 4728 3497 4784 imminuantur
3531 4731 3730 4791 ﬂuenta

2140 4823 2171 4863 e
2199 4808 2342 4864 fonte
2372 4814 2663 4878 manantia,
2693 4815 2784 4868 sed
2824 4826 3025 4884 quanto
3077 4819 3254 4885 plures
3301 4830 3424 4874 sunt
3467 4825 3557 4892 qui
3607 4824 3731 4882 inde

2138 4898 2401 4968 hauriant,
2434 4911 2581 4956 tanto
2607 4906 2775 4971 major
2803 4921 3058 4973 aquarum
3083 4908 3160 4961 vis
3189 4912 3411 4965 scaturit
3434 4930 3446 4964 :
3471 4913 3542 4966 ita
3564 4916 3725 4972 etiam

2139 4994 2190 5046 in
2212 4995 2524 5050 admirando
2551 4996 2846 5064 patriarcha
2875 4999 2986 5051 fieri
3015 4999 3270 5054 videmus.
3297 5004 3438 5066 Quot
3485 5007 3628 5060 enim
3659 5023 3726 5064 (ιι

2139 5084 2277 5139 illius
2314 5101 2430 5139 a:vo
2467 5085 2533 5139 ad
2563 5086 2664 5141 huc
2707 5101 2872 5156 usque
2911 5097 3118 5157 tempus
3160 5106 3227 5145 ex
3280 5091 3425 5147 fonte
3465 5095 3723 5151 bonorum

2137 5177 2277 5231 illius
2299 5194 2520 5248 operum
2541 5177 2809 5244 hauriunt,
2838 5189 2891 5233 et
2922 5196 3027 5234 non
3051 5182 3223 5235 solum
3252 5183 3448 5238 ﬂuenta
3478 5201 3584 5239 non
3603 5203 3700 5243 eva

2135 5279 2379 5333 cuarmt,
2411 5269 2503 5321 sed
2532 5267 2700 5322 nmlto
2723 5268 3078 5324 abundantior
3103 5278 3361 5326 bonorum
3390 5289 3610 5344 operum
3629 5293 3723 5332 co.

2137 5360 2217 5428 pia
2248 5359 2468 5416 manat?
2493 5359 2638 5413 Sicut
2659 5361 2801 5412 enim
2823 5373 3062 5415 catenam
3079 5364 3359 5432 quamdam
3385 5380 3622 5431 auream,
3649 5369 3725 5422 sic

2134 5450 2250 5516 ejus
2277 5450 2548 5501 historiam
2573 5449 2623 5500 in
2658 5449 2926 5518 Scriptura
2951 5453 3123 5506 divina
3146 5457 3460 5509 recensitam
3489 5457 3723 5512 invenie-

2135 5557 2286 5606 mus;
2315 5558 2376 5596 ac
2405 5541 2625 5610 singulis
2655 5544 2977 5611 temporibus
3005 5543 3178 5613 primo
3205 5546 3350 5600 illum
3377 5549 3724 5605 observamus

2133 5650 2274 5688 verae
2299 5631 2651 5704 philosophias
2679 5635 2969 5703 specimina
3014 5637 3379 5708 exhibentem,
3433 5643 3720 5714 statimque

2133 5736 2446 5798 sequentem
2476 5725 2568 5780 Dei
2597 5731 3100 5782 remunerationem.
3135 5729 3200 5783 Et
3231 5742 3288 5786 ut
3307 5732 3522 5789 discatis
3562 5735 3633 5789 ita
3658 5751 3719 5795 se
