  <div class='ocr_page' id='page_1' title='image "/cluster/home/n/w/nwhite01/storage/ocr_20150623/53/ien.35556001660802/334.png"; bbox 0 0 4058 6386; ppageno 0'>
   <div class='ocr_carea' id='block_1_1' title="bbox 231 425 333 478">
    <p class='ocr_par' dir='ltr' id='par_1_1' title="bbox 231 425 333 478">
     <span class='ocr_line' id='line_1_1' title="bbox 231 425 333 478; baseline 0 0"><span class='ocrx_word' id='word_1_1' title='bbox 231 425 333 478; x_wconf 72' lang='grc'>551</span> 
     </span>
    </p>
   </div>
   <div class='ocr_carea' id='block_1_2' title="bbox 228 522 1918 603">
    <p class='ocr_par' dir='ltr' id='par_1_2' title="bbox 228 522 1918 603">
     <span class='ocr_line' id='line_1_2' title="bbox 228 522 1918 603; baseline -0.01 -12"><span class='ocrx_word' id='word_1_2' title='bbox 228 553 323 600; x_wconf 81' lang='grc' dir='ltr'>τος</span> <span class='ocrx_word' id='word_1_3' title='bbox 379 533 767 603; x_wconf 79' lang='grc' dir='ltr'>ἐπικειμένης,</span> <span class='ocrx_word' id='word_1_4' title='bbox 812 529 954 582; x_wconf 77' lang='grc' dir='ltr'>οὕτω</span> <span class='ocrx_word' id='word_1_5' title='bbox 996 529 1093 596; x_wconf 76' lang='grc' dir='ltr'>τῆς</span> <span class='ocrx_word' id='word_1_6' title='bbox 1171 527 1246 580; x_wconf 76' lang='grc' dir='ltr'>ῶν</span> <span class='ocrx_word' id='word_1_7' title='bbox 1295 525 1582 595; x_wconf 75' lang='grc' dir='ltr'>παρόντων</span> <span class='ocrx_word' id='word_1_8' title='bbox 1623 522 1918 602; x_wconf 76' lang='grc' dir='ltr'>ἐπιθυμίας</span> 
     </span>
    </p>
   </div>
   <div class='ocr_carea' id='block_1_3' title="bbox 231 609 1919 690">
    <p class='ocr_par' dir='ltr' id='par_1_3' title="bbox 231 609 1919 690">
     <span class='ocr_line' id='line_1_3' title="bbox 231 609 1919 690; baseline -0.009 -13"><span class='ocrx_word' id='word_1_9' title='bbox 231 622 534 690; x_wconf 76' lang='grc' dir='ltr'>σκαιούσης</span> <span class='ocrx_word' id='word_1_10' title='bbox 581 616 990 685; x_wconf 65' lang='grc' dir='ltr'>τδνιλογισμὸν,</span> <span class='ocrx_word' id='word_1_11' title='bbox 1028 614 1121 666; x_wconf 76' lang='grc' dir='ltr'>καὶ</span> <span class='ocrx_word' id='word_1_12' title='bbox 1156 612 1254 663; x_wconf 75' lang='grc' dir='ltr'>οὐκ</span> <span class='ocrx_word' id='word_1_13' title='bbox 1299 611 1555 680; x_wconf 74' lang='grc' dir='ltr'>ἀφιείσης</span> <span class='ocrx_word' id='word_1_14' title='bbox 1602 609 1833 663; x_wconf 78' lang='grc' dir='ltr'>συνιδεῖν</span> <span class='ocrx_word' id='word_1_15' title='bbox 1865 626 1919 662; x_wconf 89' lang='grc' dir='ltr'>τι</span> 
     </span>
    </p>
   </div>
   <div class='ocr_carea' id='block_1_4' title="bbox 231 695 1920 766">
    <p class='ocr_par' dir='ltr' id='par_1_4' title="bbox 231 695 1920 766">
     <span class='ocr_line' id='line_1_4' title="bbox 231 695 1920 766; baseline -0.009 -4"><span class='ocrx_word' id='word_1_16' title='bbox 231 709 346 762; x_wconf 76' lang='grc' dir='ltr'>τῶν</span> <span class='ocrx_word' id='word_1_17' title='bbox 363 707 614 761; x_wconf 82' lang='grc' dir='ltr'>δεόντων.</span> <span class='ocrx_word' id='word_1_18' title='bbox 653 704 778 758; x_wconf 81' lang='grc' dir='ltr'>Οὐδ’</span> <span class='ocrx_word' id='word_1_19' title='bbox 806 698 874 755; x_wconf 84' lang='grc' dir='ltr'>αὐ</span> <span class='ocrx_word' id='word_1_20' title='bbox 901 700 1064 754; x_wconf 87' lang='grc' dir='ltr'>πάλιν</span> <span class='ocrx_word' id='word_1_21' title='bbox 1089 697 1315 752; x_wconf 80' lang='grc' dir='ltr'>δυνατὸν</span> <span class='ocrx_word' id='word_1_22' title='bbox 1355 697 1446 750; x_wconf 80' lang='grc' dir='ltr'>τὸν</span> <span class='ocrx_word' id='word_1_23' title='bbox 1476 696 1605 766; x_wconf 76' lang='grc' dir='ltr'>περὶ</span> <span class='ocrx_word' id='word_1_24' title='bbox 1637 697 1822 749; x_wconf 87' lang='grc' dir='ltr'>ἐκεῖνα</span> <span class='ocrx_word' id='word_1_25' title='bbox 1848 695 1920 748; x_wconf 82' lang='grc' dir='ltr'>τὰ</span> 
     </span>
    </p>
   </div>
   <div class='ocr_carea' id='block_1_5' title="bbox 232 780 1921 864">
    <p class='ocr_par' dir='ltr' id='par_1_5' title="bbox 232 780 1921 864">
     <span class='ocr_line' id='line_1_5' title="bbox 232 780 1921 864; baseline -0.007 -15"><span class='ocrx_word' id='word_1_26' title='bbox 232 794 468 864; x_wconf 80' lang='grc' dir='ltr'>ἀκίνητα</span> <span class='ocrx_word' id='word_1_27' title='bbox 498 793 594 846; x_wconf 77' lang='grc' dir='ltr'>καὶ</span> <span class='ocrx_word' id='word_1_28' title='bbox 613 789 806 862; x_wconf 80' lang='grc' dir='ltr'>βέϐαια</span> <span class='ocrx_word' id='word_1_29' title='bbox 837 786 1016 856; x_wconf 89' lang='grc' dir='ltr'>ἀγαθά</span> <span class='ocrx_word' id='word_1_30' title='bbox 1040 785 1134 840; x_wconf 80' lang='grc' dir='ltr'>τὸν</span> <span class='ocrx_word' id='word_1_31' title='bbox 1160 785 1324 838; x_wconf 87' lang='grc' dir='ltr'>πόθον</span> <span class='ocrx_word' id='word_1_32' title='bbox 1354 782 1563 854; x_wconf 75' lang='grc' dir='ltr'>ἔχοντα.</span> <span class='ocrx_word' id='word_1_33' title='bbox 1584 780 1921 837; x_wconf 83' lang='grc' dir='ltr'>τούτωντῶί</span> 
     </span>
    </p>
   </div>
   <div class='ocr_carea' id='block_1_6' title="bbox 229 865 1920 951">
    <p class='ocr_par' dir='ltr' id='par_1_6' title="bbox 229 865 1920 951">
     <span class='ocr_line' id='line_1_6' title="bbox 229 865 1920 951; baseline -0.009 -17"><span class='ocrx_word' id='word_1_34' title='bbox 229 882 547 951; x_wconf 71' lang='grc' dir='ltr'>ἀπικήρων,</span> <span class='ocrx_word' id='word_1_35' title='bbox 589 877 682 930; x_wconf 73' lang='grc' dir='ltr'>καὶ</span> <span class='ocrx_word' id='word_1_36' title='bbox 731 874 862 945; x_wconf 76' lang='grc' dir='ltr'>πρὶν</span> <span class='ocrx_word' id='word_1_37' title='bbox 894 874 928 944; x_wconf 75' lang='grc' dir='ltr'>ἡ</span> <span class='ocrx_word' id='word_1_38' title='bbox 958 873 1193 942; x_wconf 84' lang='grc' dir='ltr'>φανῆναι</span> <span class='ocrx_word' id='word_1_39' title='bbox 1242 865 1657 939; x_wconf 85' lang='grc' dir='ltr'>ἀφιπταμένων,</span> <span class='ocrx_word' id='word_1_40' title='bbox 1689 866 1784 922; x_wconf 75' lang='grc' dir='ltr'>καὶ</span> <span class='ocrx_word' id='word_1_41' title='bbox 1817 883 1920 937; x_wconf 87' lang='grc' dir='ltr'>μα-</span> 
     </span>
    </p>
   </div>
   <div class='ocr_carea' id='block_1_7' title="bbox 239 953 1919 1036">
    <p class='ocr_par' dir='ltr' id='par_1_7' title="bbox 239 953 1919 1036">
     <span class='ocr_line' id='line_1_7' title="bbox 239 953 1919 1036; baseline -0.007 -19"><span class='ocrx_word' id='word_1_42' title='bbox 239 964 571 1036; x_wconf 79' lang='grc' dir='ltr'>ραινομένων</span> <span class='ocrx_word' id='word_1_43' title='bbox 597 959 894 1030; x_wconf 77' lang='grc' dir='ltr'>ἐπιθυμίαν</span> <span class='ocrx_word' id='word_1_44' title='bbox 926 963 1046 1012; x_wconf 79' lang='grc' dir='ltr'>τινα</span> <span class='ocrx_word' id='word_1_45' title='bbox 1072 958 1278 1012; x_wconf 85' lang='grc' dir='ltr'>λαϐεῖν.</span> <span class='ocrx_word' id='word_1_46' title='bbox 1325 957 1383 1009; x_wconf 89' lang='grc' dir='ltr'>Ὀ</span> <span class='ocrx_word' id='word_1_47' title='bbox 1405 956 1516 1026; x_wconf 85' lang='grc' dir='ltr'>γὰρ</span> <span class='ocrx_word' id='word_1_48' title='bbox 1563 954 1798 1027; x_wconf 78' lang='grc' dir='ltr'>τρωθεὶς</span> <span class='ocrx_word' id='word_1_49' title='bbox 1841 953 1919 1024; x_wconf 84' lang='grc' dir='ltr'>τῷ</span> 
     </span>
    </p>
   </div>
   <div class='ocr_carea' id='block_1_8' title="bbox 235 1039 1919 1121">
    <p class='ocr_par' dir='ltr' id='par_1_8' title="bbox 235 1039 1919 1121">
     <span class='ocr_line' id='line_1_8' title="bbox 235 1039 1919 1121; baseline -0.004 -20"><span class='ocrx_word' id='word_1_50' title='bbox 235 1050 380 1121; x_wconf 77' lang='grc' dir='ltr'>πρὸς</span> <span class='ocrx_word' id='word_1_51' title='bbox 402 1051 493 1101; x_wconf 78' lang='grc' dir='ltr'>τὸν</span> <span class='ocrx_word' id='word_1_52' title='bbox 516 1046 648 1100; x_wconf 80' lang='grc' dir='ltr'>Θεὸν</span> <span class='ocrx_word' id='word_1_53' title='bbox 687 1046 861 1114; x_wconf 83' lang='grc' dir='ltr'>πόθῳ,</span> <span class='ocrx_word' id='word_1_54' title='bbox 890 1045 986 1099; x_wconf 74' lang='grc' dir='ltr'>καὶ</span> <span class='ocrx_word' id='word_1_55' title='bbox 1030 1045 1131 1114; x_wconf 82' lang='grc' dir='ltr'>τὴν</span> <span class='ocrx_word' id='word_1_56' title='bbox 1157 1043 1267 1096; x_wconf 90' lang='grc' dir='ltr'>τῶν</span> <span class='ocrx_word' id='word_1_57' title='bbox 1294 1042 1593 1112; x_wconf 80' lang='grc' dir='ltr'>μελλόντων</span> <span class='ocrx_word' id='word_1_58' title='bbox 1622 1039 1919 1112; x_wconf 73' lang='grc' dir='ltr'>ἐπιθυμίαν</span> 
     </span>
    </p>
   </div>
   <div class='ocr_carea' id='block_1_9' title="bbox 237 1125 1919 1206">
    <p class='ocr_par' dir='ltr' id='par_1_9' title="bbox 237 1125 1919 1206">
     <span class='ocr_line' id='line_1_9' title="bbox 237 1125 1919 1206; baseline -0.007 -18"><span class='ocrx_word' id='word_1_59' title='bbox 237 1135 604 1206; x_wconf 78' lang='grc' dir='ltr'>κτησάμενος,</span> <span class='ocrx_word' id='word_1_60' title='bbox 637 1132 846 1201; x_wconf 80' lang='grc' dir='ltr'>ἑτέροις</span> <span class='ocrx_word' id='word_1_61' title='bbox 884 1131 1185 1201; x_wconf 78' lang='grc' dir='ltr'>ὀφθαλμοῖς</span> <span class='ocrx_word' id='word_1_62' title='bbox 1211 1129 1316 1200; x_wconf 77' lang='grc' dir='ltr'>ὁρᾷ</span> <span class='ocrx_word' id='word_1_63' title='bbox 1353 1127 1461 1181; x_wconf 87' lang='grc' dir='ltr'>τῶν</span> <span class='ocrx_word' id='word_1_64' title='bbox 1487 1127 1774 1198; x_wconf 80' lang='grc' dir='ltr'>παρόντων</span> <span class='ocrx_word' id='word_1_65' title='bbox 1818 1125 1919 1197; x_wconf 82' lang='grc' dir='ltr'>τὴν</span> 
     </span>
    </p>
   </div>
   <div class='ocr_carea' id='block_1_10' title="bbox 238 1213 1922 1286">
    <p class='ocr_par' dir='ltr' id='par_1_10' title="bbox 238 1213 1922 1286">
     <span class='ocr_line' id='line_1_10' title="bbox 238 1213 1922 1286; baseline -0.004 -11"><span class='ocrx_word' id='word_1_66' title='bbox 238 1222 598 1281; x_wconf 83' lang='grc' dir='ltr'>κατάστασιν,</span> <span class='ocrx_word' id='word_1_67' title='bbox 629 1219 722 1272; x_wconf 76' lang='grc' dir='ltr'>καὶ</span> <span class='ocrx_word' id='word_1_68' title='bbox 751 1215 891 1272; x_wconf 86' lang='grc' dir='ltr'>οῐδεν</span> <span class='ocrx_word' id='word_1_69' title='bbox 911 1218 995 1271; x_wconf 81' lang='grc' dir='ltr'>ὃτι</span> <span class='ocrx_word' id='word_1_70' title='bbox 1015 1216 1203 1286; x_wconf 82' lang='grc' dir='ltr'>σχῆμα</span> <span class='ocrx_word' id='word_1_71' title='bbox 1228 1216 1374 1278; x_wconf 83' lang='grc' dir='ltr'>ἀπας</span> <span class='ocrx_word' id='word_1_72' title='bbox 1403 1217 1432 1268; x_wconf 89' lang='grc' dir='ltr'>ό</span> <span class='ocrx_word' id='word_1_73' title='bbox 1452 1215 1642 1284; x_wconf 86' lang='grc' dir='ltr'>παρὼν</span> <span class='ocrx_word' id='word_1_74' title='bbox 1669 1213 1805 1283; x_wconf 88' lang='grc' dir='ltr'>βίος,</span> <span class='ocrx_word' id='word_1_75' title='bbox 1824 1216 1922 1268; x_wconf 76' lang='grc' dir='ltr'>καὶ</span> 
     </span>
    </p>
   </div>
   <div class='ocr_carea' id='block_1_11' title="bbox 236 1301 1919 1377">
    <p class='ocr_par' dir='ltr' id='par_1_11' title="bbox 236 1301 1919 1377">
     <span class='ocr_line' id='line_1_11' title="bbox 236 1301 1919 1377; baseline -0.004 -15"><span class='ocrx_word' id='word_1_76' title='bbox 236 1308 448 1377; x_wconf 80' lang='grc' dir='ltr'>ἀπάτη,</span> <span class='ocrx_word' id='word_1_77' title='bbox 481 1309 579 1360; x_wconf 71' lang='grc' dir='ltr'>καὶ</span> <span class='ocrx_word' id='word_1_78' title='bbox 599 1305 897 1376; x_wconf 79' lang='grc' dir='ltr'>ὀνειράτων</span> <span class='ocrx_word' id='word_1_79' title='bbox 924 1304 1077 1356; x_wconf 71' lang='grc' dir='ltr'>οὐδὲν</span> <span class='ocrx_word' id='word_1_80' title='bbox 1103 1303 1397 1374; x_wconf 79' lang='grc' dir='ltr'>διενήνοχε.</span> <span class='ocrx_word' id='word_1_81' title='bbox 1446 1302 1544 1354; x_wconf 83' lang='grc' dir='ltr'>Διά</span> <span class='ocrx_word' id='word_1_82' title='bbox 1558 1301 1720 1354; x_wconf 81' lang='grc' dir='ltr'>τοῦτο</span> <span class='ocrx_word' id='word_1_83' title='bbox 1747 1301 1842 1354; x_wconf 75' lang='grc' dir='ltr'>καὶ</span> <span class='ocrx_word' id='word_1_84' title='bbox 1889 1305 1919 1355; x_wconf 90' lang='grc' dir='ltr'>ό</span> 
     </span>
    </p>
   </div>
   <div class='ocr_carea' id='block_1_12' title="bbox 238 1388 1920 1464">
    <p class='ocr_par' dir='ltr' id='par_1_12' title="bbox 238 1388 1920 1464">
     <span class='ocr_line' id='line_1_12' title="bbox 238 1388 1920 1464; baseline -0.002 -17"><span class='ocrx_word' id='word_1_85' title='bbox 238 1394 512 1464; x_wconf 84' lang='grc' dir='ltr'>μακάριος</span> <span class='ocrx_word' id='word_1_86' title='bbox 541 1391 753 1453; x_wconf 91' lang='grc' dir='ltr'>Παῦλος</span> <span class='ocrx_word' id='word_1_87' title='bbox 780 1389 934 1460; x_wconf 65' lang='grc' dir='ltr'>ἔλεγε</span> <span class='ocrx_word' id='word_1_88' title='bbox 957 1389 1208 1460; x_wconf 85' lang='grc' dir='ltr'>γράφων,</span> <span class='ocrx_word' id='word_1_89' title='bbox 1226 1390 1481 1459; x_wconf 78' lang='grc' dir='ltr'>Παράγει</span> <span class='ocrx_word' id='word_1_90' title='bbox 1499 1389 1607 1460; x_wconf 82' lang='grc' dir='ltr'>γὰρ</span> <span class='ocrx_word' id='word_1_91' title='bbox 1625 1389 1692 1441; x_wconf 85' lang='grc' dir='ltr'>τὸ</span> <span class='ocrx_word' id='word_1_92' title='bbox 1708 1388 1920 1457; x_wconf 77' lang='grc' dir='ltr'>σχῆμα</span> 
     </span>
    </p>
   </div>
   <div class='ocr_carea' id='block_1_13' title="bbox 234 1474 1914 1546">
    <p class='ocr_par' dir='ltr' id='par_1_13' title="bbox 234 1474 1914 1546">
     <span class='ocr_line' id='line_1_13' title="bbox 234 1474 1914 1546; baseline -0.004 -14"><span class='ocrx_word' id='word_1_93' title='bbox 234 1479 348 1533; x_wconf 78' lang='grc' dir='ltr'>τοῦ</span> <span class='ocrx_word' id='word_1_94' title='bbox 375 1479 608 1546; x_wconf 78' lang='grc' dir='ltr'>κόσμου</span> <span class='ocrx_word' id='word_1_95' title='bbox 640 1476 882 1539; x_wconf 80' lang='grc' dir='ltr'>τούτου,</span> <span class='ocrx_word' id='word_1_96' title='bbox 915 1475 1135 1539; x_wconf 80' lang='grc' dir='ltr'>δεικνὺς</span> <span class='ocrx_word' id='word_1_97' title='bbox 1170 1476 1253 1529; x_wconf 82' lang='grc' dir='ltr'>ὅτι</span> <span class='ocrx_word' id='word_1_98' title='bbox 1291 1476 1521 1530; x_wconf 70' lang='grc' dir='ltr'>ἕκαστον</span> <span class='ocrx_word' id='word_1_99' title='bbox 1567 1475 1678 1529; x_wconf 91' lang='grc' dir='ltr'>τῶν</span> <span class='ocrx_word' id='word_1_100' title='bbox 1702 1474 1914 1545; x_wconf 84' lang='grc' dir='ltr'>ἀνθρω-</span> 
     </span>
    </p>
   </div>
   <div class='ocr_carea' id='block_1_14' title="bbox 233 1560 1916 1633">
    <p class='ocr_par' dir='ltr' id='par_1_14' title="bbox 233 1560 1916 1633">
     <span class='ocr_line' id='line_1_14' title="bbox 233 1560 1916 1633; baseline -0.002 -16"><span class='ocrx_word' id='word_1_101' title='bbox 233 1564 416 1618; x_wconf 84' lang='grc' dir='ltr'>πίνων</span> <span class='ocrx_word' id='word_1_102' title='bbox 444 1565 505 1616; x_wconf 72' lang='grc' dir='ltr'>ἐν</span> <span class='ocrx_word' id='word_1_103' title='bbox 531 1563 770 1633; x_wconf 84' lang='grc' dir='ltr'>σχήματι</span> <span class='ocrx_word' id='word_1_104' title='bbox 789 1561 947 1632; x_wconf 88' lang='grc' dir='ltr'>μόνον</span> <span class='ocrx_word' id='word_1_105' title='bbox 965 1562 1102 1625; x_wconf 78' lang='grc' dir='ltr'>ἐστὶ,</span> <span class='ocrx_word' id='word_1_106' title='bbox 1123 1562 1217 1616; x_wconf 77' lang='grc' dir='ltr'>καὶ</span> <span class='ocrx_word' id='word_1_107' title='bbox 1237 1561 1485 1632; x_wconf 85' lang='grc' dir='ltr'>καθάπερ</span> <span class='ocrx_word' id='word_1_108' title='bbox 1513 1561 1641 1614; x_wconf 88' lang='grc' dir='ltr'>σκιά</span> <span class='ocrx_word' id='word_1_109' title='bbox 1671 1562 1766 1614; x_wconf 73' lang='grc' dir='ltr'>καὶ</span> <span class='ocrx_word' id='word_1_110' title='bbox 1784 1560 1916 1631; x_wconf 79' lang='grc' dir='ltr'>δναρ</span> 
     </span>
    </p>
   </div>
   <div class='ocr_carea' id='block_1_15' title="bbox 235 1642 1917 1722">
    <p class='ocr_par' dir='ltr' id='par_1_15' title="bbox 235 1642 1917 1722">
     <span class='ocr_line' id='line_1_15' title="bbox 235 1642 1917 1722; baseline -0.003 -18"><span class='ocrx_word' id='word_1_111' title='bbox 235 1650 600 1722; x_wconf 62' lang='grc' dir='ltr'>⁴παριιτρέχει,</span> <span class='ocrx_word' id='word_1_112' title='bbox 637 1648 793 1702; x_wconf 79' lang='grc' dir='ltr'>οὐδὲν</span> <span class='ocrx_word' id='word_1_113' title='bbox 824 1647 1047 1719; x_wconf 74' lang='grc' dir='ltr'>ἀληθὲς,</span> <span class='ocrx_word' id='word_1_114' title='bbox 1070 1647 1223 1700; x_wconf 76' lang='grc' dir='ltr'>οὐδὲν</span> <span class='ocrx_word' id='word_1_115' title='bbox 1260 1647 1474 1717; x_wconf 87' lang='grc' dir='ltr'>βέϐαιον</span> <span class='ocrx_word' id='word_1_116' title='bbox 1505 1647 1646 1716; x_wconf 70' lang='grc' dir='ltr'>ἔχον.</span> <span class='ocrx_word' id='word_1_117' title='bbox 1673 1647 1796 1709; x_wconf 89' lang='grc' dir='ltr'>Πῶς</span> <span class='ocrx_word' id='word_1_118' title='bbox 1822 1642 1917 1700; x_wconf 79' lang='grc' dir='ltr'>οὖν</span> 
     </span>
    </p>
   </div>
   <div class='ocr_carea' id='block_1_16' title="bbox 233 1732 1914 1806">
    <p class='ocr_par' dir='ltr' id='par_1_16' title="bbox 233 1732 1914 1806">
     <span class='ocr_line' id='line_1_16' title="bbox 233 1732 1914 1806; baseline -0.002 -16"><span class='ocrx_word' id='word_1_119' title='bbox 233 1735 340 1790; x_wconf 87' lang='grc' dir='ltr'>οὐκ</span> <span class='ocrx_word' id='word_1_120' title='bbox 352 1735 428 1790; x_wconf 66' lang='grc' dir='ltr'>ἂν</span> <span class='ocrx_word' id='word_1_121' title='bbox 453 1735 541 1806; x_wconf 85' lang='grc' dir='ltr'>εῐη</span> <span class='ocrx_word' id='word_1_122' title='bbox 557 1734 813 1804; x_wconf 82' lang='grc' dir='ltr'>παιδικῆς</span> <span class='ocrx_word' id='word_1_123' title='bbox 843 1732 1082 1796; x_wconf 77' lang='grc' dir='ltr'>διανοίας</span> <span class='ocrx_word' id='word_1_124' title='bbox 1112 1733 1242 1804; x_wconf 74' lang='grc' dir='ltr'>περὶ</span> <span class='ocrx_word' id='word_1_125' title='bbox 1265 1734 1368 1797; x_wconf 86' lang='grc' dir='ltr'>τάς</span> <span class='ocrx_word' id='word_1_126' title='bbox 1402 1733 1558 1796; x_wconf 86' lang='grc' dir='ltr'>σκιάς</span> <span class='ocrx_word' id='word_1_127' title='bbox 1582 1732 1914 1803; x_wconf 83' lang='grc' dir='ltr'>ἐπτοῆσθαι,</span> 
     </span>
    </p>
   </div>
   <div class='ocr_carea' id='block_1_17' title="bbox 243 1818 1912 1891">
    <p class='ocr_par' dir='ltr' id='par_1_17' title="bbox 243 1818 1912 1891">
     <span class='ocr_line' id='line_1_17' title="bbox 243 1818 1912 1891; baseline -0.003 -16"><span class='ocrx_word' id='word_1_128' title='bbox 243 1821 334 1876; x_wconf 60' lang='grc' dir='ltr'>σαὶ</span> <span class='ocrx_word' id='word_1_129' title='bbox 348 1821 441 1874; x_wconf 66' lang='grc' dir='ltr'>ἐπὶ</span> <span class='ocrx_word' id='word_1_130' title='bbox 473 1820 718 1891; x_wconf 80' lang='grc' dir='ltr'>ὀνείρασι</span> <span class='ocrx_word' id='word_1_131' title='bbox 746 1819 890 1888; x_wconf 80' lang='grc' dir='ltr'>μέγα</span> <span class='ocrx_word' id='word_1_132' title='bbox 918 1821 1165 1890; x_wconf 78' lang='grc' dir='ltr'>φρονεῖν,</span> <span class='ocrx_word' id='word_1_133' title='bbox 1213 1819 1310 1872; x_wconf 81' lang='grc' dir='ltr'>καὶ</span> <span class='ocrx_word' id='word_1_134' title='bbox 1361 1818 1571 1882; x_wconf 76' lang='grc' dir='ltr'>τούτοις</span> <span class='ocrx_word' id='word_1_135' title='bbox 1610 1835 1912 1888; x_wconf 85' lang='grc' dir='ltr'>προστετη-</span> 
     </span>
    </p>
   </div>
   <div class='ocr_carea' id='block_1_18' title="bbox 235 1903 1913 1976">
    <p class='ocr_par' dir='ltr' id='par_1_18' title="bbox 235 1903 1913 1976">
     <span class='ocr_line' id='line_1_18' title="bbox 235 1903 1913 1976; baseline -0.001 -17"><span class='ocrx_word' id='word_1_136' title='bbox 235 1905 393 1959; x_wconf 78' lang='grc' dir='ltr'>κέναι</span> <span class='ocrx_word' id='word_1_137' title='bbox 417 1907 528 1970; x_wconf 85' lang='grc' dir='ltr'>τοῖς</span> <span class='ocrx_word' id='word_1_138' title='bbox 557 1905 752 1976; x_wconf 78' lang='grc' dir='ltr'>μικρὸν</span> <span class='ocrx_word' id='word_1_139' title='bbox 767 1903 991 1975; x_wconf 79' lang='grc' dir='ltr'>ὕστερον</span> <span class='ocrx_word' id='word_1_140' title='bbox 1008 1903 1470 1975; x_wconf 81' lang='grc' dir='ltr'>παρερχομένοιςς</span> <span class='ocrx_word' id='word_1_141' title='bbox 1501 1903 1753 1970; x_wconf 60' lang='grc' dir='ltr'>Παράλοει</span> <span class='ocrx_word' id='word_1_142' title='bbox 1781 1903 1913 1973; x_wconf 81' lang='grc' dir='ltr'>γὰρ,</span> 
     </span>
    </p>
   </div>
   <div class='ocr_carea' id='block_1_19' title="bbox 234 1989 1916 2064">
    <p class='ocr_par' dir='ltr' id='par_1_19' title="bbox 234 1989 1916 2064">
     <span class='ocr_line' id='line_1_19' title="bbox 234 1989 1916 2064; baseline -0.003 -18"><span class='ocrx_word' id='word_1_143' title='bbox 234 1994 393 2064; x_wconf 71' lang='grc' dir='ltr'>φησι,</span> <span class='ocrx_word' id='word_1_144' title='bbox 425 1991 493 2046; x_wconf 78' lang='grc' dir='ltr'>τὸ</span> <span class='ocrx_word' id='word_1_145' title='bbox 535 1990 745 2061; x_wconf 78' lang='grc' dir='ltr'>σχῆμα</span> <span class='ocrx_word' id='word_1_146' title='bbox 772 1991 882 2045; x_wconf 78' lang='grc' dir='ltr'>τοῦ</span> <span class='ocrx_word' id='word_1_147' title='bbox 911 1991 1145 2058; x_wconf 76' lang='grc' dir='ltr'>κόσμου</span> <span class='ocrx_word' id='word_1_148' title='bbox 1176 1992 1411 2044; x_wconf 84' lang='grc' dir='ltr'>τούτου.</span> <span class='ocrx_word' id='word_1_149' title='bbox 1472 1991 1639 2043; x_wconf 87' lang='grc' dir='ltr'>Ὅταν</span> <span class='ocrx_word' id='word_1_150' title='bbox 1676 1989 1916 2060; x_wconf 81' lang='grc' dir='ltr'>ἀκούσῃς</span> 
     </span>
    </p>
   </div>
   <div class='ocr_carea' id='block_1_20' title="bbox 231 2075 1914 2148">
    <p class='ocr_par' dir='ltr' id='par_1_20' title="bbox 231 2075 1914 2148">
     <span class='ocr_line' id='line_1_20' title="bbox 231 2075 1914 2148; baseline -0.002 -16"><span class='ocrx_word' id='word_1_151' title='bbox 231 2078 320 2132; x_wconf 76' lang='grc' dir='ltr'>ὅτι</span> <span class='ocrx_word' id='word_1_152' title='bbox 340 2077 615 2146; x_wconf 80' lang='grc' dir='ltr'>Παράτει,</span> <span class='ocrx_word' id='word_1_153' title='bbox 639 2077 695 2130; x_wconf 89' lang='grc' dir='ltr'>τί</span> <span class='ocrx_word' id='word_1_154' title='bbox 728 2077 915 2130; x_wconf 82' lang='grc' dir='ltr'>λοιπὸν</span> <span class='ocrx_word' id='word_1_155' title='bbox 939 2075 1102 2130; x_wconf 80' lang='grc' dir='ltr'>πλέον</span> <span class='ocrx_word' id='word_1_156' title='bbox 1130 2077 1346 2146; x_wconf 86' lang='grc' dir='ltr'>ζητεῖς;</span> <span class='ocrx_word' id='word_1_157' title='bbox 1384 2078 1514 2130; x_wconf 84' lang='grc' dir='ltr'>ὅταν</span> <span class='ocrx_word' id='word_1_158' title='bbox 1551 2075 1790 2148; x_wconf 77' lang='grc' dir='ltr'>ἀκούσῃς</span> <span class='ocrx_word' id='word_1_159' title='bbox 1832 2076 1914 2129; x_wconf 81' lang='grc' dir='ltr'>ὃτι</span> 
     </span>
    </p>
   </div>
   <div class='ocr_carea' id='block_1_21' title="bbox 234 2157 1915 2230">
    <p class='ocr_par' dir='ltr' id='par_1_21' title="bbox 234 2157 1915 2230">
     <span class='ocr_line' id='line_1_21' title="bbox 234 2157 1915 2230; baseline -0.002 -17"><span class='ocrx_word' id='word_1_160' title='bbox 234 2160 427 2230; x_wconf 77' lang='grc' dir='ltr'>σχῆμα</span> <span class='ocrx_word' id='word_1_161' title='bbox 463 2159 622 2230; x_wconf 88' lang='grc' dir='ltr'>μόνον</span> <span class='ocrx_word' id='word_1_162' title='bbox 659 2159 778 2212; x_wconf 73' lang='grc' dir='ltr'>ἐστὶ</span> <span class='ocrx_word' id='word_1_163' title='bbox 805 2157 1066 2212; x_wconf 87' lang='grc' dir='ltr'>πάντατά</span> <span class='ocrx_word' id='word_1_164' title='bbox 1089 2157 1425 2228; x_wconf 85' lang='grc' dir='ltr'>ἀνθρώπινα,</span> <span class='ocrx_word' id='word_1_165' title='bbox 1445 2157 1701 2229; x_wconf 78' lang='grc' dir='ltr'>ἀληθείας</span> <span class='ocrx_word' id='word_1_166' title='bbox 1735 2157 1915 2228; x_wconf 76' lang='grc' dir='ltr'>ἔρημα</span> 
     </span>
    </p>
   </div>
   <div class='ocr_carea' id='block_1_22' title="bbox 233 2239 1911 2311">
    <p class='ocr_par' dir='ltr' id='par_1_22' title="bbox 233 2239 1911 2311">
     <span class='ocr_line' id='line_1_22' title="bbox 233 2239 1911 2311; baseline -0.002 -15"><span class='ocrx_word' id='word_1_167' title='bbox 233 2241 596 2311; x_wconf 80' lang='grc' dir='ltr'>τυγχάνοντα,</span> <span class='ocrx_word' id='word_1_168' title='bbox 631 2241 775 2304; x_wconf 87' lang='grc' dir='ltr'>τίνος</span> <span class='ocrx_word' id='word_1_169' title='bbox 798 2240 986 2294; x_wconf 71' lang='grc' dir='ltr'>ἐνεκεν</span> <span class='ocrx_word' id='word_1_170' title='bbox 1014 2239 1156 2294; x_wconf 81' lang='grc' dir='ltr'>ἑκὼν</span> <span class='ocrx_word' id='word_1_171' title='bbox 1200 2239 1301 2308; x_wconf 82' lang='grc' dir='ltr'>τὴν</span> <span class='ocrx_word' id='word_1_172' title='bbox 1342 2239 1560 2308; x_wconf 87' lang='grc' dir='ltr'>ἀπάτην</span> <span class='ocrx_word' id='word_1_173' title='bbox 1597 2239 1911 2309; x_wconf 86' lang='grc' dir='ltr'>ὑπομένεις,</span> 
     </span>
    </p>
   </div>
   <div class='ocr_carea' id='block_1_23' title="bbox 232 2320 1914 2393">
    <p class='ocr_par' dir='ltr' id='par_1_23' title="bbox 232 2320 1914 2393">
     <span class='ocr_line' id='line_1_23' title="bbox 232 2320 1914 2393; baseline -0.003 -16"><span class='ocrx_word' id='word_1_174' title='bbox 232 2325 332 2377; x_wconf 75' lang='grc' dir='ltr'>καὶ</span> <span class='ocrx_word' id='word_1_175' title='bbox 350 2326 450 2376; x_wconf 82' lang='grc' dir='ltr'>οὐκ</span> <span class='ocrx_word' id='word_1_176' title='bbox 471 2324 665 2376; x_wconf 82' lang='grc' dir='ltr'>ἐννοῶν</span> <span class='ocrx_word' id='word_1_177' title='bbox 696 2322 1193 2393; x_wconf 82' lang='grc' dir='ltr'>τδεύμετάϐ).ητον.</span> <span class='ocrx_word' id='word_1_178' title='bbox 1215 2323 1276 2374; x_wconf 83' lang='grc' dir='ltr'>τὸ</span> <span class='ocrx_word' id='word_1_179' title='bbox 1303 2322 1577 2384; x_wconf 86' lang='grc' dir='ltr'>ἀϐέϐαιον,</span> <span class='ocrx_word' id='word_1_180' title='bbox 1611 2320 1784 2374; x_wconf 90' lang='grc' dir='ltr'>ταῦτα</span> <span class='ocrx_word' id='word_1_181' title='bbox 1813 2321 1914 2390; x_wconf 83' lang='grc' dir='ltr'>μὲν</span> 
     </span>
    </p>
   </div>
   <div class='ocr_carea' id='block_1_24' title="bbox 233 2403 1914 2477">
    <p class='ocr_par' dir='ltr' id='par_1_24' title="bbox 233 2403 1914 2477">
     <span class='ocr_line' id='line_1_24' title="bbox 233 2403 1914 2477; baseline -0.002 -16"><span class='ocrx_word' id='word_1_182' title='bbox 233 2407 630 2477; x_wconf 74' lang='grc' dir='ltr'>παρατρέχεις,</span> <span class='ocrx_word' id='word_1_183' title='bbox 663 2405 792 2476; x_wconf 79' lang='grc' dir='ltr'>περὶ</span> <span class='ocrx_word' id='word_1_184' title='bbox 825 2406 1011 2460; x_wconf 85' lang='grc' dir='ltr'>ἐκεῖνα</span> <span class='ocrx_word' id='word_1_185' title='bbox 1041 2404 1097 2457; x_wconf 78' lang='grc' dir='ltr'>δὲ</span> <span class='ocrx_word' id='word_1_186' title='bbox 1120 2403 1218 2473; x_wconf 81' lang='grc' dir='ltr'>τὴν</span> <span class='ocrx_word' id='word_1_187' title='bbox 1238 2405 1532 2475; x_wconf 82' lang='grc' dir='ltr'>ἐπιθυμίαν</span> <span class='ocrx_word' id='word_1_188' title='bbox 1559 2403 1814 2475; x_wconf 88' lang='grc' dir='ltr'>μετάγεις</span> <span class='ocrx_word' id='word_1_189' title='bbox 1844 2403 1914 2457; x_wconf 80' lang='grc' dir='ltr'>τὰ</span> 
     </span>
    </p>
   </div>
   <div class='ocr_carea' id='block_1_25' title="bbox 229 2491 1913 2563">
    <p class='ocr_par' dir='ltr' id='par_1_25' title="bbox 229 2491 1913 2563">
     <span class='ocr_line' id='line_1_25' title="bbox 229 2491 1913 2563; baseline -0.001 -15"><span class='ocrx_word' id='word_1_190' title='bbox 229 2493 632 2557; x_wconf 83' lang='grc' dir='ltr'>διαιωνίζοντα,</span> <span class='ocrx_word' id='word_1_191' title='bbox 659 2492 730 2546; x_wconf 86' lang='grc' dir='ltr'>τά</span> <span class='ocrx_word' id='word_1_192' title='bbox 751 2492 1006 2562; x_wconf 62' lang='grc' dir='ltr'>ἀιόνητα,</span> <span class='ocrx_word' id='word_1_193' title='bbox 1037 2491 1106 2544; x_wconf 86' lang='grc' dir='ltr'>τά</span> <span class='ocrx_word' id='word_1_194' title='bbox 1144 2491 1356 2562; x_wconf 84' lang='grc' dir='ltr'>βέϐαια,</span> <span class='ocrx_word' id='word_1_195' title='bbox 1389 2493 1458 2547; x_wconf 82' lang='grc' dir='ltr'>τὰ</span> <span class='ocrx_word' id='word_1_196' title='bbox 1487 2491 1792 2563; x_wconf 76' lang='grc' dir='ltr'>μεταϐολήν</span> <span class='ocrx_word' id='word_1_197' title='bbox 1811 2493 1913 2546; x_wconf 88' lang='grc' dir='ltr'>οὐκ</span> 
     </span>
    </p>
   </div>
   <div class='ocr_carea' id='block_1_26' title="bbox 231 2581 628 2650">
    <p class='ocr_par' dir='ltr' id='par_1_26' title="bbox 231 2581 628 2650">
     <span class='ocr_line' id='line_1_26' title="bbox 231 2581 628 2650; baseline -0.005 -15"><span class='ocrx_word' id='word_1_198' title='bbox 231 2581 628 2650; x_wconf 66' lang='grc' dir='ltr'>ἐπιδεχόμενας</span> 
     </span>
    </p>
   </div>
   <div class='ocr_carea' id='block_1_27' title="bbox 305 2657 1908 2731">
    <p class='ocr_par' dir='ltr' id='par_1_27' title="bbox 305 2657 1908 2731">
     <span class='ocr_line' id='line_1_27' title="bbox 305 2657 1908 2731; baseline 0.001 -18"><span class='ocrx_word' id='word_1_199' title='bbox 305 2661 503 2731; x_wconf 77' lang='grc' dir='ltr'>η’.”ινιι</span> <span class='ocrx_word' id='word_1_200' title='bbox 515 2660 624 2731; x_wconf 79' lang='grc' dir='ltr'>γὰρ</span> <span class='ocrx_word' id='word_1_201' title='bbox 644 2659 821 2730; x_wconf 79' lang='grc' dir='ltr'>μάθῃς</span> <span class='ocrx_word' id='word_1_202' title='bbox 834 2659 932 2730; x_wconf 78' lang='grc' dir='ltr'>τὴν</span> <span class='ocrx_word' id='word_1_203' title='bbox 951 2661 1164 2712; x_wconf 86' lang='grc' dir='ltr'>σύνεσιν</span> <span class='ocrx_word' id='word_1_204' title='bbox 1178 2657 1270 2711; x_wconf 85' lang='grc' dir='ltr'>τοῦ</span> <span class='ocrx_word' id='word_1_205' title='bbox 1287 2658 1604 2714; x_wconf 79' lang='grc' dir='ltr'>διδασκάλου</span> <span class='ocrx_word' id='word_1_206' title='bbox 1619 2660 1720 2730; x_wconf 82' lang='grc' dir='ltr'>τῆς</span> <span class='ocrx_word' id='word_1_207' title='bbox 1735 2662 1908 2714; x_wconf 82' lang='grc' dir='ltr'>οίκου-</span> 
     </span>
    </p>
   </div>
   <div class='ocr_carea' id='block_1_28' title="bbox 235 2744 1910 2818">
    <p class='ocr_par' dir='ltr' id='par_1_28' title="bbox 235 2744 1910 2818">
     <span class='ocr_line' id='line_1_28' title="bbox 235 2744 1910 2818; baseline 0.002 -19"><span class='ocrx_word' id='word_1_208' title='bbox 235 2746 428 2818; x_wconf 81' lang='grc' dir='ltr'>μένης,</span> <span class='ocrx_word' id='word_1_209' title='bbox 450 2747 556 2817; x_wconf 80' lang='grc' dir='ltr'>ὅρα</span> <span class='ocrx_word' id='word_1_210' title='bbox 590 2746 752 2798; x_wconf 85' lang='grc' dir='ltr'>αὐτὸν</span> <span class='ocrx_word' id='word_1_211' title='bbox 773 2746 1007 2816; x_wconf 86' lang='grc' dir='ltr'>ἀλλαχοῦ</span> <span class='ocrx_word' id='word_1_212' title='bbox 1030 2745 1191 2800; x_wconf 86' lang='grc' dir='ltr'>πάλιν</span> <span class='ocrx_word' id='word_1_213' title='bbox 1231 2744 1554 2815; x_wconf 89' lang='grc' dir='ltr'>βουλόμενον</span> <span class='ocrx_word' id='word_1_214' title='bbox 1579 2746 1747 2814; x_wconf 82' lang='grc' dir='ltr'>δεῖξαι</span> <span class='ocrx_word' id='word_1_215' title='bbox 1772 2747 1910 2801; x_wconf 83' lang='grc' dir='ltr'>πάν-</span> 
     </span>
    </p>
   </div>
   <div class='ocr_carea' id='block_1_29' title="bbox 229 2828 1911 2904">
    <p class='ocr_par' dir='ltr' id='par_1_29' title="bbox 229 2828 1911 2904">
     <span class='ocr_line' id='line_1_29' title="bbox 229 2828 1911 2904; baseline 0.001 -20"><span class='ocrx_word' id='word_1_216' title='bbox 229 2847 342 2884; x_wconf 82' lang='grc' dir='ltr'>των</span> <span class='ocrx_word' id='word_1_217' title='bbox 359 2830 471 2883; x_wconf 90' lang='grc' dir='ltr'>τῶν</span> <span class='ocrx_word' id='word_1_218' title='bbox 502 2831 562 2883; x_wconf 85' lang='grc' dir='ltr'>ἐν</span> <span class='ocrx_word' id='word_1_219' title='bbox 592 2828 671 2900; x_wconf 78' lang='grc' dir='ltr'>τῷ</span> <span class='ocrx_word' id='word_1_220' title='bbox 706 2830 935 2900; x_wconf 82' lang='grc' dir='ltr'>παρόντι</span> <span class='ocrx_word' id='word_1_221' title='bbox 968 2830 1068 2900; x_wconf 86' lang='grc' dir='ltr'>βίῳ</span> <span class='ocrx_word' id='word_1_222' title='bbox 1101 2829 1344 2900; x_wconf 85' lang='grc' dir='ltr'>φαιδρῶν</span> <span class='ocrx_word' id='word_1_223' title='bbox 1370 2830 1432 2882; x_wconf 86' lang='grc' dir='ltr'>τὸ</span> <span class='ocrx_word' id='word_1_224' title='bbox 1463 2830 1770 2899; x_wconf 80' lang='grc' dir='ltr'>οὐδαμινὸν,</span> <span class='ocrx_word' id='word_1_225' title='bbox 1823 2832 1911 2904; x_wconf 84' lang='grc' dir='ltr'>οῖᾳ</span> 
     </span>
    </p>
   </div>
   <div class='ocr_carea' id='block_1_30' title="bbox 231 2914 1909 2988">
    <p class='ocr_par' dir='ltr' id='par_1_30' title="bbox 231 2914 1909 2988">
     <span class='ocr_line' id='line_1_30' title="bbox 231 2914 1909 2988; baseline 0.002 -19"><span class='ocrx_word' id='word_1_226' title='bbox 231 2914 376 2982; x_wconf 77' lang='grc' dir='ltr'>λέξει</span> <span class='ocrx_word' id='word_1_227' title='bbox 403 2917 671 2987; x_wconf 70' lang='grc' dir='ltr'>ἐχρήσατο</span> <span class='ocrx_word' id='word_1_228' title='bbox 701 2914 892 2968; x_wconf 73' lang='grc' dir='ltr'>εἰπών’</span> <span class='ocrx_word' id='word_1_229' title='bbox 929 2920 1006 2971; x_wconf 81' lang='grc' dir='ltr'>Τὰ</span> <span class='ocrx_word' id='word_1_230' title='bbox 1047 2920 1159 2988; x_wconf 83' lang='grc' dir='ltr'>τάρ</span> <span class='ocrx_word' id='word_1_231' title='bbox 1181 2917 1532 2986; x_wconf 72' lang='grc' dir='ltr'>βλεπόμενα</span> <span class='ocrx_word' id='word_1_232' title='bbox 1564 2917 1668 2970; x_wconf 76' lang='grc' dir='ltr'>κᾶν</span> <span class='ocrx_word' id='word_1_233' title='bbox 1689 2917 1786 2988; x_wconf 80' lang='grc' dir='ltr'>τὴν</span> <span class='ocrx_word' id='word_1_234' title='bbox 1815 2918 1909 2972; x_wconf 79' lang='grc' dir='ltr'>τοῦ</span> 
     </span>
    </p>
   </div>
   <div class='ocr_carea' id='block_1_31' title="bbox 233 2999 1910 3076">
    <p class='ocr_par' dir='ltr' id='par_1_31' title="bbox 233 2999 1910 3076">
     <span class='ocr_line' id='line_1_31' title="bbox 233 2999 1910 3076; baseline 0.002 -22"><span class='ocrx_word' id='word_1_235' title='bbox 233 3000 467 3054; x_wconf 87' lang='grc' dir='ltr'>πλούτου</span> <span class='ocrx_word' id='word_1_236' title='bbox 490 3001 806 3072; x_wconf 79' lang='grc' dir='ltr'>περιουσίαν</span> <span class='ocrx_word' id='word_1_237' title='bbox 829 3000 1012 3072; x_wconf 73' lang='grc' dir='ltr'>εἴπῃς,</span> <span class='ocrx_word' id='word_1_238' title='bbox 1038 3001 1142 3055; x_wconf 82' lang='grc' dir='ltr'>κᾶν</span> <span class='ocrx_word' id='word_1_239' title='bbox 1160 3001 1260 3070; x_wconf 81' lang='grc' dir='ltr'>τὴν</span> <span class='ocrx_word' id='word_1_240' title='bbox 1287 2999 1464 3066; x_wconf 80' lang='grc' dir='ltr'>δόξαν,</span> <span class='ocrx_word' id='word_1_241' title='bbox 1493 3002 1594 3054; x_wconf 74' lang='grc' dir='ltr'>κᾶν</span> <span class='ocrx_word' id='word_1_242' title='bbox 1630 3004 1730 3074; x_wconf 77' lang='grc' dir='ltr'>τὴν</span> <span class='ocrx_word' id='word_1_243' title='bbox 1756 3021 1910 3076; x_wconf 74' lang='grc' dir='ltr'>περι⁴</span> 
     </span>
    </p>
   </div>
   <div class='ocr_carea' id='block_1_32' title="bbox 231 3087 1910 3162">
    <p class='ocr_par' dir='ltr' id='par_1_32' title="bbox 231 3087 1910 3162">
     <span class='ocr_line' id='line_1_32' title="bbox 231 3087 1910 3162; baseline 0.002 -20"><span class='ocrx_word' id='word_1_244' title='bbox 231 3088 593 3156; x_wconf 73' lang='grc' dir='ltr'>φάνειαν,καὶ</span> <span class='ocrx_word' id='word_1_245' title='bbox 613 3087 711 3157; x_wconf 82' lang='grc' dir='ltr'>τὴν</span> <span class='ocrx_word' id='word_1_246' title='bbox 741 3087 938 3158; x_wconf 80' lang='grc' dir='ltr'>ἀρχὴν.</span> <span class='ocrx_word' id='word_1_247' title='bbox 975 3089 1069 3140; x_wconf 79' lang='grc' dir='ltr'>καὶ</span> <span class='ocrx_word' id='word_1_248' title='bbox 1091 3090 1190 3156; x_wconf 83' lang='grc' dir='ltr'>τὴν</span> <span class='ocrx_word' id='word_1_249' title='bbox 1226 3088 1564 3149; x_wconf 80' lang='grc' dir='ltr'>δυναστείαν,</span> <span class='ocrx_word' id='word_1_250' title='bbox 1609 3091 1713 3144; x_wconf 80' lang='grc' dir='ltr'>κᾶν</span> <span class='ocrx_word' id='word_1_251' title='bbox 1740 3093 1910 3162; x_wconf 81' lang='grc' dir='ltr'>αὐτὴν</span> 
     </span>
    </p>
   </div>
   <div class='ocr_carea' id='block_1_33' title="bbox 229 3171 1910 3243">
    <p class='ocr_par' dir='ltr' id='par_1_33' title="bbox 229 3171 1910 3243">
     <span class='ocr_line' id='line_1_33' title="bbox 229 3171 1910 3243; baseline 0.004 -20"><span class='ocrx_word' id='word_1_252' title='bbox 229 3172 330 3243; x_wconf 78' lang='grc' dir='ltr'>τὴν</span> <span class='ocrx_word' id='word_1_253' title='bbox 347 3171 642 3241; x_wconf 83' lang='grc' dir='ltr'>βασιλείαν.</span> <span class='ocrx_word' id='word_1_254' title='bbox 662 3172 866 3236; x_wconf 75' lang='grc' dir='ltr'>καὶτὸν</span> <span class='ocrx_word' id='word_1_255' title='bbox 889 3171 950 3225; x_wconf 75' lang='grc' dir='ltr'>τὸ</span> <span class='ocrx_word' id='word_1_256' title='bbox 976 3171 1212 3242; x_wconf 84' lang='grc' dir='ltr'>διάδημα</span> <span class='ocrx_word' id='word_1_257' title='bbox 1251 3173 1664 3243; x_wconf 79' lang='grc' dir='ltr'>περικείμενον,</span> <span class='ocrx_word' id='word_1_258' title='bbox 1704 3176 1910 3229; x_wconf 77' lang='grc' dir='ltr'>καὶτὸν</span> 
     </span>
    </p>
   </div>
   <div class='ocr_carea' id='block_1_34' title="bbox 231 3257 1906 3331">
    <p class='ocr_par' dir='ltr' id='par_1_34' title="bbox 231 3257 1906 3331">
     <span class='ocr_line' id='line_1_34' title="bbox 231 3257 1906 3331; baseline 0.001 -19"><span class='ocrx_word' id='word_1_259' title='bbox 231 3258 421 3331; x_wconf 84' lang='grc' dir='ltr'>θρόνον</span> <span class='ocrx_word' id='word_1_260' title='bbox 449 3257 539 3310; x_wconf 84' lang='grc' dir='ltr'>τὸν</span> <span class='ocrx_word' id='word_1_261' title='bbox 554 3257 1018 3320; x_wconf 87' lang='grc' dir='ltr'>ἀνωτάτω,πάντα</span> <span class='ocrx_word' id='word_1_262' title='bbox 1041 3257 1214 3311; x_wconf 88' lang='grc' dir='ltr'>ταῦτα</span> <span class='ocrx_word' id='word_1_263' title='bbox 1250 3257 1322 3311; x_wconf 84' lang='grc' dir='ltr'>τὰ</span> <span class='ocrx_word' id='word_1_264' title='bbox 1342 3259 1693 3327; x_wconf 73' lang='grc' dir='ltr'>βλεπόμενα</span> <span class='ocrx_word' id='word_1_265' title='bbox 1719 3263 1906 3327; x_wconf 79' lang='grc' dir='ltr'>πρόσ-</span> 
     </span>
    </p>
   </div>
   <div class='ocr_carea' id='block_1_35' title="bbox 230 3341 1899 3417">
    <p class='ocr_par' dir='ltr' id='par_1_35' title="bbox 230 3341 1899 3417">
     <span class='ocr_line' id='line_1_35' title="bbox 230 3341 1899 3417; baseline 0.001 -19"><span class='ocrx_word' id='word_1_266' title='bbox 230 3359 429 3417; x_wconf 75' lang='grc' dir='ltr'>καιρα,</span> <span class='ocrx_word' id='word_1_267' title='bbox 492 3345 550 3394; x_wconf 81' lang='grc' dir='ltr'>ἐν</span> <span class='ocrx_word' id='word_1_268' title='bbox 583 3341 777 3412; x_wconf 85' lang='grc' dir='ltr'>βραχεῖ</span> <span class='ocrx_word' id='word_1_269' title='bbox 801 3342 979 3413; x_wconf 86' lang='grc' dir='ltr'>χρόνῳ</span> <span class='ocrx_word' id='word_1_270' title='bbox 1009 3342 1108 3413; x_wconf 80' lang='grc' dir='ltr'>τὴν</span> <span class='ocrx_word' id='word_1_271' title='bbox 1152 3343 1412 3414; x_wconf 80' lang='grc' dir='ltr'>διαμονὴν</span> <span class='ocrx_word' id='word_1_272' title='bbox 1459 3345 1899 3416; x_wconf 87' lang='grc' dir='ltr'>ἐπιδεικνύμενα,</span> 
     </span>
    </p>
   </div>
   <div class='ocr_carea' id='block_1_36' title="bbox 229 3428 1912 3501">
    <p class='ocr_par' dir='ltr' id='par_1_36' title="bbox 229 3428 1912 3501">
     <span class='ocr_line' id='line_1_36' title="bbox 229 3428 1912 3501; baseline 0.001 -17"><span class='ocrx_word' id='word_1_273' title='bbox 229 3432 295 3484; x_wconf 88' lang='grc' dir='ltr'>οὐ</span> <span class='ocrx_word' id='word_1_274' title='bbox 317 3429 479 3500; x_wconf 76' lang='grc' dir='ltr'>μέχρι</span> <span class='ocrx_word' id='word_1_275' title='bbox 502 3428 697 3482; x_wconf 87' lang='grc' dir='ltr'>πολλοῦ</span> <span class='ocrx_word' id='word_1_276' title='bbox 723 3429 821 3498; x_wconf 78' lang='grc' dir='ltr'>τὴν</span> <span class='ocrx_word' id='word_1_277' title='bbox 849 3428 1150 3482; x_wconf 79' lang='grc' dir='ltr'>ἀπόλαυσιν</span> <span class='ocrx_word' id='word_1_278' title='bbox 1178 3431 1308 3500; x_wconf 85' lang='grc' dir='ltr'>ἡμῖν</span> <span class='ocrx_word' id='word_1_279' title='bbox 1340 3431 1740 3501; x_wconf 83' lang='grc' dir='ltr'>ἐμπαρέχοντα.</span> <span class='ocrx_word' id='word_1_280' title='bbox 1778 3433 1912 3486; x_wconf 86' lang='grc' dir='ltr'>Τίνα</span> 
     </span>
    </p>
   </div>
   <div class='ocr_carea' id='block_1_37' title="bbox 230 3512 1910 3588">
    <p class='ocr_par' dir='ltr' id='par_1_37' title="bbox 230 3512 1910 3588">
     <span class='ocr_line' id='line_1_37' title="bbox 230 3512 1910 3588; baseline 0.001 -18"><span class='ocrx_word' id='word_1_281' title='bbox 230 3512 327 3571; x_wconf 81' lang='grc' dir='ltr'>οὖν</span> <span class='ocrx_word' id='word_1_282' title='bbox 351 3514 498 3588; x_wconf 71' lang='grc'>[561]</span> <span class='ocrx_word' id='word_1_283' title='bbox 527 3516 675 3586; x_wconf 78' lang='grc' dir='ltr'>ἡμᾶς</span> <span class='ocrx_word' id='word_1_284' title='bbox 706 3512 883 3585; x_wconf 85' lang='grc' dir='ltr'>βούλει</span> <span class='ocrx_word' id='word_1_285' title='bbox 913 3515 1211 3584; x_wconf 73' lang='grc' dir='ltr'>ἐπιζητεῖν,</span> <span class='ocrx_word' id='word_1_286' title='bbox 1246 3516 1296 3568; x_wconf 89' lang='grc' dir='ltr'>εί</span> <span class='ocrx_word' id='word_1_287' title='bbox 1319 3516 1494 3568; x_wconf 86' lang='grc' dir='ltr'>πάντα</span> <span class='ocrx_word' id='word_1_288' title='bbox 1518 3517 1772 3571; x_wconf 88' lang='grc' dir='ltr'>ταῦτατά</span> <span class='ocrx_word' id='word_1_289' title='bbox 1792 3518 1910 3588; x_wconf 88' lang='grc' dir='ltr'>βλε-</span> 
     </span>
    </p>
   </div>
   <div class='ocr_carea' id='block_1_38' title="bbox 232 3600 1911 3675">
    <p class='ocr_par' dir='ltr' id='par_1_38' title="bbox 232 3600 1911 3675">
     <span class='ocr_line' id='line_1_38' title="bbox 232 3600 1911 3675; baseline 0.001 -20"><span class='ocrx_word' id='word_1_290' title='bbox 232 3602 446 3672; x_wconf 82' lang='grc' dir='ltr'>πόμενα</span> <span class='ocrx_word' id='word_1_291' title='bbox 477 3601 788 3670; x_wconf 85' lang='grc' dir='ltr'>πρόσκαιρα</span> <span class='ocrx_word' id='word_1_292' title='bbox 819 3600 1111 3670; x_wconf 85' lang='grc' dir='ltr'>τυγχάνει;</span> <span class='ocrx_word' id='word_1_293' title='bbox 1161 3601 1392 3665; x_wconf 80' lang='grc' dir='ltr'>Ἐκεῖνα,</span> <span class='ocrx_word' id='word_1_294' title='bbox 1412 3603 1567 3670; x_wconf 74' lang='grc' dir='ltr'>φησὶ,</span> <span class='ocrx_word' id='word_1_295' title='bbox 1591 3602 1660 3655; x_wconf 78' lang='grc' dir='ltr'>τὰ</span> <span class='ocrx_word' id='word_1_296' title='bbox 1695 3604 1770 3675; x_wconf 80' lang='grc' dir='ltr'>μὴ</span> <span class='ocrx_word' id='word_1_297' title='bbox 1791 3603 1911 3674; x_wconf 85' lang='grc' dir='ltr'>βλε-</span> 
     </span>
    </p>
   </div>
   <div class='ocr_carea' id='block_1_39' title="bbox 231 3685 1908 3760">
    <p class='ocr_par' dir='ltr' id='par_1_39' title="bbox 231 3685 1908 3760">
     <span class='ocr_line' id='line_1_39' title="bbox 231 3685 1908 3760; baseline 0.001 -19"><span class='ocrx_word' id='word_1_298' title='bbox 231 3688 468 3758; x_wconf 76' lang='grc' dir='ltr'>πόμενα,</span> <span class='ocrx_word' id='word_1_299' title='bbox 501 3686 578 3759; x_wconf 80' lang='grc' dir='ltr'>μὴ</span> <span class='ocrx_word' id='word_1_300' title='bbox 600 3685 773 3740; x_wconf 88' lang='grc' dir='ltr'>ταῦτα</span> <span class='ocrx_word' id='word_1_301' title='bbox 792 3686 860 3739; x_wconf 88' lang='grc' dir='ltr'>τά</span> <span class='ocrx_word' id='word_1_302' title='bbox 887 3685 1211 3757; x_wconf 83' lang='grc' dir='ltr'>βλεπόμενα,</span> <span class='ocrx_word' id='word_1_303' title='bbox 1240 3687 1358 3740; x_wconf 83' lang='grc' dir='ltr'>ἀλλ’</span> <span class='ocrx_word' id='word_1_304' title='bbox 1388 3689 1571 3741; x_wconf 87' lang='grc' dir='ltr'>ἐκεῖνα</span> <span class='ocrx_word' id='word_1_305' title='bbox 1605 3688 1748 3760; x_wconf 81' lang='grc' dir='ltr'>ἀπερ</span> <span class='ocrx_word' id='word_1_306' title='bbox 1779 3690 1908 3743; x_wconf 85' lang='grc' dir='ltr'>τού-</span> 
     </span>
    </p>
   </div>
   <div class='ocr_carea' id='block_1_40' title="bbox 231 3771 1906 3846">
    <p class='ocr_par' dir='ltr' id='par_1_40' title="bbox 231 3771 1906 3846">
     <span class='ocr_line' id='line_1_40' title="bbox 231 3771 1906 3846; baseline 0.003 -21"><span class='ocrx_word' id='word_1_307' title='bbox 231 3790 345 3836; x_wconf 82' lang='grc' dir='ltr'>τοις</span> <span class='ocrx_word' id='word_1_308' title='bbox 364 3775 476 3834; x_wconf 87' lang='grc' dir='ltr'>τοῖς</span> <span class='ocrx_word' id='word_1_309' title='bbox 493 3771 788 3842; x_wconf 79' lang='grc' dir='ltr'>ὀφθαλμοῖς</span> <span class='ocrx_word' id='word_1_310' title='bbox 819 3774 933 3834; x_wconf 88' lang='grc' dir='ltr'>τοῖς</span> <span class='ocrx_word' id='word_1_311' title='bbox 967 3776 1297 3842; x_wconf 83' lang='grc' dir='ltr'>σωματικοῖς</span> <span class='ocrx_word' id='word_1_312' title='bbox 1325 3775 1423 3844; x_wconf 89' lang='grc' dir='ltr'>οὐχ</span> <span class='ocrx_word' id='word_1_313' title='bbox 1446 3777 1660 3846; x_wconf 81' lang='grc' dir='ltr'>ὁρᾶται.</span> <span class='ocrx_word' id='word_1_314' title='bbox 1687 3777 1796 3830; x_wconf 76' lang='grc' dir='ltr'>Καὶ</span> <span class='ocrx_word' id='word_1_315' title='bbox 1825 3779 1906 3841; x_wconf 84' lang='grc' dir='ltr'>τίς</span> 
     </span>
    </p>
   </div>
   <div class='ocr_carea' id='block_1_41' title="bbox 232 3857 1911 3932">
    <p class='ocr_par' dir='ltr' id='par_1_41' title="bbox 232 3857 1911 3932">
     <span class='ocr_line' id='line_1_41' title="bbox 232 3857 1911 3932; baseline 0.002 -19"><span class='ocrx_word' id='word_1_316' title='bbox 232 3859 322 3919; x_wconf 74' lang='grc' dir='ltr'>ἂν,</span> <span class='ocrx_word' id='word_1_317' title='bbox 349 3857 504 3928; x_wconf 77' lang='grc' dir='ltr'>φησὶ,</span> <span class='ocrx_word' id='word_1_318' title='bbox 538 3857 697 3910; x_wconf 90' lang='grc' dir='ltr'>τοῦτο</span> <span class='ocrx_word' id='word_1_319' title='bbox 730 3857 1207 3928; x_wconf 86' lang='grc' dir='ltr'>συμϐουλεύσειεν,</span> <span class='ocrx_word' id='word_1_320' title='bbox 1261 3859 1402 3912; x_wconf 84' lang='grc' dir='ltr'>ὥστε</span> <span class='ocrx_word' id='word_1_321' title='bbox 1430 3861 1498 3914; x_wconf 85' lang='grc' dir='ltr'>τά</span> <span class='ocrx_word' id='word_1_322' title='bbox 1525 3860 1777 3932; x_wconf 80' lang='grc' dir='ltr'>ὁρώμενα</span> <span class='ocrx_word' id='word_1_323' title='bbox 1802 3881 1911 3917; x_wconf 79' lang='grc' dir='ltr'>πα-</span> 
     </span>
    </p>
   </div>
   <div class='ocr_carea' id='block_1_42' title="bbox 235 3944 1905 4020">
    <p class='ocr_par' dir='ltr' id='par_1_42' title="bbox 235 3944 1905 4020">
     <span class='ocr_line' id='line_1_42' title="bbox 235 3944 1905 4020; baseline 0.004 -24"><span class='ocrx_word' id='word_1_324' title='bbox 235 3944 543 4016; x_wconf 85' lang='grc' dir='ltr'>ρατρέχειν,</span> <span class='ocrx_word' id='word_1_325' title='bbox 577 3944 670 3998; x_wconf 72' lang='grc' dir='ltr'>καὶ</span> <span class='ocrx_word' id='word_1_326' title='bbox 703 3944 771 3996; x_wconf 77' lang='grc' dir='ltr'>τά</span> <span class='ocrx_word' id='word_1_327' title='bbox 802 3945 875 4015; x_wconf 80' lang='grc' dir='ltr'>μὴ</span> <span class='ocrx_word' id='word_1_328' title='bbox 896 3944 1150 4015; x_wconf 79' lang='grc' dir='ltr'>δρώμενα</span> <span class='ocrx_word' id='word_1_329' title='bbox 1185 3947 1498 4016; x_wconf 81' lang='grc' dir='ltr'>ἐπιζητεῖν;</span> <span class='ocrx_word' id='word_1_330' title='bbox 1553 3947 1721 4019; x_wconf 84' lang='grc' dir='ltr'>Αὐτὴ,</span> <span class='ocrx_word' id='word_1_331' title='bbox 1753 3953 1905 4020; x_wconf 80' lang='grc' dir='ltr'>φησὶ,</span> 
     </span>
    </p>
   </div>
   <div class='ocr_carea' id='block_1_43' title="bbox 229 4028 1906 4107">
    <p class='ocr_par' dir='ltr' id='par_1_43' title="bbox 229 4028 1906 4107">
     <span class='ocr_line' id='line_1_43' title="bbox 229 4028 1906 4107; baseline 0.003 -22"><span class='ocrx_word' id='word_1_332' title='bbox 229 4031 528 4086; x_wconf 71' lang='grc' dir='ltr'>διδασκέτω</span> <span class='ocrx_word' id='word_1_333' title='bbox 548 4031 691 4100; x_wconf 75' lang='grc' dir='ltr'>ὑμᾶς</span> <span class='ocrx_word' id='word_1_334' title='bbox 725 4028 832 4083; x_wconf 90' lang='grc' dir='ltr'>τῶν</span> <span class='ocrx_word' id='word_1_335' title='bbox 858 4032 1196 4102; x_wconf 76' lang='grc' dir='ltr'>πραγμάτων</span> <span class='ocrx_word' id='word_1_336' title='bbox 1219 4035 1251 4102; x_wconf 89' lang='grc' dir='ltr'>ἡ</span> <span class='ocrx_word' id='word_1_337' title='bbox 1283 4033 1463 4101; x_wconf 85' lang='grc' dir='ltr'>φύσις,</span> <span class='ocrx_word' id='word_1_338' title='bbox 1494 4035 1575 4086; x_wconf 85' lang='grc' dir='ltr'>ὅτι</span> <span class='ocrx_word' id='word_1_339' title='bbox 1595 4034 1766 4089; x_wconf 88' lang='grc' dir='ltr'>ταῦτα</span> <span class='ocrx_word' id='word_1_340' title='bbox 1789 4039 1906 4107; x_wconf 80' lang='grc' dir='ltr'>μὲν,</span> 
     </span>
    </p>
   </div>
   <div class='ocr_carea' id='block_1_44' title="bbox 230 4117 1908 4189">
    <p class='ocr_par' dir='ltr' id='par_1_44' title="bbox 230 4117 1908 4189">
     <span class='ocr_line' id='line_1_44' title="bbox 230 4117 1908 4189; baseline 0.005 -19"><span class='ocrx_word' id='word_1_341' title='bbox 230 4120 279 4172; x_wconf 82' lang='grc' dir='ltr'>εί</span> <span class='ocrx_word' id='word_1_342' title='bbox 315 4120 408 4170; x_wconf 74' lang='grc' dir='ltr'>καὶ</span> <span class='ocrx_word' id='word_1_343' title='bbox 432 4119 624 4188; x_wconf 80' lang='grc' dir='ltr'>ὁρᾶται</span> <span class='ocrx_word' id='word_1_344' title='bbox 646 4159 661 4180; x_wconf 86' lang='grc'>,</span> <span class='ocrx_word' id='word_1_345' title='bbox 691 4117 828 4170; x_wconf 86' lang='grc' dir='ltr'>ἀλλά</span> <span class='ocrx_word' id='word_1_346' title='bbox 855 4120 1065 4188; x_wconf 88' lang='grc' dir='ltr'>ταχέως</span> <span class='ocrx_word' id='word_1_347' title='bbox 1095 4122 1390 4189; x_wconf 76' lang='grc' dir='ltr'>παραρρεῖ·</span> <span class='ocrx_word' id='word_1_348' title='bbox 1420 4121 1602 4173; x_wconf 84' lang='grc' dir='ltr'>ἐκεῖνα</span> <span class='ocrx_word' id='word_1_349' title='bbox 1629 4121 1708 4185; x_wconf 85' lang='grc' dir='ltr'>δὲ,</span> <span class='ocrx_word' id='word_1_350' title='bbox 1737 4125 1786 4175; x_wconf 87' lang='grc' dir='ltr'>εί</span> <span class='ocrx_word' id='word_1_351' title='bbox 1816 4127 1908 4178; x_wconf 73' lang='grc' dir='ltr'>καὶ</span> 
     </span>
    </p>
   </div>
   <div class='ocr_carea' id='block_1_45' title="bbox 233 4202 1908 4282">
    <p class='ocr_par' dir='ltr' id='par_1_45' title="bbox 233 4202 1908 4282">
     <span class='ocr_line' id='line_1_45' title="bbox 233 4202 1908 4282; baseline 0.005 -26"><span class='ocrx_word' id='word_1_352' title='bbox 233 4203 312 4275; x_wconf 79' lang='grc' dir='ltr'>μὴ</span> <span class='ocrx_word' id='word_1_353' title='bbox 336 4202 430 4258; x_wconf 90' lang='grc' dir='ltr'>νῦν</span> <span class='ocrx_word' id='word_1_354' title='bbox 455 4205 588 4274; x_wconf 76' lang='grc' dir='ltr'>όρᾷν</span> <span class='ocrx_word' id='word_1_355' title='bbox 624 4205 921 4276; x_wconf 86' lang='grc' dir='ltr'>δυνάμεθα,</span> <span class='ocrx_word' id='word_1_356' title='bbox 960 4204 1074 4257; x_wconf 88' lang='grc' dir='ltr'>ἀλλ’</span> <span class='ocrx_word' id='word_1_357' title='bbox 1125 4205 1318 4259; x_wconf 86' lang='grc' dir='ltr'>αίώνια</span> <span class='ocrx_word' id='word_1_358' title='bbox 1346 4207 1636 4277; x_wconf 73' lang='grc' dir='ltr'>τυγχάνει,</span> <span class='ocrx_word' id='word_1_359' title='bbox 1666 4212 1760 4263; x_wconf 70' lang='grc' dir='ltr'>καὶ</span> <span class='ocrx_word' id='word_1_360' title='bbox 1790 4212 1908 4282; x_wconf 86' lang='grc' dir='ltr'>διη-</span> 
     </span>
    </p>
   </div>
   <div class='ocr_carea' id='block_1_46' title="bbox 229 4289 1908 4362">
    <p class='ocr_par' dir='ltr' id='par_1_46' title="bbox 229 4289 1908 4362">
     <span class='ocr_line' id='line_1_46' title="bbox 229 4289 1908 4362; baseline 0.007 -20"><span class='ocrx_word' id='word_1_361' title='bbox 229 4289 367 4358; x_wconf 81' lang='grc' dir='ltr'>νεκῆ</span> <span class='ocrx_word' id='word_1_362' title='bbox 392 4289 493 4360; x_wconf 80' lang='grc' dir='ltr'>τὴν</span> <span class='ocrx_word' id='word_1_363' title='bbox 527 4289 789 4362; x_wconf 79' lang='grc' dir='ltr'>διαμονὴν</span> <span class='ocrx_word' id='word_1_364' title='bbox 822 4289 957 4361; x_wconf 72' lang='grc' dir='ltr'>ἔχει,</span> <span class='ocrx_word' id='word_1_365' title='bbox 992 4291 1165 4361; x_wconf 83' lang='grc' dir='ltr'>πέρας</span> <span class='ocrx_word' id='word_1_366' title='bbox 1189 4292 1289 4346; x_wconf 90' lang='grc' dir='ltr'>οὐκ</span> <span class='ocrx_word' id='word_1_367' title='bbox 1305 4294 1610 4356; x_wconf 86' lang='grc' dir='ltr'>ἐπίσταται,</span> <span class='ocrx_word' id='word_1_368' title='bbox 1633 4298 1782 4362; x_wconf 85' lang='grc' dir='ltr'>τέλος</span> <span class='ocrx_word' id='word_1_369' title='bbox 1810 4300 1908 4354; x_wconf 90' lang='grc' dir='ltr'>οὐκ</span> 
     </span>
    </p>
   </div>
   <div class='ocr_carea' id='block_1_47' title="bbox 229 4374 1902 4455">
    <p class='ocr_par' dir='ltr' id='par_1_47' title="bbox 229 4374 1902 4455">
     <span class='ocr_line' id='line_1_47' title="bbox 229 4374 1902 4455; baseline 0.007 -28"><span class='ocrx_word' id='word_1_370' title='bbox 229 4374 559 4445; x_wconf 66' lang='grc' dir='ltr'>ἐπιδέχεται,</span> <span class='ocrx_word' id='word_1_371' title='bbox 582 4377 884 4448; x_wconf 73' lang='grc' dir='ltr'>μεταϐολὴν</span> <span class='ocrx_word' id='word_1_372' title='bbox 898 4379 998 4432; x_wconf 90' lang='grc' dir='ltr'>οὐκ</span> <span class='ocrx_word' id='word_1_373' title='bbox 1018 4376 1148 4441; x_wconf 80' lang='grc' dir='ltr'>οῐδε,</span> <span class='ocrx_word' id='word_1_374' title='bbox 1184 4381 1356 4447; x_wconf 86' lang='grc' dir='ltr'>πάγια</span> <span class='ocrx_word' id='word_1_375' title='bbox 1379 4382 1525 4451; x_wconf 87' lang='grc' dir='ltr'>μένει</span> <span class='ocrx_word' id='word_1_376' title='bbox 1544 4385 1636 4436; x_wconf 76' lang='grc' dir='ltr'>καὶ</span> <span class='ocrx_word' id='word_1_377' title='bbox 1654 4386 1902 4455; x_wconf 86' lang='grc' dir='ltr'>ἀκίνητα.</span> 
     </span>
    </p>
   </div>
   <div class='ocr_carea' id='block_1_48' title="bbox 230 4458 1907 4542">
    <p class='ocr_par' dir='ltr' id='par_1_48' title="bbox 230 4458 1907 4542">
     <span class='ocr_line' id='line_1_48' title="bbox 230 4458 1907 4542; baseline 0.008 -31"><span class='ocrx_word' id='word_1_378' title='bbox 230 4458 386 4530; x_wconf 84' lang='grc' dir='ltr'>τάχα</span> <span class='ocrx_word' id='word_1_379' title='bbox 413 4461 602 4515; x_wconf 77' lang='grc' dir='ltr'>λοιπὸν</span> <span class='ocrx_word' id='word_1_380' title='bbox 613 4463 957 4535; x_wconf 70' lang='grc' dir='ltr'>καὶέπαχθὴς</span> <span class='ocrx_word' id='word_1_381' title='bbox 981 4463 1118 4517; x_wconf 83' lang='grc' dir='ltr'>εἶναι</span> <span class='ocrx_word' id='word_1_382' title='bbox 1139 4467 1278 4519; x_wconf 89' lang='grc' dir='ltr'>δοκῶ</span> <span class='ocrx_word' id='word_1_383' title='bbox 1296 4467 1415 4520; x_wconf 86' lang='grc' dir='ltr'>καθ’</span> <span class='ocrx_word' id='word_1_384' title='bbox 1445 4470 1684 4540; x_wconf 80' lang='grc' dir='ltr'>ἑκάστην</span> <span class='ocrx_word' id='word_1_385' title='bbox 1699 4473 1907 4542; x_wconf 87' lang='grc' dir='ltr'>ἡμέραν</span> 
     </span>
    </p>
   </div>
   <div class='ocr_carea' id='block_1_49' title="bbox 231 4547 1905 4630">
    <p class='ocr_par' dir='ltr' id='par_1_49' title="bbox 231 4547 1905 4630">
     <span class='ocr_line' id='line_1_49' title="bbox 231 4547 1905 4630; baseline 0.008 -32"><span class='ocrx_word' id='word_1_386' title='bbox 231 4547 412 4618; x_wconf 87' lang='grc' dir='ltr'>μάτην</span> <span class='ocrx_word' id='word_1_387' title='bbox 441 4548 842 4618; x_wconf 88' lang='grc' dir='ltr'>συμϐουλεύων·</span> <span class='ocrx_word' id='word_1_388' title='bbox 863 4550 997 4604; x_wconf 84' lang='grc' dir='ltr'>ἀλλὰ</span> <span class='ocrx_word' id='word_1_389' title='bbox 1027 4551 1081 4604; x_wconf 86' lang='grc' dir='ltr'>τί</span> <span class='ocrx_word' id='word_1_390' title='bbox 1109 4552 1297 4618; x_wconf 87' lang='grc' dir='ltr'>πάθω;</span> <span class='ocrx_word' id='word_1_391' title='bbox 1333 4554 1504 4625; x_wconf 87' lang='grc' dir='ltr'>Πολλὴ</span> <span class='ocrx_word' id='word_1_392' title='bbox 1528 4554 1626 4620; x_wconf 81' lang='grc' dir='ltr'>τῆς</span> <span class='ocrx_word' id='word_1_393' title='bbox 1655 4557 1905 4630; x_wconf 82' lang='grc' dir='ltr'>κακίαςή</span> 
     </span>
    </p>
   </div>
   <div class='ocr_carea' id='block_1_50' title="bbox 227 4633 1906 4712">
    <p class='ocr_par' dir='ltr' id='par_1_50' title="bbox 227 4633 1906 4712">
     <span class='ocr_line' id='line_1_50' title="bbox 227 4633 1906 4712; baseline 0.008 -28"><span class='ocrx_word' id='word_1_394' title='bbox 227 4633 398 4702; x_wconf 86' lang='grc' dir='ltr'>λύμη,</span> <span class='ocrx_word' id='word_1_395' title='bbox 426 4633 594 4705; x_wconf 76' lang='grc' dir='ltr'>πολλὴ</span> <span class='ocrx_word' id='word_1_396' title='bbox 622 4633 731 4688; x_wconf 88' lang='grc' dir='ltr'>τῶν</span> <span class='ocrx_word' id='word_1_397' title='bbox 755 4639 1054 4708; x_wconf 85' lang='grc' dir='ltr'>χρημάτων</span> <span class='ocrx_word' id='word_1_398' title='bbox 1077 4641 1108 4707; x_wconf 86' lang='grc' dir='ltr'>ἡ</span> <span class='ocrx_word' id='word_1_399' title='bbox 1140 4641 1414 4709; x_wconf 77' lang='grc' dir='ltr'>τυραννὶς,</span> <span class='ocrx_word' id='word_1_400' title='bbox 1439 4641 1606 4712; x_wconf 81' lang='grc' dir='ltr'>πολλὴ</span> <span class='ocrx_word' id='word_1_401' title='bbox 1640 4645 1671 4711; x_wconf 91' lang='grc' dir='ltr'>ἡ</span> <span class='ocrx_word' id='word_1_402' title='bbox 1714 4645 1906 4709; x_wconf 82' lang='grc' dir='ltr'>σπάνις</span> 
     </span>
    </p>
   </div>
   <div class='ocr_carea' id='block_1_51' title="bbox 227 4719 1905 4798">
    <p class='ocr_par' dir='ltr' id='par_1_51' title="bbox 227 4719 1905 4798">
     <span class='ocr_line' id='line_1_51' title="bbox 227 4719 1905 4798; baseline 0.007 -29"><span class='ocrx_word' id='word_1_403' title='bbox 227 4719 328 4788; x_wconf 77' lang='grc' dir='ltr'>τῆς</span> <span class='ocrx_word' id='word_1_404' title='bbox 357 4719 578 4790; x_wconf 76' lang='grc' dir='ltr'>ἀρετῆς.</span> <span class='ocrx_word' id='word_1_405' title='bbox 602 4721 702 4773; x_wconf 86' lang='grc' dir='ltr'>Διά</span> <span class='ocrx_word' id='word_1_406' title='bbox 729 4720 887 4773; x_wconf 86' lang='grc' dir='ltr'>τοῦτο</span> <span class='ocrx_word' id='word_1_407' title='bbox 901 4721 1162 4792; x_wconf 85' lang='grc' dir='ltr'>βούλομαι</span> <span class='ocrx_word' id='word_1_408' title='bbox 1190 4725 1291 4776; x_wconf 72' lang='grc' dir='ltr'>κᾶν</span> <span class='ocrx_word' id='word_1_409' title='bbox 1313 4729 1376 4795; x_wconf 79' lang='grc' dir='ltr'>τῇ</span> <span class='ocrx_word' id='word_1_410' title='bbox 1408 4727 1657 4798; x_wconf 77' lang='grc' dir='ltr'>συνεχείᾳ</span> <span class='ocrx_word' id='word_1_411' title='bbox 1677 4727 1777 4797; x_wconf 81' lang='grc' dir='ltr'>τῆς</span> <span class='ocrx_word' id='word_1_412' title='bbox 1800 4746 1905 4780; x_wconf 85' lang='grc' dir='ltr'>πα-</span> 
     </span>
    </p>
   </div>
   <div class='ocr_carea' id='block_1_52' title="bbox 230 4806 1974 4884">
    <p class='ocr_par' dir='ltr' id='par_1_52' title="bbox 230 4806 1974 4884">
     <span class='ocr_line' id='line_1_52' title="bbox 230 4806 1974 4884; baseline 0.006 -27"><span class='ocrx_word' id='word_1_413' title='bbox 230 4806 524 4876; x_wconf 74' lang='grc' dir='ltr'>ραινέσεως</span> <span class='ocrx_word' id='word_1_414' title='bbox 578 4809 959 4876; x_wconf 83' lang='grc' dir='ltr'>περιγενέσθαι</span> <span class='ocrx_word' id='word_1_415' title='bbox 1000 4811 1100 4878; x_wconf 81' lang='grc' dir='ltr'>τῆς</span> <span class='ocrx_word' id='word_1_416' title='bbox 1141 4813 1316 4875; x_wconf 79' lang='grc' dir='ltr'>νόσου,</span> <span class='ocrx_word' id='word_1_417' title='bbox 1373 4815 1464 4865; x_wconf 73' lang='grc' dir='ltr'>καὶ</span> <span class='ocrx_word' id='word_1_418' title='bbox 1519 4815 1654 4884; x_wconf 77' lang='grc' dir='ltr'>πρὸς</span> <span class='ocrx_word' id='word_1_419' title='bbox 1696 4815 1907 4870; x_wconf 83' lang='grc' dir='ltr'>τελείαν</span> <span class='ocrx_word' id='word_1_420' title='bbox 1968 4829 1974 4837; x_wconf 85' lang='lat'><strong>‘</strong></span> 
     </span>
    </p>
   </div>
   <div class='ocr_carea' id='block_1_53' title="bbox 227 4893 1905 4970">
    <p class='ocr_par' dir='ltr' id='par_1_53' title="bbox 227 4893 1905 4970">
     <span class='ocr_line' id='line_1_53' title="bbox 227 4893 1905 4970; baseline 0.005 -24"><span class='ocrx_word' id='word_1_421' title='bbox 227 4893 440 4960; x_wconf 81' lang='grc' dir='ltr'>ὑγίειαν</span> <span class='ocrx_word' id='word_1_422' title='bbox 457 4895 684 4960; x_wconf 79' lang='grc' dir='ltr'>ἀγαγεῖν</span> <span class='ocrx_word' id='word_1_423' title='bbox 719 4895 846 4956; x_wconf 78' lang='grc' dir='ltr'>τοὺς</span> <span class='ocrx_word' id='word_1_424' title='bbox 882 4896 1116 4948; x_wconf 82' lang='grc' dir='ltr'>ἐνταῦθα</span> <span class='ocrx_word' id='word_1_425' title='bbox 1153 4899 1449 4960; x_wconf 83' lang='grc' dir='ltr'>συνιόντας.</span> <span class='ocrx_word' id='word_1_426' title='bbox 1476 4900 1574 4952; x_wconf 78' lang='grc' dir='ltr'>Διά</span> <span class='ocrx_word' id='word_1_427' title='bbox 1607 4901 1714 4970; x_wconf 85' lang='grc' dir='ltr'>γὰρ</span> <span class='ocrx_word' id='word_1_428' title='bbox 1747 4901 1905 4954; x_wconf 88' lang='grc' dir='ltr'>τοῦτο</span> 
     </span>
    </p>
   </div>
   <div class='ocr_carea' id='block_1_54' title="bbox 226 4979 1902 5057">
    <p class='ocr_par' dir='ltr' id='par_1_54' title="bbox 226 4979 1902 5057">
     <span class='ocr_line' id='line_1_54' title="bbox 226 4979 1902 5057; baseline 0.005 -24"><span class='ocrx_word' id='word_1_429' title='bbox 226 4980 322 5033; x_wconf 74' lang='grc' dir='ltr'>καὶ</span> <span class='ocrx_word' id='word_1_430' title='bbox 349 4979 459 5032; x_wconf 89' lang='grc' dir='ltr'>τῶν</span> <span class='ocrx_word' id='word_1_431' title='bbox 485 4979 717 5050; x_wconf 87' lang='grc' dir='ltr'>Γραφῶν</span> <span class='ocrx_word' id='word_1_432' title='bbox 759 4982 856 5044; x_wconf 82' lang='grc' dir='ltr'>τὰς</span> <span class='ocrx_word' id='word_1_433' title='bbox 879 4981 1185 5051; x_wconf 72' lang='grc' dir='ltr'>ἐξηγήσεις</span> <span class='ocrx_word' id='word_1_434' title='bbox 1203 4985 1473 5037; x_wconf 82' lang='grc' dir='ltr'>ποέἴσθαι</span> <span class='ocrx_word' id='word_1_435' title='bbox 1511 4987 1902 5057; x_wconf 71' lang='grc' dir='ltr'>σπουδάζομεν,</span> 
     </span>
    </p>
   </div>
   <div class='ocr_carea' id='block_1_55' title="bbox 225 5065 1905 5145">
    <p class='ocr_par' dir='ltr' id='par_1_55' title="bbox 225 5065 1905 5145">
     <span class='ocr_line' id='line_1_55' title="bbox 225 5065 1905 5145; baseline 0.007 -26"><span class='ocrx_word' id='word_1_436' title='bbox 225 5066 450 5119; x_wconf 78' lang='grc' dir='ltr'>καὶτῶν</span> <span class='ocrx_word' id='word_1_437' title='bbox 473 5065 696 5120; x_wconf 83' lang='grc' dir='ltr'>δικαίων</span> <span class='ocrx_word' id='word_1_438' title='bbox 725 5068 823 5130; x_wconf 80' lang='grc' dir='ltr'>τὰς</span> <span class='ocrx_word' id='word_1_439' title='bbox 842 5070 1044 5138; x_wconf 80' lang='grc' dir='ltr'>ἀρετὰς</span> <span class='ocrx_word' id='word_1_440' title='bbox 1065 5073 1143 5134; x_wconf 81' lang='grc' dir='ltr'>εἰς</span> <span class='ocrx_word' id='word_1_441' title='bbox 1173 5070 1231 5123; x_wconf 79' lang='grc' dir='ltr'>τὸ</span> <span class='ocrx_word' id='word_1_442' title='bbox 1261 5072 1422 5141; x_wconf 80' lang='grc' dir='ltr'>μέσον</span> <span class='ocrx_word' id='word_1_443' title='bbox 1446 5075 1784 5145; x_wconf 81' lang='grc' dir='ltr'>παράγομεν,</span> <span class='ocrx_word' id='word_1_444' title='bbox 1813 5078 1905 5130; x_wconf 71' lang='grc' dir='ltr'>καὶ</span> 
     </span>
    </p>
   </div>
   <div class='ocr_carea' id='block_1_56' title="bbox 223 5151 1902 5227">
    <p class='ocr_par' dir='ltr' id='par_1_56' title="bbox 223 5151 1902 5227">
     <span class='ocr_line' id='line_1_56' title="bbox 223 5151 1902 5227; baseline 0.008 -23"><span class='ocrx_word' id='word_1_445' title='bbox 223 5151 294 5204; x_wconf 82' lang='grc' dir='ltr'>τὰ</span> <span class='ocrx_word' id='word_1_446' title='bbox 322 5152 465 5204; x_wconf 85' lang='grc' dir='ltr'>αὐτά</span> <span class='ocrx_word' id='word_1_447' title='bbox 490 5155 700 5223; x_wconf 78' lang='grc' dir='ltr'>ἐνηχεῖν</span> <span class='ocrx_word' id='word_1_448' title='bbox 733 5155 812 5207; x_wconf 77' lang='grc' dir='ltr'>οὐ.</span> <span class='ocrx_word' id='word_1_449' title='bbox 842 5156 1278 5227; x_wconf 79' lang='grc' dir='ltr'>παραιτούμεθα,</span> <span class='ocrx_word' id='word_1_450' title='bbox 1333 5160 1419 5210; x_wconf 79' lang='grc' dir='ltr'>ἵνα</span> <span class='ocrx_word' id='word_1_451' title='bbox 1453 5160 1538 5213; x_wconf 77' lang='grc' dir='ltr'>διὰ</span> <span class='ocrx_word' id='word_1_452' title='bbox 1574 5163 1790 5216; x_wconf 85' lang='grc' dir='ltr'>πάντων</span> <span class='ocrx_word' id='word_1_453' title='bbox 1815 5167 1902 5217; x_wconf 83' lang='grc' dir='ltr'>ὲν-</span> 
     </span>
    </p>
   </div>
   <div class='ocr_carea' id='block_1_57' title="bbox 224 5239 1759 5317">
    <p class='ocr_par' dir='ltr' id='par_1_57' title="bbox 224 5239 1759 5317">
     <span class='ocr_line' id='line_1_57' title="bbox 224 5239 1759 5317; baseline 0.006 -26"><span class='ocrx_word' id='word_1_454' title='bbox 224 5241 452 5305; x_wconf 85' lang='grc' dir='ltr'>αγαγεῖν</span> <span class='ocrx_word' id='word_1_455' title='bbox 481 5239 623 5307; x_wconf 79' lang='grc' dir='ltr'>ὑμᾶς</span> <span class='ocrx_word' id='word_1_456' title='bbox 645 5239 956 5310; x_wconf 82' lang='grc' dir='ltr'>δυνηθῶμεν</span> <span class='ocrx_word' id='word_1_457' title='bbox 974 5245 1053 5304; x_wconf 82' lang='grc' dir='ltr'>εὶς</span> <span class='ocrx_word' id='word_1_458' title='bbox 1091 5243 1180 5296; x_wconf 77' lang='grc' dir='ltr'>τὸν</span> <span class='ocrx_word' id='word_1_459' title='bbox 1201 5245 1308 5295; x_wconf 87' lang='grc' dir='ltr'>τῶν</span> <span class='ocrx_word' id='word_1_460' title='bbox 1338 5245 1560 5298; x_wconf 87' lang='grc' dir='ltr'>δικαίων</span> <span class='ocrx_word' id='word_1_461' title='bbox 1578 5247 1759 5317; x_wconf 79' lang='grc' dir='ltr'>ζῆλον.</span> 
     </span>
    </p>
   </div>
   <div class='ocr_carea' id='block_1_58' title="bbox 296 5324 1901 5404">
    <p class='ocr_par' dir='ltr' id='par_1_58' title="bbox 296 5324 1901 5404">
     <span class='ocr_line' id='line_1_58' title="bbox 296 5324 1901 5404; baseline 0.009 -29"><span class='ocrx_word' id='word_1_462' title='bbox 296 5324 407 5376; x_wconf 75' lang='grc' dir='ltr'>Καὶ</span> <span class='ocrx_word' id='word_1_463' title='bbox 439 5324 536 5394; x_wconf 65' lang='grc' dir='ltr'>ὀψὲ</span> <span class='ocrx_word' id='word_1_464' title='bbox 587 5326 717 5394; x_wconf 84' lang='grc' dir='ltr'>γοῦν</span> <span class='ocrx_word' id='word_1_465' title='bbox 762 5345 891 5380; x_wconf 89' lang='grc' dir='ltr'>ποτε</span> <span class='ocrx_word' id='word_1_466' title='bbox 924 5329 1021 5397; x_wconf 82' lang='grc' dir='ltr'>τῆς</span> <span class='ocrx_word' id='word_1_467' title='bbox 1058 5331 1265 5392; x_wconf 83' lang='grc' dir='ltr'>οἰκείας</span> <span class='ocrx_word' id='word_1_468' title='bbox 1317 5333 1589 5402; x_wconf 85' lang='grc' dir='ltr'>σωτηρίας</span> <span class='ocrx_word' id='word_1_469' title='bbox 1646 5337 1901 5404; x_wconf 82' lang='grc' dir='ltr'>πρόνοιαν</span> 
     </span>
    </p>
   </div>
   <div class='ocr_carea' id='block_1_59' title="bbox 225 5408 1902 5491">
    <p class='ocr_par' dir='ltr' id='par_1_59' title="bbox 225 5408 1902 5491">
     <span class='ocr_line' id='line_1_59' title="bbox 225 5408 1902 5491; baseline 0.006 -28"><span class='ocrx_word' id='word_1_470' title='bbox 225 5408 602 5480; x_wconf 76' lang='grc' dir='ltr'>ποιησώμεθα.</span> <span class='ocrx_word' id='word_1_471' title='bbox 659 5413 852 5482; x_wconf 77' lang='grc' dir='ltr'>καὶτῷ</span> <span class='ocrx_word' id='word_1_472' title='bbox 882 5413 1057 5485; x_wconf 83' lang='grc' dir='ltr'>καιρῷ</span> <span class='ocrx_word' id='word_1_473' title='bbox 1089 5416 1165 5484; x_wconf 79' lang='grc' dir='ltr'>τῷ</span> <span class='ocrx_word' id='word_1_474' title='bbox 1197 5416 1464 5486; x_wconf 83' lang='grc' dir='ltr'>δεδομένῳ</span> <span class='ocrx_word' id='word_1_475' title='bbox 1489 5422 1618 5487; x_wconf 85' lang='grc' dir='ltr'>ημῖν</span> <span class='ocrx_word' id='word_1_476' title='bbox 1655 5423 1734 5482; x_wconf 70' lang='grc' dir='ltr'>εἰς</span> <span class='ocrx_word' id='word_1_477' title='bbox 1770 5439 1902 5491; x_wconf 80' lang='grc' dir='ltr'>προ-</span> 
     </span>
    </p>
   </div>
   <div class='ocr_carea' id='block_1_60' title="bbox 225 5499 1900 5580">
    <p class='ocr_par' dir='ltr' id='par_1_60' title="bbox 225 5499 1900 5580">
     <span class='ocr_line' id='line_1_60' title="bbox 225 5499 1900 5580; baseline 0.005 -27"><span class='ocrx_word' id='word_1_478' title='bbox 225 5499 454 5568; x_wconf 86' lang='grc' dir='ltr'>θεσμίαν</span> <span class='ocrx_word' id='word_1_479' title='bbox 479 5499 620 5570; x_wconf 82' lang='grc' dir='ltr'>ζωῆς</span> <span class='ocrx_word' id='word_1_480' title='bbox 636 5500 859 5564; x_wconf 90' lang='grc' dir='ltr'>δεόντως</span> <span class='ocrx_word' id='word_1_481' title='bbox 873 5504 1225 5574; x_wconf 83' lang='grc' dir='ltr'>χρησώμεθα,</span> <span class='ocrx_word' id='word_1_482' title='bbox 1249 5506 1426 5569; x_wconf 77' lang='grc' dir='ltr'>καὶὼς</span> <span class='ocrx_word' id='word_1_483' title='bbox 1448 5507 1526 5559; x_wconf 79' lang='grc' dir='ltr'>ἐτι</span> <span class='ocrx_word' id='word_1_484' title='bbox 1541 5510 1749 5577; x_wconf 80' lang='grc' dir='ltr'>καιρὸς,</span> <span class='ocrx_word' id='word_1_485' title='bbox 1765 5512 1900 5580; x_wconf 75' lang='grc' dir='ltr'>πρὸς</span> 
     </span>
    </p>
   </div>
   <div class='ocr_carea' id='block_1_61' title="bbox 229 5585 1896 5667">
    <p class='ocr_par' dir='ltr' id='par_1_61' title="bbox 229 5585 1896 5667">
     <span class='ocr_line' id='line_1_61' title="bbox 229 5585 1896 5667; baseline 0.008 -31"><span class='ocrx_word' id='word_1_486' title='bbox 229 5585 518 5654; x_wconf 86' lang='grc' dir='ltr'>μετάνοιαν</span> <span class='ocrx_word' id='word_1_487' title='bbox 539 5589 633 5638; x_wconf 70' lang='grc' dir='ltr'>καὶ</span> <span class='ocrx_word' id='word_1_488' title='bbox 651 5587 935 5656; x_wconf 83' lang='grc' dir='ltr'>διόρθωσιν</span> <span class='ocrx_word' id='word_1_489' title='bbox 977 5591 1082 5642; x_wconf 88' lang='grc' dir='ltr'>τῶν</span> <span class='ocrx_word' id='word_1_490' title='bbox 1122 5595 1499 5661; x_wconf 81' lang='grc' dir='ltr'>ἐπταισμένων</span> <span class='ocrx_word' id='word_1_491' title='bbox 1537 5597 1896 5667; x_wconf 80' lang='grc' dir='ltr'>ἐπειχθῶμεν,</span> 
     </span>
    </p>
   </div>
   <div class='ocr_carea' id='block_1_62' title="bbox 226 5671 1899 5752">
    <p class='ocr_par' dir='ltr' id='par_1_62' title="bbox 226 5671 1899 5752">
     <span class='ocr_line' id='line_1_62' title="bbox 226 5671 1899 5752; baseline 0.005 -27"><span class='ocrx_word' id='word_1_492' title='bbox 226 5673 318 5725; x_wconf 64' lang='grc' dir='ltr'>καὶ</span> <span class='ocrx_word' id='word_1_493' title='bbox 335 5674 403 5742; x_wconf 81' lang='grc' dir='ltr'>τῇ</span> <span class='ocrx_word' id='word_1_494' title='bbox 423 5671 530 5723; x_wconf 88' lang='grc' dir='ltr'>τῶν</span> <span class='ocrx_word' id='word_1_495' title='bbox 550 5675 847 5743; x_wconf 85' lang='grc' dir='ltr'>χρημάτων</span> <span class='ocrx_word' id='word_1_496' title='bbox 870 5677 1155 5747; x_wconf 76' lang='grc' dir='ltr'>περιουσίᾳ</span> <span class='ocrx_word' id='word_1_497' title='bbox 1181 5681 1257 5740; x_wconf 85' lang='grc' dir='ltr'>είς</span> <span class='ocrx_word' id='word_1_498' title='bbox 1292 5679 1554 5747; x_wconf 79' lang='grc' dir='ltr'>ὠφέλειαν</span> <span class='ocrx_word' id='word_1_499' title='bbox 1576 5681 1682 5732; x_wconf 86' lang='grc' dir='ltr'>τῶν</span> <span class='ocrx_word' id='word_1_500' title='bbox 1701 5685 1899 5752; x_wconf 84' lang='grc' dir='ltr'>ἡμετέ-</span> 
     </span>
    </p>
   </div>
   <div class='ocr_carea' id='block_1_63' title="bbox 229 5757 1897 5838">
    <p class='ocr_par' dir='ltr' id='par_1_63' title="bbox 229 5757 1897 5838">
     <span class='ocr_line' id='line_1_63' title="bbox 229 5757 1897 5838; baseline 0.01 -31"><span class='ocrx_word' id='word_1_501' title='bbox 229 5775 330 5826; x_wconf 62' lang='grc' dir='ltr'>ρων</span> <span class='ocrx_word' id='word_1_502' title='bbox 348 5757 535 5827; x_wconf 71' lang='grc' dir='ltr'>ψυχῶν</span> <span class='ocrx_word' id='word_1_503' title='bbox 558 5761 1020 5832; x_wconf 79' lang='grc' dir='ltr'>ἀποχρησώμεθα,</span> <span class='ocrx_word' id='word_1_504' title='bbox 1045 5765 1139 5817; x_wconf 66' lang='grc' dir='ltr'>καὶ</span> <span class='ocrx_word' id='word_1_505' title='bbox 1156 5765 1222 5816; x_wconf 78' lang='grc' dir='ltr'>τὰ</span> <span class='ocrx_word' id='word_1_506' title='bbox 1248 5767 1474 5836; x_wconf 74' lang='grc' dir='ltr'>περιττὰ</span> <span class='ocrx_word' id='word_1_507' title='bbox 1495 5771 1605 5830; x_wconf 83' lang='grc' dir='ltr'>τοῖς</span> <span class='ocrx_word' id='word_1_508' title='bbox 1625 5769 1897 5838; x_wconf 86' lang='grc' dir='ltr'>δεομένοις</span> 
     </span>
    </p>
   </div>
   <div class='ocr_carea' id='block_1_64' title="bbox 227 5844 1897 5924">
    <p class='ocr_par' dir='ltr' id='par_1_64' title="bbox 227 5844 1897 5924">
     <span class='ocr_line' id='line_1_64' title="bbox 227 5844 1897 5924; baseline 0.008 -30"><span class='ocrx_word' id='word_1_509' title='bbox 227 5844 621 5916; x_wconf 78' lang='grc' dir='ltr'>ἀναλίσκωμεν.</span> <span class='ocrx_word' id='word_1_510' title='bbox 647 5848 799 5911; x_wconf 82' lang='grc' dir='ltr'>Τίνος</span> <span class='ocrx_word' id='word_1_511' title='bbox 824 5849 929 5918; x_wconf 79' lang='grc' dir='ltr'>γὰρ</span> <span class='ocrx_word' id='word_1_512' title='bbox 958 5849 1162 5914; x_wconf 77' lang='grc' dir='ltr'>ἕνεκεν,</span> <span class='ocrx_word' id='word_1_513' title='bbox 1195 5854 1312 5905; x_wconf 84' lang='grc' dir='ltr'>εἰπέ</span> <span class='ocrx_word' id='word_1_514' title='bbox 1342 5872 1450 5922; x_wconf 85' lang='grc' dir='ltr'>μοι.</span> <span class='ocrx_word' id='word_1_515' title='bbox 1474 5859 1770 5924; x_wconf 79' lang='grc' dir='ltr'>συγχωρεῖς</span> <span class='ocrx_word' id='word_1_516' title='bbox 1793 5858 1897 5910; x_wconf 81' lang='grc' dir='ltr'>ὐπὸ</span> 
     </span>
    </p>
   </div>
   <div class='ocr_carea' id='block_1_65' title="bbox 227 5926 1892 6012">
    <p class='ocr_par' dir='ltr' id='par_1_65' title="bbox 227 5926 1892 6012">
     <span class='ocr_line' id='line_1_65' title="bbox 227 5926 1892 6012; baseline 0.01 -32"><span class='ocrx_word' id='word_1_517' title='bbox 227 5926 322 5980; x_wconf 87' lang='grc' dir='ltr'>τοῦ</span> <span class='ocrx_word' id='word_1_518' title='bbox 346 5929 424 5982; x_wconf 78' lang='grc' dir='ltr'>ίοῦ</span> <span class='ocrx_word' id='word_1_519' title='bbox 444 5933 533 5984; x_wconf 70' lang='grc' dir='ltr'>καὶ</span> <span class='ocrx_word' id='word_1_520' title='bbox 559 5935 617 5985; x_wconf 81' lang='grc' dir='ltr'>τὸ</span> <span class='ocrx_word' id='word_1_521' title='bbox 642 5934 901 6005; x_wconf 82' lang='grc' dir='ltr'>ἀργύριον</span> <span class='ocrx_word' id='word_1_522' title='bbox 927 5937 1018 5988; x_wconf 79' lang='grc' dir='ltr'>καὶ</span> <span class='ocrx_word' id='word_1_523' title='bbox 1051 5938 1109 5988; x_wconf 78' lang='grc' dir='ltr'>τὸ</span> <span class='ocrx_word' id='word_1_524' title='bbox 1140 5941 1360 6006; x_wconf 78' lang='grc' dir='ltr'>χρυσίον</span> <span class='ocrx_word' id='word_1_525' title='bbox 1385 5941 1892 6012; x_wconf 67' lang='grc' dir='ltr'>καταναλίσκεσθαι,</span> 
     </span>
    </p>
   </div>
   <div class='ocr_carea' id='block_1_66' title="bbox 621 6025 1265 6084">
    <p class='ocr_par' dir='ltr' id='par_1_66' title="bbox 621 6025 1265 6084">
     <span class='ocr_line' id='line_1_66' title="bbox 621 6025 1265 6084; baseline 0.005 -3"><span class='ocrx_word' id='word_1_526' title='bbox 621 6025 889 6081; x_wconf 62' lang='grc' dir='ltr'>ΡΑΤΠΟΙ..</span> <span class='ocrx_word' id='word_1_527' title='bbox 941 6026 1054 6082; x_wconf 61' lang='lat' dir='ltr'>(In.</span> <span class='ocrx_word' id='word_1_528' title='bbox 1113 6027 1265 6084; x_wconf 82' lang='lat' dir='ltr'>IJH.</span> 
     </span>
    </p>
   </div>
   <div class='ocr_carea' id='block_1_67' title="bbox 1374 395 2607 465">
    <p class='ocr_par' dir='ltr' id='par_1_67' title="bbox 1374 395 2607 465">
     <span class='ocr_line' id='line_1_67' title="bbox 1374 395 2607 465; baseline -0.015 -1"><span class='ocrx_word' id='word_1_529' title='bbox 1374 411 1435 464; x_wconf 71' lang='lat' dir='ltr'>IN</span> <span class='ocrx_word' id='word_1_530' title='bbox 1479 411 1631 465; x_wconf 72' lang='lat' dir='ltr'>CAP.</span> <span class='ocrx_word' id='word_1_531' title='bbox 1674 408 1761 463; x_wconf 70' lang='lat' dir='ltr'>XV</span> <span class='ocrx_word' id='word_1_532' title='bbox 1804 403 2050 460; x_wconf 72' lang='lat' dir='ltr'>GENES.</span> <span class='ocrx_word' id='word_1_533' title='bbox 2092 399 2325 456; x_wconf 66' lang='lat' dir='ltr'>IIUML.</span> <span class='ocrx_word' id='word_1_534' title='bbox 2368 395 2607 452; x_wconf 73' lang='lat' dir='ltr'>XXXVI.</span> 
     </span>
    </p>
   </div>
   <div class='ocr_carea' id='block_1_68' title="bbox 3597 385 3704 444">
    <p class='ocr_par' dir='ltr' id='par_1_68' title="bbox 3597 385 3704 444">
     <span class='ocr_line' id='line_1_68' title="bbox 3597 385 3704 444; baseline -0.037 0"><span class='ocrx_word' id='word_1_535' title='bbox 3597 385 3704 444; x_wconf 66' lang='lat'>332</span> 
     </span>
    </p>
   </div>
   <div class='ocr_carea' id='block_1_69' title="bbox 2021 501 3704 581">
    <p class='ocr_par' dir='ltr' id='par_1_69' title="bbox 2021 501 3704 581">
     <span class='ocr_line' id='line_1_69' title="bbox 2021 501 3704 581; baseline -0.007 -15"><span class='ocrx_word' id='word_1_536' title='bbox 2021 518 2138 570; x_wconf 78' lang='grc' dir='ltr'>δέον</span> <span class='ocrx_word' id='word_1_537' title='bbox 2161 518 2241 576; x_wconf 85' lang='grc' dir='ltr'>είς</span> <span class='ocrx_word' id='word_1_538' title='bbox 2261 512 2358 574; x_wconf 76' lang='grc' dir='ltr'>τὰς</span> <span class='ocrx_word' id='word_1_539' title='bbox 2383 511 2490 565; x_wconf 82' lang='grc' dir='ltr'>τῶν</span> <span class='ocrx_word' id='word_1_540' title='bbox 2510 510 2758 581; x_wconf 79' lang='grc' dir='ltr'>πενήτων</span> <span class='ocrx_word' id='word_1_541' title='bbox 2789 505 3063 577; x_wconf 76' lang='grc' dir='ltr'>γαστέρας</span> <span class='ocrx_word' id='word_1_542' title='bbox 3093 503 3223 562; x_wconf 71' lang='grc' dir='ltr'>αὐτὸ</span> <span class='ocrx_word' id='word_1_543' title='bbox 3256 502 3466 562; x_wconf 86' lang='grc' dir='ltr'>κενοῦν,</span> <span class='ocrx_word' id='word_1_544' title='bbox 3512 501 3602 554; x_wconf 83' lang='grc' dir='ltr'>ἵνα</span> <span class='ocrx_word' id='word_1_545' title='bbox 3623 503 3704 566; x_wconf 65' lang='grc' dir='ltr'>εἲς</span> 
     </span>
    </p>
   </div>
   <div class='ocr_carea' id='block_1_70' title="bbox 2017 589 3700 674">
    <p class='ocr_par' dir='ltr' id='par_1_70' title="bbox 2017 589 3700 674">
     <span class='ocr_line' id='line_1_70' title="bbox 2017 589 3700 674; baseline -0.008 -16"><span class='ocrx_word' id='word_1_546' title='bbox 2017 603 2258 674; x_wconf 80' lang='grc' dir='ltr'>ἀσφαλὲς</span> <span class='ocrx_word' id='word_1_547' title='bbox 2275 600 2406 655; x_wconf 78' lang='grc' dir='ltr'>αὐτὸ</span> <span class='ocrx_word' id='word_1_548' title='bbox 2421 600 2645 669; x_wconf 84' lang='grc' dir='ltr'>ταμεῖον</span> <span class='ocrx_word' id='word_1_549' title='bbox 2675 594 3012 664; x_wconf 82' lang='grc' dir='ltr'>ἀποθέμενος</span> <span class='ocrx_word' id='word_1_550' title='bbox 3029 593 3088 645; x_wconf 85' lang='grc' dir='ltr'>ἐν</span> <span class='ocrx_word' id='word_1_551' title='bbox 3108 589 3286 662; x_wconf 81' lang='grc' dir='ltr'>καιρῷ</span> <span class='ocrx_word' id='word_1_552' title='bbox 3311 589 3389 660; x_wconf 81' lang='grc' dir='ltr'>τῷ</span> <span class='ocrx_word' id='word_1_553' title='bbox 3407 590 3600 653; x_wconf 84' lang='grc' dir='ltr'>δέοντι,</span> <span class='ocrx_word' id='word_1_554' title='bbox 3612 591 3700 646; x_wconf 81' lang='grc' dir='ltr'>ὅτε</span> 
     </span>
    </p>
   </div>
   <div class='ocr_carea' id='block_1_71' title="bbox 2023 677 3702 760">
    <p class='ocr_par' dir='ltr' id='par_1_71' title="bbox 2023 677 3702 760">
     <span class='ocr_line' id='line_1_71' title="bbox 2023 677 3702 760; baseline -0.008 -18"><span class='ocrx_word' id='word_1_555' title='bbox 2023 689 2259 760; x_wconf 73' lang='grc' dir='ltr'>μάλιστα</span> <span class='ocrx_word' id='word_1_556' title='bbox 2275 685 2499 758; x_wconf 75' lang='grc' dir='ltr'>χρῄζεις</span> <span class='ocrx_word' id='word_1_557' title='bbox 2529 685 2630 756; x_wconf 86' lang='grc' dir='ltr'>τῆς</span> <span class='ocrx_word' id='word_1_558' title='bbox 2649 684 2744 738; x_wconf 76' lang='grc' dir='ltr'>ἀπ’</span> <span class='ocrx_word' id='word_1_559' title='bbox 2765 680 2931 736; x_wconf 91' lang='grc' dir='ltr'>αὐτοῦ</span> <span class='ocrx_word' id='word_1_560' title='bbox 2970 677 3348 751; x_wconf 88' lang='grc' dir='ltr'>παραμυθίας,</span> <span class='ocrx_word' id='word_1_561' title='bbox 3384 677 3702 748; x_wconf 75' lang='grc' dir='ltr'>ἀπολαύσῃς</span> 
     </span>
    </p>
   </div>
   <div class='ocr_carea' id='block_1_72' title="bbox 2014 765 3701 846">
    <p class='ocr_par' dir='ltr' id='par_1_72' title="bbox 2014 765 3701 846">
     <span class='ocr_line' id='line_1_72' title="bbox 2014 765 3701 846; baseline -0.007 -16"><span class='ocrx_word' id='word_1_562' title='bbox 2014 778 2114 846; x_wconf 85' lang='grc' dir='ltr'>τῆς</span> <span class='ocrx_word' id='word_1_563' title='bbox 2136 775 2389 829; x_wconf 82' lang='grc' dir='ltr'>ἐντεῦθεν</span> <span class='ocrx_word' id='word_1_564' title='bbox 2413 772 2686 844; x_wconf 83' lang='grc' dir='ltr'>βοηθείας·</span> <span class='ocrx_word' id='word_1_565' title='bbox 2719 770 2815 825; x_wconf 81' lang='grc' dir='ltr'>καὶ</span> <span class='ocrx_word' id='word_1_566' title='bbox 2828 770 2878 822; x_wconf 83' lang='grc' dir='ltr'>οί</span> <span class='ocrx_word' id='word_1_567' title='bbox 2902 767 3136 824; x_wconf 81' lang='grc' dir='ltr'>ἐνταῦθα</span> <span class='ocrx_word' id='word_1_568' title='bbox 3156 765 3456 836; x_wconf 77' lang='grc' dir='ltr'>τραφέντες</span> <span class='ocrx_word' id='word_1_569' title='bbox 3477 765 3582 818; x_wconf 80' lang='grc' dir='ltr'>ὐπὸ</span> <span class='ocrx_word' id='word_1_570' title='bbox 3608 767 3701 819; x_wconf 89' lang='grc' dir='ltr'>σοῦ</span> 
     </span>
    </p>
   </div>
   <div class='ocr_carea' id='block_1_73' title="bbox 2019 853 3702 932">
    <p class='ocr_par' dir='ltr' id='par_1_73' title="bbox 2019 853 3702 932">
     <span class='ocr_line' id='line_1_73' title="bbox 2019 853 3702 932; baseline -0.005 -16"><span class='ocrx_word' id='word_1_571' title='bbox 2019 864 2137 916; x_wconf 87' lang='grc' dir='ltr'>κατ’</span> <span class='ocrx_word' id='word_1_572' title='bbox 2169 861 2388 932; x_wconf 87' lang='grc' dir='ltr'>ἐκείνην</span> <span class='ocrx_word' id='word_1_573' title='bbox 2405 860 2505 932; x_wconf 81' lang='grc' dir='ltr'>τὴν</span> <span class='ocrx_word' id='word_1_574' title='bbox 2537 857 2750 930; x_wconf 81' lang='grc' dir='ltr'>ἡμέραν</span> <span class='ocrx_word' id='word_1_575' title='bbox 2783 855 2884 920; x_wconf 90' lang='grc' dir='ltr'>τάς</span> <span class='ocrx_word' id='word_1_576' title='bbox 2916 854 3088 925; x_wconf 86' lang='grc' dir='ltr'>θύρας</span> <span class='ocrx_word' id='word_1_577' title='bbox 3124 870 3205 906; x_wconf 92' lang='grc' dir='ltr'>σοι</span> <span class='ocrx_word' id='word_1_578' title='bbox 3251 853 3353 923; x_wconf 85' lang='grc' dir='ltr'>τῆς</span> <span class='ocrx_word' id='word_1_579' title='bbox 3388 853 3702 924; x_wconf 70' lang='grc' dir='ltr'>παρρησίας</span> 
     </span>
    </p>
   </div>
   <div class='ocr_carea' id='block_1_74' title="bbox 2019 940 3702 1013">
    <p class='ocr_par' dir='ltr' id='par_1_74' title="bbox 2019 940 3702 1013">
     <span class='ocr_line' id='line_1_74' title="bbox 2019 940 3702 1013; baseline -0.006 -12"><span class='ocrx_word' id='word_1_580' title='bbox 2019 948 2295 1013; x_wconf 78' lang='grc' dir='ltr'>ἀνοίξωσι,</span> <span class='ocrx_word' id='word_1_581' title='bbox 2343 948 2440 1000; x_wconf 73' lang='grc' dir='ltr'>καὶ</span> <span class='ocrx_word' id='word_1_582' title='bbox 2456 945 2716 1012; x_wconf 81' lang='grc' dir='ltr'>δέξωνταί</span> <span class='ocrx_word' id='word_1_583' title='bbox 2757 960 2815 996; x_wconf 90' lang='grc' dir='ltr'>σε</span> <span class='ocrx_word' id='word_1_584' title='bbox 2853 945 2934 1007; x_wconf 85' lang='grc' dir='ltr'>είς</span> <span class='ocrx_word' id='word_1_585' title='bbox 2972 941 3072 1005; x_wconf 81' lang='grc' dir='ltr'>τὰς</span> <span class='ocrx_word' id='word_1_586' title='bbox 3094 940 3345 1004; x_wconf 83' lang='grc' dir='ltr'>αἰωνίους</span> <span class='ocrx_word' id='word_1_587' title='bbox 3367 940 3545 993; x_wconf 91' lang='grc' dir='ltr'>αὐτῶν</span> <span class='ocrx_word' id='word_1_588' title='bbox 3569 957 3702 1012; x_wconf 85' lang='grc' dir='ltr'>σκη-</span> 
     </span>
    </p>
   </div>
   <div class='ocr_carea' id='block_1_75' title="bbox 2016 1023 3698 1101">
    <p class='ocr_par' dir='ltr' id='par_1_75' title="bbox 2016 1023 3698 1101">
     <span class='ocr_line' id='line_1_75' title="bbox 2016 1023 3698 1101; baseline -0.005 -16"><span class='ocrx_word' id='word_1_589' title='bbox 2016 1031 2146 1098; x_wconf 85' lang='grc' dir='ltr'>νάς;</span> <span class='ocrx_word' id='word_1_590' title='bbox 2185 1029 2347 1084; x_wconf 84' lang='grc' dir='ltr'>’Δλλά</span> <span class='ocrx_word' id='word_1_591' title='bbox 2376 1030 2509 1101; x_wconf 72' lang='grc' dir='ltr'>μηδι</span> <span class='ocrx_word' id='word_1_592' title='bbox 2541 1028 2610 1083; x_wconf 80' lang='grc' dir='ltr'>τὰ</span> <span class='ocrx_word' id='word_1_593' title='bbox 2633 1027 2824 1099; x_wconf 87' lang='grc' dir='ltr'>ίμάτια</span> <span class='ocrx_word' id='word_1_594' title='bbox 2856 1025 3036 1096; x_wconf 89' lang='grc' dir='ltr'>ἐῶμεν</span> <span class='ocrx_word' id='word_1_595' title='bbox 3071 1023 3388 1095; x_wconf 87' lang='grc' dir='ltr'>σητόϐρωτα</span> <span class='ocrx_word' id='word_1_596' title='bbox 3425 1023 3698 1090; x_wconf 86' lang='grc' dir='ltr'>γενέσθαι,</span> 
     </span>
    </p>
   </div>
   <div class='ocr_carea' id='block_1_76' title="bbox 2017 1107 3702 1186">
    <p class='ocr_par' dir='ltr' id='par_1_76' title="bbox 2017 1107 3702 1186">
     <span class='ocr_line' id='line_1_76' title="bbox 2017 1107 3702 1186; baseline -0.005 -17"><span class='ocrx_word' id='word_1_597' title='bbox 2017 1116 2111 1169; x_wconf 78' lang='grc' dir='ltr'>καὶ</span> <span class='ocrx_word' id='word_1_598' title='bbox 2131 1116 2255 1186; x_wconf 86' lang='grc' dir='ltr'>είκῆ</span> <span class='ocrx_word' id='word_1_599' title='bbox 2273 1116 2331 1168; x_wconf 92' lang='grc' dir='ltr'>ἐν</span> <span class='ocrx_word' id='word_1_600' title='bbox 2350 1118 2459 1180; x_wconf 89' lang='grc' dir='ltr'>τοῖς</span> <span class='ocrx_word' id='word_1_601' title='bbox 2480 1113 2755 1175; x_wconf 85' lang='grc' dir='ltr'>κιϐωτίοις</span> <span class='ocrx_word' id='word_1_602' title='bbox 2785 1110 3220 1182; x_wconf 83' lang='grc' dir='ltr'>κατασήπεσθαι,</span> <span class='ocrx_word' id='word_1_603' title='bbox 3242 1107 3513 1162; x_wconf 79' lang='grc' dir='ltr'>τοσούτων</span> <span class='ocrx_word' id='word_1_604' title='bbox 3531 1109 3702 1161; x_wconf 71' lang='grc' dir='ltr'>ὄντων</span> 
     </span>
    </p>
   </div>
   <div class='ocr_carea' id='block_1_77' title="bbox 2016 1186 3701 1272">
    <p class='ocr_par' dir='ltr' id='par_1_77' title="bbox 2016 1186 3701 1272">
     <span class='ocr_line' id='line_1_77' title="bbox 2016 1186 3701 1272; baseline -0.004 -18"><span class='ocrx_word' id='word_1_605' title='bbox 2016 1201 2126 1256; x_wconf 90' lang='grc' dir='ltr'>τῶν</span> <span class='ocrx_word' id='word_1_606' title='bbox 2144 1201 2414 1272; x_wconf 86' lang='grc' dir='ltr'>δεομένων</span> <span class='ocrx_word' id='word_1_607' title='bbox 2444 1186 2541 1254; x_wconf 82' lang='grc' dir='ltr'>καὶ</span> <span class='ocrx_word' id='word_1_608' title='bbox 2561 1198 2785 1270; x_wconf 84' lang='grc' dir='ltr'>γυμνῶν</span> <span class='ocrx_word' id='word_1_609' title='bbox 2807 1197 3148 1268; x_wconf 87' lang='grc' dir='ltr'>περιιόντων·</span> <span class='ocrx_word' id='word_1_610' title='bbox 3175 1195 3312 1249; x_wconf 82' lang='grc' dir='ltr'>ἀλλά</span> <span class='ocrx_word' id='word_1_611' title='bbox 3343 1194 3701 1266; x_wconf 76' lang='grc' dir='ltr'>προτιμῶμεν</span> 
     </span>
    </p>
   </div>
   <div class='ocr_carea' id='block_1_78' title="bbox 2017 1280 3701 1357">
    <p class='ocr_par' dir='ltr' id='par_1_78' title="bbox 2017 1280 3701 1357">
     <span class='ocr_line' id='line_1_78' title="bbox 2017 1280 3701 1357; baseline -0.003 -18"><span class='ocrx_word' id='word_1_612' title='bbox 2017 1287 2125 1339; x_wconf 87' lang='grc' dir='ltr'>τῶν</span> <span class='ocrx_word' id='word_1_613' title='bbox 2149 1288 2326 1356; x_wconf 85' lang='grc' dir='ltr'>σητῶν</span> <span class='ocrx_word' id='word_1_614' title='bbox 2351 1284 2763 1357; x_wconf 86' lang='grc' dir='ltr'>γυμνητεύοντα</span> <span class='ocrx_word' id='word_1_615' title='bbox 2783 1284 2873 1337; x_wconf 82' lang='grc' dir='ltr'>τὸν</span> <span class='ocrx_word' id='word_1_616' title='bbox 2903 1283 3158 1355; x_wconf 77' lang='grc' dir='ltr'>Χριστὸν,</span> <span class='ocrx_word' id='word_1_617' title='bbox 3198 1282 3291 1335; x_wconf 70' lang='grc' dir='ltr'>καὶ</span> <span class='ocrx_word' id='word_1_618' title='bbox 3313 1282 3589 1352; x_wconf 87' lang='grc' dir='ltr'>ἐνδύωμεν</span> <span class='ocrx_word' id='word_1_619' title='bbox 3607 1280 3701 1334; x_wconf 83' lang='grc' dir='ltr'>τὸν</span> 
     </span>
    </p>
   </div>
   <div class='ocr_carea' id='block_1_79' title="bbox 2016 1367 3700 1446">
    <p class='ocr_par' dir='ltr' id='par_1_79' title="bbox 2016 1367 3700 1446">
     <span class='ocr_line' id='line_1_79' title="bbox 2016 1367 3700 1446; baseline -0.004 -19"><span class='ocrx_word' id='word_1_620' title='bbox 2016 1375 2082 1427; x_wconf 85' lang='grc' dir='ltr'>δι’</span> <span class='ocrx_word' id='word_1_621' title='bbox 2110 1376 2256 1446; x_wconf 70' lang='grc' dir='ltr'>ἡμᾶς</span> <span class='ocrx_word' id='word_1_622' title='bbox 2281 1375 2376 1429; x_wconf 80' lang='grc' dir='ltr'>καὶ</span> <span class='ocrx_word' id='word_1_623' title='bbox 2396 1373 2494 1445; x_wconf 74' lang='grc' dir='ltr'>τὴν</span> <span class='ocrx_word' id='word_1_624' title='bbox 2517 1371 2791 1442; x_wconf 82' lang='grc' dir='ltr'>σωτηρίαν</span> <span class='ocrx_word' id='word_1_625' title='bbox 2811 1369 2908 1440; x_wconf 78' lang='grc' dir='ltr'>τὴν</span> <span class='ocrx_word' id='word_1_626' title='bbox 2925 1369 3201 1440; x_wconf 72' lang='grc' dir='ltr'>ἡμετέραν</span> <span class='ocrx_word' id='word_1_627' title='bbox 3222 1367 3428 1438; x_wconf 82' lang='grc' dir='ltr'>γυμνὸν</span> <span class='ocrx_word' id='word_1_628' title='bbox 3458 1367 3700 1438; x_wconf 87' lang='grc' dir='ltr'>περιιόν-</span> 
     </span>
    </p>
   </div>
   <div class='ocr_carea' id='block_1_80' title="bbox 2015 1455 3700 1532">
    <p class='ocr_par' dir='ltr' id='par_1_80' title="bbox 2015 1455 3700 1532">
     <span class='ocr_line' id='line_1_80' title="bbox 2015 1455 3700 1532; baseline -0.005 -18"><span class='ocrx_word' id='word_1_629' title='bbox 2015 1479 2104 1526; x_wconf 89' lang='grc' dir='ltr'>τα,</span> <span class='ocrx_word' id='word_1_630' title='bbox 2135 1463 2223 1516; x_wconf 81' lang='grc' dir='ltr'>ἵνα</span> <span class='ocrx_word' id='word_1_631' title='bbox 2241 1464 2402 1532; x_wconf 86' lang='grc' dir='ltr'>ἡμεῖς</span> <span class='ocrx_word' id='word_1_632' title='bbox 2430 1459 2858 1524; x_wconf 79' lang='grc' dir='ltr'>καταξιωθέντες</span> <span class='ocrx_word' id='word_1_633' title='bbox 2880 1457 3043 1511; x_wconf 82' lang='grc' dir='ltr'>αὐτὸν</span> <span class='ocrx_word' id='word_1_634' title='bbox 3091 1456 3336 1519; x_wconf 82' lang='grc' dir='ltr'>ἐνδῦσαι,</span> <span class='ocrx_word' id='word_1_635' title='bbox 3375 1455 3700 1526; x_wconf 87' lang='grc' dir='ltr'>ἀκούσωμεν</span> 
     </span>
    </p>
   </div>
   <div class='ocr_carea' id='block_1_81' title="bbox 2019 1540 3699 1618">
    <p class='ocr_par' dir='ltr' id='par_1_81' title="bbox 2019 1540 3699 1618">
     <span class='ocr_line' id='line_1_81' title="bbox 2019 1540 3699 1618; baseline -0.002 -17"><span class='ocrx_word' id='word_1_636' title='bbox 2019 1541 2158 1602; x_wconf 84' lang='grc' dir='ltr'>κατά</span> <span class='ocrx_word' id='word_1_637' title='bbox 2183 1548 2284 1618; x_wconf 80' lang='grc' dir='ltr'>τὴν</span> <span class='ocrx_word' id='word_1_638' title='bbox 2302 1547 2514 1617; x_wconf 84' lang='grc' dir='ltr'>ἡμέραν</span> <span class='ocrx_word' id='word_1_639' title='bbox 2547 1545 2780 1615; x_wconf 81' lang='grc' dir='ltr'>ἐκείνην’</span> <span class='ocrx_word' id='word_1_640' title='bbox 2805 1543 3048 1611; x_wconf 81' lang='grc' dir='ltr'>Ιύμνὸς</span> <span class='ocrx_word' id='word_1_641' title='bbox 3077 1541 3262 1611; x_wconf 78' lang='grc' dir='ltr'>ἥμην,</span> <span class='ocrx_word' id='word_1_642' title='bbox 3299 1543 3399 1594; x_wconf 76' lang='grc' dir='ltr'>καὶ</span> <span class='ocrx_word' id='word_1_643' title='bbox 3428 1540 3699 1609; x_wconf 72' lang='grc' dir='ltr'>περιεϐά-</span> 
     </span>
    </p>
   </div>
   <div class='ocr_carea' id='block_1_82' title="bbox 2015 1625 3700 1704">
    <p class='ocr_par' dir='ltr' id='par_1_82' title="bbox 2015 1625 3700 1704">
     <span class='ocr_line' id='line_1_82' title="bbox 2015 1625 3700 1704; baseline -0.004 -14"><span class='ocrx_word' id='word_1_644' title='bbox 2015 1636 2152 1691; x_wconf 73' lang='grc' dir='ltr'>λετέ</span> <span class='ocrx_word' id='word_1_645' title='bbox 2177 1651 2275 1704; x_wconf 81' lang='grc' dir='ltr'>με.</span> <span class='ocrx_word' id='word_1_646' title='bbox 2301 1635 2393 1701; x_wconf 82' lang='grc' dir='ltr'><strong>Μὴ</strong></span> <span class='ocrx_word' id='word_1_647' title='bbox 2419 1632 2527 1700; x_wconf 83' lang='grc' dir='ltr'>γὰρ</span> <span class='ocrx_word' id='word_1_648' title='bbox 2549 1632 2783 1702; x_wconf 88' lang='grc' dir='ltr'>φορτικά</span> <span class='ocrx_word' id='word_1_649' title='bbox 2812 1631 2926 1682; x_wconf 87' lang='grc' dir='ltr'>ἐστι</span> <span class='ocrx_word' id='word_1_650' title='bbox 2951 1630 3020 1682; x_wconf 83' lang='grc' dir='ltr'>τὰ</span> <span class='ocrx_word' id='word_1_651' title='bbox 3065 1625 3434 1698; x_wconf 86' lang='grc' dir='ltr'>ἐπιτάγματα,</span> <span class='ocrx_word' id='word_1_652' title='bbox 3475 1629 3551 1700; x_wconf 82' lang='grc' dir='ltr'>μὴ</span> <span class='ocrx_word' id='word_1_653' title='bbox 3590 1629 3700 1700; x_wconf 77' lang='grc' dir='ltr'>γὰρ</span> 
     </span>
    </p>
   </div>
   <div class='ocr_carea' id='block_1_83' title="bbox 2016 1715 3699 1793">
    <p class='ocr_par' dir='ltr' id='par_1_83' title="bbox 2016 1715 3699 1793">
     <span class='ocr_line' id='line_1_83' title="bbox 2016 1715 3699 1793; baseline -0.003 -18"><span class='ocrx_word' id='word_1_654' title='bbox 2016 1721 2300 1793; x_wconf 82' lang='grc' dir='ltr'>ὑπέρογκα</span> <span class='ocrx_word' id='word_1_655' title='bbox 2321 1735 2336 1783; x_wconf 89' lang='grc'>;</span> <span class='ocrx_word' id='word_1_656' title='bbox 2356 1720 2435 1773; x_wconf 83' lang='grc' dir='ltr'><strong>Τὰ</strong></span> <span class='ocrx_word' id='word_1_657' title='bbox 2453 1717 2823 1787; x_wconf 75' lang='grc' dir='ltr'>ἀπολλύμενα,</span> <span class='ocrx_word' id='word_1_658' title='bbox 2845 1717 3000 1787; x_wconf 74' lang='grc' dir='ltr'>φησὶ,</span> <span class='ocrx_word' id='word_1_659' title='bbox 3035 1717 3104 1768; x_wconf 83' lang='grc' dir='ltr'>τά</span> <span class='ocrx_word' id='word_1_660' title='bbox 3127 1715 3436 1785; x_wconf 87' lang='grc' dir='ltr'>σηπόμενα,</span> <span class='ocrx_word' id='word_1_661' title='bbox 3467 1716 3536 1768; x_wconf 83' lang='grc' dir='ltr'>τά</span> <span class='ocrx_word' id='word_1_662' title='bbox 3575 1716 3699 1786; x_wconf 81' lang='grc' dir='ltr'>είκῆ</span> 
     </span>
    </p>
   </div>
   <div class='ocr_carea' id='block_1_84' title="bbox 2016 1802 3699 1878">
    <p class='ocr_par' dir='ltr' id='par_1_84' title="bbox 2016 1802 3699 1878">
     <span class='ocr_line' id='line_1_84' title="bbox 2016 1802 3699 1878; baseline -0.004 -17"><span class='ocrx_word' id='word_1_663' title='bbox 2016 1807 2112 1861; x_wconf 77' lang='grc' dir='ltr'>καὶ</span> <span class='ocrx_word' id='word_1_664' title='bbox 2136 1807 2314 1878; x_wconf 85' lang='grc' dir='ltr'>μάτην</span> <span class='ocrx_word' id='word_1_665' title='bbox 2331 1802 2719 1873; x_wconf 86' lang='grc' dir='ltr'>δαπανώμενα,</span> <span class='ocrx_word' id='word_1_666' title='bbox 2760 1803 2934 1856; x_wconf 90' lang='grc' dir='ltr'>ταῦτα</span> <span class='ocrx_word' id='word_1_667' title='bbox 2976 1802 3267 1872; x_wconf 86' lang='grc' dir='ltr'>χρησίμως</span> <span class='ocrx_word' id='word_1_668' title='bbox 3305 1802 3699 1874; x_wconf 74' lang='grc' dir='ltr'>διανεμηθῆναι</span> 
     </span>
    </p>
   </div>
   <div class='ocr_carea' id='block_1_85' title="bbox 2017 1887 3696 1962">
    <p class='ocr_par' dir='ltr' id='par_1_85' title="bbox 2017 1887 3696 1962">
     <span class='ocr_line' id='line_1_85' title="bbox 2017 1887 3696 1962; baseline -0.004 -16"><span class='ocrx_word' id='word_1_669' title='bbox 2017 1893 2339 1956; x_wconf 87' lang='grc' dir='ltr'>σπούδασον,</span> <span class='ocrx_word' id='word_1_670' title='bbox 2360 1891 2449 1944; x_wconf 89' lang='grc' dir='ltr'>ῖνα</span> <span class='ocrx_word' id='word_1_671' title='bbox 2482 1890 2577 1944; x_wconf 65' lang='grc' dir='ltr'>καὶ</span> <span class='ocrx_word' id='word_1_672' title='bbox 2595 1888 2694 1959; x_wconf 81' lang='grc' dir='ltr'>τὴν</span> <span class='ocrx_word' id='word_1_673' title='bbox 2737 1889 2802 1942; x_wconf 78' lang='grc' dir='ltr'>ἐκ</span> <span class='ocrx_word' id='word_1_674' title='bbox 2821 1889 2920 1958; x_wconf 81' lang='grc' dir='ltr'>τῆς</span> <span class='ocrx_word' id='word_1_675' title='bbox 2940 1887 3145 1958; x_wconf 79' lang='grc' dir='ltr'>ζημίας</span> <span class='ocrx_word' id='word_1_676' title='bbox 3180 1888 3384 1958; x_wconf 87' lang='grc' dir='ltr'>βλάϐην</span> <span class='ocrx_word' id='word_1_677' title='bbox 3405 1887 3696 1962; x_wconf 75' lang='grc' dir='ltr'>διαφύγῃς,</span> 
     </span>
    </p>
   </div>
   <div class='ocr_carea' id='block_1_86' title="bbox 2015 1972 3695 2046">
    <p class='ocr_par' dir='ltr' id='par_1_86' title="bbox 2015 1972 3695 2046">
     <span class='ocr_line' id='line_1_86' title="bbox 2015 1972 3695 2046; baseline -0.005 -12"><span class='ocrx_word' id='word_1_678' title='bbox 2015 1980 2109 2034; x_wconf 75' lang='grc' dir='ltr'>καὶ</span> <span class='ocrx_word' id='word_1_679' title='bbox 2145 1980 2210 2032; x_wconf 80' lang='grc' dir='ltr'>τὸ</span> <span class='ocrx_word' id='word_1_680' title='bbox 2242 1978 2535 2032; x_wconf 88' lang='grc' dir='ltr'>ἀπἀὐτῶν</span> <span class='ocrx_word' id='word_1_681' title='bbox 2568 1976 2757 2045; x_wconf 88' lang='grc' dir='ltr'>κέρδος</span> <span class='ocrx_word' id='word_1_682' title='bbox 2801 1975 3060 2045; x_wconf 83' lang='grc' dir='ltr'>μέγιστον</span> <span class='ocrx_word' id='word_1_683' title='bbox 3100 1972 3281 2044; x_wconf 84' lang='grc' dir='ltr'>ἐαυτῷ</span> <span class='ocrx_word' id='word_1_684' title='bbox 3332 1973 3695 2046; x_wconf 80' lang='grc' dir='ltr'>προξενήσῃς.</span> 
     </span>
    </p>
   </div>
   <div class='ocr_carea' id='block_1_87' title="bbox 2014 2061 3701 2137">
    <p class='ocr_par' dir='ltr' id='par_1_87' title="bbox 2014 2061 3701 2137">
     <span class='ocr_line' id='line_1_87' title="bbox 2014 2061 3701 2137; baseline -0.004 -18"><span class='ocrx_word' id='word_1_685' title='bbox 2014 2066 2224 2137; x_wconf 82' lang='grc' dir='ltr'>Πολλῆς</span> <span class='ocrx_word' id='word_1_686' title='bbox 2249 2067 2358 2136; x_wconf 90' lang='grc' dir='ltr'>γάρ</span> <span class='ocrx_word' id='word_1_687' title='bbox 2387 2065 2481 2118; x_wconf 81' lang='grc' dir='ltr'>καὶ</span> <span class='ocrx_word' id='word_1_688' title='bbox 2519 2062 2964 2134; x_wconf 83' lang='grc' dir='ltr'>ὑπερϐαλλούσης</span> <span class='ocrx_word' id='word_1_689' title='bbox 2985 2061 3383 2132; x_wconf 82' lang='grc' dir='ltr'>ἀπανθρωπίας</span> <span class='ocrx_word' id='word_1_690' title='bbox 3407 2061 3546 2131; x_wconf 86' lang='grc' dir='ltr'>μετά</span> <span class='ocrx_word' id='word_1_691' title='bbox 3574 2078 3701 2114; x_wconf 89' lang='grc' dir='ltr'>τοσ-</span> 
     </span>
    </p>
   </div>
   <div class='ocr_carea' id='block_1_88' title="bbox 2013 2147 3700 2226">
    <p class='ocr_par' dir='ltr' id='par_1_88' title="bbox 2013 2147 3700 2226">
     <span class='ocr_line' id='line_1_88' title="bbox 2013 2147 3700 2226; baseline -0.003 -19"><span class='ocrx_word' id='word_1_692' title='bbox 2013 2153 2184 2226; x_wconf 86' lang='grc' dir='ltr'>αύτην</span> <span class='ocrx_word' id='word_1_693' title='bbox 2223 2152 2524 2207; x_wconf 83' lang='grc' dir='ltr'>ἀπόλαυσιν</span> <span class='ocrx_word' id='word_1_694' title='bbox 2568 2149 2843 2212; x_wconf 88' lang='grc' dir='ltr'>κιϐωτίοις</span> <span class='ocrx_word' id='word_1_695' title='bbox 2871 2150 2964 2202; x_wconf 81' lang='grc' dir='ltr'>καὶ</span> <span class='ocrx_word' id='word_1_696' title='bbox 2995 2148 3196 2219; x_wconf 89' lang='grc' dir='ltr'>τοίχοις</span> <span class='ocrx_word' id='word_1_697' title='bbox 3226 2147 3597 2201; x_wconf 88' lang='grc' dir='ltr'>ἐναποκλείειν</span> <span class='ocrx_word' id='word_1_698' title='bbox 3628 2148 3700 2202; x_wconf 78' lang='grc' dir='ltr'>τά</span> 
     </span>
    </p>
   </div>
   <div class='ocr_carea' id='block_1_89' title="bbox 2014 2234 3699 2311">
    <p class='ocr_par' dir='ltr' id='par_1_89' title="bbox 2014 2234 3699 2311">
     <span class='ocr_line' id='line_1_89' title="bbox 2014 2234 3699 2311; baseline -0.004 -16"><span class='ocrx_word' id='word_1_699' title='bbox 2014 2240 2265 2311; x_wconf 81' lang='grc' dir='ltr'>περιττά,</span> <span class='ocrx_word' id='word_1_700' title='bbox 2289 2241 2383 2294; x_wconf 78' lang='grc' dir='ltr'>καὶ</span> <span class='ocrx_word' id='word_1_701' title='bbox 2415 2238 2489 2309; x_wconf 87' lang='grc' dir='ltr'>μὴ</span> <span class='ocrx_word' id='word_1_702' title='bbox 2509 2237 2798 2308; x_wconf 84' lang='grc' dir='ltr'>ἀνέχεσθαι</span> <span class='ocrx_word' id='word_1_703' title='bbox 2820 2235 2930 2290; x_wconf 89' lang='grc' dir='ltr'>τῶν</span> <span class='ocrx_word' id='word_1_704' title='bbox 2945 2234 3226 2305; x_wconf 80' lang='grc' dir='ltr'>ὁμογενῶν</span> <span class='ocrx_word' id='word_1_705' title='bbox 3246 2235 3345 2305; x_wconf 81' lang='grc' dir='ltr'>τὴν</span> <span class='ocrx_word' id='word_1_706' title='bbox 3365 2234 3699 2307; x_wconf 24' lang='grc' dir='ltr'>ἔνδειανηπαο</span> 
     </span>
    </p>
   </div>
   <div class='ocr_carea' id='block_1_90' title="bbox 2015 2321 3700 2400">
    <p class='ocr_par' dir='ltr' id='par_1_90' title="bbox 2015 2321 3700 2400">
     <span class='ocr_line' id='line_1_90' title="bbox 2015 2321 3700 2400; baseline -0.003 -19"><span class='ocrx_word' id='word_1_707' title='bbox 2015 2326 2400 2399; x_wconf 80' lang='grc' dir='ltr'>ραμυθεῖσθαι,</span> <span class='ocrx_word' id='word_1_708' title='bbox 2439 2325 2554 2400; x_wconf 84' lang='grc' dir='ltr'>ἀλλ’</span> <span class='ocrx_word' id='word_1_709' title='bbox 2594 2323 2874 2394; x_wconf 85' lang='grc' dir='ltr'>αἱρεῖσθαι</span> <span class='ocrx_word' id='word_1_710' title='bbox 2913 2321 3115 2393; x_wconf 79' lang='grc' dir='ltr'>μᾶλλον</span> <span class='ocrx_word' id='word_1_711' title='bbox 3137 2322 3244 2375; x_wconf 81' lang='grc' dir='ltr'>ὐπὸ</span> <span class='ocrx_word' id='word_1_712' title='bbox 3276 2321 3480 2375; x_wconf 74' lang='grc' dir='ltr'>ἰοῦκαὶ</span> <span class='ocrx_word' id='word_1_713' title='bbox 3517 2322 3700 2394; x_wconf 85' lang='grc' dir='ltr'>σητῶν</span> 
     </span>
    </p>
   </div>
   <div class='ocr_carea' id='block_1_91' title="bbox 2011 2408 3694 2487">
    <p class='ocr_par' dir='ltr' id='par_1_91' title="bbox 2011 2408 3694 2487">
     <span class='ocr_line' id='line_1_91' title="bbox 2011 2408 3694 2487; baseline -0.004 -19"><span class='ocrx_word' id='word_1_714' title='bbox 2011 2412 2439 2487; x_wconf 84' lang='grc' dir='ltr'>διαφθείρεσθαι,</span> <span class='ocrx_word' id='word_1_715' title='bbox 2469 2412 2562 2465; x_wconf 78' lang='grc' dir='ltr'>καὶ</span> <span class='ocrx_word' id='word_1_716' title='bbox 2602 2413 2722 2474; x_wconf 90' lang='grc' dir='ltr'>ταῖς</span> <span class='ocrx_word' id='word_1_717' title='bbox 2756 2410 2865 2464; x_wconf 91' lang='grc' dir='ltr'>τῶν</span> <span class='ocrx_word' id='word_1_718' title='bbox 2902 2408 3119 2481; x_wconf 78' lang='grc' dir='ltr'>λῃστῶν</span> <span class='ocrx_word' id='word_1_719' title='bbox 3161 2409 3318 2479; x_wconf 73' lang='grc' dir='ltr'>χερσὶ</span> <span class='ocrx_word' id='word_1_720' title='bbox 3350 2409 3694 2480; x_wconf 83' lang='grc' dir='ltr'>προκεῖσθαι,</span> 
     </span>
    </p>
   </div>
   <div class='ocr_carea' id='block_1_92' title="bbox 2013 2491 3698 2565">
    <p class='ocr_par' dir='ltr' id='par_1_92' title="bbox 2013 2491 3698 2565">
     <span class='ocr_line' id='line_1_92' title="bbox 2013 2491 3698 2565; baseline -0.003 -13"><span class='ocrx_word' id='word_1_721' title='bbox 2013 2498 2109 2552; x_wconf 77' lang='grc' dir='ltr'>καὶ</span> <span class='ocrx_word' id='word_1_722' title='bbox 2133 2498 2230 2561; x_wconf 75' lang='grc' dir='ltr'>τὰς</span> <span class='ocrx_word' id='word_1_723' title='bbox 2253 2498 2391 2565; x_wconf 80' lang='grc' dir='ltr'>ὑπὲρ</span> <span class='ocrx_word' id='word_1_724' title='bbox 2413 2495 2616 2549; x_wconf 89' lang='grc' dir='ltr'>τούτων</span> <span class='ocrx_word' id='word_1_725' title='bbox 2654 2492 2884 2555; x_wconf 85' lang='grc' dir='ltr'>εὐθύνας</span> <span class='ocrx_word' id='word_1_726' title='bbox 2911 2492 3133 2553; x_wconf 87' lang='grc' dir='ltr'>διδόναι,</span> <span class='ocrx_word' id='word_1_727' title='bbox 3177 2493 3210 2564; x_wconf 75' lang='grc' dir='ltr'>ἡ</span> <span class='ocrx_word' id='word_1_728' title='bbox 3242 2491 3474 2558; x_wconf 88' lang='grc' dir='ltr'>δεόντως</span> <span class='ocrx_word' id='word_1_729' title='bbox 3495 2495 3698 2547; x_wconf 87' lang='grc' dir='ltr'>οἰκονο-</span> 
     </span>
    </p>
   </div>
   <div class='ocr_carea' id='block_1_93' title="bbox 2015 2578 3695 2656">
    <p class='ocr_par' dir='ltr' id='par_1_93' title="bbox 2015 2578 3695 2656">
     <span class='ocr_line' id='line_1_93' title="bbox 2015 2578 3695 2656; baseline -0.003 -17"><span class='ocrx_word' id='word_1_730' title='bbox 2015 2587 2266 2656; x_wconf 80' lang='grc' dir='ltr'>μήσαντα</span> <span class='ocrx_word' id='word_1_731' title='bbox 2286 2584 2385 2654; x_wconf 80' lang='grc' dir='ltr'>τὴν</span> <span class='ocrx_word' id='word_1_732' title='bbox 2418 2582 2559 2654; x_wconf 82' lang='grc' dir='ltr'>ὑπὲρ</span> <span class='ocrx_word' id='word_1_733' title='bbox 2580 2581 2786 2634; x_wconf 87' lang='grc' dir='ltr'>τούτων</span> <span class='ocrx_word' id='word_1_734' title='bbox 2806 2579 3041 2649; x_wconf 81' lang='grc' dir='ltr'>ἀμοιϐὴν</span> <span class='ocrx_word' id='word_1_735' title='bbox 3064 2578 3404 2650; x_wconf 79' lang='grc' dir='ltr'>κομίζεσθαι.</span> <span class='ocrx_word' id='word_1_736' title='bbox 3440 2579 3695 2652; x_wconf 73' lang='grc' dir='ltr'>[562]Μὴ</span> 
     </span>
    </p>
   </div>
   <div class='ocr_carea' id='block_1_94' title="bbox 2010 2666 3691 2743">
    <p class='ocr_par' dir='ltr' id='par_1_94' title="bbox 2010 2666 3691 2743">
     <span class='ocr_line' id='line_1_94' title="bbox 2010 2666 3691 2743; baseline -0.004 -17"><span class='ocrx_word' id='word_1_737' title='bbox 2010 2672 2095 2743; x_wconf 84' lang='grc' dir='ltr'>δὴ.</span> <span class='ocrx_word' id='word_1_738' title='bbox 2118 2670 2439 2743; x_wconf 89' lang='grc' dir='ltr'>παρακαλῶ,</span> <span class='ocrx_word' id='word_1_739' title='bbox 2460 2669 2632 2731; x_wconf 74' lang='grc' dir='ltr'>οὕτως</span> <span class='ocrx_word' id='word_1_740' title='bbox 2654 2667 2874 2738; x_wconf 84' lang='grc' dir='ltr'>ἀμελῶς</span> <span class='ocrx_word' id='word_1_741' title='bbox 2893 2666 3226 2737; x_wconf 88' lang='grc' dir='ltr'>διατεθῶμεν</span> <span class='ocrx_word' id='word_1_742' title='bbox 3251 2667 3380 2737; x_wconf 81' lang='grc' dir='ltr'>περὶ</span> <span class='ocrx_word' id='word_1_743' title='bbox 3399 2667 3496 2738; x_wconf 82' lang='grc' dir='ltr'>τὴν</span> <span class='ocrx_word' id='word_1_744' title='bbox 3518 2684 3691 2738; x_wconf 83' lang='grc' dir='ltr'>σωτη-</span> 
     </span>
    </p>
   </div>
   <div class='ocr_carea' id='block_1_95' title="bbox 2014 2753 3698 2832">
    <p class='ocr_par' dir='ltr' id='par_1_95' title="bbox 2014 2753 3698 2832">
     <span class='ocr_line' id='line_1_95' title="bbox 2014 2753 3698 2832; baseline -0.001 -22"><span class='ocrx_word' id='word_1_745' title='bbox 2014 2759 2138 2832; x_wconf 80' lang='grc' dir='ltr'>ρίαν</span> <span class='ocrx_word' id='word_1_746' title='bbox 2171 2757 2282 2812; x_wconf 87' lang='grc' dir='ltr'>τῶν</span> <span class='ocrx_word' id='word_1_747' title='bbox 2302 2756 2586 2828; x_wconf 84' lang='grc' dir='ltr'>ἡμετέρων</span> <span class='ocrx_word' id='word_1_748' title='bbox 2621 2755 2830 2825; x_wconf 78' lang='grc' dir='ltr'>ψυχῶν,</span> <span class='ocrx_word' id='word_1_749' title='bbox 2858 2753 2994 2808; x_wconf 84' lang='grc' dir='ltr'>ἀλλά</span> <span class='ocrx_word' id='word_1_750' title='bbox 3012 2754 3082 2806; x_wconf 73' lang='grc' dir='ltr'>τά</span> <span class='ocrx_word' id='word_1_751' title='bbox 3107 2771 3173 2806; x_wconf 88' lang='grc' dir='ltr'>πε</span> <span class='ocrx_word' id='word_1_752' title='bbox 3183 2754 3340 2826; x_wconf 81' lang='grc' dir='ltr'>ριττά</span> <span class='ocrx_word' id='word_1_753' title='bbox 3362 2753 3698 2819; x_wconf 80' lang='grc' dir='ltr'>κενώσαντες</span> 
     </span>
    </p>
   </div>
   <div class='ocr_carea' id='block_1_96' title="bbox 2008 2842 3698 2918">
    <p class='ocr_par' dir='ltr' id='par_1_96' title="bbox 2008 2842 3698 2918">
     <span class='ocr_line' id='line_1_96' title="bbox 2008 2842 3698 2918; baseline -0.002 -17"><span class='ocrx_word' id='word_1_754' title='bbox 2008 2850 2118 2910; x_wconf 88' lang='grc' dir='ltr'>τοῖς</span> <span class='ocrx_word' id='word_1_755' title='bbox 2142 2846 2439 2918; x_wconf 81' lang='grc' dir='ltr'>δεομένοις,</span> <span class='ocrx_word' id='word_1_756' title='bbox 2462 2843 2662 2915; x_wconf 78' lang='grc' dir='ltr'>πολλὴν</span> <span class='ocrx_word' id='word_1_757' title='bbox 2695 2845 2908 2906; x_wconf 86' lang='grc' dir='ltr'>ἐαυτοῖς</span> <span class='ocrx_word' id='word_1_758' title='bbox 2936 2842 3379 2913; x_wconf 69' lang='grc' dir='ltr'>προαποθιύμεθα</span> <span class='ocrx_word' id='word_1_759' title='bbox 3416 2843 3516 2913; x_wconf 80' lang='grc' dir='ltr'>τὴν</span> <span class='ocrx_word' id='word_1_760' title='bbox 3552 2847 3698 2914; x_wconf 80' lang='grc' dir='ltr'>παρ-</span> 
     </span>
    </p>
   </div>
   <div class='ocr_carea' id='block_1_97' title="bbox 2011 2928 3689 3004">
    <p class='ocr_par' dir='ltr' id='par_1_97' title="bbox 2011 2928 3689 3004">
     <span class='ocr_line' id='line_1_97' title="bbox 2011 2928 3689 3004; baseline -0.002 -18"><span class='ocrx_word' id='word_1_761' title='bbox 2011 2935 2228 3004; x_wconf 81' lang='grc' dir='ltr'>ρησίαν,</span> <span class='ocrx_word' id='word_1_762' title='bbox 2263 2934 2350 2988; x_wconf 81' lang='grc' dir='ltr'>ἵνα</span> <span class='ocrx_word' id='word_1_763' title='bbox 2371 2931 2481 2986; x_wconf 90' lang='grc' dir='ltr'>τῶν</span> <span class='ocrx_word' id='word_1_764' title='bbox 2501 2932 2829 3001; x_wconf 76' lang='grc' dir='ltr'>ἀπορρήτων</span> <span class='ocrx_word' id='word_1_765' title='bbox 2850 2929 3072 2998; x_wconf 84' lang='grc' dir='ltr'>ἀγαθῶν</span> <span class='ocrx_word' id='word_1_766' title='bbox 3095 2928 3400 2983; x_wconf 81' lang='grc' dir='ltr'>ἀπολαῦσαι</span> <span class='ocrx_word' id='word_1_767' title='bbox 3430 2929 3689 2994; x_wconf 83' lang='grc' dir='ltr'>καταξιω-</span> 
     </span>
    </p>
   </div>
   <div class='ocr_carea' id='block_1_98' title="bbox 2010 3015 3694 3091">
    <p class='ocr_par' dir='ltr' id='par_1_98' title="bbox 2010 3015 3694 3091">
     <span class='ocr_line' id='line_1_98' title="bbox 2010 3015 3694 3091; baseline -0.002 -19"><span class='ocrx_word' id='word_1_768' title='bbox 2010 3020 2213 3091; x_wconf 87' lang='grc' dir='ltr'>θῶμεν,</span> <span class='ocrx_word' id='word_1_769' title='bbox 2233 3020 2415 3091; x_wconf 88' lang='grc' dir='ltr'>χάριτι</span> <span class='ocrx_word' id='word_1_770' title='bbox 2443 3020 2537 3072; x_wconf 79' lang='grc' dir='ltr'>καὶ</span> <span class='ocrx_word' id='word_1_771' title='bbox 2570 3017 2950 3087; x_wconf 75' lang='grc' dir='ltr'>φιλανθρωπίᾳ</span> <span class='ocrx_word' id='word_1_772' title='bbox 2974 3015 3069 3069; x_wconf 91' lang='grc' dir='ltr'>τοῦ</span> <span class='ocrx_word' id='word_1_773' title='bbox 3099 3016 3308 3084; x_wconf 82' lang='grc' dir='ltr'>Κυρίου</span> <span class='ocrx_word' id='word_1_774' title='bbox 3325 3016 3486 3085; x_wconf 86' lang='grc' dir='ltr'>ἡμῶν</span> <span class='ocrx_word' id='word_1_775' title='bbox 3519 3015 3694 3086; x_wconf 79' lang='grc' dir='ltr'>Ἰησοῦ</span> 
     </span>
    </p>
   </div>
   <div class='ocr_carea' id='block_1_99' title="bbox 2011 3101 3692 3179">
    <p class='ocr_par' dir='ltr' id='par_1_99' title="bbox 2011 3101 3692 3179">
     <span class='ocr_line' id='line_1_99' title="bbox 2011 3101 3692 3179; baseline -0.003 -19"><span class='ocrx_word' id='word_1_776' title='bbox 2011 3107 2268 3179; x_wconf 83' lang='grc' dir='ltr'>Χριστοῦ,</span> <span class='ocrx_word' id='word_1_777' title='bbox 2287 3107 2406 3176; x_wconf 77' lang='grc' dir='ltr'>μεθ’</span> <span class='ocrx_word' id='word_1_778' title='bbox 2428 3101 2490 3159; x_wconf 75' lang='grc' dir='ltr'>οὐ</span> <span class='ocrx_word' id='word_1_779' title='bbox 2511 3104 2588 3174; x_wconf 84' lang='grc' dir='ltr'>τῷ</span> <span class='ocrx_word' id='word_1_780' title='bbox 2612 3106 2808 3174; x_wconf 83' lang='grc' dir='ltr'>Πατρὶ,</span> <span class='ocrx_word' id='word_1_781' title='bbox 2836 3103 2953 3170; x_wconf 73' lang='grc' dir='ltr'>ἅμα</span> <span class='ocrx_word' id='word_1_782' title='bbox 2976 3103 3054 3174; x_wconf 81' lang='grc' dir='ltr'>τῷ</span> <span class='ocrx_word' id='word_1_783' title='bbox 3069 3103 3211 3174; x_wconf 86' lang='grc' dir='ltr'>ἀγίῳ</span> <span class='ocrx_word' id='word_1_784' title='bbox 3232 3103 3692 3174; x_wconf 78' lang='grc' dir='ltr'>Πνεύματι,·δόξα,</span> 
     </span>
    </p>
   </div>
   <div class='ocr_carea' id='block_1_100' title="bbox 2010 3182 3695 3258">
    <p class='ocr_par' dir='ltr' id='par_1_100' title="bbox 2010 3182 3695 3258">
     <span class='ocr_line' id='line_1_100' title="bbox 2010 3182 3695 3258; baseline -0.002 -18"><span class='ocrx_word' id='word_1_785' title='bbox 2010 3187 2210 3258; x_wconf 86' lang='grc' dir='ltr'>κράτος</span> <span class='ocrx_word' id='word_1_786' title='bbox 2236 3228 2249 3246; x_wconf 85' lang='grc'>,</span> <span class='ocrx_word' id='word_1_787' title='bbox 2273 3186 2428 3257; x_wconf 75' lang='grc' dir='ltr'>τιμὴ,</span> <span class='ocrx_word' id='word_1_788' title='bbox 2458 3185 2555 3238; x_wconf 87' lang='grc' dir='ltr'>νῦν</span> <span class='ocrx_word' id='word_1_789' title='bbox 2575 3187 2669 3238; x_wconf 73' lang='grc' dir='ltr'>καὶ</span> <span class='ocrx_word' id='word_1_790' title='bbox 2702 3184 2809 3248; x_wconf 80' lang='grc' dir='ltr'>ἀεὶ,</span> <span class='ocrx_word' id='word_1_791' title='bbox 2833 3185 2928 3237; x_wconf 78' lang='grc' dir='ltr'>καὶ</span> <span class='ocrx_word' id='word_1_792' title='bbox 2947 3187 3026 3249; x_wconf 88' lang='grc' dir='ltr'>είς</span> <span class='ocrx_word' id='word_1_793' title='bbox 3051 3186 3180 3248; x_wconf 83' lang='grc' dir='ltr'>τούς</span> <span class='ocrx_word' id='word_1_794' title='bbox 3198 3184 3401 3247; x_wconf 73' lang='grc' dir='ltr'>αἰῶνας</span> <span class='ocrx_word' id='word_1_795' title='bbox 3420 3182 3530 3237; x_wconf 89' lang='grc' dir='ltr'>τῶν</span> <span class='ocrx_word' id='word_1_796' title='bbox 3560 3183 3695 3238; x_wconf 77' lang='grc' dir='ltr'>αἰώ-</span> 
     </span>
    </p>
   </div>
   <div class='ocr_carea' id='block_1_101' title="bbox 2009 3271 2375 3338">
    <p class='ocr_par' dir='ltr' id='par_1_101' title="bbox 2009 3271 2375 3338">
     <span class='ocr_line' id='line_1_101' title="bbox 2009 3271 2375 3338; baseline -0.005 -16"><span class='ocrx_word' id='word_1_797' title='bbox 2009 3287 2132 3322; x_wconf 92' lang='grc' dir='ltr'>νων.</span> <span class='ocrx_word' id='word_1_798' title='bbox 2180 3271 2375 3338; x_wconf 80' lang='grc' dir='ltr'>Ἀμήν.</span> 
     </span>
    </p>
   </div>
   <div class='ocr_carea' id='block_1_102' title="bbox 2645 3335 3068 3402">
    <p class='ocr_par' dir='ltr' id='par_1_102' title="bbox 2645 3335 3068 3402">
     <span class='ocr_line' id='line_1_102' title="bbox 2645 3335 3068 3402; baseline 0 -14"><span class='ocrx_word' id='word_1_799' title='bbox 2645 3335 2892 3388; x_wconf 78' lang='grc' dir='ltr'>οΜιΛιΑ</span> <span class='ocrx_word' id='word_1_800' title='bbox 2924 3337 3068 3402; x_wconf 65' lang='lat' dir='ltr'>Acr.</span> 
     </span>
    </p>
   </div>
   <div class='ocr_carea' id='block_1_103' title="bbox 2007 3412 3696 3484">
    <p class='ocr_par' dir='ltr' id='par_1_103' title="bbox 2007 3412 3696 3484">
     <span class='ocr_line' id='line_1_103' title="bbox 2007 3412 3696 3484; baseline -0.001 -15"><span class='ocrx_word' id='word_1_801' title='bbox 2007 3414 2167 3469; x_wconf 81' lang='grc' dir='ltr'>Μετὰ</span> <span class='ocrx_word' id='word_1_802' title='bbox 2188 3415 2256 3467; x_wconf 75' lang='grc' dir='ltr'>δὲ</span> <span class='ocrx_word' id='word_1_803' title='bbox 2278 3415 2351 3470; x_wconf 82' lang='grc' dir='ltr'>τὰ</span> <span class='ocrx_word' id='word_1_804' title='bbox 2375 3414 2608 3484; x_wconf 77' lang='grc' dir='ltr'>ῥήματα</span> <span class='ocrx_word' id='word_1_805' title='bbox 2625 3414 2808 3484; x_wconf 70' lang='grc' dir='ltr'>ταῦτα</span> <span class='ocrx_word' id='word_1_806' title='bbox 2837 3413 3093 3484; x_wconf 59' lang='grc' dir='ltr'>ἐγενήθη</span> <span class='ocrx_word' id='word_1_807' title='bbox 3109 3412 3276 3482; x_wconf 77' lang='grc' dir='ltr'>ῥῆμα</span> <span class='ocrx_word' id='word_1_808' title='bbox 3301 3415 3522 3484; x_wconf 77' lang='grc' dir='ltr'>Κυρίου</span> <span class='ocrx_word' id='word_1_809' title='bbox 3544 3415 3696 3481; x_wconf 76' lang='grc' dir='ltr'>πρὸς</span> 
     </span>
    </p>
   </div>
   <div class='ocr_carea' id='block_1_104' title="bbox 2084 3479 3694 3552">
    <p class='ocr_par' dir='ltr' id='par_1_104' title="bbox 2084 3479 3694 3552">
     <span class='ocr_line' id='line_1_104' title="bbox 2084 3479 3694 3552; baseline 0.001 -16"><span class='ocrx_word' id='word_1_810' title='bbox 2084 3486 2310 3552; x_wconf 77' lang='grc' dir='ltr'>Ἀϐραμ</span> <span class='ocrx_word' id='word_1_811' title='bbox 2341 3479 2525 3552; x_wconf 48' lang='grc' dir='ltr'>λέγον</span> <span class='ocrx_word' id='word_1_812' title='bbox 2557 3484 2624 3535; x_wconf 81' lang='grc' dir='ltr'>ἐν</span> <span class='ocrx_word' id='word_1_813' title='bbox 2664 3479 2910 3552; x_wconf 67' lang='grc' dir='ltr'>δράματι</span> <span class='ocrx_word' id='word_1_814' title='bbox 2937 3479 3046 3549; x_wconf 84' lang='grc' dir='ltr'>τῆς</span> <span class='ocrx_word' id='word_1_815' title='bbox 3074 3479 3317 3550; x_wconf 50' lang='grc' dir='ltr'>νυκτός·</span> <span class='ocrx_word' id='word_1_816' title='bbox 3355 3483 3452 3550; x_wconf 82' lang='grc' dir='ltr'>Μὴ</span> <span class='ocrx_word' id='word_1_817' title='bbox 3481 3479 3694 3552; x_wconf 65' lang='grc' dir='ltr'>φοϐοῦ,</span> 
     </span>
    </p>
   </div>
   <div class='ocr_carea' id='block_1_105' title="bbox 2082 3551 3696 3622">
    <p class='ocr_par' dir='ltr' id='par_1_105' title="bbox 2082 3551 3696 3622">
     <span class='ocr_line' id='line_1_105' title="bbox 2082 3551 3696 3622; baseline 0.001 -16"><span class='ocrx_word' id='word_1_818' title='bbox 2082 3551 2325 3622; x_wconf 65' lang='grc' dir='ltr'>Ἀϐραμ,</span> <span class='ocrx_word' id='word_1_819' title='bbox 2349 3551 2465 3621; x_wconf 61' lang='grc' dir='ltr'>ἐγὼ</span> <span class='ocrx_word' id='word_1_820' title='bbox 2489 3551 2866 3619; x_wconf 80' lang='grc' dir='ltr'>ὺπερασπίζω</span> <span class='ocrx_word' id='word_1_821' title='bbox 2889 3568 3026 3606; x_wconf 74' lang='lat' dir='ltr'>o&#39;ov&#39;</span> <span class='ocrx_word' id='word_1_822' title='bbox 3049 3555 3083 3606; x_wconf 88' lang='grc' dir='ltr'>ό</span> <span class='ocrx_word' id='word_1_823' title='bbox 3109 3559 3330 3622; x_wconf 79' lang='grc' dir='ltr'>μισθός</span> <span class='ocrx_word' id='word_1_824' title='bbox 3361 3551 3696 3621; x_wconf 73' lang='grc' dir='ltr'>σουπολὺς</span> 
     </span>
    </p>
   </div>
   <div class='ocr_carea' id='block_1_106' title="bbox 2079 3622 3614 3691">
    <p class='ocr_par' dir='ltr' id='par_1_106' title="bbox 2079 3622 3614 3691">
     <span class='ocr_line' id='line_1_106' title="bbox 2079 3622 3614 3691; baseline -0.002 -15"><span class='ocrx_word' id='word_1_825' title='bbox 2079 3623 2254 3677; x_wconf 81' lang='grc' dir='ltr'>ἔσται</span> <span class='ocrx_word' id='word_1_826' title='bbox 2297 3622 2554 3691; x_wconf 69' lang='grc' dir='ltr'>σφόδρα.</span> <span class='ocrx_word' id='word_1_827' title='bbox 3611 3683 3614 3686; x_wconf 30' lang='grc'>,</span> 
     </span>
    </p>
   </div>
   <div class='ocr_carea' id='block_1_107' title="bbox 2081 3704 3694 3778">
    <p class='ocr_par' dir='ltr' id='par_1_107' title="bbox 2081 3704 3694 3778">
     <span class='ocr_line' id='line_1_107' title="bbox 2081 3704 3694 3778; baseline -0.001 -19"><span class='ocrx_word' id='word_1_828' title='bbox 2081 3705 2428 3776; x_wconf 85' lang='grc' dir='ltr'>α’.Θησαυρῷ</span> <span class='ocrx_word' id='word_1_829' title='bbox 2441 3722 2544 3762; x_wconf 77' lang='grc' dir='ltr'>τινι</span> <span class='ocrx_word' id='word_1_830' title='bbox 2561 3706 2881 3774; x_wconf 84' lang='grc' dir='ltr'>προσέοικεν</span> <span class='ocrx_word' id='word_1_831' title='bbox 2905 3706 2932 3774; x_wconf 85' lang='grc' dir='ltr'>ἡ</span> <span class='ocrx_word' id='word_1_832' title='bbox 2954 3704 3062 3756; x_wconf 89' lang='grc' dir='ltr'>τῶν</span> <span class='ocrx_word' id='word_1_833' title='bbox 3077 3705 3301 3758; x_wconf 87' lang='grc' dir='ltr'>δικαίων</span> <span class='ocrx_word' id='word_1_834' title='bbox 3316 3705 3505 3778; x_wconf 78' lang='grc' dir='ltr'>ἀρετὴ,</span> <span class='ocrx_word' id='word_1_835' title='bbox 3529 3705 3694 3759; x_wconf 76' lang='grc' dir='ltr'>πολὺν</span> 
     </span>
    </p>
   </div>
   <div class='ocr_carea' id='block_1_108' title="bbox 2008 3791 3695 3862">
    <p class='ocr_par' dir='ltr' id='par_1_108' title="bbox 2008 3791 3695 3862">
     <span class='ocr_line' id='line_1_108' title="bbox 2008 3791 3695 3862; baseline -0.001 -17"><span class='ocrx_word' id='word_1_836' title='bbox 2008 3794 2104 3845; x_wconf 68' lang='grc' dir='ltr'>καὶ</span> <span class='ocrx_word' id='word_1_837' title='bbox 2125 3793 2326 3860; x_wconf 81' lang='grc' dir='ltr'>ἄφατον</span> <span class='ocrx_word' id='word_1_838' title='bbox 2343 3791 2434 3843; x_wconf 75' lang='grc' dir='ltr'>τὸν</span> <span class='ocrx_word' id='word_1_839' title='bbox 2461 3791 2689 3844; x_wconf 85' lang='grc' dir='ltr'>πλοῦτον</span> <span class='ocrx_word' id='word_1_840' title='bbox 2715 3791 2909 3860; x_wconf 83' lang='grc' dir='ltr'>ἐχοντι.</span> <span class='ocrx_word' id='word_1_841' title='bbox 2934 3791 3200 3860; x_wconf 82' lang='grc' dir='ltr'>Καθάπερ</span> <span class='ocrx_word' id='word_1_842' title='bbox 3223 3791 3331 3862; x_wconf 86' lang='grc' dir='ltr'>γὰρ</span> <span class='ocrx_word' id='word_1_843' title='bbox 3361 3795 3568 3845; x_wconf 79' lang='grc' dir='ltr'>ἐκεῖθεν</span> <span class='ocrx_word' id='word_1_844' title='bbox 3590 3793 3695 3845; x_wconf 73' lang='grc' dir='ltr'>κᾶν</span> 
     </span>
    </p>
   </div>
   <div class='ocr_carea' id='block_1_109' title="bbox 2011 3877 3696 3950">
    <p class='ocr_par' dir='ltr' id='par_1_109' title="bbox 2011 3877 3696 3950">
     <span class='ocr_line' id='line_1_109' title="bbox 2011 3877 3696 3950; baseline 0 -18"><span class='ocrx_word' id='word_1_845' title='bbox 2011 3879 2184 3950; x_wconf 86' lang='grc' dir='ltr'>βραχύ</span> <span class='ocrx_word' id='word_1_846' title='bbox 2215 3895 2267 3930; x_wconf 91' lang='grc' dir='ltr'>τι</span> <span class='ocrx_word' id='word_1_847' title='bbox 2302 3877 2465 3948; x_wconf 86' lang='grc' dir='ltr'>μέρος</span> <span class='ocrx_word' id='word_1_848' title='bbox 2487 3877 2671 3930; x_wconf 83' lang='grc' dir='ltr'>λαϐεῖν</span> <span class='ocrx_word' id='word_1_849' title='bbox 2701 3895 2783 3941; x_wconf 85' lang='grc' dir='ltr'>τις</span> <span class='ocrx_word' id='word_1_850' title='bbox 2802 3878 3026 3950; x_wconf 75' lang='grc' dir='ltr'>δυνηθῇ,</span> <span class='ocrx_word' id='word_1_851' title='bbox 3060 3879 3260 3950; x_wconf 79' lang='grc' dir='ltr'>πολλὴν</span> <span class='ocrx_word' id='word_1_852' title='bbox 3279 3879 3460 3950; x_wconf 83' lang='grc' dir='ltr'>ἐαυτῴ</span> <span class='ocrx_word' id='word_1_853' title='bbox 3486 3880 3586 3946; x_wconf 84' lang='grc' dir='ltr'>τὴν</span> <span class='ocrx_word' id='word_1_854' title='bbox 3607 3880 3696 3932; x_wconf 85' lang='grc' dir='ltr'>εὐ-</span> 
     </span>
    </p>
   </div>
   <div class='ocr_carea' id='block_1_110' title="bbox 2009 3963 3693 4036">
    <p class='ocr_par' dir='ltr' id='par_1_110' title="bbox 2009 3963 3693 4036">
     <span class='ocr_line' id='line_1_110' title="bbox 2009 3963 3693 4036; baseline 0.001 -18"><span class='ocrx_word' id='word_1_855' title='bbox 2009 3967 2206 4036; x_wconf 86' lang='grc' dir='ltr'>πορίαν</span> <span class='ocrx_word' id='word_1_856' title='bbox 2257 3963 2673 4027; x_wconf 86' lang='grc' dir='ltr'>κατασκευάζει·</span> <span class='ocrx_word' id='word_1_857' title='bbox 2711 3963 2854 4017; x_wconf 82' lang='grc' dir='ltr'>οὓτω</span> <span class='ocrx_word' id='word_1_858' title='bbox 2892 3965 2955 4034; x_wconf 83' lang='grc' dir='ltr'>δὴ</span> <span class='ocrx_word' id='word_1_859' title='bbox 2995 3966 3087 4018; x_wconf 73' lang='grc' dir='ltr'>καὶ</span> <span class='ocrx_word' id='word_1_860' title='bbox 3118 3967 3210 4018; x_wconf 83' lang='grc' dir='ltr'>ἐπὶ</span> <span class='ocrx_word' id='word_1_861' title='bbox 3244 3965 3343 4035; x_wconf 78' lang='grc' dir='ltr'>τῆς</span> <span class='ocrx_word' id='word_1_862' title='bbox 3366 3967 3572 4036; x_wconf 78' lang='grc' dir='ltr'>ἀρετῆς</span> <span class='ocrx_word' id='word_1_863' title='bbox 3599 3967 3693 4020; x_wconf 86' lang='grc' dir='ltr'>τοῦ</span> 
     </span>
    </p>
   </div>
   <div class='ocr_carea' id='block_1_111' title="bbox 2008 4051 3692 4124">
    <p class='ocr_par' dir='ltr' id='par_1_111' title="bbox 2008 4051 3692 4124">
     <span class='ocr_line' id='line_1_111' title="bbox 2008 4051 3692 4124; baseline 0.001 -20"><span class='ocrx_word' id='word_1_864' title='bbox 2008 4052 2352 4122; x_wconf 85' lang='grc' dir='ltr'>πατριάρχου</span> <span class='ocrx_word' id='word_1_865' title='bbox 2392 4052 2616 4123; x_wconf 83' lang='grc' dir='ltr'>εὑρήσει</span> <span class='ocrx_word' id='word_1_866' title='bbox 2636 4069 2720 4113; x_wconf 81' lang='grc' dir='ltr'>τις</span> <span class='ocrx_word' id='word_1_867' title='bbox 2745 4051 3048 4120; x_wconf 87' lang='grc' dir='ltr'>γινόμενον.</span> <span class='ocrx_word' id='word_1_868' title='bbox 3089 4052 3218 4105; x_wconf 76' lang='grc' dir='ltr'>Ἰδοὺ</span> <span class='ocrx_word' id='word_1_869' title='bbox 3253 4054 3355 4124; x_wconf 77' lang='grc' dir='ltr'>γὰρ</span> <span class='ocrx_word' id='word_1_870' title='bbox 3390 4053 3574 4122; x_wconf 83' lang='grc' dir='ltr'>σχεδὸν</span> <span class='ocrx_word' id='word_1_871' title='bbox 3607 4055 3692 4122; x_wconf 84' lang='grc' dir='ltr'>ἐφ’</span> 
     </span>
    </p>
   </div>
   <div class='ocr_carea' id='block_1_112' title="bbox 2008 4137 3693 4210">
    <p class='ocr_par' dir='ltr' id='par_1_112' title="bbox 2008 4137 3693 4210">
     <span class='ocr_line' id='line_1_112' title="bbox 2008 4137 3693 4210; baseline 0.001 -19"><span class='ocrx_word' id='word_1_872' title='bbox 2008 4140 2247 4207; x_wconf 78' lang='grc' dir='ltr'>ἑκάστης</span> <span class='ocrx_word' id='word_1_873' title='bbox 2295 4137 2505 4209; x_wconf 84' lang='grc' dir='ltr'>ἡμέρας</span> <span class='ocrx_word' id='word_1_874' title='bbox 2535 4139 2598 4189; x_wconf 87' lang='grc' dir='ltr'>ἐκ</span> <span class='ocrx_word' id='word_1_875' title='bbox 2636 4138 2734 4206; x_wconf 82' lang='grc' dir='ltr'>τῆς</span> <span class='ocrx_word' id='word_1_876' title='bbox 2778 4140 2898 4189; x_wconf 80' lang='grc' dir='ltr'>κατ’</span> <span class='ocrx_word' id='word_1_877' title='bbox 2937 4138 3102 4190; x_wconf 86' lang='grc' dir='ltr'>αὐτόν</span> <span class='ocrx_word' id='word_1_878' title='bbox 3132 4139 3369 4210; x_wconf 82' lang='grc' dir='ltr'>ἱστορίας</span> <span class='ocrx_word' id='word_1_879' title='bbox 3401 4140 3693 4210; x_wconf 86' lang='grc' dir='ltr'>προθέντες</span> 
     </span>
    </p>
   </div>
   <div class='ocr_carea' id='block_1_113' title="bbox 2009 4215 3692 4296">
    <p class='ocr_par' dir='ltr' id='par_1_113' title="bbox 2009 4215 3692 4296">
     <span class='ocr_line' id='line_1_113' title="bbox 2009 4215 3692 4296; baseline 0.002 -20"><span class='ocrx_word' id='word_1_880' title='bbox 2009 4225 2136 4294; x_wconf 86' lang='grc' dir='ltr'>ὑμῖν</span> <span class='ocrx_word' id='word_1_881' title='bbox 2165 4224 2264 4293; x_wconf 79' lang='grc' dir='ltr'>τὴν</span> <span class='ocrx_word' id='word_1_882' title='bbox 2293 4223 2644 4276; x_wconf 80' lang='grc' dir='ltr'>διδασκαλίαν</span> <span class='ocrx_word' id='word_1_883' title='bbox 2663 4263 2677 4287; x_wconf 88' lang='grc'>,</span> <span class='ocrx_word' id='word_1_884' title='bbox 2738 4225 2832 4276; x_wconf 76' lang='grc' dir='ltr'>καὶ</span> <span class='ocrx_word' id='word_1_885' title='bbox 2873 4225 3012 4294; x_wconf 86' lang='grc' dir='ltr'>μετά</span> <span class='ocrx_word' id='word_1_886' title='bbox 3039 4225 3240 4295; x_wconf 78' lang='grc' dir='ltr'>πολλῆς</span> <span class='ocrx_word' id='word_1_887' title='bbox 3295 4227 3392 4296; x_wconf 76' lang='grc' dir='ltr'>τῆς</span> <span class='ocrx_word' id='word_1_888' title='bbox 3415 4215 3692 4295; x_wconf 70' lang='grc' dir='ltr'>δαψίλείας</span> 
     </span>
    </p>
   </div>
   <div class='ocr_carea' id='block_1_114' title="bbox 2006 4310 3691 4382">
    <p class='ocr_par' dir='ltr' id='par_1_114' title="bbox 2006 4310 3691 4382">
     <span class='ocr_line' id='line_1_114' title="bbox 2006 4310 3691 4382; baseline 0.002 -19"><span class='ocrx_word' id='word_1_889' title='bbox 2006 4313 2105 4382; x_wconf 84' lang='grc' dir='ltr'>τὴν</span> <span class='ocrx_word' id='word_1_890' title='bbox 2133 4311 2372 4363; x_wconf 76' lang='grc' dir='ltr'>ἐπίασιν</span> <span class='ocrx_word' id='word_1_891' title='bbox 2425 4310 2553 4380; x_wconf 90' lang='grc' dir='ltr'>ὐμῖν</span> <span class='ocrx_word' id='word_1_892' title='bbox 2600 4311 2988 4380; x_wconf 86' lang='grc' dir='ltr'>παρεχόμενοι,</span> <span class='ocrx_word' id='word_1_893' title='bbox 3027 4313 3237 4364; x_wconf 85' lang='grc' dir='ltr'>οὐδέπω</span> <span class='ocrx_word' id='word_1_894' title='bbox 3291 4315 3383 4365; x_wconf 76' lang='grc' dir='ltr'>καὶ</span> <span class='ocrx_word' id='word_1_895' title='bbox 3435 4313 3528 4366; x_wconf 92' lang='grc' dir='ltr'>νῦν</span> <span class='ocrx_word' id='word_1_896' title='bbox 3570 4313 3691 4366; x_wconf 78' lang='grc' dir='ltr'>οὐδέ</span> 
     </span>
    </p>
   </div>
   <div class='ocr_carea' id='block_1_115' title="bbox 2008 4396 3695 4469">
    <p class='ocr_par' dir='ltr' id='par_1_115' title="bbox 2008 4396 3695 4469">
     <span class='ocr_line' id='line_1_115' title="bbox 2008 4396 3695 4469; baseline 0.002 -20"><span class='ocrx_word' id='word_1_897' title='bbox 2008 4396 2180 4469; x_wconf 88' lang='grc' dir='ltr'>βραχύ</span> <span class='ocrx_word' id='word_1_898' title='bbox 2213 4415 2264 4450; x_wconf 89' lang='grc' dir='ltr'>τι</span> <span class='ocrx_word' id='word_1_899' title='bbox 2287 4397 2453 4467; x_wconf 87' lang='grc' dir='ltr'>μέρος</span> <span class='ocrx_word' id='word_1_900' title='bbox 2473 4397 2578 4449; x_wconf 87' lang='grc' dir='ltr'>τῶν</span> <span class='ocrx_word' id='word_1_901' title='bbox 2599 4397 2690 4448; x_wconf 82' lang='grc' dir='ltr'>τού</span> <span class='ocrx_word' id='word_1_902' title='bbox 2707 4414 2773 4466; x_wconf 74' lang='grc' dir='ltr'>τῳ</span> <span class='ocrx_word' id='word_1_903' title='bbox 2801 4399 3248 4468; x_wconf 83' lang='grc' dir='ltr'>κατωρθωμένων</span> <span class='ocrx_word' id='word_1_904' title='bbox 3305 4400 3540 4464; x_wconf 76' lang='grc' dir='ltr'>ἐξειπεῖν</span> <span class='ocrx_word' id='word_1_905' title='bbox 3565 4402 3695 4468; x_wconf 68' lang='grc' dir='ltr'>ἡδυ-</span> 
     </span>
    </p>
   </div>
   <div class='ocr_carea' id='block_1_116' title="bbox 2006 4483 3689 4558">
    <p class='ocr_par' dir='ltr' id='par_1_116' title="bbox 2006 4483 3689 4558">
     <span class='ocr_line' id='line_1_116' title="bbox 2006 4483 3689 4558; baseline 0.002 -20"><span class='ocrx_word' id='word_1_906' title='bbox 2006 4484 2268 4554; x_wconf 83' lang='grc' dir='ltr'>νήθημεν·</span> <span class='ocrx_word' id='word_1_907' title='bbox 2294 4483 2529 4552; x_wconf 86' lang='grc' dir='ltr'>τοσαύτη</span> <span class='ocrx_word' id='word_1_908' title='bbox 2554 4484 2699 4534; x_wconf 75' lang='grc' dir='ltr'>ἐστὶν</span> <span class='ocrx_word' id='word_1_909' title='bbox 2725 4483 2890 4536; x_wconf 85' lang='grc' dir='ltr'>αὐτοῦ</span> <span class='ocrx_word' id='word_1_910' title='bbox 2917 4486 3014 4554; x_wconf 84' lang='grc' dir='ltr'>τῆς</span> <span class='ocrx_word' id='word_1_911' title='bbox 3041 4485 3357 4554; x_wconf 86' lang='grc' dir='ltr'>περιουσίας</span> <span class='ocrx_word' id='word_1_912' title='bbox 3391 4483 3612 4558; x_wconf 73' lang='grc' dir='ltr'>ἡάρετὴ</span> <span class='ocrx_word' id='word_1_913' title='bbox 3641 4501 3689 4542; x_wconf 80' lang='grc' dir='ltr'>ι.</span> 
     </span>
    </p>
   </div>
   <div class='ocr_carea' id='block_1_117' title="bbox 2008 4570 3690 4643">
    <p class='ocr_par' dir='ltr' id='par_1_117' title="bbox 2008 4570 3690 4643">
     <span class='ocr_line' id='line_1_117' title="bbox 2008 4570 3690 4643; baseline 0.002 -21"><span class='ocrx_word' id='word_1_914' title='bbox 2008 4570 2116 4623; x_wconf 75' lang='grc' dir='ltr'>Καὶ</span> <span class='ocrx_word' id='word_1_915' title='bbox 2149 4570 2401 4639; x_wconf 86' lang='grc' dir='ltr'>καθάπερ</span> <span class='ocrx_word' id='word_1_916' title='bbox 2421 4570 2530 4622; x_wconf 79' lang='grc' dir='ltr'>ἀπὸ</span> <span class='ocrx_word' id='word_1_917' title='bbox 2557 4571 2740 4639; x_wconf 74' lang='grc' dir='ltr'>πηγῆς</span> <span class='ocrx_word' id='word_1_918' title='bbox 2765 4570 2959 4639; x_wconf 77' lang='grc' dir='ltr'>δαψιλῆ</span> <span class='ocrx_word' id='word_1_919' title='bbox 2994 4572 3333 4642; x_wconf 88' lang='grc' dir='ltr'>προχεούσης</span> <span class='ocrx_word' id='word_1_920' title='bbox 3362 4576 3429 4625; x_wconf 71' lang='grc' dir='ltr'>τὰ</span> <span class='ocrx_word' id='word_1_921' title='bbox 3450 4575 3690 4643; x_wconf 85' lang='grc' dir='ltr'>νάματα,</span> 
     </span>
    </p>
   </div>
   <div class='ocr_carea' id='block_1_118' title="bbox 2007 4656 3692 4726">
    <p class='ocr_par' dir='ltr' id='par_1_118' title="bbox 2007 4656 3692 4726">
     <span class='ocr_line' id='line_1_118' title="bbox 2007 4656 3692 4726; baseline 0.002 -16"><span class='ocrx_word' id='word_1_922' title='bbox 2007 4658 2112 4718; x_wconf 67' lang='grc' dir='ltr'>κᾶν</span> <span class='ocrx_word' id='word_1_923' title='bbox 2134 4658 2372 4719; x_wconf 73' lang='grc' dir='ltr'>ἅπαντες</span> <span class='ocrx_word' id='word_1_924' title='bbox 2405 4656 2702 4726; x_wconf 87' lang='grc' dir='ltr'>άρύωνται,</span> <span class='ocrx_word' id='word_1_925' title='bbox 2728 4657 2788 4709; x_wconf 92' lang='grc' dir='ltr'>οὐ</span> <span class='ocrx_word' id='word_1_926' title='bbox 2819 4657 2980 4726; x_wconf 82' lang='grc' dir='ltr'>μόνον</span> <span class='ocrx_word' id='word_1_927' title='bbox 3012 4658 3112 4710; x_wconf 83' lang='grc' dir='ltr'>οὐκ</span> <span class='ocrx_word' id='word_1_928' title='bbox 3134 4659 3416 4712; x_wconf 77' lang='grc' dir='ltr'>ἐλαττοῦσι</span> <span class='ocrx_word' id='word_1_929' title='bbox 3447 4660 3517 4714; x_wconf 86' lang='grc' dir='ltr'>τά</span> <span class='ocrx_word' id='word_1_930' title='bbox 3545 4662 3692 4714; x_wconf 83' lang='grc' dir='ltr'>ἐκεῖ·</span> 
     </span>
    </p>
   </div>
   <div class='ocr_carea' id='block_1_119' title="bbox 2008 4741 3693 4816">
    <p class='ocr_par' dir='ltr' id='par_1_119' title="bbox 2008 4741 3693 4816">
     <span class='ocr_line' id='line_1_119' title="bbox 2008 4741 3693 4816; baseline 0.001 -19"><span class='ocrx_word' id='word_1_931' title='bbox 2008 4745 2099 4798; x_wconf 88' lang='grc' dir='ltr'>θεν</span> <span class='ocrx_word' id='word_1_932' title='bbox 2130 4745 2386 4816; x_wconf 81' lang='grc' dir='ltr'>προϊόντα</span> <span class='ocrx_word' id='word_1_933' title='bbox 2406 4743 2645 4812; x_wconf 82' lang='grc' dir='ltr'>νάματα,</span> <span class='ocrx_word' id='word_1_934' title='bbox 2669 4744 2785 4799; x_wconf 81' lang='grc' dir='ltr'>ἀλλ’</span> <span class='ocrx_word' id='word_1_935' title='bbox 2816 4745 2926 4813; x_wconf 84' lang='grc' dir='ltr'>ὅσῳ</span> <span class='ocrx_word' id='word_1_936' title='bbox 2958 4743 3024 4796; x_wconf 81' lang='grc' dir='ltr'>ἂν</span> <span class='ocrx_word' id='word_1_937' title='bbox 3056 4747 3273 4808; x_wconf 84' lang='grc' dir='ltr'>πλείους</span> <span class='ocrx_word' id='word_1_938' title='bbox 3292 4741 3424 4799; x_wconf 80' lang='grc' dir='ltr'>ὦσιν</span> <span class='ocrx_word' id='word_1_939' title='bbox 3458 4748 3507 4799; x_wconf 85' lang='grc' dir='ltr'>οί</span> <span class='ocrx_word' id='word_1_940' title='bbox 3534 4747 3693 4811; x_wconf 77' lang='grc' dir='ltr'>ἐξαν-</span> 
     </span>
    </p>
   </div>
   <div class='ocr_carea' id='block_1_120' title="bbox 2005 4830 3686 4903">
    <p class='ocr_par' dir='ltr' id='par_1_120' title="bbox 2005 4830 3686 4903">
     <span class='ocr_line' id='line_1_120' title="bbox 2005 4830 3686 4903; baseline 0.002 -20"><span class='ocrx_word' id='word_1_941' title='bbox 2005 4830 2273 4894; x_wconf 86' lang='grc' dir='ltr'>τλοῦντες,</span> <span class='ocrx_word' id='word_1_942' title='bbox 2296 4831 2535 4900; x_wconf 85' lang='grc' dir='ltr'>τοσούτῳ</span> <span class='ocrx_word' id='word_1_943' title='bbox 2559 4831 2756 4900; x_wconf 81' lang='grc' dir='ltr'>μᾶλλον</span> <span class='ocrx_word' id='word_1_944' title='bbox 2778 4831 3068 4895; x_wconf 82' lang='grc' dir='ltr'>ἀναϐλύζει</span> <span class='ocrx_word' id='word_1_945' title='bbox 3086 4831 3194 4884; x_wconf 89' lang='grc' dir='ltr'>τῶν</span> <span class='ocrx_word' id='word_1_946' title='bbox 3225 4833 3481 4903; x_wconf 82' lang='grc' dir='ltr'>ὐδάτωνὴ</span> <span class='ocrx_word' id='word_1_947' title='bbox 3505 4833 3686 4902; x_wconf 73' lang='grc' dir='ltr'>φύσιςο</span> 
     </span>
    </p>
   </div>
   <div class='ocr_carea' id='block_1_121' title="bbox 2005 4917 3693 4989">
    <p class='ocr_par' dir='ltr' id='par_1_121' title="bbox 2005 4917 3693 4989">
     <span class='ocr_line' id='line_1_121' title="bbox 2005 4917 3693 4989; baseline 0.002 -20"><span class='ocrx_word' id='word_1_948' title='bbox 2005 4919 2067 4970; x_wconf 72' lang='grc' dir='ltr'>τὺ</span> <span class='ocrx_word' id='word_1_949' title='bbox 2080 4917 2210 4971; x_wconf 80' lang='grc' dir='ltr'>αὐτὸ</span> <span class='ocrx_word' id='word_1_950' title='bbox 2229 4918 2292 4988; x_wconf 80' lang='grc' dir='ltr'>δὴ</span> <span class='ocrx_word' id='word_1_951' title='bbox 2326 4919 2421 4970; x_wconf 74' lang='grc' dir='ltr'>καὶ</span> <span class='ocrx_word' id='word_1_952' title='bbox 2442 4919 2534 4970; x_wconf 77' lang='grc' dir='ltr'>ἐπὶ</span> <span class='ocrx_word' id='word_1_953' title='bbox 2567 4917 3000 4988; x_wconf 86' lang='grc' dir='ltr'>τοῦθαυμασίου</span> <span class='ocrx_word' id='word_1_954' title='bbox 3030 4918 3222 4972; x_wconf 89' lang='grc' dir='ltr'>τούτου</span> <span class='ocrx_word' id='word_1_955' title='bbox 3246 4922 3587 4989; x_wconf 82' lang='grc' dir='ltr'>πατριάρχου</span> <span class='ocrx_word' id='word_1_956' title='bbox 3609 4938 3693 4989; x_wconf 89' lang='grc' dir='ltr'>γι-</span> 
     </span>
    </p>
   </div>
   <div class='ocr_carea' id='block_1_122' title="bbox 2005 4999 3690 5077">
    <p class='ocr_par' dir='ltr' id='par_1_122' title="bbox 2005 4999 3690 5077">
     <span class='ocr_line' id='line_1_122' title="bbox 2005 4999 3690 5077; baseline 0.002 -21"><span class='ocrx_word' id='word_1_957' title='bbox 2005 5005 2227 5073; x_wconf 81' lang='grc' dir='ltr'>νόμενον</span> <span class='ocrx_word' id='word_1_958' title='bbox 2261 5005 2524 5074; x_wconf 78' lang='grc' dir='ltr'>ὀψόμεθα.</span> <span class='ocrx_word' id='word_1_959' title='bbox 2564 5005 2725 5057; x_wconf 86' lang='grc' dir='ltr'>Πόσοι</span> <span class='ocrx_word' id='word_1_960' title='bbox 2752 5005 2860 5074; x_wconf 79' lang='grc' dir='ltr'>γὰρ</span> <span class='ocrx_word' id='word_1_961' title='bbox 2888 5004 2948 5068; x_wconf 77' lang='grc' dir='ltr'>ἐξ</span> <span class='ocrx_word' id='word_1_962' title='bbox 2973 4999 3033 5057; x_wconf 75' lang='grc' dir='ltr'>οὗ</span> <span class='ocrx_word' id='word_1_963' title='bbox 3057 5006 3247 5072; x_wconf 87' lang='grc' dir='ltr'>γέγονε</span> <span class='ocrx_word' id='word_1_964' title='bbox 3275 5007 3436 5077; x_wconf 85' lang='grc' dir='ltr'>μέχρι</span> <span class='ocrx_word' id='word_1_965' title='bbox 3458 5008 3551 5059; x_wconf 83' lang='grc' dir='ltr'>τοῦ</span> <span class='ocrx_word' id='word_1_966' title='bbox 3581 5024 3690 5060; x_wconf 89' lang='grc' dir='ltr'>πα-</span> 
     </span>
    </p>
   </div>
   <div class='ocr_carea' id='block_1_123' title="bbox 2006 5087 3691 5161">
    <p class='ocr_par' dir='ltr' id='par_1_123' title="bbox 2006 5087 3691 5161">
     <span class='ocr_line' id='line_1_123' title="bbox 2006 5087 3691 5161; baseline 0.002 -23"><span class='ocrx_word' id='word_1_967' title='bbox 2006 5089 2188 5156; x_wconf 77' lang='grc' dir='ltr'>ρόντος</span> <span class='ocrx_word' id='word_1_968' title='bbox 2220 5089 2282 5138; x_wconf 85' lang='grc' dir='ltr'>ἐκ</span> <span class='ocrx_word' id='word_1_969' title='bbox 2311 5089 2406 5156; x_wconf 76' lang='grc' dir='ltr'>τῆς</span> <span class='ocrx_word' id='word_1_970' title='bbox 2439 5089 2621 5158; x_wconf 81' lang='grc' dir='ltr'>πηγῆς</span> <span class='ocrx_word' id='word_1_971' title='bbox 2642 5089 2749 5141; x_wconf 83' lang='grc' dir='ltr'>τῶν</span> <span class='ocrx_word' id='word_1_972' title='bbox 2783 5087 2972 5140; x_wconf 87' lang='grc' dir='ltr'>τούτου</span> <span class='ocrx_word' id='word_1_973' title='bbox 3015 5089 3459 5159; x_wconf 84' lang='grc' dir='ltr'>κατορθωμάτων</span> <span class='ocrx_word' id='word_1_974' title='bbox 3498 5091 3691 5161; x_wconf 89' lang='grc' dir='ltr'>ἀρύον-</span> 
     </span>
    </p>
   </div>
   <div class='ocr_carea' id='block_1_124' title="bbox 2003 5174 3691 5244">
    <p class='ocr_par' dir='ltr' id='par_1_124' title="bbox 2003 5174 3691 5244">
     <span class='ocr_line' id='line_1_124' title="bbox 2003 5174 3691 5244; baseline 0.002 -20"><span class='ocrx_word' id='word_1_975' title='bbox 2003 5191 2114 5236; x_wconf 85' lang='grc' dir='ltr'>ται,</span> <span class='ocrx_word' id='word_1_976' title='bbox 2146 5174 2240 5227; x_wconf 84' lang='grc' dir='ltr'>κα“ι</span> <span class='ocrx_word' id='word_1_977' title='bbox 2269 5176 2330 5225; x_wconf 85' lang='grc' dir='ltr'>οὐ</span> <span class='ocrx_word' id='word_1_978' title='bbox 2365 5174 2525 5242; x_wconf 85' lang='grc' dir='ltr'>μόνον</span> <span class='ocrx_word' id='word_1_979' title='bbox 2566 5176 2664 5227; x_wconf 91' lang='grc' dir='ltr'>οὐκ</span> <span class='ocrx_word' id='word_1_980' title='bbox 2697 5176 2972 5227; x_wconf 86' lang='grc' dir='ltr'>ἐκένωσαν</span> <span class='ocrx_word' id='word_1_981' title='bbox 3017 5175 3084 5227; x_wconf 84' lang='grc' dir='ltr'>τά</span> <span class='ocrx_word' id='word_1_982' title='bbox 3135 5179 3370 5244; x_wconf 83' lang='grc' dir='ltr'>νάματα,</span> <span class='ocrx_word' id='word_1_983' title='bbox 3429 5177 3543 5229; x_wconf 84' lang='grc' dir='ltr'>ἀλλ’</span> <span class='ocrx_word' id='word_1_984' title='bbox 3597 5179 3691 5228; x_wconf 81' lang='grc' dir='ltr'>ἐπὶ</span> 
     </span>
    </p>
   </div>
   <div class='ocr_carea' id='block_1_125' title="bbox 2006 5261 3689 5334">
    <p class='ocr_par' dir='ltr' id='par_1_125' title="bbox 2006 5261 3689 5334">
     <span class='ocr_line' id='line_1_125' title="bbox 2006 5261 3689 5334; baseline 0.002 -22"><span class='ocrx_word' id='word_1_985' title='bbox 2006 5261 2187 5314; x_wconf 82' lang='grc' dir='ltr'>πλεῖον</span> <span class='ocrx_word' id='word_1_986' title='bbox 2243 5261 2530 5323; x_wconf 82' lang='grc' dir='ltr'>ἀναϐλύζει</span> <span class='ocrx_word' id='word_1_987' title='bbox 2569 5262 2675 5313; x_wconf 85' lang='grc' dir='ltr'>τῶν</span> <span class='ocrx_word' id='word_1_988' title='bbox 2707 5261 2896 5312; x_wconf 89' lang='grc' dir='ltr'>τούτου</span> <span class='ocrx_word' id='word_1_989' title='bbox 2931 5261 3371 5331; x_wconf 87' lang='grc' dir='ltr'>κατορθωμάτων</span> <span class='ocrx_word' id='word_1_990' title='bbox 3402 5265 3435 5332; x_wconf 90' lang='grc' dir='ltr'>ἡ</span> <span class='ocrx_word' id='word_1_991' title='bbox 3471 5280 3689 5334; x_wconf 83' lang='grc' dir='ltr'>περιου-</span> 
     </span>
    </p>
   </div>
   <div class='ocr_carea' id='block_1_126' title="bbox 2006 5336 3689 5420">
    <p class='ocr_par' dir='ltr' id='par_1_126' title="bbox 2006 5336 3689 5420">
     <span class='ocr_line' id='line_1_126' title="bbox 2006 5336 3689 5420; baseline -0.006 -16"><span class='ocrx_word' id='word_1_992' title='bbox 2006 5336 2126 5412; x_wconf 59' lang='lat' dir='ltr'>cii;</span> <span class='ocrx_word' id='word_1_993' title='bbox 2166 5349 2374 5417; x_wconf 83' lang='grc' dir='ltr'>Ὥσπερ</span> <span class='ocrx_word' id='word_1_994' title='bbox 2404 5347 2513 5416; x_wconf 82' lang='grc' dir='ltr'>γὰρ</span> <span class='ocrx_word' id='word_1_995' title='bbox 2569 5347 2755 5416; x_wconf 86' lang='grc' dir='ltr'>σειράν</span> <span class='ocrx_word' id='word_1_996' title='bbox 2785 5364 2909 5399; x_wconf 87' lang='grc' dir='ltr'>τινα</span> <span class='ocrx_word' id='word_1_997' title='bbox 2940 5349 3167 5418; x_wconf 82' lang='grc' dir='ltr'>χρυσῆν,</span> <span class='ocrx_word' id='word_1_998' title='bbox 3197 5348 3371 5410; x_wconf 74' lang='grc' dir='ltr'>οὓτως</span> <span class='ocrx_word' id='word_1_999' title='bbox 3402 5351 3689 5420; x_wconf 80' lang='grc' dir='ltr'>ἡρμοσμέ-</span> 
     </span>
    </p>
   </div>
   <div class='ocr_carea' id='block_1_127' title="bbox 2005 5433 3688 5505">
    <p class='ocr_par' dir='ltr' id='par_1_127' title="bbox 2005 5433 3688 5505">
     <span class='ocr_line' id='line_1_127' title="bbox 2005 5433 3688 5505; baseline 0.002 -20"><span class='ocrx_word' id='word_1_1000' title='bbox 2005 5452 2100 5502; x_wconf 85' lang='grc' dir='ltr'>νην</span> <span class='ocrx_word' id='word_1_1001' title='bbox 2129 5435 2436 5503; x_wconf 78' lang='grc' dir='ltr'>εὑρήσομεν</span> <span class='ocrx_word' id='word_1_1002' title='bbox 2469 5435 2568 5503; x_wconf 78' lang='grc' dir='ltr'>τὴν</span> <span class='ocrx_word' id='word_1_1003' title='bbox 2620 5434 2738 5487; x_wconf 84' lang='grc' dir='ltr'>κατ’</span> <span class='ocrx_word' id='word_1_1004' title='bbox 2781 5433 2942 5486; x_wconf 84' lang='grc' dir='ltr'>αὐτὸν</span> <span class='ocrx_word' id='word_1_1005' title='bbox 2988 5434 3237 5503; x_wconf 78' lang='grc' dir='ltr'>διήγησιν</span> <span class='ocrx_word' id='word_1_1006' title='bbox 3269 5437 3360 5487; x_wconf 79' lang='grc' dir='ltr'>ἐπὶ</span> <span class='ocrx_word' id='word_1_1007' title='bbox 3392 5437 3491 5505; x_wconf 85' lang='grc' dir='ltr'>τῆς</span> <span class='ocrx_word' id='word_1_1008' title='bbox 3537 5437 3688 5500; x_wconf 86' lang='grc' dir='ltr'>θείας</span> 
     </span>
    </p>
   </div>
   <div class='ocr_carea' id='block_1_128' title="bbox 2003 5519 3690 5594">
    <p class='ocr_par' dir='ltr' id='par_1_128' title="bbox 2003 5519 3690 5594">
     <span class='ocr_line' id='line_1_128' title="bbox 2003 5519 3690 5594; baseline 0.001 -22"><span class='ocrx_word' id='word_1_1009' title='bbox 2003 5522 2222 5593; x_wconf 71' lang='grc' dir='ltr'>Γραφῆς</span> <span class='ocrx_word' id='word_1_1010' title='bbox 2248 5520 2528 5589; x_wconf 82' lang='grc' dir='ltr'>κειμένην·</span> <span class='ocrx_word' id='word_1_1011' title='bbox 2558 5522 2650 5573; x_wconf 76' lang='grc' dir='ltr'>καὶ</span> <span class='ocrx_word' id='word_1_1012' title='bbox 2675 5519 2796 5573; x_wconf 88' lang='grc' dir='ltr'>καθ’</span> <span class='ocrx_word' id='word_1_1013' title='bbox 2821 5521 3050 5573; x_wconf 69' lang='grc' dir='ltr'>ἕκαστον</span> <span class='ocrx_word' id='word_1_1014' title='bbox 3084 5523 3273 5592; x_wconf 79' lang='grc' dir='ltr'>καιρὸν</span> <span class='ocrx_word' id='word_1_1015' title='bbox 3299 5525 3562 5594; x_wconf 85' lang='grc' dir='ltr'>πρότερον</span> <span class='ocrx_word' id='word_1_1016' title='bbox 3589 5525 3690 5592; x_wconf 74' lang='grc' dir='ltr'>μὲν</span> 
     </span>
    </p>
   </div>
   <div class='ocr_carea' id='block_1_129' title="bbox 2004 5607 3685 5679">
    <p class='ocr_par' dir='ltr' id='par_1_129' title="bbox 2004 5607 3685 5679">
     <span class='ocr_line' id='line_1_129' title="bbox 2004 5607 3685 5679; baseline 0.001 -19"><span class='ocrx_word' id='word_1_1017' title='bbox 2004 5610 2162 5660; x_wconf 71' lang='grc' dir='ltr'>αὐτὸν</span> <span class='ocrx_word' id='word_1_1018' title='bbox 2189 5609 2631 5678; x_wconf 84' lang='grc' dir='ltr'>ἐπιδεικνύμενον</span> <span class='ocrx_word' id='word_1_1019' title='bbox 2662 5607 2730 5660; x_wconf 77' lang='grc' dir='ltr'>τὰ</span> <span class='ocrx_word' id='word_1_1020' title='bbox 2757 5609 2852 5677; x_wconf 79' lang='grc' dir='ltr'>τῆς</span> <span class='ocrx_word' id='word_1_1021' title='bbox 2883 5608 3092 5670; x_wconf 74' lang='grc' dir='ltr'>οἰκείας</span> <span class='ocrx_word' id='word_1_1022' title='bbox 3119 5609 3456 5676; x_wconf 81' lang='grc' dir='ltr'>φιλοσοφίας,</span> <span class='ocrx_word' id='word_1_1023' title='bbox 3482 5612 3685 5679; x_wconf 80' lang='grc' dir='ltr'>ἑπομέ-</span> 
     </span>
    </p>
   </div>
   <div class='ocr_carea' id='block_1_130' title="bbox 2002 5695 3687 5766">
    <p class='ocr_par' dir='ltr' id='par_1_130' title="bbox 2002 5695 3687 5766">
     <span class='ocr_line' id='line_1_130' title="bbox 2002 5695 3687 5766; baseline 0.002 -21"><span class='ocrx_word' id='word_1_1024' title='bbox 2002 5713 2098 5764; x_wconf 83' lang='grc' dir='ltr'>νην</span> <span class='ocrx_word' id='word_1_1025' title='bbox 2123 5695 2179 5747; x_wconf 77' lang='grc' dir='ltr'>δὲ</span> <span class='ocrx_word' id='word_1_1026' title='bbox 2216 5696 2556 5766; x_wconf 81' lang='grc' dir='ltr'>παραχρῆμα</span> <span class='ocrx_word' id='word_1_1027' title='bbox 2591 5696 2684 5746; x_wconf 73' lang='grc' dir='ltr'>καὶ</span> <span class='ocrx_word' id='word_1_1028' title='bbox 2715 5695 2813 5764; x_wconf 82' lang='grc' dir='ltr'>τὴν</span> <span class='ocrx_word' id='word_1_1029' title='bbox 2838 5696 2987 5765; x_wconf 83' lang='grc' dir='ltr'>παρά</span> <span class='ocrx_word' id='word_1_1030' title='bbox 3019 5696 3112 5748; x_wconf 87' lang='grc' dir='ltr'>τοῦ</span> <span class='ocrx_word' id='word_1_1031' title='bbox 3128 5695 3260 5748; x_wconf 82' lang='grc' dir='ltr'>Θεοῦ</span> <span class='ocrx_word' id='word_1_1032' title='bbox 3292 5697 3545 5766; x_wconf 84' lang='grc' dir='ltr'>ἀμοιϐήν.</span> <span class='ocrx_word' id='word_1_1033' title='bbox 3577 5699 3687 5750; x_wconf 75' lang='grc' dir='ltr'>Καὶ</span> 
     </span>
    </p>
   </div>
   <div class='ocr_carea' id='block_1_131' title="bbox 2004 5782 3686 5852">
    <p class='ocr_par' dir='ltr' id='par_1_131' title="bbox 2004 5782 3686 5852">
     <span class='ocr_line' id='line_1_131' title="bbox 2004 5782 3686 5852; baseline 0.001 -18"><span class='ocrx_word' id='word_1_1034' title='bbox 2004 5783 2089 5834; x_wconf 79' lang='grc' dir='ltr'>ἵνα</span> <span class='ocrx_word' id='word_1_1035' title='bbox 2121 5782 2325 5851; x_wconf 83' lang='grc' dir='ltr'>μάθητε</span> <span class='ocrx_word' id='word_1_1036' title='bbox 2355 5785 2436 5834; x_wconf 77' lang='grc' dir='ltr'>ὅτι</span> <span class='ocrx_word' id='word_1_1037' title='bbox 2463 5784 2635 5846; x_wconf 73' lang='grc' dir='ltr'>οὓτως</span> <span class='ocrx_word' id='word_1_1038' title='bbox 2664 5782 2796 5852; x_wconf 78' lang='grc' dir='ltr'>ἔχει,</span> <span class='ocrx_word' id='word_1_1039' title='bbox 2826 5784 3120 5850; x_wconf 89' lang='grc' dir='ltr'>ἀναγκαῖον</span> <span class='ocrx_word' id='word_1_1040' title='bbox 3151 5783 3358 5836; x_wconf 80' lang='grc' dir='ltr'>ἀνωθεν</span> <span class='ocrx_word' id='word_1_1041' title='bbox 3392 5783 3520 5852; x_wconf 80' lang='grc' dir='ltr'>ὑμῖν</span> <span class='ocrx_word' id='word_1_1042' title='bbox 3548 5785 3686 5852; x_wconf 84' lang='grc' dir='ltr'>μετά</span> 
     </span>
    </p>
   </div>
   <div class='ocr_carea' id='block_1_132' title="bbox 2064 5895 3682 5959">
    <p class='ocr_par' dir='ltr' id='par_1_132' title="bbox 2064 5895 3682 5959">
     <span class='ocr_line' id='line_1_132' title="bbox 2064 5895 3682 5959; baseline -0.001 -17"><span class='ocrx_word' id='word_1_1043' title='bbox 2064 5895 2091 5922; x_wconf 73' lang='grc'><strong>⁸</strong></span> <span class='ocrx_word' id='word_1_1044' title='bbox 2118 5895 2269 5959; x_wconf 54' lang='grc' dir='ltr'>δεγίὶ.</span> <span class='ocrx_word' id='word_1_1045' title='bbox 2297 5911 2306 5942; x_wconf 91' lang='lat'><strong>:</strong></span> <span class='ocrx_word' id='word_1_1046' title='bbox 2339 5916 2361 5936; x_wconf 77' lang='grc' dir='ltr'>α</span> <span class='ocrx_word' id='word_1_1047' title='bbox 2389 5895 2654 5959; x_wconf 67' lang='lat' dir='ltr'>Miseranda</span> <span class='ocrx_word' id='word_1_1048' title='bbox 2680 5895 2938 5955; x_wconf 51' lang='lat' dir='ltr'>hypallage</span> <span class='ocrx_word' id='word_1_1049' title='bbox 2963 5908 3049 5959; x_wconf 65' lang='lat' dir='ltr'>pro</span> <span class='ocrx_word' id='word_1_1050' title='bbox 3068 5901 3152 5952; x_wconf 84' lang='grc' dir='ltr'>τῆς</span> <span class='ocrx_word' id='word_1_1051' title='bbox 3178 5897 3343 5959; x_wconf 79' lang='grc' dir='ltr'>ἀρετῆς</span> <span class='ocrx_word' id='word_1_1052' title='bbox 3369 5897 3682 5959; x_wconf 72' lang='grc' dir='ltr'>ήπεριουςία.</span> 
     </span>
    </p>
   </div>
   <div class='ocr_carea' id='block_1_133' title="bbox 2001 5954 3431 6008">
    <p class='ocr_par' dir='ltr' id='par_1_133' title="bbox 2001 5954 3431 6008">
     <span class='ocr_line' id='line_1_133' title="bbox 2001 5954 3431 6008; baseline 0.002 -7"><span class='ocrx_word' id='word_1_1053' title='bbox 2001 5954 2185 6004; x_wconf 66' lang='lat' dir='ltr'>Verum</span> <span class='ocrx_word' id='word_1_1054' title='bbox 2232 5958 2302 6006; x_wconf 84' lang='lat' dir='ltr'>sic</span> <span class='ocrx_word' id='word_1_1055' title='bbox 2349 5958 2512 6008; x_wconf 76' lang='lat' dir='ltr'>sulem</span> <span class='ocrx_word' id='word_1_1056' title='bbox 2559 5963 2710 6004; x_wconf 74' lang='lat' dir='ltr'>multa</span> <span class='ocrx_word' id='word_1_1057' title='bbox 2747 5954 3090 6004; x_wconf 59' lang='lat' dir='ltr'>Iesliuimllbus</span> <span class='ocrx_word' id='word_1_1058' title='bbox 3134 5954 3363 6004; x_wconf 54' lang='lat' dir='ltr'>ext‘idere</span> <span class='ocrx_word' id='word_1_1059' title='bbox 3409 5976 3431 5996; x_wconf 70' lang='grc' dir='ltr'><strong><em>υ</em></strong></span> 
     </span>
    </p>
   </div>
   <div class='ocr_carea' id='block_1_134' title="bbox 3133 6035 3205 6092">
    <p class='ocr_par' dir='ltr' id='par_1_134' title="bbox 3133 6035 3205 6092">
     <span class='ocr_line' id='line_1_134' title="bbox 3133 6035 3205 6092; baseline 0.028 -2"><span class='ocrx_word' id='word_1_1060' title='bbox 3133 6035 3205 6092; x_wconf 78' lang='lat'>‘21</span> 
     </span>
    </p>
   </div>
  </div>
