4058 6392
418 394 524 450 333

418 508 702 579 συντομίας
737 507 804 559 τὰ
829 509 944 560 κατ’
973 501 1129 559 αὑτὸ]
1152 503 1529 576 διηγήσασθαι,
1566 505 1651 557 ῖνα
1674 504 1845 576 εἰδῆτε
1876 504 1969 558 καὶ
1992 504 2083 558 τοῦ

414 593 622 647 δικαίου
652 594 751 666 τὴν
808 593 1242 663 ὑπερϐάλλουσαν
1297 593 1498 656 πίστιν,
1556 590 1621 665 ᾖν
1664 591 1794 662 περὶ
1825 590 1923 655 τάς
1955 593 2086 645 ὑπο⁴

416 682 629 750 σχέσεις
675 681 765 735 τοῦ
822 681 956 734 Θεοῦ
1001 680 1389 745 ἔπιδείκνυται,
1441 679 1536 733 καὶ
1558 676 1654 731 τοῦ
1708 679 2088 749 φιλανθρώπου

412 767 549 820 Θεοῦ
578 768 717 837 μετά
748 768 1024 838 δαψιλείας
1046 767 1145 829 τὰς
1177 766 1413 836 ἀμοιϐὰς
1446 765 1594 836 αὑτῷ
1632 766 2008 836 παρεχομένου
2037 778 2084 818 ι.

427 853 632 917 Ἱκανὸς
656 856 765 927 γάρ
794 855 825 905 6
868 855 1073 915 δίκαιος
1122 848 1275 917 οὗτος
1308 854 1552 916 ἅπαντας
1591 856 1736 922 ἡμᾶς
1781 852 2085 915 παιδεῦσαι,

412 940 551 1008 1:96;
590 942 716 1005 τοὺς
750 942 845 1010 τῆς
876 940 1079 1011 ἀρετῆς
1105 938 1321 1009 ἀγῶνας
1350 941 1487 1011 μετά
1514 940 1821 1012 προθυμίας
1860 939 2088 994 ἀποδύε-

416 1026 539 1079 σθαι
564 1026 898 1098 θαρροῦντας
942 1029 1062 1090 ταῖς
1085 1026 1292 1081 ἀνωθεν
1323 1020 1599 1097 ἀμοιϐαῖς,
1634 1028 1726 1081 καὶ
1758 1027 1961 1091 εἰδότας
1994 1025 2085 1078 τοῦ

413 1113 684 1182 ἡμετέρου
714 1113 989 1166 Δεσπότου
1020 1112 1118 1184 τὴν
1174 1112 1502 1183 φιλοτιμίαν,
1538 1114 1714 1167 πάντα
1739 1114 1807 1167 τά
1853 1114 2085 1183 δυσχερῆ

413 1200 739 1270 νομιζόμενα
761 1199 902 1253 κατὰ
927 1200 1017 1253 τὸν
1063 1199 1306 1271 παρόντα
1339 1200 1453 1271 βίον
1487 1201 1602 1272 μετ’
1633 1200 1894 1264 ,εὐκολίας
1920 1216 2085 1252 κατασ

409 1286 681 1355 δέχεσθαι,
716 1289 782 1356 τῇ
803 1276 973 1339 ἐλπίδι
1005 1285 1115 1338 τῶν
1141 1287 1462 1340 ἀντιδόσεων
1490 1288 1872 1357 τρεφομένους.
1912 1286 2086 1352 Προσε-

410 1374 560 1443 ἑχετε
590 1374 677 1445 δὴ,
706 1374 1027 1444 παρακαλῶ,
1047 1376 1196 1438 ὃπως
1220 1377 1283 1427 ἐκ
1308 1376 1623 1447 προοιμίων,
1652 1372 1834 1444 ἐπειδὴ
1864 1373 1933 1426 τὰ
1957 1373 2085 1442 παρ’

411 1462 604 1515 ἐαυτοῦ
626 1462 835 1516 οἴκοθεν
854 1464 1173 1533 εἰσήνεγκεν
1205 1465 1268 1516 ἐκ
1293 1465 1391 1533 τῆς
1408 1463 1729 1533 ἐγκειμένης
1748 1464 1813 1531 τῇ
1840 1462 2085 1531 ἡμετέρᾳ

411 1548 857 1616 φύσειγνὼσεως,
885 1550 1071 1603 οὑδένα
1100 1548 1295 1614 ἔξωθεν
1317 1540 1562 1618 ἐσχηκὼς
1592 1549 1927 1611 διδάσκαλον,
1950 1547 2085 1599 ἀλλά

411 1632 506 1683 καὶ
533 1632 637 1683 ὑπὸ
663 1632 910 1693 ἀπίστοις
930 1631 1143 1699 γονεῦσι
1166 1632 1515 1701 τρεφόμενος,
1545 1631 1642 1697 τῆς
1676 1630 1826 1693 θείας
1847 1630 2086 1683 ἀπέλαυ-

412 1732 508 1769 σεν
528 1717 867 1785 ἐπιφανείας.
890 1715 1041 1787 [565]
1076 1715 1290 1786 Ἐπειδὴ
1326 1717 1433 1787 γὰρ
1460 1716 1625 1786 μηδὲν
1654 1715 1793 1769 κατὰ
1815 1716 1912 1786 τὴν
1944 1713 2086 1785 πρώ-

406 1819 508 1871 την
528 1802 743 1873 ἠλικίαν
776 1806 840 1873 τῇ
866 1803 1042 1876 πλάνῃ
1072 1803 1165 1855 τοῦ
1190 1801 1406 1873 πατρὸς
1436 1802 1921 1872 κατηκολούθησεν,
1950 1801 2082 1854 ἀλλά

366 1902 369 1903 ⁷
409 1890 519 1957 τὴν,
542 1889 678 1958 πρὸς
701 1889 762 1941 τὸ
782 1888 935 1942 Θεῖον
960 1888 1259 1959 θεραπείαν
1286 1889 1653 1952 ἐπεδείκνυτο,
1689 1889 1785 1942 καὶ
1821 1892 1918 1958 τῆς
1952 1890 2085 1943 ἀνω-

410 1973 503 2025 θεν
540 1975 848 2044 ἐπισκοπῆς
881 1977 1089 2044 ταχέως
1132 1976 1392 2045 ἐπέτυχεν
1428 1976 1508 2028 ἔτι
1550 1976 1641 2028 ἐπὶ
1670 1978 1767 2046 τῆς
1815 1976 2085 2039 Χαλδαίας

409 2060 505 2111 ὧν·
530 2062 686 2115 τοῦτο
733 2062 842 2132 γὰρ
876 2065 1009 2133 ἡμῖν
1056 2062 1388 2133 σαφέστερον
1444 2063 1716 2116 ἐκτίθεται
1760 2065 1788 2116 6
1818 2064 2084 2134 μακάριος

412 2149 682 2215 Στέφανος
700 2148 843 2202 οὑτω
863 2150 1054 2216 λέγων·
1093 2149 1155 2200 '0
1181 2149 1323 2213 Θεὸς
1351 2150 1461 2216 τῆς
1475 2149 1658 2216 δόξης
1686 2149 1850 2217 ὤφθη
1866 2148 1946 2214 τῷ
1974 2164 2082 2202 πα-

410 2236 499 2300 τρί
525 2233 688 2301 ἡμῶν
719 2234 964 2301 Ἀϐραὰμ
1007 2234 1132 2286 ὄντι
1162 2234 1230 2286 ἐν
1259 2233 1335 2302 τῇ
1378 2235 1821 2302 ΜεσοποταμΙᾳ,
1855 2234 1996 2302 πρίν
2040 2235 2080 2302 ἢ

409 2319 767 2386 κατοικῆσαι
801 2320 986 2373 αὐτὸν
1017 2321 1086 2373 ὲν
1105 2321 1342 2388 Χαρῤἀν
1392 2317 1542 2384 Εἶδες
1560 2321 1676 2383 πῶς
1704 2323 1737 2392 ὴ
1770 2320 1891 2391 ὄψις
1920 2322 2082 2376 αὑτὸν

408 2406 618 2460 ἐκεῖθεν
658 2406 953 2477 ἀνέστησεν
981 2407 1044 2469 b;
1100 2407 1260 2470 Εἰκὸς
1293 2406 1398 2477 γὰρ
1433 2408 1515 2460 ὅτι
1562 2407 1699 2477 μετά
1726 2408 1823 2477 τῆς
1845 2408 1974 2478 περί
2024 2409 2083 2461 τὸ

407 2492 559 2543 Θεῖον
588 2490 907 2561 θεραπείας,
941 2492 1031 2543 καὶ
1062 2491 1161 2562 τὴν
1204 2493 1332 2560 περὶ
1365 2494 1490 2555 τοὺς
1530 2493 1926 2563 γεγεννηκότας
1950 2495 2082 2547 αἰδῶ

408 2577 877 2646 ἐπιδεικνύμενος,
910 2579 1004 2630 καὶ
1026 2580 1106 2639 εἰς
1134 2578 1266 2631 πολὺ
1294 2578 1513 2647 φίλτρον
1531 2579 1973 2648 ἐπισπασάμενος
1992 2582 2082 2632 τὸν

292 2689 302 2703 ο
407 2665 643 2736 πατέρα,
668 2664 830 2727 αὐτὸς
853 2664 998 2732 αὑτῷ
1022 2664 1193 2727 αἴτιος
1218 2665 1409 2733 γέγονε
1435 2664 1532 2727 τῆς
1550 2664 1754 2718 ἐκεῖθεν
1776 2663 1973 2729 ἐξόδου·
1990 2666 2082 2719 καί¹

407 2752 495 2804 διά
521 2751 612 2804 τὸν
641 2750 804 2804 πόθον
818 2751 911 2803 τοῦ
933 2750 1122 2813 παιδὸς
1142 2752 1399 2822 ἠνέσχετο
1418 2752 1737 2805 καταλιπεῖν
1761 2752 1857 2820 τὴν
1879 2753 2083 2806 οἰκείαν

407 2834 663 2904 πατρίδα,
691 2834 787 2887 καὶ
805 2834 903 2903 τὴν
939 2833 1225 2903 ἀλλοτρίαν
1249 2835 1490 2905 οἰκῆσαι.
1529 2834 1667 2886 Ἀλλ’
1700 2835 1803 2905 ὅρα
1827 2852 1915 2905 μοι
1948 2836 2084 2906 μετά

406 2916 713 2986 ἀκριϐείας,
743 2916 859 2980 πῶς
882 2918 978 2969 καὶ
1000 2917 1137 2986 αὑτὴ
1156 2920 1189 2986 ἡ
1226 2916 1377 2985 παρὰ
1419 2916 1512 2969 τοῦ
1532 2916 1667 2969 Θεοῦ
1699 2918 1967 2988 γενομένη
1994 2917 2084 2970 διά

405 3004 504 3072 τὴν
536 3001 912 3073 προλαϐοῦσαν
942 3003 1140 3073 ἀρετὴν
1175 3003 1252 3065 είς
1283 3002 1446 3056 αὑτὸν
1477 3002 1764 3071 ἐπίσκεψις
1797 3002 1957 3056 πάλιν
1981 3005 2082 3057 αὑ·-

408 3090 499 3141 τοῦ
523 3088 621 3159 τὴν
661 3088 855 3159 ἀρετὴν
882 3088 1349 3158 περιφανεστέραν
1390 3088 1701 3159 ἐργάζεται.
1740 3088 1931 3142 Εἵλετο
1974 3090 2083 3161 γὰρ

416 3176 505 3245 τὴν
529 3175 714 3245 χώραν
745 3176 844 3244 τὴν
879 3174 1149 3245 πατρικὴν
1182 3174 1500 3228 καταλιπεῖν
1533 3176 1628 3227 καὶ
1666 3174 1766 3244 τὴν
1801 3174 2083 3246 ἀλλοτρίαν

407 3260 649 3330 οἰκῆσαι,
699 3261 785 3313 ἴνα
825 3262 885 3313 τὺ
932 3262 1083 3329 παρά
1124 3261 1221 3313 τοῦ
1272 3260 1407 3313 Θεοῦ
1443 3260 1782 3331 προσταχθὲν
1808 3262 1887 3323 εἰς
1925 3262 2083 3333 ἔργον

408 3350 611 3420 ἀγάγῃ·
631 3349 724 3401 καὶ
742 3349 954 3417 ἕτοιμος
980 3343 1068 3420 ἦν,
1087 3347 1161 3410 ῶς
1186 3347 1309 3418 ἐμοὶ
1330 3346 1493 3410 δοκεῖ,
1528 3348 1621 3401 καὶ
1639 3349 1765 3403 ἀνευ
1786 3350 1893 3403 τῶν
1915 3366 2083 3420 προσ-

406 3437 654 3504 ηκόντων
686 3435 782 3488 καὶ
833 3433 954 3488 καθ’
1004 3434 1194 3487 ἐαυτὸν
1243 3434 1343 3505 τὴν
1385 3435 1694 3507 ἀποδημίαν
1749 3436 2079 3490 στείλασθαι·

408 3523 542 3587 ἀλλ’,
568 3522 706 3593 ὅπερ
732 3520 899 3593 ἔφθην
928 3520 1115 3583 εἰπὼν,
1137 3524 1170 3591 ἡ
1192 3520 1285 3573 τοῦ
1316 3521 1507 3594 ἀνδρὸς
1533 3522 1720 3595 ἀρετὴ,
1745 3523 1887 3595 καὶὴ
1916 3524 2083 3594 πολλὴ

408 3609 680 3680 θεραπεία
713 3611 747 3679 ὴ
794 3610 921 3678 περὶ
950 3610 1075 3670 τοὺς
1119 3607 1376 3672 τεκόντας
1412 3609 1786 3680 συνοδοιπόρον
1836 3610 2083 3678 γενέσθαι

410 3697 505 3749 καὶ
527 3696 618 3748 τὸν
654 3695 864 3761 πατέρα
896 3692 1326 3763 παρεσκεύασεν.

482 3780 615 3837 Εἶτα
632 3781 816 3851 ἐπειδὴ
853 3781 949 3851 τὴν
974 3782 1198 3851 Χαρρὰν
1219 3780 1538 3847 κατέλαϐον,
1576 3782 1692 3835 ἐκεῖ
1713 3782 1809 3854 τὴν
1837 3784 2038 3855 σκηνὴν
2058 3798 2079 3823 ε

411 3871 702 3941 ἐπήξαντο.
735 3868 846 3921 Καὶ
877 3867 1297 3937 τελευτήσαντος
1338 3866 1433 3920 τοῦ
1463 3867 1652 3939 Θάρρα
1682 3869 1857 3939 (τοῦτο
1881 3870 1987 3941 γὰρ
2016 3867 2084 3942 ἦν

411 3959 583 4025 δνομα
619 3953 698 4024 τῷ
733 3952 940 4021 πατρὶ),
980 3950 1143 4003 πάλιν
1195 3953 1588 4022 προστάττεται
1604 3953 1783 4023 επαρά
1825 3955 1917 4008 τοῦ
1948 3957 2082 4009 Θεοῦ

410 4041 647 4105 ἐξελθεῖν
685 4037 913 4091 ἐκεῖθεν.
948 4036 1196 4101 Ἔξελθε
1224 4039 1350 4108 γὰρ,
1385 4039 1571 4106 φησὶν,
1609 4039 1680 4108 ἐκ
1706 4039 1816 4109 τῆς
1840 4040 1950 4110 γῆς
1968 4058 2083 4096 σου

413 4128 508 4181 κ(ιί
532 4128 601 4180 ἐκ
620 4126 731 4194 τῆς
751 4125 1112 4194 συγγενείας
1137 4140 1273 4189 σου,
1299 4126 1398 4178 καὶ
1424 4124 1601 4193 δεῦρο
1614 4129 1702 4192 εἰς
1719 4127 1832 4194 τὴν
1852 4127 1987 4197 γῆν,
2006 4127 2087 4196 ἣν

412 4218 489 4268 ἄν
511 4229 611 4268 σοι
631 4212 826 4275 δείξω.
871 4210 1088 4281 Ἐπειδὴ
1119 4210 1245 4282 γὰρ’
1266 4210 1405 4282 μετά
1429 4212 1613 4283 πάσης
1662 4213 1766 4284 τῆς
1790 4214 1966 4277 οἰκίας
2007 4217 2086 4278 εἰς

410 4304 509 4371 τὴν
532 4294 755 4371 Χαρρὰν
788 4299 1142 4369 μετέστησαν,
1171 4299 1259 4352 διὰ
1290 4298 1449 4352 τοῦτο
1476 4298 1707 4353 ἐνταῦθα
1738 4301 2085 4369 προστάττων

409 4385 557 4456 αὐτῷ
577 4386 810 4451 ἐξελθεῖν
836 4385 1195 4456 προσέθηκεν,
1229 4386 1324 4438 Ἐκ
1353 4384 1461 4453 τῆς
1483 4385 1595 4454 γῆς
1610 4401 1726 4438 σου
1754 4387 1851 4439 καί
1878 4386 1947 4441 ἐκ
1977 4386 2086 4455 τῆς

406 4472 764 4543 συγγενείας
785 4486 923 4533 σου,
949 4472 1123 4542 δηλῶν
1147 4470 1411 4541 αὑτῷ,ὃτι
1437 4472 1598 4524 αὑτὸν
1625 4471 1782 4541 μόνον
1806 4472 1925 4526 καθ’
1961 4476 2085 4527 ἐαυ-

413 4564 501 4614 τὸν
534 4559 781 4630 βούλεται
820 4559 919 4628 τὴν
942 4559 1249 4627 ἀποδημίαν
1290 4559 1639 4628 ποιήσασθαι,
1683 4562 1776 4612 καὶ
1819 4561 1954 4631 μήτε
1992 4562 2085 4614 τὸν

412 4645 659 4713 ἀδελφὸν,
712 4646 804 4697 τὸν
855 4644 1058 4715 Ναχὼρ
1104 4645 1269 4711 λέγω,
1308 4646 1444 4715 μήτε
1470 4645 1653 4715 ἕτερόν
1680 4663 1799 4699 τινα
1829 4647 2085 4716 ἐπισύρε-

414 4727 556 4780 σθαι.
602 4728 697 4779 Ἐκ
716 4727 815 4793 τῆς
844 4726 947 4794 γῆς
974 4743 1063 4777 σου
1097 4726 1153 4778 δὲ
1186 4727 1388 4793 ἔλεγεν,
1420 4728 1608 4797 ἐπειδὴ
1643 4728 1831 4799 χρόνον
1860 4730 1959 4782 οὑκ
1978 4730 2085 4781 ὀλί-

414 4825 506 4875 γον
541 4811 659 4861 ἐκεῖ
676 4810 1013 4878 οἰκήσαντες,
1048 4810 1120 4871 ὼς
1138 4811 1195 4861 έν
1231 4810 1337 4878 ἰδίᾳ
1364 4810 1547 4862 λοιπὸν
1571 4811 1788 4881 πατρίδι
1815 4812 1911 4882 τὴν
1936 4813 2088 4883 οῐκη-

416 4909 499 4944 σιν
523 4892 800 4945 ἐποιοῦντο
838 4896 894 4943 ἐν
926 4894 1082 4962 αὑτῇ.
1119 4893 1311 4947 Καίτοι
1344 4894 1437 4967 τοῦ
1493 4894 1720 4957 πένθους
1751 4895 1857 4948 τῶν
1891 4896 2087 4949 ἐαυτοῦ

426 4974 617 5037 ,ονέων
645 4976 981 5044 ἀκμάζοντος
1013 4977 1126 5038 ἔτι,
1182 4978 1275 5029 καὶ
1309 4978 1508 5047 πολλῆς
1555 4978 1720 5049 οὔσης
1745 4980 1866 5032 τότε
1894 4980 2084 5049 δυσχε-

419 5055 570 5124 ρείας
600 5073 657 5107 τε
715 5057 807 5108 καὶ
838 5057 1047 5118 ἀνοδίας
1103 5058 1242 5109 κατὰ
1293 5060 1389 5121 τὰς
1428 5060 1756 5130 ἀποδημίας,
1793 5061 1909 5114 ἀλλ’
1939 5064 2089 5132 ὅμως

418 5142 556 5210 μετά
591 5144 770 5210 πάσης
802 5143 1111 5213 προθυμίας
1135 5145 1195 5196 τὸ
1214 5145 1491 5215 ἐπίταγμα
1514 5148 1573 5199 τὸ
1592 5148 1742 5218 παρά
1776 5148 1867 5202 τοῦ
1884 5132 2089 5204 Δεσπό-

416 5245 507 5280 του
540 5229 691 5298 ὴνυε,
741 5230 835 5281 καὶ
863 5230 1035 5283 ταῦτα
1069 5232 1165 5283 οὑκ
1192 5231 1365 5297 εἰδὼς,
1395 5234 1528 5285 ὅπου
1561 5236 1814 5305 στήσεται
1842 5237 1991 5308 αὑτῷ
2022 5240 2093 5293 τά

416 5316 515 5383 τῆς
546 5315 770 5384 πλάνης.
793 5315 973 5381 Δεῦρο
993 5316 1122 5386 γὰρ,
1156 5321 1336 5385 φησὶν,
1361 5320 1462 5373 οὑκ
1497 5322 1572 5383 εἰς
1603 5321 1757 5391 τήνδε
1778 5322 1874 5393 τὴν
1899 5326 2025 5393 γῆν,
2058 5325 2090 5395 ἢ

416 5403 726 5471 τήνδε,’ἀλλ”
751 5404 829 5464 εἰς
858 5405 963 5458 Ἦν
985 5404 1063 5457 ἄν
1090 5422 1187 5459 σοι
1212 5406 1405 5471 δείξω.
1437 5410 1544 5462 Καὶ
1566 5411 1712 5480 ὅμως
1743 5412 1912 5476 οὑτως
1940 5414 2093 5477 ὄντος

419 5492 666 5559 ἀορίστου
718 5490 1235 5561 τοῦ,ὲτιιτάγματος,
1295 5496 1446 5548 οὐδὲν
1494 5500 1987 5570 περιεργαζόμενος
2033 5503 2093 5554 τὸ

422 5583 756 5651 προσταχθὲν
782 5585 859 5646 είς
888 5583 1045 5653 ἔργον
1077 5584 1271 5654 ἤγαγε
1304 5587 1393 5639 καὶ
1418 5588 1507 5637 τὸν
1538 5589 1846 5656 ἀδελφιδοῦν
1875 5591 1930 5642 δὲ
1957 5592 2093 5662 ἐπή-

484 5704 508 5731 ⁶
530 5704 680 5771 Savil.
706 5704 1257 5771 conjﬁciljtapexépsvoc.
1328 5707 1352 5742 ¹¹
1392 5708 1693 5767 Ἀνέστησεν,
1728 5712 1791 5759 ad
1827 5712 1964 5761 sedes
1987 5727 2090 5762 m0-

418 5765 593 5811 vcndus
618 5764 843 5824 compulit
867 5776 882 5811 :
905 5764 1009 5811 haec
1032 5764 1120 5815 Vbi
1149 5771 1379 5828 lrequens
1403 5778 1480 5815 est
1522 5764 1608 5817 illi»
1633 5764 1738 5821 usu.
1809 5777 1828 5801 ο
1859 5774 2005 5820 Savil.
2040 5782 2090 5823 et

419 5836 636 5892 ψιιιιςιιιο
660 5839 775 5892 ιιιειδ1
800 5828 884 5881 τήν
910 5829 1097 5881 οἰκησιν
1119 5830 1360 5885 ἐπήξαντο.
1391 5830 1562 5883 Morel.
1602 5835 1685 5891 τὴν
1711 5834 1889 5890 σκηνήν
1920 5836 2049 5889 ἐπήξ·
2076 5855 2085 5882 ε

420 5894 566 5943 atque
590 5888 655 5931 ita
680 5888 794 5947 legi'
824 5894 1082 5946 πίθησθε.

1196 391 1271 461 8.
1294 388 1577 446 ΙΟΑΝΝΙδ
1615 383 2081 443 (ζηιιιεοεῑολι

2200 386 2468 443 RGIHEI’.
2511 382 3059 443 CONSTANTINOP.
3756 390 3855 444 εει

2198 522 2341 573 γετο,
2367 505 2461 559 καὶ
2490 504 2577 558 διὰ
2605 502 2796 556 τούτου
2824 501 2922 572 τὴν
2945 500 3151 553 οἰκείαν
3174 499 3373 570 ἀρετὴν
3397 499 3625 564 δεικνύς.
3647 503 3861 577 Ἐπειιη

2196 592 2304 663 γὰρ
2334 592 2452 646 νέον
2473 592 2634 645 αὑτὸν
2650 588 3084 662 προσλαϐόμενος
3112 588 3251 640 κατά
3274 588 3467 657 μικρὸν
3495 588 3737 659 μιμητὴν
3768 609 3861 643 κα⁹

2197 678 2491 744 τεσκεύαζε
2514 680 2610 749 τῆς
2626 679 2830 738 οἰκείας
2862 676 3083 747 ἀρετῆς,
3115 676 3213 728 οὑκ
3242 674 3502 745 ἠνέσχετο
3552 695 3563 705 ·
3586 676 3742 729 οῦτον
3770 696 3860 731 κα-

2197 766 2461 830 ταλιπεῖν,
2484 764 2624 831 ¹ἀλλά
2652 766 2903 817 κοινωνὸν
2922 763 3085 816 αὑτὸν
3108 763 3380 832 ἐλάμϐανε
3409 764 3507 833 τῆς
3534 766 3860 835 ἀποδημίας.

2196 851 2260 907 Εἰ
2290 854 2400 923 γάρ
2420 856 2449 906 6
2477 852 2677 923 πατὴρ,
2711 848 2890 921 φηςιν,
2925 849 3151 912 ἄπιστος
3167 851 3261 915 ὢν,
3283 851 3371 904 διά
3395 852 3457 904 τὸ
3479 852 3609 922 περὶ
3635 854 3738 921 ἐμὲ
3757 854 3864 922 φίλ-

2196 956 2320 1012 τρον
2339 940 2437 1011 τὴν
2467 940 2640 993 οἰκίαν
2664 938 2761 1009 τὴν
2794 926 3070 1007 πατρῴαν,
3120 937 3247 990 ἔνθα
3270 940 3459 1009 ἐτέχθη
3468 957 3566 1009 μεν
3592 941 3863 1013 min-5&1]-

2196 1027 2389 1097 θημεν,
2415 1026 2729 1080 καταλιπεῖν
2762 1024 3083 1091 κατεδέξατο
3108 1025 3201 1078 καὶ
3224 1027 3584 1097 ἀκολουθῆσαί
3613 1043 3725 1095 μοι,
3775 1030 3863 1082 καὶ

2196 1114 2286 1165 ἐπὶ
2314 1113 2413 1183 τῆς
2441 1112 2723 1183 ἀλλοτρίας
2758 1110 2848 1183 [56
2861 1110 2907 1182 ι]
2938 1112 3027 1164 τὸν
3083 1110 3198 1181 βίον
3255 1113 3539 1166 κατέλυσε·
3594 1114 3777 1184 πολλῷ
3803 1115 3865 1186 δὴ

2198 1199 2395 1271 μᾶλλον
2422 1197 2531 1267 ἐγὼ
2555 1200 2691 1268 πρὸς
2712 1199 2801 1251 τὸν
2827 1198 2920 1251 τοῦ
2945 1197 3171 1267 ἀδελφοῦ
3205 1198 3385 1263 παῖδα,
3418 1199 3509 1251 τὸν
3543 1201 3664 1253 νέον
3688 1202 3777 1254 τὸν
3802 1204 3864 1255 ἐκ

2196 1287 2493 1360 προοιμίων
2510 1288 2792 1342 δεικνύντα
2830 1288 2904 1352 ὡς
2929 1288 3069 1341 κατά
3094 1288 3287 1359 μικρὸν
3304 1287 3558 1341 ἐπιδώσει
3586 1290 3727 1360 πρὸς
3742 1293 3864 1361 ἀρε-

2194 1377 2313 1446 τὴν,
2334 1376 2433 1429 οὑκ
2457 1374 2521 1429 ἂν
2550 1374 2881 1446 ἀνασχοίμην
2909 1375 3143 1429 ἐνταῦθα
3170 1378 3408 1443 ἀφεῖναι.

2269 1462 2333 1532 β’.
2366 1462 2516 1516 Ἐπεὶ
2537 1458 2628 1515 οὖν
2651 1461 2738 1514 διά
2759 1463 2972 1516 πάντων
2995 1462 3209 1524 δεικνὺς
3230 1462 3394 1515 αὑτοῦ
3413 1464 3475 1517 τὸ
3489 1464 3758 1533 φιλόθεον,
3775 1468 3865 1520 καὶ

2192 1551 2395 1620 ταύτην
2420 1550 2710 1620 ἐποιήσατο
2734 1549 2831 1621 τὴν
2863 1548 3190 1619 ἀποδημίαν,
3247 1550 3406 1620 ἡνίκα
3459 1553 3738 1607 κατέλαϐε
3765 1552 3862 1625 τὴν

2194 1638 2571 1707 Παλαιστίνην.
2588 1639 2681 1690 καὶ
2701 1636 2808 1690 τῶν
2837 1637 2976 1707 ὅρων
2993 1635 3162 1706 ἐπέϐη
3184 1635 3293 1689 τῶν
3309 1638 3651 1703 Χαναναίων,
3681 1638 3865 1709 ὀφθεὶς

2194 1723 2341 1794 αὑτῷ
2366 1726 2394 1776 6
2417 1724 2548 1787 Θεὸς
2572 1724 2662 1776 καὶ
2693 1724 2962 1794 νευρῶσαι
2984 1721 3147 1776 αὑτοῦ
3184 1722 3504 1792 βουλόμενος
3532 1725 3633 1795 τὴν
3660 1726 3865 1795 προθυ-

2195 1810 2325 1878 μίαν
2350 1810 2443 1861 καὶ
2467 1812 2621 1879 χεῖρα
2650 1808 2853 1879 ὀρέξαι,
2879 1810 3012 1876 φησί
3033 1808 3167 1879 πρὸς
3206 1808 3387 1861 αὐτόν’
3435 1808 3519 1874 Τῷ
3568 1811 3866 1881 σπέρματί

2192 1914 2309 1950 σου
2345 1896 2514 1949 δώσω
2546 1895 2657 1961 τὴν
2678 1893 2795 1964 γῆν
2814 1897 3061 1963 ταύτην.
3091 1895 3267 1964 Ὅπερ
3302 1895 3565 1965 ἐπεθύμει
3614 1899 3711 1951 καί
3742 1898 3865 1951 ἐπό-

2194 1983 2296 2046 θει,
2326 1984 2530 2035 παίδων
2558 1982 2702 2049 λέγω
2726 1982 2824 2051 τὴν
2857 1979 3123 2050 διαδοχὴν,
3159 1981 3316 2035 τοῦτο
3340 1982 3489 2053 αὑτῷ
3510 1982 3719 2048 εὐθέως
3750 1985 3864 2038 ὑπι-

2196 2073 2451 2140 σχνεῖται,
2494 2068 2728 2140 ἀμοιϐὴν
2782 2068 2931 2137 αὑτῷ
2980 2069 3089 2121 τῶν
3142 2067 3409 2121 τοσούτων
3447 2070 3627 2124 πόνων
3668 2070 3861 2135 διδούς.

2205 2156 2420 2226 Ἐπειδὴ
2446 2158 2554 2226 γὰρ
2573 2158 2679 2208 ἀπὸ
2708 2157 2804 2226 τῆς
2833 2156 3048 2225 φύσεως
3076 2156 3435 2227 ἀπεστέρητο,
3483 2158 3575 2211 καὶ
3612 2161 3647 2229 ή
3681 2159 3864 2230 ἡλικία

2190 2242 2374 2295 λοιπὸν
2389 2242 2750 2313 ἀπαγορεύειν
2790 2242 2989 2303 ἔπειθε,
3034 2245 3098 2314 τῇ
3125 2244 3416 2313 ὑποσχέσει
3446 2243 3756 2316 διανίστησι
3775 2247 3864 2299 τὸν

2189 2330 2449 2403 ἀθλητὴν,
2489 2332 2583 2383 καὶ
2625 2330 3030 2403 προθυμότερον
3077 2331 3480 2403 ἀπεργάζεται,
3527 2333 3624 2385 καὶ
3654 2331 3865 2395 νεάζειν

2192 2418 2350 2471 αὑτὸν
2377 2417 2770 2482 κατασκευάζει
2795 2417 2930 2487 πρὸς
2952 2418 3079 2479 τοὺς
3103 2417 3228 2487 ἐξῆς
3248 2416 3489 2486 ἀγῶνας.
3516 2418 3661 2489 Ὅρα
3688 2420 3863 2471 τοίνυν

2192 2505 2331 2575 μετά
2356 2503 2452 2574 τὴν
2480 2503 2777 2573 ὑπόσχεσιν
2815 2502 3039 2571 ταύτην,
3074 2503 3281 2573 ἐτέραν
3302 2502 3461 2557 πάλιν
3515 2502 3612 2574 τὴν
3637 2504 3863 2575 ἄθλησιν

2190 2593 2279 2643 τὸν
2312 2591 2519 2642 δίκαιον
2547 2590 2733 2643 τοῦτον
2762 2589 3064 2659 δεχόμενον.
3096 2588 3270 2658 Λιμοῦ
3304 2589 3413 2658 γὰρ
3440 2589 3861 2653 καταλαϐόντος,

2191 2677 2281 2729 καί
2311 2676 2507 2754 πολλῆς
2545 2674 2707 2745 οὑσης
2730 2676 2825 2744 τῆς
2856 2676 3215 2746 στενοχωρίας
3227 2677 3287 2729 ἐν
3314 2677 3382 2745 τῇ
3409 2676 3719 2747 Χαναναία,
3776 2679 3861 2730 ἐπὶ

2190 2761 2289 2831 τὴν
2320 2762 2593 2829 Αἴγυπτον
2641 2762 2884 2814 ἔσπευδε·
2922 2762 3015 2813 καὶ
3053 2760 3211 2830 λιμοῦ
3269 2760 3630 2831 παραμυθίαν
3688 2762 3863 2833 εὑρεῖν

2193 2847 2531 2918 βουλόμενος,
2553 2847 2760 2918 μείζοσι
2790 2845 3107 2917 περιέϐαλεν
3136 2845 3331 2900 ἐαυτὸν
3344 2847 3632 2911 κινδύνοις.
3670 2849 3736 2903 Ἠ
3758 2847 3862 2919 γάρ

2190 2935 2462 3006 εὐμορφία
2478 2935 2575 3004 τῆς
2591 2934 2847 3002 γυναικὸς
2860 2934 2953 2988 καὶ
2975 2934 3035 2985 τὸ
3057 2933 3249 3000 κάλλος
3265 2933 3364 3004 τῆς
3382 2934 3561 3004 Σάρας
3586 2936 3865 3005 μονονουχὶ

2189 3020 2281 3072 τδν
2302 3020 2527 3074 θάνατον
2538 3018 2682 3088 αὐτῷ
2698 3019 2803 3087 πρὸ
2819 3019 2925 3071 τῶν
2946 3018 3240 3088 ὀφθαλμῶν
3254 3017 3483 3072 ἐδείκνυ.
3502 3018 3596 3072 Διὸ
3622 3020 3719 3073 καὶ
3731 3020 3867 3089 πλη-

2193 3106 2304 3158 σίον
2323 3108 2610 3175 γενόμενος
2628 3108 2724 3176 τῆς
2738 3108 2817 3167 εἰς
2832 3103 3103 3172 Αἴγυπτον
3124 3103 3350 3168 εἰσόδου,
3367 3104 3503 3175 φησί
3518 3105 3656 3175 πρὸς
3674 3107 3863 3176 αὐτὴν.

2192 3194 2476 3248 Γινώσκω
2499 3194 2587 3246 ὅτι
2605 3195 2996 3260 εὐπρόσωπος
3014 3187 3086 3245 εἷ·
3112 3188 3229 3244 οἰδά
3252 3208 3346 3244 σου
3365 3190 3461 3244 τοῦ
3494 3192 3729 3257 κάλλους
3772 3193 3865 3264 τὴν

2192 3279 2361 3351 ὥραν,
2402 3281 2494 3332 καὶ
2520 3280 2729 3332 δέδοικα
2756 3279 2863 3332 τῶν
2897 3277 3208 3347 Αἰγυπτίων
3252 3276 3350 3348 τὴν
3381 3278 3701 3334 ἀκολασίαν.
3743 3281 3866 3334 Ἐὰν

2191 3364 2283 3421 οὖν
2320 3367 2468 3420 ίδωσί
2489 3383 2570 3428 σε,
2601 3367 2693 3418 καὶ
2716 3365 2915 3435 γνῶσιν
2937 3365 3018 3419 δτι
3041 3364 3298 3437 καθάπερ
3330 3369 3572 3435 γυναῖκα
3617 3369 3866 3439 περιάγω

2194 3471 2275 3516 σε,
2315 3454 2373 3507 σὲ
2397 3453 2494 3524 μὲν
2517 3456 2643 3515 ἴσως
2692 3453 3137 3524 περιποιήσονται
3156 3453 3327 3519 ,ὥστε
3352 3456 3433 3517 εἰς
3447 3452 3609 3525 ἔργον
3640 3457 3867 3524 ἀγαγεῖν

2190 3543 2287 3612 τῆς
2313 3543 2509 3612 μανίας
2533 3541 2709 3593 αὑτῶν
2741 3540 2831 3592 τὸν
2852 3529 3084 3613 οἶστρον,
3111 3542 3212 3613 ἐμὲ
3241 3542 3298 3595 δὲ
3322 3542 3738 3607 ἀποκτενοῦσιν,
3785 3543 3868 3597 ἵνα

2194 3628 2331 3699 μετά
2374 3620 2565 3689 ἀδείαξ
2608 3627 2793 3690 αὑτοῖς
2819 3626 2913 3697 ἐξῇ
2958 3627 3058 3697 τὴν
3104 3628 3455 3700 παρανομίαν
3506 3629 3866 3700 ἐργάσασθαι,

2190 3716 2292 3769 οὐκ
2320 3714 2471 3776 δντος
2489 3712 2583 3766 τοῦ
2606 3713 2705 3783 τὴν
2730 3714 2974 3783 μοιχείαν
3018 3714 3324 3785 κατάδηλον
3346 3718 3521 3769 ποιεῖν
3544 3716 3867 3787 δυναμένου.

2186 3800 2334 3855 Εἰπὲ
2362 3796 2475 3855 οὖν
2502 3800 2590 3853 ὅτι
2621 3800 2883 3869 ἀδελφός
2901 3814 3017 3854 σου
3041 3802 3179 3871 εἰμί.
3199 3802 3342 3874 Ὅρα
3370 3802 3750 3876 ἀδαμαντίνην
3769 3805 3870 3875 ψυ-

2192 3889 2313 3960 χὴν,
2345 3889 2446 3960 δρα
2463 3887 2687 3957 γνώμην
2715 3887 2932 3957 σιδήρου
2951 3888 3337 3960 στερροτέραν·
3352 3889 3473 3944 οὐδὲ
3499 3889 3611 3961 γὰρ
3628 3893 3870 3963 παρισά-

2193 3975 2382 4027 λευσεν
2401 3972 2564 4026 αὑτοῦ
2618 3972 2707 4025 τὸν
2736 3972 2996 4042 λογισμὸν
3030 3974 3063 4044 ὴ
3118 3975 3546 4047 προσδοκωμένη
3588 3978 3867 4048 συμφορὰ,

2192 4060 2313 4114 οὑδὲ
2346 4061 2643 4131 ἐνενόησεν,
2699 4060 2818 4112 οὑδὲ
2868 4055 2989 4113 εἷπε
3037 4060 3173 4132 πρὸς
3218 4062 3433 4115 ἐαυτόν·
3467 4062 3557 4116 διὰ
3586 4065 3751 4117 τοῦτο
3775 4064 3868 4134 τὴν

2194 4148 2400 4200 οἰκείαν
2427 4145 2740 4199 καταλιπὼν
2784 4147 3045 4218 πατρίδα,
3062 4148 3159 4200 καὶ
3176 4148 3441 4217 τοσαύτην
3463 4147 3868 4219 ἐπιδειξάμενος

2196 4232 2438 4302 ὑπακοὴν
2465 4228 2628 4303 ἦλθον
2649 4234 2727 4295 εἰς
2751 4232 2845 4303 τὴν
2877 4232 3184 4303 ἀλλοτρίαν,
3205 4234 3291 4287 ἵνα
3315 4233 3527 4297 τούτοις
3555 4235 3871 4306 περιϐληθῶ

2194 4324 2305 4383 τοῖς
2321 4322 2536 4384 κακοῖς;
2564 4319 2637 4372 Οὑ
2663 4319 2768 4390 πρὸ
2791 4319 2991 4389 μικροῦ
3019 4320 3285 4391 ὑπέσχετό
3319 4339 3429 4391 μοι,
3462 4322 3544 4376 ὅτι
3583 4322 3669 4388 Τῷ
3685 4324 3868 4391 σπέρ-

2189 4408 2333 4477 ματι
2368 4421 2484 4459 σου
2514 4405 2687 4459 δώσω
2732 4406 2847 4473 τὴν
2874 4404 2991 4476 γῆν
3015 4407 3277 4474 tamur;
3321 4407 3452 4462 Ἰδοὺ
3483 4410 3578 4462 καί
3622 4411 3869 4480 μοιχείας

2194 4495 2289 4546 καὶ
2315 4493 2543 4547 θανάτου
2579 4492 2741 4561 φόϐος
2769 4492 3049 4546 κατασείει
3068 4492 3226 4564 ἡμῶν
3252 4493 3353 4567 τὴν
3381 4494 3582 4566 ψυχήν.
3620 4496 3765 4548 Ἀλλ’
3794 4498 3871 4550 οὑ·

2193 4582 2281 4634 δὲν
2304 4580 2506 4633 τούτων
2526 4580 2645 4632 οὑδὲ
2671 4581 2727 4631 ἐν
2761 4578 2969 4651 διανοίᾳ
2992 4579 3177 4634 λαϐεῖν
3207 4580 3549 4648 κατεδέξατοο
3598 4583 3712 4635 ἀλλ’
3757 4584 3868 4645 ἐνδς

2195 4667 2401 4736 γίνεται
2434 4666 2616 4738 μόνου,
2636 4665 2753 4726 πῶς
2782 4666 2979 4736 δυνηθῇ
3002 4671 3061 4718 το
3087 4669 3321 4738 πονηρὸν
3348 4668 3507 4721 τοῦτο
3534 4671 3720 4741 δρᾶμα
3736 4674 3866 4725 ὑπο-

2196 4752 2541 4825 κρινάμενος.
2572 4750 2680 4803 τῶν
2706 4751 2797 4803 δύο
2834 4752 3036 4805 τούτων
3074 4753 3332 4808 κινδύνων
3376 4755 3741 4825 ἐπικειμένων
3786 4760 3867 4810 τδν

2197 4841 2291 4895 ἕνα
2312 4839 2441 4909 γοῦν
2462 4840 2742 4907 ἐκφυγεῖν.

2267 4928 2376 4981 Καὶ
2395 4926 2583 4997 ἐπειδὴ
2612 4928 2704 4979 καί
2727 4925 2884 4987 αὑτὸς
2914 4923 2981 4976 τά
3015 4926 3143 4994 παρ’
3170 4925 3365 4978 ἐαυτοῦ
3406 4927 3697 4995 εἰσήνεγκε
3735 4926 3871 4999 μετά

2198 5014 2444 5086 ἀνδρείας
2469 5013 2563 5083 τὴν
2592 5012 2899 5081 συμϐουλὴν
2926 5010 3314 5079 ποιησάμενος,
3339 5013 3433 5064 καὶ
3451 5014 3487 5081 ἡκ
3515 5013 3653 5084 γυνὴ
3676 5015 3869 5085 πολλὴν

2196 5101 2294 5173 τὴν
2316 5102 2444 5173 περὶ
2472 5101 2563 5153 τὸν
2595 5099 2762 5169 ἄνδρα
2811 5097 3191 5168 φιλοστοργίαν
3234 5097 3329 5149 καὶ
3375 5098 3623 5170 ὑπακοὴν
3673 5102 3871 5153 ἐπιδει-

2198 5191 2437 5260 κνυμένη
2460 5187 2787 5257 συνέπραξε,
2806 5185 2898 5237 καί
2927 5187 3041 5248 τοῖς
3070 5184 3285 5248 δόξασιν
3317 5186 3723 5257 ὑπηρετήσατο·
3782 5188 3870 5240 καί

2200 5278 2387 5348 ἐπειδὴ
2409 5276 2478 5330 τὰ
2500 5277 2629 5342 παρ’
2660 5273 2866 5342 ἑαυτῶν
2896 5274 3007 5343 ἀπή
3016 5290 3225 5343 ρτισαν,
3241 5274 3336 5325 καί
3365 5275 3488 5327 ὅσον
3510 5276 3651 5327 κατά
3673 5276 3873 5347 ἀνθρω-

2201 5364 2361 5433 πίνην
2390 5361 2707 5417 ἀκολουθίαν
2730 5361 3065 5429 ἀπέγνωστο,
3104 5361 3200 5413 καὶ
3254 5363 3335 5424 εἰς
3384 5361 3543 5431 ἔργον
3583 5362 3869 5433 ὲκϐεϐήκει

2204 5453 2385 5521 σχεδον
2423 5452 2489 5503 τὰ
2522 5450 2619 5511 τῆς
2654 5448 3017 5518 παρανομίας,
3037 5447 3158 5515 τότε
3190 5446 3357 5518 πολλὴ
3388 5449 3516 5517 περί
3537 5449 3701 5501 αὑτὸν
3724 5453 3756 5520 ὴ
3782 5450 3869 5502 τοῦ

2203 5540 2335 5590 Θεοῦ
2351 5537 2622 5588 δείκνυται
2646 5534 2887 5604 πρόνοια.
2912 5535 2986 5587 Οὑ
3013 5534 3169 5603 μόνον
3192 5533 3298 5603 γὰρ
3318 5534 3415 5603 τὴν
3445 5537 3677 5599 γυναῖκα
3700 5538 3727 5587 ὁ
3745 5537 3867 5597 Θεὸς

2198 5626 2297 5695 τῆς
2333 5622 2544 5693 ὕϐρεως
2578 5622 2849 5692 ἐξήρπασε
2878 5620 3025 5692 [565]
3067 5620 3155 5673 διὰ
3188 5621 3287 5690 τῆς
3309 5623 3759 5692 ἀγανακτήσεως,
3808 5625 3867 5691 ἣν

2205 5714 2347 5768 κατὰ
2366 5714 2456 5765 τοῦ
2476 5713 2622 5784 βασι)
2636 5713 2737 5773 έως
2758 5714 2851 5765 καὶ
2872 5712 3071 5773 παντὸς
3091 5712 3184 5763 τοῦ
3206 5712 3354 5764 οῖκου
3371 5711 3535 5764 αὑτοῦ
3557 5714 3863 5784 ἐποιήσατο,

2208 5802 2341 5853 ἀλλὰ
2362 5802 2454 5853 καὶ
2492 5801 2581 5853 τὸν
2626 5801 2968 5869 πατριάρχην
3013 5798 3150 5866 μετά
3176 5798 3368 5867 πολλῆς,
3396 5799 3492 5867 τῆς
3517 5803 3867 5869 περιφανείας

2203 5890 2308 5943 ἀπὸ
2327 5890 2420 5951 τίς
2449 5890 2720 5950 Αἰγύπτου
2771 5890 2861 5941 ἐπὶ
2889 5886 2986 5951 τὴν
3014 5887 3372 5952 Παλαιστίνην
3416 5888 3729 5941 ἐπανελθεῖν
3776 5906 3863 5943 πε-
