4058 6392
561 404 666 464 335

559 516 863 586 dignattotu;
888 535 980 575 si...
1014 522 1066 576 in
1099 539 1276 594 regem
1302 536 1354 581 et
1384 525 1436 581 itt
1463 528 1678 585 domum
1702 533 1816 604 ejus
1847 535 2081 591 immissa
2115 575 2130 598 ,

559 613 649 667 sed
673 625 726 667 et
751 617 1122 684 patriareham-
1144 635 1263 676 eum
1305 637 1492 691 magna
1524 626 1687 693 gloria
1715 628 1763 681 itt
1799 628 2132 682 Palu-stulam

556 719 617 755 ex
642 704 872 776 IEgypto
901 709 1074 762 redire
1100 713 1320 766 curavit.
1349 712 1639 769 Considera
1684 717 1952 785 quomodo
1985 719 2130 770 beni-

555 811 691 863 gnus
718 799 969 854 ltotninns
993 802 1040 853 itt
1077 802 1265 856 mediis
1291 805 1544 859 auxilium
1577 806 1801 861 alit-rens
1827 808 2134 861 tentatiotii-

559 888 656 941 bus
677 929 692 948 .
719 889 970 943 athletam
999 907 1150 945 smnn
1180 894 1243 946 ad
1276 895 1492 951 ferenda
1524 901 1800 967 sequentia
1841 901 2132 953 certatnina

559 974 829 1030 fortiorem
859 980 1060 1034 reddit:
1094 997 1192 1038 nec
1213 1000 1462 1054 umquam
1493 1002 1613 1040 eum
1635 1002 1732 1041 SttO
1769 989 2008 1044 destituit
2036 990 2131 1043 ad-

553 1066 793 1132 jnmento
813 1110 828 1132 ,
857 1071 953 1125 sed
985 1073 1035 1125 in
1066 1075 1315 1130 omnibus
1341 1093 1450 1131 rem
1478 1079 1545 1132 ita
1573 1087 1869 1148 temperat,
1900 1090 1953 1134 ut
1981 1081 2135 1150 plane

554 1157 732 1211 vidi-at
759 1159 871 1226 ille,
903 1177 961 1216 se
988 1179 1144 1231 parva
1177 1167 1490 1235 proferendo
1513 1209 1526 1232 ,
1555 1171 1760 1238 magnis
1780 1180 1832 1226 et
1863 1173 2054 1227 mirttm
2083 1175 2132 1227 in

554 1248 768 1302 modum
799 1253 1022 1320 magnis,
1054 1254 1445 1327 humanamque
1476 1267 1718 1313 naturam
1754 1265 2135 1316 transcenden-

555 1337 695 1391 tibus
718 1344 1065 1397 remunerari.
1105 1343 1291 1400 Vidisti
1318 1349 1446 1416 justi
1474 1349 1823 1418 patientiam?
1853 1351 1979 1407 Vide
2009 1353 2131 1407 item

553 1439 673 1495 poSt
700 1429 926 1484 reditum
957 1448 1020 1487 ex
1050 1433 1286 1505 Egypto
1313 1437 1624 1495 humilitatis
1645 1443 2059 1511 magnitudinem
2079 1453 2136 1498 et

553 1519 815 1588 insignem
869 1527 1350 1582 mansuetudinem.
1407 1529 1536 1584 Nam
1599 1546 1718 1586 cum
1777 1533 2024 1588 rediisset
2067 1537 2134 1590 ab

555 1605 789 1677 Egypto
819 1651 834 1670 .
883 1613 1208 1684 multamque
1249 1619 1543 1686 possideret
1585 1621 1933 1676 substantiam
1981 1630 1999 1690 (
2037 1641 2134 1680 nec

554 1695 668 1765 ipse
696 1699 843 1754 solus
867 1741 881 1764 ,
927 1701 1020 1756 sed
1049 1704 1222 1759 fratris
1253 1709 1390 1762 lilius
1416 1713 1737 1780 sequebatur
1758 1716 1796 1782 ),
1827 1713 1946 1769 Non
1968 1719 2133 1785 capie-

550 1787 654 1848 bat,
679 1788 864 1857 inquit,
893 1808 977 1845 eos
1003 1803 1134 1846 terra
1161 1806 1211 1848 ut
1243 1797 1524 1852 habitarent
1545 1802 1696 1855 simul
1724 1803 1874 1872 (Gen.
1910 1806 1993 1859 l3.
2023 1806 2081 1877 6)
2115 1847 2130 1872 ,

547 1877 669 1944 quia
708 1880 901 1933 multas
948 1883 1221 1940 facultates
1263 1887 1526 1942 habebant
1559 1908 1571 1942 :
1606 1893 1744 1946 unde
1786 1906 1834 1946 et
1869 1895 1977 1948 rixa
2016 1911 2066 1949 Ol
2084 1907 2131 1949 ta

552 1978 634 2022 est
662 1970 799 2024 inter
821 1982 1062 2040 pastores
1090 1976 1190 2031 Lot
1231 1988 1286 2032 et
1316 1981 1533 2034 Abram.
1564 1982 1712 2037 Tunc
1735 1985 1911 2052 justus
1941 1987 2132 2042 anima:

550 2075 662 2114 sua:
693 2064 1154 2120 mansuetudinem
1195 2079 1248 2122 et
1295 2069 1602 2138 prteclaratn
1636 2075 1939 2140 patientiam
1974 2092 2132 2131 mon-

549 2158 744 2214 strans,
775 2162 962 2207 vocato
988 2153 1087 2208 Lot
1109 2155 1242 2210 dixit
1281 2177 1292 2211 :
1347 2158 1429 2211 Ne
1453 2162 1514 2213 sit
1540 2164 1652 2214 rixa
1677 2165 1809 2216 inter
1834 2180 1914 2218 me
1949 2177 1998 2218 et
2036 2177 2084 2219 te
2114 2208 2130 2230 ,

546 2249 594 2292 et
623 2240 749 2293 inter
776 2254 1001 2309 pastores
1031 2261 1168 2300 meos
1210 2257 1257 2301 et
1304 2260 1532 2316 pastores
1566 2263 1676 2305 tuos
1709 2293 1724 2318 ,
1754 2255 1875 2322 quia
1904 2255 2132 2310 ltuittines

545 2332 733 2397 fratres
766 2347 940 2384 sumus
969 2350 1062 2387 nos
1096 2335 1115 2405 (
1143 2335 1276 2388 Ibid.
1309 2354 1354 2389 υ.
1379 2341 1411 2390 3
1446 2343 1459 2386 t
1484 2354 1498 2402 ;
1528 2343 1681 2408 quasi
1709 2341 1911 2397 diceret
1941 2363 1956 2398 ε
1987 2345 2128 2399 Nihil

549 2435 679 2490 pace
731 2427 1065 2492 prmslautius
1096 2443 1110 2491 ;
1147 2429 1276 2482 nihil
1326 2431 1667 2486 contentione
1715 2435 2026 2491 damnosius
2076 2449 2132 2494 et

545 2511 778 2581 gravius.
830 2512 896 2569 Ut
937 2516 1095 2585 igitur
1139 2533 1169 2572 e
1200 2520 1376 2574 medio
1402 2522 1652 2577 tollamus
1681 2540 1895 2580 omnem
1921 2529 2128 2583 rix:indi

547 2607 845 2671 materiam,
867 2607 1003 2677 elige
1029 2625 1185 2677 quam
1218 2611 1449 2666 volucris
1480 2615 1772 2684 regionem,
1791 2605 1842 2671 et
1871 2619 2127 2687 reliquam

545 2693 673 2747 mihi
704 2696 974 2766 relinque,
1027 2709 1083 2753 ut
1110 2715 1139 2752 a
1169 2702 1336 2754 litiutn
1364 2712 1419 2757 et
1443 2707 1843 2759 contentionum
1886 2709 2126 2763 molestia

545 2783 715 2839 simus
741 2785 922 2842 alieni.
958 2787 1140 2845 Vidisti
1168 2791 1265 2846 viri
1303 2793 1589 2849 virtutem?
1615 2796 1784 2850 Cessit
1808 2797 2009 2867 jun‘mi
2031 2815 2129 2871 po-

542 2872 739 2928 tiorum
770 2875 1070 2944 electione,
1099 2879 1213 2950 ipse
1257 2890 1542 2938 contentus
1584 2885 1770 2940 viliore
1819 2897 1983 2943 terra.
2022 2888 2134 2944 Sed

540 2964 662 3020 vide
693 2964 779 3020 hic
803 2967 962 3022 etiam
988 2979 1242 3039 quantam
1271 2974 1573 3030 mercedem
1601 2987 1788 3031 nactus
1817 2981 1886 3033 sit
1926 2996 2023 3049 pro
2063 2982 2125 3037 iis

540 3055 653 3110 suis
678 3055 888 3112 officiis.
921 3059 1112 3114 Statim
1142 3063 1286 3116 enim
1309 3059 1646 3133 separatione
1672 3083 1700 3120 a
1732 3068 1830 3123 Lut
1855 3070 1986 3125 facta
2008 3113 2022 3136 ,
2050 3074 2126 3129 ait

542 3145 616 3201 illi
663 3147 838 3203 Deus:
869 3148 1095 3206 Elevatis
1141 3143 1303 3209 oculis
1330 3157 1430 3210 tuis
1467 3159 1581 3212 uide
1617 3174 1811 3213 omnem
1851 3171 2038 3215 terram
2063 3163 2127 3217 ab

542 3239 682 3292 omni
703 3250 845 3308 parte
865 3257 884 3294 .'
908 3243 1026 3311 quia
1066 3261 1262 3300 omnem
1293 3257 1519 3315 terram,
1551 3267 1702 3317 quam
1733 3263 1785 3305 tu
1815 3254 1950 3308 vides
1983 3295 1998 3320 ,
2039 3255 2128 3310 tibi

541 3327 674 3380 a'ubo
701 3339 747 3381 et
773 3331 954 3383 semini
993 3341 1079 3386 tuo
1124 3351 1284 3402 usque
1319 3337 1372 3389 in
1409 3339 1647 3391 sa'culum
1691 3341 1711 3410 (
1741 3339 1879 3394 Ibid.
1912 3359 1960 3398 υ.
1993 3344 2061 3398 ﬂ
2083 3345 2123 3414 ).

539 3417 829 3473 Considera
866 3425 1080 3490 quantis
1112 3424 1384 3480 beneﬂciis
1415 3427 1610 3482 merito
1640 3427 1873 3485 aflicitur
1905 3433 1974 3488 oh
2002 3449 2123 3489 mo-

537 3505 761 3563 destiam
794 3550 807 3572 ,
835 3526 992 3578 quam
1020 3527 1144 3582 erga
1171 3513 1348 3568 fratris
1373 3515 1538 3570 tilium
1560 3517 1853 3575 declaravit
1883 3538 1896 3574 :
1925 3533 1980 3577 et
2010 3525 2125 3592 ipse

538 3595 753 3665 quidem
783 3609 839 3651 ut
864 3602 1038 3668 parvis
1078 3603 1281 3669 cessit,
1311 3604 1478 3658 tnulto
1521 3607 1720 3675 majora
1761 3621 2124 3680 consequutus

538 3697 623 3741 est
657 3705 670 3740 :
706 3689 792 3742 illc
817 3699 992 3744 autem
1027 3693 1113 3761 qui
1145 3694 1404 3761 pctiorem
1437 3706 1639 3764 partem
1667 3699 1938 3770 delegerat
1965 3743 1982 3768 ,
2014 3717 2122 3759 non

543 3779 711 3834 multo
757 3792 876 3850 post
912 3783 963 3837 in
1013 3785 1245 3854 pericula
1290 3787 1584 3845 inciditzet
1635 3807 1737 3846 non
1786 3794 1957 3848 solum
1988 3795 2120 3852 nihil

539 3873 805 3928 commodi
836 3875 902 3928 ab
930 3876 1194 3933 electione
1213 3882 1449 3949 accepit,
1481 3884 1575 3938 sed
1598 3896 1648 3938 et
1679 3888 1919 3954 captivus
1941 3897 1994 3943 et
2020 3889 2120 3944 do-

542 3977 632 4015 mo
660 3972 819 4031 atque
845 3963 962 4019 foco
992 3975 1212 4036 repente
1238 3970 1394 4023 simul
1442 3965 1679 4040 privatus
1701 3985 1781 4029 est
1813 3994 1826 4040 ;
1856 3978 2122 4048 rebusque

542 4054 669 4121 ipsis
699 4053 882 4108 didicit
912 4071 1069 4125 quam
1099 4059 1289 4114 eximia
1312 4061 1480 4115 virtus
1508 4063 1654 4131 justi,
1686 4074 1740 4119 et
1772 4067 1884 4134 ipse
1903 4069 2124 4124 edoctus

539 4154 622 4198 est
665 4161 732 4198 ne
780 4155 957 4215 postea
1003 4147 1130 4218 quid
1177 4165 1424 4220 umquam
1471 4155 1574 4209 tale
1631 4165 1936 4212 attentaret.
1991 4159 2122 4214 Nam

543 4244 816 4304 postquam
843 4237 1088 4294 Sodomis
1128 4241 1370 4298 habitare
1399 4246 1559 4313 cmpit
1590 4288 1603 4310 ,
1628 4248 1805 4305 statim
1834 4251 2123 4306 excitatum

537 4334 620 4380 est
644 4342 805 4395 grave
837 4329 1031 4384 bellum
1062 4372 1076 4395 ,
1101 4341 1156 4386 et
1180 4335 1475 4389 vicinarum
1496 4339 1730 4405 gentium
1765 4355 1918 4408 reges
1951 4344 2123 4398 insur-

539 4428 790 4471 rexerunt
815 4429 867 4474 et
889 4437 1101 4476 omnem
1132 4426 1405 4493 regionem
1434 4427 1589 4480 simul
1620 4427 1926 4498 depopulati
1957 4443 2114 4498 sunt;

537 4507 937 4579 gigantibusque
965 4512 1154 4567 occisis
1189 4555 1202 4580 ,
1231 4525 1284 4568 et
1324 4516 1630 4571 Amalec-itis
1653 4520 1922 4586 expulsis,
1957 4521 2120 4577 etiam

537 4599 892 4653 Sodomorum
922 4618 1098 4670 regem
1121 4613 1175 4657 et
1195 4604 1507 4660 Gomorrlue
1533 4606 1583 4662 in
1607 4607 1782 4676 fugam
1813 4619 2120 4679 verterunt,

544 4690 810 4742 montanis
838 4691 1084 4745 omnibus
1112 4695 1404 4762 occupatis,
1437 4703 1490 4749 et
1517 4697 1753 4766 equitatu
1778 4700 1919 4768 regis
1944 4698 2123 4755 Sodo-

539 4792 744 4829 morum
775 4788 962 4832 avecto
987 4795 1089 4833 una
1121 4795 1238 4834 eum
1269 4781 1616 4854 Lotcaptivo,
1641 4788 1974 4852 mulieribus,
2009 4805 2124 4845 om-

541 4867 800 4936 nibusque
829 4871 1072 4934 sarcinis,
1097 4872 1363 4928 abierunt.

611 4960 662 5012 5.
697 4958 799 5014 Sed
851 4962 969 5016 vide
1018 4963 1207 5019 iterum
1263 4967 1528 5037 ingentem
1576 4969 1663 5023 Dei
1712 4971 2119 5039 providentiam.

543 5051 738 5106 Volcns
766 5053 905 5106 enim
933 5053 1088 5108 simul
1115 5065 1167 5109 et
1199 5057 1297 5110 Lot
1333 5073 1362 5110 a
1392 5059 1698 5126 captivitate
1737 5060 1962 5115 liberum
1995 5064 2122 5117 red-

538 5147 666 5202 dere
693 5190 706 5211 ,
737 5157 788 5202 et
815 5149 1130 5217 patriarchze
1155 5150 1373 5219 gIOriatn
1403 5153 1568 5220 magis
1596 5153 1881 5219 illustrare,
1924 5155 2124 5210 excitat

534 5241 733 5307 justum
765 5248 820 5292 ut
852 5238 1026 5293 fratris
1053 5241 1162 5293 lilio
1192 5251 1484 5295 succurrat.
1533 5241 1662 5296 Nam
1698 5254 1752 5296 ut
1792 5243 1972 5298 didicit
2003 5261 2122 5314 quas

541 5331 675 5383 facta
698 5337 870 5394 erant,
893 5346 1009 5384 eum
1042 5334 1337 5386 vernaculis
1364 5333 1474 5386 suis
1508 5332 1705 5402 impetu
1729 5335 1869 5388 facto
1897 5335 1946 5390 in
1970 5349 2122 5404 reges

543 5420 662 5474 illos
687 5462 700 5486 ,
731 5421 848 5474 illos
878 5419 1029 5475 faetle
1061 5421 1350 5490 proﬂigavit
1373 5464 1389 5487 ,
1421 5431 1474 5476 et
1513 5423 1613 5477 Lot
1647 5436 1806 5493 atque
1850 5427 2118 5490 mulieres,

541 5521 593 5565 et
623 5525 832 5565 omnem
873 5513 1162 5581 equitatum
1200 5515 1334 5582 regis
1366 5514 1574 5568 reduxit
1605 5534 1616 5569 :
1657 5518 1844 5584 quibus
1878 5527 1980 5570 tam
2012 5517 2122 5571 cla-

543 5604 616 5656 ris
644 5604 942 5672 triumphis,
976 5605 1219 5657 outnihus
1255 5604 1510 5672 patefacta
1543 5618 1620 5661 est
1654 5607 1838 5676 ingens
1872 5609 1963 5660 Dei
1995 5623 2120 5676 erga

547 5693 691 5746 illum
718 5692 1083 5749 benevolentia
1106 5737 1119 5759 ,
1150 5707 1199 5747 ct
1229 5696 1399 5762 ipsum
1430 5712 1532 5748 non
1581 5712 1672 5749 sua
1703 5700 1895 5750 virtute
1924 5707 2119 5750 tantam

545 5798 769 5854 stragem
817 5783 1036 5851 fecisse,
1092 5786 1181 5838 sed
1229 5802 1454 5855 superna
1489 5788 1676 5841 vittutc
1723 5789 2000 5842 munitum.
2059 5788 2121 5841 Et

1277 417 1330 470 s.
1374 417 1650 473 JOAXNS
1688 409 2162 469 CllltVSUSl‘OMl
2204 410 2517 466 AltCIIIlil’.
2558 410 3090 481 CONS'I'AMtxor.
3730 428 3824 478 339.

2247 536 2359 606 ipse
2387 551 2596 608 quoque
2621 535 2918 608 patriarcha
2943 536 3071 606 ipsis
3097 536 3252 590 rebus
3279 536 3576 590 cnitehatttr
3599 579 3612 599 ,
3649 549 3708 591 ut
3734 539 3825 592 So-

2241 626 2456 681 doutitis
2484 628 2731 681 omnibus
2758 627 2948 681 doctor
2981 627 3144 681 divini
3173 628 3349 680 cultus
3383 629 3535 681 lieret
3559 667 3574 688 ,
3617 643 3827 681 necnon

2247 718 2426 772 verbis
2453 717 2556 772 illis
2575 717 2724 788 queis
2753 732 2930 788 regem
2955 718 3344 787 alloquebatur.
3399 717 3529 770 Nam
3558 733 3681 785 quia
3706 733 3826 771 cum

2242 809 2562 862 occurrisset
2608 822 2701 861 rex
2723 848 2737 872 ,
2779 817 2832 861 et
2871 822 2966 876 pro
2997 807 3155 862 rebus
3180 809 3346 877 gestis
3379 809 3580 875 gratias
3607 808 3825 876 egisset.

2241 910 2304 949 ac
2328 912 2541 951 omnem
2563 898 2854 967 equitatum
2881 898 2929 952 ei
2957 914 3014 952 se
3038 898 3357 952 donaturum
3384 899 3590 953 diceret
3609 938 3626 965 ,
3657 897 3826 951 homi-

2241 999 2441 1052 nesque
2467 986 2738 1042 dumtaxat
2764 997 3101 1058 accepturum
3133 1006 3147 1044 :
3181 989 3300 1042 vide
3329 990 3524 1044 iterum
3546 990 3678 1059 justi
3705 1004 3822 1042 ma-

2238 1076 2639 1143 gnanimitatem
2663 1118 2679 1145 ,
2717 1078 2983 1146 quomodo
3025 1079 3378 1147 phifosopliiae
3413 1094 3528 1133 sum
3555 1078 3826 1150 specimen

2240 1168 2495 1232 exhibet,
2539 1169 2827 1223 ostendens
2865 1185 2925 1224 se
2962 1169 3124 1225 donis
3150 1170 3454 1240 huiusmodi
3492 1172 3828 1241 superiorem

2240 1273 2396 1325 esse,
2444 1275 2673 1330 eumque
2713 1260 2778 1314 ad
2810 1277 2949 1315 verae
2998 1263 3270 1328 religionis
3315 1264 3558 1317 notitiam
3600 1262 3824 1317 inducit.

2242 1351 2356 1406 Non
2409 1352 2550 1407 enim
2596 1351 2906 1421 simpliciter
2948 1352 3079 1407 dicit
3109 1370 3124 1406 :
3155 1353 3268 1408 Non
3307 1355 3480 1424 patiar
3523 1362 3581 1407 ut
3628 1353 3829 1424 aliquid

2240 1450 2449 1497 tuorum
2477 1457 2754 1496 munerum
2776 1441 2840 1496 ad
2860 1457 2946 1496 me
2965 1442 3164 1507 redeat,
3195 1459 3299 1497 non
3327 1443 3456 1496 mihi
3473 1445 3560 1497 tali
3579 1446 3832 1497 mercede

2239 1549 2373 1604 opus
2392 1545 2472 1589 cst
2502 1551 2516 1588 :
2543 1533 2637 1588 sed
2659 1534 2826 1602 quid?
2855 1532 3139 1587 Extendam
3161 1549 3364 1586 manum
3393 1551 3554 1587 meum
3576 1537 3644 1585 ad
3666 1533 3831 1586 Deum

2240 1626 2576 1689 altissimum,
2607 1623 2756 1694 quasi
2787 1624 2987 1678 docens
3011 1638 3133 1678 eunt
3165 1642 3178 1677 :
3205 1624 3317 1677 Non
3347 1635 3473 1678 sunt
3501 1625 3573 1678 dii
3601 1625 3688 1694 qui
3719 1643 3748 1676 a
3781 1635 3829 1676 te

2238 1715 2522 1780 coluntur,
2572 1714 2664 1767 sed
2718 1714 2855 1784 ligna
2895 1724 2948 1768 et
2993 1713 3197 1782 lapides
3229 1729 3242 1766 :
3273 1713 3365 1767 sed
3409 1728 3544 1766 unus
3573 1723 3657 1767 est
3690 1714 3831 1767 Deus

2237 1819 2398 1873 super
2430 1804 2638 1869 omnia,
2679 1803 2777 1869 Qui
2808 1805 2994 1870 creavit
3018 1802 3195 1856 ctutum
3227 1811 3272 1856 et
3310 1812 3494 1855 terram
3523 1818 3542 1854 :
3567 1805 3705 1871 quod
3730 1819 3829 1854 nou

2237 1894 2483 1962 accipiant
2506 1909 2538 1946 α
2568 1902 2616 1947 te
2657 1891 2720 1946 de
2760 1892 2988 1960 funiculo
3025 1908 3183 1962 usque
3225 1892 3292 1945 ad
3332 1893 3693 1961 spltwroterem
3723 1907 3743 1944 :
3775 1903 3830 1945 ut

2239 2001 2307 2040 ne
2335 1985 2607 2040 existimes
2653 1999 2739 2040 me
2785 1984 2995 2038 illorum
3032 1985 3200 2054 gratia
3227 1984 3483 2038 ultionem
3509 1984 3826 2053 sumpsisse,

2237 2088 2292 2132 ct
2319 2093 2386 2132 ne
2410 2078 2587 2131 dicere
2615 2077 2786 2147 possis
2813 2088 2865 2131 te
2892 2077 3022 2131 mihi
3063 2075 3400 2130 abundantiae
3430 2075 3598 2130 fuisse
3638 2084 3826 2129 aucto—

2239 2187 2372 2225 rem.
2401 2168 2530 2223 Nam
2553 2170 2640 2239 qui
2665 2184 2749 2222 me
2768 2168 3092 2238 triumphare
3117 2177 3172 2222 et
3194 2170 3406 2223 vincere
3426 2167 3650 2229 curavit,
3687 2167 3826 2220 idem

2236 2268 2291 2315 et
2318 2260 2529 2313 divitias
2575 2258 2784 2313 abunde
2829 2257 2960 2312 mihi
3008 2258 3330 2328 suppeditat.
3370 2257 3500 2312 Vide
3528 2256 3825 2326 quomodo,

2235 2352 2301 2404 si
2330 2349 2543 2418 quidem
2598 2348 2802 2403 lucrum
2849 2347 3026 2402 facere
3069 2349 3323 2402 voluisset
3365 2362 3457 2402 rex
3482 2387 3498 2412 ,
3547 2357 3826 2402 auctorem

2236 2455 2525 2509 agnoscere
2563 2441 2800 2495 victoria:
2843 2455 2911 2495 ex
2953 2439 3270 2514 patriarcha:
3320 2441 3496 2496 verbis
3541 2440 3824 2509 potuisset.

2240 2530 2536 2584 Ducebatur
2579 2531 2722 2585 enim
2773 2531 2994 2600 posthac
3020 2545 3125 2584 non
3155 2529 3424 2586 lidendum
3453 2535 3687 2601 propria!
3716 2543 3826 2583 sum

2237 2622 2435 2685 virtuti,
2450 2620 2540 2674 sed
2558 2619 2948 2690 agnoscendum
2969 2629 3245 2674 auctorem
3266 2619 3528 2686 omnium,
3548 2618 3825 2673 ridendus-

2231 2725 2335 2780 qne
2363 2709 2593 2764 ntanufai
2614 2719 2695 2763 tos
2720 2710 2852 2764 deos
2870 2751 2883 2774 ,
2915 2719 2970 2764 et
2994 2709 3278 2764 colendum
3308 2709 3472 2763 Deum
3497 2709 3587 2778 qui
3618 2719 3705 2763 est
3733 2725 3824 2762 su-

2237 2809 2329 2862 per
2374 2793 2593 2858 omnia,
2645 2795 2734 2863 qui
2782 2793 2958 2846 omnia
3004 2792 3278 2858 condidit,
3333 2792 3422 2861 qui
3461 2801 3517 2845 et
3561 2793 3824 2846 bonorum

2232 2884 2467 2938 omnium
2501 2883 2622 2938 fons
2650 2893 2752 2938 est.
2804 2883 2873 2938 Et
2907 2884 2959 2936 in
2989 2897 3198 2936 sununa
3221 2883 3458 2936 discebat
3485 2897 3552 2936 ex
3573 2883 3825 2936 omnibus

2232 2974 2547 3043 patriarcha:
2574 2973 2846 3027 virtutem.
2896 2972 3028 3026 Nam
3065 2987 3134 3026 ne
3167 2973 3498 3027 existimaret
3526 2987 3698 3040 tpsum
3731 2985 3825 3041 per

2230 3065 2587 3132 arrogantiam
2619 3073 2672 3119 et
2710 3062 2900 3118 fastum
2929 3063 3051 3117 data
3083 3073 3425 3118 contemnere
3448 3103 3464 3128 ,
3511 3062 3711 3116 idcirco
3737 3063 3824 3116 di-

2231 3155 2346 3209 cit:
2381 3154 2494 3224 Ego
2536 3153 2749 3223 quidem
2798 3153 2931 3207 nihil
2974 3166 3183 3207 sumam
3221 3169 3236 3206 :
3268 3167 3440 3222 neque
3487 3153 3634 3208 enim
3684 3166 3823 3222 opus

2233 3242 2436 3309 habeo,
2481 3258 2654 3312 neque
2698 3243 2909 3313 indigeo
2954 3252 3011 3296 ut
3040 3257 3175 3295 mea:
3204 3241 3483 3296 facultates
3528 3251 3825 3310 augeantur

2231 3333 2299 3388 ab
2321 3333 2438 3388 aliis
2467 3350 2480 3386 :
2512 3334 2593 3389 eis
2632 3343 2808 3388 autem
2834 3333 2922 3402 qui
2950 3331 3310 3402 periculorum
3336 3345 3576 3384 meorum
3605 3329 3826 3387 luerunt

2230 3426 2381 3487 socii,
2413 3426 2714 3495 permittam
2742 3433 2799 3478 ut
2826 3439 2950 3478 suas
2975 3423 3246 3493 portiones
3264 3421 3546 3490 accipiant,
3569 3437 3678 3491 quo
3699 3436 3825 3492 pan

2232 3531 2348 3569 vam
2401 3516 2634 3586 aliquam
2669 3503 3389 3570 laborum'consolationem
3431 3509 3683 3566 habeant.
3744 3511 3823 3566 Ita

2228 3607 2582 3661 Sodomorum
2614 3605 2726 3675 regi
2757 3603 3034 3674 respondit
3051 3603 3248 3673 justus.

2301 3696 2625 3765 Sacriﬁcium
2662 3695 2995 3751 Melchisedec
3023 3698 3198 3766 refert,
3231 3705 3278 3749 et
3307 3703 3360 3748 ut
3385 3705 3562 3766 typum
3605 3693 3815 3749 Eucha-

2227 3789 2383 3843 ristia:
2411 3788 2669 3857 proponit.
2696 3815 2765 3826 —-
2812 3785 3098 3855 Postquam
3129 3795 3309 3839 autem
3349 3792 3404 3838 et
3441 3783 3820 3848 Melehisedec,

2229 3895 2321 3934 rex
2349 3878 2525 3933 Salem
2550 3918 2566 3944 ,
2614 3891 2778 3946 panes
2805 3885 2860 3932 et
2886 3877 3070 3930 vinum
3109 3874 3377 3940 adferens,
3407 3888 3470 3930 ea
3502 3874 3600 3943 ipsi
3630 3874 3825 3928 obtulit

2231 3967 2395 4039 (Erat
2435 3967 2565 4021 enim
2594 3965 2858 4031 sacerdos,
2907 3965 3116 4035 inquit,
3148 3963 3243 4018 Dei
3276 3963 3511 4017 altissimi
3538 3960 3692 4034 [Gem
3729 3963 3819 4018 Ν.

2232 4057 2398 4129 18]).
2446 4058 2513 4113 ab
2549 4059 2637 4112 illo
2682 4058 2889 4127 accepit
2932 4056 3128 4112 oblata.
3177 4054 3377 4111 Deinde
3406 4064 3464 4108 ut
3504 4054 3824 4125 rependeret

2231 4147 2658 4203 benedictionem
2683 4189 2698 4214 ,
2738 4162 2896 4217 quam
2920 4148 2990 4201 ab
3013 4161 3079 4202 eo
3117 4155 3433 4215 acceperat,
3465 4154 3521 4198 et
3547 4144 3822 4213 gloriﬁca-

2231 4237 2428 4292 tionem
2452 4237 2503 4292 in
2533 4238 2697 4291 Deum
2729 4237 2965 4304 (dixerat
2991 4235 3155 4301 enim,
3175 4233 3474 4288 Benedictus
3499 4233 3690 4285 Abram
3711 4231 3823 4286 Deo

2231 4329 2477 4383 altissimo
2497 4370 2512 4395 ,
2555 4339 2600 4382 et
2629 4328 2914 4382 benedictus
2942 4325 3078 4380 Deus
3104 4324 3425 4394 quidradidit
3449 4324 3682 4377 inimicos
3707 4333 3821 4377 tuos

2229 4424 2281 4476 in
2305 4438 2487 4475 manus
2519 4419 2652 4488 tuas)
2675 4461 2688 4484 ,
2734 4418 2969 4474 decimas
2993 4418 3042 4471 ei
3071 4415 3219 4471 dedit
3243 4413 3314 4470 de
3352 4413 3604 4470 omnibus
3630 4413 3820 4482 spoliis

2229 4528 2347 4583 quae
2369 4511 2636 4565 attulerat.
2662 4508 2848 4564 Vidisti
2873 4515 3125 4578 quantam
3148 4506 3398 4575 pietatem
3425 4513 3477 4559 et
3504 4503 3821 4574 religionem

2231 4606 2282 4659 in
2315 4603 2562 4657 omnibus
2607 4616 2718 4670 prae
2747 4614 2805 4654 se
2835 4599 2968 4654 ferat
2998 4598 3205 4668 justus,
3255 4605 3312 4652 et
3336 4595 3608 4667 quomodo
3636 4611 3666 4649 a
3694 4611 3821 4665 rege

2230 4695 2583 4750 Sodomorum
2612 4706 2642 4744 a
2685 4689 2920 4746 funiculo
2949 4703 3119 4758 usque
3160 4687 3226 4742 ad
3265 4687 3648 4757 sphzerolerctn
3675 4687 3818 4740 acci-

2234 4800 2360 4854 pere
2391 4782 2516 4836 nihil
2540 4782 2721 4846 voluit,
2745 4781 2948 4848 accepit
2977 4788 3152 4834 autem
3182 4793 3245 4833 ea
3264 4792 3382 4846 qua:
3411 4791 3440 4830 a
3464 4775 3818 4831 Melchisedec

2231 4886 2353 4930 sunt
2392 4875 2564 4929 oblata
2585 4916 2600 4939 ,
2631 4873 2931 4927 retribuens
2957 4881 3009 4925 et
3036 4885 3128 4926 sua
3152 4870 3177 4924 ἲ
3223 4869 3415 4939 quibus
3440 4868 3693 4923 nimirum
3723 4883 3821 4924 nos

2231 4967 2407 5021 docuit
2431 5006 2446 5031 ,
2478 4965 2775 5019 habendum
2803 4965 3030 5033 aliquem
3063 4963 3327 5016 delectum
3355 5002 3369 5025 ,
3402 4970 3455 5014 et
3484 4975 3590 5014 non
3617 4962 3815 5029 passim

2232 5053 2299 5106 ab
2323 5052 2570 5106 omnibus
2591 5050 2729 5104 dona
2756 5049 3084 5117 accipienda.
3117 5048 3248 5103 Nam
3276 5047 3518 5116 quamvis
3540 5047 3814 5101 Sodomita

2233 5145 2324 5197 ille
2353 5143 2530 5197 oblato
2563 5143 2705 5197 dono
2743 5139 2874 5208 grati
2903 5139 3062 5192 animi
3105 5139 3250 5206 signa
3278 5126 3463 5202 daret,
3495 5148 3610 5192 erat
3641 5150 3817 5192 tamen

2231 5236 2462 5306 aliOquin
2500 5233 2801 5288 incredulus
2829 5273 2843 5293 ,
2874 5241 2928 5285 et
2958 5231 3288 5284 institutione
3310 5229 3470 5285 multa
3502 5228 3772 5298 indigebat
3801 5247 3813 5282 :

2234 5327 2452 5396 proinde
2502 5324 2800 5397 patriarcha
2844 5323 2981 5377 dona
3026 5321 3237 5391 quidem
3279 5319 3556 5389 deSpexit,
3599 5335 3815 5375 omnem

2232 5430 2406 5473 autem
2439 5432 2620 5472 curam
2649 5414 2919 5479 adhibuit,
2949 5424 3002 5467 et
3030 5429 3123 5482 per
3152 5428 3212 5466 ea
3242 5426 3359 5480 qure
3388 5411 3633 5479 accipere
3664 5427 3816 5465 recu-

2232 5511 2385 5574 Savit,
2429 5517 2481 5564 et
2531 5523 2623 5577 per
2667 5522 2726 5560 ea
2759 5520 2874 5573 qure
2909 5503 3069 5568 dixit,
3105 5513 3160 5556 ut
3183 5503 3323 5555 illum
3355 5503 3419 5556 ad
3454 5504 3704 5570 pietatem
3737 5504 3815 5555 ina

2232 5602 2468 5654 duceret.
2520 5603 2558 5652 A
2614 5596 2964 5652 Melchisedec
3008 5605 3182 5648 autem
3220 5595 3339 5663 jure
3381 5610 3443 5648 ac
3494 5596 3684 5646 merito
3732 5607 3816 5644 ac-

2232 5695 2368 5760 cepit
2406 5712 2416 5745 :
2452 5691 2546 5743 viri
2589 5691 2730 5743 enim
2759 5688 3004 5741 virtutem
3037 5687 3212 5738 divina
3242 5686 3510 5752 Scriptura
3541 5684 3811 5745 indicavit,

2235 5787 2452 5850 dicens;
2500 5783 2626 5838 Erat
2689 5792 2850 5835 autem
2916 5779 3145 5834 sacerdos
3207 5778 3296 5830 Det
3356 5776 3611 5830 altissimi.
3675 5775 3814 5828 Alias
