4058 6402
331 408 436 464 357

338 515 408 571 τά
431 516 688 587 γινόμενα
715 514 804 570 τοῦ
830 513 1081 586 Χριστοῦ.
1107 514 1200 568 καὶ
1228 514 1368 569 αὒτά
1388 515 1443 569 δὲ
1472 514 1539 569 τὰ
1569 514 1997 585 προσενεχθέντα

342 605 639 674 μυστήριόν
667 618 717 657 τι
742 604 1052 673 προεμήνυε
1070 618 1086 633 ·
1131 601 1196 654 δι’
1227 601 1256 655 ὅ
1293 603 1386 656 καὶ
1411 602 1755 673 προσήκατο,
1783 602 1877 654 καὶ
1905 607 2000 654 λα-

338 687 449 742 ϐὼν
475 691 722 753 κάκεῖνος
763 689 848 742 διὰ
897 689 997 759 τῆς
1028 688 1157 760 παρ’
1187 688 1383 743 ἑαυτοῦ
1408 688 1641 759 ἀμοιϐῆς
1662 688 1765 758 τῆς
1791 687 1999 752 οῑκείας

337 776 538 847 ἀρετῆς
562 776 803 829 ἐδίδασκε
829 776 888 829 τὸ
922 774 1172 847 μέγεθος.
1204 777 1445 846 Δεκάτην
1470 775 1579 846 γάρ
1602 774 1749 845 αὐτῷ
1776 776 1996 839 δέδωκε,

336 865 429 917 τὸν
462 864 703 933 φιλόθεον
732 862 898 915 αὐτοῦ
941 864 1144 917 σκοπὸν
1191 861 1485 917 κάντεῦθεν
1522 860 1819 932 ἐμφαίνων.
1847 872 2001 932 ἰαχα

336 952 416 1013 είς
449 950 582 1004 πολύ
624 949 796 1019 μῆκος
829 952 961 1020 ἡμῖν
994 952 1023 1004 6
1068 950 1226 1017 λόγος
1269 948 1530 1018 ἐξετάθη,
1578 947 1693 1001 ἀλλ’
1726 948 1788 1000 οὐ
1826 948 2001 1018 μάτην

334 1034 453 1086 οὐδὲ
486 1032 629 1101 είκῆ.
649 1033 937 1103 Ἐγνωμεν
965 1033 1063 1103 μὲν
1090 1031 1198 1102 γάρ
1232 1042 1257 1071 ι
1289 1030 1375 1084 διὰ
1397 1030 1645 1101 βραχέων
1666 1031 1765 1102 τὴν
1793 1030 1998 1084 ἄνωθεν

336 1121 427 1172 καὶ
476 1119 534 1184 εξ
572 1120 748 1190 ἀρχῆς
795 1120 957 1190 μέχρι
1006 1116 1116 1171 τῶν
1161 1119 1401 1189 σήμερον
1448 1118 1825 1189 προκειμένων
1864 1119 1998 1188 ήμῖν

336 1204 428 1257 τοῦ
453 1206 662 1259 δικαίου
692 1206 792 1277 τὴν
818 1204 1089 1277 ἀνδρείαν,
1116 1204 1213 1276 τὴν
1246 1204 1670 1275 μεγαλοψυχίαν,
1695 1203 1794 1275 τὴν
1820 1204 1999 1257 πίστιν

332 1291 431 1361 τὴν
463 1291 928 1358 ὑπερϐάλλουσαν,
954 1290 1051 1361 τὴν
1088 1290 1377 1361 φιλόσοφον
1402 1290 1657 1361 γνώμην,
1686 1292 1786 1362 τῆς
1807 1308 1997 1346 ταπει-

333 1380 671 1451 νοφροσύνης
709 1380 779 1434 τὸ
802 1379 1063 1452 μέγεθος,
1105 1380 1204 1450 τῆς
1228 1380 1336 1432 τῶν
1368 1381 1663 1450 χρημάτων
1698 1379 1998 1451 ὑπεροψίας

330 1467 430 1537 τὴν
458 1466 787 1539 ὑπερϐολὴν,
814 1470 913 1538 τῆς
948 1466 1100 1537 παρὰ
1158 1464 1252 1519 τοῦ
1280 1463 1416 1518 Θεοῦ
1464 1465 1545 1528 είς
1583 1465 1745 1518 αὐτὸν
1786 1466 1999 1530 εὐνοίας

336 1554 431 1624 τὴν
471 1552 697 1625 διηνεκῆ
732 1553 989 1625 πρόνοιαν
1008 1571 1022 1584 ·
1051 1552 1144 1607 καὶ
1176 1542 1327 1614 ὅπως
1376 1550 1464 1604 διά
1514 1552 1731 1606 πάντων
1762 1569 1999 1624 περιφα-

333 1641 581 1712 νέστερον
624 1640 717 1693 καὶ
750 1639 1127 1711 λαμπρότερον
1156 1637 1367 1692 ἐδείκνυ
1425 1637 1517 1691 τὸν
1554 1638 1763 1694 δίκαιον
1806 1641 1840 1711 ή
1877 1639 1996 1693 καθ’

332 1727 561 1780 ἕκαστον
591 1726 783 1798 καιρὸν
811 1727 891 1789 είς
932 1725 1095 1780 αὐτὸν
1134 1724 1419 1795 ἀντίληψις
1447 1726 1730 1796 γινομένη.
1775 1725 1916 1780 ’Δλλ’
1948 1729 1998 1782 εί

333 1812 586 1883 βούλεσθε
630 1814 725 1867 καὶ
756 1812 830 1885 μὴ
861 1813 1202 1883 ἀπεκάμετε,
1236 1810 1504 1882 ἁψώμεθα
1538 1813 1631 1866 καὶ
1670 1812 1782 1866 τῶν
1828 1813 1997 1885 πρόσ-

331 1916 501 1970 φατον
523 1900 974 1971 ἀνεγνωσμένων,
1012 1899 1109 1954 καὶ
1141 1897 1314 1967 “δλίγα
1354 1899 1683 1971 προσθέντες
1716 1900 1998 1954 καταπαύ-

333 2003 517 2057 σωμεν
556 1986 646 2041 τὸν
684 1986 845 2055 λόγον
868 2022 887 2051 ,
932 1988 1021 2041 ῖνα
1068 1985 1278 2058 μάθητε
1325 1987 1499 2057 πόσης
1542 1987 1705 2040 πάλιν
1751 1987 1996 2055 ἀξιοῦται

331 2073 565 2145 ἀμοιϐῆς
592 2073 683 2129 διά
715 2074 777 2127 τὸ
805 2074 1082 2146 ὑπεριδεῖν
1107 2072 1218 2127 τῶν
1244 2072 1396 2144 παρά
1420 2073 1515 2127 τοῦ
1553 2073 1817 2143 βασιλέως
1849 2074 1998 2127 Σιοδό⁴

334 2178 452 2231 μων
478 2159 626 2231 αὐτῷ
654 2160 973 2231 δεδομένων.
994 2159 1061 2213 Τί
1082 2160 1189 2229 γάρ
1212 2175 1373 2231 φησι;
1402 2161 1562 2213 Μετὰ
1582 2158 1650 2212 δὲ
1675 2160 1745 2213 τὰ
1756 2159 1999 2228 ῥήματα

331 2247 517 2301 ταῦτα
572 2246 825 2317 ἐγενήθη
865 2246 1029 2317 ῥῆμα
1084 2248 1307 2316 Κυρίου
1360 2245 1513 2316 πρὸς
1552 2247 1787 2316 Ἄϐραμ.
1841 2246 1995 2313 Τίνος

331 2333 517 2387 ῑνεκεν
537 2332 709 2397 οὕτως
736 2333 961 2405 ήρξατο.
981 2335 1143 2389 Μετὰ
1170 2333 1239 2388 δὲ
1261 2334 1331 2389 τὰ
1350 2333 1589 2404 ῥήματα
1614 2333 1840 2400 Δταῦτας
1868 2338 1998 2388 ποῖα

332 2422 573 2491 ῥήματα,
601 2420 723 2475 είπέ
757 2437 877 2490 μοις
906 2421 941 2493 ἢ
971 2421 1130 2492 δῆλον
1157 2421 1240 2475 δτι
1283 2421 1427 2493 ἀπερ
1470 2420 1609 2492 πρὸς
1646 2420 1737 2474 τὸν
1775 2419 2000 2491 βασιλέα

330 2506 440 2562 τῶν
488 2507 739 2579 Σοδόμων
781 2508 1106 2579 ὲποιήσατος
1136 2506 1294 2562 Μετά
1319 2508 1419 2580 τήν
1446 2508 1769 2579 ὑπεροψίαν,
1810 2508 1995 2579 φησὶν,

334 2592 571 2664 εκείνην,
607 2593 744 2665 μετά
775 2594 835 2647 τὸ
862 2594 1258 2649 ἀποσείσασθαι
1280 2594 1348 2651 τά
1375 2594 1508 2665 παρ’
1536 2593 1700 2648 αὐτοῦ
1725 2592 1994 2663 διδόμενα,

335 2677 477 2748 μετά
502 2681 601 2752 τὴν
629 2679 1002 2749 διδασκαλίαν,
1045 2680 1114 2751 ἢν
1142 2680 1230 2735 διά
1256 2679 1356 2749 τῆς
1383 2679 1492 2732 τῶν
1522 2678 1819 2749 δεδομένων
1848 2678 1998 2749 αὐτῷ

333 2752 719 2840 παραιτήσεως
746 2769 1066 2839 ἐποιήσατο,
1100 2767 1237 2838 πρὸς
1280 2764 1590 2820 θεοσέϐειαν
1614 2765 1776 2819 αὐτὸν
1813 2782 1999 2836 χειρα-

332 2855 531 2924 γωγῶν
570 2855 664 2909 καὶ
708 2854 1003 2927 ἐπίγνωσιν
1032 2852 1125 2908 τοῦ
1153 2851 1263 2907 τῶν
1289 2853 1428 2907 ὅλων
1454 2851 1807 2925 δημιουργοῦ,
1836 2851 1999 2908 Μετὰ

332 2944 404 2997 δὲ
434 2946 505 2998 τά
523 2942 765 3011 ῥήματα
788 2940 999 3007 ταῦτα,
1030 2939 1166 3012 μετά
1198 2940 1261 2994 τὸ
1286 2939 1386 3010 τὴν
1419 2940 1652 3010 δεκάτην
1680 2938 1760 3009 τῷ
1790 2938 1993 3009 Μελχι-

332 3030 492 3084 σεδὲκ
539 3030 863 3102 παρασχεῖν,
911 3028 1024 3095 δτε,
1076 3027 1262 3099 φησὶν,
1301 3026 1517 3081 ἅπαντα
1544 3026 1613 3079 τὰ
1637 3025 1768 3097 παρ’
1805 3025 1997 3079 ἑαυτοῦ

331 3115 468 3186 ὶπλή
477 3132 641 3187 ρωσε,
669 3116 791 3169 τότε
819 3113 979 3169 Μετὰ
1004 3112 1077 3167 τὰ
1095 3112 1336 3183 ,ῥήματα
1359 3113 1545 3167 ταῦτα
1568 3111 1820 3180 ἐγενήθη
1834 3110 2000 3181 ῥῆμα

331 3204 556 3272 Κυρίου
583 3203 732 3271 πρὸς
759 3205 974 3272 Ἅϐραμ
1009 3200 1191 3272 λέγον
1221 3202 1291 3256 ἐν
1327 3199 1571 3269 ὁράματι
1607 3198 1719 3267 τῆς
1741 3200 1962 3267 νυκτός
1980 3214 1995 3229 ’

330 3291 429 3358 Μὴ
458 3289 668 3360 φοϐοῦ,
697 3290 932 3358 Ἄϐραμ,
967 3286 1083 3356 ἐγὼ
1110 3284 1487 3355 ὑπερασπίζω
1519 3299 1636 3340 σου
1662 3300 1675 3314 '
1718 3288 1751 3340 ὁ
1776 3287 1997 3355 μισθός

330 3393 448 3431 σου
479 3374 674 3442 πολὺς
696 3376 869 3429 ἔσται
893 3372 1149 3442 σφόδρα.

400 3462 617 3536 δ⁴.⁸ὀρα
646 3460 1055 3534 φιλανθρωπίαν
1075 3458 1368 3525 Δεσπότου,
1389 3458 1505 3523 πῶς
1527 3458 1729 3522 εὐθέως
1751 3475 1995 3529 παρακο-

330 3549 515 3606 λουθεῖ
554 3553 675 3615 ταῖς
721 3550 1063 3622 εὐεργεσίαις
1109 3547 1492 3620 ἀμειϐόμενος,
1524 3546 1618 3600 καὶ
1665 3546 1758 3599 τὸν
1804 3546 1995 3600 ἑαυτοῦ

334 3638 487 3713 [568]
518 3638 754 3711 ἀθλητὴν
790 3637 1028 3708 ἀλείφων
1064 3636 1156 3692 καὶ
1187 3634 1378 3705 νεαρὸν
1414 3633 1801 3706 ἀργαζόμενος.
1847 3634 1999 3701 Ἐτε-

336 3726 487 3796 νήοη
504 3724 672 3795 ῥῆμα
705 3724 925 3795 Kvptov
951 3724 1021 3777 ἐν
1042 3722 1289 3792 ὁράματι
1317 3719 1424 3788 τῆς
1452 3724 1694 3786 νυκτός.
1730 3719 1830 3774 Διά
1853 3719 1905 3773 τί
1939 3721 1997 3773 ὲν

330 3812 524 3877 νυκτί;
563 3813 680 3865 Ἵνα
730 3809 848 3880 μεθ’
887 3808 1118 3880 ἡσυχίας
1162 3807 1379 3879 δέξηται
1424 3808 1493 3861 τά
1548 3806 1833 3878 λεγόμενα.
1889 3807 1999 3861 Καί

330 3913 471 3967 φησι
503 3886 640 3967 πρὸς
670 3894 855 3959 αὐτὸν,
888 3893 984 3962 Μὴ
1011 3893 1198 3963 φοϐοῦ
1218 3935 1233 3959 ,
1260 3894 1494 3971 Ἀϐραμ.
1533 3892 1733 3945 Σκόπει
1763 3892 1998 3963 κηδεμο-

347 3986 456 4047 νίας
488 3982 813 4055 ὑπερϐολήν.
841 3981 998 4045 Τίνος
1026 3981 1211 4034 ἓνεκεν
1242 3978 1417 4047 ελεγε,
1439 3978 1542 4050 Μὴ
1569 3976 2001 4049 φοϐοῦςἘπειδή

335 4068 591 4123 τοσούτου
622 4068 853 4121 πλούτου
880 4067 1308 4138 κατεφρόνησεν,
1330 4065 1550 4119 ἔλαττον
1574 4065 1868 4135 φροντίσας
1894 4064 2002 4118 τῶν

335 4156 490 4227 παρὰ
522 4144 615 4209 τοῦ
653 4154 921 4225 βασιλέως
950 4152 1262 4224 διδομένων,
1290 4153 1425 4222 φησι
1448 4152 1585 4223 πρὸς
1619 4152 1780 4205 αὐτὸν
1800 4151 2000 4217 όΘεὺς,

340 4241 416 4313 μὴ
471 4239 734 4313 φοϐηθῇς,
790 4240 873 4293 ὅτι
923 4238 1207 4310 ὑπερεῖδες
1258 4236 1526 4291 τοσούτων
1571 4236 1812 4308 δωρεῶν,
1868 4237 2003 4307 μηδὲ

336 4329 649 4402 ἀγωνιάσης
700 4328 777 4391 ὼς
824 4327 1218 4398 ἐλαττουμένης
1256 4342 1338 4379 σοι
1385 4326 1484 4397 τῆς
1527 4325 1859 4398 περιουσίας.
1904 4324 2001 4395 Μὴ

336 4415 546 4484 φοϐοῦ.
589 4412 723 4468 Εἶτα
771 4414 861 4467 ἵνα
907 4414 1146 4486 διεγείρη
1199 4412 1398 4485 μᾶλλον
1440 4412 1601 4467 αὐτοῦ
1652 4412 1752 4483 τὴν
1802 4412 2000 4484 ψυχὴν,

340 4502 665 4571 προστίθησι
691 4500 769 4572 τῷ
803 4502 1008 4572 ῥήματι
1035 4501 1128 4554 καὶ
1155 4502 1253 4573 τὴν
1287 4500 1679 4572 προσηγορίαν,
1705 4498 1797 4551 καί
1827 4516 1960 4570 φησι
1983 4516 1997 4531 ’

337 4586 435 4655 Μὴ
462 4587 671 4663 φοϐοῦ,
695 4589 930 4657 Ἀϐραμ.
972 4586 1049 4640 Οὐ
1083 4587 1276 4658 μικρὸν
1302 4584 1414 4659 γάρ
1440 4586 1534 4641 καὶ
1561 4583 1719 4637 τοῦτο
1742 4584 2003 4655 τυγχάνει

338 4673 476 4744 πρὸς
520 4672 581 4727 τὸ
621 4671 1002 4744 διαναστῆσαι,
1041 4670 1103 4725 τὸ
1144 4670 1245 4742 τὴν
1285 4670 1657 4744 προσηγορίαν
1704 4671 1878 4723 εἰπεῖν
1909 4669 2003 4723 τοῦ

339 4759 705 4833 καλουμένου·
777 4755 899 4813 εἶτά
967 4775 1164 4829 φησιν,
1233 4746 1382 4826 ἐγὼ
1440 4756 1790 4827 ὑπερασπιῶ
1864 4772 2001 4811 σου.

341 4848 549 4919 Πολλὴν
582 4847 693 4921 ἔχει
720 4848 815 4901 καὶ
844 4847 983 4918 αὐτη
1014 4849 1049 4920 η
1080 4846 1225 4911 λέξις
1258 4848 1355 4917 τὴν
1387 4844 1644 4917 ἔμφασιν.
1679 4843 1821 4913 Ἐγὼ
1844 4847 1873 4898 6
1896 4844 2004 4899 ἀπὺ

337 4940 447 4993 τῶν
467 4938 750 4993 Χαλδαίων
770 4955 829 4991 σε
861 4938 1191 5007 ἀναστήσας,
1219 4934 1331 5004 ἐγὼ
1355 4936 1385 4991 ό
1406 4934 1641 5002 ἰνταῦθά
1672 4950 1732 4989 σε
1756 4935 2000 5002 ἀγαγὼν,

340 5026 451 5099 ἐγὼ
480 5028 508 5081 6
540 5025 649 5079 τῶν
681 5025 940 5079 κινδύνων
967 5023 1076 5078 τῶν
1115 5024 1175 5080 ἑν
1202 5021 1460 5097 Δίγύπτῳ
1482 5022 1875 5095 ἐλευθερώσας,
1894 5021 2004 5090 εγὼ

338 5116 369 5168 ό
408 5116 504 5168 καὶ
532 5113 678 5177 ἅπαξ
703 5113 796 5165 καὶ
824 5111 1074 5182 δεύτερον
1108 5109 1475 5180 ὑποσχόμενός
1504 5126 1587 5165 σοι
1614 5111 1708 5164 καὶ
1730 5108 1810 5181 τῷ
1840 5110 2003 5182 σπέρ-

345 5202 474 5273 ματί
503 5218 595 5254 σου
625 5198 817 5253 δώσειν
839 5197 937 5271 τὴν
965 5197 1069 5267 γῆν
1098 5195 1325 5268 ταύτην,
1356 5195 1469 5266 ἐγώ
1497 5212 1592 5250 σου
1622 5196 2001 5269 ὐπερασπίζωο

343 5288 454 5357 ἐγὼ
503 5290 531 5341 6
586 5285 707 5341 καθ’
744 5286 1000 5355 ⁴ἑκάστην
1051 5284 1265 5358 ἡμέραν
1323 5284 1782 5358 περιφανέστερον
1840 5286 2004 5337 πᾶσιν

342 5373 664 5437 ἀποδεικνύς
694 5388 775 5435 σε,
808 5370 919 5443 εγὼ
944 5370 1301 5442 ὑπερασπίζω
1336 5388 1428 5424 σου
1449 5386 1464 5401 ·
1520 5370 1664 5425 τοῦτ’
1693 5369 1861 5434 ἐστιν,
1894 5368 2006 5439 ἐγὼ

345 5460 841 5532 ὐπεραγωνίζομαι,
884 5458 993 5527 ἐγὼ
1045 5457 1363 5529 ὑπέρμαχος
1394 5458 1634 5527 γίνομαι,
1681 5456 1791 5525 ἐγὼ
1841 5474 2005 5528 φρον-

344 5548 498 5614 τίζω,
544 5546 654 5615 ἐγὼ
699 5548 877 5601 πάντα
917 5546 986 5600 τά
1033 5546 1270 5617 δυσχερῆ
1317 5543 1513 5597 εὐκολά
1562 5562 1642 5598 σοι
1688 5544 2001 5615 καθίστημι,

344 5634 456 5704 ἐγὼ
492 5634 848 5706 ὐπερασπίζω
896 5650 1010 5689 σου.
1070 5634 1126 5685 ’0
1176 5633 1391 5703 μισθός
1430 5646 1546 5685 σου
1600 5631 1793 5697 πολὺς
1836 5633 2003 5687 ἔσται

412 5782 429 5801 ⁸
452 5780 605 5835 Emi].
644 5780 775 5830 addit
820 5780 1045 5837 δηλῶσαι.
1075 5781 1193 5833 Cum
1215 5778 1379 5829 Ilonlf.
1412 5780 1655 5831 comenlit
1681 5777 1827 5830 Cum.
1866 5779 1999 5828 Em.

1128 401 1187 453 S.
1224 399 1510 455 JOAKMS
1545 396 2025 455 CUIUS-0810M!
2067 396 2383 455 MlCllllﬁP.
2427 393 2970 453 CONSTANTINOP.

3660 383 3766 448 558

2098 514 2351 584 σφόδρα.
2395 512 2507 566 Οὐκ
2549 509 2854 581 ἠϐουλήθης
2900 507 3091 580 μισθὸν
3122 507 3307 561 λαϐεῖν
3348 507 3487 579 ὑπὲρ
3519 506 3630 560 τῶν
3663 523 3766 560 κα-

2102 605 2308 674 μάτων,
2345 591 2419 657 ὦν
2448 601 2744 670 ὑπέμεινας
2770 598 3042 665 τοσούτοις
3069 596 3335 661 κινδύινις
3364 596 3556 649 ἑαυτὸν
3591 612 3765 666 παραυ

2099 688 2297 754 ϐαλὼν,
2324 688 2437 743 ἀλλ’
2474 686 2751 757 ὑπερεῖδες
2785 686 2878 738 καὶ
2920 684 3015 737 τοῦ
3050 682 3339 755 βασιλέως,
3371 682 3465 735 καὶ
3495 681 3605 735 τῶν
3637 680 3767 752 παρ’

2098 779 2265 834 αὐτοῦ
2298 796 2380 832 σοι
2409 778 2725 848 δεδομένων.
2767 774 2909 843 Ἐγώ
2935 790 3017 851 σοι
3048 771 3275 843 παρέξοι
3317 770 3409 824 τὸν
3450 768 3667 841 μισθὸν,
3708 770 3772 822 οὐ

2096 867 2351 921 τοσοῦτον
2376 867 2501 920 ὅσον
2542 863 2841 935 λαμϐάνειν
2869 858 3114 931 ἔμελλες,
3146 858 3283 913 ἀλλά
3316 859 3484 912 πολύν
3516 858 3615 911 καὶ
3641 856 3775 926 σφό-

2095 953 2197 1025 δρα
2228 953 2426 1007 πολύν·
2487 954 2541 1005 '0
2575 952 2794 1022 μισθός
2836 963 2952 1003 σου
2987 946 3116 1017 γάρ,
3162 948 3330 1017 φησι,
3361 944 3553 1011 πολὺς
3599 945 3772 999 ἔσται

2097 1040 2351 1110 σφόδρα.
2411 1037 2565 1103 Εἶδες
2609 1035 2918 1107 φιλοτιμίαν
2961 1034 3270 1100 Δεσπότου;
3309 1028 3451 1096 εἶδες
3501 1030 3777 1103 ῥημάτων

2098 1127 2296 1197 δγκον;
2350 1121 2488 1190 εῐδες
2523 1125 2641 1189 πῶς
2672 1123 2989 1195 διανέστησε
3021 1122 3113 1176 τὸν
3143 1121 3245 1192 τῆς
3288 1119 3574 1182 εὐσεϐείας
3611 1118 3778 1188 ἀθλη-

2095 1217 2229 1287 τήν;
2261 1212 2402 1279 εἶδες
2435 1216 2552 1280 πῶς
2574 1213 2740 1268 αὐτοῦ
2772 1214 2868 1284 τὴν
2893 1212 3072 1285 ψυχὴν
3101 1210 3442 1283 ενεύρωσενς
3471 1212 3533 1264 Ὀ
3563 1210 3676 1282 γάρ
3701 1208 3777 1265 τά

2097 1304 2388 1375 ἀπόρρητα
2420 1302 2519 1373 τῆς
2543 1300 2781 1365 διανοίας
2807 1300 3171 1370 ἐπιστάμενος
3196 1298 3314 1369 ᾔδει
3356 1298 3439 1351 ὅτι
3483 1296 3722 1369 ἔχρῃζεν
3744 1298 3777 1352 6

2096 1386 2303 1453 δίκαιος
2343 1388 2444 1458 τῆς
2472 1388 2580 1442 ἀπὺ
2607 1386 2714 1442 τῶν
2748 1386 3010 1458 ῥημάτων
3054 1385 3487 1456 παρακλήσεως⁸
3518 1385 3621 1455 δρα
3661 1382 3777 1455 γὰρ

2094 1476 2149 1529 τί
2177 1492 2361 1544 φησιν,
2410 1473 2595 1538 ἐπειδὴ
2633 1473 2941 1545 παρρησίαν
2998 1471 3160 1525 ἔλαϐε
3198 1471 3286 1525 διά
3322 1471 3433 1524 τῶν
3483 1470 3775 1542 ῥημάτων.

2090 1557 2237 1615 Εἷπε
2272 1561 2341 1614 δὲ
2361 1562 2605 1629 Ἀὔραμο
2646 1558 2920 1613 Δέσποτα
2935 1559 2986 1621 ιι,
3030 1558 3089 1612 τί
3123 1575 3225 1627 μοι
3257 1557 3510 1623 δώσεις-ς
3542 1555 3660 1625 ἐγὼ
3704 1554 3777 1609 δὲ

2095 1649 2430 1718 ἀπολύομαι
2458 1647 2725 1713 ἄτεκνος.
2744 1645 2964 1716 Ἐπειδὴ
2984 1645 3174 1715 μισθόν
3202 1644 3350 1714 αὐτῷ
3380 1643 3776 1713 ἐπηγγείλατο.

2095 1730 2190 1809 καὶ
2218 1731 2386 1782 πολὺν
2443 1728 2632 1801 μισθὸν
2664 1729 2758 1782 καὶ
2790 1728 2997 1800 σφόδρα
3029 1726 3220 1789 πολὺν,
3264 1726 3543 1797 ἐμφαίνων
3574 1722 3775 1779 ἑαυτοῦ

2092 1812 2194 1889 τῆς
2243 1818 2420 1890 ψυχῆς
2452 1817 2550 1888 τὴν
2578 1817 2790 1889 ὀδύνην,
2825 1816 2919 1870 καὶ
2960 1814 3061 1887 τήν
3102 1816 3160 1869 εν
3199 1815 3439 1885 διηνεκεῖ
3468 1813 3547 1884 τῷ
3589 1812 3778 1883 χρόνῳ

2096 1906 2451 1977 έγγινομένην
2489 1903 2640 1975 αὒτῷ
2682 1902 2924 1975 ἀθυμίαν
2950 1904 3049 1974 τῆς
3078 1901 3337 1965 ἀπαιδίας
3362 1902 3569 1965 ἕνεκεν,
3596 1899 3738 1970 φησί
3755 1916 3774 1930 ’

2095 1992 2364 2053 Δέσποτα.
2422 1991 2475 2045 τί
2500 1990 2743 2045 τοιοῦτόν
2783 2007 2875 2062 μοι
2903 1988 3129 2056 δώσεις;
3176 1989 3307 2043 ’1δού
3333 1989 3444 2060 γάρ
3472 1987 3659 2042 λοιπόν
3690 1986 3779 2054 είς

2093 2080 2273 2151 γῆρας
2303 2080 2526 2150 ἔσχατον
2558 2078 2799 2133 έλαύνων
2828 2077 3055 2141 ἄτεκνος
3086 2075 3417 2147 ἀπολύομαι.

2166 2168 2308 2238 Ὅρα
2344 2166 2460 2230 πῶς
2488 2167 2552 2219 εκ
2586 2163 2887 2237 προοιμίων
2910 2166 2940 2218 6
2960 2164 3167 2227 δίκαιος
3198 2163 3533 2233 ἐφιλοσόφει,
3567 2164 3777 2219 ἀπόλυ-

2096 2270 2180 2307 σιν
2196 2252 2379 2307 καλῶν
2402 2252 2499 2325 τὴν
2532 2251 2779 2306 ἐντεῦθεν
2805 2250 3005 2316 ἔξοδον.
3038 2252 3102 2304 Οί
3148 2252 3256 2321 γάρ
3313 2249 3453 2320 μετά
3485 2248 3778 2322 ἀκριϐείας

2093 2341 2193 2412 τὴν
2221 2339 2421 2411 ἀρετὴν
2456 2338 2751 2409 μετιόντες,
2778 2336 2998 2392 έπειδάν
3026 2337 3125 2407 τῆς
3156 2335 3407 2390 εντεῦθεν
3434 2337 3581 2407 ζωῆς
3608 2354 3777 2407 μετα-

2097 2429 2313 2493 στῶσιν,
2338 2426 2554 2499 ἀληθῶς
2579 2427 2766 2498 ῶσπερ
2786 2425 3113 2479 ἀπολύονται
3143 2424 3250 2478 τῶν
3274 2424 3523 2490 ἀγώνων,
3546 2427 3641 2478 καὶ
3664 2424 3777 2479 τῶν

2092 2517 2305 2589 δεσμῶν
2333 2517 2590 2570 ἀνίενται.
2621 2516 2731 2568 Καὶ
2760 2515 2871 2586 γὰρ
2904 2513 3233 2584 μετάστασίς
3260 2513 3345 2576 τίς
3366 2514 3483 2566 ἔστι
3508 2514 3620 2576 τοῖς
3651 2514 3772 2565 ένα-

2097 2604 2269 2676 ρέτως
2297 2602 2501 2674 βιοῦσιν
2525 2601 2634 2655 ἀπὸ
2658 2600 2767 2654 τῶν
2800 2600 3058 2672 χειρόνων
3082 2600 3174 2653 επὶ
3198 2599 3266 2653 τὰ
3291 2598 3509 2669 βελτίω,
3536 2598 3647 2652 ἀπὸ
3672 2598 3775 2668 τῆς

2095 2682 2431 2762 προσκαίρου
2461 2687 2606 2759 ζωῆς
2640 2688 2733 2740 ἐπὶ
2754 2688 2852 2758 τὴν
2876 2686 3101 2758 διηνεκῆ
3137 2686 3233 2741 καὶ
3263 2685 3531 2740 ἀθάνατον
3551 2686 3647 2738 καὶ
3673 2685 3775 2739 πέ-

2096 2794 2196 2848 ρας
2226 2777 2326 2830 οὐκ
2353 2774 2601 2846 ἔχουσαν.
2637 2774 2787 2845 Ἐγὼ
2806 2772 2894 2839 δὲ,
2918 2773 3105 2845 φησὶν,
3130 2774 3471 2843 ἀπολύομαι
3497 2772 3773 2839 ἄτεκνος.

2093 2863 2204 2916 Kal
2241 2862 2326 2915 ἵνα
2358 2863 2448 2916 τὸν
2478 2859 2857 2931 εὐσπλαγχνον
2896 2860 3172 2930 Δεσπότην
3199 2859 3604 2929 ἐπισπάσηται,
3649 2856 3775 2911 οὐδε

2096 2949 2255 3022 μέχρι
2285 2948 2489 3002 τούτων
2531 2950 2683 3019 ἔστη,
2714 2948 2849 3002 ἀλλά
2872 2949 2925 3001 τί
2968 2964 3169 3016 φησινς
3214 2948 3276 2999 '0
3305 2944 3375 2999 δὲ
3422 2946 3555 3011 υίὸς
3579 2941 3775 3004 Had:

2091 3035 2204 3104 τῆς
2238 3033 2583 3105 οικοτενοῦς
2626 3052 2766 3104 μου,
2812 3031 3020 3101 ἐπειδὴ
3069 3034 3181 3087 οὐκ
3212 3030 3363 3104 [369]
3416 3029 3647 3096 ἔδωκάς
3670 3046 3774 3100 μοι

2093 3123 2351 3192 σπέρμα,
2381 3118 2559 3186 οὗτος
2579 3120 3042 3190 κληρονομήσει.
3074 3118 3280 3190 Πολλὴν
3306 3118 3554 3172 ἐπίτασιν
3578 3117 3772 3187 ὀδύνης

2093 3207 2192 3278 τῆς
2230 3209 2287 3260 εν
2315 3209 2382 3279 τῇ
2410 3206 2557 3279 ψυχῇ
2585 3207 2839 3277 ἐμφαίνει
2896 3207 3050 3261 ταυτὶ
3097 3206 3167 3260 τά
3200 3206 3441 3277 ῥήματα.
3472 3203 3773 3278 Μονονουχὶ

2094 3294 2201 3366 γάρ
2228 3310 2360 3363 φησι
2384 3293 2521 3364 πρὸς
2549 3292 2639 3346 τόν
2667 3292 2798 3346 Θεόν
2821 3309 2835 3323 ·
2866 3292 2987 3346 οὐδὲ
3012 3290 3120 3346 τῶν
3147 3291 3326 3346 αὐτῶν
3354 3289 3613 3361 ἠξιώθην,
3639 3284 3717 3346 ὧν
3741 3289 3771 3344 6

2093 3381 2393 3452 οἰκογενὴς,
2416 3381 2532 3434 ἀλλ’
2553 3380 2665 3450 ἐγὼ
2689 3381 2787 3452 μὲν
2801 3380 2993 3449 ἄγονος
3015 3381 3107 3433 καὶ
3127 3380 3351 3442 ἄτεκνος
3370 3369 3775 3450 ἀπελεύσομαι,

2093 3462 2246 3532 οὗτος
2273 3467 2330 3521 δι
2358 3470 2386 3521 6
2408 3468 2817 3538 οἰκογενήςμου
2846 3466 3241 3539 κληρονομήσει
3264 3465 3335 3519 τά
3371 3466 3523 3537 παρά
3551 3465 3647 3519 σοῦ
3679 3480 3773 3536 μοι

2093 3553 2426 3624 δωρηθέντα,
2461 3553 2743 3607 καὶταῦτα
2778 3553 2926 3618 ἀπαξ
2946 3554 3041 3607 καὶ
3062 3551 3313 3624 δεύτερον
3334 3552 3627 3623 ὑπόσχεσίν
3664 3567 3770 3622 μου

2093 3637 2386 3712 δεξαμένου
2416 3639 2569 3711 παρά
2602 3639 2715 3705 σοῦ,
2748 3641 2831 3694 δτι
2867 3639 2951 3705 Τῷ
2983 3639 3282 3708 σπέρματί
3313 3652 3431 3693 σου
3454 3638 3629 3693 δώσω
3656 3640 3772 3709 τὴν

2096 3726 2214 3798 γῆν
2243 3728 2485 3794 ταύτην.
2522 3726 2720 3781 Σκόπει
2758 3744 2847 3797 μοι
2893 3727 2985 3780 καὶ
3018 3725 3266 3779 ἐντεῦθεν
3293 3725 3389 3779 τοῦ
3415 3725 3628 3780 δικαίου
3664 3722 3771 3799 ’τὴν

2095 3813 2316 3887 ἀρετὴν,
2347 3815 2429 3868 ὅτι
2456 3814 2550 3868 καὶ
2586 3814 2711 3877 τοὺς
2746 3814 3037 3883 λογισμοὺς
3083 3810 3307 3875 τούτους
3339 3812 3586 3881 στρέφων
3618 3814 3677 3866 ιν
3705 3816 3770 3887 τῇ

2095 3898 2302 3970 διανοίᾳ
2328 3899 2582 3952 οὐδέποτε
2611 3898 2987 3969 ἐδυσχέρανεν,
3034 3896 3290 3950 οὐδέποτε
3326 3896 3461 3968 βαρύ
3492 3914 3546 3951 τι
3563 3894 3767 3969 ἐφθέγ-

2099 3985 2258 4050 ξατο’
2289 3984 2423 4040 ἀλλά
2460 3984 2554 4039 καὶ
2584 3983 2681 4039 νῦν
2704 3983 3037 4055 προτραπεὶς
3079 3982 3145 4035 ἑκ
3177 3982 3286 4036 τῶν
3315 3982 3453 4053 πρὸς
3485 3983 3651 4037 αὐτὸν
3678 3986 3765 4056 ῥη·

2103 4070 2307 4143 μάτων,
2338 4070 2773 4143 παρρησιάζεται
2802 4069 2941 4141 πρὸς
2972 4068 3063 4121 τὸν
3085 4070 3383 4138 Δεσπότην,
3424 4070 3520 4121 καὶ
3550 4069 3659 4124 τῶν
3692 4069 3780 4123 έν·

2099 4156 2250 4212 δοθεν
2298 4156 2572 4229 λογισμῶν
2626 4155 2720 4228 τὴν
2751 4154 2994 4228 ταραχὴν
3017 4153 3318 4225 κατάδηλον
3352 4157 3515 4218 ποιεί,
3543 4157 3641 4209 καὶ
3662 4155 3778 4210 δεί-

2100 4260 2259 4300 κνυσι
2286 4246 2385 4315 τῆς
2406 4244 2583 4315 ψυχῆς
2631 4243 2795 4297 αὐτοῦ
2822 4242 2882 4295 τὸ
2903 4241 3060 4305 ῑλκος
3077 4256 3092 4272 ’
3138 4240 3205 4294 δι’
3236 4241 3266 4294 δ
3296 4242 3391 4294 καὶ
3430 4244 3654 4312 ταχεῖαν
3675 4244 3778 4315 τήν

2104 4331 2346 4403 ίατρείαν
2373 4330 2610 4398 εδέξατο.
2638 4330 2750 4384 Kal
2773 4328 2995 4395 εὐθέως,
3021 4328 3174 4398 φησὶ,
3218 4328 3370 4399 φωνὴ
3394 4328 3530 4382 Θεοῦ
3561 4329 3782 4399 ιγένετο

2101 4417 2237 4488 πρὸς
2263 4416 2447 4472 αὐτόν.
2466 4417 2611 4490 Ὅρα
2629 4415 2730 4486 τῆς
2746 4414 2970 4487 Γραφῆς
2989 4416 3089 4486 τὴν
3110 4414 3514 4485 παρατήρησιν.
3533 4414 3776 4480 Εὐθέως,

2100 4504 2286 4575 φησίν.
2321 4504 2396 4560 Οὐ
2424 4503 2802 4575 συνεχώρησεν
2836 4502 2955 4556 οὐδὲ
3004 4501 3196 4573 μικρὸν
3220 4502 3547 4571 δυσχερᾶναι
3569 4503 3662 4557 τδν
3699 4503 3783 4558 δίο

2100 4608 2276 4657 καιον,
2309 4590 2448 4645 ἀλλά
2499 4590 2721 4660 ταχεῖαν
2756 4588 2966 4657 είσάγει
2995 4587 3093 4658 τὴν
3149 4586 3524 4658 παραμυθίαν,
3553 4588 3651 4642 καὶ
3678 4590 3785 4662 τῆς

2100 4677 2278 4749 λύπης
2308 4674 2628 4748 ἰδ-μέγεθος
2657 4672 2997 4738 διασκεδάζει
3048 4672 3136 4726 διὰ
3168 4674 3277 4726 τῶν
3312 4673 3448 4744 πρὸς
3481 4673 3647 4728 αὐτὸν
3677 4677 3781 4747 ῥηο

2106 4765 2309 4836 μάτων.
2346 4763 2457 4819 Καὶ
2477 4763 2680 4828 εὐθὺς,
2731 4762 2886 4834 φησὶ,
2944 4760 3113 4832 φωνὴ
3158 4762 3306 4816 Θεοῦ
3356 4762 3596 4832 ἐγένετο
3626 4763 3774 4831 πρὸς

2100 4850 2289 4906 αὐτόν
2312 4850 2583 4920 λέγουσα
2605 4864 2619 4880 ·
2646 4851 2728 4905 οὐ
2758 4847 3203 4918 κληρονομήσει
3226 4862 3302 4901 σε
3320 4843 3521 4914 οὗτος,
3544 4849 3686 4903 ἀλλ’
3710 4848 3775 4918 δς

2100 4937 2483 5003 ἐξελεύσεται
2521 4936 2591 4989 ἐκ
2618 4935 2757 5000 σοῦ,
2784 4931 2962 5000 οὗτος
2992 4932 3436 5003 κληρονομήσει
3464 4950 3560 4991 σε.
3582 4933 3783 4996 Τοῦτο,

2102 5025 2254 5096 φησὶ,
2277 5023 2520 5087 δέδοικας
2540 5064 2556 5090 ,
2578 5020 2741 5076 τοῦτό
2771 5037 2865 5075 σου
2894 5021 2986 5074 τὸν
3008 5020 3268 5090 λογισμὸν
3297 5020 3555 5091 ταράττει
3576 5061 3593 5086 ,
3617 5020 3781 5076 τοῦτο

2105 5128 2195 5165 σου
2243 5110 2343 5182 τὴν
2397 5110 2635 5181 ἀθυμίαν
2682 5107 2976 5174 ἐπιτείνεις
3031 5107 3285 5162 Μάνθανε
3318 5107 3499 5160 τοίνυν
3547 5108 3632 5162 ὅτι
3692 5101 3779 5162 οὺ

2103 5196 2545 5268 κληρονομήσει
2599 5210 2673 5249 σε
2702 5190 2877 5262 οὗτος
2903 5210 2916 5224 ·
2959 5194 3098 5249 ἀλλ’
3144 5193 3213 5260 ὃς
3259 5192 3647 5258 ἐξελεύσεται
3706 5194 3779 5248 ἐκ

2102 5286 2240 5350 σοῦ,
2274 5281 2453 5353 οὗτος
2474 5283 2916 5353 κληρονομήσει
2950 5300 3045 5338 σε.
3076 5284 3167 5353 Μὴ
3192 5283 3328 5353 πρὸς
3354 5282 3453 5353 τὴν
3482 5281 3646 5351 φύσιν
3670 5284 3781 5338 τοί-

2103 5390 2197 5426 νυν
2227 5373 2340 5443 ίδῃς
2366 5372 2461 5441 τὴν
2494 5369 2856 5442 ἀνθρωπίνην,
2899 5368 3034 5441 μηδὲ
3060 5370 3119 5421 τὸ
3162 5368 3335 5439 γῆρας
3377 5366 3547 5421 ἐννόει
3570 5368 3631 5421 τὺ
3662 5369 3773 5423 σὺν,

2108 5460 2244 5533 μήτε
2275 5460 2373 5530 τῆς
2401 5459 2580 5529 Σάρας
2625 5457 2724 5527 τὴν
2763 5457 3081 5529 στείρωσιν·
3113 5455 3251 5508 ἀλλά
3281 5457 3347 5526 τῇ
3377 5454 3606 5525 δυνάμει
3640 5451 3777 5526 ὲμοῦ

2102 5542 2197 5595 τοῦ
2224 5540 2691 5611 ἐπαγγειλαμένου
2743 5537 3036 5602 πεποιθὼς,
3068 5538 3169 5609 τῆς
3217 5538 3316 5609 μὲν
3348 5537 3584 5608 ἀθυμίας
3617 5539 3779 5601 ὲκτδς

2104 5630 2275 5699 γίνου,
2310 5629 2467 5701 δέχου
2500 5628 2557 5681 δὲ
2587 5628 2682 5681 καὶ
2713 5627 2900 5693 ἱκανὴν
2925 5627 3023 5698 τὴν
3053 5626 3418 5697 παράκλησιν,
3468 5626 3562 5679 καὶ
3591 5628 3775 5679 πεῖσον

2165 5724 2272 5788 bl}:
2318 5726 2387 5788 Q'
2421 5726 2603 5788 legitur
2645 5725 2862 5774 Δέσποτα
2888 5722 3067 5785 Κύριε,
3107 5721 3235 5770 Hel)!
3294 5721 3414 5775 nw
3454 5722 3594 5779 ’.ΠΜ
3636 5722 3769 5785 Vulg.

2115 5786 2310 5838 οοηιίηε
2341 5787 2481 5838 Deus.
