4058 6384
202 411 306 468 337

206 527 370 581 etiam
414 539 531 593 qua:
581 523 774 576 fiebant
806 520 1001 573 Christi
1043 529 1196 589 typus
1240 528 1415 583 erant,
1447 527 1500 570 ct
1545 519 1654 584 ipsa
1701 515 1795 569 ob-

206 619 308 669 lata
347 615 656 686 mysterium
694 612 958 681 quoddam
995 609 1379 680 prmsiguabant
1403 628 1414 660 :
1438 609 1659 677 ideoque
1693 623 1800 662 non

206 706 406 765 renuit,
435 716 590 774 atque
610 714 663 757 ut
684 703 910 771 accepit,
943 702 1174 756 vicissim
1205 701 1351 754 illum
1386 699 1797 764 remunerando,

206 798 435 849 docebat
480 795 687 847 virtutis
726 811 835 846 suat
879 792 1314 862 magnitudinem.
1372 790 1613 843 Deeimas
1654 790 1795 841 enim

207 887 259 938 ei
290 883 477 947 dedit,
520 885 682 938 etiam
730 884 829 936 hac
866 885 1070 936 ratione
1102 882 1242 952 piam
1273 897 1422 934 suam
1461 889 1690 932 tuentem
1721 880 1796 931 si-

206 976 492 1043 gnificans.
542 974 788 1028 Fortasse
832 974 1038 1043 longius
1078 972 1315 1026 excurrit
1354 972 1526 1024 oratio
1571 979 1793 1032 nostra;

210 1065 357 1132 atqui
389 1080 492 1117 non
517 1065 630 1118 sine
658 1078 817 1118 causa
846 1079 1016 1132 neque
1048 1063 1263 1115 frustra.
1320 1061 1505 1115 Paucis
1537 1062 1676 1114 enim
1711 1061 1794 1112 di-

207 1154 438 1207 dicimus
464 1153 530 1207 ab
559 1153 705 1206 initio
723 1167 889 1220 usque
918 1152 982 1205 ad
1009 1151 1319 1205 hodiernam
1344 1151 1649 1212 lectionem,
1685 1166 1800 1216 qua:

209 1240 370 1296 fuerit
395 1243 523 1311 justi
555 1243 708 1310 hujus
739 1240 991 1294 fortitudo
1011 1282 1026 1306 ,
1060 1241 1496 1310 magnanimitas,
1532 1241 1800 1294 excellens

214 1334 366 1400 t‘ides,
406 1349 557 1388 mens
584 1333 800 1401 optimis
831 1332 1066 1385 moribus
1097 1331 1338 1400 prtedita,
1373 1331 1591 1399 insignis
1615 1332 1800 1384 mode-

210 1425 332 1483 stia.
362 1423 688 1475 admirabilis
716 1423 1021 1476 divitiarum
1050 1414 1388 1489 contemptus
1413 1462 1426 1484 ,
1455 1420 1647 1473 divine
1678 1437 1799 1488 erga

210 1528 337 1568 eum
360 1512 744 1567 benevolentia:
773 1521 1026 1581 perpetua
1056 1513 1418 1580 providentia;
1447 1521 1502 1564 et
1523 1526 1626 1579 quo
1652 1522 1804 1578 μω·ιο

209 1602 450 1656 divinum
503 1602 599 1668 ipsi
650 1603 872 1672 singulis
927 1602 1254 1671 temporibus
1303 1603 1579 1669 praebitum
1621 1612 1804 1668 patro-

211 1693 443 1758 cinium,
490 1691 727 1761 quotidie
754 1693 1034 1746 clariorem
1070 1708 1190 1744 eum
1221 1702 1274 1746 et
1315 1693 1655 1747 illustriorem
1687 1695 1806 1746 red-

210 1786 363 1838 didit.
413 1783 564 1836 Nunc
593 1791 766 1836 autem
796 1783 840 1837 si
868 1783 1138 1837 volueritis
1161 1825 1173 1845 .
1203 1792 1257 1837 et
1285 1799 1388 1836 non
1419 1783 1801 1853 defatigemitti,

211 1875 280 1929 ad
306 1891 366 1929 ea
398 1891 516 1944 quae
549 1890 732 1928 recens
772 1875 902 1929 lecta
945 1884 1068 1928 sunt
1109 1874 1425 1928 accedamus
1457 1915 1472 1938 ,
1527 1887 1580 1927 et
1623 1875 1805 1943 paucis

213 1967 531 2034 quibusdam
563 1966 874 2033 propositis,
904 1966 1244 2018 absolvamus
1273 1980 1610 2026 sermonem;
1643 1975 1698 2016 ttt
1724 1965 1806 2017 di-

211 2056 373 2108 scatis
403 2065 597 2123 quanta
632 2055 809 2107 denuo
834 2055 881 2107 ei
911 2053 1234 2122 rependatur
1265 2069 1473 2108 merces
1498 2095 1511 2116 ,
1555 2070 1620 2108 eo
1665 2054 1804 2123 quod

197 2145 598 2212 'CUltletllpst'ril
638 2143 776 2198 doaa
828 2143 929 2197 sibi
974 2158 1003 2196 a
1041 2143 1395 2198 Sodomorum
1445 2159 1568 2214 rege
1608 2146 1804 2200 oblata.

212 2233 352 2300 Quid
399 2232 542 2286 enim
589 2232 803 2302 inquit?
859 2234 909 2286 l.
947 2231 1069 2287 Post
1107 2234 1214 2286 haec
1243 2244 1413 2286 autem
1438 2235 1585 2286 verba
1615 2238 1809 2304 factum

213 2335 287 2378 est
312 2325 514 2379 verbum
543 2325 747 2377 Domini
773 2325 840 2376 ad
873 2323 1238 2395 Abram-(cap.
1267 2322 1376 2396 15).
1429 2323 1603 2393 Quare
1625 2325 1703 2378 sic
1729 2328 1809 2377 itt-

213 2417 366 2485 cipit,
399 2415 521 2469 Post
553 2417 658 2468 luet:
683 2426 851 2468 autent
879 2414 1065 2468 verba?
1086 2431 1203 2483 qua:
1229 2414 1408 2480 verba,
1428 2416 1654 2483 quaeso?
1685 2430 1810 2468 num

215 2508 420 2561 indicat
463 2508 622 2560 verba
666 2522 785 2576 qua:
835 2522 958 2560 cunt
1005 2506 1529 2574 Sodomorum‘rege
1581 2506 1808 2559 habuit?

216 2599 348 2653 Post
391 2607 755 2666 contemptum
798 2598 981 2661 illum,
1026 2598 1224 2666 inqttit,
1269 2606 1546 2665 postquam
1584 2611 1646 2650 ea
1693 2611 1810 2664 qua:

217 2688 290 2742 ab
321 2688 411 2742 illo
451 2688 623 2740 oblata
669 2697 792 2740 sunt
841 2687 1070 2755 repulit,
1132 2696 1250 2754 post
1292 2686 1592 2739 doctrinam
1641 2686 1806 2751 illam,

217 2792 380 2845 quam
417 2777 630 2844 rejectis
659 2777 812 2830 donis
839 2778 1236 2846 pronuntiavit,
1273 2788 1327 2830 ut
1358 2777 1536 2845 pietati
1567 2788 1620 2831 et
1657 2778 1809 2845 agni-

220 2867 354 2920 tioni
395 2865 700 2921 Conditoris
740 2869 980 2923 omnium
1023 2869 1171 2922 illum
1210 2869 1481 2933 initiaret,
1538 2869 1657 2923 Post
1704 2870 1812 2922 Itwc

217 2966 387 3009 autent
412 2957 560 3009 verba
581 2998 594 3020 ,
641 2968 923 3026 postquam
954 2958 1192 3012 decimas
1216 2958 1570 3013 Melehisedec
1600 2960 1810 3024 obtulit,

220 3047 472 3116 quando,
519 3049 725 3116 inquit,
768 3049 945 3101 omnia
993 3065 1110 3116 qua:
1153 3065 1217 3102 ex
1251 3064 1309 3102 se
1352 3060 1507 3102 erant
1551 3050 1808 3119 implevit,

223 3146 349 3190 tunc
396 3135 522 3189 Post
567 3136 674 3189 Ita’c
723 3141 868 3189 verba
900 3137 1089 3203 factum
1134 3146 1205 3190 est
1251 3137 1450 3190 vet-bum
1498 3138 1704 3190 Domini
1747 3139 1814 3190 ad

220 3227 410 3280 Abram
437 3227 488 3277 in
515 3227 701 3278 visione
727 3227 884 3278 noctis
914 3226 1008 3296 (η),
1039 3227 1207 3279 dicens
1237 3242 1254 3278 .'
1286 3227 1366 3279 Ne
1387 3227 1581 3293 timeas,
1603 3228 1809 3296 Abram,

221 3336 312 3390 ego
341 3327 547 3387 prologo
575 3328 660 3380 te;
698 3334 880 3370 merces
902 3328 990 3370 tua
1021 3318 1179 3370 multa
1199 3318 1344 3372 valde
1372 3319 1486 3371 erit.

296 3410 345 3463 4.
386 3407 516 3462 Vide
559 3408 938 3476 benignitatem
971 3407 1215 3473 Domini,
1247 3409 1516 3477 quomodo
1545 3409 1724 3463 statim
1763 3419 1818 3464 et

223 3513 254 3553 e
281 3497 502 3567 vestigio
545 3512 776 3564 sequens
798 3536 811 3558 ,
863 3497 1134 3551 beneficiis
1163 3513 1320 3552 suum
1352 3499 1607 3554 athletam
1637 3515 1816 3554 remu-

224 3598 444 3641 neratur
468 3629 481 3651 ,
509 3596 564 3641 et
589 3587 655 3640 ad
689 3589 940 3641 ulteriora
975 3589 1268 3643 certamina
1300 3591 1493 3645 iterum
1520 3592 1812 3658 instruens,

227 3679 415 3749 vigore
458 3696 595 3734 novo
637 3680 873 3734 roborat.
928 3679 1144 3734 Factum
1178 3693 1246 3736 est
1285 3683 1488 3736 verbum
1515 3682 1724 3738 Domini
1763 3685 1817 3738 itt

226 3771 416 3822 visione
445 3772 620 3824 noctis.
650 3770 824 3837 Quare
857 3770 907 3823 itt
937 3765 1135 3826 nocte?
1166 3771 1233 3827 Ut
1257 3773 1306 3826 in
1337 3773 1548 3827 silentio
1569 3782 1623 3828 et
1642 3774 1820 3842 quiete

226 3862 419 3914 melius
445 3877 563 3930 qua:
591 3861 839 3914 dicuntur
863 3862 1107 3930 accipiat.
1145 3864 1208 3916 Et
1235 3863 1363 3917 dicit
1384 3866 1431 3916 ei
1468 3881 1480 3916 :
1508 3863 1590 3917 Ne
1618 3866 1817 3932 timeas,

228 3952 438 4004 Abram.
483 3951 712 4004 Attende
757 3951 1073 4005 immensam
1106 3952 1195 4006 Dei
1226 3954 1635 4024 curam/Quare
1662 3956 1818 4021 dixit,

233 4038 314 4092 Ne
343 4040 554 4092 timeas?
577 4040 708 4106 Quia
741 4049 914 4094 tantas
936 4055 1066 4109 Opes
1087 4052 1501 4111 contempserat,
1538 4059 1641 4098 non
1667 4059 1823 4099 cura-

231 4132 296 4185 tis
319 4131 480 4211 gegiis
507 4131 662 4184 donis
689 4147 705 4185 :
731 4130 832 4184 hoc
859 4140 960 4196 est,
994 4131 1069 4185 Ne
1101 4132 1308 4195 timeas,
1342 4133 1482 4202 quod
1513 4133 1823 4203 deSpexeris

231 4235 376 4278 tanta
403 4225 542 4278 dona
566 4263 581 4287 ,
629 4238 800 4292 neque
825 4224 1015 4278 anxius
1035 4225 1109 4278 sis
1135 4225 1286 4293 quasi
1316 4225 1552 4279 minores
1579 4226 1700 4280 inde
1732 4227 1822 4281 tibi

229 4316 337 4368 sint
377 4313 676 4367 facultates.
710 4312 791 4367 Ne
818 4316 1015 4367 timeas.
1067 4315 1269 4368 Deinde
1298 4325 1354 4369 ut
1387 4316 1624 4370 animum
1654 4317 1824 4386 magis

230 4405 450 4467 excitet,
479 4403 673 4470 adjecit
694 4403 860 4457 verbo
885 4412 940 4457 et
967 4405 1397 4474 appellationem,
1425 4417 1478 4460 et
1501 4405 1666 4475 inquit
1701 4424 1713 4458 :
1742 4406 1827 4460 Ne

232 4498 434 4560 timeas,
462 4493 668 4547 Abram.
700 4493 814 4546 Non
840 4493 981 4546 enim
1006 4509 1186 4561 parum
1209 4494 1273 4548 ad
1294 4497 1825 4564 expergefacicndum

233 4583 358 4637 facit
383 4624 397 4648 ,
430 4598 550 4636 cum
576 4584 880 4652 quempiam
919 4585 1136 4651 proprio
1163 4586 1377 4637 nomine
1405 4586 1782 4652 compellamus
1809 4604 1822 4640 :

230 4675 427 4728 deinde
458 4676 530 4727 ait
556 4715 570 4740 ,
627 4674 734 4743 Ego
761 4685 1020 4744 protegam
1052 4684 1116 4726 te.
1173 4674 1388 4728 Multam
1437 4676 1603 4730 habet
1643 4687 1695 4731 ct
1727 4679 1828 4730 hoc

233 4764 460 4818 verbum
497 4763 815 4831 emphasim.
873 4764 984 4833 Ego
1025 4765 1170 4832 quia
1199 4765 1468 4820 Chaldaeis
1505 4777 1554 4820 te
1585 4770 1823 4832 evotavi,

239 4871 340 4924 ego
367 4855 456 4924 qui
501 4865 550 4908 te
579 4855 680 4908 huc
709 4853 836 4907 duxi
857 4894 872 4915 .
921 4870 1020 4922 ego
1051 4855 1138 4923 qui
1179 4863 1230 4908 te
1260 4871 1288 4908 a
1334 4857 1578 4923 periculis
1610 4857 1826 4928 [Egypti

235 4945 456 5001 liberavi
484 4985 498 5008 ,
528 4961 626 5013 ego
652 4944 740 5014 qui
771 4944 939 4998 semel
966 4957 1125 5013 atque
1157 4945 1352 5000 iterum
1383 4947 1598 5014 promisi
1635 4949 1722 5001 tibi
1751 4958 1828 5002 at-

232 5053 338 5106 que
358 5035 549 5090 semini
582 5044 672 5087 tuo
698 5034 948 5088 daturum
979 5051 1063 5090 tne
1091 5046 1286 5090 terram
1319 5037 1473 5102 hanc,
1498 5052 1600 5108 ego
1627 5047 1676 5092 te
1704 5055 1827 5108 pro-

237 5141 357 5199 tego
399 5142 549 5205 :ego‘
582 5126 672 5197 qui
713 5127 764 5180 itt
808 5127 931 5205 dies
969 5129 1136 5197 magis
1183 5138 1236 5183 et
1278 5132 1444 5199 magis
1490 5132 1736 5185 omnibus
1780 5143 1832 5187 te

233 5221 438 5272 elatum
460 5201 710 5281 ostendo,
755 5233 854 5287 ego
886 5202 1107 5287 protego
1139 5227 1188 5272 te
1223 5236 1234 5272 :
1266 5219 1367 5274 hoc
1405 5229 1524 5286 est,
1567 5237 1666 5290 ego
1693 5227 1829 5277 scuti

239 5313 353 5367 vice
377 5311 470 5366 tibi
501 5327 640 5378 sum,
671 5326 771 5382 ego
796 5325 891 5380 pro
914 5321 962 5365 te
989 5321 1158 5376 certo,
1182 5326 1281 5381 ego
1310 5323 1668 5382 propugnator
1688 5331 1828 5381 sum,

237 5421 337 5475 ego
362 5420 547 5459 curant
568 5420 716 5475 gero,
748 5400 847 5474 ego
872 5406 1047 5459 omnia
1070 5405 1308 5461 difficilia
1328 5404 1495 5460 facilia
1523 5407 1611 5460 tibi
1642 5408 1828 5474 reddo,

311 5630 386 5700 (σε)
417 5629 466 5677 fit
499 5629 623 5676 lidzt.
649 5630 964 5696 septuaginta
988 5628 1532 5702 lttterpretumnlegitur
1563 5635 1830 5702 tantutn_év

247 5695 478 5753 ὁράματι,
527 5704 573 5738 tn
613 5693 824 5749 ristonc;
867 5704 955 5753 vox
981 5693 1180 5753 _wxroc,
1224 5693 1397 5751 nodis,
1434 5693 1596 5741 deest.
1642 5695 1690 5742 ftt
1731 5695 1830 5743 lle-

249 5751 414 5800 braieu
441 5755 627 5810 pariter
654 5759 800 5811 atque
828 5754 874 5798 itt
901 5751 1110 5813 Vulgata
1153 5766 1250 5801 non
1283 5753 1506 5802 habetur.
1550 5756 1629 5804 Sir
1665 5765 1828 5804 tamen
1868 5780 1874 5786 -

251 5814 373 5877 lt'git
395 5813 514 5872 Cill‘}
529 5822 790 5872 sosloutus,
819 5820 871 5862 ut
898 5827 958 5861 ex
984 5829 1037 5862 se
1057 5813 1313 5877 jttctttibus
1336 5814 1511 5876 liquet.

1241 403 1302 456 ΙΝ
1345 403 1496 455 (IAI’.
1531 399 1646 456 XV.
1691 397 1929 454 GENL'S.
1967 397 2194 454 HOMIL.
2234 401 2470 454 XXXVI.

3394 409 3498 464 338

1915 529 2015 584 ego
2048 525 2265 586 protegit
2289 528 2358 572 te.
2416 517 2610 571 Alorcus
2638 529 2722 571 tua
2755 521 2911 573 multa
2942 523 3032 572 m't
3063 523 3222 574 tutlde.
3283 525 3503 578 Noluisti

1914 608 2217 663 mercedem
2256 612 2502 679 accipere
2553 627 2646 679 pro
2695 611 2964 666 laboribus
3007 631 3140 681 quos
3184 617 3501 671 sustinuisti.

1914 697 2075 750 tantis
2107 699 2354 766 periculis
2385 702 2608 769 teipsum
2641 701 2943 769 objiciendo
2970 746 2980 765 ,
3011 705 3103 757 sed
3135 706 3501 773 contempsisti

1909 798 1963 840 et
1992 804 2173 857 regem
2203 799 2255 844 et
2287 805 2503 843 munera
2548 791 2684 859 ejus.
2737 791 2848 860 Ego
2886 792 2976 845 tibi
3010 795 3311 848 meret-dent
3341 795 3501 856 dabo,

1910 894 2013 930 non
2041 887 2242 932 tantam
2275 891 2528 949 quautam
2555 893 2872 951 accepturus
2893 898 3010 936 cras
3034 925 3047 946 ,
3081 884 3175 938 sed
3201 885 3422 938 multam
3451 898 3503 938 et

1911 969 2061 1021 valde
2087 969 2306 1022 multant
2337 987 2351 1022 :
2387 970 2580 1024 Merces
2606 973 2748 1024 enim
2781 983 2903 1035 tua,
2957 974 3126 1041 inquit
3150 1014 3164 1036 ,
3216 976 3375 1027 multa
3409 976 3502 1027 erit

1909 1058 2072 1112 valde.
2108 1059 2293 1114 Vidisti
2325 1061 2696 1115 liberalitatem
2731 1062 2983 1116 Domini?
3009 1064 3186 1117 vidisti
3218 1065 3502 1119 verborum

1909 1149 2158 1216 pondus?
2205 1150 2379 1204 vidisti
2423 1150 2694 1219 quomodo
2722 1151 3038 1206 excitaverit
3081 1152 3290 1222 pictatis
3333 1153 3503 1206 athle-

1911 1242 2056 1294 tam‘?
2107 1241 2286 1295 vidisti
2331 1243 2604 1311 quomodo
2632 1243 2866 1298 animam
2908 1245 3025 1313 ejus
3072 1245 3503 1298 conflrtttaverit?

1913 1332 2026 1401 Ipse
2051 1336 2192 1388 enim
2218 1335 2306 1402 qui
2337 1350 2528 1389 arcana
2552 1336 2794 1390 cordium
2828 1339 2994 1401 novit,
3025 1337 3227 1391 sciebat
3251 1337 3399 1405 justo
3427 1335 3502 1389 illi

1911 1439 2044 1490 opus
2085 1440 2204 1479 csse
2251 1425 2552 1493 hujusmodi
2602 1427 2887 1481 verborum
2937 1427 3342 1482 consolatione:
3383 1443 3503 1480 nam

1911 1515 2030 1566 vide
2058 1515 2182 1583 quid
2213 1515 2404 1580 cx_bis
2435 1517 2612 1570 verbis
2655 1526 2914 1585 concepta
2963 1518 3152 1572 fiducia
3205 1517 3501 1587 patriarcha

1911 1603 2055 1658 dicit.
2105 1605 2160 1658 2.
2191 1604 2333 1659 Dixit
2361 1615 2524 1659 autem
2552 1607 2738 1660 Abram
2768 1623 2787 1662 :
2819 1608 3035 1662 Domine
3055 1651 3067 1672 ,
3109 1609 3234 1678 quid
3263 1610 3384 1661 mihi
3408 1609 3508 1660 dn.

1913 1695 2022 1747 bis?
2048 1711 2137 1765 ego
2157 1707 2323 1748 autem
2360 1697 2468 1748 sine
2496 1697 2664 1750 liberis
2693 1697 2939 1750 dimittor.
2974 1698 3260 1767 Postquam
3296 1714 3503 1751 merces

1914 1785 2012 1851 ipsi
2039 1785 2189 1840 valde
2217 1786 2431 1854 copiosa
2461 1788 2720 1854 promissa
2751 1797 2866 1852 est,
2907 1791 3128 1858 exponit
3167 1791 3361 1843 animat
3397 1803 3508 1840 suo

1912 1876 2151 1929 dolorem
2191 1887 2244 1930 et
2291 1877 2558 1931 trisdtiam
2604 1888 2820 1949 propter
2861 1881 3028 1950 prolis
3079 1881 3347 1949 inopiam,
3401 1895 3503 1947 qua

1913 1966 2162 2019 diuturno
2217 1977 2455 2035 tempore
2508 1970 2837 2037 angebatur,
2899 1968 3132 2038 dicitque
3183 1987 3194 2021 :
3247 1968 3504 2029 Domine,

1913 2055 2037 2125 quid
2066 2057 2170 2111 tale
2194 2056 2318 2109 mihi
2347 2057 2540 2110 dabis?
2573 2058 2709 2112 Ecce
2738 2059 2879 2111 enim
2910 2065 3010 2125 ego
3037 2073 3205 2126 usque
3226 2058 3293 2111 ad
3323 2069 3504 2111 extre-

1916 2161 2054 2198 mant
2083 2155 2352 2199 senectam
2375 2147 2612 2215 perveni,
2644 2157 2696 2200 et
2721 2147 2868 2216 prole
2894 2162 3085 2200 carens
3112 2147 3373 2200 dimittor.

1991 2234 2123 2290 Vide
2147 2236 2415 2306 quomodo
2439 2237 2630 2305 priscis
2660 2237 2762 2290 illis
2782 2237 2994 2291 szeculis
3014 2237 3190 2305 justus
3219 2236 3305 2289 ille
3337 2233 3510 2303 philo-

1915 2328 2241 2397 sophabatur
2260 2369 2273 2392 ,
2304 2327 2672 2382 dimissionem
2699 2341 2898 2382 vocans
2925 2342 2992 2382 ex
3032 2328 3134 2380 hoc
3175 2326 3373 2380 mundo
3396 2323 3510 2379 dis-

1917 2435 2150 2475 cessum.
2181 2421 2313 2474 Nam
2343 2421 2434 2490 qui
2467 2420 2633 2474 vitam
2665 2420 2890 2475 honeste
2919 2430 2972 2474 et
3003 2420 3057 2474 in
3083 2419 3366 2473 virtutibus
3389 2433 3513 2487 ege-

1916 2520 2063 2576 runt,
2094 2511 2304 2580 quando
2333 2527 2398 2565 ex
2429 2510 2528 2565 hac
2569 2511 2677 2564 vita
2707 2511 2994 2581 emigrant,
3025 2526 3151 2564 vere
3183 2511 3511 2569 liberantur.

1916 2612 1970 2655 et
1999 2603 2148 2671 quasi
2195 2602 2482 2656 solvuntur
2516 2618 2546 2656 a
2590 2601 2972 2658 certaminibus
2997 2609 3052 2656 et
3079 2616 3106 2653 a
3141 2601 3383 2654 vinculis.
3417 2598 3515 2655 Est

1917 2693 2059 2747 enim
2093 2707 2241 2746 mors
2269 2692 2332 2745 iis
2359 2692 2448 2763 qui
2481 2693 2616 2746 bene
2641 2693 2826 2746 vivunt
2849 2732 2864 2757 ,
2910 2692 3183 2745 translatio
3209 2691 3452 2760 quatdam
3481 2704 3512 2744 a

1920 2782 2189 2852 peioribus
2210 2782 2276 2836 ad
2301 2781 2544 2846 meliora,
2563 2796 2596 2834 a
2618 2791 2960 2850 temporanea
2986 2782 3094 2833 vita
3115 2781 3178 2832 ad
3205 2787 3513 2848 perpetuam

1918 2881 1972 2927 et
2001 2873 2354 2926 immortalem
2401 2873 2666 2940 ﬁnemque
2711 2887 2818 2925 non
2865 2872 3167 2926 habentem.
3205 2871 3316 2942 Ego
3344 2881 3515 2923 autent

1920 2964 2165 3028 dimittor,
2199 2964 2399 3032 inquit,
2431 2963 2539 3016 sine
2569 2962 2759 3016 liberis.
2791 2961 2860 3015 Et
2886 2972 2944 3015 ut
2971 2961 3374 3016 misericordem
3407 2962 3513 3013 Do-

1922 3057 2122 3122 minum
2150 3055 2248 3108 sibi
2275 3054 2608 3118 conciliaret,
2639 3069 2745 3107 non
2781 3053 2844 3107 iis
2869 3061 3153 3108 contentus
3183 3054 3276 3107 fuit
3303 3053 3514 3118 verbis;

1923 3147 2014 3200 scd
2059 3146 2181 3214 quid
2215 3146 2379 3200 dicit?
2418 3144 2588 3198 Filius
2617 3155 2784 3198 autem
2831 3144 3006 3198 Masec
3051 3161 3216 3198 verna:
3256 3160 3408 3209 mete,
3459 3144 3514 3198 3.

1920 3240 2157 3309 quoniattt
2195 3255 2294 3290 non
2321 3237 2504 3291 dediin
2525 3236 2646 3290 mihi
2675 3252 2842 3290 semen
2869 3279 2884 3302 ,
2932 3236 3018 3289 ille
3049 3237 3190 3290 heres
3228 3253 3369 3288 meus
3403 3237 3516 3289 irit.

1924 3329 2194 3398 lugentem
2223 3328 2465 3381 dolorem
2496 3327 2688 3381 anima:
2713 3326 2828 3396 ejus
2865 3327 3143 3381 declarant
3174 3327 3289 3380 haec
3322 3327 3480 3380 verba
3503 3367 3515 3387 .

1924 3417 2072 3487 quasi
2124 3417 2326 3473 diceret
2373 3417 2480 3470 Deo
2511 3433 2524 3468 :
2554 3415 2737 3486 Neque
2777 3431 2840 3471 ea
2881 3430 2999 3470 sum
3044 3426 3363 3485 asseqnutus
3400 3431 3520 3484 quae

1925 3524 2111 3563 servus
2141 3523 2292 3562 meus
2319 3508 2638 3562 vernaculus
2660 3549 2674 3570 .
2707 3508 2802 3562 sed
2841 3523 2942 3578 ego
2971 3508 3185 3577 quidem
3221 3509 3378 3562 abibo
3405 3508 3522 3562 sine

1927 3599 2180 3653 filiozhic
2223 3608 2398 3653 autem
2447 3599 2790 3680 vernacttlus’
2809 3615 2958 3652 meus
3000 3599 3347 3653 hereditatem
3378 3599 3520 3651 acci-

1927 3693 2070 3760 piet,
2107 3707 2225 3760 qua:
2264 3706 2293 3744 a
2340 3701 2390 3745 te
2439 3690 2569 3744 mihi
2605 3689 2747 3754 data,
2793 3690 2952 3759 idque
2995 3704 3116 3744 cum
3152 3690 3321 3744 semel
3364 3698 3523 3757 atque

1929 3782 2124 3837 iterum
2159 3781 2569 3851 promissionem
2595 3795 2623 3834 a
2653 3790 2704 3834 te
2728 3781 3028 3850 acceperim
3055 3779 3265 3834 dicente
3291 3797 3304 3832 :
3331 3778 3526 3834 Semiui

1930 3883 2016 3925 tuo
2039 3873 2168 3925 dabo
2194 3883 2381 3925 terram
2408 3872 2558 3924 hanc.
2581 3871 2896 3935 Considera,
2925 3870 3169 3931 obsecro,
3199 3879 3251 3924 et
3282 3869 3381 3924 hoc
3407 3869 3526 3923 loco

1924 3964 2053 4034 justi
2083 3965 2366 4028 vinutem,
2414 3961 2684 4032 quomodo
2712 3962 3060 4032 cogitationes
3111 3962 3206 4015 has
3248 3963 3298 4014 in
3348 3962 3527 4014 animo

1929 4071 2171 4118 versans,
2215 4071 2503 4124 numquam
2556 4054 2880 4123 indignatus,
2930 4069 3106 4122 neque
3145 4053 3287 4107 aliud
3333 4052 3524 4107 durum

1931 4152 2184 4220 loquutus
2227 4148 2449 4202 sitzsed
2492 4157 2543 4202 et
2584 4161 2724 4200 nunc
2772 4147 3050 4214 instigatus
3083 4144 3257 4199 verbis
3294 4161 3410 4212 qua:
3452 4145 3527 4196 lo-

1932 4251 2128 4311 quutus
2175 4248 2257 4292 est
2305 4238 2352 4292 ei
2409 4237 2703 4299 Dominus,
2755 4250 2943 4303 magna
3000 4234 3188 4287 fiducia
3245 4233 3526 4286 Demittunt

1932 4332 2236 4402 alloquitur,
2258 4330 2699 4399 manifestamque
2722 4327 2845 4381 facit
2865 4329 3127 4380 internant
3150 4326 3528 4395 cogitationum

1937 4424 2389 4494 perturbationem
2411 4463 2426 4488 ,
2473 4421 2763 4476 ostendens
2797 4421 2989 4473 animae
3031 4433 3141 4472 sua:
3174 4419 3356 4476 ulcus:
3391 4417 3532 4472 unde

1934 4528 1988 4573 et
2033 4518 2386 4572 acreleratum
2432 4515 2638 4582 accepit
2678 4513 3145 4567 medicamentum.
3172 4512 3225 4563 4.
3264 4509 3326 4562 Et
3362 4512 3531 4563 statim

1935 4627 2032 4664 rex
2058 4609 2152 4662 Dei
2191 4612 2332 4679 facta
2365 4616 2435 4660 est
2466 4605 2534 4659 ad
2573 4622 2705 4658 eum.
2739 4604 2870 4657 Vide
2905 4603 3194 4670 Scriptum
3237 4600 3531 4653 accuratio-

1937 4720 2080 4757 nctu.
2114 4701 2320 4764 Statim,
2352 4697 2672 4766 inquit.Non
2699 4695 2938 4764 permisit
2963 4693 3164 4763 justum
3198 4693 3281 4745 vel
3313 4692 3532 4744 minimo

1939 4804 2176 4863 tempore
2205 4794 2345 4861 angi,
2377 4789 2470 4843 sed
2501 4788 2802 4843 festinatam
2833 4786 2880 4839 ei
2907 4785 3326 4840 consolationem
3355 4782 3532 4848 affert,

1938 4895 1990 4938 et
2029 4883 2343 4952 gravitatem
2385 4880 2632 4934 mceror-is
2673 4876 2920 4932 emendat
2951 4877 3128 4929 verbis
3166 4891 3284 4943 qua:
3331 4883 3455 4926 tunc
3486 4875 3534 4926 ei

1939 4976 2190 5043 loquutus
2219 4981 2318 5026 est.
2365 4969 2428 5023 Et
2457 4968 2656 5030 statim,
2700 4967 2902 5035 inquit,
2934 4981 3032 5019 v0.1:
3074 4964 3168 5017 Dei
3199 4968 3333 5034 facta
3368 4972 3438 5017 est
3468 4968 3536 5015 ad

1939 5084 2075 5134 eum,
2106 5067 2274 5118 dicens
2298 5079 2315 5117 :
2341 5061 2457 5115 Non
2481 5062 2571 5114 erit
2598 5060 2677 5112 hic
2704 5060 2845 5111 Item
2871 5069 3005 5122 tuus,
3037 5057 3124 5109 sed
3148 5058 3233 5125 qui
3254 5057 3536 5126 egredietur

1939 5174 2001 5211 ea:
2028 5167 2092 5216 te.
2144 5156 2224 5208 hic
2266 5155 2404 5206 Itercs
2432 5161 2548 5204 tuus
2578 5151 2688 5202 erit.
2737 5150 3007 5211 lloccine,
3052 5147 3236 5214 inquit,
3284 5147 3536 5199 timuisti?

1943 5248 2165 5303 hoccine
2211 5253 2444 5299 mentem
2488 5251 2630 5294 tuam
2682 5236 2944 5292 turbavit?
2994 5237 3216 5290 hoccine
3267 5235 3535 5290 tristitiam

1943 5349 2086 5393 tuam
2110 5335 2298 5406 auget?
2320 5333 2468 5388 Scias
2488 5335 2646 5400 igitur
2665 5328 2808 5383 hunc
2830 5342 2934 5380 non
2960 5329 3070 5380 fore
3094 5327 3340 5381 heredem
3365 5337 3534 5392 tuum,

1944 5433 2049 5487 Sed
2077 5431 2160 5501 qui
2195 5428 2475 5499 egredietur
2501 5441 2562 5478 c1:
2586 5434 2665 5488 te,
2710 5423 2791 5475 hic
2822 5422 2962 5474 [teres
2999 5432 3110 5473 tuus
3137 5421 3245 5473 erit.
3277 5418 3353 5473 Ne
3382 5421 3538 5488 igitur

1941 5524 2007 5579 ad
2045 5524 2330 5578 humanam
2375 5528 2583 5589 spectes
2625 5525 2898 5580 naturam,
2944 5528 3011 5568 ne
3052 5523 3192 5565 tuam
3231 5523 3534 5575 settccmtn,

1944 5616 2158 5672 Sarmve
2197 5613 2531 5668 sterilitatem
2571 5608 2751 5662 animo
2789 5606 3008 5661 volvas:
3034 5603 3126 5658 sed
3167 5603 3280 5671 ejus
3321 5603 3410 5670 qui
3445 5602 3541 5656 tibi

1947 5707 2188 5780 prmuisit
2230 5703 2477 5775 potentia:
2524 5702 2659 5756 bene
2700 5698 2836 5763 fide,
2888 5705 2942 5751 et
2987 5694 3253 5749 tristitiam
3292 5709 3535 5764 ponens,

1951 5799 2303 5855 sufficientem
2331 5793 2749 5851 eonsvilationcm
2778 5789 2980 5858 accipe,
3007 5799 3420 5857 pt‘t‘>~lla$Illlttptt‘
3447 5782 3533 5836 ha-
