4058 6394
549 385 645 440 539

540 500 665 554 beas
684 510 734 555 te
750 501 1001 558 heredem
1030 507 1348 575 habiturum,
1367 509 1454 579 qui
1477 525 1539 564 ex
1564 519 1615 566 te
1635 524 1902 568 nascatur.
1923 513 2123 570 Deinde

536 591 657 659 quia
686 606 845 661 supra
879 602 1265 660 naturam‘erat
1295 600 1577 668 promissio
1597 643 1613 668 ,
1655 611 1709 657 et
1747 603 1990 658 vincebat
2023 605 2122 658 liu-

541 698 755 737 tnanam
796 687 1053 742 rationem
1101 686 1366 760 (magnam
1397 681 1539 746 enim
1573 693 1623 746 in
1665 709 1731 748 eo
1769 694 2120 749 turbationem

538 773 842 828 excitabant
870 785 944 829 tot
972 785 1175 832 natura:
1204 779 1600 848 impedimenta,
1634 796 1878 837 senectus
1907 785 2043 852 ejus,
2071 794 2123 840 et

541 861 682 928 quod
729 863 859 919 Sara
895 866 1092 921 sterilis
1135 883 1196 922 ac
1242 879 1394 924 utero
1433 881 1677 925 emortuo
1722 873 1924 942 esset),
1970 881 2126 943 auget

545 951 801 1006 Dominus
834 957 1217 1021 promissorum
1265 961 1709 1029 magnitudinem,
1757 972 1811 1016 ut
1855 963 2029 1031 justus
2057 964 2122 1019 ad

547 1043 902 1108 promittentis
944 1045 1308 1103 liberalitatem
1359 1051 1678 1118 respiciens,
1732 1052 1866 1107 bene
1909 1063 2121 1121 speret,

539 1129 877 1201 coniidatque
939 1136 1017 1190 sic
1080 1149 1412 1192 eventurum.
1467 1140 1522 1194 5.
1567 1139 1757 1195 Eduxit
1803 1152 1965 1195 autem
2013 1160 2123 1198 eum

539 1221 697 1287 foras,
731 1231 776 1274 et
806 1222 932 1275 dixit
958 1225 1005 1277 ei
1029 1240 1048 1278 :
1071 1224 1285 1293 Suspice
1310 1226 1360 1279 in
1393 1229 1593 1291 cadum,
1625 1241 1669 1283 et
1701 1247 1907 1284 numera
1931 1232 2120 1294 stellas,

537 1308 584 1360 si
605 1312 790 1376 poteris
812 1330 1072 1367 numerare
1094 1331 1199 1368 eas.
1228 1313 1292 1368 Et
1309 1315 1437 1371 dixit
1456 1319 1500 1371 ei
1520 1335 1538 1371 :
1557 1319 1645 1372 Sic
1665 1320 1758 1372 erit
1777 1337 1941 1374 semen
1964 1333 2120 1374 tuum.

536 1399 592 1452 6.
629 1399 698 1453 Et
740 1403 948 1456 credidit
991 1403 1178 1459 Abram
1226 1406 1333 1460 Deo
1356 1449 1370 1472 ,
1432 1418 1479 1460 et
1526 1419 1812 1474 reputatum
1846 1421 1918 1464 est
1955 1412 2031 1464 illi
2069 1415 2123 1466 in

536 1487 800 1555 justitiam.
829 1491 1010 1558 Quare
1047 1494 1298 1549 indicavit
1321 1537 1335 1560 ,
1378 1496 1516 1564 quod
1558 1496 1914 1556 duxeriteum
1946 1499 2124 1554 foras?

538 1576 669 1644 Quia
691 1579 833 1633 enim
863 1583 1105 1650 superius
1129 1585 1281 1650 dixit,
1307 1600 1426 1639 cum
1452 1586 1502 1639 in
1529 1585 1732 1641 visione
1757 1589 1930 1643 noctis
1954 1604 2121 1664 appa-

541 1671 713 1726 ruisse
744 1673 814 1725 illi
835 1714 849 1733 ,
881 1688 944 1727 ac
971 1675 1128 1730 verba
1155 1675 1238 1728 illa
1262 1677 1309 1729 ei
1337 1676 1609 1746 loquutum
1641 1680 1802 1733 t'uisse
1824 1700 1836 1735 :
1860 1697 1999 1734 nunc
2022 1696 2122 1735 au-

537 1767 643 1814 tein
671 1760 781 1812 vult
822 1761 870 1815 ei
916 1763 1222 1830 ostendere,
1258 1780 1415 1834 quam
1468 1767 1880 1822 innumerabiles
1923 1769 2031 1823 sint
2069 1771 2120 1824 in

534 1851 666 1904 ca-lo
692 1851 879 1916 stellm,
905 1852 1077 1922 inquit
1099 1870 1113 1908 :
1137 1853 1326 1915 Eduxit
1345 1873 1456 1910 eum
1478 1859 1638 1928 foras,
1657 1869 1704 1911 et
1727 1861 1855 1914 dixit
1875 1878 1892 1914 :
1909 1860 2124 1930 Suspire

537 1939 590 1989 iu
617 1940 812 2005 malum,
846 1952 891 1994 et
918 1959 1122 1996 numera
1150 1945 1345 2012 stellas,
1375 1946 1420 1999 si
1453 1949 1638 2015 poteris
1667 1965 1750 2002 cas
1778 1951 2119 2006 dinumerare.

541 2025 604 2079 Et
633 2029 757 2082 dixit
779 2031 820 2082 ei
844 2047 862 2084 :
883 2032 971 2086 Sic
994 2035 1089 2087 erit
1115 2051 1282 2088 semen
1313 2046 1474 2089 tuum.
1506 2037 1749 2106 Magnum
1776 2044 2118 2110 promissum,

543 2116 730 2186 ingens
754 2121 1118 2186 promissionis
1139 2126 1444 2193 magnitudo
1469 2143 1481 2178 :
1505 2128 1598 2180 sed
1631 2128 1674 2180 si
1705 2130 1870 2196 ipsam
1901 2133 2122 2199 promit-

538 2208 698 2261 tentis
745 2210 991 2264 virtutem
1035 2213 1420 2282 cogitabimus,
1472 2216 1598 2269 nihil
1647 2221 1799 2273 nobis
1845 2223 2122 2290 apparebit

542 2312 810 2366 magnum.
843 2300 940 2366 Qui
971 2303 1112 2355 enim
1141 2303 1209 2358 de
1237 2314 1375 2358 terra
1398 2319 1593 2375 corpus
1618 2307 1881 2375 formavit,
1906 2321 1959 2366 et
1979 2313 2119 2380 quod

537 2401 646 2440 non
664 2399 770 2442 erat
783 2430 795 2450 ,
819 2390 866 2442 id
886 2399 942 2443 ut
963 2400 1106 2445 esset
1126 2391 1270 2460 fecit,
1290 2403 1344 2448 et
1359 2395 1595 2450 condidit
1611 2400 1786 2452 omnia
1804 2415 1922 2467 qum
1939 2401 2123 2456 viden-

538 2486 653 2547 tur,
682 2479 768 2534 ille
797 2483 957 2535 etiam
993 2482 1122 2538 dare
1149 2486 1345 2554 poterit
1374 2501 1493 2557 qua:
1518 2501 1676 2556 supra
1709 2500 1950 2544 naturam
1975 2502 2117 2546 sunt.

610 2570 664 2623 5.
703 2569 885 2623 Vidisti
929 2571 1136 2627 Domini
1185 2573 1602 2630 liberalitatem?
1651 2577 1936 2647 Postquam
1977 2581 2119 2634 enitn

537 2659 692 2723 dixit,
727 2661 922 2731 Absque
945 2663 1087 2730 prole
1118 2664 1365 2729 dimittor,
1393 2665 1546 2735 quasi
1572 2667 1707 2736 apud
1736 2677 1912 2736 portas
1933 2670 2120 2725 mortis

535 2751 822 2818 exsistens,
840 2762 892 2807 et
915 2752 1042 2807 nihil
1066 2755 1294 2823 amplius
1315 2756 1525 2823 operari
1548 2757 1726 2811 valens
1749 2767 1806 2811 ut
1828 2773 2120 2827 procreen-

538 2849 626 2895 tur
651 2840 822 2904 liberi,
855 2843 932 2896 sic
961 2843 1119 2896 verba
1161 2843 1247 2896 illa
1277 2844 1515 2912 protulit,
1559 2845 1776 2901 dicens:
1802 2847 1968 2902 Filius
2000 2848 2118 2901 Ma-

535 2934 720 3002 see(a)
750 2935 1030 2987 vernaculae
1076 2950 1199 2988 mea:
1243 2935 1384 2990 lieres
1424 2953 1563 2991 meus
1605 2939 1716 2990 erit.
1769 2939 1892 2993 Ideo
1937 2941 2120 2995 volens

537 3023 780 3091 spiritum
797 3031 913 3091 ejus
929 3024 1154 3092 erigere,
1179 3033 1234 3078 et
1255 3040 1450 3080 novum
1469 3028 1702 3097 vigorem
1718 3031 1880 3084 menti
1899 3030 2116 3096 addere,

539 3114 606 3168 ab
636 3112 944 3166 imminente
974 3113 1163 3168 timore
1187 3128 1310 3168 eum
1337 3116 1546 3183 liberat,
1577 3119 2028 3188 promissioneque
2058 3133 2122 3174 ac

538 3203 664 3257 doni
715 3203 1084 3272 magnitudine
1120 3214 1352 3259 mentem
1398 3206 1514 3274 ejus
1556 3207 1744 3278 erigit,
1789 3208 2122 3264 ostendendo
2170 3247 2176 3252 -

541 3292 814 3346 stellarum
844 3292 1256 3358 multitudinem,
1277 3303 1330 3347 et
1352 3295 1708 3362 promittendo
1737 3298 2033 3352 nascituros
2053 3314 2118 3353 ex

535 3397 602 3435 eo
630 3381 733 3435 illis
762 3397 916 3450 pares
941 3381 1166 3448 futuros,
1193 3384 1242 3436 in
1272 3383 1462 3438 bonam
1487 3400 1634 3454 spem
1660 3387 1892 3442 adducit.
1922 3388 2118 3444 V’idens

534 3473 675 3526 enim
723 3475 927 3527 Domini
974 3474 1417 3543 promissionem,
1464 3477 1659 3545 rejecta
1703 3480 1846 3531 omni
1886 3477 2116 3532 humana

534 3563 758 3628 ratione,
791 3571 844 3617 et
865 3579 1036 3631 neque
1061 3564 1125 3618 ad
1152 3578 1212 3620 se
1235 3566 1426 3636 ipsum,
1451 3583 1624 3636 neque
1645 3569 1709 3623 ad
1735 3570 1917 3624 Saram
1942 3571 2117 3626 minus

534 3652 886 3718 procreationi
918 3665 1093 3721 aptam
1122 3655 1414 3721 reSpiciens
1441 3657 1568 3712 :sed
1607 3660 1975 3726 praetermissis
2019 3659 2090 3715 bu

536 3739 706 3791 manis
735 3742 980 3794 omnibus
1006 3783 1022 3808 ,
1069 3743 1246 3797 sciens
1282 3743 1447 3799 Deum
1490 3759 1647 3815 posse
1675 3749 1836 3802 etiam
1869 3765 1929 3802 ea
1950 3791 1964 3810 ,
1996 3765 2116 3819 quae

536 3843 693 3895 supra
723 3838 968 3884 naturain
995 3842 1137 3896 sunt,
1165 3831 1363 3903 largiri,
1393 3834 1549 3889 ﬁdem
1575 3835 1758 3891 habuit
1779 3839 1961 3907 dictis,
1992 3842 2110 3894 nul-

534 3917 638 3970 lam
679 3917 1059 3974 dubitationem
1106 3921 1425 3989 admittens,
1474 3921 1644 3993 nequé
1688 3942 1806 3980 cum
1836 3929 1973 3983 dicta
2001 3928 2115 3986 lucc

532 4009 763 4074 fuerunt,
796 4009 1076 4063 litesitavit.
1120 4010 1230 4066 iloc
1261 4012 1401 4066 enim
1430 4029 1569 4067 vera:
1611 4016 1731 4070 iidei
1774 4027 1876 4084 est,
1903 4019 2116 4087 quando

533 4098 918 4165 promissiones
947 4115 1051 4152 non
1084 4101 1372 4154 secundum
1415 4103 1629 4157 solitum
1654 4145 1669 4169 ,
1717 4115 1771 4159 et
1814 4107 2116 4164 hominibus

530 4187 797 4256 cognitum
827 4203 1030 4243 morem
1061 4199 1218 4255 sunt,
1248 4191 1293 4243 si
1322 4206 1417 4247 nos
1457 4195 1812 4261 promittentis
1839 4197 2018 4252 virtuti
2048 4199 2112 4253 ﬁ-

531 4275 736 4330 damus.
768 4275 921 4330 Fides
942 4279 1084 4333 enim
1108 4289 1199 4345 est,
1232 4282 1679 4350 quemadmodum
1705 4285 1891 4340 beatus
1917 4288 2112 4356 Paulus

529 4368 635 4431 ait,
668 4370 1036 4437 sprratttlarunt
1076 4373 1354 4426 substantia
1401 4389 1595 4440 rerum,
1635 4387 1981 4446 argumentum
2010 4396 2111 4434 non

530 4459 882 4525 apparentium
924 4458 1106 4527 (llebr.
1155 4463 1237 4515 il.
1286 4464 1339 4531 i)
1377 4482 1386 4514 :
1419 4473 1473 4518 et
1521 4466 1710 4518 iterum
1745 4485 1756 4518 :
1790 4467 1938 4531 Quod
1977 4472 2109 4525 enim

527 4547 658 4599 ridet
691 4549 823 4616 quis,
864 4547 987 4617 quid
1029 4561 1195 4619 sperat
1241 4553 1414 4622 (Rom.
1457 4554 1510 4607 8.
1544 4552 1674 4622 21)?
1708 4555 1817 4609 Hoc
1846 4558 2003 4626 igitur
2027 4569 2111 4615 est

530 4635 690 4700 iidcs,
743 4639 955 4705 quando
1002 4640 1103 4692 illis
1152 4641 1421 4694 credimus
1462 4658 1578 4711 qua:
1620 4657 1722 4698 non
1768 4645 2013 4701 videntur
2057 4659 2110 4703 et

529 4741 759 4780 mentem
793 4728 853 4780 ad
885 4729 1194 4798 dignitatem
1221 4731 1335 4800 ejus
1361 4734 1447 4800 qui
1480 4735 1720 4802 promisit
1749 4736 2104 4794 intendimus:

529 4817 579 4868 id
608 4817 746 4884 quod
776 4818 1011 4885 profectu
1039 4831 1087 4871 et
1111 4821 1286 4888 justus
1323 4823 1412 4876 ille
1447 4823 1588 4889 fecit,
1618 4825 1877 4880 sinceram
1911 4837 1964 4881 ct
1992 4829 2106 4882 exi-

529 4906 688 4959 miam
723 4911 992 4973 jroinissis
1023 4910 1176 4964 iidem
1211 4912 1410 4966 habens
1437 4932 1448 4967 :
1476 4915 1672 4970 idcirco
1697 4928 1749 4971 et
1775 4933 1802 4970 a
1834 4918 2104 4988 Scriptura

525 4998 700 5050 divina
741 4999 1021 5055 laudatur:
1049 5018 1166 5056 mox
1201 5006 1340 5057 enim
1387 5007 1581 5060 addidit
1612 5025 1624 5060 :
1651 5007 1874 5062 Credidit
1920 5004 2104 5065 Abram

529 5088 655 5154 Deo,
681 5099 725 5140 et
748 5102 1026 5159 reputation
1048 5105 1118 5145 est
1142 5097 1188 5147 ei
1208 5096 1519 5164 injustitiam
1543 5098 1715 5167 (Rom.
1742 5103 1793 5154 4.
1819 5103 1895 5172 5).
1918 5103 2102 5159 Υἱάξδή

524 5179 790 5247 quomodo
827 5191 880 5234 et
907 5193 1030 5235 ante
1058 5194 1305 5238 eventum
1333 5195 1384 5240 et
1419 5187 1779 5256 impletionem
1808 5195 2102 5260 promisso-

528 5286 665 5333 rum,
692 5285 756 5324 eo
787 5273 900 5338 ipso
926 5275 1065 5342 quod
1091 5277 1346 5344 credidit,
1393 5291 1768 5349 congruentem
1803 5285 2099 5339 mercedem

523 5363 744 5432 accipit?
769 5363 900 5418 Nam
930 5366 978 5418 in
1002 5366 1258 5434 justitiam
1282 5371 1330 5424 ei
1357 5381 1653 5440 rcputatum
1679 5383 1780 5440 est,
1810 5377 1948 5445 quod
1980 5392 2099 5432 cre-

524 5453 714 5504 diderit
743 5457 1079 5521 promissioni
1107 5458 1321 5522 divinat,
1347 5469 1396 5512 et
1429 5477 1530 5514 non
1562 5463 1786 5517 humana
1819 5468 2100 5522 ratiocina-

585 5544 656 5603 (fa)
692 5545 799 5623 Mira
843 5547 924 5623 hic
963 5551 1413 5622 iiiterjsretationum
1456 5553 1713 5606 diversitas
1718 5573 1756 5623 _:
1794 5561 2098 5623 septuaginta

523 5610 818 5674 lt_tt_et'pretcs
843 5608 920 5655 hic
944 5608 1134 5674 nomen
1160 5615 1431 5674 propritim,
1471 5624 1644 5674 Muses,
1681 5608 1892 5667 elTerurit
1917 5635 1927 5667 :

523 5624 818 5663 interpretes
843 5624 920 5655 me
944 5624 1118 5657 nomen
1197 5625 1431 5673 roprtttm,
1471 5624 1644 5674 Moser,
1681 5624 1892 5667 elferunt
1917 5635 1927 5667 :
1956 5634 2098 5671 secus

520 5664 811 5742 a_lii___oiimes,
835 5624 1267 5742 quorumpquidlmn,
1292 5672 1446 5742 lilium
1465 5679 1805 5742 procuratoris,
1826 5680 1919 5738 alii,
1945 5681 2098 5742 ﬁlium

524 5725 828 5797 pocillator-is,
854 5725 951 5797 alii,
988 5725 1142 5797 ﬁliam
1187 5725 1405 5795 privis-(ti
1441 5725 1626 5797 domus,
1655 5725 2092 5793 tier-iitiii1"\'iii5'iii

526 5787 746 5849 “eiul-lis
773 5787 959 5851 nostris,
988 5787 1038 5842 et
1064 5795 1110 5841 in
1133 5787 1241 5844 uota
1266 5787 1466 5852 ibidem.

1273 395 1328 449 S.
1371 394 1646 451 JOANNIS
1683 396 2152 455 CIIRYSOSTOMI
2194 403 2508 460 AllClliEl'.
2549 408 3062 467 CONSTANTINOP

3697 413 3798 470 διο

2236 519 2379 574 tione
2433 520 2697 574 curiosius
2749 536 2811 575 ea
2867 537 2986 589 qum
3041 520 3180 574 dit-ta
3235 530 3362 575 sunt
3417 523 3792 593 exploraverit.

2305 609 2519 665 bloralis
2567 613 2874 669 exhortatio.
2932 614 3144 668 Virtutis
3184 614 3398 670 studiosi
3436 632 3539 669 non
3589 617 3806 680 labores,

2233 699 2320 751 sed
2345 702 2554 769 praemia
2580 701 2674 756 sibi
2701 715 3008 772 proponunt.
3029 714 3102 744 -έ-
3130 705 3404 760 Discamus
3424 705 3585 776 igitur
3606 715 3663 759 et
3689 722 3808 775 nos,

2230 790 2472 857 obsecro,
2506 808 2532 844 a
2555 793 2872 863 patriarcha,
2903 795 2992 850 Dei
3018 796 3239 852 credere
3267 796 3442 862 dictis,
3460 804 3516 852 et
3538 799 3656 868 ejus
3687 813 3811 867 pm-

2232 885 2569 941 missionibus
2624 886 2805 948 ﬁdere,
2861 903 3032 958 neque
3073 904 3135 944 ea
3164 891 3574 960 cogitationibus
3618 894 3814 945 nostris

2232 977 2502 1047 indagare,
2556 978 2649 1033 sed
2707 994 2947 1048 magnam
2991 980 3152 1034 animi
3197 981 3499 1050 mquitatem
3535 983 3814 1038 exhibere.

2233 1066 2343 1122 Iloe
2372 1068 2511 1122 enim
2535 1083 2631 1122 nos
2656 1079 2707 1122 et
2732 1070 2905 1137 justos
2929 1070 3200 1126 declarare
3222 1071 3432 1139 poterit,
3463 1082 3517 1126 et
3538 1072 3590 1126 id
3613 1071 3816 1127 eiticiet

2233 1168 2288 1212 ut
2322 1160 2578 1228 promissa
2625 1161 2778 1214 citius
2825 1176 3192 1231 assequamur.
3245 1161 3349 1216 Sed
3390 1163 3547 1217 Abrae
3596 1163 3813 1232 quidem

2231 1250 2493 1317 promisit,
2535 1265 2601 1304 ex
2648 1251 2854 1306 semine
2903 1252 3020 1320 ejus
3068 1253 3349 1307 maximam
3406 1252 3639 1307 futuram
3693 1269 3816 1310 esse

2229 1341 2616 1395 multitudinem
2647 1361 2660 1396 :
2689 1353 2945 1413 erantque
2989 1353 3182 1413 praeter
3208 1345 3419 1399 solitum
3451 1358 3658 1400 natura:
3687 1361 3809 1400 mo-

2227 1429 2353 1484 dum
2377 1447 2495 1501 quaa
2526 1433 2781 1500 promissa
2813 1442 2985 1498 erant,
3026 1435 3251 1504 ideoque
3289 1436 3419 1490 lides
3452 1437 3503 1490 in
3534 1437 3703 1492 Deum
3727 1438 3816 1506 ju-

2227 1521 2427 1575 stitiam
2477 1523 2525 1576 ei
2567 1523 2778 1578 attulit:
2828 1524 2980 1579 nobis
3021 1535 3222 1587 autetn,
3264 1525 3308 1578 si
3338 1526 3596 1595 sapimus,
3650 1529 3818 1580 multo

2228 1610 2427 1679 majora
2463 1612 2717 1679 promissa
2745 1621 2886 1678 sunt,
2913 1621 2967 1667 et
2993 1613 3176 1668 multis
3220 1614 3392 1668 modis
3439 1614 3700 1668 humanas
3727 1629 3819 1669 co-

2228 1700 2508 1770 gitationes
2533 1703 2907 1757 transcendere
2923 1719 3241 1773 possumus;
3268 1703 3430 1758 modo
3459 1705 3819 1772 promittentis

2229 1793 2477 1860 potentia:
2501 1792 2799 1859 credamus,
2832 1802 2966 1848 utet
2993 1809 3112 1849 eam
3146 1809 3266 1864 quae
3293 1810 3359 1848 ex
3391 1795 3495 1849 lide
3521 1805 3625 1861 cst,
3657 1796 3820 1864 justi-

2228 1882 2353 1936 tiam
2384 1891 2716 1951 reportemus
2736 1923 2752 1949 ,
2782 1895 2836 1939 et
2861 1884 3221 1953 adipiscamur
3260 1885 3398 1939 bona
3427 1887 3711 1955 promissa.
3743 1887 3818 1940 Ea

2225 1973 2389 2040 enim,
2419 1990 2536 2043 qua:
2559 1974 2709 2030 nobis
2733 1976 2965 2030 maxime
2988 1977 3268 2046 promissa,
3291 1991 3506 2031 omnem
3531 1977 3823 2032 humanam

2228 2065 2608 2120 transcendunt
2633 2067 2915 2132 rationem,
2943 2076 2997 2121 et
3019 2081 3232 2121 omnem
3257 2068 3634 2138 cogitationem
3657 2084 3821 2123 exce-

2226 2155 2357 2208 dunt
2400 2173 2415 2208 :
2469 2165 2609 2208 tanta
2662 2157 3077 2223 promissionum
3130 2167 3212 2211 est
3250 2157 3581 2227 magnitudo.
3635 2158 3820 2227 Neque

2224 2245 2367 2299 enim
2391 2245 2440 2298 in
2470 2247 2715 2314 pt'mscnti
2742 2247 2846 2299 vita
2873 2246 3046 2301 solum
3072 2247 3223 2300 nobis
3255 2247 3496 2316 promisit
3517 2246 3678 2314 lmjns
3696 2250 3818 2302 vita:

2227 2343 2418 2388 statum
2466 2345 2518 2389 et
2561 2335 2845 2390 visibilium
2893 2336 3192 2390 lruitionem
3243 2355 3257 2390 :
3295 2335 3392 2396 sed
3430 2347 3484 2392 et
3536 2350 3818 2407 postquam

2227 2423 2351 2477 hinc
2379 2425 2836 2492 emigraverimus,
2883 2435 2938 2479 et
2982 2435 3102 2494 post
3127 2427 3368 2495 corporis
3393 2428 3816 2496 corruptionem,

2225 2514 2438 2582 quando
2462 2514 2513 2567 in
2543 2515 2776 2573 tzineretn
2807 2525 2862 2570 et
2888 2517 3159 2585 pulverem
3186 2528 3368 2571 nostra
3409 2517 3667 2573 dissoluta
3698 2520 3810 2574 iue-

2225 2602 2326 2656 rint
2370 2617 2615 2671 corpora,
2665 2613 2788 2659 tunc
2827 2615 3190 2660 resurrectura
3245 2621 3308 2660 ea
3357 2607 3634 2674 promisit,
3669 2619 3722 2662 et
3762 2609 3815 2663 in

2223 2690 2412 2760 majori
2433 2691 2598 2762 gloria
2621 2692 2815 2747 futura.
2860 2692 3070 2764 Oportet
3090 2696 3243 2761 enim,
3275 2695 3444 2763 inquit
3473 2695 3658 2750 beatus
3678 2699 3814 2752 Pau-

2226 2781 2329 2849 lus,
2360 2785 2684 2854 corruptibile
2729 2786 2823 2838 hoc
2864 2787 3075 2840 induere
3097 2786 3545 2852 incorruptionem,
3596 2798 3644 2840 et
3673 2805 3813 2842 inor-

2226 2875 2326 2928 tale
2350 2876 2443 2930 Itoc
2482 2877 2690 2931 induere
2722 2879 3149 2932 immortalitatem
3179 2879 3196 2946 (
3228 2878 3281 2931 1.
3306 2877 3424 2933 Cor.
3451 2880 3536 2933 15.
3570 2880 3640 2934 55
3663 2882 3703 2949 ).
3749 2880 3814 2937 Et

2225 2977 2346 3036 post
2391 2982 2672 3037 corporum
2719 2971 3164 3024 resurrectionem
3212 2972 3360 3040 regni
3418 2971 3812 3040 possessionem

2223 3055 2472 3111 daturum
2515 3074 2573 3113 se
2617 3059 2771 3113 nobis
2817 3060 3084 3129 pollicitus
3126 3071 3228 3123 est,
3253 3071 3306 3114 et
3350 3063 3812 3116 conversationem

2223 3161 2343 3201 cum
2366 3150 2582 3212 sanctis,
2613 3159 2667 3202 et
2691 3149 2742 3203 iu
2774 3161 3032 3219 perpetuo
3053 3149 3250 3205 saeculo
3271 3151 3526 3219 quietem,
3553 3159 3609 3205 et
3629 3151 3812 3206 inela-

2225 3235 2348 3291 bilia
2376 3237 2462 3291 illa
2491 3238 2648 3300 bona,
2684 3237 2811 3301 Qua:
2836 3240 3010 3292 oculus
3032 3256 3134 3294 non
3163 3239 3307 3306 vidit,
3335 3249 3381 3292 et
3407 3245 3549 3293 auris
3589 3258 3689 3294 non
3714 3259 3813 3293 au-

2224 3327 2366 3390 divit,
2407 3337 2452 3381 et
2499 3329 2550 3380 in
2590 3345 2677 3381 cor
2720 3330 2938 3382 hominis
2966 3347 3067 3383 non
3093 3332 3420 3385 ascenderunt
3452 3332 3612 3405 (Ibid.
3641 3333 3696 3388 2.
3723 3332 3810 3404 9).

2229 3416 2412 3470 Vidisti
2443 3428 2638 3486 quanta
2663 3419 3074 3487 promissionum
3104 3423 3414 3477 excellentia
3441 3440 3456 3490 ;
3494 3425 3670 3480 v'.disti
3713 3429 3812 3479 do-

2224 3521 2412 3561 norum
2465 3509 2921 3578 magnitudinem?

2293 3599 2484 3654 6.11m
2508 3603 2816 3670 cogitantes,
2838 3613 2891 3658 et
2904 3604 3133 3659 scientes
3148 3607 3360 3660 mentiri
3377 3622 3482 3661 non
3503 3623 3659 3678 posse
3683 3625 3812 3666 eum

2220 3691 2309 3760 qui
2345 3691 2432 3744 illa
2458 3693 2718 3761 promisit,
2740 3708 2926 3763 magna
2943 3695 3216 3750 alacritate
3235 3713 3591 3767 prmparemus
3616 3715 3715 3754 nos
3738 3701 3810 3755 ad

2221 3783 2427 3836 virtutis
2447 3798 2663 3852 agones,
2685 3793 2740 3838 ut
2760 3793 2815 3840 et
2844 3785 3117 3853 promissis
3138 3786 3290 3840 bonis
3322 3786 3426 3841 l'rui
3445 3790 3732 3856 possimus,
3752 3802 3812 3847 et

2221 3887 2287 3926 ne
2299 3872 2452 3927 saluti
2467 3882 2660 3928 nostra:
2674 3885 2724 3928 et
2744 3876 3063 3930 tantisbonis
3083 3887 3185 3932 tem
3194 3892 3421 3945 poranea
3439 3879 3808 3949 prteieramus,

2220 3978 2391 4033 neque
2405 3965 2697 4034 cogitemus
2719 3965 2929 4021 labores
2954 3967 3182 4030 virtutis,
3208 3969 3303 4023 sed
3326 3984 3423 4037 pra
3435 3971 3537 4023 mia
3559 3972 3611 4024 in
3627 3981 3812 4029 mente

2220 4069 2502 4124 ponamus:
2530 4072 2701 4125 neque
2728 4058 3068 4126 pecuniarum
3100 4068 3341 4128 sumptus
3371 4069 3573 4114 tantum
3594 4072 3811 4132 specte-

2220 4161 2358 4212 mus,
2386 4148 2430 4202 si
2457 4149 2667 4217 quando
2695 4165 2829 4219 opus
2855 4159 2937 4206 est
2958 4165 3052 4205 eas
3081 4151 3403 4220 pauperibus
3430 4168 3678 4223 erogare,
3709 4157 3807 4210 sed

2220 4239 2394 4307 potius
2442 4250 2665 4308 quantus
2705 4241 2826 4296 inde
2875 4243 3028 4296 nobis
3078 4254 3368 4311 proventus
3408 4256 3677 4301 nascatur.
3730 4249 3807 4303 Ea

2219 4329 2361 4382 enim
2403 4328 2470 4383 de
2509 4345 2666 4384 causa
2695 4332 2885 4385 semini
2933 4333 3326 4403 eleemosynam
3368 4339 3698 4404 comparavit
3725 4340 3810 4394 di-

2216 4417 2335 4472 vina
2361 4419 2651 4487 Scriptura,
2681 4431 2871 4474 utcum
2896 4422 3090 4491 gaudio
3113 4431 3168 4476 et
3191 4424 3355 4479 multa
3376 4426 3650 4482 alacritate
3678 4445 3800 4484 eam

2215 4521 2516 4576 operemur.
2545 4509 2674 4563 Nam
2699 4513 2741 4565 si
2774 4511 2806 4565 ii
2833 4513 2921 4581 qui
2953 4513 3157 4567 semina
3189 4523 3345 4570 terra:
3373 4518 3721 4584 concrcdunt,
3751 4533 3808 4577 ct

2214 4599 2435 4653 collecta
2462 4609 2520 4654 et
2563 4601 2703 4655 intus
2743 4603 2975 4670 reposita
3011 4613 3346 4674 spargentes,
3379 4607 3427 4660 id
3457 4622 3578 4662 cum
3611 4612 3805 4679 gaudio

2217 4698 2491 4757 prmstant,
2537 4698 2592 4744 et
2630 4690 2768 4745 bona
2796 4706 2891 4759 spe
2937 4691 3202 4760 loventur,
3236 4705 3292 4751 et
3340 4697 3450 4766 jam
3501 4702 3804 4770 manipulos

2216 4778 2567 4848 imaginantur
2593 4794 2655 4834 ac
2673 4780 2857 4849 plenas
2881 4796 3068 4837 areas:
3104 4785 3272 4840 multo
3291 4788 3459 4857 magis
3480 4790 3582 4844 illis
3609 4792 3804 4861 quibus

2213 4867 2394 4923 datum
2422 4879 2505 4924 est
2543 4886 2726 4926 semen
2767 4871 2870 4927 hoc
2894 4875 3171 4943 Spiritualc
3200 4878 3468 4933 seminare
3490 4881 3728 4948 gaudere
3749 4895 3801 4938 et

2212 4964 2476 5017 exsultare
2511 4967 2789 5031 convenit,
2835 4965 2975 5034 quod
3005 4967 3056 5019 in
3108 4976 3247 5021 terra
3279 4979 3519 5024 serentes
3569 4977 3798 5028 messuri

2211 5056 2588 5112 sintincoelo:
2628 5066 2682 5110 et
2731 5073 2980 5112 nummos
3027 5059 3408 5129 expendentes,
3453 5076 3797 5132 peccatorum

2213 5148 2578 5202 remissionem
2608 5147 2868 5217 accipiant
2892 5155 2946 5203 et
2967 5147 3171 5204 ﬁducia»
3197 5153 3474 5205 materiam
3499 5157 3794 5224 inveniant,

2211 5241 2558 5295 conciliantes
2586 5240 2685 5294 sibi
2716 5253 2809 5310 per
2843 5254 2906 5294 ea
2948 5256 3069 5312 qua:
3113 5237 3199 5294 hic
3235 5241 3549 5311 largiuntur,
3599 5261 3796 5316 per-pe-

2212 5341 2352 5385 tuam
2401 5333 2633 5402 quietem
2661 5341 2715 5385 et
2743 5345 2864 5386 cum
2894 5332 3095 5387 sanctis
3123 5333 3605 5388 conversationem.
3657 5338 3720 5391 Et
3747 5339 3793 5392 si

2209 5425 2588 5479 continentiam
2643 5424 2841 5494 eligere
2881 5423 3106 5493 placeat,
3146 5439 3252 5477 non
3277 5433 3579 5494 spectemus
3612 5429 3790 5483 virtuti

2211 5515 2441 5569 laborem
2468 5517 2662 5579 inesse,
2695 5531 2758 5569 ac
2788 5515 3138 5584 virginitatem
3164 5530 3412 5584 magnum
3451 5517 3647 5573 habere
3677 5535 3792 5573 cer-

2211 5617 2434 5662 tamen:
2484 5607 2576 5662 sed
2620 5623 2737 5660 eam
2778 5616 3003 5671 sortem,
3030 5623 3147 5677 qua:
3198 5621 3295 5662 nos
3345 5608 3592 5678 excipiet,
3647 5626 3788 5679 cogi-

2211 5709 2380 5755 temus
2430 5718 2443 5754 :
2492 5701 2626 5753 hanc
2673 5713 2886 5768 semper
2919 5699 3193 5753 nobiscum
3256 5710 3585 5768 reputantes,
3636 5703 3783 5754 ιιιςιιέιε

2211 5790 2648 5861 conctipiscentite
2678 5790 3004 5845 refrenemus
3045 5790 3240 5846 rabiem
3269 5835 3282 5856 ,
3311 5790 3584 5845 vincamus
3612 5793 3784 5848 mritis
