4058 6384
270 431 377 486 339

270 545 485 608 σαυτὸν,
525 540 598 602 ὡς
620 539 762 605 ἕξεις
793 533 1122 606 κληρονόμον
1142 528 1233 583 τὸν
1263 529 1326 581 ἐκ
1349 527 1443 581 σού
1481 525 1740 596 μέλλοντα
1766 522 1941 576 τίκτε-

269 631 416 684 σθαι.
455 624 584 680 Εϊτα
606 624 793 694 ἐπειδὴ
818 622 959 691 ὑπὲρ
983 619 1141 687 φύσιν
1170 613 1239 688 ἦν
1271 619 1302 685 ἡ
1331 612 1651 681 ἐπαγγελία,
1677 611 1770 664 καὶ
1795 609 1947 663 ἐνίκα

267 715 526 786 λογισμὸν
584 713 919 783 ἀνθρώπινον
965 704 1198 776 (πολλὴν
1236 705 1344 773 γάρ
1401 699 1551 771 αὑτῷ
1583 698 1817 786 ἐνεποίει
1848 697 1946 786 τὴν

269 785 439 872 ζάλην
459 802 527 855 τά
551 802 648 869 τῆς
675 798 889 864 φύσεως
921 792 1239 861 κωλύματα,
1277 790 1338 842 τὸ
1367 789 1542 860 γῆρας
1560 788 1620 839 τὸ
1645 785 1830 848 αὑτοῦ,
1848 785 1948 855 τῆς

269 869 451 958 Σάράς
476 888 506 956 ή
540 884 842 952 στείρωσις,
873 879 971 949 τῆς
1000 878 1212 948 μήτρας
1246 877 1279 945 ἡ
1309 874 1614 944 νέκρωσις)
1642 913 1655 934 ,
1690 869 1945 924 ἐπιτείνει

265 975 368 1042 τῆς
393 967 721 1037 ἐπαγγελίας
745 967 806 1019 τὸ
841 964 1085 1036 μέγεθος,
1124 961 1212 1015 ἴνα
1236 960 1371 1030 πρὸς
1412 959 1511 1027 τὴν
1543 958 1636 1009 τοῦ
1681 958 1944 1024 ἐπαγγει,

265 1058 503 1128 λαμένου
538 1053 850 1124 φιλοτιμίαν
882 1049 1100 1120 ἀφορῶν
1124 1047 1348 1118 θαρρεῖν
1374 1049 1400 1098 ὁ
1429 1046 1640 1104 δίκαιος
1662 1043 1780 1113 ἔχῃ.
1815 1043 1945 1105 Ἰεζε-

266 1145 456 1211 ήτιιτε
478 1140 545 1194 δὲ
562 1138 749 1193 αὐτὸν
774 1137 908 1200 ἔξω,
935 1133 1089 1205 φησί,
1121 1133 1220 1186 καὶ
1254 1128 1424 1184 εἶπεν
1452 1129 1640 1194 αὐτῷ·
1679 1128 1944 1182 Ἀνάϐλε-

264 1234 394 1299 ψον
419 1230 506 1293 είς
520 1227 624 1280 τὸν
645 1223 925 1292 οὐρανὸν,
960 1220 1057 1273 καὶ
1087 1220 1425 1286 ἀρίθμησον
1453 1217 1594 1282 τοὺς
1652 1216 1941 1283 ἀστέρας,

263 1320 319 1370 εὶ
353 1316 594 1380 δυνήσῃ
617 1309 1013 1378 ἐξαριθμῆσαι
1063 1307 1306 1370 αὐτούς.
1358 1303 1471 1357 Καὶ
1506 1300 1673 1357 εἶπεν
1697 1320 1708 1332 ·
1748 1304 1946 1366 Οὕτως

268 1403 438 1454 ἔσται
472 1398 538 1452 τὸ
579 1396 819 1463 σπέρμα
871 1410 1008 1447 σου.
1055 1391 1162 1445 Καὶ
1191 1391 1558 1444 ἐπίστευσεν
1600 1390 1818 1456 Ἀϐραιι
1866 1389 1946 1452 τῷ

269 1486 412 1552 Θεῷ,
436 1483 534 1538 καὶ
559 1483 848 1550 ἐλογίσθη
872 1477 1036 1543 αὐτῷ,
1053 1480 1140 1543 είς
1170 1476 1584 1542 δικαιοσύνην.
1610 1475 1767 1536 Τίνος
1785 1474 1945 1525 ἕνεκα

265 1573 669 1641 ἐπεσημήνατο,
703 1570 784 1621 ὅτι
827 1565 1154 1635 Ἐξήγαγεν
1176 1562 1364 1617 αὑτὸν
1407 1561 1552 1626 ἕξω;
1586 1560 1803 1630 Ἐπειδὴ
1836 1560 1943 1630 γάρ

265 1659 524 1728 ἀνωτέρω
553 1655 723 1718 εἶπεν,
749 1655 830 1707 δτι
868 1655 925 1707 ἐν
951 1652 1185 1722 ὁράματι
1207 1650 1307 1718 τῆς
1343 1648 1535 1712 νυκτὸς
1576 1647 1761 1715 ὀφθεὶς
1797 1645 1944 1715 αὑτῴ

265 1749 336 1801 τὰ
355 1748 490 1817 πρὸς
507 1746 666 1799 αὑτὸν
682 1745 975 1812 ἐποιήσατο
1004 1741 1245 1810 ῥήματα,
1276 1736 1522 1806 βούλεται
1542 1735 1597 1787 δέ
1615 1735 1760 1805 αὐτῷ
1776 1734 1944 1798 δεῖξαι

265 1834 375 1891 τῶν
403 1834 645 1902 ἀστέρων
675 1830 781 1884 τῶν
811 1831 868 1882 ἐν
892 1827 969 1898 τῷ
995 1826 1208 1896 οὐρανῷ
1233 1825 1296 1876 τὸ
1321 1822 1717 1893 ἀναρίθμητον,
1759 1823 1942 1890 φησὶν,

280 1921 611 1988 Ἐξήγαγεν
637 1917 823 1971 αὐτὸν
840 1916 977 1979 ἔξω,
1000 1913 1096 1966 καί
1119 1910 1288 1966 εἶπεν
1305 1928 1319 1942 ·
1352 1909 1715 1977 Ἀνάϐλεψον
1734 1911 1821 1961 εὶι·
1845 1908 1948 1960 τὸν

267 2008 549 2075 οὐρανὸν,
589 2005 687 2071 καὶ
718 2005 1059 2070 ἀρίθμησον
1095 1999 1238 2065 τοὺς
1278 1997 1571 2064 ἀστέρας,
1613 1997 1664 2048 εί
1704 1995 1945 2066 δυνήσῃ

266 2091 663 2162 ἐξαριθμῆσαι
711 2091 953 2154 αὐτούς.
1008 2087 1118 2141 Καὶ
1178 2081 1379 2140 εἶπεν·
1430 2083 1629 2148 Οὕτως
1673 2083 1843 2136 ἔσται
1883 2083 1946 2135 τὸ

266 2181 507 2248 σπέρμα
526 2192 662 2231 σου.
699 2177 857 2242 Μέγα
877 2177 940 2227 τὸ
971 2172 1314 2242 ἐπάγγελμα,
1339 2169 1473 2223 πολὺ
1505 2169 1566 2221 τὸ
1598 2168 1827 2239 μέγεθος
1849 2171 1950 2237 τῆς

267 2265 650 2334 ὑποσχέσεως’
714 2262 826 2315 ἀλλ’
879 2261 973 2312 ἐὰν
1018 2260 1118 2330 τὴν
1155 2258 1383 2328 δύναμιν
1431 2254 1527 2333 τοῦ
1577 2255 1946 2324 ὑποσχομένου

273 2351 632 2420 ἐννοήσωμεν,
667 2349 816 2401 οὐδὲν
837 2348 968 2417 ἡμῖν
1002 2348 1254 2414 φανεῖται
1289 2343 1449 2415 μέγα.
1494 2342 1552 2394 Ὀ
1583 2341 1693 2413 γὰρ
1715 2341 1824 2394 ἀπὸ
1847 2343 1949 2411 γῆς

269 2437 432 2507 σῶμα
456 2436 778 2496 διαπλάσας,
801 2434 896 2486 καὶ
921 2435 985 2486 ἐκ
1005 2431 1099 2485 τοῦ
1133 2430 1209 2501 μὴ
1233 2432 1384 2494 δντος
1408 2432 1488 2492 εἰς
1517 2429 1578 2482 τὸ
1601 2425 1740 2482 εἶναι
1773 2446 1950 2500 παρα-

267 2524 478 2592 γαγὼν,
511 2523 606 2574 καὶ
637 2521 1046 2590 δημιουργήσας
1104 2517 1316 2570 ἅπαντα
1369 2515 1439 2569 τά
1471 2514 1746 2587 ὁρώμενα,
1794 2511 1948 2581 οὗτος

267 2611 364 2665 καὶ
396 2611 464 2663 τά
498 2609 640 2678 ὑπὲρ
661 2607 822 2676 φύσιν
855 2604 1182 2678 χαρίσασθαι
1215 2603 1520 2674 δυνήσεται.

339 2694 565 2767 ε’.[570]
584 2691 736 2756 Εἶδες
756 2691 1023 2744 Δεσπότου
1042 2689 1372 2759 φιλοτιμίαν;
1398 2687 1618 2759 Ἐπειδὴ
1642 2689 1751 2758 γάρ
1773 2684 1948 2755 εἶπεν,

281 2782 639 2847 Ἀπολύομαι
668 2778 941 2842 ἄτεκνος,
967 2777 1060 2829 καὶ
1092 2775 1294 2828 ὡσανεὶ
1316 2775 1445 2844 περὶ
1469 2774 1636 2838 αὑτάς
1665 2775 1757 2829 τοῦ
1783 2775 1950 2829 θανά-

266 2885 361 2922 του
400 2867 500 2930 τὰς
529 2866 698 2935 θύρας
723 2863 1028 2933 τυγχάνων,
1069 2863 1162 2915 καὶ
1192 2863 1292 2914 οὑκ
1332 2861 1412 2914 ἐτι
1451 2861 1633 2914 λοιπὸν
1656 2862 1951 2931 ἐνεργῆσαι

267 2955 565 3023 δυνάμενος
614 2951 752 3019 πρὸς
798 2948 1161 3010 παιδοποιίαν,
1207 2947 1348 2999 οὕτω
1377 2948 1446 3000 τά
1501 2948 1721 3017 ῥήματα
1770 2949 1951 3000 ἐκεῖνα

270 3041 551 3110 προήκατο
575 3037 772 3103 λέγων,
803 3034 885 3087 ὅτι
926 3035 989 3086 '0
1024 3034 1156 3098 υίὸς
1196 3030 1394 3092 Μαζὲκ
1440 3031 1542 3100 τῆς
1601 3032 1952 3100 οὶκογενοῦς

261 3142 382 3195 μου
439 3119 884 3190 κληρονομήσει
922 3137 1018 3189 με.
1071 3120 1171 3171 Διὰ
1214 3117 1371 3170 τοῦτο
1434 3118 1738 3187 ἀναστῆσαι
1784 3117 1949 3171 αὑτοῦ

269 3210 594 3281 βουλόμενος
626 3206 687 3259 τὺ
740 3206 1017 3276 φρόνημα,
1055 3206 1147 3257 καὶ
1180 3204 1500 3274 ἀκμάζοντα
1543 3205 1636 3257 τὸν
1691 3205 1950 3274 λογισμὸν

265 3295 628 3369 ἐργάσασθαι,
655 3294 749 3347 καὶ
778 3291 872 3344 τοῦ
901 3292 1053 3353 δέους
1082 3291 1244 3343 αὑτὸν
1265 3290 1712 3344 ἀπαλλάττειτοὺ
1741 3293 1952 3344 ἐπικει-

271 3386 456 3454 μένου,
487 3383 581 3436 καὶ
630 3383 696 3451 τῇ
744 3378 1036 3446 ὑποσχέσει
1074 3377 1297 3447 ἀνορθοῖ
1344 3376 1508 3430 αὑτοῦ
1557 3377 1655 3446 τὴν
1689 3378 1948 3441 διάνοιαν,

267 3474 361 3526 καὶ
388 3471 469 3541 τῷ
501 3469 719 3541 μεγέθει
745 3468 841 3536 τῆς
869 3467 1098 3536 δωρεᾶς,
1129 3467 1222 3517 καὶ
1250 3465 1326 3534 τῷ
1355 3465 1631 3530 ὑποδεῖξαι
1655 3467 1762 3519 τῶν
1785 3466 1950 3517 ἀστέ-

269 3577 380 3632 ρων
403 3559 467 3611 τὸ
500 3557 723 3625 πλῆθος,
761 3554 856 3606 καὶ
887 3553 1072 3622 ἐξίσης
1094 3553 1299 3604 τούτων
1325 3552 1756 3620 ἐπαγγείλασθαι
1799 3555 1953 3623 γενή-

270 3647 461 3700 σεσθαι
495 3645 620 3707 τοὺς
651 3641 1024 3711 τικτομένους,
1056 3642 1135 3702 είς
1162 3639 1404 3709 χρηστάς
1437 3639 1644 3709 ἤγαγεν
1670 3640 1832 3693 αὑτὸν
1867 3641 1950 3693 ἐλ-

270 3733 451 3796 πίδας.
487 3729 662 3800 Ὁρῶν
707 3727 817 3796 γὰρ
850 3725 946 3779 τοῦ
990 3726 1260 3779 Δεσπότου
1313 3725 1410 3794 τὴν
1439 3727 1773 3794 ἐπαγγελίαν
1797 3769 1810 3791 ,
1859 3728 1952 3779 καὶ

271 3821 452 3873 πάντα
507 3814 846 3887 ἀνθρώπινον
879 3814 1137 3883 λογισμὸν
1181 3813 1630 3880 ἀποσεισάμενος,
1687 3813 1780 3866 καὶ
1827 3813 1951 3866 οὕτε

272 3907 410 3978 πρὸς
439 3905 626 3957 ἐαυτὸν
660 3901 800 3963 ἰδὼν,
837 3900 960 3953 οὕτε
990 3900 1124 3970 πρὸς
1157 3899 1254 3970 τὴν
1300 3900 1478 3971 Σάραν
1515 3899 1736 3953 πλείονα
1779 3901 1950 3953 κωλύ-

277 4012 423 4066 ματα
450 3993 697 4062 ἕχουσαν,
731 3989 868 4042 ἀλλά
894 3986 965 4040 τὰ
1002 3986 1318 4055 ἀνθρώπινα
1345 3987 1521 4039 πάντα
1562 3987 1825 4059 ὑπερϐὰς,
1862 3991 1954 4042 καὶ

273 4081 428 4143 εἰδὼς
454 4080 534 4132 ὃτι
557 4075 778 4137 δυνατὸς
797 4075 825 4126 ὁ
850 4074 983 4137 Θεὸς
1010 4075 1105 4127 καὶ
1128 4073 1197 4126 τά
1221 4075 1360 4143 ὑπὲρ
1394 4073 1554 4142 φύσιν
1583 4075 1949 4146 δωρήσασθαι,

273 4167 546 4238 ἐθάρρησε
573 4167 685 4226 τοῖς
707 4161 1039 4233 εἰρημένοις,
1075 4161 1167 4213 καὶ
1196 4159 1449 4229 οὐδεμίαν
1481 4161 1810 4230 ἀμφιϐολίαν
1843 4150 1955 4217 ἐδέ-

275 4255 424 4321 ξατο,
455 4253 576 4306 οὑδέ
606 4252 853 4305 ἐδίστασε
882 4249 1020 4320 πρὸς
1043 4249 1108 4300 τά
1142 4247 1394 4316 ρηθέντα.
1421 4246 1592 4298 Τοῦτο
1614 4248 1721 4318 γὰρ
1739 4250 1954 4319 ἀληθῶς

273 4343 530 4404 πίστεως,
562 4340 690 4391 ὅταν
727 4337 800 4407 μὴ
834 4336 974 4390 κατά
1000 4333 1348 4404 ἀνθρωπίνην
1377 4333 1699 4388 ἀκολουθίαν
1728 4339 1953 4406 γινομέ-

275 4446 376 4500 νης
401 4429 501 4497 τῆς
525 4423 873 4492 ἐπαγγελίας,
905 4423 1066 4492 ήμεῖς
1093 4421 1386 4490 θαρρῶμεν
1412 4423 1476 4490 τῇ
1517 4420 1608 4473 τοῦ
1640 4423 1952 4492 ὑποσχομέ-

274 4532 367 4569 νου
403 4513 669 4580 ’δυνάμει.
702 4511 912 4574 Πίστις
953 4507 1060 4575 γάρ
1085 4507 1236 4568 ἐστι,
1284 4505 1464 4568 καθὼς
1502 4507 1595 4558 καὶ
1627 4509 1655 4559 ὁ
1685 4510 1954 4579 μακάριος

279 4599 488 4661 Παῦλός
532 4612 714 4666 φησιν,
750 4594 1150 4661 ἐλπιζομένων
1193 4593 1534 4658 ὑπόστασις
1562 4594 1951 4663 πραγμάτων,

274 4689 526 4755 ἐλεγχος
563 4684 634 4735 οὐ
655 4681 1088 4749 βλεπομένων·
1123 4679 1216 4730 καὶ
1239 4679 1430 4732 πάλιν·
1468 4682 1536 4733 "0
1585 4681 1692 4748 γὰρ
1733 4682 1953 4745 βλέπει

274 4791 388 4838 ac.
430 4772 488 4824 τί
527 4770 627 4823 καὶ
675 4768 929 4829 “it/(8t;
973 4768 1180 4820 Ἐκεῖνο
1214 4767 1393 4819 τοίνυν
1434 4768 1550 4820 ἐστί
1592 4767 1792 4832 πίστις.
1826 4772 1954 4824 ὅταν

275 4858 507 4918 ἐκείνοις
564 4855 910 4924 πιστεύωμεν
965 4856 1077 4916 τοῖς
1145 4854 1216 4923 μὴ
1249 4853 1617 4923 βλεπομένοις,
1672 4857 1808 4918 πρὸς
1854 4858 1956 4927 τὴν

274 4943 619 5014 ἀξιοπιστίαν
648 4941 742 4995 τοῦ
775 4941 1244 5008 ἐπαγγειλαμένου
1271 4940 1370 5009 τὴν
1399 4940 1634 4995 διάνοιαν
1656 4942 1952 5007 τείναντες·

273 5033 304 5087 ὃ
333 5033 398 5102 δὴ
427 5031 520 5084 καὶ
545 5032 572 5083 ὁ
601 5029 804 5088 δίκαιος
828 5020 983 5089 οὗτος
1031 5027 1318 5096 πεποίηκε,
1380 5027 1576 5098 πολλὴν
1607 5030 1699 5082 καὶ
1727 5033 1956 5100 γνησίαν

275 5119 460 5172 πίστιν
488 5115 897 5184 ἐπιδειξάμενος
946 5115 1075 5183 περὶ
1101 5114 1171 5166 τὰ
1227 5115 1660 5182 ἐπαγγελθέντα·
1692 5117 1759 5170 δι’
1807 5119 1834 5170 ὃ
1865 5122 1956 5172 καὶ

276 5203 708 5276 ἀνακηρύττεται
775 5202 877 5254 ὑπὸ
930 5203 1024 5270 τῆς
1075 5199 1222 5263 θείας
1271 5201 1520 5271 Γραφῆςσ
1557 5203 1804 5274 ἐπήγαγε
1849 5209 1957 5278 γάρ

278 5293 504 5356 εὐθέως,
539 5291 648 5344 Καὶ
686 5291 1055 5343 ἐπίστευσεν
1084 5288 1300 5356 Ἀϐριιμ
1332 5287 1412 5353 τῷ
1459 5288 1602 5355 Θεῷ,
1644 5291 1738 5344 καὶ
1768 5292 1960 5362 ἐλογί-

278 5385 398 5448 σθη
439 5377 597 5443 αὐτῷ
626 5379 710 5441 εις
745 5376 1160 5443 δικαιοσύνην.
1204 5371 1356 5438 Εἶδες
1409 5375 1528 5439 πῶς
1575 5376 1669 5430 καὶ
1720 5379 1826 5449 πρὸ
1859 5380 1958 5450 τῆς

281 5468 563 5527 ἐκϐάσεως
606 5463 714 5516 τῶν
740 5462 1207 5532 ἐπαγγελθέντων,
1241 5462 1326 5514 ἐπ’
1374 5462 1520 5533 αὑτῷ
1544 5464 1620 5533 τῷ
1673 5467 1959 5521 πιστεῦσαι

279 5553 559 5625 ἀρκοῦσαν
610 5552 708 5621 τὴν
768 5548 1002 5619 ἀμοιϐὴν
1031 5549 1284 5613 ἐδέξατος
1341 5550 1432 5611 Εἰς
1477 5550 1584 5620 γὰρ
1614 5549 1960 5622 δικαιοσύνην

285 5639 434 5709 αὐτῷ
466 5637 715 5708 ἐλογίσθη
737 5637 797 5690 τὸ
825 5634 1112 5688 πιστεῦσαι
1135 5637 1199 5705 τῇ
1234 5636 1382 5706 παρὰ
1412 5635 1506 5688 τοῦ
1554 5636 1684 5689 Θεο·ῗ’
1725 5642 1962 5708 ἐπαγγε-

283 5727 396 5798 λίᾳ.
423 5725 517 5779 καὶ
543 5725 618 5794 μὴ
642 5723 921 5794 λογισμοῖς
971 5721 1333 5792 ἀνθρωπίνοις
1386 5725 1718 5792 περιεργάση
1743 5726 1852 5779 ῒῦαι
1893 5728 1960 5781 τὰ

282 5811 431 5880 παρὰ
463 5811 556 5866 τοῦ
584 5810 718 5864 Θεοῦ
767 5809 917 5880 αὑτῷ
970 5810 1254 5880 εἰρημένα.
1312 5811 1701 5877 Ιίαιδ;υώμεθα
1756 5815 1954 5881 τοίνυν,

1329 411 1396 468 IN
1435 410 1588 467 CAP.
1632 406 1725 462 XV
1767 401 2012 461 CENES.
2056 399 2290 458 HOMIL.
2323 401 2566 457 XXXVI.

3625 401 3732 458 3H)

2055 516 2378 588 παρακαλῶ,
2434 517 2528 570 καὶ
2578 517 2739 588 ήμεῖς
2774 514 2925 588 παρὰ
2954 514 3047 568 τοῦ
3081 514 3422 586 πατριάρχου
3455 512 3733 567 πιστεύειν

2048 608 2158 668 τοῖς
2194 604 2345 674 παρά
2373 604 2467 656 τοῦ
2497 603 2630 656 Θεοῦ
2683 602 3018 675 εἰρημένοις,
3053 603 3147 654 καί⁵
3199 603 3319 664 ταῖς
3367 601 3732 669 ὑποσχέσεσιν

2050 692 2212 746 αὑτοῦ
2253 693 2495 765 θαρρεῖν,
2540 692 2633 745 καὶ
2693 691 2768 763 μὴ
2789 692 2904 753 τοῖς
2935 689 3156 753 οἰκείοις
3179 689 3459 758 λογισμοῖς
3493 704 3731 741 κατακο-

2049 781 2280 845 λουθεῖν,
2313 781 2408 833 καὶ
2460 779 2659 850 πολλὴν
2691 779 2789 848 τὴν
2820 778 3240 850 εὐγνωμοσύνην
3297 775 3725 829 ἐπιδείκνυσθαι.

2050 867 2219 920 Τοῦτο
2244 868 2352 938 γάρ
2386 870 2534 938 ἡμᾶς
2566 867 2660 920 καί
2691 865 2932 927 δικαίους
2967 865 3242 933 ἀποφῆναι
3274 863 3562 932 δοθήσεται
3583 899 3597 923 ,
3633 860 3731 915 καὶ

2047 953 2256 1023 ταχέως
2284 953 2690 1025 παρασκευάσει
2737 952 2847 1005 τῶν
2903 954 3033 1021 παρ’
3078 950 3243 1003 αὑτοῦ
3302 947 3730 1020 ἐπηγγελμένων

2049 1041 2344 1109 ἐπιτυχεῖν.
2400 1040 2558 1094 Ἀλλά
2584 1040 2662 1109 τῷ
2699 1039 2797 1108 μὲν
2837 1037 3086 1108 Ἀϐραὰμ
3130 1037 3499 1106 ἐπηγγείλατο
3541 1038 3606 1088 ἐκ
3634 1035 3730 1088 τοῦ

2051 1127 2361 1197 σπέρματος
2384 1126 2552 1192 αὑτοῦ,
2568 1126 2861 1195 ὀλόκληρον
2880 1124 3080 1196 πλῆθος
3105 1123 3452 1193 γενήσεσθαι,
3473 1122 3567 1175 καὶ
3590 1123 3732 1193 ὑπὲρ

2049 1213 2208 1283 φύσιν
2233 1213 2327 1264 καὶ
2363 1211 2680 1266 ἀκολουθίαν
2711 1212 3056 1282 ἀνθρωπίνην
3077 1211 3145 1262 τά
3168 1211 3265 1280 τῆς
3289 1207 3620 1276 ἐπαγγελίας
3639 1204 3731 1278 ἦν,

2046 1301 2112 1352 δι’
2144 1300 2172 1352 ὃ
2202 1300 2293 1352 καὶ
2323 1301 2355 1369 ἡ
2396 1299 2577 1360 πίστις
2616 1301 2650 1367 ή
2696 1297 2822 1368 περί
2851 1297 3015 1350 αὑτὸν
3043 1297 3143 1368 τὴν
3179 1295 3527 1366 δικαιοσύνην
3580 1295 3732 1365 αὑτῷ

2047 1387 2302 1456 ἐκόμισεν
2334 1402 2346 1414 '
2386 1388 2516 1456 ἡμῖν
2553 1386 2631 1447 δέ,
2670 1384 2765 1438 ἐὰν
2801 1386 3058 1455 νήφωμεν
3082 1423 3094 1446 ,
3130 1382 3312 1452 πολλῷ
3347 1381 3572 1452 μείζονα
3601 1381 3733 1434 ὑπέ-

2049 1491 2226 1544 σχετο,
2253 1475 2345 1526 καὶ
2369 1472 2550 1542 πολλῷ
2568 1471 2646 1542 τῷ
2676 1472 2860 1544 μέτρῳ
2888 1473 3014 1534 τοὺς
3035 1469 3408 1542 ἀνθρωπίνους
3439 1470 3734 1541 λογισμοὺς

2049 1555 2471 1627 ὑπερακοντίσαι
2520 1553 2832 1624 δυνάμεθα·
2871 1554 3031 1623 μόνον
3068 1554 3164 1606 ἐάν
3221 1553 3612 1622 πιστεύσωμεν
3668 1553 3731 1623 τῇ

2048 1642 2137 1694 τοῦ
2175 1641 2542 1711 ὑποσχομένου
2580 1641 2828 1711 δυνάμει,
2872 1641 2957 1694 ίνα
3010 1642 3102 1692 καὶ
3145 1640 3241 1710 τὴν
3273 1642 3337 1693 ἐκ
3381 1640 3618 1702 πίστεως
3649 1639 3733 1691 δι-

2049 1729 2339 1799 καιοσύνην
2370 1726 2746 1798 κομισώμεθα,
2779 1728 2874 1780 καὶ
2902 1727 3009 1780 τῶν
3054 1726 3484 1797 ἐπηγγελμένων
3511 1724 3734 1793 ἀγαθῶν

2049 1814 2411 1885 ἐπιτύχωμεν.
2443 1814 2523 1867 Τὰ
2544 1814 2653 1884 γὰρ
2677 1815 2807 1884 ήμῖν
2840 1812 3076 1883 μάλιστα
3105 1812 3534 1880 ἐπαγγελθέντα,
3557 1811 3736 1864 πάντα

2049 1902 2307 1971 λογισμὸν
2345 1899 2684 1972 ἀνθρώπινον
2721 1902 2868 1971 νικᾷ,
2922 1899 3016 1953 καὶ
3056 1901 3237 1952 πᾶσαν
3291 1899 3528 1951 διάνοιαν
3564 1897 3736 1967 ὑπερ-

2049 1991 2223 2044 ϐαίνει
2245 2008 2258 2020 ·
2297 1990 2446 2063 [571]
2475 1990 2700 2043 τοσοῦτο
2721 1989 2829 2042 τῶν
2878 1989 3224 2059 ὑποσχέσεων
3254 1990 3366 2041 ξστι
3395 1988 3457 2041 τὸ
3482 1987 3735 2058 μέγεθος.

2049 2078 2187 2135 Οὑδέ
2219 2079 2328 2149 γὰρ
2375 2079 2444 2131 τά
2479 2081 2536 2131 ὲν
2586 2078 2666 2148 τῷ
2702 2077 2931 2149 παρόντι
2984 2077 3142 2147 μόνον
3176 2075 3464 2144 ὑπέσχετο,
3515 2074 3610 2127 καὶ
3639 2073 3740 2143 τῆς

2051 2166 2283 2221 ἐνταῦθα
2328 2166 2474 2235 ζωῆς
2521 2165 2620 2236 τὴν
2668 2165 2948 2227 σύστασιν,
2999 2165 3094 2217 καὶ
3128 2164 3226 2231 τὴν
3278 2161 3578 2214 ἀπόλαυσιν
3628 2160 3738 2213 τῶν

2049 2253 2361 2324 ὁρωμένων,
2391 2253 2528 2304 ἀλλά
2554 2252 2647 2305 καλ⁸
2679 2252 2818 2322 μετά
2858 2251 2956 2321 τὴν
3007 2247 3256 2302 ἐντεῦθεν
3287 2246 3463 2311 ἔξοδον
3517 2247 3611 2298 καὶ
3639 2245 3740 2315 τὴν

2050 2341 2159 2393 τῶν
2192 2339 2460 2410 σωμάτων
2487 2338 2716 2408 φθοράν,
2748 2337 2968 2390 ἐπειδάν
2991 2339 3068 2400 εἰς
3092 2336 3296 2405 τέφραν
3327 2334 3423 2387 καὶ
3458 2333 3604 2386 κόνιν
3630 2331 3742 2385 δια-

2051 2427 2184 2496 λυθῇ
2211 2426 2367 2497 ήμῶν
2401 2425 2468 2477 τά
2496 2425 2745 2495 σώματα,
2776 2424 2897 2476 τότε
2929 2424 3255 2491 ἀναστήσειν
3287 2420 3428 2473 αὑτά
3473 2417 3739 2488 ἐπηγγεί-

2051 2514 2201 2577 λατο,
2231 2514 2409 2566 καὶέν
2438 2512 2645 2581 μείζονι
2674 2512 2800 2582 δόξῃ
2841 2511 3224 2581 καταστήσειν.
3259 2507 3359 2562 Δεῖ
3391 2507 3503 2576 γὰρ
3527 2546 3542 2572 ,
3576 2507 3740 2577 φησὶν

2052 2606 2080 2656 ὁ
2115 2603 2379 2672 μακάριος
2416 2600 2648 2663 Παῦλος,
2705 2599 2774 2654 τὸ
2827 2599 3096 2668 φθαρτὸν
3134 2599 3311 2652 τοῦτο
3362 2595 3741 2649 ἐνδύσασθαι

2052 2692 2415 2760 ἀφθαρσίαν,
2436 2690 2539 2744 καὶ
2574 2689 2641 2742 τὸ
2674 2689 2898 2754 θνητὸν
2919 2686 3095 2740 τοῦτο
3115 2686 3490 2740 ἐνδύσασθαι
3518 2685 3741 2738 ἀθανα-

2053 2779 2216 2829 σίαν.
2252 2775 2362 2828 Καὶ
2401 2774 2541 2844 μετά
2567 2775 2666 2844 τὴν
2697 2774 2806 2826 τῶν
2832 2772 3102 2842 σωμάτων
3129 2774 3425 2826 ἀνάστασιν
3461 2773 3560 2842 τῆς
3589 2768 3743 2838 βασι-

2053 2864 2203 2926 λείας
2243 2863 2374 2932 ἡμῖν
2403 2862 2499 2931 τὴν
2536 2862 2840 2916 ἀπόλαυσιν
2867 2859 3153 2930 δωρεῖσθαι
3204 2860 3490 2928 ὑπέσχετο,
3524 2858 3618 2910 καὶ
3644 2855 3743 2925 τὴν

2057 2952 2194 3021 μετὰ
2238 2949 2346 3003 τῶν
2379 2949 2553 3017 ἁγίων
2601 2948 2900 3018 διαγωγὴν,
2938 2949 3033 3000 καὶ
3072 2948 3171 3017 τὴν
3221 2949 3278 3000 ἐν
3315 2947 3554 3016 διηνεκεῖ
3586 2943 3744 2996 αἰῶνι

2054 3039 2373 3098 ἀπόλαυσιν,
2406 3037 2495 3089 καὶ
2531 3035 2598 3088 τά
2625 3036 2914 3108 ἀπόρρητα
2951 3037 3134 3087 ἐκεῖνα
3156 3034 3356 3102 ἀγαθά,
3408 3035 3469 3088 Ἀ
3509 3033 3741 3100 ὀφθαλο

2049 3125 2166 3193 μὸς
2197 3127 2308 3176 οὐκ
2337 3121 2480 3186 εἶδε,
2513 3124 2610 3176 καί
2642 3119 2754 3187 οὖς
2778 3125 2890 3176 οὐκ
2924 3121 3180 3191 ἤκουσε,
3217 3123 3317 3175 καὶ
3346 3121 3444 3174 ἐπὶ
3489 3117 3746 3187 καρδίαν

2054 3209 2368 3278 ἀνθρώπου
2414 3211 2524 3263 οὐκ
2558 3210 2764 3275 ἀνέϐη.
2799 3205 2952 3272 Εἶδες
3005 3209 3145 3280 πόση
3180 3209 3290 3263 τῶν
3322 3207 3670 3278 ὑποσχέσεων
3709 3207 3744 3276 ή

2057 3298 2364 3368 ὑπερϐολή;
2399 3293 2539 3364 εἶδες
2571 3296 2790 3367 δωρεῶν
2827 3295 3094 3366 μέγεθος;

2129 3395 2202 3450 ς’.
2225 3385 2410 3437 Ταῦτα
2433 3383 2760 3446 ἐννοοῦντες,
2784 3383 2877 3436 καί
2896 3382 3097 3444 εἰδότες
3111 3382 3170 3434 τὸ
3193 3381 3419 3450 ἀψευδὲς
3441 3379 3534 3434 τοῦ
3565 3382 3740 3448 ἐπαγ-

2055 3472 2399 3542 γειλαμένου,
2433 3470 2570 3542 μετὰ
2603 3470 2911 3540 προθυμίας
2935 3470 3069 3539 πρὸς
3098 3471 3222 3532 τοὺς
3245 3471 3343 3538 τῆς
3369 3469 3568 3538 ἀρετῆς
3590 3467 3741 3534 ἀγῶ-

2056 3579 2150 3624 νας
2186 3559 2569 3629 ἀποδυώμεθα,
2624 3560 2710 3612 ἵνα
2745 3559 2839 3612 καὶ¹
2886 3558 2992 3612 τῶν
3049 3557 3476 3627 ἐπηγγελμένων
3519 3554 3742 3624 ἀγαθῶν

2054 3648 2357 3703 ἀπολαῦσαι
2381 3646 2720 3716 δυνηθῶμεν,
2745 3647 2837 3697 καὶ
2864 3645 2937 3714 μὴ
2965 3643 3321 3714 προτιμῶμεν
3349 3643 3445 3712 τῆς
3464 3643 3743 3713 ἡμετέρας

2057 3736 2330 3806 σωτηρίας
2359 3734 2452 3785 καὶ
2485 3733 2591 3784 τῶν
2624 3731 2891 3784 τοσούτων
2923 3730 3144 3798 ἀγαθῶν
3171 3730 3268 3800 τῆς
3296 3729 3647 3792 ἀπολαύσεως
3676 3730 3745 3781 τά

2045 3811 2387 3892 πρόσκαιρα,
2427 3818 2558 3888 μηδὲ
2594 3818 2720 3880 τοὺς
2768 3817 2966 3881 πόνους
2992 3817 3092 3886 τῆς
3115 3817 3314 3887 ἀρετῆς
3355 3815 3700 3885 λογιζώμεθα
3726 3856 3741 3878 ,

2058 3909 2194 3962 ἀλλά
2254 3907 2352 3969 τὰς
2409 3905 2708 3967 ἀντιδόσεις
2762 3903 3060 3974 ἐννοῶμεν·
3107 3903 3244 3974 μηδέ
3298 3903 3410 3955 τῶν
3444 3906 3743 3973 χρημάτων

2058 3998 2156 4066 τὴν
2203 3995 2450 4063 δαπάνην
2479 3993 2609 4063 όρᾷν
2643 3990 2983 4060 βουλώμεθα,
3015 3991 3236 4044 ἐπειδάν
3264 3990 3359 4060 δέῃ
3409 3990 3579 4042 ταῦτα
3631 3993 3743 4051 τοῖς

2060 4084 2255 4152 πένησι
2287 4081 2488 4141 δοῦναι,
2517 4079 2652 4133 ἀλλά
2679 4078 2776 4147 τὴν
2826 4077 3077 4130 ἐντεῦθεν
3126 4079 3419 4148 γινομένην
3459 4077 3738 4149 πρόσοδον.

2059 4169 2156 4222 Διά
2181 4169 2289 4236 γὰρ
2321 4168 2477 4220 τοῦτο
2509 4166 2587 4236 τῷ
2641 4165 2828 4236 σπόρῳ
2867 4164 2966 4234 τὴν
3000 4164 3370 4234 ἐλεημοσύνην
3405 4165 3743 4236 παρείκασεν

2060 4258 2093 4327 ἡ
2121 4255 2240 4307 θεία
2264 4252 2471 4322 Γραφὴ.
2490 4253 2576 4304 ἵνα
2609 4251 2748 4322 μετὰ
2771 4252 2946 4321 χαρᾶς
2971 4251 3066 4302 καὶ
3087 4250 3284 4320 πολλῆς
3312 4251 3407 4318 τῆς
3433 4249 3744 4319 προθυμίας

2058 4341 2228 4410 αὑτὴν
2258 4337 2638 4411 ἐργαζώμεθα.
2667 4339 2728 4390 Ei
2755 4341 2864 4408 γὰρ
2893 4338 2941 4388 οἱ
2969 4339 3035 4406 τῇ
3065 4339 3133 4406 γῇ
3158 4336 3225 4388 τά
3253 4337 3541 4405 σπέρματα
3567 4353 3745 4405 παρα-

2060 4426 2495 4494 κατατιθέμενοι,
2541 4425 2636 4477 καὶ
2658 4424 2726 4476 τὰ
2773 4423 3089 4493 συνηγμένα
3119 4424 3214 4475 καὶ
3233 4423 3378 4474 ἔνδον
3404 4423 3745 4491 ἀποκείμενα

2061 4513 2446 4583 σκορπίζοντες
2483 4511 2623 4582 μετὰ
2653 4513 2826 4582 χαρᾶς
2856 4512 3013 4564 τοῦτο
3037 4510 3478 4580 διαπράττονται,
3505 4511 3598 4564 καλ⁵
3623 4514 3743 4573 ταῖς

2058 4605 2325 4673 χρησταῖς
2356 4599 2536 4652 ἐλπίσι
2583 4599 2906 4669 τρεφόμενοι
2936 4598 3037 4668 ἤδη
3079 4597 3148 4650 τά
3179 4597 3468 4666 δράγματα
3510 4597 3605 4649 καὶ
3643 4595 3742 4667 τὴν

2061 4691 2174 4743 ἀλω
2198 4685 2635 4757 πεπληρωμένην
2659 4686 2772 4747 τοῖς
2801 4684 3082 4752 λογισμοῖς
3115 4684 3494 4753 ὑπογράφουσι
3514 4699 3528 4714 ο
3563 4683 3752 4753 πολλῷ.

2059 4775 2123 4847 δή
2154 4774 2352 4845 μᾶλλον
2371 4773 2498 4833 τοὺς
2520 4771 2611 4823 τὸν
2642 4769 2843 4841 σπόρον
2867 4768 3053 4822 τοῦτον
3073 4770 3164 4823 τὸν
3194 4770 3562 4839 πνευματικὸν
3586 4770 3741 4822 σπεί-

2063 4880 2177 4935 ρειν
2210 4858 2667 4928 καταξιουμένους
2707 4857 2916 4928 χαίρειν
2958 4856 3053 4908 καὶ
3104 4855 3398 4925 γεγηθέναι
3450 4858 3740 4928 προσήκει,

2059 4954 2141 5005 ὅτι
2174 4950 2266 5004 ἐπὶ
2297 4951 2398 5020 γῆς
2433 4949 2782 5018 σπείροντες,
2836 4947 2893 5000 ἐν
2919 4945 3135 5017 οὐρανῷ
3175 4945 3412 5016 θερίζειν
3464 4946 3740 5015 μέλλουσι,

2062 5039 2156 5090 καὶ
2184 5035 2427 5107 ἀργύρια
2459 5033 2907 5096 καταϐάλλοντες,
2945 5032 3360 5104 ἁμαρτημάτων
3397 5032 3744 5104 συγχώρησιν

2062 5124 2328 5193 δέχονται,
2380 5121 2475 5173 καὶ
2516 5121 2830 5191 παρρησίας
2861 5119 3116 5189 ἀφορμὴν
3160 5118 3496 5189 εὑρίσκουσι,
3549 5120 3745 5189 προξε-

2060 5209 2276 5271 νοῦντες
2315 5208 2524 5268 ἑαυτοῖς
2552 5205 2638 5258 διὰ
2671 5205 2776 5259 τῶν
2814 5204 3048 5258 ἐνταῦθα
3079 5204 3370 5274 διδομένων
3400 5207 3497 5276 τὴν
3521 5206 3746 5276 διηνεκῆ

2063 5296 2390 5356 ἀνάπαυσιν,
2425 5293 2518 5346 καὶ
2547 5294 2643 5360 τὴν
2670 5292 2806 5362 μετά
2831 5290 2938 5342 τῶν
2962 5291 3133 5357 ἀγίων
3158 5291 3454 5360 διαγωγήν.
3491 5293 3607 5346 Κάν
3638 5278 3758 5344 σωέ

2064 5382 2304 5453 φροσύνῃ
2339 5379 2616 5451 ὴδώμεθα,
2669 5378 2743 5449 μὴ
2786 5376 2946 5431 τοῦτο
2977 5379 3290 5448 σκοπῶμεν,
3321 5381 3404 5432 ὅτι
3437 5381 3597 5433 πόνον
3631 5380 3747 5449 ἔχει

2064 5471 2097 5539 ή
2131 5469 2327 5538 ἀρετή·
2364 5467 2496 5536 μηδὲ
2524 5467 2607 5517 ὅτι
2641 5467 2673 5533 ἡ
2716 5464 2983 5534 παρθενία
3023 5464 3190 5517 πολὺν
3239 5465 3350 5534 ἔχει
3396 5465 3487 5518 τὸν
3533 5467 3752 5534 ἀγῶνα,

2065 5556 2200 5610 ἀλλὰ
2221 5555 2318 5625 τὴν
2339 5549 2723 5622 διαδεξομένην
2747 5552 2893 5620 ἡμᾶς
2921 5551 3073 5621 λῆξιν
3102 5552 3394 5621 ἐννοῶμεν,
3419 5555 3512 5605 καὶ
3542 5553 3753 5622 ταύτην.

2064 5643 2151 5697 ἀεὶ⁸
2191 5639 2634 5710 ἀναλογιζόμενοι
2661 5640 2759 5708 τῆς
2782 5637 3079 5708 ἐπιθυμίας
3117 5639 3216 5708 τῆς
3248 5643 3489 5709 πονηρᾶς
3518 5642 3747 5710 χαλινώ-

2068 5747 2249 5800 σωμεν
2273 5731 2371 5799 τὴν
2403 5727 2626 5788 λύτταν,
2661 5726 3074 5799 περιγινώμεθα
3103 5726 3210 5779 τῶν
3239 5726 3336 5795 τῆς
3370 5730 3565 5797 σαρκὸς
3596 5745 3752 5801 σκιρ-

2068 5817 2347 5888 τημάτων,
2378 5816 2469 5869 καὶ
2499 5819 2564 5884 τῇ
2600 5815 2700 5866 τῶν
2726 5814 2968 5884 ἀμοιδῶν
2997 5814 3259 5868 ἀντιδόσει
3307 5833 3402 5886 την
3432 5815 3750 5886 δυσχέρειαν
