  <div class='ocr_page' id='page_1' title='image "/cluster/home/n/w/nwhite01/storage/ocr_20150623/53/ien.35556001660802/343.png"; bbox 0 0 4058 6408; ppageno 0'>
   <div class='ocr_carea' id='block_1_1' title="bbox 312 419 406 475">
    <p class='ocr_par' dir='ltr' id='par_1_1' title="bbox 312 419 406 475">
     <span class='ocr_line' id='line_1_1' title="bbox 312 419 406 475; baseline -0.011 0"><span class='ocrx_word' id='word_1_1' title='bbox 312 419 406 475; x_wconf 66' lang='grc' dir='ltr'>ιιι</span> 
     </span>
    </p>
   </div>
   <div class='ocr_carea' id='block_1_2' title="bbox 311 530 1972 605">
    <p class='ocr_par' dir='ltr' id='par_1_2' title="bbox 311 530 1972 605">
     <span class='ocr_line' id='line_1_2' title="bbox 311 530 1972 605; baseline -0.002 -19"><span class='ocrx_word' id='word_1_2' title='bbox 311 532 417 586; x_wconf 85' lang='grc' dir='ltr'>τῶν</span> <span class='ocrx_word' id='word_1_3' title='bbox 447 532 625 586; x_wconf 87' lang='grc' dir='ltr'>πόνων</span> <span class='ocrx_word' id='word_1_4' title='bbox 675 532 1122 605; x_wconf 86' lang='grc' dir='ltr'>ὑποτεμνώμεθα.</span> <span class='ocrx_word' id='word_1_5' title='bbox 1177 530 1357 602; x_wconf 77' lang='grc' dir='ltr'>Ἰκανὴ</span> <span class='ocrx_word' id='word_1_6' title='bbox 1394 530 1501 603; x_wconf 80' lang='grc' dir='ltr'>γὰρ</span> <span class='ocrx_word' id='word_1_7' title='bbox 1526 533 1559 600; x_wconf 82' lang='grc' dir='ltr'>ἠ</span> <span class='ocrx_word' id='word_1_8' title='bbox 1590 531 1697 582; x_wconf 92' lang='grc' dir='ltr'>τῶν</span> <span class='ocrx_word' id='word_1_9' title='bbox 1723 530 1972 599; x_wconf 83' lang='grc' dir='ltr'>χρηστῶν</span> 
     </span>
    </p>
   </div>
   <div class='ocr_carea' id='block_1_3' title="bbox 312 618 1977 690">
    <p class='ocr_par' dir='ltr' id='par_1_3' title="bbox 312 618 1977 690">
     <span class='ocr_line' id='line_1_3' title="bbox 312 618 1977 690; baseline -0.002 -18"><span class='ocrx_word' id='word_1_10' title='bbox 312 619 467 683; x_wconf 73' lang='grc' dir='ltr'>ἐλπὶς</span> <span class='ocrx_word' id='word_1_11' title='bbox 492 620 585 673; x_wconf 75' lang='grc' dir='ltr'>καὶ</span> <span class='ocrx_word' id='word_1_12' title='bbox 613 620 861 675; x_wconf 71' lang='grc' dir='ltr'>κινδύνωι</span> <span class='ocrx_word' id='word_1_13' title='bbox 915 619 1327 690; x_wconf 76' lang='grc' dir='ltr'>παρασκευάσαι</span> <span class='ocrx_word' id='word_1_14' title='bbox 1358 618 1720 687; x_wconf 78' lang='grc' dir='ltr'>κατατολμᾷν,</span> <span class='ocrx_word' id='word_1_15' title='bbox 1753 619 1881 687; x_wconf 86' lang='grc' dir='ltr'>μήτι</span> <span class='ocrx_word' id='word_1_16' title='bbox 1912 633 1977 684; x_wconf 90' lang='grc' dir='ltr'>γε</span> 
     </span>
    </p>
   </div>
   <div class='ocr_carea' id='block_1_4' title="bbox 310 703 1976 779">
    <p class='ocr_par' dir='ltr' id='par_1_4' title="bbox 310 703 1976 779">
     <span class='ocr_line' id='line_1_4' title="bbox 310 703 1976 779; baseline -0.002 -20"><span class='ocrx_word' id='word_1_17' title='bbox 310 705 374 775; x_wconf 82' lang='grc' dir='ltr'>δὴ</span> <span class='ocrx_word' id='word_1_18' title='bbox 403 707 501 777; x_wconf 85' lang='grc' dir='ltr'>τῆς</span> <span class='ocrx_word' id='word_1_19' title='bbox 523 707 721 779; x_wconf 88' lang='grc' dir='ltr'>ἀρετῆς</span> <span class='ocrx_word' id='word_1_20' title='bbox 754 709 878 770; x_wconf 82' lang='grc' dir='ltr'>τοὺς</span> <span class='ocrx_word' id='word_1_21' title='bbox 898 707 1090 768; x_wconf 93' lang='grc' dir='ltr'>πόνους</span> <span class='ocrx_word' id='word_1_22' title='bbox 1110 706 1375 774; x_wconf 80' lang='grc' dir='ltr'>γενναίως</span> <span class='ocrx_word' id='word_1_23' title='bbox 1400 707 1656 773; x_wconf 82' lang='grc' dir='ltr'>ἐνεγκεῖν.</span> <span class='ocrx_word' id='word_1_24' title='bbox 1685 704 1852 756; x_wconf 83' lang='grc' dir='ltr'>Ὅταν</span> <span class='ocrx_word' id='word_1_25' title='bbox 1868 703 1976 772; x_wconf 77' lang='grc' dir='ltr'>γὰρ</span> 
     </span>
    </p>
   </div>
   <div class='ocr_carea' id='block_1_5' title="bbox 311 789 1976 864">
    <p class='ocr_par' dir='ltr' id='par_1_5' title="bbox 311 789 1976 864">
     <span class='ocr_line' id='line_1_5' title="bbox 311 789 1976 864; baseline -0.001 -21"><span class='ocrx_word' id='word_1_26' title='bbox 311 792 591 864; x_wconf 76' lang='grc' dir='ltr'>ἐννοήσῃς,</span> <span class='ocrx_word' id='word_1_27' title='bbox 642 794 725 846; x_wconf 83' lang='grc' dir='ltr'>ὅτι</span> <span class='ocrx_word' id='word_1_28' title='bbox 778 792 913 863; x_wconf 85' lang='grc' dir='ltr'>πρὸς</span> <span class='ocrx_word' id='word_1_29' title='bbox 946 791 1153 863; x_wconf 80' lang='grc' dir='ltr'>βραχὺν</span> <span class='ocrx_word' id='word_1_30' title='bbox 1188 792 1589 861; x_wconf 80' lang='grc' dir='ltr'>ἀγωνισάμενος</span> <span class='ocrx_word' id='word_1_31' title='bbox 1625 789 1832 861; x_wconf 83' lang='grc' dir='ltr'>χρόνον,</span> <span class='ocrx_word' id='word_1_32' title='bbox 1883 806 1976 842; x_wconf 89' lang='grc' dir='ltr'>και</span> 
     </span>
    </p>
   </div>
   <div class='ocr_carea' id='block_1_6' title="bbox 310 868 1975 951">
    <p class='ocr_par' dir='ltr' id='par_1_6' title="bbox 310 868 1975 951">
     <span class='ocr_line' id='line_1_6' title="bbox 310 868 1975 951; baseline -0.001 -21"><span class='ocrx_word' id='word_1_33' title='bbox 310 879 410 949; x_wconf 85' lang='grc' dir='ltr'>τῆς</span> <span class='ocrx_word' id='word_1_34' title='bbox 433 879 727 951; x_wconf 82' lang='grc' dir='ltr'>παρθενίας</span> <span class='ocrx_word' id='word_1_35' title='bbox 749 878 842 949; x_wconf 81' lang='grc' dir='ltr'>τὴν</span> <span class='ocrx_word' id='word_1_36' title='bbox 866 878 1127 949; x_wconf 79' lang='grc' dir='ltr'>λαμπάδα</span> <span class='ocrx_word' id='word_1_37' title='bbox 1145 878 1376 949; x_wconf 84' lang='grc' dir='ltr'>φαιδρὰν</span> <span class='ocrx_word' id='word_1_38' title='bbox 1392 879 1544 947; x_wconf 85' lang='grc' dir='ltr'>διατη</span> <span class='ocrx_word' id='word_1_39' title='bbox 1554 868 1743 948; x_wconf 80' lang='grc' dir='ltr'>ρήσας,</span> <span class='ocrx_word' id='word_1_40' title='bbox 1763 876 1975 946; x_wconf 76' lang='grc' dir='ltr'>ἐκείνης</span> 
     </span>
    </p>
   </div>
   <div class='ocr_carea' id='block_1_7' title="bbox 311 960 1978 1034">
    <p class='ocr_par' dir='ltr' id='par_1_7' title="bbox 311 960 1978 1034">
     <span class='ocr_line' id='line_1_7' title="bbox 311 960 1978 1034; baseline -0.002 -17"><span class='ocrx_word' id='word_1_41' title='bbox 311 963 590 1034; x_wconf 82' lang='grc' dir='ltr'>ἀξιωθήσῃ</span> <span class='ocrx_word' id='word_1_42' title='bbox 615 966 715 1034; x_wconf 82' lang='grc' dir='ltr'>τῆς</span> <span class='ocrx_word' id='word_1_43' title='bbox 741 965 1014 1034; x_wconf 75' lang='grc' dir='ltr'>μακαρίας</span> <span class='ocrx_word' id='word_1_44' title='bbox 1047 964 1343 1034; x_wconf 80' lang='grc' dir='ltr'>διαγωγῆς,</span> <span class='ocrx_word' id='word_1_45' title='bbox 1370 960 1561 1032; x_wconf 77' lang='grc' dir='ltr'>καὶτῷ</span> <span class='ocrx_word' id='word_1_46' title='bbox 1603 961 1819 1032; x_wconf 85' lang='grc' dir='ltr'>νυμφίῳ</span> <span class='ocrx_word' id='word_1_47' title='bbox 1858 978 1978 1015; x_wconf 88' lang='grc' dir='ltr'>συν-</span> 
     </span>
    </p>
   </div>
   <div class='ocr_carea' id='block_1_8' title="bbox 312 1048 1975 1122">
    <p class='ocr_par' dir='ltr' id='par_1_8' title="bbox 312 1048 1975 1122">
     <span class='ocr_line' id='line_1_8' title="bbox 312 1048 1975 1122; baseline -0.001 -17"><span class='ocrx_word' id='word_1_48' title='bbox 312 1051 569 1105; x_wconf 85' lang='grc' dir='ltr'>εισελθεῖν</span> <span class='ocrx_word' id='word_1_49' title='bbox 593 1051 816 1122; x_wconf 83' lang='grc' dir='ltr'>δυνήσῃ,</span> <span class='ocrx_word' id='word_1_50' title='bbox 847 1052 895 1103; x_wconf 88' lang='grc' dir='ltr'>εί</span> <span class='ocrx_word' id='word_1_51' title='bbox 924 1050 1023 1114; x_wconf 77' lang='grc' dir='ltr'>τὰς</span> <span class='ocrx_word' id='word_1_52' title='bbox 1040 1050 1326 1121; x_wconf 79' lang='grc' dir='ltr'>λαμπάδας</span> <span class='ocrx_word' id='word_1_53' title='bbox 1353 1049 1495 1119; x_wconf 78' lang='grc' dir='ltr'>ἔχοις</span> <span class='ocrx_word' id='word_1_54' title='bbox 1524 1048 1862 1121; x_wconf 84' lang='grc' dir='ltr'>ἀνημμένας,</span> <span class='ocrx_word' id='word_1_55' title='bbox 1881 1049 1975 1103; x_wconf 74' lang='grc' dir='ltr'>καὶ</span> 
     </span>
    </p>
   </div>
   <div class='ocr_carea' id='block_1_9' title="bbox 310 1136 1973 1207">
    <p class='ocr_par' dir='ltr' id='par_1_9' title="bbox 310 1136 1973 1207">
     <span class='ocr_line' id='line_1_9' title="bbox 310 1136 1973 1207; baseline 0.001 -18"><span class='ocrx_word' id='word_1_56' title='bbox 310 1136 514 1207; x_wconf 84' lang='grc' dir='ltr'>ἀρκοῦν</span> <span class='ocrx_word' id='word_1_57' title='bbox 545 1137 775 1207; x_wconf 82' lang='grc' dir='ltr'>ἐχούσας</span> <span class='ocrx_word' id='word_1_58' title='bbox 799 1137 997 1200; x_wconf 82' lang='grc' dir='ltr'>ελαιον,</span> <span class='ocrx_word' id='word_1_59' title='bbox 1019 1136 1162 1190; x_wconf 83' lang='grc' dir='ltr'>τοῦτ’</span> <span class='ocrx_word' id='word_1_60' title='bbox 1189 1136 1327 1197; x_wconf 73' lang='grc' dir='ltr'>ἐστι,</span> <span class='ocrx_word' id='word_1_61' title='bbox 1362 1138 1459 1207; x_wconf 84' lang='grc' dir='ltr'>τὴν</span> <span class='ocrx_word' id='word_1_62' title='bbox 1487 1136 1595 1190; x_wconf 74' lang='grc' dir='ltr'>ἀπὸ</span> <span class='ocrx_word' id='word_1_63' title='bbox 1622 1136 1731 1190; x_wconf 88' lang='grc' dir='ltr'>τῶν</span> <span class='ocrx_word' id='word_1_64' title='bbox 1758 1136 1973 1205; x_wconf 80' lang='grc' dir='ltr'>ἀγαθῶν</span> 
     </span>
    </p>
   </div>
   <div class='ocr_carea' id='block_1_10' title="bbox 310 1220 1974 1293">
    <p class='ocr_par' dir='ltr' id='par_1_10' title="bbox 310 1220 1974 1293">
     <span class='ocr_line' id='line_1_10' title="bbox 310 1220 1974 1293; baseline 0.001 -19"><span class='ocrx_word' id='word_1_65' title='bbox 310 1221 562 1291; x_wconf 78' lang='grc' dir='ltr'>πράξεων</span> <span class='ocrx_word' id='word_1_66' title='bbox 584 1223 864 1293; x_wconf 82' lang='grc' dir='ltr'>ἐργασίαν,</span> <span class='ocrx_word' id='word_1_67' title='bbox 896 1222 1012 1283; x_wconf 85' lang='grc' dir='ltr'>πῶς</span> <span class='ocrx_word' id='word_1_68' title='bbox 1034 1223 1155 1292; x_wconf 81' lang='grc' dir='ltr'>οὐχὶ</span> <span class='ocrx_word' id='word_1_69' title='bbox 1176 1220 1327 1293; x_wconf 72' lang='grc'>[572]</span> <span class='ocrx_word' id='word_1_70' title='bbox 1364 1223 1500 1293; x_wconf 86' lang='grc' dir='ltr'>μετά</span> <span class='ocrx_word' id='word_1_71' title='bbox 1519 1222 1699 1290; x_wconf 85' lang='grc' dir='ltr'>πάσης</span> <span class='ocrx_word' id='word_1_72' title='bbox 1729 1223 1974 1286; x_wconf 78' lang='grc' dir='ltr'>εὐκολίας</span> 
     </span>
    </p>
   </div>
   <div class='ocr_carea' id='block_1_11' title="bbox 309 1307 1975 1381">
    <p class='ocr_par' dir='ltr' id='par_1_11' title="bbox 309 1307 1975 1381">
     <span class='ocr_line' id='line_1_11' title="bbox 309 1307 1975 1381; baseline 0 -20"><span class='ocrx_word' id='word_1_73' title='bbox 309 1307 524 1361; x_wconf 71' lang='grc' dir='ltr'>ἃπαντα</span> <span class='ocrx_word' id='word_1_74' title='bbox 556 1309 624 1361; x_wconf 83' lang='grc' dir='ltr'>τὰ</span> <span class='ocrx_word' id='word_1_75' title='bbox 657 1308 893 1378; x_wconf 81' lang='grc' dir='ltr'>δυσχερῆ</span> <span class='ocrx_word' id='word_1_76' title='bbox 930 1307 1244 1379; x_wconf 76' lang='grc' dir='ltr'>διαδραμεῖν</span> <span class='ocrx_word' id='word_1_77' title='bbox 1293 1309 1518 1381; x_wconf 79' lang='grc' dir='ltr'>δυνήσῃ,</span> <span class='ocrx_word' id='word_1_78' title='bbox 1567 1310 1761 1362; x_wconf 83' lang='grc' dir='ltr'>ἐννοῶν</span> <span class='ocrx_word' id='word_1_79' title='bbox 1801 1311 1975 1362; x_wconf 88' lang='grc' dir='ltr'>ἐκεῖνο</span> 
     </span>
    </p>
   </div>
   <div class='ocr_carea' id='block_1_12' title="bbox 307 1392 1973 1466">
    <p class='ocr_par' dir='ltr' id='par_1_12' title="bbox 307 1392 1973 1466">
     <span class='ocr_line' id='line_1_12' title="bbox 307 1392 1973 1466; baseline -0.001 -19"><span class='ocrx_word' id='word_1_80' title='bbox 307 1395 371 1448; x_wconf 81' lang='grc' dir='ltr'>τὸ</span> <span class='ocrx_word' id='word_1_81' title='bbox 390 1395 539 1466; x_wconf 72' lang='grc' dir='ltr'>παρὰ</span> <span class='ocrx_word' id='word_1_82' title='bbox 555 1394 648 1448; x_wconf 91' lang='grc' dir='ltr'>τοῦ</span> <span class='ocrx_word' id='word_1_83' title='bbox 676 1395 949 1466; x_wconf 90' lang='grc' dir='ltr'>μακαρίου</span> <span class='ocrx_word' id='word_1_84' title='bbox 972 1392 1190 1448; x_wconf 83' lang='grc' dir='ltr'>Παύλου</span> <span class='ocrx_word' id='word_1_85' title='bbox 1220 1395 1506 1466; x_wconf 74' lang='grc' dir='ltr'>εἰρημένον</span> <span class='ocrx_word' id='word_1_86' title='bbox 1522 1412 1534 1425; x_wconf 90' lang='grc'><strong>·</strong></span> <span class='ocrx_word' id='word_1_87' title='bbox 1554 1394 1818 1461; x_wconf 79' lang='grc' dir='ltr'>Ειρήνην</span> <span class='ocrx_word' id='word_1_88' title='bbox 1848 1393 1973 1447; x_wconf 83' lang='grc' dir='ltr'>διώ-</span> 
     </span>
    </p>
   </div>
   <div class='ocr_carea' id='block_1_13' title="bbox 310 1476 1975 1551">
    <p class='ocr_par' dir='ltr' id='par_1_13' title="bbox 310 1476 1975 1551">
     <span class='ocr_line' id='line_1_13' title="bbox 310 1476 1975 1551; baseline 0.001 -17"><span class='ocrx_word' id='word_1_89' title='bbox 310 1489 457 1535; x_wconf 63' lang='grc' dir='ltr'>κετεν</span> <span class='ocrx_word' id='word_1_90' title='bbox 463 1482 614 1551; x_wconf 77' lang='grc' dir='ltr'>μετὰ</span> <span class='ocrx_word' id='word_1_91' title='bbox 644 1481 907 1544; x_wconf 75' lang='grc' dir='ltr'>πάντων,</span> <span class='ocrx_word' id='word_1_92' title='bbox 945 1481 1043 1535; x_wconf 80' lang='grc' dir='ltr'>καί</span> <span class='ocrx_word' id='word_1_93' title='bbox 1070 1481 1178 1535; x_wconf 80' lang='grc' dir='ltr'>τὸν</span> <span class='ocrx_word' id='word_1_94' title='bbox 1208 1480 1521 1550; x_wconf 77' lang='grc' dir='ltr'>ἁγιασμόν,</span> <span class='ocrx_word' id='word_1_95' title='bbox 1557 1476 1629 1535; x_wconf 85' lang='grc' dir='ltr'>οὗ</span> <span class='ocrx_word' id='word_1_96' title='bbox 1659 1481 1837 1549; x_wconf 79' lang='grc' dir='ltr'>χωρίς</span> <span class='ocrx_word' id='word_1_97' title='bbox 1873 1483 1975 1535; x_wconf 65' lang='grc' dir='ltr'>οὐ⁶</span> 
     </span>
    </p>
   </div>
   <div class='ocr_carea' id='block_1_14' title="bbox 310 1564 1974 1639">
    <p class='ocr_par' dir='ltr' id='par_1_14' title="bbox 310 1564 1974 1639">
     <span class='ocr_line' id='line_1_14' title="bbox 310 1564 1974 1639; baseline -0.001 -19"><span class='ocrx_word' id='word_1_98' title='bbox 310 1566 437 1634; x_wconf 78' lang='grc' dir='ltr'>δείς</span> <span class='ocrx_word' id='word_1_99' title='bbox 470 1568 680 1636; x_wconf 68' lang='grc' dir='ltr'>ὄψεται</span> <span class='ocrx_word' id='word_1_100' title='bbox 712 1568 820 1622; x_wconf 80' lang='grc' dir='ltr'>τὸν</span> <span class='ocrx_word' id='word_1_101' title='bbox 842 1568 1097 1636; x_wconf 68' lang='grc' dir='ltr'>Κύριον-ς</span> <span class='ocrx_word' id='word_1_102' title='bbox 1129 1564 1282 1629; x_wconf 80' lang='grc' dir='ltr'>Εἶδες</span> <span class='ocrx_word' id='word_1_103' title='bbox 1311 1566 1429 1629; x_wconf 88' lang='grc' dir='ltr'>πῶς</span> <span class='ocrx_word' id='word_1_104' title='bbox 1471 1570 1537 1637; x_wconf 76' lang='grc' dir='ltr'>τῇ</span> <span class='ocrx_word' id='word_1_105' title='bbox 1564 1566 1841 1639; x_wconf 78' lang='grc' dir='ltr'>ἁγιωσύνῃ</span> <span class='ocrx_word' id='word_1_106' title='bbox 1876 1567 1974 1637; x_wconf 78' lang='grc' dir='ltr'>τὴν</span> 
     </span>
    </p>
   </div>
   <div class='ocr_carea' id='block_1_15' title="bbox 312 1654 1974 1727">
    <p class='ocr_par' dir='ltr' id='par_1_15' title="bbox 312 1654 1974 1727">
     <span class='ocr_line' id='line_1_15' title="bbox 312 1654 1974 1727; baseline 0.001 -19"><span class='ocrx_word' id='word_1_107' title='bbox 312 1658 536 1727; x_wconf 87' lang='grc' dir='ltr'>εἰρήνην</span> <span class='ocrx_word' id='word_1_108' title='bbox 576 1656 924 1721; x_wconf 79' lang='grc' dir='ltr'>συνέζευξεν;</span> <span class='ocrx_word' id='word_1_109' title='bbox 978 1654 1093 1710; x_wconf 85' lang='grc' dir='ltr'>Ἵνα</span> <span class='ocrx_word' id='word_1_110' title='bbox 1123 1654 1234 1727; x_wconf 99' lang='lat'>7&amp;9</span> <span class='ocrx_word' id='word_1_111' title='bbox 1282 1655 1539 1725; x_wconf 75' lang='grc' dir='ltr'>μάθωμεν</span> <span class='ocrx_word' id='word_1_112' title='bbox 1576 1656 1658 1708; x_wconf 81' lang='grc' dir='ltr'>ὅτι</span> <span class='ocrx_word' id='word_1_113' title='bbox 1707 1656 1767 1708; x_wconf 90' lang='grc' dir='ltr'>οὐ</span> <span class='ocrx_word' id='word_1_114' title='bbox 1818 1655 1974 1725; x_wconf 87' lang='grc' dir='ltr'>μόνον</span> 
     </span>
    </p>
   </div>
   <div class='ocr_carea' id='block_1_16' title="bbox 308 1741 1975 1813">
    <p class='ocr_par' dir='ltr' id='par_1_16' title="bbox 308 1741 1975 1813">
     <span class='ocr_line' id='line_1_16' title="bbox 308 1741 1975 1813; baseline -0.001 -18"><span class='ocrx_word' id='word_1_115' title='bbox 308 1743 532 1810; x_wconf 81' lang='grc' dir='ltr'>ἁγνείαν</span> <span class='ocrx_word' id='word_1_116' title='bbox 581 1742 828 1813; x_wconf 87' lang='grc' dir='ltr'>σώματος</span> <span class='ocrx_word' id='word_1_117' title='bbox 860 1742 1123 1812; x_wconf 79' lang='grc' dir='ltr'>ἐπιζητεῖ,</span> <span class='ocrx_word' id='word_1_118' title='bbox 1158 1741 1295 1796; x_wconf 85' lang='grc' dir='ltr'>ἀλλά</span> <span class='ocrx_word' id='word_1_119' title='bbox 1318 1742 1414 1795; x_wconf 78' lang='grc' dir='ltr'>καὶ</span> <span class='ocrx_word' id='word_1_120' title='bbox 1436 1743 1677 1813; x_wconf 74' lang='grc' dir='ltr'>εἰρήνην,</span> <span class='ocrx_word' id='word_1_121' title='bbox 1707 1742 1975 1813; x_wconf 80' lang='grc' dir='ltr'>εὐκαίρως</span> 
     </span>
    </p>
   </div>
   <div class='ocr_carea' id='block_1_17' title="bbox 308 1826 1975 1899">
    <p class='ocr_par' dir='ltr' id='par_1_17' title="bbox 308 1826 1975 1899">
     <span class='ocr_line' id='line_1_17' title="bbox 308 1826 1975 1899; baseline 0.002 -21"><span class='ocrx_word' id='word_1_122' title='bbox 308 1827 709 1898; x_wconf 76' lang='grc' dir='ltr'>ἐμνημόνευσεν</span> <span class='ocrx_word' id='word_1_123' title='bbox 737 1867 753 1891; x_wconf 94' lang='grc'>,</span> <span class='ocrx_word' id='word_1_124' title='bbox 820 1828 1159 1899; x_wconf 78' lang='grc' dir='ltr'>ἑκατέρωθεν</span> <span class='ocrx_word' id='word_1_125' title='bbox 1206 1826 1594 1897; x_wconf 77' lang='grc' dir='ltr'>ἀσφαλίζεσθαι</span> <span class='ocrx_word' id='word_1_126' title='bbox 1657 1828 1975 1899; x_wconf 77' lang='grc' dir='ltr'>βουλόμενος</span> 
     </span>
    </p>
   </div>
   <div class='ocr_carea' id='block_1_18' title="bbox 306 1910 1973 1985">
    <p class='ocr_par' dir='ltr' id='par_1_18' title="bbox 306 1910 1973 1985">
     <span class='ocr_line' id='line_1_18' title="bbox 306 1910 1973 1985; baseline 0.002 -19"><span class='ocrx_word' id='word_1_127' title='bbox 306 1913 554 1976; x_wconf 70' lang='grc' dir='ltr'>ἕκαστον,</span> <span class='ocrx_word' id='word_1_128' title='bbox 583 1915 678 1966; x_wconf 74' lang='grc' dir='ltr'>καὶ</span> <span class='ocrx_word' id='word_1_129' title='bbox 704 1915 763 1967; x_wconf 88' lang='grc' dir='ltr'>ἐν</span> <span class='ocrx_word' id='word_1_130' title='bbox 800 1915 1129 1969; x_wconf 81' lang='grc' dir='ltr'>καταστάσει</span> <span class='ocrx_word' id='word_1_131' title='bbox 1163 1910 1303 1969; x_wconf 82' lang='grc' dir='ltr'>εἷναι</span> <span class='ocrx_word' id='word_1_132' title='bbox 1339 1914 1447 1969; x_wconf 88' lang='grc' dir='ltr'>τῶν</span> <span class='ocrx_word' id='word_1_133' title='bbox 1489 1915 1783 1985; x_wconf 81' lang='grc' dir='ltr'>λογισμῶν,</span> <span class='ocrx_word' id='word_1_134' title='bbox 1834 1916 1973 1969; x_wconf 81' lang='grc' dir='ltr'>ὥστε</span> 
     </span>
    </p>
   </div>
   <div class='ocr_carea' id='block_1_19' title="bbox 312 1996 1973 2073">
    <p class='ocr_par' dir='ltr' id='par_1_19' title="bbox 312 1996 1973 2073">
     <span class='ocr_line' id='line_1_19' title="bbox 312 1996 1973 2073; baseline 0.002 -21"><span class='ocrx_word' id='word_1_135' title='bbox 312 2000 579 2070; x_wconf 88' lang='grc' dir='ltr'>μηδεμίαν</span> <span class='ocrx_word' id='word_1_136' title='bbox 607 1996 747 2053; x_wconf 74' lang='grc' dir='ltr'>εἶναι</span> <span class='ocrx_word' id='word_1_137' title='bbox 778 2001 1021 2072; x_wconf 85' lang='grc' dir='ltr'>ταραχὴν</span> <span class='ocrx_word' id='word_1_138' title='bbox 1047 2002 1081 2071; x_wconf 85' lang='grc' dir='ltr'>ἢ</span> <span class='ocrx_word' id='word_1_139' title='bbox 1119 2001 1345 2071; x_wconf 88' lang='grc' dir='ltr'>θόρυϐον</span> <span class='ocrx_word' id='word_1_140' title='bbox 1372 2003 1431 2055; x_wconf 80' lang='grc' dir='ltr'>ἐν</span> <span class='ocrx_word' id='word_1_141' title='bbox 1456 2004 1617 2073; x_wconf 81' lang='grc' dir='ltr'>ἡμῖν,</span> <span class='ocrx_word' id='word_1_142' title='bbox 1651 2002 1765 2057; x_wconf 84' lang='grc' dir='ltr'>ἀλλ’</span> <span class='ocrx_word' id='word_1_143' title='bbox 1794 2004 1851 2055; x_wconf 89' lang='grc' dir='ltr'>ἐν</span> <span class='ocrx_word' id='word_1_144' title='bbox 1874 2020 1973 2070; x_wconf 85' lang='grc' dir='ltr'>γα-</span> 
     </span>
    </p>
   </div>
   <div class='ocr_carea' id='block_1_20' title="bbox 309 2086 1978 2161">
    <p class='ocr_par' dir='ltr' id='par_1_20' title="bbox 309 2086 1978 2161">
     <span class='ocr_line' id='line_1_20' title="bbox 309 2086 1978 2161; baseline 0.004 -23"><span class='ocrx_word' id='word_1_145' title='bbox 309 2086 446 2158; x_wconf 83' lang='grc' dir='ltr'>λήνῃ</span> <span class='ocrx_word' id='word_1_146' title='bbox 471 2087 567 2139; x_wconf 75' lang='grc' dir='ltr'>καὶ</span> <span class='ocrx_word' id='word_1_147' title='bbox 598 2086 797 2157; x_wconf 74' lang='grc' dir='ltr'>ἡσυχίᾳ</span> <span class='ocrx_word' id='word_1_148' title='bbox 832 2087 1062 2154; x_wconf 84' lang='grc' dir='ltr'>διάγειν,</span> <span class='ocrx_word' id='word_1_149' title='bbox 1103 2089 1198 2141; x_wconf 78' lang='grc' dir='ltr'>καὶ</span> <span class='ocrx_word' id='word_1_150' title='bbox 1247 2088 1384 2159; x_wconf 89' lang='grc' dir='ltr'>μετά</span> <span class='ocrx_word' id='word_1_151' title='bbox 1428 2090 1647 2143; x_wconf 90' lang='grc' dir='ltr'>πάντων</span> <span class='ocrx_word' id='word_1_152' title='bbox 1692 2091 1978 2161; x_wconf 90' lang='grc' dir='ltr'>εἰρηνικῶς</span> 
     </span>
    </p>
   </div>
   <div class='ocr_carea' id='block_1_21' title="bbox 306 2168 1973 2245">
    <p class='ocr_par' dir='ltr' id='par_1_21' title="bbox 306 2168 1973 2245">
     <span class='ocr_line' id='line_1_21' title="bbox 306 2168 1973 2245; baseline 0.002 -20"><span class='ocrx_word' id='word_1_153' title='bbox 306 2172 626 2237; x_wconf 82' lang='grc' dir='ltr'>διακεῖσθαι,</span> <span class='ocrx_word' id='word_1_154' title='bbox 653 2173 746 2225; x_wconf 77' lang='grc' dir='ltr'>καὶ</span> <span class='ocrx_word' id='word_1_155' title='bbox 770 2173 1009 2243; x_wconf 76' lang='grc' dir='ltr'>ἡμέρους</span> <span class='ocrx_word' id='word_1_156' title='bbox 1041 2168 1180 2226; x_wconf 79' lang='grc' dir='ltr'>εῖναι</span> <span class='ocrx_word' id='word_1_157' title='bbox 1214 2174 1305 2227; x_wconf 79' lang='grc' dir='ltr'>καὶ</span> <span class='ocrx_word' id='word_1_158' title='bbox 1334 2173 1539 2245; x_wconf 81' lang='grc' dir='ltr'>πράους</span> <span class='ocrx_word' id='word_1_159' title='bbox 1563 2176 1656 2227; x_wconf 77' lang='grc' dir='ltr'>καὶ</span> <span class='ocrx_word' id='word_1_160' title='bbox 1693 2176 1973 2239; x_wconf 89' lang='grc' dir='ltr'>ἐπιεικεῖς,</span> 
     </span>
    </p>
   </div>
   <div class='ocr_carea' id='block_1_22' title="bbox 307 2257 1976 2332">
    <p class='ocr_par' dir='ltr' id='par_1_22' title="bbox 307 2257 1976 2332">
     <span class='ocr_line' id='line_1_22' title="bbox 307 2257 1976 2332; baseline 0.003 -24"><span class='ocrx_word' id='word_1_161' title='bbox 307 2258 449 2311; x_wconf 78' lang='grc' dir='ltr'>ὥστε</span> <span class='ocrx_word' id='word_1_162' title='bbox 488 2258 663 2311; x_wconf 89' lang='grc' dir='ltr'>πάντα</span> <span class='ocrx_word' id='word_1_163' title='bbox 681 2257 786 2328; x_wconf 87' lang='grc' dir='ltr'>τῆς</span> <span class='ocrx_word' id='word_1_164' title='bbox 804 2258 1004 2329; x_wconf 81' lang='grc' dir='ltr'>ἀρετῆς</span> <span class='ocrx_word' id='word_1_165' title='bbox 1033 2258 1101 2311; x_wconf 87' lang='grc' dir='ltr'>τά</span> <span class='ocrx_word' id='word_1_166' title='bbox 1125 2258 1388 2330; x_wconf 90' lang='grc' dir='ltr'>χρώματα</span> <span class='ocrx_word' id='word_1_167' title='bbox 1416 2259 1669 2315; x_wconf 86' lang='grc' dir='ltr'>ἐπανθεῖν</span> <span class='ocrx_word' id='word_1_168' title='bbox 1700 2261 1858 2332; x_wconf 87' lang='grc' dir='ltr'>ήμῶν</span> <span class='ocrx_word' id='word_1_169' title='bbox 1898 2261 1976 2332; x_wconf 81' lang='grc' dir='ltr'>τῷ</span> 
     </span>
    </p>
   </div>
   <div class='ocr_carea' id='block_1_23' title="bbox 306 2342 1977 2418">
    <p class='ocr_par' dir='ltr' id='par_1_23' title="bbox 306 2342 1977 2418">
     <span class='ocr_line' id='line_1_23' title="bbox 306 2342 1977 2418; baseline 0.003 -22"><span class='ocrx_word' id='word_1_170' title='bbox 306 2343 602 2415; x_wconf 85' lang='grc' dir='ltr'>προσώπῳ.</span> <span class='ocrx_word' id='word_1_171' title='bbox 636 2342 794 2397; x_wconf 80' lang='grc' dir='ltr'>Οὑτω</span> <span class='ocrx_word' id='word_1_172' title='bbox 811 2344 923 2417; x_wconf 82' lang='grc' dir='ltr'>γὰρ</span> <span class='ocrx_word' id='word_1_173' title='bbox 959 2344 1142 2399; x_wconf 82' lang='grc' dir='ltr'>λοιπὸν</span> <span class='ocrx_word' id='word_1_174' title='bbox 1172 2348 1266 2400; x_wconf 70' lang='grc' dir='ltr'>καὶ</span> <span class='ocrx_word' id='word_1_175' title='bbox 1281 2347 1381 2417; x_wconf 89' lang='grc' dir='ltr'>τῆς</span> <span class='ocrx_word' id='word_1_176' title='bbox 1408 2348 1568 2418; x_wconf 77' lang='grc' dir='ltr'>δόξης</span> <span class='ocrx_word' id='word_1_177' title='bbox 1591 2348 1685 2401; x_wconf 83' lang='grc' dir='ltr'>τοῦ</span> <span class='ocrx_word' id='word_1_178' title='bbox 1716 2349 1977 2418; x_wconf 83' lang='grc' dir='ltr'>παρόντος</span> 
     </span>
    </p>
   </div>
   <div class='ocr_carea' id='block_1_24' title="bbox 308 2431 1974 2505">
    <p class='ocr_par' dir='ltr' id='par_1_24' title="bbox 308 2431 1974 2505">
     <span class='ocr_line' id='line_1_24' title="bbox 308 2431 1974 2505; baseline 0.001 -21"><span class='ocrx_word' id='word_1_179' title='bbox 308 2431 426 2501; x_wconf 87' lang='grc' dir='ltr'>βίου</span> <span class='ocrx_word' id='word_1_180' title='bbox 460 2431 734 2502; x_wconf 75' lang='grc' dir='ltr'>ὑπερορᾷν</span> <span class='ocrx_word' id='word_1_181' title='bbox 762 2431 1105 2502; x_wconf 86' lang='grc' dir='ltr'>δυνησόμεθα</span> <span class='ocrx_word' id='word_1_182' title='bbox 1128 2431 1228 2504; x_wconf 82' lang='grc' dir='ltr'>τὴν</span> <span class='ocrx_word' id='word_1_183' title='bbox 1259 2434 1431 2505; x_wconf 82' lang='grc' dir='ltr'>ἀληθῆ</span> <span class='ocrx_word' id='word_1_184' title='bbox 1465 2434 1622 2499; x_wconf 82' lang='grc' dir='ltr'>δόξαν</span> <span class='ocrx_word' id='word_1_185' title='bbox 1668 2435 1974 2504; x_wconf 84' lang='grc' dir='ltr'>προτιμῶν-</span> 
     </span>
    </p>
   </div>
   <div class='ocr_carea' id='block_1_25' title="bbox 306 2517 1978 2591">
    <p class='ocr_par' dir='ltr' id='par_1_25' title="bbox 306 2517 1978 2591">
     <span class='ocr_line' id='line_1_25' title="bbox 306 2517 1978 2591; baseline 0.002 -21"><span class='ocrx_word' id='word_1_186' title='bbox 306 2534 417 2581; x_wconf 88' lang='grc' dir='ltr'>τες,</span> <span class='ocrx_word' id='word_1_187' title='bbox 442 2517 537 2571; x_wconf 80' lang='grc' dir='ltr'>καὶ</span> <span class='ocrx_word' id='word_1_188' title='bbox 562 2518 661 2587; x_wconf 84' lang='grc' dir='ltr'>τῆς</span> <span class='ocrx_word' id='word_1_189' title='bbox 683 2518 1185 2590; x_wconf 79' lang='grc' dir='ltr'>ταπεινοφροσύνης</span> <span class='ocrx_word' id='word_1_190' title='bbox 1212 2520 1409 2591; x_wconf 75' lang='grc' dir='ltr'>πολλὴν</span> <span class='ocrx_word' id='word_1_191' title='bbox 1436 2521 1705 2574; x_wconf 87' lang='grc' dir='ltr'>ποιεῖσθαι</span> <span class='ocrx_word' id='word_1_192' title='bbox 1738 2522 1837 2591; x_wconf 84' lang='grc' dir='ltr'>τήν</span> <span class='ocrx_word' id='word_1_193' title='bbox 1864 2523 1978 2575; x_wconf 84' lang='grc' dir='ltr'>ἐπι-</span> 
     </span>
    </p>
   </div>
   <div class='ocr_carea' id='block_1_26' title="bbox 311 2603 1976 2678">
    <p class='ocr_par' dir='ltr' id='par_1_26' title="bbox 311 2603 1976 2678">
     <span class='ocr_line' id='line_1_26' title="bbox 311 2603 1976 2678; baseline 0.003 -23"><span class='ocrx_word' id='word_1_194' title='bbox 311 2603 551 2673; x_wconf 85' lang='grc' dir='ltr'>μέλειαν,</span> <span class='ocrx_word' id='word_1_195' title='bbox 588 2604 682 2656; x_wconf 80' lang='grc' dir='ltr'>καὶ</span> <span class='ocrx_word' id='word_1_196' title='bbox 726 2603 905 2673; x_wconf 82' lang='grc' dir='ltr'>πάσης</span> <span class='ocrx_word' id='word_1_197' title='bbox 932 2604 1032 2673; x_wconf 86' lang='grc' dir='ltr'>τῆς</span> <span class='ocrx_word' id='word_1_198' title='bbox 1068 2605 1163 2658; x_wconf 93' lang='grc' dir='ltr'>τοῦ</span> <span class='ocrx_word' id='word_1_199' title='bbox 1210 2606 1476 2676; x_wconf 89' lang='grc' dir='ltr'>παρόντος</span> <span class='ocrx_word' id='word_1_200' title='bbox 1533 2606 1649 2675; x_wconf 85' lang='grc' dir='ltr'>βίου</span> <span class='ocrx_word' id='word_1_201' title='bbox 1680 2607 1976 2678; x_wconf 82' lang='grc' dir='ltr'>εὐημερίας</span> 
     </span>
    </p>
   </div>
   <div class='ocr_carea' id='block_1_27' title="bbox 307 2689 1978 2772">
    <p class='ocr_par' dir='ltr' id='par_1_27' title="bbox 307 2689 1978 2772">
     <span class='ocr_line' id='line_1_27' title="bbox 307 2689 1978 2772; baseline 0.004 -31"><span class='ocrx_word' id='word_1_202' title='bbox 307 2689 635 2760; x_wconf 79' lang='grc' dir='ltr'>καταγελᾷν,</span> <span class='ocrx_word' id='word_1_203' title='bbox 661 2690 746 2742; x_wconf 82' lang='grc' dir='ltr'>ἴνα</span> <span class='ocrx_word' id='word_1_204' title='bbox 775 2690 873 2760; x_wconf 83' lang='grc' dir='ltr'>τῆς</span> <span class='ocrx_word' id='word_1_205' title='bbox 909 2690 1142 2760; x_wconf 75' lang='grc' dir='ltr'>ἀληθοῦς</span> <span class='ocrx_word' id='word_1_206' title='bbox 1164 2692 1258 2744; x_wconf 75' lang='grc' dir='ltr'>καὶ</span> <span class='ocrx_word' id='word_1_207' title='bbox 1283 2690 1505 2761; x_wconf 87' lang='grc' dir='ltr'>βεϐαίας</span> <span class='ocrx_word' id='word_1_208' title='bbox 1527 2694 1826 2772; x_wconf 77' lang='grc' dir='ltr'>εὐημερίας</span> <span class='ocrx_word' id='word_1_209' title='bbox 1849 2696 1978 2748; x_wconf 89' lang='grc' dir='ltr'>ἀπο-</span> 
     </span>
    </p>
   </div>
   <div class='ocr_carea' id='block_1_28' title="bbox 306 2773 1974 2849">
    <p class='ocr_par' dir='ltr' id='par_1_28' title="bbox 306 2773 1974 2849">
     <span class='ocr_line' id='line_1_28' title="bbox 306 2773 1974 2849; baseline 0.004 -22"><span class='ocrx_word' id='word_1_210' title='bbox 306 2773 619 2845; x_wconf 89' lang='grc' dir='ltr'>λαύσωμεν,</span> <span class='ocrx_word' id='word_1_211' title='bbox 652 2776 743 2829; x_wconf 74' lang='grc' dir='ltr'>καὶ</span> <span class='ocrx_word' id='word_1_212' title='bbox 776 2776 867 2828; x_wconf 76' lang='grc' dir='ltr'>τὸν</span> <span class='ocrx_word' id='word_1_213' title='bbox 896 2776 1128 2845; x_wconf 80' lang='grc' dir='ltr'>Χριστὸν</span> <span class='ocrx_word' id='word_1_214' title='bbox 1153 2777 1279 2830; x_wconf 83' lang='grc' dir='ltr'>ίδετν</span> <span class='ocrx_word' id='word_1_215' title='bbox 1305 2777 1745 2849; x_wconf 78' lang='grc' dir='ltr'>καταξιωθῶμεν.</span> <span class='ocrx_word' id='word_1_216' title='bbox 1771 2780 1974 2834; x_wconf 81' lang='grc' dir='ltr'>Μακά-</span> 
     </span>
    </p>
   </div>
   <div class='ocr_carea' id='block_1_29' title="bbox 304 2861 1979 2933">
    <p class='ocr_par' dir='ltr' id='par_1_29' title="bbox 304 2861 1979 2933">
     <span class='ocr_line' id='line_1_29' title="bbox 304 2861 1979 2933; baseline 0.004 -20"><span class='ocrx_word' id='word_1_217' title='bbox 304 2876 420 2927; x_wconf 68' lang='lat' dir='ltr'>pta:</span> <span class='ocrx_word' id='word_1_218' title='bbox 439 2861 569 2929; x_wconf 87' lang='lat'><strong>7&amp;9,</strong></span> <span class='ocrx_word' id='word_1_219' title='bbox 595 2861 779 2931; x_wconf 76' lang='grc' dir='ltr'>φησὶν,</span> <span class='ocrx_word' id='word_1_220' title='bbox 800 2865 876 2926; x_wconf 51' lang='grc' dir='ltr'>,οί</span> <span class='ocrx_word' id='word_1_221' title='bbox 909 2862 1152 2930; x_wconf 76' lang='grc' dir='ltr'>καθαροί</span> <span class='ocrx_word' id='word_1_222' title='bbox 1180 2862 1257 2931; x_wconf 77' lang='grc' dir='ltr'>τῇ</span> <span class='ocrx_word' id='word_1_223' title='bbox 1289 2864 1522 2933; x_wconf 78' lang='grc' dir='ltr'>καρδίᾳ,</span> <span class='ocrx_word' id='word_1_224' title='bbox 1562 2866 1838 2921; x_wconf 76' lang='grc' dir='ltr'>ὅτιαύτοὶ</span> <span class='ocrx_word' id='word_1_225' title='bbox 1873 2868 1979 2920; x_wconf 76' lang='grc' dir='ltr'>τὸν</span> 
     </span>
    </p>
   </div>
   <div class='ocr_carea' id='block_1_30' title="bbox 310 2944 1974 3019">
    <p class='ocr_par' dir='ltr' id='par_1_30' title="bbox 310 2944 1974 3019">
     <span class='ocr_line' id='line_1_30' title="bbox 310 2944 1974 3019; baseline 0.005 -22"><span class='ocrx_word' id='word_1_226' title='bbox 310 2944 459 2998; x_wconf 65' lang='grc' dir='ltr'>Θεὸν</span> <span class='ocrx_word' id='word_1_227' title='bbox 476 2944 747 3013; x_wconf 71' lang='grc' dir='ltr'>ὄψονται.</span> <span class='ocrx_word' id='word_1_228' title='bbox 776 2945 1177 3016; x_wconf 79' lang='grc' dir='ltr'>Καθαρίσωμεν</span> <span class='ocrx_word' id='word_1_229' title='bbox 1206 2948 1384 3001; x_wconf 85' lang='grc' dir='ltr'>τοίνυν</span> <span class='ocrx_word' id='word_1_230' title='bbox 1432 2949 1591 3019; x_wconf 84' lang='grc' dir='ltr'>ήμῶν</span> <span class='ocrx_word' id='word_1_231' title='bbox 1627 2950 1687 3003; x_wconf 78' lang='grc' dir='ltr'>τὸ</span> <span class='ocrx_word' id='word_1_232' title='bbox 1721 2951 1974 3016; x_wconf 80' lang='grc' dir='ltr'>συνειδὸς,</span> 
     </span>
    </p>
   </div>
   <div class='ocr_carea' id='block_1_31' title="bbox 312 3031 1977 3107">
    <p class='ocr_par' dir='ltr' id='par_1_31' title="bbox 312 3031 1977 3107">
     <span class='ocr_line' id='line_1_31' title="bbox 312 3031 1977 3107; baseline 0.005 -24"><span class='ocrx_word' id='word_1_233' title='bbox 312 3031 403 3084; x_wconf 76' lang='grc' dir='ltr'>καὶ</span> <span class='ocrx_word' id='word_1_234' title='bbox 434 3031 571 3102; x_wconf 78' lang='grc' dir='ltr'>μετὰ</span> <span class='ocrx_word' id='word_1_235' title='bbox 603 3031 887 3102; x_wconf 87' lang='grc' dir='ltr'>ἀκριϐείας</span> <span class='ocrx_word' id='word_1_236' title='bbox 925 3033 1019 3085; x_wconf 83' lang='grc' dir='ltr'>τὸν</span> <span class='ocrx_word' id='word_1_237' title='bbox 1052 3033 1259 3086; x_wconf 86' lang='grc' dir='ltr'>ἐαυτῶν</span> <span class='ocrx_word' id='word_1_238' title='bbox 1314 3034 1423 3103; x_wconf 87' lang='grc' dir='ltr'>βίον</span> <span class='ocrx_word' id='word_1_239' title='bbox 1468 3037 1860 3107; x_wconf 87' lang='grc' dir='ltr'>οἰκονομῶμεν,</span> <span class='ocrx_word' id='word_1_240' title='bbox 1892 3038 1977 3091; x_wconf 83' lang='grc' dir='ltr'>ῖνα</span> 
     </span>
    </p>
   </div>
   <div class='ocr_carea' id='block_1_32' title="bbox 308 3115 1980 3191">
    <p class='ocr_par' dir='ltr' id='par_1_32' title="bbox 308 3115 1980 3191">
     <span class='ocr_line' id='line_1_32' title="bbox 308 3115 1980 3191; baseline 0.004 -21"><span class='ocrx_word' id='word_1_241' title='bbox 308 3117 408 3187; x_wconf 81' lang='grc' dir='ltr'>τὴν</span> <span class='ocrx_word' id='word_1_242' title='bbox 440 3115 721 3188; x_wconf 84' lang='grc' dir='ltr'>παροῦσαν</span> <span class='ocrx_word' id='word_1_243' title='bbox 743 3117 887 3188; x_wconf 77' lang='grc' dir='ltr'>ζωὴν</span> <span class='ocrx_word' id='word_1_244' title='bbox 922 3116 1059 3189; x_wconf 86' lang='grc' dir='ltr'>μετά</span> <span class='ocrx_word' id='word_1_245' title='bbox 1082 3120 1265 3189; x_wconf 82' lang='grc' dir='ltr'>πάσης</span> <span class='ocrx_word' id='word_1_246' title='bbox 1286 3121 1488 3191; x_wconf 80' lang='grc' dir='ltr'>ἀρετῆς</span> <span class='ocrx_word' id='word_1_247' title='bbox 1505 3122 1840 3188; x_wconf 79' lang='grc' dir='ltr'>ὁδεύσαντες,</span> <span class='ocrx_word' id='word_1_248' title='bbox 1873 3124 1980 3177; x_wconf 87' lang='grc' dir='ltr'>τῶν</span> 
     </span>
    </p>
   </div>
   <div class='ocr_carea' id='block_1_33' title="bbox 307 3203 1981 3279">
    <p class='ocr_par' dir='ltr' id='par_1_33' title="bbox 307 3203 1981 3279">
     <span class='ocr_line' id='line_1_33' title="bbox 307 3203 1981 3279; baseline 0.002 -19"><span class='ocrx_word' id='word_1_249' title='bbox 307 3203 545 3261; x_wconf 84' lang='grc' dir='ltr'>ἐνταῦθα</span> <span class='ocrx_word' id='word_1_250' title='bbox 577 3205 753 3258; x_wconf 78' lang='grc' dir='ltr'>πόνων</span> <span class='ocrx_word' id='word_1_251' title='bbox 782 3205 879 3268; x_wconf 85' lang='grc' dir='ltr'>τάς</span> <span class='ocrx_word' id='word_1_252' title='bbox 906 3206 1138 3275; x_wconf 83' lang='grc' dir='ltr'>ἀμοιϐάς</span> <span class='ocrx_word' id='word_1_253' title='bbox 1165 3207 1349 3274; x_wconf 88' lang='grc' dir='ltr'>λαϐεῖν</span> <span class='ocrx_word' id='word_1_254' title='bbox 1372 3208 1796 3279; x_wconf 82' lang='grc' dir='ltr'>καταξιωθῶμεν</span> <span class='ocrx_word' id='word_1_255' title='bbox 1823 3212 1881 3263; x_wconf 90' lang='grc' dir='ltr'>ἐν</span> <span class='ocrx_word' id='word_1_256' title='bbox 1902 3209 1981 3278; x_wconf 82' lang='grc' dir='ltr'>τῷ</span> 
     </span>
    </p>
   </div>
   <div class='ocr_carea' id='block_1_34' title="bbox 315 3289 1978 3367">
    <p class='ocr_par' dir='ltr' id='par_1_34' title="bbox 315 3289 1978 3367">
     <span class='ocr_line' id='line_1_34' title="bbox 315 3289 1978 3367; baseline 0.005 -26"><span class='ocrx_word' id='word_1_257' title='bbox 315 3289 560 3360; x_wconf 77' lang='grc' dir='ltr'>μέλλοντι</span> <span class='ocrx_word' id='word_1_258' title='bbox 606 3291 797 3357; x_wconf 80' lang='grc' dir='ltr'>αἰῶνι,</span> <span class='ocrx_word' id='word_1_259' title='bbox 857 3292 1039 3363; x_wconf 85' lang='grc' dir='ltr'>χάριτι</span> <span class='ocrx_word' id='word_1_260' title='bbox 1070 3294 1162 3345; x_wconf 77' lang='grc' dir='ltr'>καὶ</span> <span class='ocrx_word' id='word_1_261' title='bbox 1200 3293 1578 3364; x_wconf 82' lang='grc' dir='ltr'>φιλανθρωπίᾳ</span> <span class='ocrx_word' id='word_1_262' title='bbox 1628 3295 1721 3347; x_wconf 92' lang='grc' dir='ltr'>τοῦ</span> <span class='ocrx_word' id='word_1_263' title='bbox 1772 3296 1978 3367; x_wconf 82' lang='grc' dir='ltr'>Κυρίου</span> 
     </span>
    </p>
   </div>
   <div class='ocr_carea' id='block_1_35' title="bbox 312 3372 1981 3452">
    <p class='ocr_par' dir='ltr' id='par_1_35' title="bbox 312 3372 1981 3452">
     <span class='ocr_line' id='line_1_35' title="bbox 312 3372 1981 3452; baseline 0.004 -25"><span class='ocrx_word' id='word_1_264' title='bbox 312 3377 468 3445; x_wconf 82' lang='grc' dir='ltr'>ήμῶν</span> <span class='ocrx_word' id='word_1_265' title='bbox 510 3377 685 3447; x_wconf 83' lang='grc' dir='ltr'>Ἰησοῦ</span> <span class='ocrx_word' id='word_1_266' title='bbox 719 3377 975 3448; x_wconf 84' lang='grc' dir='ltr'>Χριστοῦ,</span> <span class='ocrx_word' id='word_1_267' title='bbox 1010 3379 1129 3449; x_wconf 87' lang='grc' dir='ltr'>μεθ’</span> <span class='ocrx_word' id='word_1_268' title='bbox 1159 3372 1219 3432; x_wconf 78' lang='grc' dir='ltr'>οὗ</span> <span class='ocrx_word' id='word_1_269' title='bbox 1247 3379 1324 3449; x_wconf 86' lang='grc' dir='ltr'>τῷ</span> <span class='ocrx_word' id='word_1_270' title='bbox 1353 3382 1547 3449; x_wconf 78' lang='grc' dir='ltr'>Πατρὶ,</span> <span class='ocrx_word' id='word_1_271' title='bbox 1580 3380 1695 3451; x_wconf 80' lang='grc' dir='ltr'>άμα</span> <span class='ocrx_word' id='word_1_272' title='bbox 1729 3381 1807 3452; x_wconf 84' lang='grc' dir='ltr'>τῷ</span> <span class='ocrx_word' id='word_1_273' title='bbox 1841 3382 1981 3451; x_wconf 89' lang='grc' dir='ltr'>ἀγίῳ</span> 
     </span>
    </p>
   </div>
   <div class='ocr_carea' id='block_1_36' title="bbox 313 3464 1980 3539">
    <p class='ocr_par' dir='ltr' id='par_1_36' title="bbox 313 3464 1980 3539">
     <span class='ocr_line' id='line_1_36' title="bbox 313 3464 1980 3539; baseline 0.007 -24"><span class='ocrx_word' id='word_1_274' title='bbox 313 3464 612 3534; x_wconf 81' lang='grc' dir='ltr'>ιινεύματι,</span> <span class='ocrx_word' id='word_1_275' title='bbox 644 3464 792 3530; x_wconf 78' lang='grc' dir='ltr'>δόξα,</span> <span class='ocrx_word' id='word_1_276' title='bbox 823 3468 1044 3534; x_wconf 86' lang='grc' dir='ltr'>κράτος,</span> <span class='ocrx_word' id='word_1_277' title='bbox 1068 3469 1224 3539; x_wconf 85' lang='grc' dir='ltr'>τιμὴ,</span> <span class='ocrx_word' id='word_1_278' title='bbox 1254 3468 1349 3523; x_wconf 91' lang='grc' dir='ltr'>νῦν</span> <span class='ocrx_word' id='word_1_279' title='bbox 1376 3471 1469 3524; x_wconf 77' lang='grc' dir='ltr'>καὶ</span> <span class='ocrx_word' id='word_1_280' title='bbox 1505 3471 1611 3536; x_wconf 78' lang='grc' dir='ltr'>ἀεὶ,</span> <span class='ocrx_word' id='word_1_281' title='bbox 1640 3472 1732 3525; x_wconf 78' lang='grc' dir='ltr'>καὶ</span> <span class='ocrx_word' id='word_1_282' title='bbox 1752 3474 1831 3536; x_wconf 88' lang='grc' dir='ltr'>είς</span> <span class='ocrx_word' id='word_1_283' title='bbox 1854 3473 1980 3535; x_wconf 81' lang='grc' dir='ltr'>τοὺς</span> 
     </span>
    </p>
   </div>
   <div class='ocr_carea' id='block_1_37' title="bbox 311 3550 1149 3624">
    <p class='ocr_par' dir='ltr' id='par_1_37' title="bbox 311 3550 1149 3624">
     <span class='ocr_line' id='line_1_37' title="bbox 311 3550 1149 3624; baseline 0.006 -21"><span class='ocrx_word' id='word_1_284' title='bbox 311 3550 513 3615; x_wconf 79' lang='grc' dir='ltr'>αίῶνας</span> <span class='ocrx_word' id='word_1_285' title='bbox 544 3551 652 3604; x_wconf 91' lang='grc' dir='ltr'>τῶν</span> <span class='ocrx_word' id='word_1_286' title='bbox 674 3553 904 3606; x_wconf 84' lang='grc' dir='ltr'>αἰώνων.</span> <span class='ocrx_word' id='word_1_287' title='bbox 947 3554 1149 3624; x_wconf 70' lang='grc' dir='ltr'>Ἀμήνξ</span> 
     </span>
    </p>
   </div>
   <div class='ocr_carea' id='block_1_38' title="bbox 954 3702 1363 3758">
    <p class='ocr_par' dir='ltr' id='par_1_38' title="bbox 954 3702 1363 3758">
     <span class='ocr_line' id='line_1_38' title="bbox 954 3702 1363 3758; baseline 0.01 -4"><span class='ocrx_word' id='word_1_288' title='bbox 954 3702 1198 3755; x_wconf 79' lang='lat' dir='ltr'>OMIAIA</span> <span class='ocrx_word' id='word_1_289' title='bbox 1244 3703 1363 3758; x_wconf 86' lang='lat' dir='ltr'>AZ&#39;.</span> 
     </span>
    </p>
   </div>
   <div class='ocr_carea' id='block_1_39' title="bbox 316 3800 1983 3880">
    <p class='ocr_par' dir='ltr' id='par_1_39' title="bbox 316 3800 1983 3880">
     <span class='ocr_line' id='line_1_39' title="bbox 316 3800 1983 3880; baseline 0.005 -21"><span class='ocrx_word' id='word_1_290' title='bbox 316 3800 462 3859; x_wconf 80' lang='grc' dir='ltr'>Εἷπε</span> <span class='ocrx_word' id='word_1_291' title='bbox 483 3805 551 3880; x_wconf 63' lang='grc' dir='ltr'>δὲ</span> <span class='ocrx_word' id='word_1_292' title='bbox 580 3807 794 3880; x_wconf 76' lang='grc' dir='ltr'>Κύριος</span> <span class='ocrx_word' id='word_1_293' title='bbox 819 3808 967 3880; x_wconf 58' lang='grc' dir='ltr'>πρὸς</span> <span class='ocrx_word' id='word_1_294' title='bbox 1006 3811 1240 3879; x_wconf 73' lang='grc' dir='ltr'>Ἀδραμο</span> <span class='ocrx_word' id='word_1_295' title='bbox 1264 3810 1405 3880; x_wconf 66' lang='grc' dir='ltr'>Ἐγώ</span> <span class='ocrx_word' id='word_1_296' title='bbox 1425 3813 1544 3879; x_wconf 73' lang='grc' dir='ltr'>εἰμι</span> <span class='ocrx_word' id='word_1_297' title='bbox 1572 3817 1606 3867; x_wconf 83' lang='grc' dir='ltr'>ό</span> <span class='ocrx_word' id='word_1_298' title='bbox 1634 3814 1777 3880; x_wconf 80' lang='grc' dir='ltr'>Θεὸς</span> <span class='ocrx_word' id='word_1_299' title='bbox 1800 3817 1833 3869; x_wconf 83' lang='grc' dir='ltr'>ό</span> <span class='ocrx_word' id='word_1_300' title='bbox 1851 3814 1983 3879; x_wconf 81' lang='grc' dir='ltr'>ἐξα-</span> 
     </span>
    </p>
   </div>
   <div class='ocr_carea' id='block_1_40' title="bbox 386 3875 1980 3945">
    <p class='ocr_par' dir='ltr' id='par_1_40' title="bbox 386 3875 1980 3945">
     <span class='ocr_line' id='line_1_40' title="bbox 386 3875 1980 3945; baseline 0.006 -18"><span class='ocrx_word' id='word_1_301' title='bbox 386 3875 684 3945; x_wconf 24' lang='grc' dir='ltr'>γᾳγώνᾼσε</span> <span class='ocrx_word' id='word_1_302' title='bbox 724 3877 792 3929; x_wconf 81' lang='grc' dir='ltr'>ἐκ</span> <span class='ocrx_word' id='word_1_303' title='bbox 838 3876 1028 3945; x_wconf 79' lang='grc' dir='ltr'>χώρας</span> <span class='ocrx_word' id='word_1_304' title='bbox 1078 3875 1409 3943; x_wconf 60' lang='grc' dir='ltr'>Χαλδαιών,</span> <span class='ocrx_word' id='word_1_305' title='bbox 1452 3875 1607 3935; x_wconf 81' lang='grc' dir='ltr'>ὥστε</span> <span class='ocrx_word' id='word_1_306' title='bbox 1642 3875 1854 3938; x_wconf 69' lang='grc' dir='ltr'>δοῦῖναί</span> <span class='ocrx_word' id='word_1_307' title='bbox 1882 3875 1980 3938; x_wconf 81' lang='grc' dir='ltr'>σοι</span> 
     </span>
    </p>
   </div>
   <div class='ocr_carea' id='block_1_41' title="bbox 386 3943 1986 4035">
    <p class='ocr_par' dir='ltr' id='par_1_41' title="bbox 386 3943 1986 4035">
     <span class='ocr_line' id='line_1_41' title="bbox 386 3943 1986 4035; baseline 0.007 -39"><span class='ocrx_word' id='word_1_308' title='bbox 386 3943 649 4035; x_wconf 40' lang='lat'><strong>{1111111319</strong></span> <span class='ocrx_word' id='word_1_309' title='bbox 676 3943 926 4035; x_wconf 54' lang='grc' dir='ltr'>τὲᾑτην,</span> <span class='ocrx_word' id='word_1_310' title='bbox 944 3943 1399 4035; x_wconf 35' lang='grc' dir='ltr'>κληρογομῆνσαι</span> <span class='ocrx_word' id='word_1_311' title='bbox 1433 3952 1651 4035; x_wconf 48' lang='lat' dir='ltr'>(Mair:</span> <span class='ocrx_word' id='word_1_312' title='bbox 1686 3950 1833 4035; x_wconf 62' lang='grc' dir='ltr'>Εἶςτε</span> <span class='ocrx_word' id='word_1_313' title='bbox 1878 3954 1986 4007; x_wconf 75' lang='grc' dir='ltr'>δέ’-</span> 
     </span>
    </p>
   </div>
   <div class='ocr_carea' id='block_1_42' title="bbox 386 4012 1980 4090">
    <p class='ocr_par' dir='ltr' id='par_1_42' title="bbox 386 4012 1980 4090">
     <span class='ocr_line' id='line_1_42' title="bbox 386 4012 1980 4090; baseline 0.007 -24"><span class='ocrx_word' id='word_1_314' title='bbox 386 4012 656 4090; x_wconf 67' lang='grc' dir='ltr'>Δέσετοτα</span> <span class='ocrx_word' id='word_1_315' title='bbox 684 4016 881 4090; x_wconf 66' lang='grc' dir='ltr'>Ιςύριε,</span> <span class='ocrx_word' id='word_1_316' title='bbox 912 4012 1144 4069; x_wconf 74' lang='grc' dir='ltr'>κατᾰτί</span> <span class='ocrx_word' id='word_1_317' title='bbox 1188 4012 1511 4087; x_wconf 49' lang='grc' dir='ltr'>γνώσομαι,</span> <span class='ocrx_word' id='word_1_318' title='bbox 1560 4012 1646 4073; x_wconf 78' lang='grc' dir='ltr'>ὅτι</span> <span class='ocrx_word' id='word_1_319' title='bbox 1702 4025 1980 4090; x_wconf 66' lang='grc' dir='ltr'>κληρονο-</span> 
     </span>
    </p>
   </div>
   <div class='ocr_carea' id='block_1_43' title="bbox 382 4082 778 4151">
    <p class='ocr_par' dir='ltr' id='par_1_43' title="bbox 382 4082 778 4151">
     <span class='ocr_line' id='line_1_43' title="bbox 382 4082 778 4151; baseline 0.008 -19"><span class='ocrx_word' id='word_1_320' title='bbox 382 4084 558 4151; x_wconf 75' lang='grc' dir='ltr'>μήσω</span> <span class='ocrx_word' id='word_1_321' title='bbox 584 4082 778 4149; x_wconf 79' lang='grc' dir='ltr'>αὑτήν</span> 
     </span>
    </p>
   </div>
   <div class='ocr_carea' id='block_1_44' title="bbox 389 4187 1984 4263">
    <p class='ocr_par' dir='ltr' id='par_1_44' title="bbox 389 4187 1984 4263">
     <span class='ocr_line' id='line_1_44' title="bbox 389 4187 1984 4263; baseline 0.008 -25"><span class='ocrx_word' id='word_1_322' title='bbox 389 4194 453 4238; x_wconf 86' lang='grc' dir='ltr'>α’.</span> <span class='ocrx_word' id='word_1_323' title='bbox 474 4188 696 4256; x_wconf 85' lang='grc' dir='ltr'>Μεγάλη</span> <span class='ocrx_word' id='word_1_324' title='bbox 716 4187 813 4256; x_wconf 84' lang='grc' dir='ltr'>τῆς</span> <span class='ocrx_word' id='word_1_325' title='bbox 832 4189 980 4253; x_wconf 80' lang='grc' dir='ltr'>θείας</span> <span class='ocrx_word' id='word_1_326' title='bbox 994 4191 1211 4262; x_wconf 82' lang='grc' dir='ltr'>Γραφῆς</span> <span class='ocrx_word' id='word_1_327' title='bbox 1224 4192 1257 4261; x_wconf 76' lang='grc' dir='ltr'>η</span> <span class='ocrx_word' id='word_1_328' title='bbox 1272 4192 1518 4263; x_wconf 86' lang='grc' dir='ltr'>δύναμις,</span> <span class='ocrx_word' id='word_1_329' title='bbox 1537 4196 1629 4247; x_wconf 75' lang='grc' dir='ltr'>καὶ</span> <span class='ocrx_word' id='word_1_330' title='bbox 1646 4195 1809 4259; x_wconf 78' lang='grc' dir='ltr'>πολὺς</span> <span class='ocrx_word' id='word_1_331' title='bbox 1828 4199 1857 4249; x_wconf 82' lang='grc' dir='ltr'><strong>ὁ</strong></span> <span class='ocrx_word' id='word_1_332' title='bbox 1874 4201 1984 4260; x_wconf 87' lang='grc' dir='ltr'>τοῖς</span> 
     </span>
    </p>
   </div>
   <div class='ocr_carea' id='block_1_45' title="bbox 322 4276 1987 4351">
    <p class='ocr_par' dir='ltr' id='par_1_45' title="bbox 322 4276 1987 4351">
     <span class='ocr_line' id='line_1_45' title="bbox 322 4276 1987 4351; baseline 0.006 -23"><span class='ocrx_word' id='word_1_333' title='bbox 322 4276 558 4344; x_wconf 81' lang='grc' dir='ltr'>ῥήμασιν</span> <span class='ocrx_word' id='word_1_334' title='bbox 606 4276 1057 4347; x_wconf 81' lang='grc' dir='ltr'>ἐγκεκρυμμένος</span> <span class='ocrx_word' id='word_1_335' title='bbox 1104 4278 1328 4343; x_wconf 83' lang='grc' dir='ltr'>πλοῦτος</span> <span class='ocrx_word' id='word_1_336' title='bbox 1361 4279 1469 4332; x_wconf 92' lang='grc' dir='ltr'>τῶν</span> <span class='ocrx_word' id='word_1_337' title='bbox 1496 4282 1798 4351; x_wconf 86' lang='grc' dir='ltr'>νοημάτων.</span> <span class='ocrx_word' id='word_1_338' title='bbox 1858 4286 1934 4336; x_wconf 83' lang='grc' dir='ltr'>Δι’</span> <span class='ocrx_word' id='word_1_339' title='bbox 1957 4285 1987 4338; x_wconf 87' lang='grc' dir='ltr'>δ</span> 
     </span>
    </p>
   </div>
   <div class='ocr_carea' id='block_1_46' title="bbox 318 4362 1985 4441">
    <p class='ocr_par' dir='ltr' id='par_1_46' title="bbox 318 4362 1985 4441">
     <span class='ocr_line' id='line_1_46' title="bbox 318 4362 1985 4441; baseline 0.005 -28"><span class='ocrx_word' id='word_1_340' title='bbox 318 4364 584 4431; x_wconf 86' lang='grc' dir='ltr'>προσήκει</span> <span class='ocrx_word' id='word_1_341' title='bbox 648 4363 786 4431; x_wconf 81' lang='grc' dir='ltr'>μετά</span> <span class='ocrx_word' id='word_1_342' title='bbox 846 4362 1130 4434; x_wconf 78' lang='grc' dir='ltr'>ἀκριϐείας</span> <span class='ocrx_word' id='word_1_343' title='bbox 1180 4367 1327 4435; x_wconf 77' lang='grc' dir='ltr'>ἡμᾶς</span> <span class='ocrx_word' id='word_1_344' title='bbox 1370 4368 1731 4438; x_wconf 83' lang='grc' dir='ltr'>προσέχοντας</span> <span class='ocrx_word' id='word_1_345' title='bbox 1785 4369 1985 4441; x_wconf 80' lang='grc' dir='ltr'>πολλὴν</span> 
     </span>
    </p>
   </div>
   <div class='ocr_carea' id='block_1_47' title="bbox 318 4449 1984 4522">
    <p class='ocr_par' dir='ltr' id='par_1_47' title="bbox 318 4449 1984 4522">
     <span class='ocr_line' id='line_1_47' title="bbox 318 4449 1984 4522; baseline 0.007 -21"><span class='ocrx_word' id='word_1_346' title='bbox 318 4449 587 4502; x_wconf 86' lang='grc' dir='ltr'>ποιεῖσθαι</span> <span class='ocrx_word' id='word_1_347' title='bbox 607 4451 705 4519; x_wconf 77' lang='grc' dir='ltr'>τὴν</span> <span class='ocrx_word' id='word_1_348' title='bbox 731 4449 978 4520; x_wconf 83' lang='grc' dir='ltr'>ἔρευναν,</span> <span class='ocrx_word' id='word_1_349' title='bbox 1001 4452 1085 4504; x_wconf 75' lang='grc' dir='ltr'>ἵνα</span> <span class='ocrx_word' id='word_1_350' title='bbox 1110 4452 1303 4522; x_wconf 75' lang='grc' dir='ltr'>δαψιλῆ</span> <span class='ocrx_word' id='word_1_351' title='bbox 1324 4453 1422 4522; x_wconf 82' lang='grc' dir='ltr'>τὴν</span> <span class='ocrx_word' id='word_1_352' title='bbox 1447 4453 1710 4522; x_wconf 71' lang='grc' dir='ltr'>ὠφέλειαν</span> <span class='ocrx_word' id='word_1_353' title='bbox 1736 4455 1984 4513; x_wconf 85' lang='grc' dir='ltr'>ἐντεῦθεν</span> 
     </span>
    </p>
   </div>
   <div class='ocr_carea' id='block_1_48' title="bbox 321 4535 1985 4614">
    <p class='ocr_par' dir='ltr' id='par_1_48' title="bbox 321 4535 1985 4614">
     <span class='ocr_line' id='line_1_48' title="bbox 321 4535 1985 4614; baseline 0.005 -25"><span class='ocrx_word' id='word_1_354' title='bbox 321 4535 765 4607; x_wconf 83' lang='grc' dir='ltr'>καρπωσώμεθα.</span> <span class='ocrx_word' id='word_1_355' title='bbox 790 4538 886 4589; x_wconf 88' lang='grc' dir='ltr'>Διά</span> <span class='ocrx_word' id='word_1_356' title='bbox 912 4538 1018 4608; x_wconf 82' lang='grc' dir='ltr'>γὰρ</span> <span class='ocrx_word' id='word_1_357' title='bbox 1038 4538 1195 4591; x_wconf 90' lang='grc' dir='ltr'>τοῦτο</span> <span class='ocrx_word' id='word_1_358' title='bbox 1219 4540 1309 4591; x_wconf 70' lang='grc' dir='ltr'>καὶ</span> <span class='ocrx_word' id='word_1_359' title='bbox 1337 4541 1365 4590; x_wconf 80' lang='grc' dir='ltr'>ὁ</span> <span class='ocrx_word' id='word_1_360' title='bbox 1391 4541 1624 4610; x_wconf 78' lang='grc' dir='ltr'>Χριστὸς</span> <span class='ocrx_word' id='word_1_361' title='bbox 1650 4544 1985 4614; x_wconf 87' lang='grc' dir='ltr'>παρήγγειλε</span> 
     </span>
    </p>
   </div>
   <div class='ocr_carea' id='block_1_49' title="bbox 319 4622 1985 4703">
    <p class='ocr_par' dir='ltr' id='par_1_49' title="bbox 319 4622 1985 4703">
     <span class='ocr_line' id='line_1_49' title="bbox 319 4622 1985 4703; baseline 0.005 -29"><span class='ocrx_word' id='word_1_362' title='bbox 319 4622 516 4691; x_wconf 87' lang='grc' dir='ltr'>λέγων,</span> <span class='ocrx_word' id='word_1_363' title='bbox 567 4623 882 4692; x_wconf 74' lang='grc' dir='ltr'>Ἐρευνᾶτε</span> <span class='ocrx_word' id='word_1_364' title='bbox 910 4624 1016 4689; x_wconf 84' lang='grc' dir='ltr'>τὰς</span> <span class='ocrx_word' id='word_1_365' title='bbox 1063 4626 1338 4694; x_wconf 66' lang='lat' dir='ltr'>l‘pasadc&#39;</span> <span class='ocrx_word' id='word_1_366' title='bbox 1372 4627 1457 4679; x_wconf 81' lang='grc' dir='ltr'>ἴνα</span> <span class='ocrx_word' id='word_1_367' title='bbox 1498 4628 1570 4699; x_wconf 81' lang='grc' dir='ltr'>μὴ</span> <span class='ocrx_word' id='word_1_368' title='bbox 1622 4630 1806 4693; x_wconf 82' lang='grc' dir='ltr'>ἁπλῶς</span> <span class='ocrx_word' id='word_1_369' title='bbox 1858 4632 1985 4703; x_wconf 82' lang='grc' dir='ltr'>ψιλῇ</span> 
     </span>
    </p>
   </div>
   <div class='ocr_carea' id='block_1_50' title="bbox 321 4710 1987 4787">
    <p class='ocr_par' dir='ltr' id='par_1_50' title="bbox 321 4710 1987 4787">
     <span class='ocr_line' id='line_1_50' title="bbox 321 4710 1987 4787; baseline 0.007 -25"><span class='ocrx_word' id='word_1_370' title='bbox 321 4711 677 4780; x_wconf 83' lang='grc' dir='ltr'>προσέχωμεν</span> <span class='ocrx_word' id='word_1_371' title='bbox 713 4714 778 4781; x_wconf 79' lang='grc' dir='ltr'>τῇ</span> <span class='ocrx_word' id='word_1_372' title='bbox 815 4710 1137 4779; x_wconf 84' lang='grc' dir='ltr'>ἀναγνώσει,</span> <span class='ocrx_word' id='word_1_373' title='bbox 1168 4713 1301 4766; x_wconf 84' lang='grc' dir='ltr'>ἀλλά</span> <span class='ocrx_word' id='word_1_374' title='bbox 1327 4713 1387 4766; x_wconf 84' lang='grc' dir='ltr'>τὸ</span> <span class='ocrx_word' id='word_1_375' title='bbox 1416 4714 1577 4784; x_wconf 83' lang='grc' dir='ltr'>βάθος</span> <span class='ocrx_word' id='word_1_376' title='bbox 1615 4717 1987 4787; x_wconf 87' lang='grc' dir='ltr'>ἀνιχνεύοντες</span> 
     </span>
    </p>
   </div>
   <div class='ocr_carea' id='block_1_51' title="bbox 318 4796 1985 4873">
    <p class='ocr_par' dir='ltr' id='par_1_51' title="bbox 318 4796 1985 4873">
     <span class='ocr_line' id='line_1_51' title="bbox 318 4796 1985 4873; baseline 0.007 -25"><span class='ocrx_word' id='word_1_377' title='bbox 318 4796 411 4848; x_wconf 80' lang='grc' dir='ltr'>τὸν</span> <span class='ocrx_word' id='word_1_378' title='bbox 440 4796 614 4866; x_wconf 88' lang='grc' dir='ltr'>ἀληθῆ</span> <span class='ocrx_word' id='word_1_379' title='bbox 636 4797 735 4865; x_wconf 84' lang='grc' dir='ltr'>τῆς</span> <span class='ocrx_word' id='word_1_380' title='bbox 758 4798 979 4867; x_wconf 83' lang='grc' dir='ltr'>Γραφῆς</span> <span class='ocrx_word' id='word_1_381' title='bbox 1000 4798 1123 4850; x_wconf 87' lang='grc' dir='ltr'>νοῦν</span> <span class='ocrx_word' id='word_1_382' title='bbox 1152 4799 1476 4853; x_wconf 88' lang='grc' dir='ltr'>καταλαϐεῖν</span> <span class='ocrx_word' id='word_1_383' title='bbox 1500 4801 1832 4873; x_wconf 86' lang='grc' dir='ltr'>δυνηθῶμεν.</span> <span class='ocrx_word' id='word_1_384' title='bbox 1862 4806 1985 4860; x_wconf 81' lang='grc' dir='ltr'>Τοι-</span> 
     </span>
    </p>
   </div>
   <div class='ocr_carea' id='block_1_52' title="bbox 321 4881 1987 4959">
    <p class='ocr_par' dir='ltr' id='par_1_52' title="bbox 321 4881 1987 4959">
     <span class='ocr_line' id='line_1_52' title="bbox 321 4881 1987 4959; baseline 0.007 -24"><span class='ocrx_word' id='word_1_385' title='bbox 321 4881 478 4935; x_wconf 85' lang='grc' dir='ltr'>σῦτον</span> <span class='ocrx_word' id='word_1_386' title='bbox 508 4882 615 4952; x_wconf 91' lang='grc' dir='ltr'>γάρ</span> <span class='ocrx_word' id='word_1_387' title='bbox 644 4885 741 4953; x_wconf 89' lang='grc' dir='ltr'>τῆς</span> <span class='ocrx_word' id='word_1_388' title='bbox 762 4885 983 4954; x_wconf 79' lang='grc' dir='ltr'>Γραφῆς</span> <span class='ocrx_word' id='word_1_389' title='bbox 1009 4884 1070 4937; x_wconf 85' lang='grc' dir='ltr'>τὸ</span> <span class='ocrx_word' id='word_1_390' title='bbox 1092 4886 1209 4949; x_wconf 82' lang='grc' dir='ltr'>ἔθος</span> <span class='ocrx_word' id='word_1_391' title='bbox 1232 4902 1246 4914; x_wconf 89' lang='grc'>·</span> <span class='ocrx_word' id='word_1_392' title='bbox 1274 4888 1331 4939; x_wconf 76' lang='grc' dir='ltr'>ἐν</span> <span class='ocrx_word' id='word_1_393' title='bbox 1358 4886 1581 4958; x_wconf 86' lang='grc' dir='ltr'>βραχέσι</span> <span class='ocrx_word' id='word_1_394' title='bbox 1610 4891 1845 4959; x_wconf 77' lang='grc' dir='ltr'>ῥήμασίν</span> <span class='ocrx_word' id='word_1_395' title='bbox 1871 4894 1987 4946; x_wconf 87' lang='grc' dir='ltr'>ἐστι</span> 
     </span>
    </p>
   </div>
   <div class='ocr_carea' id='block_1_53' title="bbox 328 4968 1987 5048">
    <p class='ocr_par' dir='ltr' id='par_1_53' title="bbox 328 4968 1987 5048">
     <span class='ocr_line' id='line_1_53' title="bbox 328 4968 1987 5048; baseline 0.007 -26"><span class='ocrx_word' id='word_1_396' title='bbox 328 4968 583 5031; x_wconf 85' lang='grc' dir='ltr'>πολλάκις</span> <span class='ocrx_word' id='word_1_397' title='bbox 607 4971 785 5040; x_wconf 80' lang='grc' dir='ltr'>εὑρεῖν</span> <span class='ocrx_word' id='word_1_398' title='bbox 808 4970 943 5022; x_wconf 76' lang='grc' dir='ltr'>πολὺ</span> <span class='ocrx_word' id='word_1_399' title='bbox 981 4970 1185 5041; x_wconf 86' lang='grc' dir='ltr'>πλῆθος</span> <span class='ocrx_word' id='word_1_400' title='bbox 1216 4973 1521 5043; x_wconf 85' lang='grc' dir='ltr'>νοημάτων.</span> <span class='ocrx_word' id='word_1_401' title='bbox 1548 4974 1678 5029; x_wconf 82' lang='grc' dir='ltr'>Θεία</span> <span class='ocrx_word' id='word_1_402' title='bbox 1716 4977 1824 5048; x_wconf 91' lang='grc' dir='ltr'>γάρ</span> <span class='ocrx_word' id='word_1_403' title='bbox 1871 4980 1987 5033; x_wconf 85' lang='grc' dir='ltr'>ἐστι</span> 
     </span>
    </p>
   </div>
   <div class='ocr_carea' id='block_1_54' title="bbox 322 5056 1990 5125">
    <p class='ocr_par' dir='ltr' id='par_1_54' title="bbox 322 5056 1990 5125">
     <span class='ocr_line' id='line_1_54' title="bbox 322 5056 1990 5125; baseline 0.005 -15"><span class='ocrx_word' id='word_1_404' title='bbox 322 5057 391 5110; x_wconf 86' lang='grc' dir='ltr'>τὰ</span> <span class='ocrx_word' id='word_1_405' title='bbox 412 5056 736 5125; x_wconf 81' lang='grc' dir='ltr'>διδάγματα,</span> <span class='ocrx_word' id='word_1_406' title='bbox 756 5056 851 5109; x_wconf 68' lang='grc' dir='ltr'>καὶ</span> <span class='ocrx_word' id='word_1_407' title='bbox 875 5056 975 5109; x_wconf 89' lang='grc' dir='ltr'>οὑκ</span> <span class='ocrx_word' id='word_1_408' title='bbox 992 5056 1326 5125; x_wconf 86' lang='grc' dir='ltr'>ἀνθρώπινα,</span> <span class='ocrx_word' id='word_1_409' title='bbox 1354 5060 1450 5113; x_wconf 64' lang='grc' dir='ltr'>καὶ⁵</span> <span class='ocrx_word' id='word_1_410' title='bbox 1471 5060 1557 5114; x_wconf 82' lang='grc' dir='ltr'>διὰ</span> <span class='ocrx_word' id='word_1_411' title='bbox 1585 5062 1741 5115; x_wconf 91' lang='grc' dir='ltr'>τοῦτο</span> <span class='ocrx_word' id='word_1_412' title='bbox 1762 5064 1990 5119; x_wconf 85' lang='grc' dir='ltr'>ἀπεναν-</span> 
     </span>
    </p>
   </div>
   <div class='ocr_carea' id='block_1_55' title="bbox 321 5144 1989 5222">
    <p class='ocr_par' dir='ltr' id='par_1_55' title="bbox 321 5144 1989 5222">
     <span class='ocr_line' id='line_1_55' title="bbox 321 5144 1989 5222; baseline 0.008 -29"><span class='ocrx_word' id='word_1_413' title='bbox 321 5144 441 5207; x_wconf 82' lang='grc' dir='ltr'>τίας</span> <span class='ocrx_word' id='word_1_414' title='bbox 470 5145 535 5213; x_wconf 77' lang='grc' dir='ltr'>τῇ</span> <span class='ocrx_word' id='word_1_415' title='bbox 564 5144 725 5214; x_wconf 79' lang='grc' dir='ltr'>σοφίᾳ</span> <span class='ocrx_word' id='word_1_416' title='bbox 755 5146 821 5212; x_wconf 83' lang='grc' dir='ltr'>τῇ</span> <span class='ocrx_word' id='word_1_417' title='bbox 858 5144 1170 5215; x_wconf 79' lang='grc' dir='ltr'>ἀνθρωπίνη</span> <span class='ocrx_word' id='word_1_418' title='bbox 1222 5147 1402 5200; x_wconf 78' lang='grc' dir='ltr'>πᾶσαν</span> <span class='ocrx_word' id='word_1_419' title='bbox 1445 5148 1611 5222; x_wconf 80' lang='grc' dir='ltr'>αὑτήν</span> <span class='ocrx_word' id='word_1_420' title='bbox 1661 5153 1808 5205; x_wconf 84' lang='grc' dir='ltr'>ἐστιν</span> <span class='ocrx_word' id='word_1_421' title='bbox 1862 5152 1989 5206; x_wconf 81' lang='grc' dir='ltr'>ίδεῖν</span> 
     </span>
    </p>
   </div>
   <div class='ocr_carea' id='block_1_56' title="bbox 325 5231 1989 5311">
    <p class='ocr_par' dir='ltr' id='par_1_56' title="bbox 325 5231 1989 5311">
     <span class='ocr_line' id='line_1_56' title="bbox 325 5231 1989 5311; baseline 0.006 -27"><span class='ocrx_word' id='word_1_422' title='bbox 325 5231 708 5300; x_wconf 82' lang='grc' dir='ltr'>συγκειμένην.</span> <span class='ocrx_word' id='word_1_423' title='bbox 743 5232 854 5284; x_wconf 69' lang='grc' dir='ltr'>Καὶ</span> <span class='ocrx_word' id='word_1_424' title='bbox 875 5231 1014 5295; x_wconf 82' lang='grc' dir='ltr'>πῶς,</span> <span class='ocrx_word' id='word_1_425' title='bbox 1040 5232 1152 5299; x_wconf 79' lang='grc' dir='ltr'>ἐγὼ</span> <span class='ocrx_word' id='word_1_426' title='bbox 1185 5233 1345 5302; x_wconf 89' lang='grc' dir='ltr'>λέγω.</span> <span class='ocrx_word' id='word_1_427' title='bbox 1393 5237 1539 5289; x_wconf 85' lang='grc' dir='ltr'>Ἐκεῖ</span> <span class='ocrx_word' id='word_1_428' title='bbox 1596 5239 1692 5308; x_wconf 79' lang='grc' dir='ltr'>μὲν</span> <span class='ocrx_word' id='word_1_429' title='bbox 1721 5240 1850 5311; x_wconf 87' lang='grc' dir='ltr'>γὰρ,</span> <span class='ocrx_word' id='word_1_430' title='bbox 1894 5242 1989 5295; x_wconf 78' lang='grc' dir='ltr'>ἐπὶ</span> 
     </span>
    </p>
   </div>
   <div class='ocr_carea' id='block_1_57' title="bbox 325 5318 1989 5398">
    <p class='ocr_par' dir='ltr' id='par_1_57' title="bbox 325 5318 1989 5398">
     <span class='ocr_line' id='line_1_57' title="bbox 325 5318 1989 5398; baseline 0.005 -26"><span class='ocrx_word' id='word_1_431' title='bbox 325 5321 422 5389; x_wconf 85' lang='grc' dir='ltr'>τῆς</span> <span class='ocrx_word' id='word_1_432' title='bbox 478 5318 821 5389; x_wconf 81' lang='grc' dir='ltr'>ἀνθρωπίνης</span> <span class='ocrx_word' id='word_1_433' title='bbox 872 5320 1061 5385; x_wconf 70' lang='grc' dir='ltr'>σοφίας</span> <span class='ocrx_word' id='word_1_434' title='bbox 1092 5320 1254 5389; x_wconf 84' lang='grc' dir='ltr'>λέγω,</span> <span class='ocrx_word' id='word_1_435' title='bbox 1311 5324 1457 5375; x_wconf 74' lang='grc' dir='ltr'>πᾶσα</span> <span class='ocrx_word' id='word_1_436' title='bbox 1502 5325 1684 5389; x_wconf 87' lang='grc' dir='ltr'>αὐτοῖς</span> <span class='ocrx_word' id='word_1_437' title='bbox 1723 5328 1756 5395; x_wconf 80' lang='grc' dir='ltr'>ἡ</span> <span class='ocrx_word' id='word_1_438' title='bbox 1786 5327 1989 5398; x_wconf 81' lang='grc' dir='ltr'>σπουδὴ</span> 
     </span>
    </p>
   </div>
   <div class='ocr_carea' id='block_1_58' title="bbox 326 5404 1989 5479">
    <p class='ocr_par' dir='ltr' id='par_1_58' title="bbox 326 5404 1989 5479">
     <span class='ocr_line' id='line_1_58' title="bbox 326 5404 1989 5479; baseline 0.005 -20"><span class='ocrx_word' id='word_1_439' title='bbox 326 5404 457 5475; x_wconf 69' lang='grc' dir='ltr'>περὶ</span> <span class='ocrx_word' id='word_1_440' title='bbox 486 5406 582 5473; x_wconf 78' lang='grc' dir='ltr'>τὴν</span> <span class='ocrx_word' id='word_1_441' title='bbox 608 5405 713 5457; x_wconf 84' lang='grc' dir='ltr'>τῶν</span> <span class='ocrx_word' id='word_1_442' title='bbox 739 5404 939 5467; x_wconf 77' lang='grc' dir='ltr'>λέξεων</span> <span class='ocrx_word' id='word_1_443' title='bbox 970 5404 1241 5476; x_wconf 79' lang='grc' dir='ltr'>συνθήκην</span> <span class='ocrx_word' id='word_1_444' title='bbox 1264 5409 1602 5479; x_wconf 79' lang='grc' dir='ltr'>ἐπινενόηται</span> <span class='ocrx_word' id='word_1_445' title='bbox 1620 5427 1635 5441; x_wconf 73' lang='grc' dir='ltr'><strong>ο</strong></span> <span class='ocrx_word' id='word_1_446' title='bbox 1669 5412 1903 5466; x_wconf 88' lang='grc' dir='ltr'>ἐνταῦθα</span> <span class='ocrx_word' id='word_1_447' title='bbox 1932 5413 1989 5467; x_wconf 80' lang='grc' dir='ltr'>δὲ</span> 
     </span>
    </p>
   </div>
   <div class='ocr_carea' id='block_1_59' title="bbox 327 5491 1987 5569">
    <p class='ocr_par' dir='ltr' id='par_1_59' title="bbox 327 5491 1987 5569">
     <span class='ocr_line' id='line_1_59' title="bbox 327 5491 1987 5569; baseline 0.004 -23"><span class='ocrx_word' id='word_1_448' title='bbox 327 5491 631 5546; x_wconf 80' lang='grc' dir='ltr'>τούναντίον</span> <span class='ocrx_word' id='word_1_449' title='bbox 666 5492 829 5547; x_wconf 79' lang='grc' dir='ltr'>ἀπαν.</span> <span class='ocrx_word' id='word_1_450' title='bbox 861 5492 1050 5556; x_wconf 71' lang='grc' dir='ltr'>Οὐδεὶς</span> <span class='ocrx_word' id='word_1_451' title='bbox 1074 5496 1139 5563; x_wconf 79' lang='grc' dir='ltr'>τῇ</span> <span class='ocrx_word' id='word_1_452' title='bbox 1168 5493 1349 5565; x_wconf 76' lang='grc' dir='ltr'>Γραφῇ</span> <span class='ocrx_word' id='word_1_453' title='bbox 1394 5495 1548 5563; x_wconf 85' lang='grc' dir='ltr'>λόγος</span> <span class='ocrx_word' id='word_1_454' title='bbox 1600 5498 1723 5569; x_wconf 80' lang='grc' dir='ltr'>περί</span> <span class='ocrx_word' id='word_1_455' title='bbox 1758 5499 1987 5565; x_wconf 81' lang='grc' dir='ltr'>κάλλους</span> 
     </span>
    </p>
   </div>
   <div class='ocr_carea' id='block_1_60' title="bbox 329 5579 1989 5657">
    <p class='ocr_par' dir='ltr' id='par_1_60' title="bbox 329 5579 1989 5657">
     <span class='ocr_line' id='line_1_60' title="bbox 329 5579 1989 5657; baseline 0.007 -27"><span class='ocrx_word' id='word_1_456' title='bbox 329 5580 589 5650; x_wconf 78' lang='grc' dir='ltr'>ῥημάτων</span> <span class='ocrx_word' id='word_1_457' title='bbox 618 5579 649 5649; x_wconf 85' lang='grc' dir='ltr'>ῆ</span> <span class='ocrx_word' id='word_1_458' title='bbox 676 5580 948 5650; x_wconf 76' lang='grc' dir='ltr'>συνθήκης</span> <span class='ocrx_word' id='word_1_459' title='bbox 971 5596 983 5609; x_wconf 92' lang='grc'><strong>·</strong></span> <span class='ocrx_word' id='word_1_460' title='bbox 1012 5580 1125 5650; x_wconf 84' lang='grc' dir='ltr'>ἔχει</span> <span class='ocrx_word' id='word_1_461' title='bbox 1164 5580 1271 5650; x_wconf 84' lang='grc' dir='ltr'>γὰρ</span> <span class='ocrx_word' id='word_1_462' title='bbox 1298 5582 1502 5635; x_wconf 74' lang='grc' dir='ltr'>οἴκοθεν</span> <span class='ocrx_word' id='word_1_463' title='bbox 1530 5584 1630 5653; x_wconf 84' lang='grc' dir='ltr'>τὴν</span> <span class='ocrx_word' id='word_1_464' title='bbox 1661 5584 1807 5638; x_wconf 86' lang='grc' dir='ltr'>θείαν</span> <span class='ocrx_word' id='word_1_465' title='bbox 1830 5587 1989 5657; x_wconf 87' lang='grc' dir='ltr'>χάριν</span> 
     </span>
    </p>
   </div>
   <div class='ocr_carea' id='block_1_61' title="bbox 328 5667 1989 5744">
    <p class='ocr_par' dir='ltr' id='par_1_61' title="bbox 328 5667 1989 5744">
     <span class='ocr_line' id='line_1_61' title="bbox 328 5667 1989 5744; baseline 0.005 -23"><span class='ocrx_word' id='word_1_466' title='bbox 328 5668 667 5721; x_wconf 76' lang='grc' dir='ltr'>ἐπανθοῦσαν</span> <span class='ocrx_word' id='word_1_467' title='bbox 700 5668 792 5721; x_wconf 66' lang='grc' dir='ltr'>καὶ</span> <span class='ocrx_word' id='word_1_468' title='bbox 820 5670 880 5721; x_wconf 78' lang='grc' dir='ltr'>τὸ</span> <span class='ocrx_word' id='word_1_469' title='bbox 910 5668 1101 5731; x_wconf 79' lang='grc' dir='ltr'>κάλλος</span> <span class='ocrx_word' id='word_1_470' title='bbox 1123 5668 1190 5721; x_wconf 72' lang='grc' dir='ltr'>τὰ</span> <span class='ocrx_word' id='word_1_471' title='bbox 1218 5667 1501 5740; x_wconf 85' lang='grc' dir='ltr'>λεγόμενα.</span> <span class='ocrx_word' id='word_1_472' title='bbox 1532 5673 1703 5724; x_wconf 83' lang='grc' dir='ltr'>Κάκεῖ</span> <span class='ocrx_word' id='word_1_473' title='bbox 1732 5674 1831 5742; x_wconf 85' lang='grc' dir='ltr'>μὲν</span> <span class='ocrx_word' id='word_1_474' title='bbox 1853 5676 1989 5744; x_wconf 83' lang='grc' dir='ltr'>μετά</span> 
     </span>
    </p>
   </div>
   <div class='ocr_carea' id='block_1_62' title="bbox 329 5752 1982 5835">
    <p class='ocr_par' dir='ltr' id='par_1_62' title="bbox 329 5752 1982 5835">
     <span class='ocr_line' id='line_1_62' title="bbox 329 5752 1982 5835; baseline 0.005 -28"><span class='ocrx_word' id='word_1_475' title='bbox 329 5752 526 5825; x_wconf 72' lang='grc' dir='ltr'>πολλὴν</span> <span class='ocrx_word' id='word_1_476' title='bbox 564 5756 653 5808; x_wconf 74' lang='grc' dir='ltr'>καὶ</span> <span class='ocrx_word' id='word_1_477' title='bbox 685 5754 885 5823; x_wconf 70' lang='grc' dir='ltr'>ἄφατον</span> <span class='ocrx_word' id='word_1_478' title='bbox 924 5756 1188 5825; x_wconf 78' lang='grc' dir='ltr'>φλυαρίαν</span> <span class='ocrx_word' id='word_1_479' title='bbox 1220 5756 1336 5810; x_wconf 82' lang='grc' dir='ltr'>τότε</span> <span class='ocrx_word' id='word_1_480' title='bbox 1384 5757 1489 5810; x_wconf 73' lang='grc' dir='ltr'>τῶν</span> <span class='ocrx_word' id='word_1_481' title='bbox 1520 5760 1801 5828; x_wconf 37' lang='grc' dir='ltr'>νῇμάτων</span> <span class='ocrx_word' id='word_1_482' title='bbox 1833 5760 1982 5835; x_wconf 78' lang='grc'>[575]</span> 
     </span>
    </p>
   </div>
   <div class='ocr_carea' id='block_1_63' title="bbox 1112 397 2953 459">
    <p class='ocr_par' dir='ltr' id='par_1_63' title="bbox 1112 397 2953 459">
     <span class='ocr_line' id='line_1_63' title="bbox 1112 397 2953 459; baseline -0.002 0"><span class='ocrx_word' id='word_1_483' title='bbox 1112 405 1168 459; x_wconf 86' lang='lat' dir='ltr'>S.</span> <span class='ocrx_word' id='word_1_484' title='bbox 1211 400 1491 457; x_wconf 61' lang='lat' dir='ltr'>JOANNIS</span> <span class='ocrx_word' id='word_1_485' title='bbox 1529 397 2002 457; x_wconf 66' lang='grc' dir='ltr'>(311Βῖ508τοΜί</span> <span class='ocrx_word' id='word_1_486' title='bbox 2048 398 2361 453; x_wconf 68' lang='grc' dir='ltr'>Αιιιῑιιιῐςρ.</span> <span class='ocrx_word' id='word_1_487' title='bbox 2404 400 2953 456; x_wconf 58' lang='grc' dir='ltr'>δοκςτλδξγικωιι.</span> 
     </span>
    </p>
   </div>
   <div class='ocr_carea' id='block_1_64' title="bbox 3634 412 3737 468">
    <p class='ocr_par' dir='ltr' id='par_1_64' title="bbox 3634 412 3737 468">
     <span class='ocr_line' id='line_1_64' title="bbox 3634 412 3737 468; baseline 0.019 -4"><span class='ocrx_word' id='word_1_488' title='bbox 3634 412 3737 468; x_wconf 66' lang='grc' dir='ltr'>εἶὶὲ</span> 
     </span>
    </p>
   </div>
   <div class='ocr_carea' id='block_1_65' title="bbox 2078 521 3727 595">
    <p class='ocr_par' dir='ltr' id='par_1_65' title="bbox 2078 521 3727 595">
     <span class='ocr_line' id='line_1_65' title="bbox 2078 521 3727 595; baseline 0.002 -18"><span class='ocrx_word' id='word_1_489' title='bbox 2078 525 2193 577; x_wconf 77' lang='grc' dir='ltr'>ἐστί</span> <span class='ocrx_word' id='word_1_490' title='bbox 2220 521 2642 593; x_wconf 78' lang='grc' dir='ltr'>περιδράξασθαι</span> <span class='ocrx_word' id='word_1_491' title='bbox 2665 538 2677 552; x_wconf 82' lang='lat'>&#39;</span> <span class='ocrx_word' id='word_1_492' title='bbox 2729 522 2959 575; x_wconf 74' lang='grc' dir='ltr'>ἐνταῦθα</span> <span class='ocrx_word' id='word_1_493' title='bbox 3006 522 3082 587; x_wconf 84' lang='grc' dir='ltr'>δέ,</span> <span class='ocrx_word' id='word_1_494' title='bbox 3106 523 3180 586; x_wconf 83' lang='grc' dir='ltr'>ὡς</span> <span class='ocrx_word' id='word_1_495' title='bbox 3215 525 3350 586; x_wconf 72' lang='grc' dir='ltr'>ἴστε,</span> <span class='ocrx_word' id='word_1_496' title='bbox 3390 527 3479 576; x_wconf 66' lang='grc' dir='ltr'>καὶ</span> <span class='ocrx_word' id='word_1_497' title='bbox 3514 525 3727 595; x_wconf 55' lang='grc' dir='ltr'>βραχεῖα</span> 
     </span>
    </p>
   </div>
   <div class='ocr_carea' id='block_1_66' title="bbox 2073 610 3745 680">
    <p class='ocr_par' dir='ltr' id='par_1_66' title="bbox 2073 610 3745 680">
     <span class='ocr_line' id='line_1_66' title="bbox 2073 610 3745 680; baseline 0.001 -15"><span class='ocrx_word' id='word_1_498' title='bbox 2073 612 2217 676; x_wconf 80' lang='grc' dir='ltr'>λέξις</span> <span class='ocrx_word' id='word_1_499' title='bbox 2248 610 2504 672; x_wconf 86' lang='grc' dir='ltr'>πολλάκις</span> <span class='ocrx_word' id='word_1_500' title='bbox 2526 610 2760 680; x_wconf 84' lang='grc' dir='ltr'>ήρκεσεν</span> <span class='ocrx_word' id='word_1_501' title='bbox 2781 611 2910 678; x_wconf 83' lang='grc' dir='ltr'>ἡμῖν</span> <span class='ocrx_word' id='word_1_502' title='bbox 2939 610 3116 663; x_wconf 79' lang='grc' dir='ltr'>πᾶσαν</span> <span class='ocrx_word' id='word_1_503' title='bbox 3143 610 3342 679; x_wconf 72' lang='grc' dir='ltr'>ὑφεῖναι</span> <span class='ocrx_word' id='word_1_504' title='bbox 3370 611 3469 680; x_wconf 77' lang='grc' dir='ltr'>τήν</span> <span class='ocrx_word' id='word_1_505' title='bbox 3490 610 3745 667; x_wconf 77' lang='grc' dir='ltr'>διδασκα-</span> 
     </span>
    </p>
   </div>
   <div class='ocr_carea' id='block_1_67' title="bbox 2072 696 3725 767">
    <p class='ocr_par' dir='ltr' id='par_1_67' title="bbox 2072 696 3725 767">
     <span class='ocr_line' id='line_1_67' title="bbox 2072 696 3725 767; baseline 0 -16"><span class='ocrx_word' id='word_1_506' title='bbox 2072 699 2212 753; x_wconf 86' lang='grc' dir='ltr'>λίαν.</span> <span class='ocrx_word' id='word_1_507' title='bbox 2239 698 2337 751; x_wconf 88' lang='grc' dir='ltr'>Διά</span> <span class='ocrx_word' id='word_1_508' title='bbox 2362 714 2442 753; x_wconf 88' lang='grc' dir='ltr'>τοι</span> <span class='ocrx_word' id='word_1_509' title='bbox 2472 696 2629 750; x_wconf 87' lang='grc' dir='ltr'>τοῦτο</span> <span class='ocrx_word' id='word_1_510' title='bbox 2660 696 2755 749; x_wconf 72' lang='grc' dir='ltr'>καὶ</span> <span class='ocrx_word' id='word_1_511' title='bbox 2779 696 2907 766; x_wconf 82' lang='grc' dir='ltr'>χθὲς</span> <span class='ocrx_word' id='word_1_512' title='bbox 2938 696 3227 767; x_wconf 78' lang='grc' dir='ltr'>προθέντες</span> <span class='ocrx_word' id='word_1_513' title='bbox 3251 698 3379 765; x_wconf 89' lang='grc' dir='ltr'>ὑμῖν</span> <span class='ocrx_word' id='word_1_514' title='bbox 3401 697 3467 751; x_wconf 86' lang='grc' dir='ltr'>τά</span> <span class='ocrx_word' id='word_1_515' title='bbox 3502 698 3725 764; x_wconf 76' lang='grc' dir='ltr'>ἀνεγνω-</span> 
     </span>
    </p>
   </div>
   <div class='ocr_carea' id='block_1_68' title="bbox 2074 782 3731 855">
    <p class='ocr_par' dir='ltr' id='par_1_68' title="bbox 2074 782 3731 855">
     <span class='ocr_line' id='line_1_68' title="bbox 2074 782 3731 855; baseline 0.001 -20"><span class='ocrx_word' id='word_1_516' title='bbox 2074 784 2264 853; x_wconf 88' lang='grc' dir='ltr'>σμένα,</span> <span class='ocrx_word' id='word_1_517' title='bbox 2293 785 2385 837; x_wconf 79' lang='grc' dir='ltr'>καί</span> <span class='ocrx_word' id='word_1_518' title='bbox 2406 782 2515 836; x_wconf 86' lang='grc' dir='ltr'>τῶν</span> <span class='ocrx_word' id='word_1_519' title='bbox 2550 782 2852 853; x_wconf 84' lang='grc' dir='ltr'>προοιμίων</span> <span class='ocrx_word' id='word_1_520' title='bbox 2873 782 3160 853; x_wconf 80' lang='grc' dir='ltr'>ἁψάμενοι.</span> <span class='ocrx_word' id='word_1_521' title='bbox 3186 784 3372 854; x_wconf 82' lang='grc' dir='ltr'>ἐπειδὴ</span> <span class='ocrx_word' id='word_1_522' title='bbox 3401 787 3565 837; x_wconf 80' lang='grc' dir='ltr'>πολὺν</span> <span class='ocrx_word' id='word_1_523' title='bbox 3592 783 3731 855; x_wconf 69' lang='grc' dir='ltr'>εὔρου</span> 
     </span>
    </p>
   </div>
   <div class='ocr_carea' id='block_1_69' title="bbox 2076 868 3733 941">
    <p class='ocr_par' dir='ltr' id='par_1_69' title="bbox 2076 868 3733 941">
     <span class='ocr_line' id='line_1_69' title="bbox 2076 868 3733 941; baseline 0.001 -17"><span class='ocrx_word' id='word_1_524' title='bbox 2076 888 2174 941; x_wconf 88' lang='grc' dir='ltr'>μεν</span> <span class='ocrx_word' id='word_1_525' title='bbox 2194 870 2304 924; x_wconf 90' lang='grc' dir='ltr'>τῶν</span> <span class='ocrx_word' id='word_1_526' title='bbox 2340 870 2625 939; x_wconf 86' lang='grc' dir='ltr'>νοημάτων</span> <span class='ocrx_word' id='word_1_527' title='bbox 2659 868 3031 933; x_wconf 67' lang='grc' dir='ltr'>τδνιπλοῦτον,</span> <span class='ocrx_word' id='word_1_528' title='bbox 3066 871 3167 923; x_wconf 78' lang='grc' dir='ltr'>οὐκ</span> <span class='ocrx_word' id='word_1_529' title='bbox 3209 870 3511 939; x_wconf 58' lang='grc' dir='ltr'>ἰσχύσαμεν</span> <span class='ocrx_word' id='word_1_530' title='bbox 3542 888 3733 941; x_wconf 83' lang='grc' dir='ltr'>περαι-</span> 
     </span>
    </p>
   </div>
   <div class='ocr_carea' id='block_1_70' title="bbox 2071 952 3738 1026">
    <p class='ocr_par' dir='ltr' id='par_1_70' title="bbox 2071 952 3738 1026">
     <span class='ocr_line' id='line_1_70' title="bbox 2071 952 3738 1026; baseline 0.002 -19"><span class='ocrx_word' id='word_1_531' title='bbox 2071 954 2214 1024; x_wconf 87' lang='grc' dir='ltr'>τέρω</span> <span class='ocrx_word' id='word_1_532' title='bbox 2260 952 2577 1025; x_wconf 83' lang='grc' dir='ltr'>προελθεῖν’</span> <span class='ocrx_word' id='word_1_533' title='bbox 2621 952 2762 1006; x_wconf 86' lang='grc' dir='ltr'>ῶστε</span> <span class='ocrx_word' id='word_1_534' title='bbox 2804 953 2879 1024; x_wconf 80' lang='grc' dir='ltr'>μή</span> <span class='ocrx_word' id='word_1_535' title='bbox 2933 953 3010 1023; x_wconf 82' lang='grc' dir='ltr'>τῷ</span> <span class='ocrx_word' id='word_1_536' title='bbox 3050 952 3245 1022; x_wconf 88' lang='grc' dir='ltr'>πλήθει</span> <span class='ocrx_word' id='word_1_537' title='bbox 3291 954 3609 1022; x_wconf 78' lang='grc' dir='ltr'>καταχῶσαι</span> <span class='ocrx_word' id='word_1_538' title='bbox 3641 955 3738 1026; x_wconf 79' lang='grc' dir='ltr'>τήν</span> 
     </span>
    </p>
   </div>
   <div class='ocr_carea' id='block_1_71' title="bbox 2075 1040 3737 1113">
    <p class='ocr_par' dir='ltr' id='par_1_71' title="bbox 2075 1040 3737 1113">
     <span class='ocr_line' id='line_1_71' title="bbox 2075 1040 3737 1113; baseline -0.001 -18"><span class='ocrx_word' id='word_1_539' title='bbox 2075 1043 2293 1113; x_wconf 86' lang='grc' dir='ltr'>μνήμην</span> <span class='ocrx_word' id='word_1_540' title='bbox 2322 1042 2494 1111; x_wconf 85' lang='grc' dir='ltr'>ὑμῶν,</span> <span class='ocrx_word' id='word_1_541' title='bbox 2524 1041 2616 1094; x_wconf 79' lang='grc' dir='ltr'>καὶ</span> <span class='ocrx_word' id='word_1_542' title='bbox 2640 1040 2983 1111; x_wconf 87' lang='grc' dir='ltr'>λυμήνασθαι</span> <span class='ocrx_word' id='word_1_543' title='bbox 3012 1043 3123 1102; x_wconf 83' lang='grc' dir='ltr'>τοῖς</span> <span class='ocrx_word' id='word_1_544' title='bbox 3148 1041 3248 1111; x_wconf 77' lang='grc' dir='ltr'>ήδη</span> <span class='ocrx_word' id='word_1_545' title='bbox 3269 1040 3500 1109; x_wconf 79' lang='grc' dir='ltr'>ῥηθεῖσι.</span> <span class='ocrx_word' id='word_1_546' title='bbox 3534 1042 3627 1094; x_wconf 71' lang='grc' dir='ltr'>Διό</span> <span class='ocrx_word' id='word_1_547' title='bbox 3640 1045 3737 1112; x_wconf 80' lang='grc' dir='ltr'>τῆς</span> 
     </span>
    </p>
   </div>
   <div class='ocr_carea' id='block_1_72' title="bbox 2070 1124 3738 1196">
    <p class='ocr_par' dir='ltr' id='par_1_72' title="bbox 2070 1124 3738 1196">
     <span class='ocr_line' id='line_1_72' title="bbox 2070 1124 3738 1196; baseline 0 -15"><span class='ocrx_word' id='word_1_548' title='bbox 2070 1128 2242 1196; x_wconf 90' lang='grc' dir='ltr'>αὑτῆς</span> <span class='ocrx_word' id='word_1_549' title='bbox 2273 1126 2591 1189; x_wconf 83' lang='grc' dir='ltr'>ἀκολουθίας</span> <span class='ocrx_word' id='word_1_550' title='bbox 2620 1125 2857 1196; x_wconf 74' lang='grc' dir='ltr'>ἅψασθαι</span> <span class='ocrx_word' id='word_1_551' title='bbox 2885 1124 3164 1195; x_wconf 84' lang='grc' dir='ltr'>βούλομαι,</span> <span class='ocrx_word' id='word_1_552' title='bbox 3215 1126 3311 1177; x_wconf 77' lang='grc' dir='ltr'>καὶ</span> <span class='ocrx_word' id='word_1_553' title='bbox 3363 1126 3596 1193; x_wconf 57' lang='grc' dir='ltr'>συνάψαι</span> <span class='ocrx_word' id='word_1_554' title='bbox 3630 1130 3738 1192; x_wconf 81' lang='grc' dir='ltr'>τοῖς</span> 
     </span>
    </p>
   </div>
   <div class='ocr_carea' id='block_1_73' title="bbox 2070 1212 3741 1286">
    <p class='ocr_par' dir='ltr' id='par_1_73' title="bbox 2070 1212 3741 1286">
     <span class='ocr_line' id='line_1_73' title="bbox 2070 1212 3741 1286; baseline 0.001 -19"><span class='ocrx_word' id='word_1_555' title='bbox 2070 1214 2198 1284; x_wconf 85' lang='grc' dir='ltr'>χθές</span> <span class='ocrx_word' id='word_1_556' title='bbox 2224 1213 2535 1286; x_wconf 87' lang='grc' dir='ltr'>εἰρημένοις</span> <span class='ocrx_word' id='word_1_557' title='bbox 2561 1214 2656 1267; x_wconf 80' lang='grc' dir='ltr'>καὶ</span> <span class='ocrx_word' id='word_1_558' title='bbox 2683 1214 2753 1267; x_wconf 86' lang='grc' dir='ltr'>τά</span> <span class='ocrx_word' id='word_1_559' title='bbox 2789 1213 3051 1283; x_wconf 86' lang='grc' dir='ltr'>μέλλοντα</span> <span class='ocrx_word' id='word_1_560' title='bbox 3086 1212 3417 1283; x_wconf 82' lang='grc' dir='ltr'>ῥηθήσεσθαι</span> <span class='ocrx_word' id='word_1_561' title='bbox 3441 1254 3456 1270; x_wconf 89' lang='grc'>.</span> <span class='ocrx_word' id='word_1_562' title='bbox 3502 1215 3569 1265; x_wconf 77' lang='grc' dir='ltr'>ἶν’</span> <span class='ocrx_word' id='word_1_563' title='bbox 3597 1214 3741 1269; x_wconf 82' lang='grc' dir='ltr'>οῦτω</span> 
     </span>
    </p>
   </div>
   <div class='ocr_carea' id='block_1_74' title="bbox 2072 1298 3741 1370">
    <p class='ocr_par' dir='ltr' id='par_1_74' title="bbox 2072 1298 3741 1370">
     <span class='ocr_line' id='line_1_74' title="bbox 2072 1298 3741 1370; baseline -0.001 -16"><span class='ocrx_word' id='word_1_564' title='bbox 2072 1303 2252 1354; x_wconf 83' lang='grc' dir='ltr'>πᾶσαν</span> <span class='ocrx_word' id='word_1_565' title='bbox 2296 1300 2391 1353; x_wconf 90' lang='grc' dir='ltr'>τοῦ</span> <span class='ocrx_word' id='word_1_566' title='bbox 2442 1298 2869 1369; x_wconf 86' lang='grc' dir='ltr'>ἀναγνώσματος</span> <span class='ocrx_word' id='word_1_567' title='bbox 2928 1301 3281 1370; x_wconf 87' lang='grc' dir='ltr'>ποιησάμενοι</span> <span class='ocrx_word' id='word_1_568' title='bbox 3317 1299 3416 1370; x_wconf 85' lang='grc' dir='ltr'>τὴν</span> <span class='ocrx_word' id='word_1_569' title='bbox 3456 1299 3741 1369; x_wconf 78' lang='grc' dir='ltr'>ἐξήγησιν,</span> 
     </span>
    </p>
   </div>
   <div class='ocr_carea' id='block_1_75' title="bbox 2070 1380 3741 1452">
    <p class='ocr_par' dir='ltr' id='par_1_75' title="bbox 2070 1380 3741 1452">
     <span class='ocr_line' id='line_1_75' title="bbox 2070 1380 3741 1452; baseline 0.001 -17"><span class='ocrx_word' id='word_1_570' title='bbox 2070 1381 2243 1445; x_wconf 81' lang='grc' dir='ltr'>οὕτως</span> <span class='ocrx_word' id='word_1_571' title='bbox 2272 1382 2417 1451; x_wconf 78' lang='grc' dir='ltr'>ὑμᾶς</span> <span class='ocrx_word' id='word_1_572' title='bbox 2446 1380 2694 1434; x_wconf 85' lang='grc' dir='ltr'>ἐντεῦθεν</span> <span class='ocrx_word' id='word_1_573' title='bbox 2722 1382 3156 1451; x_wconf 76' lang='grc' dir='ltr'>ἀποπέμψωμεν.</span> <span class='ocrx_word' id='word_1_574' title='bbox 3228 1381 3387 1435; x_wconf 81' lang='grc' dir='ltr'>Ἀλλά</span> <span class='ocrx_word' id='word_1_575' title='bbox 3419 1383 3741 1452; x_wconf 83' lang='grc' dir='ltr'>προσέχετε,</span> 
     </span>
    </p>
   </div>
   <div class='ocr_carea' id='block_1_76' title="bbox 2073 1466 3743 1538">
    <p class='ocr_par' dir='ltr' id='par_1_76' title="bbox 2073 1466 3743 1538">
     <span class='ocr_line' id='line_1_76' title="bbox 2073 1466 3743 1538; baseline -0.001 -17"><span class='ocrx_word' id='word_1_576' title='bbox 2073 1466 2394 1538; x_wconf 83' lang='grc' dir='ltr'>παρακαλῶ,</span> <span class='ocrx_word' id='word_1_577' title='bbox 2423 1466 2663 1537; x_wconf 88' lang='grc' dir='ltr'>ἀκριϐῶς</span> <span class='ocrx_word' id='word_1_578' title='bbox 2688 1470 2801 1530; x_wconf 85' lang='grc' dir='ltr'>τοῖς</span> <span class='ocrx_word' id='word_1_579' title='bbox 2829 1467 3159 1537; x_wconf 79' lang='grc' dir='ltr'>λεγομένοις.</span> <span class='ocrx_word' id='word_1_580' title='bbox 3196 1469 3257 1520; x_wconf 70' lang='lat' dir='ltr'>Et</span> <span class='ocrx_word' id='word_1_581' title='bbox 3283 1468 3390 1538; x_wconf 92' lang='lat'>7&amp;9</span> <span class='ocrx_word' id='word_1_582' title='bbox 3412 1469 3502 1520; x_wconf 78' lang='grc' dir='ltr'>καὶ</span> <span class='ocrx_word' id='word_1_583' title='bbox 3524 1471 3551 1521; x_wconf 85' lang='grc' dir='ltr'>ό</span> <span class='ocrx_word' id='word_1_584' title='bbox 3582 1469 3743 1533; x_wconf 87' lang='grc' dir='ltr'>πόνος</span> 
     </span>
    </p>
   </div>
   <div class='ocr_carea' id='block_1_77' title="bbox 2072 1548 3740 1621">
    <p class='ocr_par' dir='ltr' id='par_1_77' title="bbox 2072 1548 3740 1621">
     <span class='ocr_line' id='line_1_77' title="bbox 2072 1548 3740 1621; baseline 0.001 -19"><span class='ocrx_word' id='word_1_585' title='bbox 2072 1549 2358 1620; x_wconf 76' lang='grc' dir='ltr'>ἡμέτερος,</span> <span class='ocrx_word' id='word_1_586' title='bbox 2400 1548 2621 1603; x_wconf 83' lang='grc' dir='ltr'>ἀλλάτδ</span> <span class='ocrx_word' id='word_1_587' title='bbox 2664 1550 2852 1621; x_wconf 81' lang='grc' dir='ltr'>κέρδος</span> <span class='ocrx_word' id='word_1_588' title='bbox 2885 1550 3172 1620; x_wconf 84' lang='grc' dir='ltr'>ὑμέτερον,</span> <span class='ocrx_word' id='word_1_589' title='bbox 3216 1549 3416 1620; x_wconf 81' lang='grc' dir='ltr'>μᾶλλον</span> <span class='ocrx_word' id='word_1_590' title='bbox 3442 1550 3497 1601; x_wconf 82' lang='grc' dir='ltr'>δὲ</span> <span class='ocrx_word' id='word_1_591' title='bbox 3539 1550 3740 1604; x_wconf 87' lang='grc' dir='ltr'>κοινόν.</span> 
     </span>
    </p>
   </div>
   <div class='ocr_carea' id='block_1_78' title="bbox 2073 1635 3745 1707">
    <p class='ocr_par' dir='ltr' id='par_1_78' title="bbox 2073 1635 3745 1707">
     <span class='ocr_line' id='line_1_78' title="bbox 2073 1635 3745 1707; baseline 0.001 -19"><span class='ocrx_word' id='word_1_592' title='bbox 2073 1635 2138 1688; x_wconf 90' lang='grc' dir='ltr'>Τί</span> <span class='ocrx_word' id='word_1_593' title='bbox 2171 1635 2228 1688; x_wconf 81' lang='grc' dir='ltr'>δέ</span> <span class='ocrx_word' id='word_1_594' title='bbox 2252 1636 2393 1704; x_wconf 86' lang='grc' dir='ltr'>λέγω</span> <span class='ocrx_word' id='word_1_595' title='bbox 2420 1636 2449 1688; x_wconf 80' lang='grc' dir='ltr'><strong>ὁ</strong></span> <span class='ocrx_word' id='word_1_596' title='bbox 2473 1637 2633 1700; x_wconf 86' lang='grc' dir='ltr'>πόνος</span> <span class='ocrx_word' id='word_1_597' title='bbox 2657 1636 2923 1707; x_wconf 79' lang='grc' dir='ltr'>ἡμέτερος</span> <span class='ocrx_word' id='word_1_598' title='bbox 2945 1653 2960 1699; x_wconf 85' lang='lat'>;</span> <span class='ocrx_word' id='word_1_599' title='bbox 2990 1636 3125 1707; x_wconf 78' lang='grc' dir='ltr'>Οὐχί</span> <span class='ocrx_word' id='word_1_600' title='bbox 3146 1653 3159 1666; x_wconf 88' lang='grc'><strong>·</strong></span> <span class='ocrx_word' id='word_1_601' title='bbox 3191 1636 3326 1689; x_wconf 82' lang='grc' dir='ltr'>ἀλλά</span> <span class='ocrx_word' id='word_1_602' title='bbox 3353 1637 3451 1705; x_wconf 81' lang='grc' dir='ltr'>τῆς</span> <span class='ocrx_word' id='word_1_603' title='bbox 3486 1636 3580 1688; x_wconf 89' lang='grc' dir='ltr'>τοῦ</span> <span class='ocrx_word' id='word_1_604' title='bbox 3606 1636 3745 1689; x_wconf 84' lang='grc' dir='ltr'>Θεοῦ</span> 
     </span>
    </p>
   </div>
   <div class='ocr_carea' id='block_1_79' title="bbox 2071 1716 3743 1790">
    <p class='ocr_par' dir='ltr' id='par_1_79' title="bbox 2071 1716 3743 1790">
     <span class='ocr_line' id='line_1_79' title="bbox 2071 1716 3743 1790; baseline -0.001 -19"><span class='ocrx_word' id='word_1_605' title='bbox 2071 1718 2290 1788; x_wconf 87' lang='grc' dir='ltr'>χάριτός</span> <span class='ocrx_word' id='word_1_606' title='bbox 2309 1718 2458 1769; x_wconf 84' lang='grc' dir='ltr'>ἐστιν</span> <span class='ocrx_word' id='word_1_607' title='bbox 2490 1718 2523 1788; x_wconf 85' lang='grc' dir='ltr'>ή</span> <span class='ocrx_word' id='word_1_608' title='bbox 2551 1717 2747 1790; x_wconf 87' lang='grc' dir='ltr'>δωρεά.</span> <span class='ocrx_word' id='word_1_609' title='bbox 2777 1718 2931 1771; x_wconf 86' lang='grc' dir='ltr'>Μετά</span> <span class='ocrx_word' id='word_1_610' title='bbox 2959 1718 3230 1787; x_wconf 80' lang='grc' dir='ltr'>προσοχῆς</span> <span class='ocrx_word' id='word_1_611' title='bbox 3258 1718 3435 1770; x_wconf 84' lang='grc' dir='ltr'>τοίνυν</span> <span class='ocrx_word' id='word_1_612' title='bbox 3462 1716 3743 1785; x_wconf 81' lang='grc' dir='ltr'>ὑποδεχώ-</span> 
     </span>
    </p>
   </div>
   <div class='ocr_carea' id='block_1_80' title="bbox 2075 1805 3752 1878">
    <p class='ocr_par' dir='ltr' id='par_1_80' title="bbox 2075 1805 3752 1878">
     <span class='ocr_line' id='line_1_80' title="bbox 2075 1805 3752 1878; baseline 0.001 -20"><span class='ocrx_word' id='word_1_613' title='bbox 2075 1805 2213 1875; x_wconf 87' lang='grc' dir='ltr'>μεθα</span> <span class='ocrx_word' id='word_1_614' title='bbox 2243 1806 2337 1858; x_wconf 76' lang='grc' dir='ltr'>καὶ</span> <span class='ocrx_word' id='word_1_615' title='bbox 2366 1806 2527 1876; x_wconf 79' lang='grc' dir='ltr'>ἡμεῖς</span> <span class='ocrx_word' id='word_1_616' title='bbox 2556 1806 2625 1859; x_wconf 89' lang='grc' dir='ltr'>τά</span> <span class='ocrx_word' id='word_1_617' title='bbox 2665 1806 2816 1876; x_wconf 81' lang='grc' dir='ltr'>παρὰ</span> <span class='ocrx_word' id='word_1_618' title='bbox 2845 1805 2939 1859; x_wconf 92' lang='grc' dir='ltr'>τοῦ</span> <span class='ocrx_word' id='word_1_619' title='bbox 2975 1806 3109 1859; x_wconf 77' lang='grc' dir='ltr'>θεοῦ</span> <span class='ocrx_word' id='word_1_620' title='bbox 3129 1806 3467 1877; x_wconf 87' lang='grc' dir='ltr'>δωρούμενα,</span> <span class='ocrx_word' id='word_1_621' title='bbox 3498 1808 3585 1860; x_wconf 80' lang='grc' dir='ltr'>ἴνα</span> <span class='ocrx_word' id='word_1_622' title='bbox 3610 1824 3752 1878; x_wconf 65' lang='grc' dir='ltr'>κερ-ι</span> 
     </span>
    </p>
   </div>
   <div class='ocr_carea' id='block_1_81' title="bbox 2071 1890 3747 1962">
    <p class='ocr_par' dir='ltr' id='par_1_81' title="bbox 2071 1890 3747 1962">
     <span class='ocr_line' id='line_1_81' title="bbox 2071 1890 3747 1962; baseline 0.001 -17"><span class='ocrx_word' id='word_1_623' title='bbox 2071 1891 2324 1955; x_wconf 80' lang='grc' dir='ltr'>δάναντές</span> <span class='ocrx_word' id='word_1_624' title='bbox 2346 1909 2398 1945; x_wconf 87' lang='grc' dir='ltr'>τι</span> <span class='ocrx_word' id='word_1_625' title='bbox 2421 1893 2501 1956; x_wconf 86' lang='grc' dir='ltr'>είς</span> <span class='ocrx_word' id='word_1_626' title='bbox 2520 1893 2618 1962; x_wconf 80' lang='grc' dir='ltr'>τὴν</span> <span class='ocrx_word' id='word_1_627' title='bbox 2639 1892 2779 1945; x_wconf 77' lang='grc' dir='ltr'>κατὰ</span> <span class='ocrx_word' id='word_1_628' title='bbox 2798 1891 2977 1962; x_wconf 78' lang='grc' dir='ltr'>ψυχὴν</span> <span class='ocrx_word' id='word_1_629' title='bbox 2994 1890 3284 1962; x_wconf 86' lang='grc' dir='ltr'>σωτηρίαν,</span> <span class='ocrx_word' id='word_1_630' title='bbox 3304 1892 3475 1955; x_wconf 75' lang='grc' dir='ltr'>οὕτως</span> <span class='ocrx_word' id='word_1_631' title='bbox 3493 1893 3747 1947; x_wconf 83' lang='grc' dir='ltr'>ἐντεῦθεν</span> 
     </span>
    </p>
   </div>
   <div class='ocr_carea' id='block_1_82' title="bbox 2074 1978 3747 2051">
    <p class='ocr_par' dir='ltr' id='par_1_82' title="bbox 2074 1978 3747 2051">
     <span class='ocr_line' id='line_1_82' title="bbox 2074 1978 3747 2051; baseline 0.001 -19"><span class='ocrx_word' id='word_1_632' title='bbox 2074 1979 2345 2048; x_wconf 87' lang='grc' dir='ltr'>ἀπίωμεν.</span> <span class='ocrx_word' id='word_1_633' title='bbox 2368 1979 2468 2031; x_wconf 87' lang='grc' dir='ltr'>Διά</span> <span class='ocrx_word' id='word_1_634' title='bbox 2502 1978 2609 2051; x_wconf 89' lang='lat'>7&amp;9</span> <span class='ocrx_word' id='word_1_635' title='bbox 2638 1978 2795 2032; x_wconf 80' lang='grc' dir='ltr'>τοῦτο</span> <span class='ocrx_word' id='word_1_636' title='bbox 2823 1978 2944 2031; x_wconf 82' lang='grc' dir='ltr'>καθ’</span> <span class='ocrx_word' id='word_1_637' title='bbox 2969 1978 3206 2050; x_wconf 80' lang='grc' dir='ltr'>ἑκάστην</span> <span class='ocrx_word' id='word_1_638' title='bbox 3230 1979 3330 2051; x_wconf 85' lang='grc' dir='ltr'>τήν</span> <span class='ocrx_word' id='word_1_639' title='bbox 3365 1981 3747 2051; x_wconf 76' lang='grc' dir='ltr'>πνευματικὴν</span> 
     </span>
    </p>
   </div>
   <div class='ocr_carea' id='block_1_83' title="bbox 2073 2065 3748 2139">
    <p class='ocr_par' dir='ltr' id='par_1_83' title="bbox 2073 2065 3748 2139">
     <span class='ocr_line' id='line_1_83' title="bbox 2073 2065 3748 2139; baseline 0.002 -23"><span class='ocrx_word' id='word_1_640' title='bbox 2073 2066 2277 2135; x_wconf 87' lang='grc' dir='ltr'>ταύτην</span> <span class='ocrx_word' id='word_1_641' title='bbox 2298 2065 2668 2135; x_wconf 88' lang='grc' dir='ltr'>παρατίθεμεν</span> <span class='ocrx_word' id='word_1_642' title='bbox 2693 2065 2818 2135; x_wconf 80' lang='grc' dir='ltr'>ὑμῖν</span> <span class='ocrx_word' id='word_1_643' title='bbox 2840 2065 3140 2135; x_wconf 77' lang='grc' dir='ltr'>τράπεζαν,</span> <span class='ocrx_word' id='word_1_644' title='bbox 3163 2067 3251 2120; x_wconf 82' lang='grc' dir='ltr'>ἵνα</span> <span class='ocrx_word' id='word_1_645' title='bbox 3282 2069 3348 2137; x_wconf 75' lang='grc' dir='ltr'>τῇ</span> <span class='ocrx_word' id='word_1_646' title='bbox 3373 2067 3625 2139; x_wconf 73' lang='grc' dir='ltr'>συνεχείᾳ</span> <span class='ocrx_word' id='word_1_647' title='bbox 3644 2068 3748 2138; x_wconf 81' lang='grc' dir='ltr'>τῆς</span> 
     </span>
    </p>
   </div>
   <div class='ocr_carea' id='block_1_84' title="bbox 2074 2151 3749 2227">
    <p class='ocr_par' dir='ltr' id='par_1_84' title="bbox 2074 2151 3749 2227">
     <span class='ocr_line' id='line_1_84' title="bbox 2074 2151 3749 2227; baseline 0.002 -24"><span class='ocrx_word' id='word_1_648' title='bbox 2074 2152 2445 2221; x_wconf 80' lang='grc' dir='ltr'>παραινέσεως</span> <span class='ocrx_word' id='word_1_649' title='bbox 2497 2154 2591 2205; x_wconf 85' lang='grc' dir='ltr'>καί.</span> <span class='ocrx_word' id='word_1_650' title='bbox 2623 2154 2689 2221; x_wconf 78' lang='grc' dir='ltr'>τῇ</span> <span class='ocrx_word' id='word_1_651' title='bbox 2730 2152 2897 2223; x_wconf 75' lang='grc' dir='ltr'>πολλῇ</span> <span class='ocrx_word' id='word_1_652' title='bbox 2931 2152 3042 2204; x_wconf 89' lang='grc' dir='ltr'>τῶν</span> <span class='ocrx_word' id='word_1_653' title='bbox 3094 2151 3256 2205; x_wconf 85' lang='grc' dir='ltr'>θείων</span> <span class='ocrx_word' id='word_1_654' title='bbox 3282 2154 3513 2223; x_wconf 82' lang='grc' dir='ltr'>Γραφῶν</span> <span class='ocrx_word' id='word_1_655' title='bbox 3545 2155 3749 2227; x_wconf 79' lang='grc' dir='ltr'>μελέτῃ</span> 
     </span>
    </p>
   </div>
   <div class='ocr_carea' id='block_1_85' title="bbox 2074 2235 3745 2309">
    <p class='ocr_par' dir='ltr' id='par_1_85' title="bbox 2074 2235 3745 2309">
     <span class='ocr_line' id='line_1_85' title="bbox 2074 2235 3745 2309; baseline 0.004 -22"><span class='ocrx_word' id='word_1_656' title='bbox 2074 2236 2253 2288; x_wconf 76' lang='grc' dir='ltr'>πᾶσαν</span> <span class='ocrx_word' id='word_1_657' title='bbox 2267 2235 2702 2307; x_wconf 85' lang='grc' dir='ltr'>ἀποτειχίσωμεν</span> <span class='ocrx_word' id='word_1_658' title='bbox 2721 2236 2799 2306; x_wconf 88' lang='grc' dir='ltr'>τῷ</span> <span class='ocrx_word' id='word_1_659' title='bbox 2821 2236 3041 2309; x_wconf 90' lang='grc' dir='ltr'>πονηρῷ</span> <span class='ocrx_word' id='word_1_660' title='bbox 3060 2236 3277 2307; x_wconf 83' lang='grc' dir='ltr'>δαίμονι</span> <span class='ocrx_word' id='word_1_661' title='bbox 3300 2238 3399 2309; x_wconf 79' lang='grc' dir='ltr'>τήν</span> <span class='ocrx_word' id='word_1_662' title='bbox 3425 2238 3745 2309; x_wconf 83' lang='grc' dir='ltr'>ἐπιϐουλήν.</span> 
     </span>
    </p>
   </div>
   <div class='ocr_carea' id='block_1_86' title="bbox 2076 2320 3749 2395">
    <p class='ocr_par' dir='ltr' id='par_1_86' title="bbox 2076 2320 3749 2395">
     <span class='ocr_line' id='line_1_86' title="bbox 2076 2320 3749 2395; baseline 0.002 -22"><span class='ocrx_word' id='word_1_663' title='bbox 2076 2320 2245 2373; x_wconf 82' lang='grc' dir='ltr'>Ὅταν</span> <span class='ocrx_word' id='word_1_664' title='bbox 2276 2323 2385 2393; x_wconf 88' lang='lat'>7&amp;9</span> <span class='ocrx_word' id='word_1_665' title='bbox 2420 2322 2503 2394; x_wconf 76' lang='grc' dir='ltr'>ῐδῃ</span> <span class='ocrx_word' id='word_1_666' title='bbox 2536 2321 2733 2393; x_wconf 81' lang='grc' dir='ltr'>πολλὴν</span> <span class='ocrx_word' id='word_1_667' title='bbox 2784 2324 2932 2393; x_wconf 77' lang='grc' dir='ltr'>ἡμᾶς</span> <span class='ocrx_word' id='word_1_668' title='bbox 2982 2327 3109 2393; x_wconf 72' lang='grc' dir='ltr'>περὶ</span> <span class='ocrx_word' id='word_1_669' title='bbox 3157 2323 3225 2375; x_wconf 77' lang='grc' dir='ltr'>τά</span> <span class='ocrx_word' id='word_1_670' title='bbox 3265 2326 3612 2393; x_wconf 83' lang='grc' dir='ltr'>πνευματικά</span> <span class='ocrx_word' id='word_1_671' title='bbox 3646 2326 3749 2395; x_wconf 80' lang='grc' dir='ltr'>τὴν</span> 
     </span>
    </p>
   </div>
   <div class='ocr_carea' id='block_1_87' title="bbox 2074 2406 3751 2481">
    <p class='ocr_par' dir='ltr' id='par_1_87' title="bbox 2074 2406 3751 2481">
     <span class='ocr_line' id='line_1_87' title="bbox 2074 2406 3751 2481; baseline 0.004 -20"><span class='ocrx_word' id='word_1_672' title='bbox 2074 2406 2313 2480; x_wconf 72' lang='grc' dir='ltr'>σπουδὴν</span> <span class='ocrx_word' id='word_1_673' title='bbox 2333 2409 2671 2480; x_wconf 86' lang='grc' dir='ltr'>τιθεμένους,</span> <span class='ocrx_word' id='word_1_674' title='bbox 2705 2410 2765 2463; x_wconf 85' lang='grc' dir='ltr'>οὐ</span> <span class='ocrx_word' id='word_1_675' title='bbox 2798 2410 2959 2480; x_wconf 89' lang='grc' dir='ltr'>μόνον</span> <span class='ocrx_word' id='word_1_676' title='bbox 2986 2410 3084 2463; x_wconf 88' lang='grc' dir='ltr'>οὐκ</span> <span class='ocrx_word' id='word_1_677' title='bbox 3113 2410 3453 2481; x_wconf 78' lang='grc' dir='ltr'>ἐπιθήσεται,</span> <span class='ocrx_word' id='word_1_678' title='bbox 3486 2412 3602 2464; x_wconf 84' lang='grc' dir='ltr'>ἀλλ’</span> <span class='ocrx_word' id='word_1_679' title='bbox 3624 2412 3751 2467; x_wconf 59' lang='lat' dir='ltr'>om</span> 
     </span>
    </p>
   </div>
   <div class='ocr_carea' id='block_1_88' title="bbox 2074 2495 3749 2569">
    <p class='ocr_par' dir='ltr' id='par_1_88' title="bbox 2074 2495 3749 2569">
     <span class='ocr_line' id='line_1_88' title="bbox 2074 2495 3749 2569; baseline 0.003 -22"><span class='ocrx_word' id='word_1_680' title='bbox 2074 2495 2389 2565; x_wconf 72' lang='grc' dir='ltr'>ἀντιϐλέψαι</span> <span class='ocrx_word' id='word_1_681' title='bbox 2413 2496 2694 2566; x_wconf 87' lang='grc' dir='ltr'>τολμήσει,</span> <span class='ocrx_word' id='word_1_682' title='bbox 2720 2496 2875 2560; x_wconf 75' lang='grc' dir='ltr'>εἰδὼς</span> <span class='ocrx_word' id='word_1_683' title='bbox 2896 2499 2978 2551; x_wconf 82' lang='grc' dir='ltr'>ὅτι</span> <span class='ocrx_word' id='word_1_684' title='bbox 3006 2498 3241 2567; x_wconf 89' lang='grc' dir='ltr'>ἀνόνητα</span> <span class='ocrx_word' id='word_1_685' title='bbox 3262 2500 3624 2569; x_wconf 76' lang='grc' dir='ltr'>ἐπιχειρήσει,</span> <span class='ocrx_word' id='word_1_686' title='bbox 3650 2500 3749 2553; x_wconf 74' lang='grc' dir='ltr'>καὶ</span> 
     </span>
    </p>
   </div>
   <div class='ocr_carea' id='block_1_89' title="bbox 2072 2579 3747 2655">
    <p class='ocr_par' dir='ltr' id='par_1_89' title="bbox 2072 2579 3747 2655">
     <span class='ocr_line' id='line_1_89' title="bbox 2072 2579 3747 2655; baseline 0.004 -24"><span class='ocrx_word' id='word_1_687' title='bbox 2072 2579 2213 2632; x_wconf 88' lang='grc' dir='ltr'>κατά</span> <span class='ocrx_word' id='word_1_688' title='bbox 2237 2581 2335 2651; x_wconf 89' lang='grc' dir='ltr'>τῆς</span> <span class='ocrx_word' id='word_1_689' title='bbox 2364 2579 2558 2634; x_wconf 75' lang='grc' dir='ltr'>ἑαυτοῦ</span> <span class='ocrx_word' id='word_1_690' title='bbox 2588 2581 2828 2651; x_wconf 78' lang='grc' dir='ltr'>κεφαλῆς</span> <span class='ocrx_word' id='word_1_691' title='bbox 2864 2582 2962 2652; x_wconf 80' lang='grc' dir='ltr'>τὴν</span> <span class='ocrx_word' id='word_1_692' title='bbox 2998 2583 3200 2654; x_wconf 89' lang='grc' dir='ltr'>τόλμαν</span> <span class='ocrx_word' id='word_1_693' title='bbox 3226 2583 3573 2649; x_wconf 82' lang='grc' dir='ltr'>ἐπιδείξεται.</span> <span class='ocrx_word' id='word_1_694' title='bbox 3606 2586 3747 2655; x_wconf 69' lang='grc' dir='ltr'>Φέρε</span> 
     </span>
    </p>
   </div>
   <div class='ocr_carea' id='block_1_90' title="bbox 2071 2661 3747 2739">
    <p class='ocr_par' dir='ltr' id='par_1_90' title="bbox 2071 2661 3747 2739">
     <span class='ocr_line' id='line_1_90' title="bbox 2071 2661 3747 2739; baseline 0.004 -21"><span class='ocrx_word' id='word_1_695' title='bbox 2071 2661 2164 2720; x_wconf 78' lang='grc' dir='ltr'>οὖν</span> <span class='ocrx_word' id='word_1_696' title='bbox 2211 2666 2321 2719; x_wconf 89' lang='grc' dir='ltr'>τῶν</span> <span class='ocrx_word' id='word_1_697' title='bbox 2349 2666 2475 2737; x_wconf 75' lang='grc' dir='ltr'>χθὲς</span> <span class='ocrx_word' id='word_1_698' title='bbox 2520 2668 2824 2737; x_wconf 81' lang='grc' dir='ltr'>εἰρημένων</span> <span class='ocrx_word' id='word_1_699' title='bbox 2850 2669 2950 2739; x_wconf 78' lang='grc' dir='ltr'>τὴν</span> <span class='ocrx_word' id='word_1_700' title='bbox 2989 2670 3311 2723; x_wconf 84' lang='grc' dir='ltr'>ἀκολουθίαν</span> <span class='ocrx_word' id='word_1_701' title='bbox 3358 2671 3747 2733; x_wconf 82' lang='grc' dir='ltr'>ἀναλαϐόντες.</span> 
     </span>
    </p>
   </div>
   <div class='ocr_carea' id='block_1_91' title="bbox 2072 2752 3752 2828">
    <p class='ocr_par' dir='ltr' id='par_1_91' title="bbox 2072 2752 3752 2828">
     <span class='ocr_line' id='line_1_91' title="bbox 2072 2752 3752 2828; baseline 0.004 -24"><span class='ocrx_word' id='word_1_702' title='bbox 2072 2752 2181 2804; x_wconf 93' lang='grc' dir='ltr'>τῶν</span> <span class='ocrx_word' id='word_1_703' title='bbox 2203 2752 2537 2822; x_wconf 81' lang='grc' dir='ltr'>λειπομένων</span> <span class='ocrx_word' id='word_1_704' title='bbox 2556 2752 2653 2823; x_wconf 80' lang='grc' dir='ltr'>τὴν</span> <span class='ocrx_word' id='word_1_705' title='bbox 2677 2755 2935 2823; x_wconf 80' lang='grc' dir='ltr'>ἐξήγησιν</span> <span class='ocrx_word' id='word_1_706' title='bbox 2961 2754 3335 2825; x_wconf 82' lang='grc' dir='ltr'>ποιησώμεθα.</span> <span class='ocrx_word' id='word_1_707' title='bbox 3363 2757 3427 2809; x_wconf 89' lang='grc' dir='ltr'>Τί</span> <span class='ocrx_word' id='word_1_708' title='bbox 3447 2756 3504 2810; x_wconf 87' lang='grc' dir='ltr'>δέ</span> <span class='ocrx_word' id='word_1_709' title='bbox 3524 2754 3592 2828; x_wconf 84' lang='grc' dir='ltr'>ῆν</span> <span class='ocrx_word' id='word_1_710' title='bbox 3616 2760 3752 2827; x_wconf 82' lang='grc' dir='ltr'>ἡμῖν</span> 
     </span>
    </p>
   </div>
   <div class='ocr_carea' id='block_1_92' title="bbox 2073 2838 3753 2915">
    <p class='ocr_par' dir='ltr' id='par_1_92' title="bbox 2073 2838 3753 2915">
     <span class='ocr_line' id='line_1_92' title="bbox 2073 2838 3753 2915; baseline 0.003 -24"><span class='ocrx_word' id='word_1_711' title='bbox 2073 2839 2199 2909; x_wconf 81' lang='grc' dir='ltr'>χθὲς</span> <span class='ocrx_word' id='word_1_712' title='bbox 2230 2838 2291 2891; x_wconf 69' lang='grc' dir='ltr'>τό</span> <span class='ocrx_word' id='word_1_713' title='bbox 2312 2839 2604 2910; x_wconf 85' lang='grc' dir='ltr'>λεγόμενον</span> <span class='ocrx_word' id='word_1_714' title='bbox 2622 2857 2637 2907; x_wconf 88' lang='lat'>;</span> <span class='ocrx_word' id='word_1_715' title='bbox 2661 2840 2773 2911; x_wconf 79' lang='grc' dir='ltr'>Τὴν</span> <span class='ocrx_word' id='word_1_716' title='bbox 2794 2841 3125 2909; x_wconf 85' lang='grc' dir='ltr'>ἐπαγγελίαν</span> <span class='ocrx_word' id='word_1_717' title='bbox 3148 2842 3245 2912; x_wconf 76' lang='grc' dir='ltr'>τὴν</span> <span class='ocrx_word' id='word_1_718' title='bbox 3266 2843 3398 2912; x_wconf 79' lang='grc' dir='ltr'>πρὸς</span> <span class='ocrx_word' id='word_1_719' title='bbox 3413 2842 3505 2895; x_wconf 72' lang='grc' dir='ltr'>τὸν</span> <span class='ocrx_word' id='word_1_720' title='bbox 3524 2845 3753 2915; x_wconf 80' lang='grc' dir='ltr'>Ἀϐραμ</span> 
     </span>
    </p>
   </div>
   <div class='ocr_carea' id='block_1_93' title="bbox 2074 2926 3750 3000">
    <p class='ocr_par' dir='ltr' id='par_1_93' title="bbox 2074 2926 3750 3000">
     <span class='ocr_line' id='line_1_93' title="bbox 2074 2926 3750 3000; baseline 0.005 -22"><span class='ocrx_word' id='word_1_721' title='bbox 2074 2926 2539 2996; x_wconf 81' lang='grc' dir='ltr'>περιεγράφομεν,</span> <span class='ocrx_word' id='word_1_722' title='bbox 2594 2926 2722 2979; x_wconf 77' lang='grc' dir='ltr'>ἔνθα</span> <span class='ocrx_word' id='word_1_723' title='bbox 2755 2927 3118 2998; x_wconf 86' lang='grc' dir='ltr'>προσέταττεν</span> <span class='ocrx_word' id='word_1_724' title='bbox 3152 2929 3302 2998; x_wconf 82' lang='grc' dir='ltr'>αὐτῷ</span> <span class='ocrx_word' id='word_1_725' title='bbox 3334 2929 3633 3000; x_wconf 72' lang='grc' dir='ltr'>ἀναϐλέψαι</span> <span class='ocrx_word' id='word_1_726' title='bbox 3666 2933 3750 2986; x_wconf 75' lang='grc' dir='ltr'>είς</span> 
     </span>
    </p>
   </div>
   <div class='ocr_carea' id='block_1_94' title="bbox 2071 3010 3753 3085">
    <p class='ocr_par' dir='ltr' id='par_1_94' title="bbox 2071 3010 3753 3085">
     <span class='ocr_line' id='line_1_94' title="bbox 2071 3010 3753 3085; baseline 0.005 -22"><span class='ocrx_word' id='word_1_727' title='bbox 2071 3011 2165 3063; x_wconf 82' lang='grc' dir='ltr'>τὸν</span> <span class='ocrx_word' id='word_1_728' title='bbox 2195 3010 2441 3081; x_wconf 82' lang='grc' dir='ltr'>οὐρανὸν,</span> <span class='ocrx_word' id='word_1_729' title='bbox 2470 3013 2565 3063; x_wconf 77' lang='grc' dir='ltr'>καὶ</span> <span class='ocrx_word' id='word_1_730' title='bbox 2588 3011 2647 3063; x_wconf 84' lang='grc' dir='ltr'>τὸ</span> <span class='ocrx_word' id='word_1_731' title='bbox 2683 3011 2884 3081; x_wconf 88' lang='grc' dir='ltr'>πλῆθος</span> <span class='ocrx_word' id='word_1_732' title='bbox 2912 3012 3019 3065; x_wconf 88' lang='grc' dir='ltr'>τῶν</span> <span class='ocrx_word' id='word_1_733' title='bbox 3040 3014 3284 3085; x_wconf 82' lang='grc' dir='ltr'>ἀστέρων</span> <span class='ocrx_word' id='word_1_734' title='bbox 3314 3015 3459 3068; x_wconf 85' lang='grc' dir='ltr'>ἰδεῖν.</span> <span class='ocrx_word' id='word_1_735' title='bbox 3478 3017 3753 3084; x_wconf 80' lang='grc' dir='ltr'>Ἀριθμη-</span> 
     </span>
    </p>
   </div>
   <div class='ocr_carea' id='block_1_95' title="bbox 2074 3101 3752 3173">
    <p class='ocr_par' dir='ltr' id='par_1_95' title="bbox 2074 3101 3752 3173">
     <span class='ocr_line' id='line_1_95' title="bbox 2074 3101 3752 3173; baseline 0.003 -19"><span class='ocrx_word' id='word_1_736' title='bbox 2074 3116 2191 3155; x_wconf 74' lang='grc' dir='ltr'>σον</span> <span class='ocrx_word' id='word_1_737' title='bbox 2213 3101 2344 3172; x_wconf 87' lang='grc' dir='ltr'>γὰρ,</span> <span class='ocrx_word' id='word_1_738' title='bbox 2377 3102 2529 3171; x_wconf 74' lang='grc' dir='ltr'>φησί,</span> <span class='ocrx_word' id='word_1_739' title='bbox 2553 3101 2693 3168; x_wconf 82' lang='grc' dir='ltr'>τοὺς</span> <span class='ocrx_word' id='word_1_740' title='bbox 2718 3103 2995 3172; x_wconf 68' lang='grc' dir='ltr'>ἀστέρας,</span> <span class='ocrx_word' id='word_1_741' title='bbox 3020 3106 3068 3157; x_wconf 84' lang='grc' dir='ltr'>εί</span> <span class='ocrx_word' id='word_1_742' title='bbox 3092 3103 3332 3171; x_wconf 76' lang='grc' dir='ltr'>δυνήσῃ</span> <span class='ocrx_word' id='word_1_743' title='bbox 3351 3103 3752 3173; x_wconf 67' lang='grc' dir='ltr'>ἐξαριθμῆσαι</span> 
     </span>
    </p>
   </div>
   <div class='ocr_carea' id='block_1_96' title="bbox 2076 3189 3747 3259">
    <p class='ocr_par' dir='ltr' id='par_1_96' title="bbox 2076 3189 3747 3259">
     <span class='ocr_line' id='line_1_96' title="bbox 2076 3189 3747 3259; baseline 0.002 -17"><span class='ocrx_word' id='word_1_744' title='bbox 2076 3190 2315 3257; x_wconf 81' lang='grc' dir='ltr'>αὐτούς.</span> <span class='ocrx_word' id='word_1_745' title='bbox 2354 3189 2465 3243; x_wconf 78' lang='grc' dir='ltr'>Καὶ</span> <span class='ocrx_word' id='word_1_746' title='bbox 2503 3190 2707 3243; x_wconf 77' lang='grc' dir='ltr'>εἶπενο</span> <span class='ocrx_word' id='word_1_747' title='bbox 2767 3190 2963 3254; x_wconf 77' lang='grc' dir='ltr'>Οὕτως</span> <span class='ocrx_word' id='word_1_748' title='bbox 3015 3189 3185 3242; x_wconf 75' lang='grc' dir='ltr'>ἔσται</span> <span class='ocrx_word' id='word_1_749' title='bbox 3232 3190 3300 3242; x_wconf 85' lang='grc' dir='ltr'>τὸ</span> <span class='ocrx_word' id='word_1_750' title='bbox 3331 3189 3569 3259; x_wconf 75' lang='grc' dir='ltr'>σπέρμα</span> <span class='ocrx_word' id='word_1_751' title='bbox 3605 3206 3747 3246; x_wconf 85' lang='grc' dir='ltr'>σου.</span> 
     </span>
    </p>
   </div>
   <div class='ocr_carea' id='block_1_97' title="bbox 2080 3271 3752 3369">
    <p class='ocr_par' dir='ltr' id='par_1_97' title="bbox 2080 3271 3752 3369">
     <span class='ocr_line' id='line_1_97' title="bbox 2080 3271 3752 3369; baseline 0.001 -41"><span class='ocrx_word' id='word_1_752' title='bbox 2080 3271 2210 3329; x_wconf 75' lang='grc' dir='ltr'>Εἶτα</span> <span class='ocrx_word' id='word_1_753' title='bbox 2241 3275 2563 3329; x_wconf 88' lang='grc' dir='ltr'>δεικνύουσα</span> <span class='ocrx_word' id='word_1_754' title='bbox 2614 3277 2743 3346; x_wconf 78' lang='grc' dir='ltr'>ἡμῖν</span> <span class='ocrx_word' id='word_1_755' title='bbox 2778 3277 2811 3345; x_wconf 85' lang='grc' dir='ltr'>ή</span> <span class='ocrx_word' id='word_1_756' title='bbox 2865 3276 2984 3328; x_wconf 88' lang='grc' dir='ltr'>θεία</span> <span class='ocrx_word' id='word_1_757' title='bbox 3038 3276 3229 3369; x_wconf 77' lang='grc' dir='ltr'>Γραφή</span> <span class='ocrx_word' id='word_1_758' title='bbox 3258 3276 3358 3345; x_wconf 85' lang='grc' dir='ltr'>τῆς</span> <span class='ocrx_word' id='word_1_759' title='bbox 3392 3276 3617 3345; x_wconf 82' lang='grc' dir='ltr'>γνώμης</span> <span class='ocrx_word' id='word_1_760' title='bbox 3654 3276 3752 3330; x_wconf 82' lang='grc' dir='ltr'>τοῦ</span> 
     </span>
    </p>
   </div>
   <div class='ocr_carea' id='block_1_98' title="bbox 2080 3361 3755 3434">
    <p class='ocr_par' dir='ltr' id='par_1_98' title="bbox 2080 3361 3755 3434">
     <span class='ocr_line' id='line_1_98' title="bbox 2080 3361 3755 3434; baseline 0 -18"><span class='ocrx_word' id='word_1_761' title='bbox 2080 3363 2419 3434; x_wconf 86' lang='grc' dir='ltr'>πατριάρχου</span> <span class='ocrx_word' id='word_1_762' title='bbox 2453 3362 2513 3415; x_wconf 82' lang='grc' dir='ltr'>τὸ</span> <span class='ocrx_word' id='word_1_763' title='bbox 2542 3362 2809 3432; x_wconf 78' lang='grc' dir='ltr'>φιλόθεον,</span> <span class='ocrx_word' id='word_1_764' title='bbox 2834 3363 2924 3415; x_wconf 69' lang='grc' dir='ltr'>καὶ</span> <span class='ocrx_word' id='word_1_765' title='bbox 2951 3364 3029 3415; x_wconf 79' lang='grc' dir='ltr'>ὅτι</span> <span class='ocrx_word' id='word_1_766' title='bbox 3066 3362 3200 3433; x_wconf 78' lang='grc' dir='ltr'>πρὸς</span> <span class='ocrx_word' id='word_1_767' title='bbox 3214 3361 3318 3414; x_wconf 74' lang='grc' dir='ltr'>’τὸν</span> <span class='ocrx_word' id='word_1_768' title='bbox 3347 3362 3755 3434; x_wconf 82' lang='grc' dir='ltr'>ἐπαγγειλάμε-</span> 
     </span>
    </p>
   </div>
   <div class='ocr_carea' id='block_1_99' title="bbox 2078 3448 3754 3522">
    <p class='ocr_par' dir='ltr' id='par_1_99' title="bbox 2078 3448 3754 3522">
     <span class='ocr_line' id='line_1_99' title="bbox 2078 3448 3754 3522; baseline -0.002 -18"><span class='ocrx_word' id='word_1_769' title='bbox 2078 3468 2167 3504; x_wconf 90' lang='grc' dir='ltr'>νον</span> <span class='ocrx_word' id='word_1_770' title='bbox 2186 3450 2347 3522; x_wconf 84' lang='grc' dir='ltr'>όρῶν,</span> <span class='ocrx_word' id='word_1_771' title='bbox 2373 3452 2467 3503; x_wconf 77' lang='grc' dir='ltr'>καὶ</span> <span class='ocrx_word' id='word_1_772' title='bbox 2494 3450 2592 3521; x_wconf 80' lang='grc' dir='ltr'>τὴν</span> <span class='ocrx_word' id='word_1_773' title='bbox 2612 3449 2841 3518; x_wconf 81' lang='grc' dir='ltr'>δύναμιν</span> <span class='ocrx_word' id='word_1_774' title='bbox 2867 3448 2962 3501; x_wconf 91' lang='grc' dir='ltr'>τοῦ</span> <span class='ocrx_word' id='word_1_775' title='bbox 2988 3448 3360 3519; x_wconf 73' lang='grc' dir='ltr'>ὑποσχομένου</span> <span class='ocrx_word' id='word_1_776' title='bbox 3390 3449 3607 3510; x_wconf 86' lang='grc' dir='ltr'>ἐννοῶν,</span> <span class='ocrx_word' id='word_1_777' title='bbox 3631 3450 3754 3502; x_wconf 85' lang='grc' dir='ltr'>ἐπί-</span> 
     </span>
    </p>
   </div>
   <div class='ocr_carea' id='block_1_100' title="bbox 2080 3535 3755 3609">
    <p class='ocr_par' dir='ltr' id='par_1_100' title="bbox 2080 3535 3755 3609">
     <span class='ocr_line' id='line_1_100' title="bbox 2080 3535 3755 3609; baseline 0.001 -19"><span class='ocrx_word' id='word_1_778' title='bbox 2080 3553 2233 3590; x_wconf 89' lang='grc' dir='ltr'>στευε</span> <span class='ocrx_word' id='word_1_779' title='bbox 2280 3540 2394 3601; x_wconf 89' lang='grc' dir='ltr'>τοῖς</span> <span class='ocrx_word' id='word_1_780' title='bbox 2424 3538 2755 3609; x_wconf 83' lang='grc' dir='ltr'>εἰρημένοις,</span> <span class='ocrx_word' id='word_1_781' title='bbox 2788 3536 2954 3606; x_wconf 84' lang='grc' dir='ltr'>φησί·</span> <span class='ocrx_word' id='word_1_782' title='bbox 2989 3535 3096 3589; x_wconf 77' lang='grc' dir='ltr'>Καὶ</span> <span class='ocrx_word' id='word_1_783' title='bbox 3134 3536 3500 3591; x_wconf 77' lang='grc' dir='ltr'>ἐπίστευσεν</span> <span class='ocrx_word' id='word_1_784' title='bbox 3534 3539 3755 3605; x_wconf 70' lang='grc' dir='ltr'>Ἀϐμιμ</span> 
     </span>
    </p>
   </div>
   <div class='ocr_carea' id='block_1_101' title="bbox 2077 3618 3756 3691">
    <p class='ocr_par' dir='ltr' id='par_1_101' title="bbox 2077 3618 3756 3691">
     <span class='ocr_line' id='line_1_101' title="bbox 2077 3618 3756 3691; baseline 0.001 -19"><span class='ocrx_word' id='word_1_785' title='bbox 2077 3619 2158 3685; x_wconf 83' lang='grc' dir='ltr'>τῷ</span> <span class='ocrx_word' id='word_1_786' title='bbox 2192 3619 2339 3685; x_wconf 65' lang='grc' dir='ltr'>θεῷ,</span> <span class='ocrx_word' id='word_1_787' title='bbox 2374 3621 2473 3673; x_wconf 79' lang='grc' dir='ltr'>καί</span> <span class='ocrx_word' id='word_1_788' title='bbox 2499 3620 2786 3688; x_wconf 74' lang='grc' dir='ltr'>ἐλογίσθη</span> <span class='ocrx_word' id='word_1_789' title='bbox 2808 3619 2970 3683; x_wconf 82' lang='grc' dir='ltr'>αὐτῷ</span> <span class='ocrx_word' id='word_1_790' title='bbox 2993 3620 3081 3683; x_wconf 80' lang='grc' dir='ltr'>εις</span> <span class='ocrx_word' id='word_1_791' title='bbox 3118 3618 3533 3687; x_wconf 79' lang='grc' dir='ltr'>δικαιοσύνην.</span> <span class='ocrx_word' id='word_1_792' title='bbox 3570 3620 3756 3691; x_wconf 80' lang='grc' dir='ltr'>Μέχρι</span> 
     </span>
    </p>
   </div>
   <div class='ocr_carea' id='block_1_102' title="bbox 2077 3705 3758 3778">
    <p class='ocr_par' dir='ltr' id='par_1_102' title="bbox 2077 3705 3758 3778">
     <span class='ocr_line' id='line_1_102' title="bbox 2077 3705 3758 3778; baseline -0.001 -19"><span class='ocrx_word' id='word_1_793' title='bbox 2077 3707 2266 3761; x_wconf 87' lang='grc' dir='ltr'>τούτου</span> <span class='ocrx_word' id='word_1_794' title='bbox 2287 3706 2412 3777; x_wconf 81' lang='grc' dir='ltr'>χθὲς</span> <span class='ocrx_word' id='word_1_795' title='bbox 2439 3707 2702 3772; x_wconf 88' lang='grc' dir='ltr'>εἰπόντες,</span> <span class='ocrx_word' id='word_1_796' title='bbox 2736 3706 2835 3758; x_wconf 89' lang='grc' dir='ltr'>οὑκ</span> <span class='ocrx_word' id='word_1_797' title='bbox 2882 3705 3176 3775; x_wconf 75' lang='grc' dir='ltr'>ἰσχύσαμεν</span> <span class='ocrx_word' id='word_1_798' title='bbox 3210 3707 3519 3778; x_wconf 83' lang='grc' dir='ltr'>περαιτέρω</span> <span class='ocrx_word' id='word_1_799' title='bbox 3557 3707 3758 3776; x_wconf 79' lang='grc' dir='ltr'>προελ-</span> 
     </span>
    </p>
   </div>
   <div class='ocr_carea' id='block_1_103' title="bbox 2079 3792 3754 3865">
    <p class='ocr_par' dir='ltr' id='par_1_103' title="bbox 2079 3792 3754 3865">
     <span class='ocr_line' id='line_1_103' title="bbox 2079 3792 3754 3865; baseline 0 -18"><span class='ocrx_word' id='word_1_800' title='bbox 2079 3793 2213 3858; x_wconf 86' lang='grc' dir='ltr'>θεῖν,</span> <span class='ocrx_word' id='word_1_801' title='bbox 2247 3795 2315 3848; x_wconf 68' lang='grc' dir='ltr'>δι*</span> <span class='ocrx_word' id='word_1_802' title='bbox 2337 3796 2365 3847; x_wconf 82' lang='grc' dir='ltr'><strong>ὃ</strong></span> <span class='ocrx_word' id='word_1_803' title='bbox 2389 3797 2684 3861; x_wconf 87' lang='grc' dir='ltr'>ἀναγκαῖον</span> <span class='ocrx_word' id='word_1_804' title='bbox 2709 3794 2777 3846; x_wconf 86' lang='grc' dir='ltr'>τὰ</span> <span class='ocrx_word' id='word_1_805' title='bbox 2805 3792 2930 3863; x_wconf 75' lang='grc' dir='ltr'>ἐξῆς</span> <span class='ocrx_word' id='word_1_806' title='bbox 2958 3794 3278 3860; x_wconf 87' lang='grc' dir='ltr'>ἐπαγαγεῖν.</span> <span class='ocrx_word' id='word_1_807' title='bbox 3312 3793 3377 3846; x_wconf 88' lang='grc' dir='ltr'>Τί</span> <span class='ocrx_word' id='word_1_808' title='bbox 3407 3794 3515 3864; x_wconf 88' lang='grc' dir='ltr'>γάρ</span> <span class='ocrx_word' id='word_1_809' title='bbox 3549 3812 3715 3865; x_wconf 85' lang='grc' dir='ltr'>φησιν</span> <span class='ocrx_word' id='word_1_810' title='bbox 3738 3812 3754 3859; x_wconf 86' lang='lat'>;</span> 
     </span>
    </p>
   </div>
   <div class='ocr_carea' id='block_1_104' title="bbox 2074 3878 3755 3949">
    <p class='ocr_par' dir='ltr' id='par_1_104' title="bbox 2074 3878 3755 3949">
     <span class='ocr_line' id='line_1_104' title="bbox 2074 3878 3755 3949; baseline 0 -16"><span class='ocrx_word' id='word_1_811' title='bbox 2074 3879 2221 3936; x_wconf 80' lang='grc' dir='ltr'>Εἶπε</span> <span class='ocrx_word' id='word_1_812' title='bbox 2243 3881 2313 3935; x_wconf 74' lang='grc' dir='ltr'>δὲ</span> <span class='ocrx_word' id='word_1_813' title='bbox 2333 3883 2546 3949; x_wconf 80' lang='grc' dir='ltr'>Κύριος</span> <span class='ocrx_word' id='word_1_814' title='bbox 2563 3882 2710 3949; x_wconf 78' lang='grc' dir='ltr'>πρὸς</span> <span class='ocrx_word' id='word_1_815' title='bbox 2737 3883 2951 3949; x_wconf 77' lang='grc' dir='ltr'>Ἀϐραμ</span> <span class='ocrx_word' id='word_1_816' title='bbox 2971 3898 2983 3911; x_wconf 91' lang='grc'>·</span> <span class='ocrx_word' id='word_1_817' title='bbox 3026 3878 3165 3949; x_wconf 71' lang='grc' dir='ltr'>Ἐγώ</span> <span class='ocrx_word' id='word_1_818' title='bbox 3188 3882 3303 3949; x_wconf 80' lang='grc' dir='ltr'>ειμι</span> <span class='ocrx_word' id='word_1_819' title='bbox 3327 3884 3359 3934; x_wconf 86' lang='grc' dir='ltr'>ό</span> <span class='ocrx_word' id='word_1_820' title='bbox 3390 3880 3534 3946; x_wconf 87' lang='grc' dir='ltr'>Θεὸς</span> <span class='ocrx_word' id='word_1_821' title='bbox 3555 3885 3589 3935; x_wconf 86' lang='grc' dir='ltr'><em>ὀ</em></span> <span class='ocrx_word' id='word_1_822' title='bbox 3611 3881 3755 3944; x_wconf 81' lang='grc' dir='ltr'>ἑξα-</span> 
     </span>
    </p>
   </div>
   <div class='ocr_carea' id='block_1_105' title="bbox 2079 3964 3757 4037">
    <p class='ocr_par' dir='ltr' id='par_1_105' title="bbox 2079 3964 3757 4037">
     <span class='ocr_line' id='line_1_105' title="bbox 2079 3964 3757 4037; baseline 0.001 -15"><span class='ocrx_word' id='word_1_823' title='bbox 2079 3968 2277 4037; x_wconf 56' lang='lat' dir='ltr'>rapti»:</span> <span class='ocrx_word' id='word_1_824' title='bbox 2299 3984 2373 4022; x_wconf 82' lang='grc' dir='ltr'>σε</span> <span class='ocrx_word' id='word_1_825' title='bbox 2403 3968 2471 4022; x_wconf 82' lang='grc' dir='ltr'>ἐκ</span> <span class='ocrx_word' id='word_1_826' title='bbox 2500 3968 2610 4036; x_wconf 87' lang='grc' dir='ltr'>τῆς</span> <span class='ocrx_word' id='word_1_827' title='bbox 2632 3967 2826 4037; x_wconf 81' lang='grc' dir='ltr'>χώρας</span> <span class='ocrx_word' id='word_1_828' title='bbox 2846 3966 3179 4028; x_wconf 72' lang='grc' dir='ltr'>Χαλδαίων,</span> <span class='ocrx_word' id='word_1_829' title='bbox 3214 3964 3372 4019; x_wconf 81' lang='grc' dir='ltr'>ὥστε</span> <span class='ocrx_word' id='word_1_830' title='bbox 3400 3966 3617 4021; x_wconf 78' lang='grc' dir='ltr'>δοῦναι</span> <span class='ocrx_word' id='word_1_831' title='bbox 3652 3986 3757 4023; x_wconf 82' lang='grc' dir='ltr'>σοι</span> 
     </span>
    </p>
   </div>
   <div class='ocr_carea' id='block_1_106' title="bbox 2079 4050 3757 4125">
    <p class='ocr_par' dir='ltr' id='par_1_106' title="bbox 2079 4050 3757 4125">
     <span class='ocr_line' id='line_1_106' title="bbox 2079 4050 3757 4125; baseline 0 -16"><span class='ocrx_word' id='word_1_832' title='bbox 2079 4056 2197 4123; x_wconf 76' lang='grc' dir='ltr'>τὴν</span> <span class='ocrx_word' id='word_1_833' title='bbox 2226 4054 2345 4125; x_wconf 73' lang='grc' dir='ltr'>γῆν</span> <span class='ocrx_word' id='word_1_834' title='bbox 2370 4056 2615 4122; x_wconf 79' lang='grc' dir='ltr'>ταύτην,</span> <span class='ocrx_word' id='word_1_835' title='bbox 2652 4051 3105 4121; x_wconf 70' lang='grc' dir='ltr'>κληρονομῆσαι</span> <span class='ocrx_word' id='word_1_836' title='bbox 3158 4050 3372 4125; x_wconf 53' lang='grc' dir='ltr'>αλῦτήν.</span> <span class='ocrx_word' id='word_1_837' title='bbox 3425 4053 3568 4123; x_wconf 87' lang='grc' dir='ltr'>Ὅρα</span> <span class='ocrx_word' id='word_1_838' title='bbox 3615 4056 3757 4109; x_wconf 82' lang='grc' dir='ltr'>Θεοῦ</span> 
     </span>
    </p>
   </div>
   <div class='ocr_carea' id='block_1_107' title="bbox 2084 4115 3758 4213">
    <p class='ocr_par' dir='ltr' id='par_1_107' title="bbox 2084 4115 3758 4213">
     <span class='ocr_line' id='line_1_107' title="bbox 2084 4115 3758 4213; baseline -0.001 -17"><span class='ocrx_word' id='word_1_839' title='bbox 2084 4143 2511 4212; x_wconf 88' lang='grc' dir='ltr'>συγκατάϐασιν,</span> <span class='ocrx_word' id='word_1_840' title='bbox 2544 4144 2661 4207; x_wconf 92' lang='grc' dir='ltr'>πῶς</span> <span class='ocrx_word' id='word_1_841' title='bbox 2693 4141 2859 4196; x_wconf 85' lang='grc' dir='ltr'>αὑτοῦ</span> <span class='ocrx_word' id='word_1_842' title='bbox 2885 4141 3131 4213; x_wconf 82' lang='grc' dir='ltr'>βούλεται</span> <span class='ocrx_word' id='word_1_843' title='bbox 3162 4115 3263 4211; x_wconf 57' lang='grc' dir='ltr'>τδῆν</span> <span class='ocrx_word' id='word_1_844' title='bbox 3305 4140 3488 4194; x_wconf 91' lang='grc' dir='ltr'>πίστιν</span> <span class='ocrx_word' id='word_1_845' title='bbox 3521 4141 3758 4210; x_wconf 85' lang='grc' dir='ltr'>βεϐαιῶ-</span> 
     </span>
    </p>
   </div>
   <div class='ocr_carea' id='block_1_108' title="bbox 2087 4228 3760 4301">
    <p class='ocr_par' dir='ltr' id='par_1_108' title="bbox 2087 4228 3760 4301">
     <span class='ocr_line' id='line_1_108' title="bbox 2087 4228 3760 4301; baseline -0.001 -15"><span class='ocrx_word' id='word_1_846' title='bbox 2087 4250 2198 4297; x_wconf 90' lang='grc' dir='ltr'>σαι,</span> <span class='ocrx_word' id='word_1_847' title='bbox 2226 4234 2320 4287; x_wconf 83' lang='grc' dir='ltr'>κα“ι</span> <span class='ocrx_word' id='word_1_848' title='bbox 2350 4234 2555 4295; x_wconf 89' lang='grc' dir='ltr'>πεῖσαι,</span> <span class='ocrx_word' id='word_1_849' title='bbox 2584 4230 2785 4301; x_wconf 77' lang='grc' dir='ltr'>πολλὴν</span> <span class='ocrx_word' id='word_1_850' title='bbox 2812 4230 2953 4299; x_wconf 76' lang='grc' dir='ltr'>ἐχειν</span> <span class='ocrx_word' id='word_1_851' title='bbox 2981 4228 3079 4300; x_wconf 80' lang='grc' dir='ltr'>τὴν</span> <span class='ocrx_word' id='word_1_852' title='bbox 3104 4228 3475 4300; x_wconf 82' lang='grc' dir='ltr'>πληροφορίαν</span> <span class='ocrx_word' id='word_1_853' title='bbox 3497 4231 3760 4300; x_wconf 77' lang='grc' dir='ltr'>περὶτῶν</span> 
     </span>
    </p>
   </div>
   <div class='ocr_carea' id='block_1_109' title="bbox 2086 4311 3756 4387">
    <p class='ocr_par' dir='ltr' id='par_1_109' title="bbox 2086 4311 3756 4387">
     <span class='ocr_line' id='line_1_109' title="bbox 2086 4311 3756 4387; baseline -0.001 -19"><span class='ocrx_word' id='word_1_854' title='bbox 2086 4314 2534 4387; x_wconf 78' lang='grc' dir='ltr'>ἐπηγγελμένων,</span> <span class='ocrx_word' id='word_1_855' title='bbox 2564 4314 2848 4383; x_wconf 74' lang='grc' dir='ltr'>μονονουχὶ</span> <span class='ocrx_word' id='word_1_856' title='bbox 2870 4313 3074 4380; x_wconf 88' lang='grc' dir='ltr'>λέγων·</span> <span class='ocrx_word' id='word_1_857' title='bbox 3126 4311 3394 4381; x_wconf 86' lang='grc' dir='ltr'>μνήσθητι</span> <span class='ocrx_word' id='word_1_858' title='bbox 3432 4313 3516 4364; x_wconf 81' lang='grc' dir='ltr'>ὅτι</span> <span class='ocrx_word' id='word_1_859' title='bbox 3544 4311 3656 4380; x_wconf 79' lang='grc' dir='ltr'>ἐγώ</span> <span class='ocrx_word' id='word_1_860' title='bbox 3692 4330 3756 4367; x_wconf 75' lang='grc' dir='ltr'>σε</span> 
     </span>
    </p>
   </div>
   <div class='ocr_carea' id='block_1_110' title="bbox 2081 4396 3760 4470">
    <p class='ocr_par' dir='ltr' id='par_1_110' title="bbox 2081 4396 3760 4470">
     <span class='ocr_line' id='line_1_110' title="bbox 2081 4396 3760 4470; baseline -0.001 -15"><span class='ocrx_word' id='word_1_861' title='bbox 2081 4402 2292 4455; x_wconf 75' lang='grc' dir='ltr'>οἴκοθεν</span> <span class='ocrx_word' id='word_1_862' title='bbox 2314 4401 2607 4470; x_wconf 85' lang='grc' dir='ltr'>ἀνέστησα.</span> <span class='ocrx_word' id='word_1_863' title='bbox 2648 4400 2780 4453; x_wconf 77' lang='grc' dir='ltr'>’1δοὺ</span> <span class='ocrx_word' id='word_1_864' title='bbox 2809 4398 3048 4469; x_wconf 86' lang='grc' dir='ltr'>τάπαρά</span> <span class='ocrx_word' id='word_1_865' title='bbox 3071 4396 3163 4451; x_wconf 89' lang='grc' dir='ltr'>τοῦ</span> <span class='ocrx_word' id='word_1_866' title='bbox 3191 4397 3324 4452; x_wconf 87' lang='grc' dir='ltr'>Θεοῦ</span> <span class='ocrx_word' id='word_1_867' title='bbox 3354 4398 3589 4467; x_wconf 79' lang='grc' dir='ltr'>ρηθέντα</span> <span class='ocrx_word' id='word_1_868' title='bbox 3612 4400 3760 4455; x_wconf 83' lang='grc' dir='ltr'>κατά</span> 
     </span>
    </p>
   </div>
   <div class='ocr_carea' id='block_1_111' title="bbox 2082 4484 3755 4557">
    <p class='ocr_par' dir='ltr' id='par_1_111' title="bbox 2082 4484 3755 4557">
     <span class='ocr_line' id='line_1_111' title="bbox 2082 4484 3755 4557; baseline -0.001 -16"><span class='ocrx_word' id='word_1_869' title='bbox 2082 4488 2172 4541; x_wconf 81' lang='grc' dir='ltr'>τὸν</span> <span class='ocrx_word' id='word_1_870' title='bbox 2201 4486 2545 4557; x_wconf 86' lang='grc' dir='ltr'>πατριάρχην</span> <span class='ocrx_word' id='word_1_871' title='bbox 2568 4487 2834 4557; x_wconf 85' lang='grc' dir='ltr'>σύμφωνα</span> <span class='ocrx_word' id='word_1_872' title='bbox 2859 4484 3131 4538; x_wconf 87' lang='grc' dir='ltr'>δείκνυται</span> <span class='ocrx_word' id='word_1_873' title='bbox 3152 4487 3265 4550; x_wconf 87' lang='grc' dir='ltr'>τοῖς</span> <span class='ocrx_word' id='word_1_874' title='bbox 3278 4484 3431 4556; x_wconf 85' lang='grc' dir='ltr'>παρά</span> <span class='ocrx_word' id='word_1_875' title='bbox 3456 4484 3549 4538; x_wconf 87' lang='grc' dir='ltr'>τοῦ</span> <span class='ocrx_word' id='word_1_876' title='bbox 3573 4504 3755 4556; x_wconf 84' lang='grc' dir='ltr'>μακα-</span> 
     </span>
    </p>
   </div>
   <div class='ocr_carea' id='block_1_112' title="bbox 2086 4570 3759 4645">
    <p class='ocr_par' dir='ltr' id='par_1_112' title="bbox 2086 4570 3759 4645">
     <span class='ocr_line' id='line_1_112' title="bbox 2086 4570 3759 4645; baseline 0.001 -20"><span class='ocrx_word' id='word_1_877' title='bbox 2086 4574 2203 4645; x_wconf 86' lang='grc' dir='ltr'>ρίου</span> <span class='ocrx_word' id='word_1_878' title='bbox 2232 4573 2505 4640; x_wconf 84' lang='grc' dir='ltr'>Στεφάνου</span> <span class='ocrx_word' id='word_1_879' title='bbox 2535 4572 2868 4644; x_wconf 85' lang='grc' dir='ltr'>είρημένοις,</span> <span class='ocrx_word' id='word_1_880' title='bbox 2891 4572 2973 4625; x_wconf 81' lang='grc' dir='ltr'>δτι</span> <span class='ocrx_word' id='word_1_881' title='bbox 3001 4572 3097 4626; x_wconf 78' lang='grc' dir='ltr'>καὶ</span> <span class='ocrx_word' id='word_1_882' title='bbox 3115 4570 3344 4636; x_wconf 71' lang='grc' dir='ltr'>οἴκοθεν,</span> <span class='ocrx_word' id='word_1_883' title='bbox 3371 4573 3463 4624; x_wconf 74' lang='grc' dir='ltr'>καὶ</span> <span class='ocrx_word' id='word_1_884' title='bbox 3498 4572 3558 4637; x_wconf 77' lang='grc' dir='ltr'>ἐξ</span> <span class='ocrx_word' id='word_1_885' title='bbox 3584 4574 3759 4643; x_wconf 87' lang='grc' dir='ltr'>αὐτῆς</span> 
     </span>
    </p>
   </div>
   <div class='ocr_carea' id='block_1_113' title="bbox 2084 4659 3759 4733">
    <p class='ocr_par' dir='ltr' id='par_1_113' title="bbox 2084 4659 3759 4733">
     <span class='ocr_line' id='line_1_113' title="bbox 2084 4659 3759 4733; baseline -0.002 -16"><span class='ocrx_word' id='word_1_886' title='bbox 2084 4663 2183 4733; x_wconf 89' lang='grc' dir='ltr'>τῆς</span> <span class='ocrx_word' id='word_1_887' title='bbox 2215 4662 2488 4726; x_wconf 85' lang='grc' dir='ltr'>Χαλδαίας</span> <span class='ocrx_word' id='word_1_888' title='bbox 2516 4661 2610 4715; x_wconf 90' lang='grc' dir='ltr'>τοῦ</span> <span class='ocrx_word' id='word_1_889' title='bbox 2643 4661 2914 4714; x_wconf 85' lang='grc' dir='ltr'>Δεσπότου</span> <span class='ocrx_word' id='word_1_890' title='bbox 2950 4659 3013 4713; x_wconf 83' lang='grc' dir='ltr'>τὸ</span> <span class='ocrx_word' id='word_1_891' title='bbox 3058 4661 3385 4731; x_wconf 88' lang='grc' dir='ltr'>πρόσταγμα</span> <span class='ocrx_word' id='word_1_892' title='bbox 3430 4660 3593 4713; x_wconf 80' lang='grc' dir='ltr'>αὑτὸν</span> <span class='ocrx_word' id='word_1_893' title='bbox 3622 4661 3759 4714; x_wconf 87' lang='grc' dir='ltr'>ἀνα-</span> 
     </span>
    </p>
   </div>
   <div class='ocr_carea' id='block_1_114' title="bbox 2086 4745 3760 4818">
    <p class='ocr_par' dir='ltr' id='par_1_114' title="bbox 2086 4745 3760 4818">
     <span class='ocr_line' id='line_1_114' title="bbox 2086 4745 3760 4818; baseline 0.002 -18"><span class='ocrx_word' id='word_1_894' title='bbox 2086 4747 2276 4817; x_wconf 81' lang='grc' dir='ltr'>στῆναι</span> <span class='ocrx_word' id='word_1_895' title='bbox 2308 4746 2706 4817; x_wconf 87' lang='grc' dir='ltr'>παρεσκεύασε.</span> <span class='ocrx_word' id='word_1_896' title='bbox 2739 4746 2849 4800; x_wconf 52' lang='lat' dir='ltr'>Kal</span> <span class='ocrx_word' id='word_1_897' title='bbox 2870 4748 2935 4817; x_wconf 77' lang='grc' dir='ltr'>τῇ</span> <span class='ocrx_word' id='word_1_898' title='bbox 2970 4745 3158 4799; x_wconf 90' lang='grc' dir='ltr'>τούτου</span> <span class='ocrx_word' id='word_1_899' title='bbox 3196 4745 3390 4818; x_wconf 80' lang='grc' dir='ltr'>γνώμῃ</span> <span class='ocrx_word' id='word_1_900' title='bbox 3435 4747 3700 4815; x_wconf 76' lang='grc' dir='ltr'>ἑπόμενος</span> <span class='ocrx_word' id='word_1_901' title='bbox 3728 4750 3760 4803; x_wconf 79' lang='grc'>6</span> 
     </span>
    </p>
   </div>
   <div class='ocr_carea' id='block_1_115' title="bbox 2086 4832 3757 4907">
    <p class='ocr_par' dir='ltr' id='par_1_115' title="bbox 2086 4832 3757 4907">
     <span class='ocr_line' id='line_1_115' title="bbox 2086 4832 3757 4907; baseline -0.001 -18"><span class='ocrx_word' id='word_1_902' title='bbox 2086 4836 2289 4907; x_wconf 68' lang='grc' dir='ltr'>πατὴρ,</span> <span class='ocrx_word' id='word_1_903' title='bbox 2321 4835 2569 4906; x_wconf 89' lang='grc' dir='ltr'>καθάπερ</span> <span class='ocrx_word' id='word_1_904' title='bbox 2592 4836 2686 4889; x_wconf 79' lang='grc' dir='ltr'>καὶ</span> <span class='ocrx_word' id='word_1_905' title='bbox 2718 4834 3023 4903; x_wconf 85' lang='grc' dir='ltr'>φθάσαντες</span> <span class='ocrx_word' id='word_1_906' title='bbox 3048 4832 3295 4905; x_wconf 77' lang='grc' dir='ltr'>εἴπομεν,</span> <span class='ocrx_word' id='word_1_907' title='bbox 3335 4836 3383 4886; x_wconf 87' lang='grc' dir='ltr'>εἰ</span> <span class='ocrx_word' id='word_1_908' title='bbox 3411 4835 3505 4887; x_wconf 74' lang='grc' dir='ltr'>καὶ</span> <span class='ocrx_word' id='word_1_909' title='bbox 3525 4836 3757 4900; x_wconf 81' lang='grc' dir='ltr'>ἄπιστος</span> 
     </span>
    </p>
   </div>
   <div class='ocr_carea' id='block_1_116' title="bbox 2084 4918 3759 4994">
    <p class='ocr_par' dir='ltr' id='par_1_116' title="bbox 2084 4918 3759 4994">
     <span class='ocr_line' id='line_1_116' title="bbox 2084 4918 3759 4994; baseline 0 -18"><span class='ocrx_word' id='word_1_910' title='bbox 2084 4918 2175 4994; x_wconf 83' lang='grc' dir='ltr'>ῆν,</span> <span class='ocrx_word' id='word_1_911' title='bbox 2201 4922 2315 4976; x_wconf 87' lang='grc' dir='ltr'>ἀλλ’</span> <span class='ocrx_word' id='word_1_912' title='bbox 2342 4920 2438 4976; x_wconf 87' lang='grc' dir='ltr'>οὖν</span> <span class='ocrx_word' id='word_1_913' title='bbox 2473 4922 2711 4992; x_wconf 81' lang='grc' dir='ltr'>μεγάλην</span> <span class='ocrx_word' id='word_1_914' title='bbox 2754 4920 3009 4974; x_wconf 83' lang='grc' dir='ltr'>ὑπόθεσιν</span> <span class='ocrx_word' id='word_1_915' title='bbox 3046 4919 3243 4991; x_wconf 87' lang='grc' dir='ltr'>δεσμοῦ</span> <span class='ocrx_word' id='word_1_916' title='bbox 3273 4921 3334 4974; x_wconf 82' lang='grc' dir='ltr'>τὸ</span> <span class='ocrx_word' id='word_1_917' title='bbox 3367 4921 3589 4992; x_wconf 78' lang='grc' dir='ltr'>φίλτρον</span> <span class='ocrx_word' id='word_1_918' title='bbox 3615 4922 3759 4994; x_wconf 75' lang='grc' dir='ltr'>ἔχων</span> 
     </span>
    </p>
   </div>
   <div class='ocr_carea' id='block_1_117' title="bbox 2084 5006 3757 5081">
    <p class='ocr_par' dir='ltr' id='par_1_117' title="bbox 2084 5006 3757 5081">
     <span class='ocr_line' id='line_1_117' title="bbox 2084 5006 3757 5081; baseline -0.005 -18"><span class='ocrx_word' id='word_1_919' title='bbox 2084 5010 2145 5063; x_wconf 76' lang='grc' dir='ltr'>τὸ</span> <span class='ocrx_word' id='word_1_920' title='bbox 2175 5010 2304 5081; x_wconf 70' lang='grc' dir='ltr'>περὶ</span> <span class='ocrx_word' id='word_1_921' title='bbox 2330 5008 2511 5072; x_wconf 78' lang='grc' dir='ltr'>αὑτὸν,</span> <span class='ocrx_word' id='word_1_922' title='bbox 2544 5006 2827 5077; x_wconf 70' lang='grc' dir='ltr'>ἠκολούθει</span> <span class='ocrx_word' id='word_1_923' title='bbox 2854 5008 2948 5061; x_wconf 76' lang='grc' dir='ltr'>καὶ</span> <span class='ocrx_word' id='word_1_924' title='bbox 2971 5006 3137 5078; x_wconf 78' lang='grc' dir='ltr'>ἐξῄει.</span> <span class='ocrx_word' id='word_1_925' title='bbox 3182 5008 3615 5080; x_wconf 80' lang='grc' dir='ltr'>Ὑπομιμνήσκει</span> <span class='ocrx_word' id='word_1_926' title='bbox 3640 5011 3757 5067; x_wconf 69' lang='grc' dir='ltr'>τοι.</span> 
     </span>
    </p>
   </div>
   <div class='ocr_carea' id='block_1_118' title="bbox 2089 5088 3756 5174">
    <p class='ocr_par' dir='ltr' id='par_1_118' title="bbox 2089 5088 3756 5174">
     <span class='ocr_line' id='line_1_118' title="bbox 2089 5088 3756 5174; baseline 0.001 -21"><span class='ocrx_word' id='word_1_927' title='bbox 2089 5114 2185 5153; x_wconf 86' lang='grc' dir='ltr'>νυν</span> <span class='ocrx_word' id='word_1_928' title='bbox 2216 5096 2379 5149; x_wconf 82' lang='grc' dir='ltr'>αὑτὸν</span> <span class='ocrx_word' id='word_1_929' title='bbox 2412 5095 2505 5148; x_wconf 79' lang='grc' dir='ltr'>ἐπὶ</span> <span class='ocrx_word' id='word_1_930' title='bbox 2535 5094 2629 5148; x_wconf 89' lang='grc' dir='ltr'>τοῦ</span> <span class='ocrx_word' id='word_1_931' title='bbox 2674 5094 2964 5165; x_wconf 90' lang='grc' dir='ltr'>παρόντος,</span> <span class='ocrx_word' id='word_1_932' title='bbox 3001 5088 3133 5167; x_wconf 81' lang='grc' dir='ltr'>ὅσην</span> <span class='ocrx_word' id='word_1_933' title='bbox 3168 5096 3231 5148; x_wconf 85' lang='grc' dir='ltr'>ἐκ</span> <span class='ocrx_word' id='word_1_934' title='bbox 3275 5098 3575 5167; x_wconf 84' lang='grc' dir='ltr'>προοιμίων</span> <span class='ocrx_word' id='word_1_935' title='bbox 3603 5097 3756 5174; x_wconf 69' lang='grc' dir='ltr'>[57η</span> 
     </span>
    </p>
   </div>
   <div class='ocr_carea' id='block_1_119' title="bbox 2088 5181 3758 5257">
    <p class='ocr_par' dir='ltr' id='par_1_119' title="bbox 2088 5181 3758 5257">
     <span class='ocr_line' id='line_1_119' title="bbox 2088 5181 3758 5257; baseline 0.002 -19"><span class='ocrx_word' id='word_1_936' title='bbox 2088 5186 2378 5254; x_wconf 82' lang='grc' dir='ltr'>ἐποιήσατο</span> <span class='ocrx_word' id='word_1_937' title='bbox 2415 5183 2544 5254; x_wconf 83' lang='grc' dir='ltr'>περὶ</span> <span class='ocrx_word' id='word_1_938' title='bbox 2590 5182 2753 5237; x_wconf 80' lang='grc' dir='ltr'>αὑτὸν</span> <span class='ocrx_word' id='word_1_939' title='bbox 2793 5181 2891 5253; x_wconf 82' lang='grc' dir='ltr'>τὴν</span> <span class='ocrx_word' id='word_1_940' title='bbox 2930 5182 3207 5255; x_wconf 84' lang='grc' dir='ltr'>πρόνοιαν,</span> <span class='ocrx_word' id='word_1_941' title='bbox 3251 5183 3428 5254; x_wconf 89' lang='grc' dir='ltr'>δηλῶν</span> <span class='ocrx_word' id='word_1_942' title='bbox 3466 5186 3635 5257; x_wconf 84' lang='grc' dir='ltr'>αὐτῷ,</span> <span class='ocrx_word' id='word_1_943' title='bbox 3673 5190 3758 5243; x_wconf 84' lang='grc' dir='ltr'>ὃτι</span> 
     </span>
    </p>
   </div>
   <div class='ocr_carea' id='block_1_120' title="bbox 2090 5268 3757 5342">
    <p class='ocr_par' dir='ltr' id='par_1_120' title="bbox 2090 5268 3757 5342">
     <span class='ocr_line' id='line_1_120' title="bbox 2090 5268 3757 5342; baseline -0.001 -16"><span class='ocrx_word' id='word_1_944' title='bbox 2090 5271 2300 5342; x_wconf 81' lang='grc' dir='ltr'>μεγάλα</span> <span class='ocrx_word' id='word_1_945' title='bbox 2346 5270 2468 5323; x_wconf 82' lang='grc' dir='ltr'>τινὰ</span> <span class='ocrx_word' id='word_1_946' title='bbox 2527 5270 2658 5340; x_wconf 74' lang='grc' dir='ltr'>περὶ</span> <span class='ocrx_word' id='word_1_947' title='bbox 2703 5269 2866 5323; x_wconf 91' lang='grc' dir='ltr'>αὑτοῦ</span> <span class='ocrx_word' id='word_1_948' title='bbox 2928 5268 3346 5339; x_wconf 70' lang='grc' dir='ltr'>βουλευόμενος,</span> <span class='ocrx_word' id='word_1_949' title='bbox 3402 5272 3495 5324; x_wconf 78' lang='grc' dir='ltr'>καὶ</span> <span class='ocrx_word' id='word_1_950' title='bbox 3548 5274 3757 5339; x_wconf 79' lang='grc' dir='ltr'>ταύτας</span> 
     </span>
    </p>
   </div>
   <div class='ocr_carea' id='block_1_121' title="bbox 2088 5354 3757 5425">
    <p class='ocr_par' dir='ltr' id='par_1_121' title="bbox 2088 5354 3757 5425">
     <span class='ocr_line' id='line_1_121' title="bbox 2088 5354 3757 5425; baseline 0.002 -16"><span class='ocrx_word' id='word_1_951' title='bbox 2088 5355 2254 5410; x_wconf 80' lang='grc' dir='ltr'>θέλων</span> <span class='ocrx_word' id='word_1_952' title='bbox 2290 5354 2389 5418; x_wconf 76' lang='grc' dir='ltr'>τὰς</span> <span class='ocrx_word' id='word_1_953' title='bbox 2419 5354 2737 5425; x_wconf 84' lang='grc' dir='ltr'>ὑποσχέσεις</span> <span class='ocrx_word' id='word_1_954' title='bbox 2786 5354 2920 5425; x_wconf 81' lang='grc' dir='ltr'>πρὸς</span> <span class='ocrx_word' id='word_1_955' title='bbox 2953 5355 3113 5408; x_wconf 83' lang='grc' dir='ltr'>αὑτὸν</span> <span class='ocrx_word' id='word_1_956' title='bbox 3142 5356 3467 5425; x_wconf 79' lang='grc' dir='ltr'>ποιήσασθαι</span> <span class='ocrx_word' id='word_1_957' title='bbox 3524 5359 3621 5411; x_wconf 75' lang='grc' dir='ltr'>καὶ</span> <span class='ocrx_word' id='word_1_958' title='bbox 3674 5361 3757 5424; x_wconf 87' lang='grc' dir='ltr'>εἰς</span> 
     </span>
    </p>
   </div>
   <div class='ocr_carea' id='block_1_122' title="bbox 2087 5436 3759 5511">
    <p class='ocr_par' dir='ltr' id='par_1_122' title="bbox 2087 5436 3759 5511">
     <span class='ocr_line' id='line_1_122' title="bbox 2087 5436 3759 5511; baseline 0.001 -20"><span class='ocrx_word' id='word_1_959' title='bbox 2087 5438 2245 5511; x_wconf 76' lang='grc' dir='ltr'>ἔργον</span> <span class='ocrx_word' id='word_1_960' title='bbox 2272 5441 2519 5506; x_wconf 87' lang='grc' dir='ltr'>ἀγαγεῖν,</span> <span class='ocrx_word' id='word_1_961' title='bbox 2546 5436 2813 5507; x_wconf 87' lang='grc' dir='ltr'>τοσαύτην</span> <span class='ocrx_word' id='word_1_962' title='bbox 2853 5437 2968 5490; x_wconf 82' lang='grc' dir='ltr'>ὁδὸν</span> <span class='ocrx_word' id='word_1_963' title='bbox 3004 5436 3250 5492; x_wconf 81' lang='grc' dir='ltr'>διανύσαι</span> <span class='ocrx_word' id='word_1_964' title='bbox 3280 5440 3551 5511; x_wconf 89' lang='grc' dir='ltr'>ἐποίησεν.</span> <span class='ocrx_word' id='word_1_965' title='bbox 3616 5441 3759 5511; x_wconf 59' lang='grc' dir='ltr'>Ἐγώ</span> 
     </span>
    </p>
   </div>
   <div class='ocr_carea' id='block_1_123' title="bbox 2086 5520 3755 5591">
    <p class='ocr_par' dir='ltr' id='par_1_123' title="bbox 2086 5520 3755 5591">
     <span class='ocr_line' id='line_1_123' title="bbox 2086 5520 3755 5591; baseline 0 -17"><span class='ocrx_word' id='word_1_966' title='bbox 2086 5526 2203 5591; x_wconf 81' lang='grc' dir='ltr'>εἰμι</span> <span class='ocrx_word' id='word_1_967' title='bbox 2231 5524 2265 5575; x_wconf 79' lang='grc' dir='ltr'><em>ὁ</em></span> <span class='ocrx_word' id='word_1_968' title='bbox 2287 5520 2596 5590; x_wconf 59' lang='grc' dir='ltr'>ἐξαγαγών</span> <span class='ocrx_word' id='word_1_969' title='bbox 2620 5535 2696 5574; x_wconf 82' lang='grc' dir='ltr'>σε</span> <span class='ocrx_word' id='word_1_970' title='bbox 2748 5521 2815 5573; x_wconf 78' lang='grc' dir='ltr'>ἐκ</span> <span class='ocrx_word' id='word_1_971' title='bbox 2868 5520 2978 5589; x_wconf 81' lang='grc' dir='ltr'>τῆς</span> <span class='ocrx_word' id='word_1_972' title='bbox 3029 5521 3223 5589; x_wconf 66' lang='grc' dir='ltr'>χώρας</span> <span class='ocrx_word' id='word_1_973' title='bbox 3262 5521 3381 5575; x_wconf 86' lang='grc' dir='ltr'>τῶν</span> <span class='ocrx_word' id='word_1_974' title='bbox 3416 5523 3755 5588; x_wconf 66' lang='grc' dir='ltr'>Χαλδαίων,</span> 
     </span>
    </p>
   </div>
   <div class='ocr_carea' id='block_1_124' title="bbox 2087 5601 3756 5673">
    <p class='ocr_par' dir='ltr' id='par_1_124' title="bbox 2087 5601 3756 5673">
     <span class='ocr_line' id='line_1_124' title="bbox 2087 5601 3756 5673; baseline 0.003 -17"><span class='ocrx_word' id='word_1_975' title='bbox 2087 5603 2299 5659; x_wconf 78' lang='grc' dir='ltr'>δοῦναί</span> <span class='ocrx_word' id='word_1_976' title='bbox 2333 5619 2433 5657; x_wconf 88' lang='grc' dir='ltr'>σοι</span> <span class='ocrx_word' id='word_1_977' title='bbox 2465 5602 2580 5670; x_wconf 71' lang='grc' dir='ltr'>τὴν</span> <span class='ocrx_word' id='word_1_978' title='bbox 2608 5601 2722 5671; x_wconf 78' lang='grc' dir='ltr'>γῆν</span> <span class='ocrx_word' id='word_1_979' title='bbox 2758 5604 3001 5668; x_wconf 79' lang='grc' dir='ltr'>ταύτην,</span> <span class='ocrx_word' id='word_1_980' title='bbox 3050 5603 3499 5673; x_wconf 72' lang='grc' dir='ltr'>κληρονομῆσαι</span> <span class='ocrx_word' id='word_1_981' title='bbox 3537 5606 3756 5670; x_wconf 77' lang='grc' dir='ltr'>αὐτήν.</span> 
     </span>
    </p>
   </div>
   <div class='ocr_carea' id='block_1_125' title="bbox 2089 5683 3751 5757">
    <p class='ocr_par' dir='ltr' id='par_1_125' title="bbox 2089 5683 3751 5757">
     <span class='ocr_line' id='line_1_125' title="bbox 2089 5683 3751 5757; baseline 0.001 -19"><span class='ocrx_word' id='word_1_982' title='bbox 2089 5686 2179 5753; x_wconf 79' lang='grc' dir='ltr'>Μὴ</span> <span class='ocrx_word' id='word_1_983' title='bbox 2224 5683 2333 5753; x_wconf 79' lang='grc' dir='ltr'>γὰρ</span> <span class='ocrx_word' id='word_1_984' title='bbox 2360 5684 2544 5747; x_wconf 81' lang='grc' dir='ltr'>ἁπλῶς</span> <span class='ocrx_word' id='word_1_985' title='bbox 2576 5701 2632 5737; x_wconf 90' lang='grc' dir='ltr'>σε</span> <span class='ocrx_word' id='word_1_986' title='bbox 2674 5685 2881 5738; x_wconf 78' lang='grc' dir='ltr'>ἐκεῖθεν</span> <span class='ocrx_word' id='word_1_987' title='bbox 2910 5686 3216 5753; x_wconf 48' lang='grc' dir='ltr'>ἀνέστησας</span> <span class='ocrx_word' id='word_1_988' title='bbox 3279 5686 3354 5755; x_wconf 82' lang='grc' dir='ltr'>μὴ</span> <span class='ocrx_word' id='word_1_989' title='bbox 3384 5686 3494 5757; x_wconf 82' lang='grc' dir='ltr'>γὰρ</span> <span class='ocrx_word' id='word_1_990' title='bbox 3516 5689 3637 5757; x_wconf 84' lang='grc' dir='ltr'>εἰκῆ</span> <span class='ocrx_word' id='word_1_991' title='bbox 3658 5687 3751 5740; x_wconf 73' lang='grc' dir='ltr'>καὶ</span> 
     </span>
    </p>
   </div>
   <div class='ocr_carea' id='block_1_126' title="bbox 2098 5766 3756 5836">
    <p class='ocr_par' dir='ltr' id='par_1_126' title="bbox 2098 5766 3756 5836">
     <span class='ocr_line' id='line_1_126' title="bbox 2098 5766 3756 5836; baseline 0 -17"><span class='ocrx_word' id='word_1_992' title='bbox 2098 5767 2273 5834; x_wconf 77' lang='grc' dir='ltr'>μάτην</span> <span class='ocrx_word' id='word_1_993' title='bbox 2295 5766 2539 5820; x_wconf 78' lang='grc' dir='ltr'>ἐνθεῦθὲν</span> <span class='ocrx_word' id='word_1_994' title='bbox 2588 5784 2645 5819; x_wconf 88' lang='grc' dir='ltr'>σε</span> <span class='ocrx_word' id='word_1_995' title='bbox 2690 5769 2924 5836; x_wconf 78' lang='grc' dir='ltr'>ῆγαγον;</span> <span class='ocrx_word' id='word_1_996' title='bbox 2972 5768 3066 5821; x_wconf 78' lang='grc' dir='ltr'>Διά</span> <span class='ocrx_word' id='word_1_997' title='bbox 3121 5770 3272 5822; x_wconf 74' lang='grc' dir='ltr'>τοῦτο</span> <span class='ocrx_word' id='word_1_998' title='bbox 3315 5786 3373 5821; x_wconf 81' lang='grc' dir='ltr'>σε</span> <span class='ocrx_word' id='word_1_999' title='bbox 3431 5768 3756 5823; x_wconf 79' lang='grc' dir='ltr'>καταλαϐεῖν</span> 
     </span>
    </p>
   </div>
  </div>
