4058 6388
245 418 341 473 3“
1283 410 1345 465 IN
1385 409 1537 465 CAP.
1584 407 1698 463 XV.
1732 406 1845 463 GEP

1952 437 1975 461 ..
2004 404 2231 461 ηυδιιιι.
2276 404 2538 472 XXXVII.

249 542 421 584 matus
452 530 759 584 indecentes
774 538 827 584 et
852 542 947 597 spe
972 525 1235 581 mercedis
1263 524 1501 578 laborum
1534 522 1836 575 molestiam

245 624 605 677 sublevemus.
652 622 858 678 Sufﬁcit
900 622 1041 676 enim
1070 620 1333 673 bonorum
1379 631 1524 687 spes,
1584 625 1639 667 ut
1677 615 1836 667 etiam

250 712 482 778 pericula
504 711 758 766 audacter
780 710 1151 781 aggrediamur
1182 724 1194 759 :
1219 717 1420 776 quanto
1447 706 1613 773 magis
1644 712 1699 756 ιιι
1728 700 1839 756 vir-

248 803 373 855 tutis
402 802 611 855 labores
654 801 862 854 fortiter
902 799 1175 854 feramus?
1205 796 1425 865 Quando
1474 798 1615 849 enim
1656 795 1840 847 animo

246 907 452 955 vetsas,
486 893 528 945 si
558 892 624 947 ad
676 893 836 946 breve
868 900 1076 962 tempus
1113 889 1424 953 certaveris,
1483 900 1537 941 et
1586 885 1841 956 fulgidam

247 974 546 1040 servbveris
588 985 906 1053 virginitatis
950 982 1287 1052 lampadem,
1337 990 1387 1034 te
1431 980 1636 1034 beatam
1678 978 1840 1031 vitam

246 1085 702 1145 rnttsequttturum
732 1090 871 1139 esse,
916 1084 1121 1128 etcum
1164 1085 1364 1141 sponso
1420 1071 1618 1139 intrare
1661 1084 1838 1139 posse.

246 1165 405 1220 tundo
433 1181 686 1221 accensas
709 1166 904 1219 habeas
930 1162 1224 1232 lampades,
1252 1170 1307 1219 et
1329 1160 1603 1215 sufllciens
1624 1160 1801 1213 oleum
1823 1171 1838 1221 ;

246 1258 508 1313 bonorum
539 1274 764 1327 operum
814 1258 1078 1310 actionem
1098 1294 1115 1318 ,
1150 1254 1366 1332 inquam
1396 1270 1409 1305 :
1438 1250 1707 1323 quomodo
1734 1265 1840 1302 non

244 1365 366 1404 cum
398 1351 541 1403 omni
576 1349 825 1403 facilitate
850 1346 1081 1401 difficilia
1110 1345 1289 1399 omnia
1342 1354 1705 1397 transcurrere
1746 1355 1843 1409 po-

246 1441 395 1504 teris,
421 1440 661 1508 cOgitans
706 1428 832 1493 illud
861 1437 1002 1507 quod
1031 1452 1060 1490 a
1097 1435 1255 1491 beato
1284 1433 1448 1489 Paulo
1477 1432 1679 1486 dictum
1716 1441 1794 1485 est
1823 1446 1837 1483 :

245 1530 433 1584 Pacem
462 1532 718 1584 sectamini
741 1546 853 1583 cum
876 1529 1128 1595 omnibus,
1160 1536 1209 1582 et
1230 1526 1703 1593 sanctiﬁcationem,
1735 1525 1845 1577 sine

242 1638 343 1690 qua
373 1622 546 1674 nullus
572 1622 755 1675 videbit
807 1621 1081 1673 Dominum
1123 1618 1310 1685 (Hebr.
1342 1617 1430 1672 12.
1480 1615 1623 1687 f4)?
1655 1616 1840 1669 Vidisti

242 1712 513 1781 quomodo
568 1712 977 1766 sanctificatinni
1023 1724 1206 1779 pacem
1257 1706 1579 1789 conjunxit?‘
1625 1706 1756 1760 Nam
1788 1715 1842 1759 ιιι

242 1804 476 1856 sciamus
496 1818 619 1856 eum
642 1818 745 1855 non
773 1803 947 1856 solum
968 1801 1207 1869 corporis
1232 1798 1513 1868 puritatem
1544 1797 1840 1866 requirere,

245 1892 337 1945 sed
362 1905 411 1946 et
442 1907 648 1960 pareat,
684 1893 798 1946 haec
820 1899 1118 1961 Opportune
1140 1898 1549 1949 commemorat,
1595 1888 1844 1956 utrinque

248 1981 434 2034 volens
485 1982 714 2045 munire,
770 1989 825 2034 ut
862 1988 919 2035 et
968 1980 1319 2049 cogitationes
1355 1977 1627 2041 sedemus,
1671 1978 1739 2030 ita
1789 1986 1844 2029 ιιι

246 2071 387 2125 nulla
415 2072 486 2127 sit
519 2072 569 2126 in
616 2071 771 2126 nobis
825 2071 1075 2134 turbatio,
1107 2069 1389 2139 nullusque
1429 2067 1686 2122 tumultus
1713 2084 1727 2119 :
1750 2065 1843 2120 sed

246 2163 297 2215 in
330 2162 710 2233 tranquillitate
735 2174 787 2217 et
816 2162 993 2230 quiete
1027 2174 1337 2224 versemur,
1366 2169 1421 2213 et
1453 2172 1574 2211 cum
1597 2155 1845 2210 omnibus

246 2256 464 2325 pacitlee
484 2270 707 2325 agamus
730 2265 782 2309 et
805 2254 1067 2308 mansueti
1089 2254 1254 2306 simus
1278 2262 1330 2305 et
1348 2251 1504 2304 mites
1523 2257 1579 2303 et
1605 2247 1841 2313 humani,

244 2358 403 2419 atque
446 2349 581 2401 adeo
613 2359 669 2402 ut
696 2362 884 2402 omnes
914 2348 1129 2401 virtutis
1156 2347 1366 2400 colores
1396 2346 1445 2398 in
1488 2344 1624 2397 facie
1660 2353 1844 2396 nostra

244 2441 517 2494 reluceant
553 2440 625 2494 Ita
644 2440 783 2493 enim
806 2439 1059 2509 deinceps
1080 2437 1368 2507 etgloriam
1393 2436 1674 2507 praesentis
1696 2434 1841 2499 vitte,

246 2529 541 2597 poterimus
568 2530 848 2597 despicere
894 2544 1079 2582 veram
1106 2527 1333 2598 gloriam
1384 2525 1759 2596 prirferentes,
1791 2533 1846 2577 et

245 2618 559 2672 humilitatis
587 2619 843 2687 majorem
874 2618 1069 2672 habere
1095 2633 1300 2683 curam,
1327 2617 1607 2686 ridereque
1628 2629 1843 2669 omnem

247 2711 523 2778 prmsentis
552 2711 673 2763 vitae
698 2710 1128 2778 prosperitatem,
1155 2718 1211 2763 ut
1242 2724 1362 2762 vera
1391 2718 1446 2762 et
1475 2707 1643 2761 so'ida
1673 2704 1844 2760 felici-

247 2810 353 2854 tate
401 2801 661 2865 :‘ruztmur,
701 2810 756 2853 et
778 2799 1055 2854 Christum
1095 2800 1280 2853 videre
1330 2812 1652 2853 mereamur.
1699 2794 1846 2847 Beati

242 2891 409 2954 cnim,
443 2890 632 2957 inquit,
673 2890 789 2957 puri
810 2891 982 2958 corde,
1008 2893 1247 2961 quoniam
1291 2888 1389 2958 ipsi
1416 2887 1581 2940 Deum
1610 2885 1847 2940 videbunt

243 2978 459 3048 (Matth.
490 2981 543 3034 5.
577 2980 658 3050 8).
686 2980 1038 3034 Purilicemus
1086 2981 1262 3049 itaque
1293 2989 1527 3035 nostram
1561 2978 1843 3032 conscien-

247 3072 395 3138 tiam,
418 3082 473 3124 et
517 3086 707 3140 magna
754 3086 879 3124 cura
904 3072 1068 3124 vitam
1105 3080 1341 3123 nostram
1375 3069 1847 3139 gubernentus,_ut

242 3179 365 3219 cum
392 3177 711 3233 prmscntem
736 3164 895 3218 vitam
926 3164 977 3217 in
1005 3165 1150 3218 omni
1171 3165 1423 3216 virtutum
1444 3177 1639 3231 genere
1667 3171 1845 3214 trans-

245 3254 485 3319 ierimus,
533 3255 720 3307 hnrutn
749 3254 988 3309 laborum
1016 3252 1235 3323 prtemia
1261 3268 1566 3307 mereamur
1604 3252 1848 3321 accipere

247 3346 299 3397 in
335 3344 514 3399 futuro
534 3345 754 3408 sat-cuin,
779 3344 943 3413 gratia
974 3343 1411 3397 etmisericordia
1444 3342 1653 3395 Domini
1679 3343 1845 3395 nostri

244 3434 374 3489 Jesu
396 3435 617 3499 Christi,
652 3436 734 3488 cui
762 3449 882 3487 cum
918 3434 1074 3487 Patre
1103 3442 1157 3487 et
1185 3443 1373 3486 sancto
1401 3432 1601 3500 Spiritu
1628 3432 1697 3485 sit
1725 3431 1843 3500 glo-

248 3525 349 3589 ria,
378 3525 682 3592 imperium,
728 3524 921 3590 honor,
952 3539 1093 3577 nunc
1140 3530 1196 3577 et
1223 3537 1460 3592 semper,
1491 3531 1546 3576 et
1574 3524 1623 3575 itt
1651 3523 1846 3576 sa‘cula

248 3618 589 3672 saeculorum.
628 3621 819 3670 Amen.

749 3706 1023 3761 IIOMILIA
1080 3706 1343 3760 XXXVII.

252 3797 587 3853 Dixitautem
617 3799 660 3851 ei
688 3814 707 3851 :
735 3797 847 3869 Ego
897 3815 1010 3851 sum
1037 3797 1173 3850 Deus
1192 3837 1207 3862 ,
1239 3799 1321 3867 qui
1368 3796 1516 3850 eduxi
1548 3807 1594 3849 te
1620 3796 1682 3847 de
1712 3806 1848 3849 terra

322 3889 700 3952 Chatdteorum,
731 3899 785 3942 ut
830 3891 1004 3943 darent
1032 3891 1121 3943 tibi
1151 3900 1336 3943 terram
1366 3890 1517 3954 lianc,
1546 3897 1601 3941 ut
1627 3889 1679 3942 in
1706 3890 1847 3942 here-

321 3981 532 4033 ditatem
559 3981 822 4048 possideas
851 3996 984 4033 eant.
1013 3978 1154 4033 Dixit
1174 3989 1343 4033 autent
1382 3996 1401 4033 :
1449 3979 1685 4044 Domine,
1732 3977 1847 4032 Do—

321 4072 458 4124 mine
474 4112 490 4136 ,
516 4071 789 4124 secundum
807 4072 930 4141 quid
957 4086 1255 4141 cognoscam
1281 4072 1417 4141 quod
1443 4073 1494 4125 in
1521 4071 1850 4125 hereditatem

321 4162 568 4232 accipiam
593 4178 703 4216 eam
730 4160 878 4233 (Gen.
907 4164 992 4218 15.
1025 4179 1071 4217 υ.
1106 4165 1157 4235 77.
1192 4164 1285 4233 c)?

324 4254 378 4308 1.
409 4253 693 4325 Scriptum
717 4257 891 4309 virtus.
920 4255 1107 4310 Divina
1133 4257 1371 4327 dogntata
1390 4264 1633 4327 quantum
1668 4255 1849 4307 Itunta-

252 4346 333 4400 nis
386 4344 708 4401 antecellunt.
754 4376 825 4387 —-
866 4348 1051 4418 Magna
1110 4348 1306 4403 divina:
1346 4349 1637 4419 Scriptura:
1683 4349 1850 4403 virtus

252 4448 355 4506 est,
382 4448 437 4492 ct
458 4439 637 4493 multa:
664 4439 716 4493 in
761 4440 943 4493 verbis
989 4443 1154 4495 latent
1199 4442 1584 4496 sententiarum
1623 4442 1845 4495 ιιίνίιίεε.

254 4527 381 4583 Ideo
426 4543 520 4597 par
552 4538 634 4583 est
678 4538 737 4583 ut
781 4530 1063 4599 diligenter
1118 4531 1474 4597 intendamus,
1518 4540 1574 4586 et
1623 4532 1849 4587 sollicite

254 4632 579 4689 scrutemur,
624 4639 731 4693 quo
758 4626 1073 4694 ampliorem
1108 4626 1393 4680 utilitatem
1425 4626 1551 4681 inde
1580 4606 1849 4697 percipia-

255 4728 398 4770 ltus.
425 4713 559 4768 Nam
585 4726 803 4784 propter
824 4714 927 4769 hoc
951 4726 1003 4769 et
1030 4716 1277 4771 Christus
1322 4710 1803 4788 pra'cepit,dicen‘s
1834 4736 1846 4773 :

255 4804 569 4862 Scrutantini
608 4804 902 4875 Scripter
947 4807 1123 4877 (Joan.
1172 4809 1225 4862 5.
1252 4809 1355 4878 59)
1389 4827 1399 4859 :
1427 4818 1484 4863 ut
1508 4824 1613 4862 non
1644 4819 1847 4863 tantum

256 4894 415 4950 nudae
448 4894 670 4949 lectioni
723 4910 993 4966 vacemus,
1036 4897 1129 4951 sed
1173 4897 1485 4966 profundius
1525 4909 1847 4963 scrutantes,

254 5003 446 5051 verum
478 4987 769 5056 Scriptura:
795 5004 1010 5043 sensum
1054 4992 1331 5059 percipere
1370 4992 1665 5045 valeamus.
1707 4992 1851 5047 Talis

256 5079 400 5133 enim
430 5077 719 5147 Scriptum
765 5092 882 5132 mos
931 5088 1035 5144 est,
1061 5090 1117 5133 ut
1147 5090 1201 5134 et
1226 5082 1277 5133 in
1326 5082 1500 5150 parvis
1530 5082 1707 5137 verbis
1738 5084 1853 5151 plu-

258 5168 395 5223 rima
447 5183 603 5238 saepe
643 5168 927 5223 multitudo
979 5184 1230 5223 sensuum
1278 5172 1597 5226 inveniatur.
1665 5174 1849 5228 Divina

255 5260 399 5314 enim
420 5268 546 5313 sunt
572 5253 841 5328 dogmata,
872 5275 976 5314 non
1005 5259 1255 5327 humana,
1286 5274 1339 5315 et
1366 5272 1582 5333 propter
1609 5264 1710 5317 hoc
1736 5279 1853 5318 om-

258 5364 379 5405 nem
409 5349 555 5404 illam
585 5349 766 5405 videre
812 5352 936 5405 licet
972 5365 1129 5406 secus
1158 5366 1216 5405 se
1255 5352 1451 5407 habere
1477 5369 1635 5422 quam
1663 5353 1855 5407 huma-

258 5457 380 5497 nam
417 5442 753 5512 sapientiam.
799 5446 863 5498 Et
893 5446 1162 5515 quomodo
1194 5447 1316 5511 hoc,
1347 5462 1448 5517 ego
1496 5448 1691 5501 dit-am.
1742 5447 1853 5503 Illic

257 5537 423 5601 enim,
452 5538 503 5590 in
533 5535 762 5591 humana
792 5537 1047 5608 sapientia
1094 5537 1233 5603 dico,
1266 5554 1429 5593 omne
1460 5541 1695 5594 studium
1722 5556 1851 5594 con-

259 5628 538 5683 cinnandis
558 5629 736 5684 verbis
764 5630 1057 5683 adhibitum
1080 5642 1161 5684 est
1198 5647 1212 5685 :
1242 5632 1325 5685 hic
1350 5648 1474 5686 vero
1506 5648 1725 5701 prorsus
1755 5634 1850 5687 ali-

263 5729 364 5773 ter.
395 5720 605 5775 Nullam
654 5722 943 5792 Scriptura:
978 5722 1173 5777 habent
1216 5724 1473 5777 rationem
1506 5725 1850 5792 pulchritudi-

264 5815 346 5871 nis
368 5816 450 5871 vel
487 5818 887 5887 compositionis
915 5816 1197 5871 verborum
1247 5832 1257 5867 :
1300 5815 1496 5871 habent
1535 5819 1675 5873 enim
1710 5821 1759 5874 in
1790 5836 1847 5876 se

3450 406 3555 463 351

1949 517 2184 572 divinam
2198 518 2419 587 gratiam
2433 517 2797 589 eﬂ‘ulgentcm,
2825 528 2871 571 ct
2893 519 3339 586 pulchritudinem
3363 522 3413 573 in
3440 522 3551 589 ipsa

1947 614 2231 665 vet-horum
2262 614 2468 666 ratione
2499 612 2679 665 sitam.
2706 612 2770 665 Et
2804 612 2908 665 illic
2943 612 3159 681 quidem
3193 621 3313 680 post
3339 614 3550 682 longam

1948 718 1999 761 et
2047 710 2312 777 ingentem
2380 708 2735 777 nugacitatem
2784 704 2980 775 aliquid
3023 720 3215 759 sensus
3264 704 3540 774 percipere

1948 810 2065 853 est:
2098 798 2181 851 hic
2203 808 2402 862 autem,
2425 808 2482 851 ut
2502 796 2668 860 scitis,
2701 796 2862 849 etiam
2892 810 3052 864 parva
3091 795 3260 849 dictio
3294 808 3439 864 smpe
3462 804 3549 848 to-

1950 899 2059 942 tum
2091 888 2246 942 nobis
2274 888 2533 942 doctrinm.
2559 902 2871 942 sermonem
2910 885 3206 940 contexuit.
3259 884 3551 953 Propterea

1948 992 2003 1037 et
2030 982 2165 1044 heri,
2197 982 2465 1051 proposita
2497 982 2645 1035 vobis
2674 982 2966 1049 Scriptura:
2990 980 3244 1040 lectionis,
3278 979 3380 1033 sub
3428 979 3549 1047 ipso

1948 1074 2197 1137 exordio,
2227 1075 2348 1142 quia
2364 1074 2587 1127 multum
2608 1073 2911 1127 invenimus
2932 1087 3189 1127 sensuum
3216 1073 3553 1133 thesaurum,

1949 1181 2055 1218 non
2088 1166 2358 1233 potuimus
2386 1166 2525 1218 ultra
2554 1164 2828 1235 progredi,
2857 1174 2915 1219 ut
2950 1180 3015 1218 ue
3056 1164 3325 1217 dictorum
3368 1162 3553 1215 multi-

1951 1256 2139 1311 tudine
2170 1256 2485 1311 memoriam
2528 1266 2761 1310 vestram
2790 1256 3162 1317 obrut~remus,
3192 1264 3245 1307 et
3266 1254 3377 1323 jam
3409 1254 3556 1307 dicta

1948 1344 2375 1399 obliteraremus.
2436 1344 2558 1400 Ideo
2600 1346 2845 1400 eamdem
2898 1346 3096 1397 seriem
3128 1345 3425 1412 attingere,
3460 1344 3554 1397 he-

1947 1437 2255 1506 sternisque
2281 1436 2439 1492 dictis
2464 1452 2527 1492 ea
2552 1453 2671 1511 quae
2714 1438 2874 1491 hodie
2917 1438 3141 1492 dicenda
3174 1446 3296 1490 sunt
3323 1436 3443 1489 vnlo
3464 1450 3555 1490 ρος

1949 1528 2135 1596 pulare
2158 1568 2175 1591 ,
2208 1536 2267 1581 ut
2305 1528 2374 1581 ita
2421 1538 2665 1582 enarrata
2691 1528 2919 1582 lectione
2963 1536 3073 1581 tota
3103 1542 3199 1580 vos
3229 1526 3350 1580 hinc
3377 1527 3560 1581 dimit-

1952 1625 2079 1668 tam.
2108 1616 2236 1679 Sed,
2266 1632 2385 1681 oro,
2412 1613 2481 1670 iis
2496 1618 2886 1686 quiedicuntur
2907 1618 3214 1673 auscultate
3251 1617 3552 1686 diligenter.

1940 1710 2081 1765 Nam
2109 1712 2209 1764 etsi
2236 1710 2386 1763 labor
2428 1718 2632 1774 noster,
2664 1710 2860 1765 utilitas
2898 1721 3073 1764 tamen
3106 1722 3280 1763 ves:ra
3311 1719 3413 1773 est,
3448 1709 3560 1762 imo

1948 1801 2268 1854 communis.
2302 1800 2365 1853 Et
2386 1800 2517 1868 quid
2541 1799 2662 1854 dico
2693 1800 2843 1853 labor
2861 1798 3086 1854 noster?
3115 1799 3333 1853 Minime
3364 1808 3550 1864 certe;

1949 1891 2043 1945 sed
2076 1891 2273 1945 duuutn
2296 1901 2372 1945 est
2402 1892 2586 1960 gratia:
2618 1891 2733 1944 Dei.
2757 1889 2893 1943 Cum
2923 1892 3220 1945 attentione
3248 1890 3408 1960 igitur
3434 1905 3555 1945 sus-

1948 1984 2211 2054 cipiamus
2248 1999 2309 2037 ea
2336 1999 2455 2052 tlllil‘
2474 2000 2505 2037 a
2531 1984 2638 2037 Deo
2659 1984 2948 2049 donantur,
2968 1992 3025 2036 ut
3060 1983 3183 2037 hinc
3204 1981 3550 2037 lucrifacicn-

1952 2085 2030 2130 tes
2074 2075 2271 2146 aliquid
2323 2078 2375 2129 in
2427 2076 2723 2129 animarum
2776 2076 3052 2140 salutent,
3109 2075 3233 2129 inde
3276 2076 3554 2130 abeamus.

1950 2166 2075 2222 Ideo
2097 2168 2239 2222 enim
2263 2168 2502 2237 quotidie
2523 2166 2856 2234 spiritualent
2889 2164 3028 2219 hanc
3057 2166 3211 2219 Vobis
3236 2165 3560 2234 apponituus

1952 2271 2216 2324 mensam,
2242 2267 2299 2310 ut
2318 2257 2683 2311 admonitione
2710 2256 2962 2310 continua
2989 2264 3043 2309 et
3070 2258 3234 2309 multa
3251 2255 3554 2310 divinarum

1949 2348 2343 2421 Scripturarum
2384 2347 2731 2401 meditatione
2768 2362 2958 2419 omnes
3003 2347 3223 2416 maligni
3278 2346 3545 2400 damonis

1949 2440 2298 2493 excludatnus
2343 2440 2588 2494 insidias.
2622 2438 2755 2493 Cum
2788 2441 2931 2493 enim
2978 2455 3075 2493 nos
3101 2439 3297 2494 viderit
3326 2428 3554 2493 multum

1950 2529 2002 2583 in
2037 2529 2403 2598 spiritualibus
2454 2530 2726 2599 occupari,
2770 2543 2876 2583 non
2932 2530 3105 2584 solum
3158 2545 3265 2584 non
3320 2530 3560 2596 invadet,

1950 2620 2043 2673 sed
2090 2634 2261 2688 neque
2290 2618 2503 2673 obtueri
2532 2620 2752 2674 audebit
2782 2636 2795 2672 :
2826 2620 3002 2675 sciens
3030 2634 3088 2673 se
3127 2620 3179 2673 in
3215 2635 3409 2672 vanum
3445 2634 3561 2673 mo-

1955 2708 2059 2771 liri,
2084 2718 2139 2763 et
2168 2709 2426 2763 adversus
2455 2718 2614 2779 caput
2655 2724 2811 2764 suum
2853 2726 3019 2765 ausus
3062 2725 3190 2764 suos
3218 2718 3560 2767 Convertere.

1951 2802 2062 2869 Age
2084 2800 2241 2869 igitur
2261 2800 2329 2854 he
2362 2801 2498 2854 terni
2522 2802 2791 2855 sermonis
2811 2804 3036 2871 repetita
3060 2801 3220 2863 serie,
3245 2799 3393 2871 quod
3423 2800 3555 2857 roli-

1949 2907 2112 2960 qnutu
2141 2890 2238 2944 fuit
2262 2905 2597 2945 cnarrcmus.
2629 2891 2767 2957 Quid
2808 2902 2988 2946 autem
3033 2890 3146 2944 lteri
3179 2892 3382 2944 dictum
3423 2888 3603 2953 fuitk

1951 2983 2371 3036 Promissionem
2410 2998 2570 3052 quam
2611 2982 2752 3036 Deus
2794 2982 2917 3036 fecit
2960 2982 3116 3035 Abrae
3146 2979 3559 3055 descripsimus,

1953 3073 2041 3126 ubi
2072 3073 2353 3142 imperavit
2380 3073 2430 3127 ei
2452 3084 2512 3127 ut
2538 3074 2837 3143 suspiceret
2864 3073 2916 3125 in
2949 3073 3139 3125 cat-lum
3160 3112 3173 3135 ,
3204 3081 3258 3125 et
3285 3080 3556 3140 Spectaret

1951 3164 2224 3240 stellarum
2274 3164 2688 3218 multitudinem.
2726 3162 2957 3217 Numera
3007 3165 3149 3216 enim
3172 3204 3187 3227 ,
3220 3163 3409 3231 inquit,
3442 3163 3564 3216 stet-

1952 3256 2049 3321 las,
2080 3254 2129 3309 si
2148 3256 2334 3325 poteris
2364 3270 2449 3308 eas
2474 3271 2761 3308 numerare.
2784 3253 2852 3307 Et
2874 3255 3075 3306 dixit'ei
3108 3269 3126 3307 :
3152 3253 3243 3307 Sic
3274 3254 3367 3306 erit
3392 3269 3561 3306 semen

1953 3356 2117 3400 tuum.
2141 3346 2342 3401 Deinde
2360 3362 2481 3401 cum
2499 3346 2893 3401 demonstraret
2908 3343 3066 3400 nobis
3076 3345 3260 3399 divina
3285 3345 3563 3413 Scriptura

1952 3438 2257 3508 religiosam
2290 3438 2604 3507 patriarcha:
2635 3446 2891 3500 mentem,
2940 3445 2995 3490 et
3020 3420 3293 3506 quomodo
3342 3435 3407 3489 ad
3437 3449 3563 3503 pro-

1953 3532 2253 3584 mittentem
2280 3530 2576 3600 respiciens
2603 3569 2618 3595 ,
2649 3537 2704 3582 et
2748 3528 3039 3597 potentiam
3086 3528 3447 3596 promittentis
3468 3542 3563 3580 cn-

1952 3622 2127 3689 gitans
2155 3662 2171 3685 ,
2226 3618 2515 3673 crediderit
2565 3618 2741 3683 dictis,
2797 3617 2968 3670 dicit:
2999 3616 3066 3669 Et
3117 3618 3337 3669 credidit
3375 3615 3565 3668 Abram

1958 3713 2086 3778 Deo,
2115 3722 2162 3765 et
2206 3720 2504 3781 reputatum
2546 3720 2618 3764 est
2646 3712 2690 3763 ei
2716 3712 2767 3762 in
2778 3711 3061 3779 justitiam.
3114 3709 3402 3776 Ilttcusque
3450 3706 3566 3760 lteri

1953 3818 2258 3859 sermonem
2288 3802 2654 3872 produximus,
2691 3816 2864 3870 neque
2894 3800 3117 3853 ulterius
3161 3798 3407 3868 progredi
3464 3812 3561 3867 po-

1956 3898 2154 3951 tuimus
2184 3914 2199 3950 :
2226 3895 2347 3949 ideo
2364 3909 2545 3964 operte
2574 3893 2805 3962 pretium
2828 3900 2913 3947 est
2941 3901 2998 3945 ttt
3026 3891 3288 3945 addamus
3320 3905 3562 3960 sequen-

1952 3991 2048 4046 tia.
2072 3988 2207 4053 Quid
2238 4002 2365 4057 ergo
2382 3984 2547 4040 dicit?
2569 3985 2623 4038 7.
2639 3982 2781 4036 Dixit
2803 3993 2973 4035 autem
2988 3980 3243 4035 Dominus
3260 3982 3579 4037 ad-‘Abram:

1957 4082 2067 4153 Ego
2098 4099 2210 4136 sum
2236 4080 2397 4148 Dus,
2437 4080 2523 4149 qui
2547 4078 2701 4131 eduxi
2733 4086 2780 4130 te
2820 4078 2881 4130 de
2909 4086 3045 4130 terra
3075 4071 3454 4161 Chaldfeorum,
3508 4083 3564 4126 ut

1954 4175 2132 4228 darem
2160 4173 2248 4226 tibi
2275 4182 2463 4226 terram
2514 4170 2665 4235 hanc,
2710 4178 2765 4222 ut
2810 4169 2863 4221 in
2912 4168 3240 4222 hereditatem
3279 4166 3567 4235 possideres

1955 4282 2087 4319 eam.
2123 4265 2257 4323 Vide
2287 4260 2557 4333 quomodo
2588 4262 2727 4315 Deus
2758 4274 2817 4314 se
2864 4259 3115 4311 humanae
3147 4248 3445 4311 infirmitati
3472 4265 3577 4331 ιιι--Δ

1955 4366 2234 4425 temperet,
2268 4352 2537 4423 quomodo
2567 4352 2723 4405 fidem
2752 4350 2892 4404 illitis
2918 4338 3285 4403 corroborare~
3305 4348 3452 4409 velit,
3482 4336 3566 4401 ei-

1954 4466 2058 4519 que
2086 4446 2409 4517 persuadere
2434 4444 2786 4512 utdeiisqua:
2804 4443 3065 4512 promisso
3094 4439 3307 4494 fuerant
3337 4438 3557 4493 minime

1954 4540 2157 4594 dubitet
2182 4537 2361 4607 :qnasi
2392 4536 2631 4591 dicetet:
2662 4536 2864 4589 Memor
2883 4545 3019 4599 esto,
3044 4548 3129 4586 me
3152 4548 3182 4585 a
3208 4532 3368 4586 demo
3400 4542 3485 4583 tua
3518 4540 3567 4585 tu

1954 4632 2279 4687 evocavisse.
2304 4628 2463 4684 Certe
2483 4642 2601 4699 qua:
2621 4644 2649 4680 a
2680 4628 2903 4682 Domino
2928 4628 3034 4681 Deo
3055 4628 3305 4681 dicuntur
3322 4640 3563 4679 cintsona

1955 4731 2079 4776 sunt
2104 4721 2244 4776 beati
2267 4720 2521 4788 Stephani
2543 4718 2718 4781 dictis,
2748 4719 2911 4787 quiet
2932 4720 2997 4773 de
3025 4718 3269 4778 domo,et
3297 4717 3364 4770 de
3391 4715 3565 4769 Chal-

1955 4812 2069 4867 dma
2102 4811 2312 4865 Domini
2357 4818 2622 4879 prsuceptt
2652 4819 2933 4863 evocatum
2960 4824 3082 4863 eum
3115 4807 3243 4861 dicit
3274 4806 3427 4877 (Aet.
3460 4808 3490 4860 7
3520 4808 3561 4877 ).

1958 4905 2027 4960 Et
2053 4904 2169 4974 ejus
2194 4904 2475 4958 sententia:
2505 4903 2838 4970 obsequutus
2863 4913 3033 4969 pater.
3062 4912 3111 4953 et
3145 4909 3206 4952 ut
3232 4910 3387 4953 antea
3417 4899 3562 4953 dixi.

1959 5012 2098 5062 mus,
2125 4996 2368 5067 quamvis
2396 4994 2623 5049 infidelis
2654 5006 2821 5059 esset,
2851 5009 3093 5063 magnam
3122 5001 3298 5045 tamen
3328 4993 3563 5045 societa-

1961 5094 2033 5147 tis
2052 5105 2268 5147 causam
2313 5089 2536 5153 habens,
2568 5103 2761 5157 nempe
2807 5088 2897 5142 lilii
2946 5102 3210 5153 amorem,
3240 5086 3339 5139 via:
3380 5102 3566 5142 comes

1958 5182 2064 5239 fuit
2107 5191 2161 5238 et
2190 5182 2343 5236 exiit.
2384 5182 2562 5251 Itaque
2592 5181 2642 5233 itt
2675 5189 2905 5232 utentem
2936 5178 2983 5232 ei
3028 5187 3243 5231 revocat
3278 5176 3378 5230 ltoc
3417 5178 3563 5243 loco,

1958 5284 2211 5344 quantam
2239 5276 2305 5330 ab
2336 5274 2489 5328 initio
2519 5273 2635 5343 ejus
2662 5286 2843 5326 curant
2898 5269 3157 5339 gesserit,
3202 5269 3484 5323 declarans
3510 5270 3562 5323 ei

1958 5380 2019 5419 se
2056 5375 2112 5419 ut
2133 5380 2254 5419 eum
2284 5365 2349 5419 ad
2374 5380 2563 5433 magna
2590 5362 2929 5432 provelteret,
2952 5370 3007 5416 et
3025 5371 3100 5415 tot
3133 5361 3203 5413 illi
3237 5360 3373 5415 bona
3405 5361 3563 5428 pulli-

1958 5464 2170 5509 ceretur
2196 5465 2247 5508 et
2271 5455 2534 5523 impleret,
2564 5464 2766 5508 tantum
2796 5452 3001 5507 itineris
3018 5455 3288 5506 enuticere
3308 5452 3555 5519 jIlSSISSO.

1963 5544 2070 5614 Ego
2093 5560 2204 5597 sum
2232 5542 2392 5611 Deus,
2419 5546 2505 5615 qui
2531 5546 2684 5599 eduxi
2710 5554 2757 5598 te
2781 5544 2844 5597 de
2868 5544 3073 5613 regione
3091 5541 3469 5603 Chuldteorum,
3506 5552 3558 5593 ut

1958 5637 2133 5688 darem
2185 5635 2273 5688 tibi
2320 5646 2507 5690 terram
2556 5636 2708 5700 hanc,
2742 5646 2795 5687 ut
2826 5636 2876 5687 in
2915 5634 3243 5688 hereditatem
3274 5630 3558 5701 possideres

1959 5744 2090 5781 eam.
2123 5726 2259 5781 Nttut
2288 5737 2339 5782 te
2382 5730 2583 5797 absque
2610 5743 2768 5782 causa
2816 5728 2958 5782 illinc
2987 5724 3245 5782 chCavi?
3290 5740 3415 5778 nunt
3450 5723 3558 5777 fru-

1959 5830 2063 5876 stra
2095 5830 2146 5875 et
2177 5821 2229 5875 in
2272 5837 2458 5876 vanum
2492 5830 2539 5875 te
2568 5822 2711 5875 illinc
2739 5820 2940 5875 eduxi?
2964 5819 3254 5887 l‘roptcrca
3282 5834 3380 5888 ego
3407 5832 3551 5888 pra--
