4058 6416
513 395 615 450 3-35

512 510 622 577 Cepi
653 517 710 562 ut
740 517 789 562 te
815 509 864 562 in
890 507 1220 562 Palmstinam
1242 505 1540 568 conferres,
1569 513 1624 558 et
1651 503 1832 557 relicta
1857 510 2076 570 paterna

513 597 675 651 domo
707 598 917 653 venires
958 598 1008 651 in
1055 606 1244 650 terram
1304 594 1478 660 hanc,
1527 604 1586 647 ut
1637 593 1688 646 in
1745 590 2090 645 hereditatem

475 739 480 743 ,
517 701 635 741 eam
664 688 982 756 possideres.
1030 686 1282 755 Cogitans
1328 685 1485 753 igitur
1513 692 1706 753 quanta
1737 681 1926 743 fruaris
1975 693 2092 732 mea

520 778 870 845 providentia,
903 793 964 832 ex
992 792 1056 832 eo
1096 784 1336 845 tempore
1363 791 1468 845 quo
1494 775 1798 830 Chaldaeum
1831 770 2092 840 reliquisti

520 884 689 938 usque
715 869 765 922 in
795 882 1027 936 przesens
1048 877 1273 936 tempus,
1307 877 1360 922 et
1402 866 1668 936 quomodo
1705 865 1880 919 clarus
1909 862 2002 924 sis,
2033 876 2094 913 ac

520 971 615 1025 per
641 972 814 1010 meum
841 957 1136 1011 subsidium
1168 967 1222 1010 et
1270 971 1454 1009 curam
1497 954 1737 1023 quotidie
1762 953 1956 1007 clarior
1974 965 2096 1004 eva-

517 1045 634 1108 das,
660 1043 815 1098 dictis
845 1046 978 1123 meis
1007 1044 1232 1099 conlide.
1271 1045 1453 1097 Vidisti
1505 1046 1772 1112 ingentem
1801 1039 2094 1109 benignita-

521 1133 663 1186 tem?
690 1133 861 1186 vidisti
907 1145 1159 1201 quantum
1188 1147 1248 1188 se
1285 1141 1601 1200 attemperet
1628 1131 1810 1184 Deus?
1843 1136 2094 1198 quantum

521 1222 639 1289 ejus
667 1221 894 1275 animam
934 1222 1304 1284 corroborare,
1333 1230 1388 1276 et
1420 1221 1574 1275 [idem
1606 1219 1921 1275 confirmare
1949 1218 2094 1282 velit,

526 1323 583 1366 ut
633 1328 700 1367 ne
737 1313 952 1382 posthac
1006 1313 1072 1366 ad
1115 1323 1319 1368 natura:
1366 1312 1635 1367 obstacula
1679 1318 1918 1378 spectare
1972 1322 2098 1378 pos-

522 1405 593 1459 sit
622 1421 635 1457 :
665 1404 756 1460 sed
784 1407 904 1472 ejus
937 1405 1174 1474 cogitare
1202 1404 1490 1472 potentiam
1518 1403 1605 1472 qui
1635 1399 1905 1470 promisit.
1950 1409 2002 1453 et
2030 1401 2098 1450 ita

523 1495 746 1550 credere
774 1506 828 1550 et
867 1496 1157 1563 conlidere,
1189 1496 1340 1564 quasi
1362 1494 1472 1564 jam
1511 1492 1725 1561 impleta
1767 1497 1949 1544 essent
1975 1504 2099 1558 pro-

532 1587 714 1638 missa.

599 1674 652 1727 2.
699 1675 889 1726 Verum
914 1675 1100 1728 iterum
1122 1672 1336 1728 attende
1361 1680 1416 1727 ct
1437 1671 1808 1743 patriarcham,
1837 1669 2104 1739 quomodo

533 1773 651 1831 post
679 1762 920 1816 ﬁduciam
943 1779 1004 1815 es
1037 1764 1189 1816 dictis
1217 1772 1487 1832 acceptam
1518 1763 1741 1817 certiora
1770 1762 1999 1829 inquirat
2018 1777 2107 1812 ar-

528 1862 800 1922 gumenta.
844 1855 895 1907 8.
927 1852 1067 1906 Dixit
1091 1854 1220 1907 enim
1245 1871 1263 1908 :
1295 1854 1527 1915 Domine,
1560 1853 1794 1915 Domine,
1831 1853 2105 1905 secundum

529 1943 649 2009 quid
669 1959 964 2013 cognoscam
986 1945 1185 2011 quodin
1207 1945 1526 1998 hereditatem
1548 1954 1841 2014 accepturus
1860 1945 1952 1996 sint
1973 1945 2108 1996 eam?

533 2031 764 2085 Tametsi
788 2031 1058 2098 Scriptura
1089 2034 1234 2101 prius
1256 2041 1442 2087 testata
1467 2031 1643 2093 luerit,
1673 2048 1793 2087 eum
1817 2031 2108 2086 credidisse

531 2119 687 2172 dictis
712 2120 825 2183 Dei,
851 2130 903 2174 et
935 2122 1051 2174 ideo
1073 2131 1367 2190 repntatum
1395 2135 1514 2174 esse
1539 2121 1587 2174 ci
1621 2122 1669 2173 in
1694 2121 1976 2188 justitiam,
2013 2136 2107 2174 ve-

535 2218 829 2285 rumtamen
853 2211 970 2280 quia
1002 2213 1198 2264 audivit
1224 2231 1235 2264 :
1268 2213 1486 2280 Pmpter
1510 2211 1610 2266 hoc
1630 2210 1701 2265 Te
1721 2214 1873 2265 eduxi
1898 2215 1959 2265 de
1975 2223 2109 2265 terra

531 2297 788 2358 Cha’detc.
821 2313 870 2352 ut
902 2300 1073 2354 darem
1102 2302 1188 2353 tibi
1214 2315 1396 2354 terram
1438 2303 1588 2367 lianc,
1619 2311 1672 2354 ut
1700 2302 1752 2355 iu
1786 2303 2110 2355 hereditatem

535 2389 815 2455 possideres
842 2405 948 2441 eam
972 2406 991 2452 ;
1019 2390 1146 2443 dicit
1175 2407 1187 2442 :
1222 2390 1314 2444 llis
1347 2392 1557 2460 quidem
1587 2407 1703 2460 qua:
1731 2407 1760 2444 a
1793 2401 1842 2444 te
1863 2391 2112 2445 dicuntur

538 2478 862 2545 impossibile
890 2489 973 2532 est
999 2489 1051 2532 ut
1074 2479 1230 2533 iidem
1260 2497 1362 2534 non
1382 2481 1638 2544 habeam;
1661 2491 1890 2535 attamen
1916 2483 2108 2536 vellem

535 2573 591 2620 et
611 2566 823 2620 modum
849 2567 1052 2622 discere
1079 2585 1185 2640 quo
1214 2585 1329 2624 eam
1372 2572 1422 2624 in
1459 2572 1802 2626 hereditatem
1835 2587 1952 2626 sum
1987 2589 2112 2642 pos-

536 2672 799 2712 sessorus.
832 2658 994 2714 Video
1018 2661 1156 2716 enim
1184 2677 1266 2715 me
1290 2677 1427 2715 nunc
1451 2677 1560 2731 pro;
1582 2661 1830 2714 cmodum
1851 2663 1914 2715 ad
1937 2673 2117 2716 extre-

538 2763 678 2802 mam
709 2760 1033 2804 senectutem
1081 2753 1382 2818 pervenisse
1405 2792 1419 2811 .
1451 2761 1504 2805 et
1531 2768 1696 2822 usque
1724 2752 1775 2806 in
1803 2752 1944 2807 hunc
1971 2751 2110 2806 diem

534 2837 879 2891 obambulare
907 2840 1052 2907 quasi
1093 2854 1369 2906 erronem;
1399 2850 1452 2894 et
1481 2857 1585 2894 non
1627 2856 1840 2910 possum
1882 2843 2113 2896 lnnuana

536 2928 740 2981 ratione
765 2928 1166 2997 deprehendere
1189 2929 1456 2998 quomodo
1479 2931 1579 2985 hoc
1598 2932 1667 2985 sit
1686 2932 1918 2986 futurum
1950 2950 1963 2984 :
1990 2932 2115 2986 licet

539 3018 686 3086 prius
729 3018 1044 3073 crediderim
1072 3018 1225 3074 dictis
1256 3018 1390 3083 tuis,
1438 3028 1700 3089 tamquam
1734 3022 1976 3076 videlicet
2001 3036 2030 3074 a
2063 3032 2114 3077 te

542 3108 780 3176 prolatis,
811 3111 899 3177 qui
934 3119 1084 3178 potes
1108 3109 1158 3162 id
1187 3109 1329 3179 quod
1355 3124 1459 3164 non
1485 3119 1584 3177 est,
1615 3122 1668 3164 ut
1694 3112 1778 3176 sit,
1806 3111 2038 3175 efﬁcere,
2062 3123 2117 3168 et

542 3198 717 3252 omnia
748 3198 919 3276 facere
950 3209 1003 3254 et
1031 3201 1424 3256 transformat-e.
1457 3202 1570 3256 Non
1605 3203 1758 3271 igitur
1792 3212 1848 3257 ut
1881 3203 2116 3258 incredu-

542 3289 623 3342 lns
649 3287 748 3341 hoc
775 3289 1062 3357 interrogo,
1106 3291 1198 3344 sed
1228 3292 1348 3359 quia
1378 3291 1566 3344 iterum
1598 3292 1723 3344 mihi
1765 3292 2112 3347 hereditatem

541 3379 780 3432 nominas
803 3421 816 3444 ,
863 3381 1104 3434 volebam
1133 3391 1187 3435 et
1213 3384 1441 3437 crassius
1479 3392 1639 3453 atque
1668 3384 1861 3439 clarius
1904 3386 2112 3454 signum

539 3468 798 3537 accipere,
825 3471 962 3539 quod
989 3473 1152 3539 possit
1176 3471 1412 3526 inlirmas
1441 3489 1585 3527 meas
1611 3476 1957 3544 cogitationes
1987 3477 2114 3529 soli-

538 3559 689 3614 dare.
715 3561 849 3627 Quid
879 3563 1034 3631 igitur
1063 3563 1237 3618 bonus
1267 3565 1556 3619 Dominus?
1584 3566 1782 3621 Morem
1819 3583 2006 3638 gerens
2035 3567 2115 3621 fa-

543 3650 686 3702 mulo
711 3665 830 3718 suo,
875 3663 929 3705 et
958 3652 1142 3707 volens
1168 3654 1283 3722 ejus
1311 3656 1658 3711 corroborare
1704 3658 1954 3722 animam,
1984 3675 2111 3728 quo-

543 3741 684 3793 niam
736 3742 864 3794 vidit
910 3747 1248 3798 conﬁtentem
1279 3761 1425 3799 suam
1458 3747 1891 3813 imbecillitatem,
1921 3758 1975 3805 et
2001 3766 2118 3805 crc-

540 3831 756 3884 dentem
783 3833 996 3900 quidem
1025 3836 1377 3901 promissioni,
1401 3839 1702 3905 cupientem
1721 3848 1896 3893 autem
1919 3842 2117 3894 certio-

539 3934 596 3973 ra
650 3920 889 3987 qna-dam
934 3933 1242 3991 argumenta
1289 3926 1550 3994 accipere,
1581 3921 1706 3981 dicit
1748 3930 1796 3982 ei
1827 3948 1840 3982 :
1872 3930 1926 3983 9.
1961 3932 2117 3985 Sume

541 4011 661 4062 nti/ti
688 4027 886 4064 vaccam
917 4015 1156 4067 trienuent
1176 4056 1191 4081 ,
1223 4025 1268 4068 et
1297 4033 1504 4084 capram
1538 4020 1738 4071 trimam
1758 4061 1770 4082 ,
1804 4031 1850 4072 et
1889 4022 2114 4087 arietem,

540 4109 584 4152 et
616 4110 874 4164 turturem,
899 4113 942 4155 et
972 4106 1270 4158 columbam.
1303 4106 1434 4162 Vide
1459 4109 1725 4176 quomodo
1754 4126 1902 4165 more
1930 4110 2119 4164 huma-

541 4204 611 4242 no
641 4189 735 4241 init
763 4205 882 4243 cum
905 4209 969 4244 eo
997 4191 1218 4247 fcedera.
1247 4197 1700 4262 Quemadmodum
1722 4202 1863 4255 enim
1896 4217 1992 4256 nos
2023 4202 2121 4256 ho-

542 4279 730 4345 mines,
759 4281 970 4349 quando
1005 4284 1198 4354 aliquid
1228 4289 1616 4354 promittimus,
1649 4302 1701 4342 et
1730 4293 1971 4346 volumus
2009 4309 2117 4348 cer-

539 4378 648 4421 tum
679 4370 901 4425 reddere
925 4388 1043 4426 eum
1065 4376 1148 4429 eui
1177 4378 1456 4445 promissio
1478 4378 1555 4441 lit,
1581 4379 1649 4432 ita
1675 4389 1730 4434 ut
1748 4380 1815 4435 de
1841 4385 2116 4451 promissis

539 4459 669 4513 nihil
697 4462 948 4531 ambigat,
980 4467 1186 4533 signum
1229 4470 1438 4536 aliquod
1465 4471 1672 4536 damus,
1695 4482 1750 4525 et
1779 4475 1964 4543 pignus
1995 4475 2068 4545 (α)
2093 4516 2109 4540 ,

539 4559 598 4601 ut
637 4549 704 4602 ad
749 4551 872 4603 illud
917 4565 1197 4622 spectans,
1241 4558 1378 4612 scire
1406 4570 1563 4627 queat
1611 4561 1870 4630 promissa
1899 4567 2116 4619 omnino

506 4649 788 4695 .eventura
821 4659 834 4694 :
866 4643 932 4695 ita
972 4654 1026 4699 et
1063 4645 1323 4716 benignus
1361 4649 1646 4715 Dominus,
1681 4662 1955 4722 postquam
1985 4655 2118 4710 dixit

536 4729 732 4785 Abram
765 4748 776 4783 :
813 4732 1077 4799 Quomodo
1115 4739 1450 4807 cognoscam?
1486 4740 1687 4809 inquit,
1736 4742 1874 4797 Ecce
1917 4754 1969 4797 et
2016 4747 2117 4800 hoc

538 4820 630 4872 tibi
664 4823 904 4889 prmbeo;
946 4826 1100 4879 Sume
1128 4828 1250 4880 mihi
1274 4844 1473 4883 vaccam
1503 4833 1741 4885 triennem
1763 4874 1775 4896 ,
1816 4845 1862 4886 et
1902 4851 2110 4904 capram

537 4910 755 4976 trimam,
785 4922 832 4966 et
857 4918 1081 4982 arietem,
1103 4926 1148 4969 et
1171 4926 1433 4986 turturem,
1464 4930 1509 4975 et
1532 4923 1833 4977 columbam.
1861 4926 2109 4991 Attende,

535 4999 779 5067 obsecro,
832 5003 882 5056 in
933 5015 1181 5073 quautam
1222 5011 1626 5066 crassitudinem
1682 5013 2112 5069 descendendum

534 5087 635 5147 sibi
664 5088 872 5146 duxerit
899 5093 1070 5148 bonus
1101 5096 1355 5152 Dominus
1375 5138 1390 5166 ,
1422 5115 1524 5170 quo
1568 5103 1920 5171 patriarcham
1966 5121 2115 5175 argu-

806 5265 943 5330 signa
978 5270 1269 5341 etupigngra
1306 5276 1596 5341 vocabantur
1635 5280 1796 5341 etiam,
1843 5279 2065 5341 symbolo
2095 5294 2112 5331 :

742 5325 944 5400 tessera:
965 5325 1142 5392 quibus
1178 5333 1296 5384 ﬁdes
1337 5336 1414 5400 vel
1445 5325 1736 5398 exhibenda,
1763 5325 2115 5400 v‘el‘j'avnieshi;

535 5383 1039 5464 agrammatus;
1069 5383 1304 5464 erantque
1326 5383 1464 5464 sagis
1479 5383 1781 5459 55.11.1535;
1793 5383 2113 5464 tissimi.

532 5445 933 5524 XCAILI'tpd'eris
971 5454 1098 5524 inter
1133 5445 2112 5524 priricipestisiveriitttcr—j'o-puli—s:lnior

532 5507 743 5576 symbol:
768 5508 1034 5576 hujusmodi
1058 5507 1208 5576 ﬁgura
1233 5507 1401 5568 manus
1422 5507 1644 5569 humana;
1660 5507 2114 5575 ‘ibriiiéiﬁ'iéiéi'éii;

537 5563 689 5641 ξρςτμξξι
708 5563 936 5641 habebat.
964 5563 1144 5641 Mauru‘t’u

531 5626 755 5740 genitam
780 5633 1118 5696 explanatione
1140 5644 1190 5688 et
1225 5626 2107 5710 scribitisBiiéiu‘iiéiaizi'ibidfs'fii.

1207 396 1262 447 S.
1302 389 1578 446 JOANNIS
1615 383 2083 444 CIIRYSOSTOMI
2125 379 2442 438 Διί-ἿΙΗΕΡ.
2483 378 3021 438 CONSTANTINOP.

3665 369 3768 424 3H

2200 499 2395 552 mentis
2437 496 2538 550 ﬁde
2564 495 2738 566 dignis
2779 493 3060 548 certiorem
3084 486 3290 545 reddat.
3338 485 3468 540 Nam
3496 483 3616 553 quia
3647 481 3773 535 olim

2197 589 2275 643 eis
2299 588 2370 642 ita
2397 603 2512 642 mos
2537 597 2653 643 erat
2683 584 2999 654 paciscendi,
3029 591 3083 637 et
3107 591 3254 650 pacta
3287 574 3552 639 ﬁrmandi,
3588 572 3707 626 ideo
3727 583 3778 625 et

2200 681 2311 750 ipse
2339 682 2415 734 \‘ia
2439 679 2473 734 h
2491 694 2536 733 te
2560 677 2872 747 ingreditur.
2896 676 2982 730 10.
3009 673 3074 728 Et
3093 672 3307 742 accepit,
3337 669 3527 738 inquit,
3548 677 3593 719 et
3615 664 3780 717 divisit

2199 772 2327 826 eain
2357 771 2484 823 duas
2527 779 2711 837 partes.
2749 763 3152 821 Observandum
3193 779 3297 817 non
3327 761 3526 827 absque
3553 753 3783 818 ratione,

2203 875 2372 930 neque
2413 859 2464 913 in
2510 873 2700 912 vanum
2746 857 2905 909 etiam
2955 864 3161 921 tempus
3201 849 3488 920 designari.
3531 843 3786 900 Triennia

2201 951 2340 1002 enim
2370 950 2612 1017 accipere
2635 947 2791 1012 jussit
2819 966 2834 1002 :
2867 944 2967 998 hoc
3005 951 3115 1005 est.
3163 939 3395 1011 perfecta
3441 947 3494 992 et
3519 933 3787 990 absoluta.

2205 1039 2271 1092 Et
2297 1040 2464 1091 divisit
2487 1055 2546 1092 ea
2570 1039 2619 1090 in
2643 1039 2771 1091 duas
2809 1044 2976 1107 partes
3009 1049 3028 1088 :
3057 1044 3104 1088 et
3133 1043 3371 1098 utrasque
3394 1040 3561 1100 partes
3586 1029 3718 1079 inter
3740 1040 3788 1077 se

2205 1133 2368 1202 posuit
2410 1129 2679 1191 obversus;
2705 1145 2820 1182 aves
2845 1138 3012 1181 autem
3041 1143 3140 1179 non
3161 1124 3348 1178 divisit.
3377 1123 3440 1175 Et
3461 1121 3658 1174 sedens
3689 1119 3789 1166 ob.

2204 1223 2481 1285 servahat,
2512 1233 2569 1274 ut
2611 1235 2676 1274 ne
2705 1228 2920 1289 possent
2960 1218 3156 1272 divisas
3195 1223 3376 1286 partes
3405 1212 3599 1266 la:dere
3627 1210 3792 1260 adm-

2207 1315 2374 1368 lantes
2402 1327 2554 1376 aves,
2578 1323 2629 1364 et
2665 1327 2760 1380 per
2785 1319 2948 1364 totam
2971 1308 3111 1363 diem
3143 1308 3243 1361 hoc
3272 1304 3446 1358 facere
3475 1313 3789 1369 persevera-

2207 1404 2316 1459 bat.
2354 1403 2436 1457 “.
2467 1401 2839 1454 Descenderunt
2868 1408 3033 1450 autem
3071 1413 3188 1450 aves
3213 1393 3328 1447 (ιιῙῶ
3359 1394 3411 1444 in
3437 1405 3654 1459 corpora
3681 1403 3799 1453 qua:

2207 1495 2366 1547 divisa
2394 1503 2534 1546 erant
2560 1503 2641 1544 :et
2681 1490 2807 1543 sedit
2834 1503 2948 1540 cum
2973 1487 3042 1540 eis
3081 1484 3285 1536 Abram.
3329 1482 3415 1535 12.
3462 1480 3688 1545 Cumque
3719 1478 3800 1530 sol

2200 1585 2310 1654 jam
2336 1581 2680 1646 occumberet,
2713 1581 2858 1632 irruit
2888 1577 3090 1631 ecstasis
3119 1577 3170 1628 in
3206 1572 3412 1635 Abram,
3436 1580 3481 1623 et
3506 1585 3619 1620 ecce
3645 1568 3802 1618 timor

2210 1690 2422 1743 magnus
2445 1681 2489 1724 et
2513 1671 2794 1726 tenebrosus
2817 1668 2996 1722 invasit
3017 1683 3148 1719 eum.
3177 1664 3350 1732 Quare
3379 1671 3617 1728 tempore
3640 1671 3798 1710 occa-

2211 1779 2300 1817 sus
2342 1748 2505 1826 solis,
2545 1777 2665 1815 cum
2707 1761 2814 1828 jam
2853 1759 2919 1811 ad
2967 1770 3245 1824 vesperam
3275 1752 3615 1806 inelinaretur
3643 1746 3801 1799 ιΙίιὲδῖ

2209 1853 2342 1922 Quia
2364 1852 2609 1906 omnibus
2638 1850 2806 1903 modis
2831 1849 3168 1902 attentiorem
3191 1858 3310 1898 eum
3335 1843 3506 1894 laet-re
3535 1838 3682 1898 vult;
3715 1837 3800 1888 id-

2210 1959 2277 1999 eo
2322 1943 2544 1999 ecstasis
2573 1951 2626 1996 et
2657 1942 2812 1994 timor
2853 1954 3072 2008 magnus
3123 1948 3177 1991 et
3232 1935 3543 1989 tenebrosus
3595 1928 3803 1982 invadit

2213 2054 2358 2102 cum,
2385 2045 2440 2089 ut
2467 2052 2562 2105 per
2586 2035 2762 2088 omnia
2788 2049 2906 2102 qua:
2929 2035 3075 2094 linnt,
3101 2030 3292 2084 sentiat
3313 2043 3372 2082 se
3398 2026 3581 2080 videre
3607 2024 3800 2077 Deum:

2212 2141 2334 2180 eum
2357 2125 2498 2178 enim
2527 2140 2726 2176 morem
2763 2123 2900 2176 Deus
2929 2122 3123 2190 ubique
3150 2120 3329 2173 habet.
3358 2117 3487 2171 Nam
3519 2125 3572 2168 et
3612 2123 3801 2183 postea

2214 2216 2426 2284 quando
2462 2215 2590 2268 Mosi
2639 2215 2690 2267 in
2731 2224 2910 2268 monte
2946 2213 3090 2268 Sinai
3133 2211 3352 2265 daturus
3393 2218 3504 2262 erat
3547 2208 3717 2276 legem
3748 2213 3806 2256 et

2215 2295 2766 2369 ntandata,lTenebrte,
2797 2305 2984 2374 inquit,
3013 2314 3057 2357 et
3078 2287 3244 2372 caligo
3267 2311 3392 2364 erat,
3413 2309 3458 2352 et
3482 2315 3622 2351 mons
3647 2297 3806 2366 [tuni-

2216 2399 2365 2469 gabat
2392 2398 2584 2465 (Exod.
2610 2399 2696 2450 I9.
2723 2398 2831 2467 18).
2865 2398 3088 2466 Propter
3115 2398 3214 2452 hoc
3238 2405 3294 2450 Cl
3311 2395 3580 2460 Scriptura
3609 2391 3804 2456 inquit,

2220 2492 2315 2558 Qui
2342 2490 2500 2560 tangit
2525 2498 2737 2552 montes,
2767 2499 2812 2541 et
2835 2490 3085 2560 [umigant
3110 2486 3280 2557 (Psal.
3309 2487 3430 2540 105.
3463 2483 3580 2549 '52).
3615 2482 3806 2536 Enim-

2218 2599 2343 2637 vero
2373 2583 2491 2652 quia
2546 2582 2918 2650 incorporeum
2947 2581 3128 2634 videre
3175 2593 3270 2648 per
3315 2575 3594 2631 sensibiles
3642 2574 3810 2628 hosce

2216 2675 2396 2728 oculos
2445 2689 2550 2726 nun
2586 2683 2665 2726 est
2694 2671 2978 2741 possibile,
3008 2671 3126 2724 ideo
3156 2684 3305 2722 suam
3331 2667 3488 2721 uobis
3532 2665 3804 2735 operatio-

2218 2782 2340 2821 nem
2368 2766 2669 2835 siguilir-are
2696 2765 2826 2819 vult.
2859 2764 3018 2832 Igitur
3045 2761 3296 2831 quoniam
3323 2758 3584 2813 attonitus
3606 2766 3663 2811 et
3686 2771 3806 2825 per-

2217 2857 2393 2910 enisus
2449 2866 2564 2909 erat
2609 2857 2788 2909 animo
2827 2855 3000 2924 justus
3049 2854 3241 2918 ille,et
3289 2856 3632 2907 concusserat
3689 2846 3810 2917 ejus

2217 2959 2449 3004 memem
2491 2948 2667 3012 timor,
2697 2958 2750 3000 et
2788 2962 2906 3016 quae
2946 2945 3244 3013 contigerat
3282 2941 3502 2998 ecstasis
3535 2959 3548 2994 :
3595 2939 3808 2993 Dictum

2217 3047 2322 3106 est,
2350 3038 2539 3107 inquit,
2571 3038 2633 3091 ad
2658 3054 2779 3092 eum
2811 3055 2824 3090 :
2862 3037 3066 3098 Dixisti,
3091 3033 3354 3102 quomodo
3384 3046 3729 3103 cognoscam,
3753 3040 3811 3084 et

2219 3129 2427 3199 signum
2463 3128 2671 3182 voluisti
2710 3129 2980 3197 accipere,
3014 3142 3120 3196 quo
3160 3133 3316 3196 pacto
3345 3134 3543 3178 terram
3569 3125 3710 3177 hanc
3752 3121 3808 3174 in

2222 3220 2571 3275 hereditatem
2602 3233 2945 3288 possessores
2982 3216 3077 3272 sic».
3121 3217 3260 3272 Ecce
3297 3214 3366 3270 do
3411 3215 3504 3268 tibi
3544 3214 3756 3284 signum
3787 3226 3805 3263 :

2221 3329 2408 3382 magna
2436 3313 2576 3366 enim
2607 3311 2699 3364 tibi
2729 3325 2862 3380 opus
2888 3319 2970 3364 est
3009 3309 3131 3376 ﬁde,
3179 3316 3235 3361 ut
3263 3307 3401 3361 scias
3441 3321 3530 3361 me
3554 3321 3714 3376 posse
3738 3319 3811 3360 ex

2219 3406 2511 3474 desperatis
2539 3404 2697 3458 rebus
2720 3402 2983 3472 quoslibet
3023 3401 3074 3454 in
3115 3414 3266 3468 spem
3296 3399 3488 3453 bonam
3513 3397 3804 3452 adducere.

2225 3499 2308 3550 15.
2341 3495 2406 3547 Et
2435 3496 2622 3547 dictum
2662 3504 2732 3548 est
2778 3494 2844 3545 ad
2871 3493 3054 3545 Abram
3087 3507 3105 3545 :
3132 3489 3446 3561 Cognoscens
3471 3491 3598 3543 scies
3619 3531 3634 3556 ,
3672 3489 3812 3556 quod

2221 3590 2535 3658 peregrinum
2571 3590 2665 3640 erit
2701 3602 2869 3640 semen
2908 3595 3048 3637 tuum
3074 3585 3125 3637 in
3155 3593 3289 3637 terra
3322 3599 3421 3637 non
3447 3599 3572 3647 sua,
3617 3593 3664 3635 et
3693 3584 3814 3636 red-

2221 3681 2353 3750 igent
2382 3695 2462 3731 eos
2492 3679 2543 3731 in
2572 3678 2878 3739 servitutem,
2912 3686 2958 3727 et
2988 3675 3205 3744 aﬂiigent
3224 3716 3240 3739 ,
3273 3684 3318 3726 et
3345 3674 3681 3728 Itumiliabunt
3724 3691 3811 3727 eos

2221 3769 2367 3821 annis
2386 3768 2782 3838 quadringentis.
2807 3767 2890 3820 14.
2920 3763 3125 3819 Gentem
3157 3775 3326 3818 autem
3355 3765 3437 3817 cui
3460 3765 3698 3830 servient,
3720 3765 3812 3834 ju-

2221 3862 2399 3915 dicabo
2425 3878 2513 3930 ego
2534 3877 2552 3913 :
2583 3869 2752 3927 postea
2772 3869 2940 3913 autent
2960 3858 3274 3927 egredientur
3296 3858 3393 3912 huc
3414 3874 3530 3910 cum
3551 3867 3812 3926 apparatu

2221 3956 2396 4008 multo.
2425 3954 2605 4022 Magna
2629 3963 2751 4005 sunt
2781 3951 2892 4003 luce
2922 3951 3083 4011 dicta,
3117 3959 3167 4002 et
3194 3964 3312 4017 qua:
3338 3949 3577 4002 animum
3600 3948 3810 4000 virilem

2222 4043 2545 4104 desiderent,
2578 4043 2664 4111 qui
2691 4039 3050 4104 transcendat,
3081 4049 3132 4093 et
3155 4039 3290 4091 intra
3321 4052 3379 4092 se
3410 4038 3678 4106 relinquat
3709 4037 3808 4088 hu-

2223 4147 2375 4184 mana
2403 4131 2602 4187 omnia.
2640 4132 2747 4185 Nisi
2769 4131 2912 4184 enim
2936 4144 3276 4200 generosum,
3296 4127 3520 4192 'l'ortem,
3553 4136 3609 4182 et
3636 4127 3809 4196 philo-

2224 4222 2503 4290 sophicum
2539 4222 2778 4275 animum
2811 4220 3086 4274 habuisset
3132 4221 3449 4286 patriarcha,
3479 4226 3625 4272 tanta
3657 4229 3812 4272 erant

2225 4313 2358 4378 lucc,
2384 4321 2440 4365 ut
2461 4313 2772 4380 perturbare
2795 4311 3110 4380 potuissent.
3132 4310 3444 4378 Cognoscens
3464 4309 3806 4378 scies,inquit,

2219 4402 2354 4472 quod
2374 4403 2687 4471 peregrinum
2703 4402 2792 4453 erit
2812 4417 2977 4453 semen
2999 4410 3140 4452 tuum
3161 4401 3211 4452 in
3228 4410 3359 4451 terra
3380 4415 3479 4452 non
3497 4415 3611 4461 sua,
3630 4410 3675 4452 et
3692 4402 3812 4454 resl-

2219 4472 2354 4563 igent
2387 4510 2469 4546 eos
2508 4493 2559 4544 in
2587 4492 2871 4545 servitutem
2891 4532 2906 4557 ,
2938 4501 2982 4542 et
3003 4491 3240 4559 afﬂigent,
3279 4501 3324 4542 et
3367 4490 3703 4543 lunniliabunt
3729 4507 3813 4546 eos

2222 4587 2367 4638 annis
2389 4584 2786 4652 quadringentis.
2812 4581 3018 4635 Gentem
3037 4592 3201 4633 autem
3219 4582 3299 4633 cui
3319 4582 3553 4645 servient,
3561 4580 3810 4650 judicabo

2221 4691 2314 4746 ego
2331 4692 2352 4729 .'
2384 4684 2493 4744 post
2520 4675 2625 4727 lucc
2646 4675 2960 4743 egredientttr
2981 4674 3078 4725 huc
3099 4689 3213 4724 cum
3237 4683 3493 4741 apparatu
3516 4673 3700 4728 multo.

2292 4766 2344 4820 5.
2384 4765 2460 4819 Ne
2485 4765 2784 4831 admireris,
2819 4764 3009 4834 inquit,
3040 4764 3266 4832 teipsum
3298 4765 3610 4834 respiciens,
3640 4775 3694 4819 et
3721 4781 3809 4821 se-

2221 4857 2364 4910 nium
2387 4865 2557 4920 tnum,
2583 4867 2636 4910 et
2661 4856 2806 4910 Sara:
2823 4857 3151 4910 sterilitatem
3171 4868 3218 4909 et
3252 4869 3460 4910 uterum
3487 4858 3604 4926 ejus
3625 4875 3808 4914 emor-

2222 4957 2365 5001 tuum
2397 4965 2411 4999 :
2440 4957 2494 5000 et
2536 4962 2604 5000 ne
2647 4956 2800 5014 putes
2830 4961 3077 5014 maguum
3120 4946 3315 5015 aliquid
3345 4961 3464 5000 esse
3491 4947 3636 5016 quod
3663 4949 3807 5012 dixi,

2221 5037 2416 5092 Semini
2445 5049 2530 5089 tuo
2553 5036 2680 5088 dabo
2707 5046 2890 5088 terram
2916 5035 3062 5087 hanc.
3088 5035 3203 5089 Non
3225 5037 3394 5089 solum
3412 5038 3554 5090 etaim
3587 5036 3691 5092 hoc
3715 5039 3808 5092 tibi

2220 5127 2468 5196 prtedico,
2492 5126 2585 5180 scd
2605 5125 2742 5179 addo
2769 5123 2891 5178 illud
2918 5125 3086 5194 ipsum
3118 5141 3299 5180 semen
3329 5135 3473 5180 tuum
3498 5127 3548 5180 in
3577 5126 3808 5182 alienant

2222 5229 2415 5273 terram
2457 5217 2823 5272 abducendum
2853 5230 2990 5270 esse.
3024 5217 3138 5270 Non
3169 5217 3338 5282 dixit,
3382 5218 3434 5272 in
3471 5216 3764 5288 Egyptum
3791 5261 3807 5283 ,

2221 5325 2391 5378 neque
2430 5309 2678 5367 iudicavit
2725 5319 2879 5362 terra:
2921 5324 3110 5364 nomen
3139 5326 3152 5362 :
3183 5309 3274 5362 sed
3304 5309 3471 5374 dixit,
3509 5311 3562 5363 lu
3605 5319 3808 5364 terram

2222 5415 2325 5454 non
2348 5416 2498 5454 suam
2530 5416 2544 5452 :
2575 5408 2628 5453 et
2661 5398 2966 5452 servitutem
3004 5399 3194 5463 ferent,
3217 5409 3267 5454 ct
3297 5400 3563 5453 miseriam
3592 5416 3607 5454 :
3644 5401 3805 5468 idque

2222 5508 2325 5547 non
2352 5493 2417 5546 ad
2445 5493 2604 5547 breve
2633 5501 2840 5560 tempus
2860 5531 2874 5554 ,
2918 5507 3089 5558 neque
3125 5492 3189 5544 ad
3221 5507 3508 5561 paucorum
3540 5508 3806 5546 annorum

2221 5601 2518 5649 numerum,
2549 5584 2643 5639 sed
2675 5597 2844 5652 usque
2865 5583 2930 5636 ad
2973 5585 3385 5654 quadringentos
3409 5601 3597 5639 annos.
3633 5583 3805 5639 Ultio-

2223 5694 2340 5733 nem
2369 5691 2499 5731 sane
2526 5677 2592 5732 dc
2617 5676 2681 5732 iis
2707 5690 2805 5741 ego
2836 5688 3061 5741 sumam,
3093 5688 3141 5730 et
3174 5686 3385 5746 gentem
3411 5676 3553 5729 illam
3579 5677 3803 5730 servitu-
