4058 6384
248 412 354 468 5ιῦ

1243 400 1308 457 ΙΝ
1351 403 1504 458 CAP.
1547 400 1639 457 XV
1680 397 1928 458 GENES.
1967 397 2202 454 HOMIL.
2249 399 2508 456 XXXVII.

3437 400 3546 457 '5“

247 526 346 597 τήν
377 519 749 591 Παλαιστίνην
767 515 1092 590 ἐϐουλόμην,
1118 519 1214 572 καὶ
1237 517 1454 587 ἀφεῖναι
1471 515 1570 586 τὴν
1583 517 1848 590 πατρῷαν
1949 511 2176 566 διεῖλεν
2204 511 2358 568 αὐτά
2393 513 2578 584 μέσα.
2619 511 3051 584 Παρατηρητέον
3084 511 3201 575 πῶς
3253 512 3316 565 ού
3369 513 3548 583 μάτην

242 611 444 675 οἰκίαν,
464 609 560 664 καὶ
571 607 747 662 ἐλθεῖν
764 609 844 671 εἰς
857 606 955 678 τήν
967 605 1074 676 γῆν
1085 603 1314 676 ταύτην,
1331 603 1416 658 ἴνα
1429 603 1846 676 κληρονομήσῃς

241 700 438 771 αὐτήν.
458 698 826 767 Λογιζόμενος
851 694 1036 748 τοίνυν
1053 693 1186 765 ὅσης
1204 693 1531 766 ἀπήλαυσας
1561 692 1694 762 παρ’
1708 689 1843 760 ἐμοῦ

243 788 527 860 προνοίας,
558 784 618 851 ἐξ
639 787 764 840 ὅτου
797 783 896 855 τὴν
929 782 1206 837 Χαλδαίαν
1231 782 1528 843 κατέλιπες
1555 778 1720 850 μέχρι
1747 777 1842 832 τοῦ

243 862 537 946 παρόντος,
571 871 668 924 καὶ
695 871 845 933 ὅπως
865 870 1172 942 περιφανής
1190 870 1426 939 γέγονας
1447 867 1571 921 καθ’
1601 867 1843 936 ἐκάστην

238 961 624 1033 λαμπρότερος
670 957 1023 1028 δεικνύμενος
1067 958 1132 1011 ἐκ
1174 959 1274 1028 τῆς
1319 958 1460 1028 ἐμῆς
1497 953 1838 1026 συμμαχίας,

241 1050 340 1105 καί
371 1049 470 1118 τῆς
500 1047 632 1118 περὶ
664 1046 725 1098 σέ
755 1045 1110 1116 κηδεμονίας,
1150 1044 1429 1118 θάρσησον
1453 1044 1544 1096 καὶ
1569 1045 1683 1105 τοῖς
1708 1040 1839 1113 παρ’

240 1136 376 1207 ἐμοῦ
429 1133 771 1204 λεγομένοις.
821 1129 977 1196 Εἶδες
1029 1130 1448 1203 φιλανθρωπίας
1488 1128 1836 1201 ὑπερϐολήν;

239 1220 382 1287 εἶδες
420 1222 886 1292 συγκαταϐάσεως
926 1218 1194 1290 μέγεθος;
1229 1219 1348 1283 πῶς
1375 1218 1542 1272 αὐτοῦ
1586 1217 1838 1289 στηρίξαι

240 1308 492 1380 βούλεται
522 1308 623 1379 τήν
655 1307 859 1378 ψυχήν,
897 1307 993 1360 καὶ
1039 1304 1397 1377 βεϐαιοτέραν
1429 1304 1594 1360 αὑτοῦ
1620 1308 1718 1376 τήν
1746 1303 1832 1358 πί-

238 1415 358 1452 στιν
385 1396 753 1470 ἐργάσασθαι,
777 1395 866 1450 ῖνα
907 1395 982 1466 μὴ
1014 1395 1115 1469 ἔχῃ
1137 1394 1324 1448 λοιπὸν
1346 1397 1480 1466 ὀρᾷν
1498 1392 1636 1466 πρὸς
1655 1393 1724 1447 τὰ
1739 1393 1838 1464 τῆς

236 1486 455 1557 φύσεως
511 1485 832 1556 κωλύματα,
875 1484 1015 1539 ἀλλά
1071 1483 1170 1557 τὴν
1199 1484 1430 1556 δύναμιν
1487 1484 1688 1539 ἐννοῶν
1740 1483 1836 1537 τοῦ

235 1572 735 1644 ἐπαγγειλαμένου,
787 1573 864 1638 ώς
890 1573 993 1643 ήδη
1018 1572 1130 1626 τῶν
1167 1572 1519 1644 ὑποσχέσεων
1549 1573 1630 1636 εἰς
1666 1570 1838 1644 ἔργον

237 1660 637 1731 ἐκϐεϐηκυιῶν,
669 1659 816 1713 οὕτω
847 1659 1072 1731 θαρρεῖν
1103 1659 1242 1731 ἔχῃς

307 1782 527 1853 β’.“Αλλ’
541 1783 642 1853 δρα
656 1781 922 1835 πάλιντὸν
935 1778 1303 1852 πατριάρχην,
1321 1777 1508 1850 ἐπειδὴ
1521 1777 1836 1849 παρρησίαν

233 1869 431 1925 ἐλαϐεν
465 1870 532 1923 ἐκ
559 1869 670 1923 τῶν
698 1866 1028 1939 εἰρημένων,
1051 1865 1171 1929 πῶς
1202 1865 1427 1919 πλείονα
1456 1864 1836 1936 πληροφορίαν

235 1955 508 2027 ἐπιζητεῖ.
530 1955 705 2022 Φησὶ,
728 1954 858 2026 7&9,
883 1953 1160 2007 Δέσποτα
1190 1953 1390 2020 Κύριε,
1428 1949 1580 2005 κατὰ
1607 1951 1666 2004 τί
1691 1949 1839 2020 γνώ-

232 2051 416 2108 σομαι
441 2041 641 2103 τοῦτο,
669 2040 760 2094 ὅτι
783 2036 1226 2108 κληρονομήσω
1253 2035 1449 2102 αὐτήν
1470 2054 1490 2101 ;
1510 2035 1572 2089 Εἰ
1591 2037 1686 2090 καὶ
1704 2053 1838 2105 προ-

232 2129 476 2184 λαϐοῦσα
508 2130 542 2200 ή
577 2128 698 2182 θεία
738 2126 933 2197 Γραφὴ
967 2125 1354 2197 ἐμαρτύρησεν
1389 2123 1561 2196 αὐτῷ,
1596 2124 1679 2177 ὅτι
1713 2123 1836 2177 ἐπί.

233 2235 431 2272 στευσε
459 2220 573 2279 τοῖς
591 2215 744 2286 παρά
771 2213 868 2268 τοῦ
889 2214 1026 2268 Θεοῦ
1051 2213 1286 2286 ῥηθεῖσι,
1309 2213 1378 2265 δι’
1403 2213 1432 2265 6
1459 2212 1555 2265 καὶ
1581 2211 1836 2281 ἐλογίσθη

234 2304 388 2376 αὒτῷ
425 2306 508 2369 εἰς
531 2301 903 2373 δικαιοσύνην,
937 2301 1055 2356 ἀλλ’
1083 2301 1236 2372 ὅμως
1255 2299 1444 2370 ἐπειδὴ
1474 2300 1728 2369 ἤκουσεν.
1754 2300 1837 2353 δτι

233 2392 323 2446 διὰ
341 2390 844 2461 τοῦτοέξήγατόν
865 2404 939 2444 σε
964 2389 1034 2443 ἐκ
1050 2388 1164 2460 τῆς
1174 2388 1500 2452 Χαλδαίας,
1523 2385 1680 2439 ὥστε
1699 2385 1837 2440 δοῦ-

231 2481 338 2535 ναί
366 2490 468 2533 σοι
506 2477 624 2544 τὴν
660 2477 769 2547 γῆν
818 2477 1063 2544 ταύτην,
1110 2473 1570 2544 κληρονομῆσαι
1615 2471 1834 2540 αὐτὴν,

234 2566 392 2637 φησί·
418 2567 535 2627 τοῖς
558 2564 656 2634 μὲν
673 2563 826 2634 παρά
841 2562 936 2617 σοῦ
955 2561 1273 2632 λεγομένοις
1305 2562 1404 2633 οὐχ
1423 2554 1536 2614 οἷόν
1559 2559 1618 2612 τέ
1643 2577 1709 2629 με
1725 2559 1839 2612 δια-

235 2651 526 2722 πιστῆσαιο
547 2650 664 2703 ἀλλ’
677 2651 828 2720 ὅμως
843 2647 1147 2719 ἐϐουλόμην
1177 2647 1274 2702 καί
1289 2647 1382 2700 τὸν
1401 2647 1601 2718 τρόπον
1621 2645 1835 2716 μαθεῖν,

235 2736 355 2798 πῶς
377 2737 549 2807 αὐτὴν
583 2734 764 2806 μέλλω
798 2734 1181 2806 κληρονομεῖν.
1220 2735 1366 2804 Ὀρῶ
1393 2734 1504 2804 γὰρ
1530 2733 1627 2786 καὶ
1665 2735 1836 2803 ἐμαυ-

231 2823 326 2876 τὸν
363 2822 554 2875 λοιπὸν
607 2820 744 2892 πρὸς
784 2821 964 2890 γῆρας
1009 2818 1332 2891 ἐληλακότα,
1383 2821 1478 2872 καὶ
1528 2820 1691 2889 μέχρι
1741 2817 1836 2870 τοῦ

233 2908 506 2980 παρόντος
536 2906 612 2969 ώς
641 2906 848 2976 ἀλήτην
889 2904 1124 2959 ἐνταῦθα
1168 2907 1453 2975 περιιόντα
1471 2918 1498 2948 ι
1526 2907 1620 2959 καὶ
1651 2904 1714 2958 οὐ
1742 2904 1836 2958 δύο

232 3012 409 3064 ναμαι
436 2993 766 3063 ἀνθρωπίνῳ
794 2992 1044 3063 λογισμῷ
1079 2991 1407 3046 καταλαϐεῖν
1445 2992 1505 3046 τὸ
1534 2991 1794 3062 ἐσόμενον
1817 3008 1832 3021 °

233 3084 285 3136 εἰ
314 3082 410 3135 καὶ
441 3081 526 3134 ὅτι
565 3079 878 3151 προλαϐὼν,
911 3079 1098 3149 φησὶν,
1127 3079 1428 3133 ἐπίστευσα
1457 3081 1570 3141 τοῖς
1603 3077 1834 3149 εἰρημέ-

233 3185 369 3233 νοις.
395 3166 493 3222 ἆτε
527 3165 592 3237 δὴ
619 3166 696 3230 ὡς
717 3165 872 3236 παρὰ
901 3166 994 3218 σοῦ
1019 3166 1256 3235 λεχθεῖσι
1284 3165 1378 3218 τοῦ
1415 3165 1717 3234 δυναμένου
1742 3164 1833 3216 καὶ

233 3256 301 3308 ἐκ
325 3252 422 3307 τοῦ
450 3253 526 3324 μή
565 3253 717 3315 ὄντος
753 3253 836 3316 εἰς
861 3251 925 3304 τὸ
953 3246 1094 3304 εῖναι
1127 3254 1494 3322 παραγαγεῖν,
1523 3251 1618 3304 καὶ
1657 3250 1834 3303 πάντα

233 3339 517 3401 ποιοῦντος
554 3338 650 3392 καί⁸
695 3335 1224 3408 μετασκευάζοντος.
1259 3338 1334 3390 Οὐ
1367 3335 1548 3390 τὸίνυν
1585 3335 1834 3390 ἀπιστῶν

232 3425 397 3482 τοῦτο
423 3425 654 3498 ἐρωτῶ’
708 3425 823 3478 ἀλλ’
876 3424 1064 3494 ἐπειδὴ
1117 3423 1282 3477 πάλιν
1329 3424 1430 3494 τῆς
1468 3423 1834 3494 κληρονομίας

235 3514 582 3584 ὑπέμνησας,
633 3512 825 3582 ήθελον
863 3511 961 3566 καὶ
1001 3510 1310 3580 παχύτερόν
1355 3528 1408 3563 τι
1458 3513 1682 3581 σημεῖον
1739 3511 1832 3564 καί

234 3600 468 3669 ἐναργές
495 3598 773 3664 δέξασθαι,
807 3599 869 3650 τὸ
921 3597 1219 3666 δυνάμενον
1251 3613 1353 3667 μου
1403 3597 1511 3649 τῶν
1555 3597 1832 3668 λογισμῶν

233 3686 335 3759 τὴν
363 3686 650 3741 ἀσθένειαν
670 3683 1002 3757 ἐπιρρῶσαι.
1029 3682 1094 3735 Τί
1120 3679 1212 3736 οὖν
1233 3685 1261 3736 6
1289 3683 1492 3750 ἀγαθὸς
1520 3684 1829 3753 Δεσπότης;

236 3771 696 3841 Συγκαταϐαίνων
721 3769 800 3841 τῷ
825 3769 1011 3839 οἰκείῳ
1029 3770 1342 3841 θεράποντι,
1379 3769 1474 3822 καὶ
1509 3768 1832 3839 βουλόμενος

233 3858 404 3914 αὑτοῦ
428 3858 700 3930 νευρῶσαι
723 3856 820 3927 τὴν
848 3857 1050 3926 ψυχήν,
1077 3856 1266 3926 ἐπειδὴ
1296 3851 1437 3909 εἶδεν
1462 3856 1831 3925 ὁμολογοῦντα

233 3963 337 4017 την
365 3945 575 3998 οἰκείαν
616 3943 923 4005 ἀσθένειαν,
963 3945 1055 3996 καὶ
1107 3942 1435 3996 πιστεύοντα
1469 3943 1568 4012 μὲν
1600 3946 1666 4013 τῇ
1699 3945 1832 3996 ὐπο-

237 4031 446 4102 σχέσει,
493 4029 816 4100 βουλόμενον
868 4028 923 4082 δέ
964 4029 1339 4100 πληροφορίαν
1389 4030 1513 4082 τινὰ
1551 4028 1828 4097 δέξασθαι,

236 4119 376 4190 φησὶ
386 4124 522 4189 πρὸς
534 4118 717 4170 αὐτόν’
737 4115 894 4172 Λάϐε
903 4134 1004 4185 μοι
1015 4116 1273 4186 δάμαλιν
1287 4115 1714 4184 τριετίζὶιυσαν,
1733 4118 1831 4173 καί

233 4201 378 4275 αἶγα
391 4201 816 4270 τριετίζουσαν,
839 4203 938 4255 καί
962 4202 1153 4270 κριὸν,
1170 4203 1269 4256 καί
1297 4204 1582 4272 τρυγόνα,
1601 4205 1696 4256 καὶ
1727 4221 1831 4256 πε-

231 4287 696 4360 ριστεράν.”ορα
725 4288 843 4351 πῶς
862 4287 1224 4358 ἀνθρωπίνως
1245 4293 1482 4342 ποιεῖται
1506 4290 1645 4359 πρὸς
1669 4289 1832 4343 αὐτὸν

238 4373 394 4447 [375]
423 4374 522 4438 τὰς
557 4373 851 4444 συνθήκας.
902 4375 1168 4446 Καθάπερ
1208 4375 1317 4446 γὰρ
1358 4377 1453 4430 ἐπὶ
1481 4376 1592 4436 τῶν
1619 4375 1830 4448 ἀνθρώ-

235 4477 379 4526 πων,
425 4462 555 4514 ὅταν
587 4461 693 4512 τινί
728 4459 1114 4531 ὑποσχώμεθα,
1159 4449 1475 4539 βουλόμενοί
1497 4466 1707 4517 ’πεῖσαι
1740 4463 1832 4516 τὸν

237 4547 338 4617 τήν
364 4547 659 4618 ὑπόσχεσιν
681 4546 988 4617 δεχόμενον,
1028 4547 1166 4599 ὥστε
1203 4547 1280 4617 μή
1311 4549 1677 4618 ἀμφιϐάλλειν
1703 4551 1832 4621 περὶ

237 4635 350 4688 τῶν
375 4635 821 4703 ἐπαγγελθέντων
847 4678 860 4701 ,
904 4637 1128 4705 σημεῖόν
1159 4653 1211 4687 τι
1255 4636 1569 4706 παρέχομεν
1593 4638 1686 4691 καὶ
1716 4639 1830 4691 ἐνέ-

237 4722 558 4793 χυρον,⁶ῐνα
589 4723 724 4790 πρὸς
752 4723 928 4774 ἐκεῖνο
958 4721 1101 4792 ὁρῶν
1129 4722 1324 4774 εἰδέναι
1355 4723 1471 4795 ἔχῃ,
1503 4724 1578 4788 ὡς
1611 4724 1828 4789 πάντως,

237 4809 320 4871 εἰς
353 4807 513 4878 ἔργον
547 4808 840 4877 ἐκϐήσεται
889 4807 957 4860 τὰ
1003 4809 1420 4878 ἐπηγγελμένα·
1455 4810 1599 4863 οὕτω
1658 4813 1753 4864 καὶ
1803 4814 1832 4864 6

240 4894 626 4964 φιλάνθρωπος
663 4894 965 4963 Δεσπότης,
1002 4893 1186 4963 ἐπειδὴ
1222 4891 1363 4957 εἷπε,
1405 4897 1564 4948 Κατὰ
1596 4899 1652 4948 τί
1686 4897 1832 4965 γνώ-

238 4995 456 5048 σομαι;
487 4980 640 5049 φησί,
679 4980 810 5032 Ἰδοῦ
841 4979 934 5030 καὶ
960 4979 1117 5031 τοῦτό
1153 4997 1234 5031 σοι
1261 4981 1520 5051 παρέχω·
1551 4983 1706 5037 Λάϐε
1730 5003 1831 5053 μοι

238 5065 440 5135 ὃὰμαλ
466 5084 505 5118 ν
530 5065 956 5133 τριετίζουσαν,
990 5067 1086 5119 καὶ
1116 5063 1253 5136 αἶγα
1282 5069 1710 5136 τριετίζουσαν,
1733 5072 1830 5125 καὶ

240 5153 429 5220 κριὸν,
462 5153 561 5205 καί
595 5155 872 5219 τρυγόνα,
917 5154 1013 5205 καί
1073 5156 1449 5222 περιστεράν.
1491 5158 1599 5209 Θέα
1637 5176 1726 5227 μοι
1754 5161 1832 5222 εἰς

241 5241 419 5308 πόσην
471 5238 778 5308 παχύτητα·
813 5240 1092 5292 κατελθεῖν
1141 5243 1497 5312 καταδέχεται
1547 5246 1574 5296 6
1627 5246 1832 5312 ἀγαθὸς

239 5323 520 5391 Δεσπότης
583 5323 672 5376 διὰ
723 5326 823 5395 τὴν
888 5326 1261 5398 πληροφορίαν
1305 5329 1400 5382 τοῦ
1468 5333 1829 5404 πατριάρχου.

253 5409 476 5482 Ἐπειδὴ
507 5410 616 5478 7&9
654 5412 713 5464 τὸ
745 5413 973 5466 παλαιὸν
1016 5414 1190 5479 οὕτως
1234 5412 1303 5487 ἦν
1337 5419 1521 5482 αὐτοῖς
1556 5421 1675 5482 ἔθος
1709 5438 1806 5473 σ)ν

240 5498 415 5567 θήκας
447 5499 737 5562 ποιεῖσθαι,
758 5501 851 5552 καὶ
878 5500 965 5553 διὰ
989 5503 1194 5555 τούτων
1217 5504 1386 5567 αύτάς
1414 5505 1687 5574 βεϐαιοῦν,
1711 5508 1810 5561 ταύ

241 5603 339 5656 την
367 5587 460 5640 καὶ
489 5588 648 5650 αὐτὸς
671 5588 888 5658 ἔρχεται
913 5591 1010 5660 τὴν
1024 5591 1168 5650 ὁδόν.
1199 5591 1320 5648 Καὶ
1337 5594 1538 5662 ἔλαϐε,
1561 5597 1712 5666 φησῖ,
1733 5599 1832 5650 καὶ

307 5757 329 5783 ⁸
353 5766 491 5814 υιιιιει
516 5765 762 5826 παριόντα.
801 5819 806 5822 _

1944 598 2066 652 οὐδὲ
2104 599 2232 675 εἰκῆ
2266 601 2362 653 καὶ
2400 601 2492 656 τὸν
2531 601 2725 672 χρόνον
2752 600 3163 671 ἐπεσημήνατο.
3196 599 3549 671 Τριετίζοντα

1945 682 2054 754 γὰρ
2087 683 2274 739 λαϐεῖν
2293 685 2612 756 προσέταξε,
2641 685 2788 740 τοῦτ’
2805 685 2946 749 ἐστι,
2970 686 3174 752 τέλεια,
3197 686 3550 758 ἀπηρτισμέ-

1945 786 2034 825 να.
2067 771 2174 826 Καί
2193 771 2417 827 διεῖλεν
2436 774 2591 828 αὐτὰ
2607 775 2794 843 μέσα,
2830 773 2928 828 καὶ
2953 773 3172 841 έθηκεν
3193 771 3353 827 αὐτὰ
3379 773 3548 826 ἀντι-

1944 859 2242 927 πρόσωπα
2269 860 2602 929 ἀλλιξλοις’
2639 862 2712 916 τὰ
2753 860 2830 930 δὴ
2868 860 3047 929 ὄρνεα
3076 863 3149 914 οὐ
3190 859 3403 914 διεῖλε.
3438 861 3550 912 Καὶ

1944 945 2312 1018 καθεζόμενος
2351 950 2631 1020 ἐπετήρει,
2670 948 2812 1002 ὥστε
2840 949 2915 1020 μή
2949 947 3300 1020 λυμήνασθαι
3323 951 3437 1010 τοῖς
3469 947 3546 1000 δι-

1939 1036 2287 1107 λοτομήμασι
2309 1036 2377 1091 τὰ
2398 1037 2747 1107 ἐφιπτάμενα
2765 1036 2954 1109 ὄρνεα,
2977 1036 3074 1089 καὶ
3099 1035 3190 1089 διὰ
3212 1036 3394 1105 πάσης
3419 1037 3547 1105 ήμέ-

1941 1139 2044 1192 ρας
2085 1120 2249 1176 τοῦτο
2303 1124 2475 1176 ποιῶν
2507 1123 2754 1178 διετέλει.
2805 1122 3035 1192 Κατέϐη
3064 1123 3133 1176 δὲ
3166 1123 3339 1190 ἔτερα
3369 1123 3548 1190 ὄρνεα

1936 1207 2037 1263 ἐπὶ
2068 1209 2143 1264 τὰ
2167 1210 2418 1281 σώματα
2453 1211 2524 1266 τὰ
2543 1210 3017 1280 διχοτομηθέντα
3035 1211 3085 1276 ὶσ,
3106 1210 3205 1265 καί
3223 1210 3548 1264 συνεκάθι-

1937 1313 2053 1350 σεν
2073 1298 2282 1364 αὐτοῖς
2310 1301 2548 1370 Ἀϐραμ.
2574 1299 2714 1368 Περί
2749 1298 2817 1352 δὲ
2847 1299 3033 1365 ἡλίου
3061 1298 3301 1366 δυσμὰς
3327 1297 3549 1350 ἐκστα-

1937 1400 2038 1450 σις
2081 1385 2348 1441 ἐπέπεσε
2391 1387 2470 1452 τῷ
2516 1389 2756 1458 Ἀϐραμ,
2801 1387 2902 1440 καί
2945 1385 3075 1440 ἰδοὺ
3116 1386 3306 1454 φόϐος
3352 1388 3546 1454 μέγας

1937 1472 2039 1526 καὶ
2073 1473 2389 1539 σκοτεινὸς
2415 1475 2722 1539 ἐπιπίπτει
2756 1472 2938 1538 αὐτῷ.
2982 1473 3144 1534 Τίνος
3186 1473 3374 1525 ἕνεκεν
3416 1472 3546 1542 περὶ

1934 1559 2088 1628 ήλίου
2141 1559 2374 1630 δυσμὰς,
2420 1561 2509 1614 ὅτε
2553 1560 2740 1613 λοιπὸν
2794 1560 2932 1634 πρὸς
2978 1560 3222 1628 ἑσπέραν
3256 1561 3290 1630 ή
3322 1558 3542 1630 ἡμέρας

1935 1647 2036 1702 Διά
2064 1650 2286 1703 πάντων
2331 1652 2840 1721 προσεκτικώτερον
2885 1652 3050 1704 αὑτὸν
3081 1649 3335 1718 βούλεται
3369 1648 3541 1719 ἐργά-

1937 1735 2168 1788 σασθαι·
2213 1737 2303 1790 δια
2356 1736 2517 1789 τοῦτο
2577 1737 2670 1790 καὶ
2712 1737 2974 1801 ἔκστασις
3013 1737 3110 1791 καὶ
3155 1737 3322 1807 φόϐος
3370 1737 3544 1807 μέγας

1935 1823 2031 1875 καὶ
2066 1824 2338 1888 σκοτεινὸς
2362 1824 2652 1878 ἐπιπίπτει
2683 1825 2852 1895 αὐτῷ,
2880 1824 2967 1878 ἵνα
2994 1824 3082 1878 διὰ
3105 1825 3216 1877 τῶν
3240 1824 3543 1894 γινομένων

1934 1909 2016 1972 εἰς
2049 1909 2303 1979 αἴσθησιν
2329 1909 2459 1982 ἔλθῃ
2488 1911 2589 1980 τῆς
2633 1909 2897 1963 τοῦ.Θεοῦ
2928 1911 3222 1974 ὀπτασίας
3258 1910 3404 1964 οὕτω
3432 1908 3544 1979 γὰρ

1935 1995 2194 2048 ἑκάστοτε
2233 1996 2313 2066 τῷ
2355 1997 2474 2066 Θεῷ
2506 2000 2681 2050 ποιεῖν
2714 1997 2858 2061 ἔθος.
2896 1998 3008 2051 Καὶ
3049 1997 3160 2070 γὰρ
3200 1997 3365 2068 ήνίκα
3401 1999 3543 2069 μετά

1933 2081 2106 2136 ταῦτα
2133 2083 2212 2153 τῷ
2245 2085 2457 2154 Μωῦσῇ
2503 2085 2561 2137 ἐν
2599 2083 2679 2152 τῷ
2710 2083 2912 2154 Σιναίῳ
2951 2084 3067 2156 ϐρει
3102 2085 3296 2154 ἔμελλε
3341 2085 3542 2138 διδόναι

1933 2169 2025 2222 τὸν
2047 2169 2213 2239 νόμον
2233 2170 2329 2223 καὶ
2349 2169 2448 2234 τὰς
2474 2168 2718 2234 ἐντολὰς,
2743 2169 2990 2236 Σκότος.
3011 2171 3168 2241 φησὶ,
3197 2169 3294 2224 καί
3311 2171 3542 2224 θύελλα

1933 2251 2034 2327 ἦν,
2064 2257 2166 2310 καί
2197 2259 2263 2310 τι)
2290 2257 2430 2325 ὄρος
2463 2255 2771 2318 καπνίζον.
2800 2257 2902 2310 Διά
2938 2256 3101 2311 τοῦτο
3140 2257 3237 2312 καὶ
3270 2259 3305 2327 ἡ
3345 2257 3540 2330 Γρσφή

1935 2361 2124 2416 φησιν,
2153 2345 2219 2396 '0
2247 2345 2587 2412 ἁπτόμενος
2611 2343 2731 2396 τῶν
2763 2343 2970 2412 ὀρέων,
2999 2342 3103 2398 καί
3125 2342 3538 2404 καπνίζονται.

1946 2431 2166 2502 Ἐπειδὴ
2202 2431 2313 2501 7&9
2344 2432 2453 2484 τῶν
2491 2431 2804 2502 ἀσωμάτων
2845 2449 2898 2484 τι
2936 2431 3064 2486 ἰδεῖν
3101 2432 3200 2501 οὐχ
3225 2427 3336 2485 οἷόν
3358 2449 3416 2485 τε
3451 2432 3542 2485 διά

1931 2519 2042 2570 τῶν
2079 2519 2357 2588 αἰσθητῶν
2398 2517 2609 2572 τούτων
2655 2517 2978 2588 ὀφθαλμῶν,
3034 2517 3132 2590 τὴν
3166 2517 3376 2572 οἰκείαν
3404 2521 3539 2589 ἡμῖν

1933 2605 2217 2675 ἐνέργειαν
2261 2605 2504 2675 σημᾶναι
2567 2604 2840 2675 βούλεται.
2887 2605 3107 2676 Ἐπειδὴ
3143 2605 3326 2658 τοίνυν
3378 2621 3542 2659 κατε-

1933 2693 2120 2764 πλάγη
2151 2696 2180 2747 6
2211 2695 2421 2758 δίκαιος
2470 2696 2700 2759 ἐκεῖνος,
2738 2695 2833 2748 καὶ
2882 2694 3204 2749 κατέσεισεν
3237 2694 3408 2749 αὐτοῦ
3437 2695 3539 2766 τὴν

1930 2783 2175 2837 διάνοιαν
2199 2787 2227 2838 6
2246 2784 2431 2852 φόϐος,
2458 2783 2551 2838 καὶ
2577 2787 2610 2856 ή
2632 2787 2982 2856 γεγενημένη
3004 2785 3292 2848 ἔκστασις,
3311 2783 3536 2857 ἐρρέθη,

1933 2869 2089 2940 φησί,
2114 2869 2250 2940 πρὸς
2269 2869 2454 2924 αὐτόν·
2469 2864 2658 2935 Εῐπες,
2683 2871 2838 2941 φησί,
2861 2870 3020 2925 Κατά
3039 2871 3091 2924 τί
3107 2870 3390 2941 γνώσομαι
3408 2889 3422 2936 ;
3442 2872 3540 2924 καί⁵

1935 2959 2158 3026 σημεῖον
2199 2952 2502 3027 ἐϐουλήθης
2537 2955 2746 3020 λαϐεῖν,
2779 2957 2896 3020 πῶς
2941 2956 3158 3028 μέλλεις
3179 2956 3540 3028 κληρονομεῖν

1930 3041 2030 3113 τὴν
2064 3042 2190 3112 γῆν.
2237 3043 2368 3097 Ἰδοὺ
2408 3043 2602 3114 δίδωμί
2644 3061 2726 3098 σοι
2761 3048 2991 3116 σημεῖον
3017 3060 3031 3075 ο
3085 3044 3288 3116 πολλῆς
3315 3044 3428 3117 γὰρ
3459 3045 3540 3100 δεῖ
3639 3084 3644 3089 ι
3716 3073 3720 3076 ·

1933 3146 1992 3182 σε
2026 3130 2124 3198 τῆς
2151 3129 2409 3193 πίστεως,
2443 3129 2530 3182 ῖνα
2570 3131 2775 3204 μάθῃς,
2826 3131 2926 3184 ὅτι
2951 3131 3046 3184 καὶ
3084 3131 3143 3197 ἐξ
3172 3131 3540 3204 ἀπεγνωσμέ-

1931 3234 2037 3270 νων
2059 3215 2296 3287 δύναμαι
2319 3216 2388 3270 τά
2414 3216 2715 3287 πράγματα
2750 3218 2830 3281 είς
2856 3220 3103 3287 χρηστάς
3131 3217 3361 3282 ἐλπίδας
3394 3220 3536 3288 ἀγα-

1930 3305 2070 3370 γεῖν.
2101 3305 2211 3357 Καὶ
2249 3304 2460 3372 ἐρρέθη
2489 3305 2640 3372 πρὸς
2672 3306 2918 3376 Ἀϐραμο
2953 3303 3285 3359 Γινώσκων
3304 3305 3534 3374 γνώσῃ,

1930 3389 2018 3442 ὅτι
2043 3389 2338 3458 πάροικον
2357 3393 2527 3445 ἕσται
2558 3394 2622 3444 τὸ
2641 3397 2883 3460 σπέρμα
2913 3408 3031 3444 σου
3051 3393 3122 3445 ἐν
3144 3391 3222 3462 τῇ
3251 3393 3364 3446 οὐκ
3391 3392 3534 3460 ιδίςι,

1929 3478 2027 3530 καὶ
2051 3478 2482 3535 δουλώσουσιν
2505 3481 2750 3546 αὐτοὺς.
2777 3479 2875 3534 καί
2899 3480 3276 3548 κακώσουσι,
3305 3483 3404 3535 καί
3432 3500 3536 3537 τα-

1929 3564 2345 3620 πεινώσουσιν
2373 3568 2477 3634 ἐτη
2504 3571 2885 3635 τετρακόσια.
2929 3569 2998 3622 Τὸ
3021 3565 3092 3622 δὲ
3121 3569 3320 3635 ἔθνος,
3356 3563 3406 3636 ᾧ
3425 3571 3538 3625 ἐὰν

1929 3653 2330 3720 ϐουλεύσωσι,
2368 3654 2550 3722 κρινῶ
2574 3656 2689 3724 ἐγώ
2721 3671 2735 3686 ·
2761 3655 2914 3725 μετὰ
2960 3655 3030 3709 δὲ
3065 3657 3255 3711 ταῦτα
3288 3659 3532 3723 ἐξελεύ-

1931 3754 2145 3794 σονται
2179 3739 2295 3795 ὦδε
2331 3743 2483 3810 μετὰ
2516 3742 2870 3812 ἀποσκευῆς
2914 3744 3176 3812 πολλῆς.
3205 3747 3436 3815 Μεγάλα
3468 3747 3535 3803 τὰ

1930 3828 2221 3898 εἰρημένα,
2279 3832 2374 3884 καὶ
2427 3829 2576 3903 [576]
2619 3832 2801 3903 ψυχῆς
2849 3833 3107 3904 νεανικῆς
3140 3833 3390 3905 δεόμενα,
3438 3838 3535 3890 καὶ

1932 3915 2475 3988 ὑπεραναϐαινούσης
2513 3920 2605 3972 καί
2639 3919 2895 3990 ἀφιείσης
2931 3920 3085 3973 κάτω
3121 3922 3298 3974 πάντα
3331 3923 3401 3975 τά
3433 3923 3530 3977 ἀνα

1930 3999 2202 4071 θρώπινα.
2234 4004 2295 4056 Εἰ
2330 4003 2403 4075 μὴ
2425 4005 2532 4076 γὰρ
2561 4006 2818 4072 γενναίαν
2844 4009 2966 4063 τινὰ
3015 4008 3110 4061 καὶ
3131 4009 3408 4079 ἀνδρείαν,
3437 4013 3533 4063 καὶ

1930 4087 2218 4157 φιλόσοφον
2253 4085 2368 4160 εἶχε
2413 4091 2593 4162 ψυχὴν
2625 4093 2651 4144 6
2687 4094 3058 4166 πατριάρχης,
3093 4095 3270 4148 ταῦτα
3304 4097 3400 4149 καὶ
3444 4097 3533 4149 θο-

1931 4173 2166 4242 ρυϐῆσαι
2223 4176 2383 4230 αὑτὸν
2459 4178 2620 4231 ἱκανὰ
2669 4174 2757 4249 ἦν.
2806 4180 3134 4235 Γινώσκων
3170 4183 3302 4252 γὰρ,
3359 4185 3528 4253 φησὶ,

1929 4261 2156 4330 γνώσῃ,
2191 4262 2279 4316 ὅτι
2312 4264 2606 4331 πάροικον
2635 4267 2810 4320 ἕσται
2835 4268 2899 4320 τό
2934 4268 3175 4338 σπέρμα
3203 4285 3322 4323 σου
3359 4270 3430 4322 ἐν
3454 4270 3531 4339 γᾶ

1928 4350 2042 4402 οὐκ
2074 4349 2216 4416 ἰδίᾳ,
2270 4353 2366 4404 καὶ
2405 4352 2817 4417 δουλώσουσι,
2862 4355 2960 4407 καί
3017 4359 3384 4421 κακώσουσι,
3429 4360 3533 4412 καί

1930 4434 2414 4490 ταπεινώσουσιν
2457 4440 2682 4507 αὐτοὺς
2730 4441 2838 4509 ἐτη
2893 4445 3271 4510 τετρακόσια.
3333 4447 3400 4498 Τὸ
3463 4447 3532 4498 δὲ

1928 4521 2124 4588 ἔθνος,
2159 4516 2208 4589 ᾦ
2245 4524 2354 4578 ἐὰν
2397 4524 2801 4591 ϐουλεύσωσι,
2845 4528 3026 4595 κρινῶ
3070 4530 3220 4598 ἐγώ’
3265 4533 3418 4600 μετὰ
3461 4533 3532 4585 δὲ

1927 4611 2115 4666 ταῦτα
2137 4611 2566 4676 ἐξελεύσονται
2583 4609 2701 4668 ὧδε
2709 4617 2861 4685 μετὰ
2881 4617 3238 4685 ἀποσκευῆς
3261 4621 3526 4690 πολλῆς.

1999 4742 2069 4804 γ’.
2090 4736 2181 4806 Μή
2219 4735 2532 4807 θαυμάσῃς,
2567 4738 2731 4806 φησί,
2760 4740 2895 4808 πρὸς
2916 4741 3108 4793 ἑαυτὸν
3129 4743 3272 4812 ὁρῶν
3291 4782 3306 4807 ,
3331 4745 3425 4797 καί⁵
3468 4744 3530 4798 τὸ

1927 4825 2109 4895 γῆρας
2143 4826 2203 4879 τὸ
2231 4827 2342 4888 σὸν,
2378 4828 2472 4879 καὶ
2492 4826 2591 4898 τὴν
2620 4828 2718 4897 τῆς
2752 4830 2935 4899 Σάρας
2967 4831 3272 4902 στείρωσιν,
3302 4835 3393 4886 καὶ
3423 4835 3524 4905 τὴν

1929 4912 2031 4981 τῆς
2071 4913 2284 4984 μήτρας
2311 4914 2599 4985 νέκρωσιν,
2629 4916 2720 4968 καὶ
2760 4916 2990 4988 νομίσῃς
3018 4935 3083 4986 με
3119 4918 3260 4987 μέγα
3297 4937 3347 4972 τι
3377 4921 3529 4991 είρη-

1930 5000 2104 5063 κέναι,
2139 5002 2222 5053 ὅτι
2249 4996 2402 5054 εἷπον
2425 5020 2438 5032 ο
2477 5002 2559 5066 Τῷ
2587 5002 2888 5072 σπέρματί
2914 5019 3032 5057 σου
3069 5005 3240 5058 δώσω
3274 5007 3386 5073 τὴν
3411 5010 3530 5076 γῆν

1930 5089 2178 5154 ταύτην.
2215 5089 2289 5140 Οὐ
2335 5089 2493 5159 μόνον
2529 5091 2639 5162 γὰρ
2671 5090 2832 5144 τοῦτό
2875 5109 2957 5144 σοι
2983 5094 3259 5163 προλέγω,
3296 5096 3411 5148 ἀλλ’
3445 5098 3529 5150 ὅτι

1928 5175 2024 5226 καὶ
2062 5175 2193 5228 αὐτὸ
2224 5175 2284 5227 τὸ
2330 5177 2551 5248 σπέρμα
2591 5195 2684 5230 σου
2727 5180 2807 5242 εἰς
2849 5179 3139 5250 ἀλλοτρίαν
3180 5183 3283 5251 γῆν
3332 5185 3530 5238 ἀπενε-

1929 5261 2214 5332 χθήσεται.
2247 5265 2358 5316 Καὶ
2381 5266 2482 5317 οὐκ
2506 5262 2677 5326 εἶπεν,
2713 5269 2791 5329 εἰς
2815 5269 3110 5335 Δίγυτπον,
3131 5271 3250 5322 οὐδὲ
3274 5271 3528 5340 ὠνόμασε

1927 5349 2030 5418 τῆς
2059 5352 2161 5420 γῆς
2194 5351 2290 5422 τὴν
2336 5354 2741 5424 προσηγορίαν,
2777 5355 2915 5409 ἀλλά
2948 5373 3134 5426 φησιν,
3162 5359 3387 5431 Ἐφ’-,γῇ
3418 5362 3530 5412 οὐκ

1933 5439 2054 5505 ἰδίᾳ
2074 5457 2087 5470 ·
2123 5443 2215 5493 καὶ
2244 5444 2488 5496 δουλείαν
2517 5444 2848 5515 ὑπομενοῦσι
2873 5447 2968 5499 καὶ
3001 5449 3404 5518 ταλαιπωρίαν,
3437 5449 3530 5502 καὶ

1930 5528 2280 5600 ὀδυνήσονται
2319 5534 2379 5585 οὐ
2421 5534 2555 5603 πρὸς
2589 5534 2796 5605 βραχὺν
2828 5536 3040 5605 χρόνον,
3068 5537 3187 5589 οὐδὲ
3236 5539 3372 5609 πρὸς
3413 5537 3528 5591 ὀλί-

1997 5715 2023 5752 b
2049 5716 2098 5762 In
2124 5716 2298 5790 Bilgliis
2323 5721 2504 5771 Gracis
2527 5724 2704 5782 κατέϐη
2731 5723 2780 5772 δέ
2803 5723 2938 5786 ὄρνεα
2964 5726 3001 5773 ἐ.
3028 5742 3070 5773 τ.
3101 5726 3246 5785 σ.,τὰ
3271 5727 3528 5790 διχοτομή-

1938 5791 2065 5837 ματα
2094 5795 2268 5828 αυτων.
