4058 6388
556 411 667 471 8έῦ

553 541 666 593 γων
699 519 834 574 ἐτῶν
877 517 1142 589 άριθμδν,
1187 515 1318 569 ἀλλὰ
1354 515 1514 587 μέχρι
1558 513 1922 584 τετρακοσίων
1970 508 2126 563 ἐτῶν.

551 618 662 687 Τὴν
697 617 881 687 μέντοι
922 612 1161 666 ἐκδικίαν
1210 609 1388 664 αὐτῶν
1435 609 1546 677 ἐγὼ
1580 612 1898 680 ποιήσομαι,
1938 609 2035 663 καὶ
2072 608 2137 661 τὸ

551 706 706 769 ιθνος
752 706 929 758 ἐκεῖνο
965 703 1028 756 τὺ
1071 700 1609 772 καταδουλωσόμενον
1644 700 1755 769 ἐγὼ
1788 700 1959 772 κρινῶ
1983 740 1999 766 ,
2040 700 2136 754 καὶ

550 796 726 859 οὓτως
773 794 969 857 αὐτοὺς
1018 793 1157 863 μετά
1198 792 1398 862 πολλῆς
1447 792 1762 863 ἀποσκευῆς
1808 791 2136 845 ἐπανελθεῖν

552 887 785 942 ἐνταῦθα
818 888 1027 957 ποιήσω
1050 901 1063 914 ·
1098 885 1235 955 ὁμοῦ
1271 886 1365 937 καὶ
1399 883 1677 955 προλέγων
1714 883 1862 955 αὐτῷ
1896 882 1967 936 τὰ
1996 880 2126 954 μετᾶ

553 979 725 1033 ταῦτα
773 974 1003 1046 ἐσόμενα
1047 976 1187 1047 μετὰ
1228 975 1553 1046 ἀκριϐείας,
1606 975 1701 1027 καὶ
1749 974 1847 1045 τὴν
1889 972 2127 1027 δουλείαν

551 1064 745 1140 δηλῶν,
778 1068 874 1120 καὶ
916 1066 1014 1136 τὴν
1043 1067 1123 1129 είς
1163 1066 1433 1134 Αἴγυπτον
1465 1064 1709 1130 κάθοδον,
1738 1066 1833 1120 καὶ
1863 1064 1961 1137 τὴν
1993 1065 2127 1132 ἀγα-

551 1162 810 1229 νάκτησιν
839 1163 904 1229 ἣν
939 1159 1009 1232 δι’
1041 1160 1237 1222 αὐτοὺς
1270 1157 1520 1228 μέλλουσι
1556 1159 1851 1228 πειρᾶσθαι
1873 1158 1921 1211 οί
1962 1155 2127 1225 Αίγύ‹

551 1269 718 1315 πτιοι,
738 1252 831 1305 καὶ
852 1253 952 1320 τὴν
981 1250 1114 1320 μετά
1138 1249 1493 1320 περιφανείας
1522 1249 1701 1303 αὐτῶν
1729 1250 2006 1304 ἐπάνοδον.
2023 1247 2126 1302 Καὶ

548 1343 820 1396 δείκνυσιν
845 1339 1014 1409 αὐτῷ,
1039 1340 1121 1392 ὅτι
1149 1339 1249 1392 οὐκ
1279 1340 1365 1391 ἐπ’
1400 1338 1549 1408 αὐτῷ
1582 1339 1741 1409 μόνον
1772 1340 1837 1391 τὰ
1868 1340 2006 1410 ὑπὲρ
2031 1338 2127 1407 φύ-

554 1453 637 1489 σιν
677 1435 848 1499 ἔσται,
881 1435 975 1488 καὶ
1008 1433 1143 1502 μετά
1180 1431 1418 1485 τοσαῦτα
1460 1433 1756 1503 κωλύματα
1787 1431 1854 1486 τὰ
1891 1433 1995 1485 ὑπὸ
2034 1434 2128 1486 τοῦ

552 1525 685 1579 Θεοῦ
727 1524 1135 1593 ἐπαγγελθέντα
1166 1526 1247 1586 είς
1290 1524 1463 1595 πέρας
1507 1524 1831 1593 ἀχθήσεται,
1866 1524 2001 1576 ἀλλά
2039 1525 2129 1578 καὶ
2198 1572 2215 1589 ,

553 1618 646 1671 ἐπὶ
676 1617 877 1677 παντὸς
903 1616 995 1670 τοῦ
1025 1616 1334 1687 σπέρματος
1361 1616 1522 1669 αὐτοῦ
1560 1615 1717 1668 τοῦτο
1764 1616 2120 1695 συμϐήσεται.

554 1709 741 1764 Ταῦτα
771 1710 847 1775 δὲ,
885 1709 1068 1779 φησὶν,
1094 1708 1191 1777 ήδη
1226 1724 1305 1759 σοι
1345 1702 1516 1769 εἶπον,
1553 1707 1638 1759 ἵνα
1673 1708 1800 1777 πρὶν
1827 1708 1859 1778 ἢ
1891 1708 1977 1761 τὸν
2010 1708 2121 1778 βίον

555 1801 884 1872 καταλύσῃς,
917 1799 1116 1851 εἰδέναι
1150 1797 1278 1868 ἔχῃς
1305 1797 1372 1850 τὰ
1419 1797 1513 1851 καὶ¹
1546 1798 1671 1859 τούς
1715 1800 1840 1860 σούς
1879 1800 2133 1866 ἐκγόνους

551 1891 920 1962 διαδεξόμενοι.
963 1889 1046 1944 Σὺ
1097 1889 1185 1952 δὲ,
1226 1889 1412 1959 φησιν,
1456 1889 1769 1955 ἀπελεύσῃ
1808 1889 1957 1955 πρὸς
1990 1890 2134 1957 τοὺς

552 1983 810 2051 πατέρας
845 1996 985 2044 σου,
1018 1980 1261 2048 τραφείς
1292 1980 1363 2033 ἐν
1386 1978 1539 2047 γήρᾳ
1585 1978 1769 2043 καλῷ.
1810 1980 1923 2032 Οὐκ
1956 1976 2130 2047 εἶπεν,

551 2074 821 2145 ἀποθανῇ,
843 2073 956 2127 ἀλλ’
1002 2072 1349 2138 Ἀπελεύσῃ,
1385 2072 1461 2133 ὼς
1488 2070 1788 2142 ἀποδημεῖν
1816 2071 1980 2125 αὐτοῦ
2013 2074 2136 2144 μέλ-

553 2163 735 2227 λοντος
765 2164 859 2216 καλ⁸
906 2161 1261 2233 μεθίστασθαι
1304 2161 1414 2214 ἀπὸ
1459 2161 1713 2231 πατρίδος
1762 2163 1843 2225 είς
1879 2165 2131 2234 πατρίδα.

566 2253 915 2321 Ἇπελεύσῃ.
942 2253 1094 2321 φησὶ,
1124 2252 1273 2318 πρὸς
1303 2252 1444 2316 τοὺς
1470 2252 1729 2319 πατέρας
1754 2269 1891 2316 σου,
1915 2254 1976 2305 οὐ
2010 2256 2135 2318 τοὺς

552 2343 695 2397 κατά
718 2343 894 2413 σάρκα
920 2342 1117 2410 λέγων.
1140 2341 1263 2404 Πῶς
1297 2343 1424 2413 γὰρ,
1463 2343 1583 2395 ἐπεὶ
1614 2344 1841 2407 ἄπιστος
1870 2340 1939 2415 ἦν
1968 2346 2132 2399 αὐτοῦ

551 2437 582 2489 6
614 2433 817 2505 πατὴρ,
851 2434 946 2485 καὶ
976 2432 1075 2501 οὐχ
1106 2427 1215 2484 οἷόν
1243 2449 1303 2485 τε
1330 2429 1396 2503 ἦν
1439 2433 1529 2485 τὸν
1569 2433 1758 2487 πιστὸν
1792 2438 2133 2508 πατριάρχην

553 2526 634 2589 εἰς
664 2524 756 2578 τὸν
797 2524 963 2578 αὐτὸν
1006 2523 1200 2593 ἐκείνῳ
1237 2523 1415 2594 χῶρον
1453 2524 1738 2582 ἀπελθεῖνξ
1772 2524 1984 2594 Χάσμα
2026 2527 2135 2598 γὰρ

547 2616 703 2685 μέγα
730 2614 882 2675 ἐστὶ,
922 2614 1078 2683 φησὶ,
1102 2612 1331 2682 μεταξὺ
1360 2612 1527 2681 ἡμῶν
1558 2631 1620 2667 τε
1652 2614 1747 2668 καί
1776 2614 1959 2685 ὑμῶν.
1981 2616 2135 2679 Τίνος

554 2700 647 2760 οὖν
684 2707 870 2758 ἕνεκεν
897 2704 1106 2774 εἴρηκε,
1142 2703 1299 2769 Πρὸς
1335 2703 1478 2768 τοὺς
1507 2703 1766 2771 πατέρας
1814 2720 1965 2769 σου;
1995 2706 2134 2769 Τούς

554 2797 795 2859 δικαίους
822 2794 1207 2865 αἰνιττόμενος,
1230 2792 1357 2855 τοὺς
1378 2794 1507 2862 περὶ
1528 2793 1617 2847 τὸν
1645 2793 1828 2853 Ἅϐελ,
1854 2796 1981 2858 τούς
2005 2796 2135 2866 περὶ

550 2890 644 2943 τὸν
670 2888 813 2952 Νῶε,
856 2885 983 2947 τούς
1021 2884 1147 2955 περὶ
1189 2882 1280 2934 τὸν
1326 2883 1514 2951 Ἑνώχ.
1563 2885 1808 2952 Τραφεὶς
1850 2885 1920 2936 ἐν
1972 2884 2135 2955 γήρει

551 2977 783 3043 καλῷι,
811 2973 969 3037 Ἴσως
1004 2971 1071 3026 ἀν
1103 2970 1247 3024 εἴποι
1270 2988 1387 3034 τιςο
1429 2972 1521 3027 καὶ
1553 2976 1701 3025 ποῖον
1733 2973 1799 3026 ἂν
1832 2973 1916 3044 εἴη
1945 2975 2134 3029 τούτου

374 3096 412 3123 .-
498 3129 501 3132 1
554 3069 716 3123 καλὸν
747 3067 945 3137 γῆρας,
972 3062 1033 3116 16
1058 3062 1326 3115 τοσούτων
1363 3062 1590 3131 θλίψεων
1627 3063 1841 3117 ἅπαντα
1890 3065 1980 3118 τὸν
2020 3065 2134 3135 βίον

450 3212 456 3217 ,
554 3157 876 3230 παρελθεῖν;
901 3152 1063 3207 Ἀλλά
1094 3152 1169 3223 μὴ
1192 3152 1349 3206 τοῦτο
1377 3154 1787 3225 ῖδῃς.’ἀνθρωπε
1806 3172 1821 3186 ⁸
1845 3156 1983 3209 ἀλλά
2011 3156 2135 3209 ἀνα·

555 3249 769 3319 λογίζου
797 3249 892 3301 καὶ
919 3246 1018 3317 τὴν
1050 3245 1170 3299 καθ’
1198 3245 1428 3298 ἕκαστον
1458 3244 1648 3315 καιρὸν
1678 3248 2017 3315 περιφάνειν,
2040 3249 2135 3301 καὶ

552 3350 703 3403 ὅπως
731 3338 973 3403 ἐπίδοξος
1001 3338 1228 3405 γέγονεν
1254 3337 1282 3390 6
1315 3336 1483 3402 ξένος,
1511 3338 1539 3388 6
1576 3337 1785 3403 ἄπολις,
1814 3339 1843 3391 6
1869 3339 2133 3403 ἀνέστιος,

553 3431 648 3486 καὶ
683 3430 815 3498 ὅσης
860 3426 948 3480 διὰ
978 3426 1179 3489 παντὸς
1211 3424 1304 3480 τοῦ
1353 3426 1544 3497 χρόνου
1582 3428 1867 3498 ἀπήλαυσε
1915 3430 2011 3499 τῆς
2040 3430 2134 3483 τοῦ

554 3521 687 3573 Θεοῦ
719 3516 1074 3588 ἀντιλήψεως.

625 3680 717 3749 Μὴ
744 3679 925 3732 τοίνυν
955 3677 1095 3730 κατὰ
1130 3674 1227 3744 τὴν
1272 3672 1368 3727 νῦν
1396 3672 1665 3745 ὑπόληψιν
1707 3677 1857 3745 κρῖνε
1896 3677 1961 3730 τά
1990 3678 2133 3748 πρά-

560 3787 763 3841 γματα,
809 3767 940 3838 μηδὲ
969 3766 1156 3835 νόμιζε
1184 3759 1359 3817 ἐκείνο
1398 3761 1537 3817 εἶναι
1569 3764 1742 3835 γῆρας
1771 3765 1955 3826 καλὸν,
1983 3768 2043 3821 τὸ
2077 3770 2135 3820 ἐν

555 3862 734 3933 τρυφῇ
756 3860 847 3922 καὶ
869 3856 1177 3927 ἀδδηφαγίᾳ
1201 3855 1427 3921 διάγειν,
1448 3855 1543 3907 καὶ
1561 3853 1795 3927 πλοῦτον·
1811 3855 2132 3925 κεκτῆσθαι,

556 3952 649 4006 καὶ
679 3948 830 4023 [σπι
856 3946 1080 4000 οἰκετῶν
1103 3945 1129 3984 δ
1155 3945 1380 4014 πλῆθος,
1418 3946 1512 3998 καὶ
1539 3945 1886 4017 ἀνδραπόδων
1914 3948 2133 4015 ἀγέλας.

555 4040 742 4095 Ταῦτα
772 4039 880 4109 γάρ
916 4038 1016 4091 οὐκ
1054 4036 1118 4091 ἂν
1154 4037 1400 4107 ποιήσειε
1441 4037 1618 4106 γῆρας
1648 4036 1841 4101 καλὸν,
1882 4037 2016 4090 ἀλλά
2044 4040 2149 4094 καὶ.

556 4131 759 4199 πολλὴν
788 4129 1130 4196 κατάγνωσιν
1156 4126 1221 4180 ἀν
1254 4127 1467 4195 ἐνέγκοι
1495 4125 1573 4195 τῷ
1608 4126 1741 4195 μηδὲ
1776 4129 1834 4179 ἐν
1863 4128 1932 4197 γή
1944 4145 2011 4199 ρᾳ
2040 4138 2139 4182 σω-

557 4220 946 4294 φρονιζομένῳ,
971 4218 1106 4289 μηδέ
1127 4217 1262 4289 πρὸς
1290 4216 1458 4280 αὐτὰς
1487 4216 1585 4279 τάς
1611 4218 1843 4286 ἐσχάτας
1866 4219 2137 4283 ἀναπνοάς

554 4332 606 4367 τι
636 4313 742 4365 τῶν
762 4311 987 4364 δεόντων
1014 4307 1563 4379 βουλευομένῳ,“ἀλλά
1585 4308 1706 4360 καθ’
1732 4310 1968 4372 ἑκάστην
1995 4312 2136 4377 ἡμέ-

558 4420 654 4478 ραν
692 4377 1140 4471 γαστριξομένῳ,
1172 4377 1265 4452 καὶ
1302 4377 1577 4469 ξυμπόσια
1615 4400 1710 4452 καὶ
1759 4401 1929 4470 μέθας
1971 4419 2135 4471 μετα-

554 4494 825 4562 διιίικοντι,
850 4494 945 4544 καὶ
981 4492 1095 4561 μετ’
1119 4491 1180 4543 οὐ
1221 4490 1355 4542 πολύ
1383 4489 1587 4544 τούτων
1621 4491 1877 4544 ἀπάντων
1906 4492 2136 4556 εὐθύνας

556 4582 905 4639 ἀπαιτεῖσθαι
936 4580 1200 4649 μέλλοντι.
1240 4580 1297 4632 ὐ
1340 4578 1522 4648 μέντοι
1554 4579 1691 4649 μετά
1712 4581 1978 4651 τοσαύτης
2006 4584 2133 4653 ἀρε.

555 4677 654 4747 τῆς
675 4673 898 4735 ὁδεύσας
923 4673 1017 4724 τὸν
1057 4670 1190 4739 βίον,
1217 4665 1367 4733 οὗτος
1396 4669 1609 4739 ἀληθῶς
1637 4672 1864 4739 τραφεὶς
1902 4673 1959 4725 ὲν
1986 4674 2134 4745 γήρᾳ

557 4767 705 4837 καλῷ
728 4761 989 4841 καταλύει
1010 4746 1107 4832 ¹τὴν
1138 4762 1302 4831 ζωὴν.
1328 4761 1423 4814 κα)⁸
1448 4760 1553 4814 τῶν
1576 4760 1809 4815 ἐνταῦθα
1839 4763 2015 4817 πόνων
2044 4765 2135 4817 εὐ-

558 4858 736 4929 ρίσκει
788 4853 973 4907 λοιπὸν
1008 4851 1105 4914 τὰς
1155 4850 1388 4920 άμοιὸἀς
1419 4851 1515 4904 καὶ
1544 4851 1643 4914 τάς
1687 4854 2003 4918 ἀντιδόσεις.
2034 4856 2134 4909 Διά

555 4947 713 5001 τοῦτό
743 4962 905 5016 φησιο
940 4944 1066 5006 τούς
1099 4943 1195 5013 μὲν
1225 4942 1479 5010 ἐκγόνους
1510 4942 1683 4995 ταῦτα
1711 4944 2026 5011 διαδέξεται,
2066 4947 2130 4999 σὺ

555 5039 613 5094 δέ
650 5034 939 5107 ἀπελεύσῃν
973 5032 1197 5104 τραφεὶς
1248 5034 1306 5084 ἐν
1333 5035 1479 5104 γήρᾳ
1529 5033 1701 5102 καλῷ.
1737 5035 1936 5088 Σκόπει
1970 5037 2132 5091 πάλιν

556 5127 813 5187 ἐνταῦθα,
846 5128 893 5177 εἰ
923 5123 997 5195 μὴ
1033 5122 1202 5192 πολλὴ
1232 5121 1321 5174 τοῦ
1362 5124 1567 5176 δικαίου
1596 5120 1664 5195 ἦν
1694 5126 1725 5194 ἡ
1764 5125 2004 5196 ἀνδρεία,
2037 5130 2132 5181 καλ⁸

554 5222 654 5289 τῆς
698 5217 1013 5288 φιλοσοφίας
1057 5217 1090 5286 ἡ
1126 5213 1430 5285 ὑπερϐολὴ,
1471 5214 1589 5277 πῶς
1632 5215 1725 5268 καὶ
1772 5216 1909 5271 αὐτὰ
1960 5216 2132 5270 ταῦτα

560 5313 719 5368 ἱκανὰ
762 5309 830 5382 ἦν
866 5310 1031 5365 αὐτοῦ
1070 5307 1386 5381 διαταράξαι
1419 5311 1507 5364 τδν
1544 5312 1819 5382 λογισμόν.
1857 5309 1992 5367 Εἴπε
2024 5316 2133 5385 γὰρ

620 5561 647 5590 ⁸
672 5559 755 5607 Sic
786 5558 933 5620 Savil.
975 5564 1027 5606 et
1057 5570 1228 5620 omnes
1263 5568 1391 5615 pene.
1425 5570 1540 5605 mss.
1577 5558 1624 5605 In
1660 5556 1833 5606 Morel.
1873 5559 2056 5620 legitur
2087 5560 2135 5606 ἐν

556 5623 681 5683 γήρα
717 5619 962 5683 καλῶ-,είς
988 5618 1139 5683 γει-ἰαί
1172 5619 1724 5683 Chrysoslomuslmpdo
1755 5620 1801 5666 ἐν
1822 5618 1962 5681 γήρᾴ,
1991 5621 2133 5666 modo

558 5678 605 5731 ἓν
625 5678 782 5744 ’γῆρεις
827 5678 877 5744 1b
900 5679 1050 5744 ngil.
1076 5686 1129 5729 cl
1149 5692 1235 5728 sex
1269 5691 1381 5726 mss.
1404 5680 1483 5725 καὶ
1524 5680 1728 5727 πλούτου
1750 5678 2009 5736 κεκτῆσθαι
2046 5698 2131 5727 κα-

558 5742 682 5806 κίαν,
705 5742 785 5789 καὶ
803 5742 1017 5789 οἰκετῶν.

1269 400 1326 458 S.
1365 397 1645 456 JOANNIS
1679 394 2172 453 CIIRYSOSTOMI
2211 393 2529 452 ARCHIEP.
2570 393 3107 453 CONSTANTINOP.

3704 398 3809 457 346

2241 510 2327 577 ἂν,
2360 512 2407 564 εί
2448 510 2557 565 τῶν
2583 511 2793 566 πολλῶν
2837 529 2921 575 τις
2947 506 3044 582 ἦν·
3098 510 3241 575 τίνος
3270 511 3454 567 ἕνεκεν
3502 513 3814 587 ἐπαγγέλλῃ

2238 621 2327 674 μοι
2350 604 2603 658 τοσοῦτον
2634 604 2695 670 ἐξ
2724 604 2857 676 ἐμοῦ
2892 604 3108 676 σπέρμα
3139 606 3386 676 ποιήσειν
3417 604 3737 676 ἐκταθῆναι,
3766 609 3815 659 εί

2238 696 2814 768 μέλλοιεν,τοσούτοις
2861 696 3282 769 περιϐάλλεσθαι
3320 700 3544 762 κακοῖς,
3578 698 3672 750 καὶ
3724 699 3817 751 ἐπὶ

2233 787 2501 842 τοσούτων
2540 786 2677 841 ἐτῶν
2705 788 2939 859 ἀριθμὸν
2978 789 3221 861 δουλείαν
3269 790 3592 859 ὑπομένεινς
3621 787 3677 841 τί
3728 806 3817 856 μοι

2237 882 2294 935 τὸ
2322 881 2548 950 δφελοςς
2592 879 2731 933 Ἀλλ’
2759 881 2913 934 οὐδὲν
2950 880 3156 934 τούτων
3197 883 3227 935 ό
3262 881 3467 943 δίκαιος
3509 880 3815 947 ἐλογίσατο,

2236 973 2370 1028 ἀλλά
2401 973 2650 1043 καθάπερ
2682 972 2977 1045 εὐγνώμων
3012 973 3229 1045 οίκέτης
3259 972 3329 1027 τά
3358 973 3510 1045 παρά
3541 972 3638 1026 τοῦ
3680 972 3817 1027 Θεοῦ

2235 1064 2451 1120 ἅπαντα
2487 1065 2732 1136 ἐστεργε,
2761 1067 2856 1120 καὶ
2898 1065 2967 1120 τά
2998 1064 3149 1136 αὐτῷ
3179 1065 3439 1120 δοκοῦντα
3472 1064 3579 1119 τῶν
3620 1064 3817 1120 ἐαυτοῦ

2234 1153 2507 1224 λογισμῶν
2536 1157 2823 1228 προετίμα.
2844 1153 2976 1210 Εἶτα
2996 1157 3090 1211 καὶ
3120 1157 3210 1210 τὸν
3234 1156 3423 1227 καιρὸν
3449 1155 3598 1226 αὐτῷ
3622 1155 3820 1226 μηνύει

2234 1241 2328 1312 τῆς
2357 1243 2618 1295 ἐπανόδου
2645 1243 2743 1314 τῆς
2773 1243 2883 1296 ἀπὸ
2918 1243 3017 1313 τῆς
3042 1242 3304 1304 δουλείας.
3344 1241 3528 1295 Είπὼν
3556 1242 3670 1312 γὰρ
3708 1258 3821 1294 των

2234 1330 2369 1383 ἐτῶν
2404 1328 2657 1408 ἀριθμρν,
2706 1330 2891 1400 φησὶν,
2919 1329 3015 1399 ἐτη
3062 1330 3419 1401 τετρακόσια·
3462 1328 3720 1397 Τετάρτῃ
3751 1328 3823 1381 δὲ

2232 1419 2409 1489 γενεᾷ
2435 1418 3009 1487 ἀποστραφήσονται
3030 1414 3165 1474 ὧδε.
3203 1420 3346 1474 Ἀλλ’
3368 1418 3601 1474 ἐνταῦθα
3640 1417 3706 1469 ἀν
3736 1434 3820 1479 τις

2232 1506 2579 1577 διαπορήσειε
2622 1504 2739 1569 πῶς
2762 1506 3090 1576 τετρακόσια
3133 1506 3227 1576 ἐτη
3268 1506 3370 1575 ἐφη
3410 1504 3688 1558 δουλεύειν
3725 1504 3821 1557 αὐ-

2232 1594 2377 1656 τοὺς,
2409 1593 2583 1646 καίτοι
2604 1589 2724 1645 οὐδέ
2767 1593 2837 1645 τά
2865 1592 3039 1663 ἡμίση
3067 1591 3272 1645 τούτων
3306 1590 3689 1660 πεποιηκότων
3717 1588 3819 1641 αὐ-

2231 1680 2339 1732 τῶν
2368 1681 2445 1742 είς
2478 1681 2576 1751 τὴν
2617 1680 2905 1748 Αἴγυπτον.
2946 1679 3045 1733 Διά
3089 1678 3248 1733 τοῦτο
3276 1678 3377 1733 οὐκ
3416 1674 3591 1735 εἶπεν.
3620 1676 3707 1728 ὅτι
3739 1677 3820 1737 εἰς

2233 1766 2329 1835 τὴν
2374 1766 2647 1835 Αἴγυπτον
2674 1769 2992 1838 ποιήσουσιν
3035 1765 3130 1836 ἔτη
3162 1764 3509 1836 τετρακόσια,
3538 1762 3680 1826 ἀλλ’,
3716 1761 3824 1815 Ἐν

2232 1853 2313 1922 τῇ
2344 1856 2455 1907 οὐκ
2491 1854 2632 1921 ίδίᾳ,
2664 1854 2804 1907 ὥστε
2833 1854 3132 1924 δυνηθῆναι
3176 1856 3286 1915 τοῖς
3318 1851 3518 1915 ἐτεσιν,
3556 1844 3638 1913 οἷς
3678 1848 3823 1902 κατά

2230 1939 2331 2011 τὴν
2360 1940 2631 2008 Αἴγυπτον
2661 1940 2942 2010 ἐποίησαν,
2974 1938 3423 2009 συναριθμεῖσθαι
3447 1938 3542 1990 καὶ
3572 1937 3665 1989 τὸν
3693 1934 3823 2003 χρό-

2234 2044 2322 2081 νον
2352 2026 2446 2079 τοῦ
2476 2027 2837 2097 πατριάρχου,
2874 2026 2998 2081 καθ’
3026 2027 3085 2080 δν
3106 2028 3169 2079 ἐκ
3201 2026 3301 2095 τῆς
3322 2022 3548 2095 Χαρῤἀν
3578 2021 3824 2087 ἐξελθεῖν

2237 2114 2607 2185 προσετάχθη.
2646 2115 2735 2180 Ἐξ
2768 2115 2980 2169 ἐκείνου
3017 2114 3128 2186 γάρ
3156 2115 3287 2184 ἡμῖν
3328 2112 3545 2166 καὶτὸν
3582 2108 3825 2179 ἀριθμὸν

2233 2204 2341 2256 τῶν
2361 2202 2497 2255 ἐτῶν
2517 2201 2683 2255 αὐτοῦ
2704 2203 3002 2273 κατάδηλον
3024 2202 3279 2271 ἐποίησεν
3299 2203 3332 2270 ὴ
3352 2198 3543 2271 Γραφὴ
3563 2196 3819 2259 εἰποῦσα,

2231 2291 2315 2343 ὅτι
2359 2289 2899 2362 ἑϐδομηκονταπέντε
2947 2290 3084 2343 ἐτῶν
3129 2285 3219 2359 ἦν,
3272 2289 3437 2359 ἡνίκα
3482 2286 3708 2355 ἐξῆλθεν
3754 2286 3823 2337 ἐκ

2233 2378 2479 2449 Χαρράν.
2509 2376 2599 2441 Ἐξ
2624 2376 2835 2431 ἐκείνου
2871 2377 3052 2431 τοίνυν
3092 2377 3253 2447 μέχρι
3285 2374 3385 2443 τῆς
3415 2373 3598 2438 ἐξόδου
3629 2371 3729 2441 τῆς
3760 2370 3825 2435 ἐξ

2234 2460 2536 2529 Αἰγύπτου,
2580 2464 2628 2516 εί
2663 2461 2950 2532 βουληθείη
2978 2479 3062 2526 τις
3098 2461 3425 2531 ἀριθμῆσαι,
3455 2460 3681 2529 εὑρήσει
3708 2473 3821 2509 σω-

2234 2548 2457 2617 ζόμενον
2482 2548 2574 2601 τὸν
2605 2547 2856 2619 ἀριθμόν.
2892 2548 3002 2600 Καὶ
3028 2549 3213 2619 ἕτερον
3240 2547 3296 2600 δέ
3321 2546 3468 2600 ἐστιν
3500 2546 3699 2610 εἰπεῖν,
3734 2544 3820 2597 ὅτι

2236 2635 2620 2705 φιλάνθρωπος
2658 2635 2735 2688 ὢν
2789 2638 2817 2689 6
2855 2636 3133 2703 Δεσπότης
3196 2635 3285 2688 καὶ
3348 2632 3679 2704 συμμετρῶν
3732 2631 3820 2684 ἀεὶ

2232 2724 2297 2793 τῇ
2336 2722 2589 2792 ἀσθενείᾳ
2645 2725 2711 2793 τῇ
2754 2723 2999 2793 ἡμετέρα
3048 2722 3142 2774 καὶ
3178 2720 3278 2784 τάς
3312 2718 3604 2789 τιμωρίας,
3664 2718 3821 2769 ἐπει-

2233 2808 2295 2880 δὴ
2364 2805 2500 2863 εἶδεν
2578 2809 2777 2871 αὐτοὺς
2855 2809 3260 2879 πεπονηκότας,
3313 2808 3405 2861 καὶ
3479 2806 3603 2868 τοὺς
3646 2804 3821 2871 Αἰγυ-

2235 2895 2422 2959 πτίους
2453 2895 2654 2965 πολλὴν
2693 2896 2821 2965 περὶ
2848 2897 3045 2958 αὐτοὺς
3080 2895 3179 2966 τὴν
3214 2895 3469 2962 ὠμότητα
3515 2892 3821 2945 ἐπιδεικνυ-

2238 2982 2467 3050 μένους,
2513 2982 2622 3053 πρὸ
2665 2982 2760 3035 τοῦ
2822 2982 3129 3052 ὡρισμένου
3168 2979 3361 3052 καιροῦ
3419 2980 3519 3050 τὴν
3574 2977 3821 3031 ἐκδικίαν

2234 3069 2558 3139 ἐποιήσατο,
2591 3070 2683 3122 καὶ
2725 3070 2861 3139 πρὸς
2891 3070 2989 3140 τὴν
3021 3069 3331 3140 ἐλευθερίαν
3373 3069 3571 3129 αὐτοὺς
3611 3066 3821 3133 ἐπανή-
3876 3132 3888 3141 ν

2232 3155 2613 3222 γαγεν.Ἔθος
2638 3154 2746 3228 γὰρ
2783 3155 2929 3224 αὐτῷ
2963 3153 3223 3217 τοιοῦτον,
3245 3153 3431 3223 ἐπειδὴ
3469 3151 3558 3205 διὰ
3598 3152 3822 3205 πάντων

2232 3241 2332 3313 τὴν
2349 3242 2620 3312 ἡμετέραν
2641 3242 2912 3313 σωτηρίαν
2935 3240 3401 3312 πραγματεύεται,
3420 3240 3525 3293 κᾶν
3543 3240 3822 3311 ἀπειλήσῃ

2232 3327 2612 3398 τιμωρεῖσθαι,
2639 3326 2989 3397 βουληθῶμεν
3028 3327 3084 3380 δέ
3119 3328 3281 3397 ἡμεῖς
3306 3325 3507 3396 πολλὴν
3534 3324 3819 3391 ἐπιδείξαο

2237 3412 2358 3467 σθαι
2389 3414 2487 3481 τὴν
2533 3413 2889 3484 ἐπιστροφὴν,
2918 3411 3305 3467 ἀνακαλεῖσθαι
3330 3410 3496 3465 αὐτοῦ
3535 3412 3634 3474 τὰς
3678 3411 3820 3464 ἀπο-

2235 3498 2431 3567 φάσεις
2454 3516 2468 3529 ·
2505 3500 2601 3551 καλ⁵
2634 3499 2943 3553 τούναντίον
2990 3497 3151 3553 πάλιν
3181 3498 3284 3552 κάν
3312 3498 3619 3568 ὑπόσχηταί
3662 3497 3820 3569 [578]

2233 3580 2540 3657 τιχρηστδν
2574 3589 2705 3659 ἡμῖν
2725 3587 3004 3660 παρέξειν,
3037 3589 3197 3658 ἡμεῖς
3227 3588 3285 3641 δέ
3311 3586 3385 3657 μὴ
3421 3587 3489 3639 τά
3527 3588 3657 3659 παρ’
3692 3588 3825 3641 ἐαυ-

2233 3672 2340 3726 τῶν
2386 3673 2824 3743 εἰσενέγκωμεν,
2876 3672 2997 3727 οὐδὲ
3040 3674 3203 3736 αὐτὸς
3242 3676 3323 3737 είς
3366 3673 3540 3744 πέρας
3585 3673 3712 3740 ἄγει
3751 3674 3827 3728 τὰ

2234 3758 2660 3829 ἐπαγγελθέντα,
2687 3760 2829 3814 ὥστε
2862 3761 2936 3830 μὴ
2957 3759 3172 3831 χείρους
3191 3761 3337 3830 ἡμᾶς
3356 3760 3447 3812 καὶ
3472 3759 3642 3831 ταύτῃ
3666 3761 3829 3827 γενέ-

2237 3846 2382 3901 σθαι.
2414 3846 2520 3900 Και
2558 3846 2729 3900 ταῦτα
2771 3846 3010 3911 ἅπαντα,
3046 3848 3161 3900 ὅσοι
3199 3846 3495 3916 φιλότεχνοι
3545 3846 3677 3919 περὶ
3722 3846 3824 3918 τὴν

2236 3935 2540 3999 ἀνάγνωσιν
2560 3933 2667 3985 τῶν
2692 3933 2852 3986 θείων
2879 3934 3112 4005 Γραφῶν
3132 3934 3274 3997 ἐστε,
3298 3935 3477 4005 εὑρεῖν
3498 3934 3821 4004 δυνήσεσθε.

2242 4018 2493 4087 Τετάρτῃ
2522 4018 2599 4084 δέ,
2646 4020 2809 4089 φησὶ,
2838 4018 3015 4088 γενεᾷ
3046 4020 3620 4087 άποστραφήσογται
3662 4016 3781 4074 ὧδε
3801 4036 3817 4051 ’

2196 4171 2202 4179 ἱ
2236 4107 2401 4159 οὔπω
2421 4105 2529 4176 τὰρ
2545 4106 3082 4174 ἁναπεπλήρωνται
3106 4109 3165 4160 al
3186 4106 3459 4175 ἁμαρτίαι
3488 4105 3606 4161 τῶν
3628 4108 3832 4176 Ἀμορ-

2229 4194 2419 4261 ραίων
2449 4193 2559 4259 ἕως
2591 4194 2697 4248 τοῦ
2744 4194 2879 4249 νῦν.
2921 4194 3074 4255 Τότε,
3106 4195 3258 4262 φησι,
3302 4193 3490 4263 καιρὸς
3522 4194 3677 4246 ἐσται
3723 4194 3819 4250 τοῦ

2236 4281 2330 4334 καὶ
2372 4280 2613 4344 ἐκείνους
2642 4280 2778 4351 πρὸς
2817 4279 2913 4349 τὴν
2946 4279 3258 4351 ἐλευθερίαν
3291 4278 3683 4352 ἐπαναχθῆναι,
3722 4282 3821 4335 καὶ

2234 4364 2459 4433 τούτους
2490 4369 2645 4438 δίκην
2672 4368 2852 4421 δοῦναι
2882 4368 3021 4436 ὑπὲρ
3047 4368 3141 4421 τοῦ
3169 4367 3403 4439 πλήρους
3428 4368 3539 4420 τῶν
3563 4369 3819 4439 ἡμαρτη-

2238 4454 2437 4525 μένων,
2470 4456 2563 4509 καὶ
2603 4456 2704 4525 τῆς
2743 4456 2845 4525 γῆς
2889 4455 3241 4525 ἐξεωσθῆναι.
3289 4453 3601 4525 Ἀμφότερα
3639 4453 3819 4506 τοίνυν

2235 4541 2377 4595 κατά
2404 4542 2499 4594 τὸν
2536 4542 2720 4595 δέοντα
2752 4541 2944 4612 καιρὸν
2980 4543 3291 4612 γενήσεται,
3321 4541 3588 4594 κάκείνων
3614 4542 3648 4610 ἡ
3676 4541 3818 4594 ἀπο-

2234 4632 2584 4693 κατάστασις.
2613 4633 2706 4685 καὶ
2734 4631 2938 4684 τούτων
2973 4633 3006 4701 ἡ
3043 4630 3259 4701 ἐκδολή.
3286 4629 3451 4684 Οὔπω
3481 4630 3590 4699 γᾲρ
3611 4630 3815 4691 αὐτῶν.

2235 4718 2429 4788 φησὶν,
2465 4714 2956 4788 ἀναπεπληρωνται
2990 4718 3048 4770 αί
3096 4717 3361 4788 ἁμαρτίαι
3385 4732 3397 4747 ·
3434 4716 3511 4780 ὡς
3556 4717 3623 4771 ἂν
3668 4716 3814 4771 εῖποι

2233 4821 2347 4867 τις·
2376 4803 2586 4857 οὐδέπω
2625 4804 2875 4857 τοσοῦτον
2904 4803 3230 4874 εἰργάσαντο
3254 4802 3455 4875 πλῆθος
3486 4804 3817 4875 πλημμελη-

2237 4890 2422 4960 μάτων
2446 4933 2459 4956 ,
2502 4890 2579 4954 ὡς
2626 4891 2882 4961 τοιαύτην
2917 4891 3172 4961 ὑποσχεῖν
3212 4890 3388 4960 δίκην.
3427 4890 3818 4961 Φιλάνθρωπος

2234 4976 2342 5047 γάρ
2371 4977 2446 5030 ὢν
2477 4979 2538 5032 οὐ
2576 4979 2735 5048 μόνον
2772 4978 2881 5030 τῶν
2914 4976 3290 5049 ἐπταισμένων
3323 4977 3540 5047 μείζους
3576 4977 3678 5030 οὐκ
3710 4980 3814 5032 ἐπ-

2234 5067 2358 5133 άγει
2384 5065 2483 5127 τὰς
2517 5066 2802 5134 τιμωρίας,
2844 5066 2978 5119 ἀλλά
3022 5068 3116 5119 καὶ⁵
3148 5066 3353 5137 σφόδρα
3393 5060 3670 5129 ἐλάττους.
3715 5068 3818 5121 Διά

2232 5153 2391 5205 τοῦτο
2417 5153 2509 5205 καὶ
2543 5154 2668 5221 περὶ
2698 5152 2919 5215 τούτους
2941 5152 3140 5223 πολλὴν
3176 5152 3541 5205 ἐπιδείκνυται
3575 5152 3677 5223 τὴν
3707 5169 3820 5221 μα-

2234 5239 2558 5309 κροθυμίαν,
2583 5240 2668 5291 ἵνα
2694 5239 2813 5292 καθ’
2837 5240 3043 5291 ἑαυτῶν
3068 5239 3503 5307 ἐπισπασάμενοι
3525 5238 3625 5308 τὴν
3645 5254 3820 5310 τιμω-

2238 5328 2378 5399 ρίαν,
2418 5326 2687 5395 μηδεμίαν
2716 5325 2876 5395 ἐχωσι
2903 5326 3087 5379 λοιπὸν
3115 5325 3427 5393 ἀπολογίαν.

2302 5479 2361 5531 δ’.
2391 5479 2571 5531 Εῖδετε
2605 5479 2716 5541 πῶς
2746 5479 3126 5553 ἅπανταημετά
3145 5461 3427 5552 ἀκρἷεΐας
3448 5480 3713 5550 ἐγνώρισε
3736 5478 3817 5549 τῷ

2234 5568 2566 5637 πατριάρχῃ,
2612 5567 2696 5618 ἵνα
2732 5554 3065 5635 πανταχόθεν
3102 5566 3264 5618 αὐτοῦ
3294 5566 3541 5637 νευρώσῃ
3591 5568 3691 5637 τὴν
3722 5568 3811 5620 πίο

2236 5668 2370 5713 στιν,
2404 5654 2497 5705 καί
2522 5646 2719 5706 ἐόέηέῶν
2742 5654 2877 5721 πρὸς
2908 5653 3067 5704 αὐτὸν
3097 5654 3398 5722 εἰρημένων
3431 5653 3529 5723 ἔχῃ
3566 5652 3806 5723 θαρρεῖν,

2235 5739 2315 5791 ὅτι
2348 5740 2441 5790 καὶ
2466 5739 2531 5793 τὰ
2560 5741 2634 5801 εἰς
2665 5740 2788 5801 τούς
2819 5740 3071 5807 ἐκγόνους
3113 5740 3329 5802 πάντως
3368 5739 3657 5811 ἐκϐήσεται
3677 5758 3689 5769 ·
3720 5738 3812 5793 καὶ
