4058 6386
253 432 360 488 545

263 556 316 597 te
345 547 674 613 prementem
705 550 805 605 ego
828 530 1079 604 judicabo
1104 571 1118 594 ,
1159 539 1214 584 et
1253 531 1331 583 sic
1370 542 1464 582 eos
1519 536 1709 591 magno
1737 533 1858 572 cum

270 641 525 704 apparatu
553 630 658 683 huc
682 628 858 682 redire
887 623 1086 680 curabo
1113 639 1127 675 :
1160 620 1318 677 simul
1344 617 1638 689 praedicens
1664 614 1711 667 ei
1744 627 1862 680 qua:

269 726 492 795 posthac
537 731 688 779 certo
720 727 971 775 eventura
1014 724 1213 780 essent,
1247 711 1556 767 servitutem
1601 705 1859 767 declarat,

269 826 326 870 et
374 816 692 870 descensum
746 812 795 865 in
855 808 1170 879 Egyptum,
1230 814 1390 873 atque
1443 799 1863 869 indignationem

268 915 446 978 qua"
461 913 680 978 propter
709 917 801 957 eos
825 900 1062 972 Egyptii
1093 915 1155 953 ex
1167 897 1363 967 perturi
1390 901 1561 956 erant,
1592 900 1644 947 et
1670 888 1868 960 glorie-

269 1013 387 1052 sum
413 1011 596 1052 eorum
628 993 876 1049 redtum.
906 990 1252 1058 Ostenditque
1277 987 1348 1052 ei,
1367 1001 1469 1040 non
1503 985 1552 1037 in
1587 985 1702 1052 ipso
1723 981 1867 1034 duin-

269 1097 420 1145 taxat
444 1087 532 1140 illa
554 1102 671 1155 quae
698 1100 859 1153 super
884 1092 1136 1150 naturam
1157 1088 1334 1145 erunt,
1361 1086 1618 1133 eventura
1649 1090 1788 1135 esse.
1814 1085 1868 1129 et

273 1191 397 1252 post
430 1188 575 1234 tanta
605 1177 982 1248 impedimenta
1008 1190 1128 1244 quae
1152 1188 1182 1227 a
1216 1173 1324 1226 Deo
1367 1171 1627 1242 promissa
1658 1168 1868 1223 fuerant

276 1272 542 1343 implenda
569 1272 700 1335 fore,
732 1269 822 1324 sed
849 1276 906 1324 et
939 1267 989 1321 in
1019 1275 1129 1321 toto
1159 1265 1361 1321 semine
1381 1264 1620 1332 ejusboc
1643 1271 1869 1317 eventu—

274 1380 418 1421 rum.
451 1364 573 1416 llaec
600 1371 799 1424 autem,
831 1359 1019 1429 inquit,
1045 1358 1152 1427 jam
1178 1357 1284 1411 dixi
1315 1355 1428 1419 tibi,
1473 1362 1531 1408 ut
1554 1354 1865 1424 priusquam

274 1458 440 1511 vitam
474 1456 645 1518 tinias,
672 1454 810 1506 scire
839 1451 1012 1519 possis
1033 1464 1149 1516 quae
1175 1457 1228 1501 et
1257 1446 1537 1517 nepotibus
1560 1453 1612 1497 et
1641 1443 1870 1513 posteris

275 1547 543 1603 evenient.
579 1546 664 1600 15.
693 1543 772 1597 Tu
807 1553 995 1606 autem,
1025 1541 1214 1608 inquit,
1256 1540 1414 1592 abibis
1440 1537 1507 1590 ad
1542 1548 1708 1606 patres
1736 1544 1866 1597 tuos,

279 1639 504 1692 nutritus
530 1639 582 1690 in
624 1643 872 1690 senectute
911 1632 1062 1687 bona.
1089 1631 1206 1686 Non
1240 1630 1414 1694 dixit,
1449 1627 1696 1682 morieris
1729 1642 1742 1679 :
1775 1625 1868 1679 sed

280 1729 470 1792 Abibis,
501 1727 649 1798 quasi
675 1727 1075 1795 peregrinatum
1117 1737 1202 1786 eo,
1247 1729 1300 1776 et
1331 1721 1619 1789 migraturo
1650 1733 1678 1770 a
1702 1716 1870 1785 patria

281 1821 334 1873 in
367 1819 608 1889 patriam.
639 1817 830 1882 Abibis,
864 1817 1050 1886 inquit,
1074 1814 1142 1867 ad
1170 1823 1336 1883 patres
1360 1821 1472 1864 tuo:
1501 1825 1520 1864 :
1547 1826 1650 1865 non
1680 1823 1871 1862 carna-

283 1911 362 1964 les
389 1910 536 1962 dicit.
566 1908 665 1973 Qui
689 1908 833 1961 enim
859 1906 1102 1976 poterat?
1132 1903 1443 1958 lncredulus
1473 1902 1614 1956 enim
1638 1908 1754 1953 erat
1781 1913 1870 1968 pa-

284 2008 366 2053 ter
398 1999 534 2067 ejus,
571 2005 624 2050 et
653 2013 757 2052 non
785 2005 898 2051 erat
937 1995 1191 2063 possibile
1221 2001 1276 2047 ut
1300 1991 1549 2047 eumdem
1583 1992 1755 2043 locum
1788 2004 1876 2043 ca-

284 2098 458 2158 peret,
482 2102 636 2156 quem
666 2087 773 2139 ille.
803 2084 989 2138 ﬂiam:
1013 2083 1176 2148 enim,
1211 2082 1398 2150 inquit,
1424 2097 1636 2151 magnus
1659 2080 1876 2133 estinter

284 2194 378 2231 nos
405 2188 448 2228 et
477 2192 559 2229 ros
591 2175 741 2245 (Luc.
777 2175 857 2228 16.
895 2176 1009 2243 26).
1038 2175 1212 2241 Quare
1238 2172 1392 2238 dixit,
1422 2171 1502 2223 Ad
1532 2181 1698 2240 patres
1725 2169 1876 2222 tuos?

285 2268 468 2324 Justus
498 2266 792 2332 insinuans,
820 2275 876 2321 ut
899 2265 1047 2330 Abel,
1069 2274 1122 2320 et
1150 2264 1283 2330 Noe,
1308 2274 1362 2318 et
1386 2263 1590 2317 Enoclt.
1615 2261 1872 2326 Nutritus,

286 2359 477 2428 inquit,
501 2359 553 2411 in
577 2367 828 2411 senectute
851 2357 1000 2410 bona.
1032 2355 1094 2410 Et
1117 2354 1287 2426 qualis
1314 2353 1428 2406 inec
1449 2359 1697 2407 senectus
1715 2352 1873 2416 bona,

286 2448 511 2504 fortasse
560 2449 699 2503 dicet
743 2447 953 2517 aliquis,
986 2447 1052 2500 ad
1083 2461 1242 2516 quam
1271 2445 1433 2499 tantis
1475 2443 1736 2498 molestiis
1784 2457 1879 2510 per

288 2548 452 2593 totam
483 2537 643 2592 vitam
677 2537 926 2591 transiit?
950 2536 1145 2590 Verum
1175 2551 1243 2590 ne
1266 2535 1366 2590 hoc
1395 2534 1659 2598 attendas,
1692 2533 1874 2597 homo,

285 2629 378 2684 sed
423 2639 610 2697 specta
644 2644 764 2698 quae
817 2627 891 2681 illi
934 2628 1077 2682 omni
1119 2636 1358 2695 tempore
1401 2623 1560 2679 fuerit
1587 2624 1751 2694 gloria
1779 2664 1793 2686 ,
1825 2635 1881 2678 et

287 2719 558 2788 quomodo
582 2718 844 2789 gloriosus
870 2717 1068 2772 vixerit
1093 2717 1406 2786 peregrinus
1432 2715 1520 2785 qui
1551 2715 1764 2768 civitate
1793 2716 1876 2767 t‘o-

289 2823 458 2878 coque
487 2809 721 2871 carebat,
753 2816 808 2862 et
834 2817 1029 2876 quanto
1061 2807 1161 2877 ipsi
1186 2807 1367 2861 datum
1395 2815 1476 2861 est
1501 2808 1643 2859 omni
1676 2815 1882 2873 tempo-

291 2913 347 2953 re
395 2899 484 2952 Dei
528 2896 766 2953 subsidio
793 2897 916 2952 frui.

362 2989 608 3043 Senectus
647 2991 776 3046 bona
801 3006 934 3060 qua.
963 2989 1332 3061 Quadringenti
1378 2992 1500 3044 anni
1535 2991 1786 3045 servitutis
1829 2991 1880 3043 in

289 3077 522 3149 ﬂgypto
549 3096 580 3131 a
606 3095 705 3148 quo
734 3081 982 3151 principio
1012 3080 1253 3134 ducendi.
1275 3080 1471 3134 -Νοιι
1505 3082 1661 3149 igitur
1690 3097 1882 3135 secun-

291 3168 416 3222 dum
449 3177 765 3238 prtesentcm
810 3169 1116 3240 opinionem
1146 3169 1214 3224 de.
1243 3169 1402 3224 rebus
1425 3169 1681 3239 judicium
1717 3169 1879 3235 feras,

291 3275 466 3330 neque
511 3270 840 3316 senectutem
898 3277 1018 3318 esse
1067 3261 1259 3315 bonam
1305 3276 1547 3325 censeas,
1580 3263 1782 3316 versari
1828 3263 1882 3316 in

287 3349 439 3416 luxu,
459 3348 694 3417 deliciis,
721 3360 773 3406 et
794 3350 1032 3419 crapula,
1051 3350 1102 3404 in
1121 3353 1457 3420 possessione
1482 3350 1806 3418 divitiarum,
1831 3359 1887 3407 et

291 3456 483 3513 magna
523 3442 837 3497 famulorum
862 3442 1216 3508 multitudine,
1243 3443 1729 3513 mancipiorumque
1748 3459 1887 3513 gre—

291 3533 467 3602 gibus.
491 3533 614 3587 llaec
641 3534 783 3587 enim
812 3543 1142 3589 senectutem
1173 3534 1363 3588 bonam
1388 3550 1491 3590 non
1519 3535 1767 3601 reddunt,
1790 3535 1883 3590 sed

294 3632 350 3678 et
370 3623 586 3677 multam
616 3622 1110 3678 condemnationem
1132 3623 1364 3679 afferunt
1383 3626 1430 3680 ei
1453 3626 1540 3696 qui
1563 3641 1628 3681 ne
1653 3627 1705 3680 in
1727 3642 1887 3682 sene-

297 3721 445 3770 ctute
464 3714 674 3783 quidem
706 3711 1086 3769 continentiam
1118 3724 1367 3782 exercet,
1413 3732 1586 3785 neque
1611 3719 1677 3771 ad
1707 3727 1886 3772 extre-

302 3819 420 3858 mos
448 3803 697 3858 redactus
722 3805 956 3874 spiritus,
980 3805 1045 3859 de
1067 3806 1130 3859 iis
1145 3821 1265 3874 qua:
1294 3807 1582 3874 expediunt
1605 3808 1880 3873 deliberat,

299 3895 395 3950 sed
451 3894 685 3963 quotidie
738 3894 974 3964 indulget
1027 3896 1218 3960 ventri,
1270 3906 1507 3951 sectatur
1547 3899 1786 3952 convivia
1834 3909 1887 3953 et

300 3983 585 4038 ebrietates
605 4024 619 4047 ,
642 3983 709 4038 de
737 3984 926 4053 quibus
960 3986 1210 4040 omnibus
1239 4001 1344 4040 non
1383 3988 1550 4041 multo
1578 3999 1694 4056 post
1735 3990 1887 4043 ratio-

303 4089 425 4129 nem
454 4073 755 4128 redditurus
793 4083 894 4128 est.
924 4074 1064 4130 Sane
1090 4075 1180 4145 qui
1209 4075 1263 4129 in
1303 4076 1385 4130 via
1417 4077 1624 4130 virtutis
1650 4077 1891 4131 ambula-

305 4167 400 4232 vit,
426 4165 511 4219 hic
535 4181 662 4220 vere
683 4167 913 4220 nutritus
941 4167 991 4220 in
1011 4177 1285 4222 senectute
1313 4169 1469 4230 bona,
1492 4170 1598 4223 vita
1625 4167 1883 4238 fungitur,

304 4266 358 4310 et
399 4255 637 4308 laborum
671 4257 1008 4325 praesentium
1049 4257 1250 4311 invenit
1285 4245 1682 4313 retributiones.
1715 4260 1780 4312 Et
1811 4260 1889 4313 id-

304 4345 447 4398 circo
475 4344 643 4414 inquit
675 4363 688 4398 :
730 4346 857 4400 Tuis
894 4346 1106 4415 quidem
1136 4349 1416 4419 nepotibus
1454 4350 1573 4402 talia
1603 4330 1884 4418 evenient,

305 4443 359 4486 tu
398 4444 571 4489 autem
594 4435 762 4510 abibis
790 4437 1016 4490 nutritus
1042 4437 1093 4490 in
1125 4447 1398 4493 senectute
1424 4439 1581 4492 bona.
1610 4440 1703 4494 Hic
1725 4442 1887 4493 anim-

303 4523 541 4590 adverte,
572 4525 838 4595 quomodo
887 4528 985 4579 nisi
1035 4528 1149 4594 ejus
1197 4529 1380 4596 ingens
1411 4528 1595 4582 fuisset
1635 4530 1886 4583 fortitudo

303 4623 359 4667 et
383 4614 714 4684 philosophia
752 4615 950 4670 eximia
977 4656 992 4679 ,
1036 4616 1150 4670 haec
1196 4632 1405 4686 quoque
1430 4619 1748 4674 conturbare
1773 4620 1887 4689 ejus

305 4713 537 4758 mentem
567 4706 877 4773 potuissent.
913 4707 1098 4760 Dicere
1127 4708 1267 4761 enim
1298 4718 1525 4777 poterat.
1563 4711 1607 4763 si
1639 4711 1832 4779 aliquis
1859 4729 1888 4765 e

297 4793 465 4870 vulgo
487 4792 671 4847 fuisset
703 4811 903 4864 :quare
931 4799 1195 4864 promittis
1226 4800 1353 4853 mihi
1380 4809 1586 4854 tantum
1610 4817 1790 4855 semen
1821 4818 1886 4855 ex

301 4899 391 4938 me
416 4884 649 4937 futurum
676 4891 732 4938 et
760 4888 1180 4956 propagandum,
1220 4890 1262 4942 si
1293 4878 1511 4957 nepotes
1549 4893 1706 4944 tantis
1733 4902 1888 4945 erunt

301 4976 457 5028 malis
505 4985 558 5029 et
605 4977 997 5033 calamitatibus
1040 4979 1292 5044 obnoxii,
1322 4983 1736 5050 servitutemque
1767 4992 1889 5036 sunt

301 5074 377 5116 tot
409 5065 562 5117 anuis
610 5065 928 5120 toleraturi?
954 5084 1071 5136 qua:
1107 5068 1238 5123 mihi
1272 5069 1396 5124 hinc
1425 5072 1658 5125 utilitas?
1690 5073 1885 5126 Verum

299 5153 429 5205 nihil
476 5152 666 5222 horum
688 5155 860 5222 justus
893 5159 1158 5225 cogitavit,
1190 5159 1282 5214 sed
1314 5161 1465 5228 quasi
1505 5171 1684 5230 gratus
1713 5162 1887 5216 famu-

298 5239 399 5302 lus,
434 5242 608 5294 omnia
650 5259 767 5311 quae
791 5259 816 5295 a
836 5244 955 5298 Deo
983 5247 1175 5300 fiebant
1200 5249 1340 5302 'boni
1373 5251 1656 5315 consuluit,
1687 5262 1739 5305 et
1768 5269 1887 5321 qua:

301 5329 398 5397 ipsi
424 5330 734 5398 placebant,
774 5349 881 5388 sum
910 5335 1228 5403 praeferebat
1257 5342 1556 5394 sententiae.
1604 5343 1802 5397 Deinde
1832 5354 1887 5398 et

298 5429 507 5486 tempus
547 5421 592 5472 ei
634 5423 915 5491 signiﬁcat,
958 5442 1061 5494 quo
1099 5443 1129 5481 a
1169 5431 1423 5484 servitute
1474 5442 1596 5486 sunt
1641 5434 1881 5489 redituri.

301 5506 429 5563 Nam
464 5519 740 5577 postquam
766 5515 920 5568 annis
950 5517 1350 5587 quadringentis
1396 5524 1687 5577 servituros
1715 5525 1882 5579 ditis-

299 5607 400 5660 set,
434 5599 649 5655 subdit:
691 5603 774 5656 16.
810 5603 1140 5660 Generatione
1176 5621 1342 5663 autem
1371 5624 1551 5681 quarta
1578 5625 1884 5668 revertentur

298 5687 416 5740 huc.
460 5687 655 5745 Verum
698 5692 780 5746 hic
810 5697 999 5750 merito
1037 5699 1156 5766 quis
1195 5698 1421 5768 dubitet,
1459 5706 1727 5771 quomodo
1756 5724 1882 5775 qua-

294 5778 589 5847 dringentis
617 5785 771 5838 annis
797 5785 921 5840 dicit
951 5790 1241 5844 servituros
1261 5833 1274 5857 ,
1312 5797 1554 5862 quamvis
1593 5811 1767 5866 neque
1797 5797 1879 5851 di-

1257 413 1320 468 ΙΝ
1359 410 1511 465 CAP.
1560 406 1668 461 XV.
1715 396 1962 458 GENES.
2005 394 2235 451 ll-‘JMIL.
2281 389 2544 450 XXXVII.

3465 391 3569 448 Siti

1970 515 2191 569 midiqu
2222 529 2407 567 eorum
2439 513 2632 566 fuerint
2663 513 2762 582 ipsi
2786 512 2836 566 iu
2859 508 3114 583 Egypto.
3144 513 3431 581 Propterea
3461 527 3566 566 non

1969 607 2105 660 dixit
2127 620 2221 660 eos
2249 606 2297 658 in
2323 603 2558 676 Egypto
2583 603 2788 658 futuros
2808 587 2934 658 esse
2960 604 3111 657 annis
3141 603 3568 672 quadringentis,

1971 699 2088 760 sed,
2120 696 2186 750 In
2213 707 2346 749 terra
2371 713 2473 749 non
2500 713 2610 760 sua,
2646 696 2715 748 ita
2762 703 2818 747 ιιι
2852 695 3019 764 possit
3042 696 3420 748 eonnumcrari
3447 710 3569 748 cum

1972 791 2126 844 anuis
2164 791 2214 844 in
2253 788 2486 858 Egypto
2522 789 2724 840 exactis
2753 787 2925 855 ipsum
2973 786 3288 854 patriarcha:
3321 797 3530 852 tempus
3554 826 3570 848 ,

1972 902 2036 940 ετ
2063 903 2168 955 quo
2194 887 2243 940 ei
2274 885 2591 953 imperatum
2635 895 2738 944 est,
2793 892 2850 936 ut
2897 897 2961 936 ex
3001 881 3242 936 Charran
3286 880 3574 950 egredere-

1976 993 2062 1030 tur
2091 977 2189 1045 (α).
2225 977 2303 1027 Ab
2358 974 2445 1027 illo
2499 973 2640 1027 enim
2692 983 2932 1040 tempore
2982 986 3265 1024 numerum
3307 983 3574 1024 annorum

1977 1071 2130 1123 nobis
2171 1069 2343 1136 palam
2377 1067 2500 1120 fecit
2542 1065 2838 1134 Scriptura,
2889 1079 3009 1133 quae
3054 1063 3192 1116 dixit
3238 1059 3572 1130 septuaginta

1974 1163 2208 1232 quinque
2264 1173 2525 1212 annorum
2577 1157 2742 1212 fuisse
2793 1155 3021 1215 Abram.
3069 1154 3284 1222 quando
3328 1154 3457 1207 exiit
3506 1167 3575 1207 ex

1973 1252 2211 1306 Cll:ll'l‘:lll
2248 1248 2397 1321 (Gen.
2433 1247 2518 1301 1'2.
2549 1249 2605 1316 4)
2632 1266 2644 1301 :
2676 1263 2738 1300 ex
2770 1262 2836 1298 eo
2865 1247 3020 1314 igitur
3048 1255 3286 1313 tempore
3315 1259 3481 1313 usque
3507 1241 3574 1296 ad

1975 1345 2176 1397 exitum
2206 1343 2273 1395 de
2299 1340 2554 1410 Iligjpto,
2584 1340 2626 1392 si
2657 1339 2774 1407 quis
2807 1347 3093 1406 supputare
3119 1337 3260 1402 velit,
3295 1350 3573 1388 numerum

1979 1435 2238 1502 integrum
2271 1433 2523 1484 inveniet.
2561 1430 2670 1483 Dici
2724 1439 2902 1497 posset
2931 1430 3129 1488 etiam,
3181 1427 3462 1480 Dominum
3494 1434 3578 1478 ut.

1979 1535 2103 1593 pote
2153 1523 2460 1592 benignum,
2491 1531 2544 1575 et
2576 1521 2927 1575 imbecillitati
2976 1529 3176 1587 nostra:
3219 1528 3577 1586 congruentes

1981 1631 2166 1684 ptenas
2188 1630 2400 1684 semper
2453 1614 2790 1675 inferentem,
2825 1619 2946 1683 quia
2995 1611 3123 1665 vidit
3153 1626 3246 1665 eos
3293 1615 3359 1662 ita
3395 1611 3579 1663 labore

1980 1723 2206 1775 pressos,
2256 1715 2309 1760 ct
2351 1705 2631 1776 Egyptios
2678 1720 2922 1774 magnam
2977 1705 3027 1759 iu
3078 1719 3172 1756 eos
3207 1702 3577 1756 crutlel.talt-m

1977 1815 2251 1859 exercere.
2289 1809 2411 1852 ante
2437 1799 2713 1852 delinitqu
2744 1808 2951 1866 tempus
2980 1798 3234 1850 ultionem
3261 1783 3491 1856 iecisse.
3524 1805 3581 1848 et

1980 1891 2043 1943 ad
2079 1893 2378 1946 libertatem
2402 1904 2494 1944 eos
2521 1889 2819 1944 reduxisse.
2849 1889 2941 1941 Dei
2972 1889 3113 1941 enim
3144 1903 3260 1940 mos
3288 1895 3401 1950 est,
3445 1899 3581 1954 quo-

1983 1985 2122 2036 niam
2149 1985 2198 2036 in
2221 1985 2466 2036 omnibus
2484 1982 2710 2035 salutem
2735 1991 2970 2034 nostram
2995 1988 3268 2047 Operatur,
3293 1987 3351 2030 ut
3369 1979 3579 2032 etiamsi

1983 2075 2213 2129 minetur
2250 2091 2307 2129 se
2335 2074 2643 2142 puniturum
2665 2114 2678 2137 ,
2711 2074 2754 2125 si
2788 2088 2883 2125 nos
2912 2073 3239 2124 voluerimus
3266 2071 3576 2124 conversio-

1981 2167 2065 2219 nis
2094 2168 2363 2235 specimen
2398 2166 2652 2219 exhibere
2673 2207 2688 2232 ,
2722 2165 2987 2234 possimus
3017 2164 3131 2233 ejus
3160 2178 3416 2217 revocare
3459 2179 3583 2217 seu-

1983 2246 2222 2312 tentias:
2257 2268 2310 2310 et
2357 2272 2387 2310 e
2428 2257 2641 2310 diverso
2670 2257 2714 2309 si
2760 2256 3070 2324 polliceatur
3120 2254 3317 2322 aliquid
3370 2253 3494 2307 boni
3524 2268 3584 2308 se

1982 2350 2136 2405 nobis
2165 2351 2566 2415 d’uturum,'~uos
2593 2357 2769 2402 autem
2822 2364 2926 2400 non
2979 2347 3317 2400 attulerimus
3348 2360 3408 2400 ea
3456 2359 3598 2419 quto

1984 2441 2249 2494 [ιριιΙιυιίε
2271 2451 2466 2494 nostra:
2496 2451 2652 2502 sunt,
2687 2455 2860 2508 neque
2888 2440 3000 2507 ipse
3047 2439 3366 2507 prmltlsutltl
3413 2435 3585 2490 adim-

1984 2533 2146 2601 pleat,
2179 2547 2245 2586 ne
2275 2547 2373 2586 nos
2403 2547 2464 2586 ea
2505 2532 2711 2584 ratione
2742 2531 3039 2585 deteriores
3063 2530 3374 2584 evadamus.
3411 2530 3586 2597 Atque

1985 2625 2100 2679 hare
2126 2624 2365 2679 invenire
2398 2623 2648 2693 poteritis
2665 2623 3477 2696 quotquotstudiusisacrarum
3497 2625 3584 2678 Li-

1988 2726 2225 2769 terarum
2273 2718 2423 2770 estis.
2460 2716 2658 2782 Quarta
2687 2724 2870 2783 ιαιιιιηι
2909 2714 3232 2784 generatione
3276 2721 3582 2764 revertentur

1985 2807 2085 2858 liae
2108 2822 2126 2859 :
2146 2806 2367 2858 nondum
2389 2808 2519 2858 enim
2541 2807 2804 2875 completa:
2818 2815 2934 2857 sunt
2955 2805 3243 2872 iniquitates
3264 2801 3586 2854 Amorrhteo-

1985 2916 2097 2952 runt
2127 2915 2282 2969 usque
2311 2914 2461 2951 nunc.
2494 2897 2663 2964 Tunc,
2715 2898 2918 2967 inquit,
2951 2898 3052 2951 erit
3101 2906 3310 2964 tempus
3341 2906 3394 2948 ut
3426 2903 3478 2947 ct
3510 2893 3584 2947 illi

1987 2991 2308 3044 redimantur
2357 2989 2408 3041 in
2440 2989 2740 3043 libertatem
2763 3031 2778 3054 ,
2809 2998 2862 3043 et
2904 2987 2958 3042 lii
3006 3002 3218 3056 pomum
3251 2987 3459 3040 luentes
3491 2999 3586 3052 pro

1989 3079 2327 3134 multitudine
2368 3090 2706 3146 peccatorum
2746 3094 2776 3134 e
2819 3090 2959 3132 terra
3000 3077 3355 3145 expelluntur.
3412 3075 3588 3131 Ambo

1988 3171 2164 3240 itaque
2183 3171 2306 3224 lieni
2333 3181 2571 3239 tempore
2592 3179 2913 3240 opportuno,
2941 3178 2993 3222 et
3011 3169 3220 3222 illorum
3247 3167 3584 3248 instauratio,

1987 3262 2043 3315 e‘t
2071 3262 2262 3314 horum
2290 3261 2575 3316 excidium.
2617 3259 2863 3314 Nondum
2892 3259 3036 3314 enim
3058 3259 3303 3328 impletae
3329 3267 3452 3313 sunt
3481 3258 3586 3313 ini-

1988 3353 2218 3421 quitates
2239 3368 2421 3405 eorum
2457 3369 2469 3405 :
2500 3351 2651 3420 quasi
2681 3351 2824 3405 dicat
2847 3351 3040 3420 aliquis
3071 3366 3084 3403 :
3118 3350 3364 3404 Nondum
3399 3351 3450 3403 in
3479 3360 3586 3404 tan~

1991 3452 2045 3496 to
2075 3457 2299 3496 numero
2339 3449 2557 3512 peccata
2585 3441 2945 3506 admiserunt,
2976 3451 3035 3495 ut
3063 3441 3224 3495 talem
3269 3440 3439 3495 ferant
3469 3456 3585 3511 pm-

1991 3551 2135 3588 nam.
2187 3535 2324 3588 Deus
2352 3535 2492 3588 enim
2522 3535 2783 3603 benignus
2827 3549 2948 3587 eum
2991 3535 3093 3596 sit.
3127 3548 3232 3587 non
3264 3533 3438 3588 solum
3478 3549 3586 3588 non

1993 3626 2194 3680 inducit
2216 3640 2402 3695 pmnas
2432 3626 2660 3694 peccatis
2691 3624 2995 3694 graviores,
3028 3625 3122 3679 sed
3150 3633 3204 3679 et
3231 3625 3385 3679 valde
3409 3626 3586 3680 mino-

1993 3730 2099 3768 res.
2133 3715 2362 3785 Ideoque
2385 3725 2581 3769 tantam
2608 3731 2730 3784 erga
2763 3715 2881 3769 illos
2907 3715 3124 3770 exhibet
3147 3715 3507 3783 tolerantiam,
3530 3723 3589 3771 ut

1990 3821 2112 3859 cum
2139 3807 2375 3875 sibiipsis
2403 3820 2682 3876 poenarum
2709 3804 2816 3858 sint
2841 3814 3108 3869 auctores,
3141 3807 3336 3860 nullam
3364 3808 3590 3877 posthac

1991 3898 2387 3951 excusationem
2419 3898 2666 3951 habeant.

2071 3991 2125 4046 4.
2166 3987 2386 4044 Vidistis
2412 3989 2678 4058 quomodo
2723 3988 3039 4058 patriarcha:
3077 3989 3255 4043 omnia
3305 3989 3591 4060 diligenter

1993 4085 2265 4150 indicavit,
2295 4091 2351 4136 ut
2380 4098 2451 4137 ex
2482 4082 2626 4137 omni
2660 4090 2810 4149 parte
2841 4080 2957 4149 ejus
3001 4081 3279 4135 roboraret
3318 4081 3504 4146 ﬁdem,
3537 4094 3591 4139 et

1993 4187 2050 4230 ut
2088 4193 2153 4230 ex
2199 4176 2264 4227 iis
2292 4189 2410 4243 qum
2438 4172 2504 4226 ad
2529 4187 2652 4226 eum
2679 4170 2817 4225 dicta
2846 4170 3056 4224 fuerant
3083 4171 3356 4226 conlidere
3383 4184 3585 4241 posset,

1992 4267 2151 4321 etiam
2185 4263 2523 4334 prosperitati
2555 4261 2670 4331 ejus
2699 4261 2814 4316 haec
2853 4262 3074 4315 omnino
3101 4274 3362 4317 eventura
3401 4279 3522 4318 esse
3573 4282 3586 4320 :

2055 4403 2126 4462 (α)
2161 4408 2227 4450 tta
2249 4411 2508 4462 numerare
2547 4399 2708 4447 solent
2733 4400 2762 4447 ii
2802 4400 2884 4461 qui
2917 4400 3048 4448 inter
3070 4399 3394 4461 cbronologos
3418 4402 3593 4462 princi-

1993 4460 2353 4525 pem'obtineut
2372 4460 2556 4515 locum:
2583 4463 2648 4509 ita
2667 4460 2832 4525 tamen
2861 4468 2915 4509 ut
2937 4463 2985 4507 in
3010 4460 3592 4511 recensionenon—omni-

1993 4523 2054 4573 ito
2078 4539 2184 4573 cum
2209 4523 2540 4582 Cbrysostomo
2562 4523 2883 4578 consentiant,
2899 4525 3108 4569 maxime
3124 4536 3241 4570 vero
3265 4538 3373 4570 cum
3399 4525 3511 4573 dicit
3530 4540 3591 4574 ne

1990 4587 2237 4634 dimidium
2283 4583 2482 4643 quidem
2527 4582 2992 4643 quadringentorum
3016 4598 3249 4630 annorum
3274 4589 3505 4633 Hebrmos
3543 4589 3590 4634 iu

1992 4646 2198 4708 Aigypto
2215 4646 2466 4708 mansisse.
2495 4645 2717 4708 Petavius
2730 4649 2892 4708 autem
2915 4646 2985 4691 sic
3006 4644 3245 4708 calculum
3263 4649 3413 4708 ponit,
3437 4650 3590 4695 natio-

1993 4702 2262 4768 nari'i'part.
2288 4705 2336 4761 2,
2371 4703 2402 4750 l.
2430 4704 2476 4759 ἓ,
2504 4718 2551 4768 c._
2583 4705 2631 4763 4,
2655 4702 2970 4768 _ubi_Paulum
3005 4702 3276 4768 apostolum
3310 4702 3486 4756 ducem
3509 4721 3592 4756 se-

1992 4764 2173 4830 quitur,
2200 4769 2280 4830 qui
2309 4765 2584 4830 iirtipistola
2608 4765 2665 4814 ad
2691 4764 2894 4830 (ialatas.
2920 4766 2968 4822 5,
3008 4767 3084 4830 17,
3109 4768 3228 4814 dixit
3260 4778 3368 4829 post
3390 4783 3541 4818 annos
3565 4785 3594 4819 a

1986 4827 2477 4891 promissa,divinitus
2501 4827 2885 4891 terrarcbanaan
2913 4827 3295 4891 quadringentes'
3320 4840 3370 4879 et
3396 4832 3592 4891 triginta

2013 4844 2228 4878 il‘Ollllssﬂ
2251 4843 2477 4875 UlVlilllUS
2501 4843 2631 4876 terra
2667 4843 2885 4874 mananti
2913 4843 3115 4887 quaurtn
3133 4843 3295 4886 ,entos
3320 4843 3370 4879 Cl.
3396 4843 3592 4891 [Γιςιιιιτι

1993 4843 2158 4952 legem
2186 4890 2362 4938 editam
2382 4950 2390 4952 _
2411 4888 2577 4936 fuisse.
2603 4890 2863 4952 Hincvero
2893 4892 2963 4952 sic
2985 4843 3199 4937 calculzus'
3220 4892 3412 4938 ducitur
3440 4906 3452 4938 :
3481 4899 3592 4939 Pro-

1993 4949 2157 5000 missio
2183 4960 2326 4999 terrae
2348 4950 2565 4997 Chanaan
2603 4950 2866 5003 Abrahamo
2890 4949 3012 4999 facta
3047 4958 3123 4999 est
3157 4963 3284 4998 anno
3309 4956 3418 5000 vita:
3445 4955 3592 5013 ipsms

1993 5013 2198 5061 ineunte
2218 5014 2296 5060 76.
2322 5019 2434 5062 Cum
2453 5020 2648 5059 centum
2675 5019 2810 5059 esset
2828 5024 3061 5060 annorum
3079 5013 3340 5068 Abraham,
3362 5027 3500 5062 na.us
3517 5027 3590 5064 est

1992 5079 2136 5121 lsaae.
2163 5075 2228 5121 Ab
2251 5081 2359 5120 orttt
2385 5073 2525 5122 Isaaci
2551 5074 2609 5121 ad
2631 5075 2793 5121 Jacobi
2818 5083 2976 5134 ortum
3001 5073 3111 5121 anui
3136 5078 3392 5134 sexaginta
3420 5089 3592 5123 nume-

1992 5143 2176 5182 rantur.
2203 5134 2347 5197 Jacob
2369 5146 2602 5197 annorum
2628 5135 2718 5183 150
2739 5135 2785 5181 in
2822 5133 2958 5196 IEgy;
2981 5142 3080 5182 tum
3107 5136 3258 5192 venit,
3285 5149 3407 5197 (ιιινε
3443 5149 3593 5185 annos

1991 5198 2028 5257 si
2050 5210 2159 5243 cum
2184 5197 2247 5243 25
2273 5195 2538 5252 Abrahami,
2559 5204 2609 5243 et
2631 5197 2693 5244 60
2718 5197 2856 5257 tsaaci
2879 5195 3120 5257 junxcris,
3147 5199 3256 5243 auui
3276 5195 3592 5246 cuniieientur

1991 5255 2101 5305 215.
2123 5257 2359 5317 .Iosepbus
2379 5270 2475 5316 quo
2497 5263 2717 5316 tempore
2742 5260 2787 5304 in
2820 5255 3024 5317 .tEgypto
3050 5266 3236 5315 patrem
3265 5261 3478 5316 exmqit,
3506 5273 3594 5306 au-

1992 5331 2106 5366 nutn
2131 5321 2309 5380 agebat
2331 5317 2430 5380 40":
2461 5319 2580 5380 vixit
2603 5327 2766 5367 autem
2786 5331 2937 5365 annos
2964 5318 3069 5365 110.
3095 5329 3123 5365 Α
3154 5320 3474 5378 promissione
3507 5322 3592 5372 igi-

1990 5388 2069 5430 tur
2094 5379 2357 5427 Abrabamo
2381 5379 2499 5426 facta
2523 5379 2580 5425 ad
2605 5381 2797 5439 Josephi
2823 5386 3029 5426 mortem
3057 5381 3170 5427 anui
3207 5389 3318 5427 sunt
3343 5382 3450 5429 2835.
3481 5385 3596 5431 Hinc

1990 5443 2047 5488 ad
2065 5449 2224 5488 ortum
2249 5441 2386 5502 Mosis
2406 5441 2515 5487 anni
2540 5442 2793 5502 75.310593
2831 5453 3008 5487 annum
3033 5443 3212 5502 agebat
3237 5444 3591 5502 octogesimum

1990 5502 2039 5551 in
2064 5504 2198 5570 esitu
2226 5515 2289 5549 ex
2316 5501 2856 5571 [Egj'ptmtlolligutrttu‘
2883 5515 3002 5562 ergo
3020 5515 3045 5548 a
3073 5501 3397 5571 promissipne
3425 5504 3481 5549 ad
3510 5507 3594 5571 ini:

1989 5566 2262 5624 grationem
2289 5576 2352 5609 ex
2378 5562 2591 5623 J’Egybto
2611 5564 2722 5610 anni
2761 5563 2869 5612 4:50.
2896 5571 3004 5610 iltt'c
3031 5567 3267 5611 Petavius.
3295 5563 3478 5610 Verum
3513 5566 3593 5612 HO

1989 5627 2098 5672 anni
2124 5625 2446 5683 colliguntur,
2480 5627 2520 5672 si
2556 5626 2687 5672 bene
2721 5625 2955 5672 calculum
2999 5638 3175 5685 minus;
3215 5625 3301 5672 sed
3342 5628 3453 5685 quia
3497 5639 3590 5674 nou

1988 5687 2184 5734 omnino
2202 5691 2391 5733 certum
2419 5694 2510 5744 est,
2553 5699 2650 5744 quo
2669 5687 2778 5733 vita:
2804 5687 3050 5733 Abrahaini
3093 5700 3219 5733 anno
3246 5685 3328 5732 ille
3352 5697 3589 5735 annorum

1989 5760 2222 5810 numerus
2245 5748 2308 5794 sit
2342 5748 2663 5810 incipiendus,
2689 5750 2804 5797 satis
2840 5749 2933 5796 erit
2955 5749 2993 5794 si
3036 5760 3275 5795 annorum
3297 5758 3481 5796 summa
3501 5750 3589 5797 cir-

1989 5809 2113 5859 citer
2131 5816 2384 5858 statuatur.
