4058 6404
540 384 640 450 ﬂ?

545 507 706 568 utque
744 497 906 551 etiam
953 510 1016 551 ex
1065 495 1331 566 pra'dictis
1369 494 1600 549 vicissim
1647 493 1852 547 llrmam
1904 491 2125 545 haberet

545 588 704 643 tidem
727 627 745 652 ,
771 603 993 643 necesse
1020 601 1140 642 esse
1159 586 1268 655 jam
1297 585 1408 640 ﬁeri
1435 584 1574 656 quod
1597 583 1664 639 de
1690 599 1753 639 eo
1791 583 1988 638 dictum
2017 583 2125 637 ine-

544 687 645 731 tat.
695 677 909 741 Postea,
962 677 1048 731 ubi
1093 676 1380 745 complevit
1431 675 1864 744 prscdietionem,
1919 675 2125 738 accepit

545 785 564 820 t
578 769 702 823 tiam
732 769 819 822 ille
847 769 1051 837 signum
1081 767 1330 821 idoneum
1371 781 1555 820 eorum
1582 781 1703 836 qua:
1748 765 1846 834 ipsi
1885 764 2123 832 conliga

543 867 686 914 runt.
719 859 802 912 l7.
837 857 1109 927 Postquam
1147 857 1244 928 fuit
1268 857 1347 910 sol
1372 857 1440 909 ad
1482 872 1736 921 occasum,
1769 854 1956 924 inquit,
1987 855 2125 922 facta

540 959 612 1002 cst
663 950 891 1018 ﬂamma,
935 959 979 1001 et
1022 964 1134 1002 ecce
1171 947 1399 1001 clibanus
1444 946 1718 1018 fumigans,
1769 953 1814 998 et
1861 942 2125 1012 Lnupadcs

528 1039 691 1104 ignis,
719 1053 833 1104 qtae
859 1038 1163 1092 transierunt
1186 1038 1318 1091 inter
1344 1036 1611 1090 divisiones
1637 1036 1778 1090 illas.
1820 1035 1886 1089 Et
1912 1033 2122 1089 ﬂamma

541 1135 598 1182 et
620 1127 863 1183 clibanus
890 1135 945 1183 et
985 1128 1254 1200 lampades
1287 1124 1767 1195 conspiciebantur,
1817 1135 1873 1178 ut
1916 1123 2124 1194 signum

545 1221 681 1275 Itale
709 1230 764 1275 et
800 1222 977 1288 justus
1009 1221 1296 1275 lirmiorum
1339 1218 1619 1274 fmderum.
1665 1227 1718 1272 et
1755 1216 2012 1271 adventus
2043 1213 2125 1269 di-

541 1323 678 1363 Vna:
723 1311 1067 1380 operationis.
1118 1309 1374 1379 Denique,
1422 1319 1702 1379 postquam
1750 1307 2016 1374 completa
2068 1315 2123 1359 et

542 1397 777 1468 perfeca
803 1408 922 1453 sunt
961 1400 1158 1461 omnia,
1207 1407 1486 1468 postquam
1527 1397 1662 1475 ignis
1697 1396 1965 1467 proposita
1996 1410 2123 1448 con-

541 1501 859 1556 sumpserat,
907 1490 990 1544 l8.
1026 1489 1309 1558 Disposuit,
1344 1490 1531 1559 inquit,
1563 1487 1812 1541 Dominus
1839 1487 1892 1540 in
1915 1486 1996 1538 die
2033 1484 2123 1538 illo

545 1579 690 1633 Abrae
733 1590 1083 1635 testamentum
1129 1582 1300 1636 dicens
1345 1595 1365 1636 .'
1401 1580 1596 1635 Semini
1639 1589 1725 1632 tuo
1768 1577 1897 1631 dabo
1937 1587 2122 1631 terram

543 1675 692 1741 hunc,
718 1693 749 1729 a
772 1678 925 1747 ﬂuuio
954 1675 1172 1748 λείπῃ»τὶ
1195 1692 1350 1745 usque
1390 1675 1460 1730 ad
1479 1675 1706 1745 ,ﬂusium
1736 1687 1974 1744 magnum
2009 1670 2116 1725 Eu.

543 1766 798 1833 parntem,
820 1766 909 1820 l9.
935 1767 1154 1833 (tineas,
1178 1775 1224 1818 et
1250 1763 1531 1830 Ceussatos,
1571 1772 1619 1817 rt
1655 1762 1997 1821 Cedmoueos.
2024 1760 2120 1818 20.

541 1864 587 1908 et
612 1854 874 1918 Clie'twos.
902 1865 952 1912 et
983 1856 1302 1923 Pherrms,
1331 1867 1378 1911 et
1405 1858 1678 1927 Παρθυαία,
1703 1865 1749 1910 et
1777 1855 2116 1919 Amorrlusos,

536 1955 587 2000 at
618 1944 950 2013 Chanaiueos,
991 1955 1036 1998 et
1076 1946 1274 2010 Euros,
1317 1956 1362 2000 et
1404 1945 1714 2017 θαρρείτω,
1756 1956 1806 2001 et
1837 1946 2117 2000 labascos.

543 2032 677 2088 \‘ide
700 2036 967 2104 quomodo
991 2036 1162 2091 adhuc
1192 2046 1516 2106 perseverat,
1563 2047 1619 2090 ut
1651 2037 1931 2092 e-‘nllrmet
1968 2049 2118 2090 suam

543 2120 595 2174 in
627 2123 770 2176 illum
800 2124 1225 2192 promissionem.
1259 2125 1519 2196 Disposuit
1543 2127 1708 2191 enim,
1742 2127 1928 2195 inquit,
1957 2134 2113 2179 testa-

540 2221 762 2264 mentum
789 2212 962 2266 dicem
987 2228 1009 2267 :
1037 2213 1234 2268 Srmini
1257 2223 1345 2266 tuo
1373 2215 1504 2266 dabo
1532 2222 1717 2267 terram
1744 2215 1894 2267 hanc.
1919 2212 2117 2268 Deinde

541 2309 598 2353 ut
613 2315 678 2354 es
695 2301 970 2358 latitudine
985 2311 1160 2361 tet-riu.
1185 2314 1237 2358 et
1258 2320 1341 2357 am
1349 2304 1604 2372 pl'tudine
1622 2305 1962 2359 terminorum
1981 2305 2117 2360 scire

544 2389 709 2455 [mssit
727 2389 900 2456 justus
926 2400 1180 2460 quantum
1203 2393 1521 2448 extendetur
1544 2393 1659 2463 cjus
1679 2409 1881 2457 semen,
1907 2394 2077 2462 inquit
2100 2411 2112 2448 :

539 2475 584 2529 Α
608 2476 815 2545 ﬂumine
838 2478 1058 2550 Egypti
1085 2497 1239 2548 usque
1263 2481 1332 2533 ad
1353 2483 1544 2552 ﬂumen
1571 2481 1882 2550 Euphratem
1912 2489 2112 2536 tantum

540 2566 642 2619 erit
669 2579 851 2622 semen
879 2579 1046 2624 tuum.
1078 2569 1353 2638 Perpende
1379 2571 1644 2641 quomodo
1674 2572 1938 2642 ingentem
1968 2587 2112 2626 sem-

539 2669 638 2724 per
669 2657 1056 2713 multitudinem
1088 2659 1158 2713 illi
1188 2659 1462 2716 declarare
1505 2662 1653 2717 velit.
1685 2661 1938 2729 Superius
1966 2662 2111 2717 enim

537 2745 692 2806 d'xit.
720 2761 779 2802 se
802 2747 940 2802 sicut
965 2748 1402 2804 innumerabilem
1430 2750 1702 2804 stellarum
1735 2765 2016 2804 numerum
2045 2750 2108 2803 il-

538 2831 641 2886 lam
671 2832 931 2889 ﬁteturum
958 2851 1078 2894 esse
1106 2855 1120 2890 :
1149 2837 1236 2892 hic
1268 2849 1321 2892 et
1366 2837 1642 2894 latitudine
1672 2838 1854 2894 linium
1885 2839 2109 2908 idipsam

535 2922 786 2987 declarat,
832 2930 889 2981 ut
925 2935 980 2981 et
1022 2926 1145 2982 hinc
1185 2928 1373 2995 discat,
1419 2944 1578 2999 quam
1621 2945 1681 2986 se
1719 2930 2000 2985 dilatatura
2043 2932 2112 2986 sit

535 3014 817 3070 multitudo
844 3016 1033 3070 futura.
1061 3017 1240 3088 Neque
1267 3018 1368 3073 hoc
1396 3021 1586 3080 solum,
1618 3021 1708 3074 sed
1733 3029 1784 3073 et
1813 3020 2110 3090 specialiter

533 3103 772 3172 gentium
796 3107 1119 3161 mentionem
1155 3108 1298 3171 facit,
1329 3123 1552 3178 quarum
1593 3112 1981 3178 possessionem
2025 3126 2110 3164 se-

537 3192 664 3246 mini
695 3192 811 3261 ejus
853 3196 922 3248 sit
965 3195 1202 3258 datnrus,
1246 3206 1303 3250 ut
1331 3213 1392 3251 ex
1421 3197 1505 3251 his
1544 3200 1792 3252 omnibus
1827 3200 1894 3254 de
1934 3216 2107 3255 rerum

534 3275 729 3336 eventu
755 3298 972 3340 securus
999 3285 1311 3341 redderetur
1331 3287 1522 3356 justus.
1553 3288 1617 3342 Et
1642 3303 1765 3344 cum
1797 3300 1954 3345 tanta:
1984 3308 2106 3359 pro-

538 3374 816 3430 missiones
841 3387 1019 3431 essent
1043 3376 1214 3442 faece,
1243 3377 1415 3434 adhuc
1437 3384 1628 3435 mansit
1652 3381 1780 3436 Sara
1811 3390 1872 3436 διε
1894 3383 2025 3448 rllis,
2052 3392 2110 3438 et

533 3473 782 3532 senectus
805 3482 988 3520 eorum
1030 3469 1353 3537 augebatur;
1398 3478 1455 3524 ut
1495 3484 1620 3524 cum
1663 3466 1946 3526 maritumi]
1987 3473 2104 3528 lidei

530 3566 640 3607 suae
664 3555 872 3624 signum
904 3557 1214 3619 edidissent,
1245 3567 1368 3611 tunc
1406 3559 1597 3613 scirent
1639 3571 1693 3614 et
1737 3561 1977 3616 humana:
2007 3578 2105 3616 na-

533 3651 666 3695 tura:
693 3643 1070 3710 inﬁrmitatem,
1101 3656 1154 3700 et
1191 3646 1384 3700 divina}
1414 3649 1622 3703 virtutis
1665 3651 2102 3718 magnitudinem.

601 3730 815 3804 Moralis
841 3733 1158 3798 cohortatio;
1187 3737 1360 3806 gulam
1387 3747 1433 3790 et
1458 3739 1721 3806 crapulam
1762 3742 2017 3810 pro/ligat.
2035 3769 2106 3782 -

531 3817 728 3873 Verum
755 3835 822 3874 ne
848 3821 1036 3876 iterum
1065 3824 1334 3892 aliquanto
1358 3826 1564 3896 longius
1585 3844 1885 3884 sermonem
1910 3841 2103 3885 cxten-

530 3905 739 3973 damus,
773 3909 855 3962 hic
886 3911 1042 3965 linem
1069 3910 1312 3982 loquendi
1355 3914 1655 3970 faciamus':
1693 3933 1787 3972 vos
1815 3920 2103 3974 obsecrau-

530 4005 610 4050 tes
640 4007 693 4051 ut
725 3999 1014 4055 imitatores
1041 4002 1155 4056 sitis
1185 4003 1340 4073 hujus
1368 4006 1695 4072 patriarchte.
1725 4008 1905 4076 Cogita
1935 4013 2099 4078 enim,

527 4085 742 4152 dilecte,
773 4093 1038 4158 quomodo
1079 4103 1292 4162 propter
1330 4096 1486 4151 verba
1527 4096 1616 4150 illa
1656 4112 1774 4166 qua:
1817 4098 1882 4150 ad
1925 4114 2102 4168 regem

530 4179 882 4234 Sodomorum
911 4182 1155 4250 faciebat,
1193 4185 1301 4238 imo
1339 4197 1391 4240 et
1434 4197 1648 4256 propter
1675 4189 1919 4242 virtutem
1948 4191 2106 4244 aliam

527 4284 761 4332 omnem.
803 4286 961 4340 quam
999 4289 1092 4341 per
1130 4289 1345 4328 omnem
1388 4276 1547 4329 vitam
1599 4292 1748 4330 suam
1795 4278 2102 4344 declaravit,

529 4367 670 4413 tanta
701 4361 944 4416 mercede
971 4378 1091 4416 eum
1120 4364 1366 4432 dignatus
1406 4366 1496 4430 sit,
1539 4375 1594 4418 et
1621 4375 1813 4435 quanta
1854 4367 2102 4422 humani-

529 4459 633 4504 tate
661 4466 720 4504 se
744 4450 812 4506 ad
839 4468 960 4507 eum
991 4455 1472 4510 accommodaverit
1502 4456 1661 4520 Deos,
1692 4459 1978 4513 ostendens
2007 4475 2102 4529 per

526 4554 610 4601 ea,
639 4555 757 4610 quze
786 4543 835 4595 in
875 4547 1225 4609 patriareham
1253 4546 1495 4610 contulit,
1539 4547 1693 4599 nobis
1722 4548 1964 4600 omnibus
1991 4559 2113 4603 sua!

527 4629 857 4686 liberditatis
884 4635 1310 4699 immensitatem,
1335 4647 1387 4689 et
1406 4651 1464 4691 se
1485 4636 1568 4689 vel
1597 4637 1826 4690 minimis
1852 4639 2101 4707 operibus

524 4730 891 4790 provocatum.
925 4739 1018 4776 nos
1043 4725 1242 4793 absque
1269 4740 1415 4779 mora
1442 4728 1646 4795 magnis
1673 4726 1823 4780 donis
1852 4743 2111 4783 remune-.

526 4809 647 4873 rari,
679 4810 722 4863 si
755 4813 1012 4866 sinceram
1057 4814 1234 4878 tidem,
1277 4815 1409 4868 sicut
1440 4816 1529 4869 ille
1557 4814 1752 4884 jttstus,
1793 4815 2099 4876 exhibueri-

527 4917 663 4964 nms,
701 4913 756 4956 et
802 4919 1086 4972 numquam
1138 4915 1314 4960 mente
1357 4906 1803 4971 iiuetuaverimns,
1840 4907 1931 4960 sed
1974 4923 2101 4962 con-

523 4998 749 5044 stantem
778 5003 832 5047 et
860 4993 1064 5047 ﬁrmam
1100 4996 1244 5049 illam
1294 4996 1650 5051 habuerimus.
1688 4998 1821 5051 Hinc
1865 5002 2007 5062 enim
2047 5009 2099 5054 et

525 5081 616 5134 ille
652 5082 1012 5137 celebritatem
1059 5087 1370 5154 laudemque
1412 5098 1766 5156 consequutus
1810 5098 1912 5143 est.
1962 5092 2096 5145 Audi

524 5173 680 5238 igitur
710 5174 917 5228 beatum
942 5176 1157 5229 Paulum
1188 5178 1560 5246 piaetlieantem
1586 5181 1698 5248 ejus
1731 5181 1912 5246 tidem,
1940 5196 2096 5249 quam

521 5261 588 5314 ab
620 5263 768 5316 initio
791 5266 1021 5318 ostendit
1052 5284 1065 5319 :
1094 5267 1219 5320 dicit
1246 5270 1388 5321 enim
1423 5286 1434 5318 τ
1469 5267 1598 5320 Fide
1646 5281 1846 5323 uocatus
1888 5271 2093 5337 Abram,

521 5352 729 5414 obediuit
770 5365 822 5406 ut
860 5358 1014 5408 exiret
1042 5356 1094 5408 in
1124 5353 1308 5422 loetuu,
1352 5375 1496 5425 quem
1541 5373 1835 5427 accepturus
1878 5371 2002 5423 erat,
2047 5372 2096 5416 et

522 5442 667 5493 rxivit
694 5443 930 5513 ignorans
958 5463 1053 5513 quo
1083 5448 1172 5498 iret
1204 5445 1383 5512 (Hebr.
1427 5451 1502 5501 ll.
1534 5449 1588 5516 8)
1629 5468 1640 5500 :
1673 5451 1794 5502 illud
1827 5452 1979 5505 nobis
2010 5452 2096 5506 ina

519 5528 755 5594 sinuatis,
788 5533 924 5600 quod
954 5550 980 5584 a
1009 5534 1118 5587 Deo
1157 5535 1356 5588 dictum
1384 5546 1465 5589 est
1501 5553 1514 5589 :
1561 5538 1740 5606 Egi-ed.
1757 5557 1811 5590 re
1853 5542 1915 5593 de
1958 5550 2092 5594 terra

519 5628 626 5680 tua,
656 5628 699 5670 et
725 5622 832 5673 veni
857 5624 905 5674 in
934 5633 1137 5685 terram,
1167 5642 1316 5693 quam
1346 5641 1683 5680 monstravere
1709 5628 1793 5679 tibi
1820 5627 1967 5697 (Gen.
2002 5629 2085 5682 12.

525 5708 594 5777 l).
631 5708 812 5764 Vidisti
850 5713 1002 5767 ﬁdem
1036 5716 1279 5769 firmam?
1307 5716 1480 5770 vidisti
1522 5727 1750 5771 mentem
1790 5719 2090 5774 sinceram?

1276 385 1331 439 S.
1372 381 1644 440 JOAN’NIS
1681 377 2142 448 QllllYSOSTOMI
2181 376 2498 436 ARClllEl'.
2539 378 3072 439 CONST.-\NTINOP.

3717 389 3823 444 548

2235 488 2388 545 llunc
2425 499 2479 545 et
2508 505 2608 545 nos
2632 489 2921 558 imitemur,
2953 503 3008 548 et
3036 492 3377 563 egredimur
3408 505 3588 553 mente
3624 509 3678 554 et
3710 501 3818 552 ala-

2231 579 2464 634 critatca
2491 581 2773 651 prosecutis
2797 582 2916 636 vita:
2944 583 3191 652 negotiis,
3214 598 3504 655 eamusque
3527 586 3580 642 in
3605 588 3829 646 anitum.

2231 668 2492 724 Possibile
2520 669 2662 724 enim
2693 680 2795 734 est,
2823 672 2868 723 si
2896 671 3239 736 voluerimus,
3266 683 3324 729 et
3349 676 3457 743 jam
3485 673 3572 730 bie
3597 691 3821 731 versan-

2231 767 2310 812 tes
2347 759 2433 813 illa
2480 775 2701 831 pergere
2742 761 2849 825 via,
2894 761 3109 831 quando
3145 763 3303 834 digna
3339 766 3483 821 crelis
3510 780 3823 834 operatnur,

2229 849 2444 918 quando
2479 867 2584 905 non
2625 852 2945 919 suspicimus
2977 867 3039 908 ea
3081 868 3202 924 qua:
3243 864 3369 909 sunt
3411 856 3570 927 hujus
3613 858 3822 925 mundi,

2228 941 2442 1009 quando
2471 955 2578 996 non
2617 942 2841 1012 gloriam
2888 959 3077 998 vanam
3119 946 3279 1014 hujus
3309 949 3429 1002 vita:
3477 950 3819 1020 inquirimus,

2228 1028 2322 1084 sed
2351 1030 2450 1085 bac
2470 1042 2793 1102 contempta,
2817 1033 2964 1089 illam
2985 1033 3296 1092 desiderare
3317 1038 3616 1107 studemus,
3638 1055 3821 1098 veram

2230 1118 2370 1173 illam
2396 1120 2516 1174 dico
2540 1129 2594 1176 et
2620 1137 2835 1193 semper
2860 1135 3200 1192 manentem;
3228 1128 3442 1196 quando
3469 1144 3579 1184 non
3607 1131 3660 1185 in
3693 1131 3820 1186 luxu

2227 1210 2455 1264 vestium
2478 1213 2718 1281 occupati
2747 1228 2953 1281 sumus,
2980 1221 3157 1286 neque
3183 1231 3379 1287 corpus
3416 1237 3611 1275 ornare
3637 1222 3822 1278 stude-

2227 1313 2369 1368 mus,
2397 1303 2488 1356 sed
2516 1317 2731 1358 omnem
2774 1303 2919 1358 illum
2961 1315 3240 1362 externum
3280 1308 3479 1364 cultum
3526 1309 3578 1365 in
3621 1313 3820 1368 anime

2228 1391 2594 1446 transierimus
2618 1406 2823 1459 curam,
2864 1401 2921 1448 et
2958 1409 3062 1449 non
3107 1396 3424 1452 dimittimus
3448 1414 3568 1453 eam
3616 1400 3818 1455 nudam

2225 1488 2278 1532 et
2309 1480 2588 1548 spoliatam
2631 1481 2953 1536 indumentis
2998 1484 3285 1551 virtutum;
3329 1488 3545 1555 quando
3583 1488 3820 1545 ridemus

2225 1567 2462 1636 delicias,
2487 1573 2699 1640 quando
2723 1574 2905 1645 gulam
2929 1583 2985 1628 et
3009 1575 3282 1645 crapulam
3322 1571 3569 1647 fugimus,
3598 1582 3816 1649 quando

2227 1665 2333 1712 nan
2373 1661 2620 1716 convivia
2666 1673 2722 1720 et
2759 1679 2940 1721 canas
2985 1673 3276 1730 sectamur,
3316 1666 3409 1721 sed
3457 1667 3816 1738 frugalitatem

2225 1765 2527 1816 servamus,
2584 1755 2878 1810 secundum
2930 1756 3279 1824 apostolicam
3325 1757 3748 1816 admonitionem
3800 1781 3816 1817 :

2230 1839 2480 1896 Ilabwm
2519 1844 2704 1898 rictum
2744 1857 2791 1898 et
2834 1846 3204 1906 indumentum.
3244 1848 3324 1900 his
3365 1851 3586 1904 contenti
3629 1852 3818 1906 crinitis

2224 1928 2300 2002 (Ι.
2337 1929 2467 1985 Tim.
2495 1932 2549 1986 6.
2590 1930 2669 2004 8).
2697 1932 2827 2001 Qua:
2854 1936 2997 1990 enim
3038 1934 3239 1990 utilitas
3273 1936 3686 2006 superﬂuarum,
3725 1942 3818 1998 die

2225 2022 2376 2086 mihi,
2405 2031 2465 2077 ut
2487 2033 2730 2078 ventrem
2759 2024 3029 2079 distendas
3068 2041 3177 2096 pra:
3217 2027 3376 2081 nimia
3418 2031 3730 2098 voracitate,
3761 2043 3816 2088 et
3859 2068 3867 2072 -

2222 2114 2416 2167 mentis
2455 2113 3004 2181 judiciumdestroas
3047 2131 3172 2185 pra:
3201 2116 3482 2174 immodica
3509 2120 3617 2174 vini
3656 2131 3818 2191 pota-

2222 2202 2365 2257 tione
2380 2202 2406 2254 Ὶ
2429 2218 2606 2257 annon
2636 2201 2758 2259 inde
2782 2206 3020 2274 corporis
3045 2213 3102 2262 et
3126 2208 3318 2261 auium
3347 2208 3484 2263 mala
3515 2223 3814 2267 nascuntur

2219 2294 2438 2349 omnia?
2467 2294 2618 2350 Unde
2661 2296 2808 2350 enim
2847 2296 3168 2365 multiplices
3217 2298 3319 2350 illa:
3363 2299 3712 2367 mgrittulincs
3758 2314 3815 2357 et

2221 2384 2459 2439 membra
2484 2385 2748 2440 distorta?
2781 2385 2970 2441 Nonne
3011 2385 3135 2440 hinc
3175 2388 3316 2456 quod
3347 2388 3466 2456 plus
3507 2405 3670 2460 quam
3714 2407 3814 2460 par

2218 2475 2307 2538 sit,
2345 2483 2584 2529 ventrem
2615 2476 2870 2530 oneribus
2904 2476 3220 2546 gravemns?
3250 2475 3402 2532 Unde
3429 2490 3609 2534 autem
3652 2482 3812 2537 adul-

2219 2566 2372 2632 teria,
2403 2573 2605 2634 stupra,
2627 2565 2847 2634 rapiam,
2866 2581 3146 2621 avarorum
3161 2567 3391 2635 fraudes,
3415 2569 3611 2634 caedes,
3644 2572 3812 2625 latro-

2216 2654 2374 2719 eiuia,
2405 2663 2461 2709 et
2506 2655 2678 2709 omnis
2716 2655 2909 2710 anima:
2949 2657 3258 2727 corruptio?
3292 2657 3479 2715 Nonne
3522 2662 3645 2730 quia
3689 2662 3808 2730 plus

2215 2742 2641 2811 concupiscimus
2661 2757 2819 2814 quam
2845 2743 2998 2798 nobis
3017 2745 3300 2814 congruit?
3324 2746 3476 2801 Sicut
3492 2751 3635 2802 enim
3666 2750 3808 2804 Pau-

2216 2831 2300 2886 lus
2331 2832 2560 2886 radicem
2588 2833 2826 2887 omnium
2855 2834 3116 2888 malorum
3158 2837 3432 2891 avaritiam
3476 2840 3687 2894 vocavit
3719 2841 3804 2910 (ι.

2215 2922 2347 2976 Tim.
2383 2923 2434 2978 6.
2468 2923 2560 2990 l0)
2607 2941 2621 2976 :
2665 2922 2744 2979 sic
2782 2939 2887 2978 non
2928 2926 3254 2980 aberrat-erit
3304 2925 3444 2995 quis,
3503 2927 3548 2981 si
3601 2929 3798 2986 fontem

2213 3014 2452 3066 omnium
2471 3013 2734 3067 malorum
2755 3013 2900 3067 dicat
2923 3015 3446 3083 immoderationem,
3467 3025 3522 3072 et
3543 3020 3806 3088 cupidita-

2214 3110 2319 3156 tem
2351 3104 2493 3157 illam
2518 3119 2669 3157 usnm
2689 3104 3110 3174 transgredieodi
3127 3108 3374 3163 omnibus
3391 3109 3444 3162 in
3464 3109 3644 3163 rebus.
3669 3111 3802 3166 Nam

2213 3191 2259 3245 si
2285 3192 2541 3246 vellemus
2568 3192 2618 3245 iu
2647 3192 2939 3259 alimentis,
2971 3205 3023 3248 et
3052 3195 3310 3263 vestibus,
3339 3207 3393 3251 et
3424 3197 3710 3254 domiciliis
3744 3212 3801 3256 et

2213 3281 2331 3336 aliis
2357 3281 2723 3350 corporalibus
2751 3285 2957 3338 cunctis
2987 3285 3167 3339 usibus
3193 3286 3326 3341 nihil
3357 3286 3643 3344 immodice
3667 3305 3798 3344 con-

2210 3371 2519 3439 cupiscere,
2567 3370 2661 3425 sed
2703 3373 3004 3426 necessaria
3055 3381 3256 3428 tantum
3306 3391 3566 3446 quaerere,
3619 3369 3800 3435 multis

2209 3461 2420 3516 damnis
2451 3462 2764 3517 liberaretur
2793 3463 3083 3518 humanum
3107 3479 3296 3534 genus.

2280 3550 2333 3606 5.
2375 3550 2573 3604 Verum
2605 3553 2783 3606 nescio
2817 3553 2904 3621 qui
2938 3552 3044 3617 fiat,
3086 3565 3143 3608 ut
3173 3569 3359 3610 omnes
3385 3567 3438 3610 et
3466 3557 3656 3628 singuli
3698 3575 3798 3628 pro

2209 3641 2320 3693 suis
2364 3642 2564 3695 viribus
2607 3646 2847 3697 avaritiae
2893 3645 3081 3697 morbo
3125 3645 3456 3712 laboremus,
3503 3664 3793 3720 numquam

2208 3732 2473 3785 enitentes
2495 3739 2554 3785 ut
2580 3732 2716 3786 intra
2745 3735 3080 3788 necessitatis
3109 3750 3416 3790 maneamus
3451 3739 3666 3805 limites,
3699 3743 3792 3796 Sed

2211 3823 2365 3890 plane
2392 3831 2573 3877 contra
2602 3825 2949 3893 apostolicum
2973 3825 3301 3891 mandatum,
3329 3829 3470 3898 quod
3497 3830 3648 3895 dicit,
3686 3831 3795 3884 lla-

2209 3914 2375 3966 bentcs
2402 3913 2582 3964 victum
2612 3923 2659 3966 et
2688 3914 2948 3978 amictum,
2978 3915 3055 3968 Itis
3083 3917 3304 3970 tumenti
3332 3923 3516 3972 erimus
3545 3920 3622 3988 (1.
3654 3920 3792 3978 Tim.

2209 4003 2261 4058 6.
2290 4003 2368 4074 8),
2391 4003 2574 4057 omnia
2589 4003 2830 4069 faciams,
2857 4007 3153 4062 nescientes
3179 4022 3274 4061 nos
3299 4009 3364 4062 de
3391 4011 3639 4065 omnibus
3670 4030 3792 4083 quae

2210 4097 2342 4148 ultra
2365 4111 2515 4169 ospm
2538 4104 2775 4150 ttOstrutn
2794 4107 2939 4164 sunt,
2967 4099 3222 4152 rationem
3246 4101 3462 4155 daturos
3479 4119 3620 4168 esse,
3646 4107 3788 4174 quod

2207 4186 2354 4238 alui
2378 4180 2544 4240 simus
2581 4185 2771 4240 divinis
2793 4189 3122 4242 muneribus.
3165 4189 3277 4242 Non
3309 4192 3451 4245 enim
3493 4193 3607 4247 luI-c
3636 4196 3791 4250 nobis

2209 4275 2473 4327 concessit
2498 4283 2553 4327 ut
2573 4291 2678 4329 nos
2701 4285 2904 4329 tantum
2933 4279 3012 4330 eis
3034 4287 3243 4332 utamur
3277 4297 3291 4333 :
3322 4281 3416 4334 sed
3445 4294 3495 4334 et
3524 4293 3581 4334 ut
3607 4287 3791 4351 proxi-

2208 4379 2414 4418 morum
2460 4366 2797 4435 indigentiam
2843 4367 3203 4422 sublevemus.
3235 4369 3385 4436 Quali
3431 4372 3600 4440 igitur,
3636 4378 3788 4428 venia

2204 4453 2453 4523 dignandi
2483 4463 2626 4518 sunt,
2655 4455 2742 4522 qui
2774 4463 2828 4508 et
2855 4456 2904 4508 in
2941 4458 3273 4511 vestimentis
3314 4460 3533 4512 multam
3579 4465 3793 4514 vanita-

2206 4554 2311 4599 tem
2341 4554 2626 4612 ostentant,
2655 4556 2707 4599 et
2748 4555 2804 4597 ut
2845 4548 3105 4600 vermium
3137 4557 3374 4602 texturas
3412 4561 3643 4618 gestent.
3681 4553 3788 4606 sol-

2207 4634 2332 4688 liciti
2363 4644 2507 4698 sunt,
2539 4637 2786 4704 quodque
2816 4637 3206 4704 gravissimum,
3237 4637 3289 4689 in
3313 4637 3396 4691 bis
3426 4642 3782 4705 superbiant:

2205 4738 2337 4793 quos
2363 4724 2642 4791 oportebat
2667 4727 2883 4795 rubore,
2904 4735 3066 4789 metu,
3089 4740 3151 4779 ac
3173 4736 3406 4782 tremore
3431 4732 3623 4794 teneri,
3646 4733 3785 4800 quod

2204 4815 2303 4883 ipsi
2331 4815 2542 4884 quidem
2583 4818 2651 4869 ob
2690 4815 2886 4869 millam
2934 4819 3233 4882 utilitatem,
3280 4833 3452 4887 neque
3498 4825 3783 4877 necessarii

2204 4919 2328 4958 usus
2351 4905 2550 4974 gratia;
2580 4906 2671 4958 sed
2701 4914 2902 4959 uultum
2936 4907 3004 4960 ob
3029 4909 3314 4960 vanitatem
3345 4919 3398 4962 et
3425 4908 3637 4964 inanem
3666 4913 3785 4982 glo-

2204 4999 2357 5057 riam,
2382 5003 2436 5047 et
2463 5006 2522 5048 ut
2549 4995 2704 5062 vulgo
2731 5009 2793 5047 ac
2828 4995 3124 5049 forensibus
3161 4997 3496 5050 admirationi
3537 5001 3664 5060 sint.
3711 5014 3787 5054 ta-

2201 5084 2338 5138 libus
2368 5084 2685 5137 induantur:
2717 5085 2840 5143 dum
2860 5086 3098 5152 ejusdem
3128 5097 3328 5140 natura:
3352 5103 3576 5142 consors
3601 5092 3781 5145 obam—

2203 5175 2348 5229 bulat
2377 5177 2572 5242 nudus,
2604 5181 2691 5245 qui
2725 5168 3256 5242 nequecrasﬁissima
3289 5189 3436 5232 veste
3464 5182 3684 5234 amicire
3725 5199 3782 5234 se

2203 5278 2372 5336 potest
2401 5285 2417 5322 :
2445 5277 2499 5322 et
2528 5282 2700 5336 neque
2727 5276 2910 5322 natura
2937 5269 3000 5321 ad
3031 5271 3548 5323 commiserationem
3579 5271 3777 5325 ducun-

2202 5367 2307 5419 tur,
2340 5373 2511 5427 neque
2540 5355 2866 5413 conscientia
2897 5358 2962 5410 ad
2992 5358 3360 5426 epitulandum
3402 5360 3646 5425 proximo
3690 5376 3781 5413 eos

2200 5447 2383 5503 incitat
2415 5467 2426 5501 :
2462 5465 2634 5518 neque
2676 5452 2924 5502 ritemoria
2966 5448 3216 5503 horrendi
3259 5451 3399 5502 illius
3434 5451 3563 5516 diei,
3611 5467 3780 5517 nepte

2197 5537 2454 5608 gehenna:
2483 5541 2657 5604 timor,
2691 5555 2861 5607 neque
2890 5542 3298 5608 promissionum
3329 5540 3660 5609 magnitudo,
3688 5556 3774 5592 ne-

2197 5646 2300 5699 que
2328 5630 2465 5684 istud
2495 5631 2688 5700 ipsum,
2720 5629 2857 5700 quod
2887 5633 3185 5684 communis
3217 5632 3468 5684 Dominus
3513 5642 3695 5685 noster
3723 5642 3773 5684 ut

2205 5721 2304 5774 sibi
2332 5720 2467 5775 facta
2499 5731 2720 5790 usurpat
2743 5737 2859 5792 qua:
2890 5722 3146 5794 proximis
3176 5722 3305 5775 liuut
3335 5740 3345 5773 :
3389 5721 3479 5776 scd
3510 5725 3657 5789 quasi
3699 5723 3769 5776 la-
