4058 6400
351 383 457 442 3m

349 517 446 572 ρας
473 499 708 570 ἐκείνης,
738 496 862 552 οὗτε
880 499 977 568 τῆς
1005 495 1230 564 γεέννης
1253 493 1282 546 δ
1312 487 1515 562 φόϐος,
1553 488 1675 542 οὔτε
1698 487 1806 540 τῶν
1852 487 2021 553 ἐπαγ-

343 587 551 657 γελιῶν
580 587 642 640 τὸ
667 585 894 658 μέγεθος
908 611 933 650 ι,
968 581 1091 636 οῦτε
1115 581 1176 634 τὸ
1200 580 1362 633 αὐτὸν
1395 578 1485 632 τὸν
1516 575 1692 631 κοινὸν
1723 573 1880 645 ἡμῶν
1924 575 2015 625 Δε-

344 675 550 745 σπότην
572 674 822 729 ἀπάντων
839 668 1169 723 οἰκειοῦσθαι
1196 667 1265 721 τά
1290 669 1370 730 είς
1397 665 1525 726 τοὺς
1549 662 1834 732 ὁμογενεῖς
1880 676 1968 745 γιν
1987 666 2018 709 ἀν

345 779 484 835 μενα
505 742 520 791 λ
541 762 678 818 ἀλλά
703 758 954 828 καθάπερ
987 756 1196 826 λιθίνην
1222 753 1449 825 καρδίαν
1489 751 1726 822 ἔχοντες,
1777 747 1872 835 καὶ
1901 742 2024 835 ἐξω

340 834 442 921 τῆς
462 850 674 920 φύσεως
691 848 863 911 ὄντες,
881 845 1024 899 οὕτω
1044 845 1328 912 νομίζουσι
1349 840 1531 893 λοιπὸν
1553 837 1747 908 διάτὴν
1761 834 1870 888 τῶν
1888 834 2020 921 ίμα-

340 918 769 1008 τίων-περιϐολὴν
786 934 884 987 καὶ
893 932 1154 1002 ἀνώτεροι
1169 930 1265 1003 τῆς
1280 927 1374 982 ἀνθ
1384 923 1622 997 ρωπίνης
1632 923 1702 992 φύ
1713 940 1847 984 σεως
1860 918 2017 982 εἶναι,

339 1031 441 1078 οὑκ
453 1020 753 1084 ἐννοοῦντες
767 1022 907 1074 ὅσων
920 1017 1253 1080 ὑπευθύνους
1264 1016 1489 1078 ἑαυτοὺς
1503 1012 1812 1073 καθιστᾶσι,
1833 1008 2019 1072 κακῶς

335 1110 752 1180 οἰκονομοῦντες
771 1108 840 1162 τά
854 1106 1005 1178 παρά
1016 1105 1108 1158 τοῦ
1141 1102 1410 1157 Δεσπότου
1432 1100 1612 1163 αὐτοῖς
1635 1095 2018 1170 ἐμπιστευθέν-

339 1213 431 1261 τα,
444 1197 536 1250 καὶ
549 1197 611 1248 οὗ
629 1194 938 1266 βουλόμενοι
955 1195 1064 1254 τοῖς
1078 1188 1377 1252 συνδούλοις
1386 1187 1584 1242 διδόναι
1595 1205 1646 1241 τι
1661 1186 1825 1258 μέρος
1841 1198 1887 1248 ι,
1903 1183 2015 1238 ἀλλ’

340 1280 511 1351 ἡδέως
523 1280 750 1350 ἀφέντες
764 1278 868 1332 ὑπὸ
882 1277 988 1332 τῶν
1004 1275 1181 1346 σητῶν
1192 1271 1332 1328 αὐτὰ
1345 1271 1854 1334 καταναλίσκεσθαι,
1868 1269 1965 1337 δας
1979 1285 2016 1321 ι-

341 1367 594 1440 λέστερον
619 1369 800 1430 αὐτοῖς
821 1366 883 1419 τὸ
908 1365 1008 1435 τῆς
1033 1365 1257 1434 γεέννης
1287 1361 1403 1433 πῦιρ
1433 1362 1533 1432 ἡδη
1569 1359 2017 1430 προευτρεπίζου-

341 1470 456 1520 cw;
482 1456 544 1508 Εί
575 1455 684 1524 γάρ
718 1454 813 1508 καὶ⁹
856 1452 1035 1506 πάντα
1077 1451 1142 1504 τά
1182 1448 1329 1503 ἔνδον
1367 1448 1702 1517 ἀποκείμενα
1740 1446 2013 1515 διένειμαν

339 1543 450 1603 τοῖς
482 1540 757 1609 δεομένοις
787 1540 838 1592 οἱ
871 1537 1247 1600 πλουτοῦντες,
1277 1536 1372 1591 καὶ
1394 1534 1566 1598 οὕτως
1589 1534 1687 1588 οὐκ
1709 1534 1774 1586 ἂν
1799 1533 1896 1604 τὴν
1918 1532 2013 1586 κό-

338 1625 494 1679 λασιν
523 1626 776 1694 διέφυγον
800 1626 939 1694 ὗπέρ
969 1618 1044 1678 ῶν
1068 1623 1376 1694 τρυφῶντες
1404 1623 1496 1678 καὶ
1524 1623 1581 1674 ἐν
1604 1623 1717 1682 τοῖς
1738 1619 2012 1690 ἐσθήμασι

340 1713 433 1765 καὶ
460 1713 517 1764 ἐν
543 1711 966 1776 ταῖςοέστιάσεσι
995 1710 1281 1764 διετέλουν.
1314 1709 1492 1779 Πόσης
1521 1707 1673 1777 [581]
1692 1707 1800 1776 γὰρ
1820 1707 1920 1759 οὐκ
1944 1707 2010 1759 ἂν

339 1795 450 1851 είεν
495 1798 770 1861 κολάσεως
808 1796 948 1860 ἄξιοι
990 1796 1044 1849 οί
1083 1797 1265 1850 πάντα
1289 1797 1490 1867 τρόπον
1520 1791 1911 1855 σπουδάζοντες
1942 1791 2009 1844 τά

343 1885 440 1954 μέν
467 1883 666 1955 σηρικά
702 1882 1126 1955 περιϐεϐλῆσθαι
1163 1883 1427 1944 πολλάκις
1458 1881 1667 1950 ἱμάτια,
1698 1880 1791 1932 καὶ
1831 1878 2009 1932 σοϐεῖν

339 1971 432 2024 ἐπὶ
464 1971 562 2041 τῆς
588 1971 814 2041 ἀγορᾶς,
845 1969 939 2023 καὶ
960 1969 1030 2022 τά
1060 1970 1158 2040 μὲν
1190 1969 1398 2039 χρυσίῳ
1432 1965 1823 2035 καθυφασμένα
1855 1981 2013 2035 περι-

339 2057 576 2121 κεῖσθαι,
602 2057 671 2110 τά
701 2057 757 2109 δέ
785 2057 880 2109 καὶ
909 2055 1084 2118 ἄλλως
1109 2073 1226 2119 πως
1268 2053 1634 2114 πεποικίλθαι,
1662 2053 1753 2104 τὸν
1788 2053 1844 2103 δέ
1877 2051 2010 2122 Χρι-

341 2145 463 2198 στὸν
489 2145 748 2214 περιορᾷν
775 2141 997 2214 γυμνόν.
1024 2143 1116 2194 καὶ
1145 2141 1277 2210 μηδὲ
1308 2141 1405 2210 τῆς
1427 2141 1734 2207 ἀναγκαίας
1757 2139 2008 2208 εὐπορεῖν

335 2227 577 2301 τροφῆς;
610 2229 867 2282 Μάλιστα.
882 2230 989 2299 γάρ
1025 2245 1113 2300 μοι
1142 2227 1278 2298 πρὸς
1305 2228 1404 2291 τάς
1426 2230 1685 2296 γυναῖκας
1709 2219 1868 2290 οὗτος
1897 2227 1961 2279 ἀν
1981 2227 2008 2279 ὁ

336 2317 491 2386 λόγος
532 2317 808 2388 ἁρμόσειε.
854 2317 1080 2372 Πλείονα
1123 2316 1238 2386 γάρ
1270 2315 1401 2387 παρ’
1426 2316 1615 2377 αὐταῖς
1651 2314 1796 2368 ἐστιν
1829 2314 2008 2386 εύρεῖν

333 2407 433 2474 τὴν
463 2403 819 2474 φιλοκοσμίαν
847 2404 941 2457 καὶ
969 2403 1066 2474 τὴν
1098 2403 1357 2468 ἀσωτίαν,
1389 2404 1482 2454 καὶ
1511 2402 1570 2454 τὸ
1597 2400 1734 2472 μετά
1764 2401 1872 2455 τῶν
1895 2402 2010 2456 δια-

335 2492 552 2564 χρύσων
584 2492 813 2561 ἱματίων
845 2492 938 2545 καὶ
965 2491 1032 2544 τά
1059 2487 1265 2562 χρυσία
1283 2489 1420 2543 αὐτὰ
1451 2489 1794 2560 περικεῖσθαι
1823 2490 1914 2542 ἐπί
1945 2506 2004 2542 τε

333 2579 433 2650 τῆς
455 2577 717 2648 κεφαλῆς,
747 2578 837 2631 ἐπί
858 2595 916 2631 τε
938 2576 1034 2630 τοῦ
1060 2577 1328 2649 τραχήλου
1360 2576 1454 2630 καὶ
1475 2577 1567 2630 τοῦ
1597 2576 1783 2630 λοιποῦ
1815 2575 2004 2647 σώμα-

333 2682 448 2730 τος.
479 2667 572 2719 καὶ
598 2665 742 2736 μέγα
769 2669 987 2737 φρονεῖν
1016 2666 1108 2719 ἐπὶ
1131 2666 1360 2728 τούτοις.
1388 2665 1596 2730 Πόσων,
1623 2664 1743 2716 είπέ
1774 2681 1882 2734 μοι,
1917 2681 2006 2717 πε-

334 2753 509 2823 νήτων
528 2753 800 2825 γαστέρας
820 2753 1080 2823 ἡδύναντο
1101 2754 1621 2824 παραμυθήσασθαι,
1639 2752 1730 2804 καὶ
1749 2753 1888 2804 πόσα
1905 2751 2008 2804 σώ-

337 2856 482 2908 ματα
515 2840 967 2911 γυμνητευόντων
1005 2839 1280 2894 σκεπάσαι
1312 2841 1380 2894 τά
1407 2842 1496 2893 ἐπὶ
1522 2837 1628 2892 τῶν
1662 2837 1816 2891 ῶτων
1847 2839 2007 2908 μόνον

333 2927 727 2997 ἐκκρεμάμενα
756 2927 932 2997 μάτην
956 2927 1048 2980 καὶ
1065 2929 1211 2998 εικῆ,
1243 2927 1340 2980 καὶ
1359 2929 1444 2979 ἐπ’
1469 2926 1642 2980 οὐδενὶ
1664 2925 1862 2996 κέρδει,
1887 2926 2004 2979 ἀλλ’

334 3016 367 3085 ἡ
407 3017 568 3085 μόνον
593 3017 688 3068 ἐπὶ
715 3015 886 3088 βλάϐῃ
910 3017 1002 3070 καὶ
1033 3015 1180 3088 λύμῃ
1205 3016 1413 3087 ψυχῆς
1438 3016 1535 3068 Διά
1559 3013 1715 3068 τοῦτο
1740 3016 1832 3070 καὶ
1853 3016 1880 3068 6
1908 3016 2007 3084 τῆς

331 3101 658 3172 οἰκουμένης
681 3101 1000 3165 διδάσκαλος
1025 3101 1219 3165 εἰπὼν,
1242 3104 1532 3170 Ἔχοντες
1557 3100 1876 3168 διατροφὰς
1904 3100 2005 3156 καὶ

333 3188 753 3257 σκεπάσματα,
784 3190 1060 3259 μετήγαγε
1092 3189 1253 3242 πάλιν
1278 3189 1371 3241 ἐπὶ
1397 3188 1495 3252 τάς
1525 3191 1785 3255 γυναῖκας
1809 3187 1898 3240 τὸν
1922 3187 2007 3238 λό-

333 3291 450 3343 γον,
475 3275 567 3329 καί
601 3291 754 3345 φησι,
783 3274 878 3341 Μὴ
906 3275 975 3327 ἐν
1003 3275 1347 3344 πλέγμασιν
1384 3275 1420 3342 ἣ
1453 3273 1679 3343 χρυσῷ,
1713 3274 1750 3339 ἢ
1783 3289 2006 3342 μαργα-

329 3363 523 3430 ρίταις
555 3361 595 3430 ἢ
625 3360 917 3431 ἱματισμῷ
951 3360 1276 3416 πολυτελεῖ
1311 3362 1560 3430 κοσμεῖν
1595 3359 1831 3425 ἑαυτάς.
1865 3362 2004 3430 Ὅρα

332 3448 450 3513 πῶς
485 3450 544 3502 οὐ
579 3447 828 3518 βούλεται
852 3449 1062 3511 τούτοις
1093 3448 1433 3519 κοσμεῖσθαι,
1465 3448 1585 3501 οὐδὲ
1619 3447 1819 3518 χρυσία
1848 3463 2004 3517 περι.

333 3537 565 3601 κεῖσθαι,
594 3536 713 3590 οὐδὲ
742 3537 1088 3608 μαργαρίτας
1115 3537 1208 3590 καὶ
1238 3537 1427 3607 ίμάτια
1446 3533 1730 3603 πολυτελῆο
1755 3533 1890 3588 ἀλλά
1913 3533 2004 3587 τὸν

333 3628 510 3699 ἀληθῆ
534 3629 735 3698 κόσμον
765 3627 858 3680 ἐπὶ
887 3627 985 3696 τὴν
1018 3625 1196 3696 ψυχὴν
1232 3625 1508 3696 μετάγειν,
1538 3623 1631 3677 καὶ
1666 3623 1751 3677 διὰ
1773 3623 1869 3693 τῆς
1897 3623 2005 3675 τῶν

334 3714 552 3783 ἀγαθῶν
578 3713 752 3786 ἐργων
779 3713 1029 3785 πράξεως
1053 3714 1113 3766 τὸ
1134 3713 1328 3777 κάλλος
1350 3713 1446 3783 τῆς
1467 3711 1646 3783 ψυχῆς
1672 3711 2002 3781 φαιδρύνειν,

335 3807 430 3860 καὶ
465 3806 538 3877 μὴ
570 3806 698 3876 περὶ
717 3804 886 3858 ταῦτα
922 3803 1263 3875 ἐπτοημένην
1288 3803 1546 3874 περιορᾷν
1576 3801 1790 3872 ἐκείνην
1824 3799 2006 3872 ῥυπῶ-

337 3911 457 3956 ιταν,
479 3891 800 3963 αὐχμῶσαν,
821 3891 984 3960 ῥάκια
1010 3889 1302 3959 περιϐεϐλη
1312 3889 1498 3958 μένην,
1517 3887 1660 3958 λιμῷ
1676 3885 2003 3958 τηκομένην,

337 3979 441 4035 ὑπὸ
462 3980 555 4032 τοῦ
583 3976 796 4049 κρυμοῦ
830 3976 1200 4047 πηγνυμένην.
1243 3973 1305 4027 Ἦ
1326 3973 1434 4046 γάρ
1464 3971 1667 4043 σπουδὴ
1697 3971 1836 4042 αῦτη
1860 3971 1952 4027 καί
1978 3971 2007 4024 6

337 4067 466 4136 περὶ
498 4065 557 4118 τὸ
589 4065 746 4134 σῶμα
769 4062 1174 4132 καλλωπισμὸς,
1203 4061 1417 4132 ἐκείνης
1450 4059 1686 4113 δείκνυσι
1713 4057 1810 4128 τὴν
1839 4060 2005 4129 ἀμορ-

337 4153 487 4221 φίαν,
529 4151 622 4203 καὶ
668 4152 702 4221 ἡ
753 4149 941 4202 τούτου
985 4147 1167 4220 τρυφὴ
1205 4149 1419 4217 ἐκείνης
1452 4146 1542 4200 τὸν
1581 4145 1737 4216 λιμὸν
1777 4145 2007 4215 φανερὸν

335 4237 653 4308 καθίστησι,
682 4236 774 4290 καὶ
814 4237 847 4306 ἡ
897 4235 1024 4304 περὶ
1055 4235 1154 4306 τὴν
1191 4234 1395 4304 ἐσθῆτα
1443 4231 1758 4287 πολυτέλεια
1791 4232 2006 4301 ἐκείνης

332 4325 434 4397 τὴν
473 4325 790 4395 γυμνότητα
830 4321 1098 4391 ἐκφαίνει.
1139 4321 1282 4380 Οιῖιδέι
1305 4320 1412 4393 γάρ
1445 4315 1554 4373 οἷόν
1588 4321 1648 4374 τέ
1680 4337 1800 4372 τινα
1826 4317 2006 4388 ψυχῆς

336 4410 784 4481 ἐπιμελούμενον,
812 4409 906 4463 καὶ
936 4408 1032 4479 τὴν
1055 4407 1353 4478 εὐμορφίαν
1377 4406 1589 4477 ἐκείνης
1613 4407 1706 4461 καὶ
1729 4406 1790 4459 τὸ
1811 4405 2006 4470 κάλλος

336 4503 464 4572 περὶ
484 4498 678 4553 πολλοῦ
703 4499 1042 4565 ποιούμενον,
1066 4497 1201 4566 πρὸς
1224 4497 1314 4549 τὸν
1335 4494 1662 4564 ἐξωικόσμον
1687 4493 2000 4562 ἐπτοῆσθαι·

333 4587 525 4658 ῶσπερ
583 4587 743 4640 πάλιν
770 4584 1045 4638 ’ἀδύνατόν
1090 4599 1210 4636 τινα
1252 4581 1388 4652 πρὸς
1423 4580 1524 4652 τὴν
1565 4581 1864 4649 φαντασίαν
1907 4581 2007 4646 τὴν

335 4674 534 4739 ἔξωθεν
571 4671 926 4743 ἐσχολακότα,
957 4671 1053 4724 καὶ
1090 4670 1191 4739 τῆς
1219 4667 1447 4736 ἐσθῆτος
1479 4667 1570 4721 τὸν
1597 4665 2004 4735 καλλωπισμὸν,

334 4762 429 4816 καὶ
478 4761 569 4815 τὸν
617 4759 721 4814 ἀπὸ
757 4758 866 4812 τῶν
909 4757 1147 4828 χρυσίων
1191 4755 1416 4826 κόσμον,
1465 4755 1681 4824 ἐκείνης
1721 4753 2006 4823 ἡντιναοῦν

338 4847 608 4903 ποιεῖσθαι
633 4846 913 4918 φροντίδα.
945 4844 1084 4899 Πότε
1109 4843 1220 4912 γὰρ
1257 4842 1508 4908 ἀνέξεται·
1539 4845 1574 4914 ἡ
1606 4841 1829 4910 τοιαύτη
1859 4841 2004 4914 ψυχὴ

335 4936 445 4989 τῶν
489 4934 717 4988 δεόντων
759 4950 818 4986 τι
867 4932 1127 4998 συνιδεῖν,
1165 4930 1198 5001 ἦ
1249 4932 1329 4993 είς
1369 4930 1578 4984 ιννοιαν
1618 4930 2006 4999 πνευματικῶν

336 5021 678 5095 πραγμάτων
712 5019 992 5083 είσελθεῐν,
1025 5019 1170 5085 ἀπαξ
1195 5019 1322 5088 περὶ
1347 5019 1416 5072 τά
1439 5019 1599 5086 γὴῐνα
1630 5017 1826 5088 ἑαυτὴν
1855 5017 2007 5070 ἐκδεο

333 5111 559 5173 δωκυῖα,
592 5110 688 5163 καὶ
716 5109 913 5180 χαμαὶ,
958 5107 1034 5172 ὡς
1068 5109 1262 5171 είπεέν,
1301 5104 1596 5178 συρομένη,
1625 5107 1718 5160 καὶ
1747 5105 2004 5160 οὐδέποτε

335 5195 668 5252 ἀναπνεῦσαι
704 5195 997 5265 δυναμένη,
1040 5192 1177 5247 ἀλλά
1214 5194 1606 5262 συγκεκυφυῖα,
1651 5189 1743 5245 καὶ
1791 5191 2005 5263 μυρίοις

335 5284 576 5356 φορτίοις
623 5281 1035 5354 ἁμαρτημάτων
1080 5279 1274 5351 ἐαυτὴν
1315 5278 1620 5352 βαρύνουσα
1644 5296 1658 5343 ;
1686 5279 1849 5332 Ὅσαι
1893 5279 2003 5352 γάρ

337 5370 585 5425 ἐντεῦθεν
621 5372 677 5423 αἱ
701 5369 884 5439 ἀηδίαι
920 5369 1225 5431 τίκτονται,’
1249 5368 1315 5419 ού
1337 5367 1559 5421 δυνατὸν
1593 5366 1686 5420 νῦν
1717 5367 2002 5437 παραστῆ-

339 5473 429 5509 σαι
453 5455 529 5526 τῴ
560 5457 725 5526 λόγῳ·
758 5452 876 5508 ἀλλ’
911 5456 1073 5525 ἀρκεῖ
1117 5452 1198 5524 τῷ
1246 5453 1503 5506 συνειδότι
1546 5452 1860 5506 καταλιπεῖν
1894 5453 2008 5505 τῶν

335 5543 465 5614 περὶ
500 5542 676 5596 ταῦτα
721 5539 1118 5612 ἐσχολακότων,
1161 5541 1292 5602 ὅσας
1338 5538 1460 5592 καθ’
1501 5539 1738 5608 ἑκάστην
1791 5541 2002 5612 ἡμέραν

333 5628 582 5684 ἐντεῦθεν
611 5628 851 5698 δέχονται
883 5627 981 5690 τάς
1021 5626 1276 5697 ἀθυμίας.
1318 5627 1387 5678 Ἦ
1422 5624 1528 5695 γάρ
1556 5626 1770 5679 διέπεσέ
1810 5644 1863 5680 τι
1895 5628 2002 5680 τῶν

334 5717 590 5787 χρυσίων,
626 5715 719 5769 καὶ
749 5715 911 5777 πολὺς
946 5715 976 5766 6
1015 5713 1220 5785 χειμὼν
1256 5714 1353 5766 καὶ
1386 5715 1413 5767 6
1449 5713 1675 5785 θόρυϐος
1704 5714 2002 5769 κατέλαϐεν

334 5809 548 5862 ἃπασαν
573 5805 670 5873 τὴν
695 5802 888 5857 οἰκίαν·
912 5802 946 5873 ἡ
977 5801 1190 5873 οἰκέτης
1213 5799 1479 5870 ὑφείλετο,
1507 5802 1600 5855 καὶ¹
1633 5803 1765 5855 πᾶσι
1804 5803 1996 5872 μάστι-

391 5898 424 5928 ε
443 5889 594 5940 Sull.
626 5897 674 5939 el
705 5902 791 5938 sex
816 5902 930 5937 mss.
960 5889 1132 5938 διδόναι
1153 5889 1209 5937 τὸ
1233 5888 1416 5951 μέτρον.
1442 5888 1614 5942 lorel.
1639 5896 1692 5940 et
1711 5890 1795 5941 alii
1819 5891 1998 5942 διδόναι

353 5957 560 6017 trum»;
583 5957 636 6002 ει
671 5952 741 6002 sic
764 5953 955 6015 legerat
980 5949 1243 6012 interpres
1273 5949 1492 6002 ιειίιιυε.

1162 376 1218 433 S.
1258 369 1541 432 JOANNIS
1579 361 2072 428 CHRYSOSTOHI
2111 362 2428 422 ARCHIEP.
2473 366 3016 426 CONSTANTINOP.

3687 375 3794 432 350

2131 499 2226 552 γες
2264 488 2356 540 καὶ
2393 485 2602 560 πληγαὶ
2644 487 2738 540 καὶ
2764 487 3130 558 δεσμωτήριον
3169 487 3202 557 ἢ
3239 487 3496 558 βάσκανοι
3525 507 3666 554 τινες
3696 494 3800 544 ἐπ-

2124 572 2474 636 εϐούλευσαν,
2528 573 2623 627 καὶ
2672 573 2928 644 ἐξαίφνης
2967 572 3291 643 ἐγύμνωσαν
3330 575 3440 628 τῶν
3470 576 3661 639 όντων,
3707 578 3804 632 καὶ

2123 660 2274 715 πολλί
2282 680 2292 730 ι
2331 660 2426 714 καὶ
2446 660 2715 731 ἀφόρητος
2735 663 2768 730 ἡ
2793 660 3021 731 ἀθυμία·
3046 662 3078 732 ἡ
3108 663 3448 733 πραγμάτων
3478 664 3803 734 περίστασις

2123 747 2440 816 ἐμπεσοῦσα
2474 750 2552 812 είς
2586 748 2818 816 ἐσχάτην
2859 748 3049 801 πενίαν
3083 750 3410 819 κατήνεγκε,
3439 750 3536 803 καὶ
3563 751 3799 821 βαρυτέ·

2124 853 2224 906 ραν
2259 835 2488 891 θανάτου
2531 838 2631 907 τὴν
2665 836 2808 908 ζωὴν
2851 836 3033 901 αὐτοῖς
3071 839 3426 910 κατέστησεν·
3455 839 3490 910 ἡ
3527 839 3718 910 ἐτερόν
3749 857 3801 893 τι

2121 925 2282 979 πάλιν
2313 925 2463 998 [58Ξ]
2491 925 2847 998 παρεμπεσὸν
2877 925 3078 995 πολλὴν
3103 924 3203 997 τὴν
3228 927 3422 996 ἀηδίαν
3443 926 3798 998 προεξένησε.

2119 1013 2230 1068 Καὶ
2264 1015 2448 1078 ἁπλῶς
2472 1015 2571 1069 οὐκ
2609 1016 2722 1068 ἐστι
2764 1015 2892 1068 ποτέ
2923 1013 3168 1086 ταραχῆς
3199 1015 3354 1078 ἐκτὸς
3388 1017 3568 1086 εὑρεῖν
3605 1017 3708 1087 τὴν
3741 1017 3800 1069 ἐν

2116 1099 2325 1163 τούτοις
2346 1101 2696 1170 ἐσχολακυῖαν
2714 1100 2918 1172 ψυχὴν,
2942 1099 3056 1156 ἀλλ’
3077 1100 3269 1172 ὥσπερ
3299 1101 3366 1154 τά
3393 1101 3496 1170 τῆς
3524 1101 3799 1170 θαλάττης

2117 1186 2338 1258 κύματα
2365 1189 2463 1258 οὐχ
2488 1183 2598 1242 οἶόν
2629 1206 2686 1242 τε
2714 1189 3005 1252 ἐπιλιπεῖν,
3029 1189 3148 1242 ούδέ
3175 1187 3391 1260 ἀριθμῷ
3415 1188 3798 1260 ὑποϐληθῆναι

2115 1273 2204 1328 διὰ
2224 1273 2319 1345 τὴν
2354 1274 2552 1346 πολλὴν
2581 1275 2883 1346 συνέχειαν’
2918 1275 3010 1328 τὸν
3042 1275 3206 1328 αὑτὸν
3235 1275 3300 1346 δὴ
3337 1275 3540 1346 τρόπον
3573 1277 3669 1328 καὶ
3693 1276 3794 1337 τὰς

2115 1361 2360 1417 ἐντεῦθεν
2395 1363 2716 1432 τικτομένας
2753 1361 2996 1434 ταραχάς
3032 1363 3130 1433 οὐχ
3167 1356 3280 1415 οἷόν
3310 1380 3368 1415 τε
3400 1363 3579 1426 πάσας
3607 1361 3794 1434 ἐξαριο

2116 1447 2448 1518 θμήσασθαι.
2507 1448 2597 1503 Διὸ
2656 1448 2980 1520 παρακαλῶ,
3024 1450 3317 1518 φεύγωμεν
3359 1449 3416 1502 ἐν
3463 1448 3637 1502 ἅπασι
3683 1451 3798 1512 τοῖς

2114 1538 2402 1607 πράγμασι
2433 1538 2531 1610 τὴν
2571 1537 2901 1602 πλεονεξίαν,
2939 1539 3032 1591 καὶ
3077 1538 3138 1590 τὸ
3165 1538 3264 1609 τὴν
3297 1538 3484 1608 χρείαν
3529 1537 3799 1608 ὑπερϐαί-

2113 1640 2244 1677 νειν.
2278 1624 2335 1676 Ὅ
2362 1625 2470 1695 γάρ
2497 1624 2706 1696 ἀληθὴς
2734 1625 2986 1688 πλοῦτος,
3012 1627 3047 1696 ἡ
3075 1625 3350 1688 ἀνάλωτος
3375 1624 3668 1696 περιουσία
3697 1624 3797 1676 αὖ-

2110 1727 2179 1781 τη
2217 1713 2493 1782 τυγχάνει,
2526 1712 2588 1765 τὸ
2621 1714 2716 1782 τῆς
2746 1712 2932 1784 χρείας
2971 1712 3242 1781 ἐφίεσθαι,
3281 1713 3376 1765 καὶ
3413 1713 3478 1765 τὰ
3523 1711 3665 1782 ύπέρ
3696 1711 3796 1782 τὴν

2111 1798 2297 1868 χρείαν
2326 1799 2552 1861 δεόντως
2577 1799 2899 1853 διατιθέναι.
2945 1801 3004 1852 ’0
3037 1799 3146 1869 γὰρ
3170 1798 3408 1861 τοιοῦτος
3440 1797 3566 1852 οὗτε
3600 1798 3799 1850 πενίαν

2109 1885 2279 1938 δεῖσαί
2300 1901 2428 1939 ποτε
2451 1885 2761 1956 δυνήσεται,
2783 1884 2908 1940 οὕτε
2939 1885 3206 1956 ἐπήρειαν
3231 1885 3516 1955 ὑπομενεῖ,
3549 1884 3676 1936 οῦτε
3700 1901 3798 1937 τα-

2113 1975 2285 2042 ραχῆς
2312 1973 2724 2044 πειραθήσεται*
2761 1972 2899 2026 ἀλλά
2923 1972 3017 2028 καὶ
3049 1971 3412 2042 συκοφαντίας
3439 1972 3596 2035 ἐκτὸς
3617 1971 3799 2036 ἔσται,

2111 2059 2207 2112 καὶ
2245 2059 2354 2112 τῶν
2395 2059 2854 2120 ἐπιϐουλευόντων
2907 2058 3425 2130 ἐλευθερωθήσεται,
3461 2059 3560 2112 καὶ
3604 2058 3799 2121 ἁπλῶς

2110 2146 2303 2209 είπεῖν,
2334 2148 2392 2198 ἐν
2413 2147 2653 2217 διηνεκεῖ
2682 2146 2832 2200 ἔσται
2865 2146 3096 2217 γαλήνῃ,
3128 2147 3359 2216 ἡσυχίας
3381 2147 3477 2199 καὶ
3499 2148 3798 2216 ἀπραγμο-

2111 2232 2276 2303 σύνης
2314 2233 2619 2287 ἀπολαύωνο
2660 2233 2760 2286 καὶ
2783 2233 2844 2287 τὸ
2871 2233 2936 2302 δὴ
2974 2233 3158 2304 μεῖζον
3189 2232 3448 2287 ἀπάντων
3486 2233 3580 2286 καὶ
3606 2233 3669 2285 τὸ
3697 2248 3796 2284 xz-

2110 2321 2337 2388 φάλαιον
2355 2320 2464 2373 τῶν
2485 2319 2726 2388 ἀγαθῶν,
2757 2322 2787 2374 6
2815 2320 3054 2384 τοιοῦτος
3082 2320 3176 2374 καὶ
3202 2319 3291 2374 τὸν
3312 2320 3446 2376 Θεὸν
3471 2320 3631 2374 ῖλεων
3656 2320 3792 2385 ἐξεε,

2109 2407 2203 2459 καὶ
2227 2407 2426 2476 πολλῆς
2454 2406 2755 2460 ἀπολαύσει
2773 2407 2874 2476 τῆς
2904 2407 3110 2460 ἀνωθεν
3138 2406 3330 2478 ῥοπῆς,
3359 2407 3455 2461 ἀτε
3488 2407 3553 2478 δη
3585 2408 3796 2459 οίκονό-

2112 2512 2210 2564 μος
2229 2495 2416 2558 πιστὸς
2435 2495 2543 2548 τῶν
2563 2495 2658 2550 τοῦ
2690 2493 2958 2551 Δεσπότου
2982 2497 3299 2567 χρημάτων.
3331 2495 3636 2564 Μακάριος
3657 2497 3792 2566 γάρ,

2109 2583 2291 2649 φησὶν,
2329 2584 2362 2635 ὀ
2409 2581 2632 2649 δοῦλος
2666 2583 2914 2651 ἐκεῖνος,
2947 2584 3020 2637 ὃν
3057 2581 3250 2638 ἐλθὼν
3294 2584 3328 2636 ὁ
3357 2583 3562 2649 κύριος
3599 2581 3798 2636 αὐτοῦ

2106 2664 2350 2734 εὑρήσει
2399 2663 2554 2719 οὕτω
2603 2665 2910 2732 ποιοῦντα,
2957 2665 3098 2720 οὕτω
3150 2665 3472 2735 διανέμοντα
3513 2666 3627 2729 τοῖς
3664 2683 3794 2717 συν-

2106 2749 2329 2814 δούλοις,
2362 2754 2454 2805 καὶ
2488 2754 2566 2824 μὴ
2605 2754 2796 2825 θύραις
2831 2754 2922 2807 καί
2962 2753 3177 2824 μοχλοῖς
3215 2750 3655 2814 ἐναποκλείοντα,
3692 2751 3792 2806 καὶ

2106 2837 2217 2899 τοῖς
2263 2838 2498 2910 σκῶληξι
2548 2840 2751 2912 τροφὴν
2787 2839 3173 2910 συγχωροῦντα
3210 2838 3474 2907 γίνεσθαι,
3510 2838 3648 2892 ἀλλά
3678 2838 3794 2892 τῶν

2108 2923 2355 2994 πενήτων
2379 2926 2473 2995 τὴν
2498 2926 2702 2980 ἔνδειαν
2725 2925 3235 2996 παραμυθούμενον,
3263 2925 3358 2978 καὶ
3381 2925 3544 2979 καλὸν
3577 2927 3672 2979 καὶ
3705 2944 3790 2980 πι-

2109 3013 2232 3065 στὸν
2263 3014 2541 3084 οἰκονόμον
2573 3015 2852 3083 γινόμενον
2884 3013 2991 3065 τῶν
3027 3012 3176 3083 παρά
3204 3013 3296 3066 τοῦ
3322 3012 3592 3066 Δεσπότου
3621 3031 3791 3084 χορηο

2105 3099 2400 3171 γηθέντων,
2423 3103 2510 3156 ἴνα
2534 3102 2628 3156 καὶ
2656 3101 2755 3172 τῆς
2784 3101 2955 3171 καλῆς
2975 3100 3176 3172 ταύτης
3201 3098 3462 3171 διανομῆς
3498 3099 3672 3170 μέγαν
3695 3100 3787 3153 τὸν

2111 3188 2298 3257 μισθὸν
2335 3189 2646 3260 κομίσηται,
2681 3189 2774 3243 καὶ
2807 3189 2912 3242 τῶν
2946 3187 3374 3259 ἐπηγγελμένων
3404 3185 3627 3255 ἀγαθῶν
3663 3188 3786 3240 ἐπι-

2106 3277 2287 3344 τυχεῖν
2320 3274 2652 3345 καταξιωθῇ.
2683 3274 2863 3345 χάριτι
2898 3275 2991 3329 καῖ
3030 3274 3411 3346 φιλανθρωπίᾳ
3441 3273 3536 3328 τοῦ
3575 3275 3788 3345 Κυρίου

2105 3361 2264 3430 ἡμῶν
2298 3360 2469 3430 Ἰησοῦ
2509 3359 2762 3432 Χριστοῦ,
2794 3360 2913 3431 μεθ’
2951 3355 3011 3415 οὗ
3037 3361 3114 3432 τῷ
3143 3362 3342 3434 Πατρὶ,
3385 3361 3501 3433 ἅμα
3534 3357 3614 3432 τῷ
3644 3361 3790 3431 ἁγίῳ

2108 3444 2404 3515 Πνεύματι,
2432 3447 2579 3512 δόξα,
2608 3449 2830 3518 κράτος,
2855 3447 3012 3518 τιμὴ,
3042 3447 3136 3502 νῦν
3167 3448 3269 3502 καὶ
3289 3449 3398 3515 ἀεὶ,
3430 3447 3524 3502 καὶ
3551 3448 3631 3514 είς
3658 3448 3790 3513 τοὺς

2106 3533 2304 3595 αίῶνας
2338 3532 2446 3586 τῶν
2479 3533 2709 3588 αίώνων.
2747 3534 2938 3605 Ἀμήν.

2106 3744 2267 3814 Σὰρα
2304 3745 2391 3819 δὲ,
2412 3746 2468 3819 -ἠ
2692 3748 2931 3817 Ἀϐραμ,
2973 3750 3084 3803 οὐκ
3128 3749 3360 3819 ἔτικτεν
3393 3745 3574 3819 αὐτῷ·
3605 3745 3685 3819 ἧι·
3717 3749 3789 3804 δέ

2283 3815 2437 3882 αὐτῇ
2464 3813 2755 3884 παιδίσκη
2773 3813 3082 3887 Αἰγυπτία,
3115 3814 3154 3889 ᾖ
3183 3818 3371 3887 ὄνομα
3398 3813 3604 3888 Ἅγαρ.

2177 3909 2247 3957 α’.
2271 3902 2438 3956 Πάλιν
2463 3903 2532 3956 τὰ
2563 3904 2801 3975 σήμερον
2831 3905 3246 3974 ἀναγνωσθέντα
3279 3905 3375 3960 ἐπὶ
3405 3907 3503 3977 τὴν
3527 3907 3793 3961 ὑπόθεσιν

2105 3989 2205 4057 τὴν
2235 3984 2374 4039 κατά
2400 3985 2491 4037 τὸν
2517 3987 2862 4057 πατριάρχην
2891 3986 2987 4058 τήν
3018 3987 3294 4058 ἡμετέραν
3325 3987 3480 4041 καλεῖ
3511 3988 3785 4055 γλῶτταν·

2108 4067 2201 4120 καὶ
2224 4065 2296 4136 μὴ
2320 4065 2634 4138 θαυμάσητε
2663 4071 2710 4121 εί
2733 4069 2824 4120 ἐπὶ
2848 4069 3140 4132 τοσαύταις
3163 4069 3395 4139 ἡμέραις
3418 4069 3517 4139 τὴν
3543 4070 3667 4122 κατ’
3689 4062 3786 4121 αύο

2106 4147 2197 4202 τὸν
2232 4149 2471 4217 ἱστορίαν
2504 4151 2583 4214 είς
2607 4150 2767 4220 μέσον
2798 4151 3232 4221 παραγαγόντες,
3256 4149 3469 4205 οὐδέπω
3494 4152 3589 4204 καὶ
3612 4153 3786 4221 τήμε-

2111 4249 2201 4303 ρον
2242 4234 2409 4305 αὒτὴν
2451 4233 2746 4303 ἀπαρτίσαι
2789 4233 3144 4304 δεδυνήμεθα.
3178 4233 3353 4303 Πολλὴ
3402 4232 3518 4305 γάρ
3550 4235 3584 4304 ἡ
3626 4251 3787 4304 περι-

2107 4316 2262 4368 ουσία
2297 4313 2397 4385 τῆς
2425 4313 2517 4367 τοῦ
2547 4315 2755 4367 δικαίου
2793 4314 2993 4385 ἀρετῆς
3014 4355 3028 4378 ,
3060 4315 3155 4368 καὶ
3199 4313 3308 4367 τῶν
3339 4314 3530 4367 τούτου
3578 4333 3783 4386 κατορ-

2107 4395 2374 4469 θωμάτων
2401 4397 2460 4450 τὸ
2491 4395 2719 4466 μέγεθος
2740 4397 2958 4450 ἀπασαν
2985 4395 3330 4467 ἀνθρωπίνην
3351 4397 3474 4467 νικᾷ
3507 4397 3780 4465 γλῶτταν.

2113 4480 2210 4531 ’ον
2239 4477 2346 4548 γάρ
2376 4479 2405 4530 ό
2439 4477 2571 4540 Θεὸς
2604 4476 2807 4530 ἀνωθεν
2834 4477 3176 4546 ἐστεφάνωσε
3213 4478 3308 4530 καὶ
3337 4478 3662 4550 ἀνεκήρυξε,
3699 4480 3786 4543 τίς

2105 4557 2410 4627 ἀνθρώπων
2444 4560 2565 4611 κατ’
2600 4559 2756 4624 ἀξίαν
2783 4559 3067 4612 ἐπαινέσαι
3098 4558 3385 4628 δυνήσεται
3409 4559 3580 4624 ;⁹Αλλ“
3606 4561 3780 4630 ὅμως,

2107 4639 2155 4689 εί
2194 4639 2288 4692 καὶ
2321 4641 2418 4710 τῆς
2451 4640 2608 4703 ἀξίας
2649 4639 2828 4710 πολλῷ
2868 4640 2945 4709 τῷ
2972 4639 3156 4711 μέτρῳ
3200 4640 3630 4710 ἀπολειπόμεθα,
3665 4644 3782 4696 ἀλλ’

2106 4717 2201 4775 οὖν
2239 4739 2302 4790 γε
2354 4725 2433 4786 είς
2469 4722 2698 4791 δύναμιν
2745 4723 3023 4792 ἡμετέραν
3051 4721 3119 4776 τά
3150 4722 3273 4775 κατ’
3311 4723 3472 4776 αὐτὸν
3501 4726 3580 4787 είς
3618 4723 3786 4794 μέσον

2106 4804 2431 4876 προθέντες,
2478 4807 2558 4868 εἰς
2607 4803 2766 4874 ζῆλον
2816 4805 2961 4874 ὑμᾶς
3021 4805 3113 4858 καὶ
3165 4805 3400 4877 μίμησιν
3443 4809 3541 4877 τῆς
3587 4807 3782 4860 τούτου

2105 4887 2304 4960 ἀρετῆς
2341 4891 2628 4957 ἐναγαγεῖν
2665 4887 2984 4958 βουλόμεθα.
3025 4887 3207 4958 Ἰκανὴ
3246 4888 3356 4959 γὰρ
3401 4887 3494 4942 τοῦ
3525 4890 3781 4962 ἀνδρὸςὴ

2105 4971 2389 5040 φιλοσοφία
2433 4972 2613 5023 πᾶσαν
2642 4969 2750 5021 τῶν
2783 4967 3088 5039 ἀνθρώπων
3119 4968 3406 5023 παιδεῦσαι
3455 4969 3559 5044 τὴν
3595 4973 3779 5040 φύσιν,

2104 5053 2197 5104 καὶ
2242 5053 2370 5116 τοὺς
2406 5051 2696 5122 προσέχειν
2727 5050 3084 5121 βουλομένους
3125 5051 3258 5122 πρὸς
3308 5053 3407 5124 τὴν
3438 5055 3537 5124 τῆς
3577 5055 3780 5127 ἀρετῆς

2104 5133 2220 5186 ὁδὸν
2265 5133 2686 5203 ἐφελκύσασθαι.
2743 5133 2904 5189 Ἀλλά
2951 5134 3269 5205 προσέχετε,
3299 5137 3625 5206 παρακαλῶ,
3667 5139 3781 5203 τοῖς

2103 5215 2446 5288 λεγομένοις,
2480 5217 2565 5272 ἵνα
2590 5219 2682 5270 καὶ
2715 5219 2780 5271 ἐκ
2827 5219 2934 5272 τῶν
2979 5218 3310 5290 προσφάτως
3349 5217 3778 5290 ἀνεγνωσμένων

2106 5302 2513 5372 καταμάθωμεν
2550 5301 2644 5355 τοῦ
2677 5302 2885 5356 δικαίου
2911 5301 3012 5374 τὴν
3054 5299 3398 5370 φιλοσοφίαν.
3431 5303 3638 5358 Ἱκανὸν
3667 5306 3777 5374 γάρ

2105 5383 2262 5438 τοῦτο
2297 5384 2358 5438 τὸ
2399 5385 2603 5456 χωρίον
2647 5383 2933 5438 παιδεῦσαι
2975 5385 3068 5437 καὶ
3113 5383 3308 5455 ἀνδρας
3364 5386 3454 5438 καῖ
3489 5390 3774 5453 γυναῖκας.

2105 5467 2244 5521 ὥστε
2297 5467 2495 5539 πολλὴν
2543 5469 2671 5538 περὶ
2710 5466 2859 5540 [585]
2907 5466 3169 5538 ἀλλήλους
3222 5466 3626 5522 ἐπιδείκνυσθαι
3676 5472 3774 5540 τὴν

2105 5550 2378 5619 ὁμόνοιαν,
2407 5552 2501 5604 καὶ
2533 5549 2634 5620 τῆς
2663 5550 2921 5618 συζυγίας
2966 5549 3058 5602 τὸν
3092 5550 3387 5621 σύνδεσμον
3417 5552 3631 5624 ἀρραγῆ
3659 5555 3772 5606 δια-

2106 5633 2393 5701 φυλάττειν
2413 5652 2424 5663 ·
2463 5635 2556 5687 καὶ
2585 5637 2723 5704 μήτε
2757 5634 2848 5687 τὸν
2876 5633 3046 5705 ἀνδρα
3075 5635 3175 5703 τῆς
3205 5635 3461 5704 γυναικὸς
3507 5637 3768 5700 xangu-

2109 5716 2379 5781 ίστασθαι,
2403 5717 2516 5770 ἀλλ’
2539 5717 2615 5779 ὡς
2647 5715 3020 5789 ἀσθενεστέρῳ
3040 5718 3221 5771 σκεύει
3251 5718 3452 5789 πολλὴν
3479 5720 3773 5788 ἀπονέμειν

2107 5799 2206 5871 τὴν
2254 5797 2615 5869 συγγνώμην·
2667 5800 2802 5870 μήτε
2849 5801 2947 5870 τὴν
2994 5803 3228 5868 γυναῖκα
3279 5800 3415 5870 πρὸς
3465 5800 3558 5854 τὸν
3611 5802 3774 5872 ἀνδρα

2105 5883 2154 5936 δι
2160 5883 2458 5952 χοστατεῖν,
2487 5881 2603 5934 ἀλλ’
2635 5879 2878 5953 ἀλλήλων
2901 5883 2970 5936 τά
3002 5882 3142 5953 βάρη
3173 5881 3460 5952 βαστάζειν
3491 5883 3774 5952 ἑκατέροις

2106 5962 2507 6034 διαμιλλᾶσθαι,
2535 5963 2632 6021 καὶ
2653 5963 2751 6036 τὴν
2788 5965 2994 6019 οίκείαν
3027 5966 3248 6037 εἰρήνην
3276 5964 3493 6018 πάντων
3521 5962 3771 6036 ἡγεῖςΊει
