4058 6388
441 420 546 478 ΒᾉΘ

442 533 655 603 pideum
685 547 778 588 cor
804 531 1084 593 haberent,
1115 536 1165 583 et
1190 541 1295 580 non
1326 527 1567 596 ejusdem
1601 535 1804 580 natura:
1830 537 2033 590 essent,

445 623 513 677 ita
551 640 609 678 se
642 632 828 693 putant
857 622 926 675 ob
968 621 1199 675 vestium
1233 619 1435 673 cultum
1466 620 1625 672 etiam
1656 618 1772 671 aliis
1804 617 2037 672 homini-

445 713 542 768 bus
577 712 885 781 superiores
912 725 1054 773 esse,
1082 724 1188 764 non
1222 709 1619 779 perpendentes
1656 722 1839 763 secum
1870 722 2038 779 quan-

436 803 512 856 tis
534 804 684 857 malis
709 802 914 870 seipsos
939 800 1198 855 obnoxios
1215 801 1465 867 reddant,
1487 802 1575 869 qui
1604 798 1910 853 concredita
1934 800 2034 855 sibi

441 908 470 949 a
503 894 728 948 Domino
757 893 895 948 male
930 893 1264 962 dispensent,
1294 902 1348 947 et
1382 892 1559 945 nolint
1601 892 1876 947 conservis
1916 906 2035 960 paro

441 995 547 1041 tem
574 985 873 1040 concedere
905 1002 918 1038 :
948 985 1041 1040 sed
1070 986 1246 1055 putius
1270 1000 1299 1039 a
1331 984 1601 1039 vermibus
1628 984 1869 1037 consumi
1913 999 2034 1052 per-

436 1077 739 1143 mittentes,
767 1076 1069 1145 graviorem
1090 1076 1353 1146 gchennze
1376 1075 1551 1143 ignem
1574 1074 1684 1143 jam
1705 1074 1804 1128 sibi
1830 1089 2033 1144 praepa-

441 1167 607 1222 rent?
647 1167 780 1222 Nam
825 1168 870 1223 si
920 1168 1098 1223 omnia
1148 1181 1268 1237 quae
1321 1167 1462 1220 intus
1511 1167 1742 1235 reposita
1794 1165 2027 1234 habent,

440 1259 800 1329 indigentibus
827 1259 1018 1314 divites
1059 1260 1459 1325 distribuerent,
1491 1274 1664 1328 neque
1708 1259 1787 1313 sic
1832 1260 2033 1328 suppli-

430 1350 576 1403 cium
612 1348 909 1419 effugerent
947 1364 1133 1405 eorum
1176 1360 1515 1419 peccatorum
1559 1365 1681 1418 qua:
1728 1348 1780 1402 in
1821 1349 2029 1404 deliciis

438 1442 666 1494 vestium
692 1449 746 1495 et
770 1442 1136 1495 conviviorum
1164 1441 1467 1496 admittunt.
1497 1441 1615 1509 Quo
1640 1442 1785 1496 enim
1822 1443 2027 1512 suppli-

430 1531 520 1585 cio
549 1544 654 1585 non
686 1540 809 1585 sunt
838 1532 1003 1601 digni,
1033 1532 1120 1601 qui
1151 1532 1322 1586 modis
1348 1532 1595 1586 omnibus
1626 1532 1755 1585 dant
1782 1546 2023 1601 operam,

430 1631 495 1674 ut
518 1621 703 1675 sericis
730 1632 785 1675 et
812 1636 964 1687 auro,
993 1622 1078 1675 vel
1101 1622 1253 1676 aliter
1279 1622 1434 1690 pictis
1463 1622 1698 1676 vestibus
1726 1622 2027 1677 intertmtis

430 1711 743 1775 induantur,
767 1720 819 1766 et
858 1721 979 1781 post
1007 1726 1066 1767 se
1092 1725 1338 1780 pompam
1367 1712 1577 1765 trahant
1617 1712 1669 1765 in
1698 1712 1813 1765 loro
1842 1712 2027 1766 :Chri-

434 1811 577 1856 stum
602 1811 777 1857 autem
806 1801 1106 1871 despicth
1124 1802 1415 1866 nudum,et
1439 1817 1609 1871 neque
1632 1802 1810 1857 cibum
1840 1818 2027 1857 neces-

428 1894 630 1948 sarium
654 1893 1069 1963 impetrautcm?
1091 1893 1318 1967 Maxime
1332 1903 1509 1949 autem
1525 1908 1708 1950 sermo
1726 1896 1827 1951 iste
1846 1896 2024 1951 adver-

428 1998 521 2039 sus
547 1986 796 2039 mulieres
826 1986 1156 2055 congruerit.
1191 1986 1445 2054 Majorem
1477 1987 1620 2041 enim
1651 1989 1788 2057 apud
1821 2004 1911 2043 eas
1943 1990 2023 2043 in-

430 2078 670 2131 venimus
699 2085 918 2130 ornatus
941 2076 1283 2145 cupiditatem
1311 2086 1364 2132 et
1390 2078 1875 2147 intemperantiam,
1900 2097 2021 2136 cum

428 2167 625 2220 auratis
652 2166 886 2221 vestibus
916 2175 970 2222 et
1013 2182 1145 2221 auro
1178 2168 1227 2221 in
1263 2168 1456 2238 capite,
1488 2170 1538 2222 in
1571 2170 1712 2224 collo
1742 2180 1794 2225 et
1824 2174 1875 2226 in
1904 2173 2022 2229 aliis

420 2256 668 2324 corporis
697 2256 931 2325 partibus
961 2266 1243 2323 emuntur,
1278 2268 1330 2313 et
1371 2259 1423 2312 in
1466 2260 1549 2314 bis
1588 2275 1802 2330 quoque
1834 2277 2024 2333 super-

427 2348 597 2403 biunt.
621 2347 763 2416 Quot
792 2364 1087 2419 pauperum
1112 2360 1327 2405 ventres
1357 2359 1603 2422 poterant
1633 2352 1755 2407 inde
1775 2354 1943 2422 pasci,
1967 2364 2020 2408 et

422 2451 555 2510 quot
582 2455 805 2511 corpora
836 2440 980 2496 nude
1002 2443 1270 2512 agentium
1297 2452 1541 2512 poterant
1562 2459 1627 2497 ex
1654 2444 1716 2497 iis
1737 2446 1867 2499 solis
1884 2460 2020 2500 con-

424 2531 552 2600 tegi,
578 2546 694 2601 quae
740 2532 810 2587 ab
851 2533 1087 2601 ipsarum
1126 2534 1343 2588 auribus
1370 2534 1624 2603 pendent,
1666 2535 1862 2590 nullius
1888 2538 2021 2593 alte-

424 2621 534 2674 rius
562 2636 688 2674 usus
727 2622 915 2692 gratia,
958 2639 1114 2692 quam
1143 2625 1198 2677 in
1231 2624 1484 2678 damnum
1531 2634 1585 2679 et
1636 2638 2016 2684 nocumcntum

422 2712 653 2766 animm?
698 2712 925 2782 Propter
978 2716 1079 2768 hoc
1132 2716 1327 2769 doctor
1364 2715 1508 2769 orbis
1546 2732 1672 2770 cum
1725 2717 1950 2775 dixisset
1998 2738 2013 2774 :

423 2802 679 2857 Habentes
709 2805 895 2859 victum
937 2815 984 2858 et
1030 2805 1269 2859 amictum
1318 2808 1395 2877 (l.
1442 2806 1575 2861 Tim.
1620 2808 1673 2863 6.
1717 2808 1771 2879 8)
1808 2828 1821 2862 :
1856 2813 2017 2868 vertit

417 2907 632 2947 rursum
657 2893 723 2947 ad
752 2895 1001 2949 mulieres
1025 2911 1350 2962 sermonem,
1380 2906 1434 2951 et
1467 2897 1594 2951 dicit
1638 2915 1650 2950 :
1680 2898 1800 2952 Non
1832 2901 1883 2953 in
1914 2912 2018 2955 tor-

419 2983 484 3034 tis
508 2983 729 3036 crinibus
745 2985 823 3038 vel
841 2986 894 3037 in
910 3002 1053 3049 auro,
1080 2987 1157 3039 vel
1171 2990 1460 3058 margaritis
1476 2990 1552 3042 vel
1573 3000 1703 3044 veste
1717 3001 2015 3059 sumptuosa

412 3081 595 3126 ornent
622 3089 674 3127 se
703 3072 861 3144 (Ibid.
894 3074 946 3129 2.
978 3076 1056 3147 9).
1091 3077 1247 3132 Vides
1296 3079 1566 3147 quomodo
1613 3095 1719 3133 non
1762 3082 1877 3134 vult
1922 3097 2014 3138 eas

419 3161 613 3217 talibus
639 3166 839 3229 ornari,
875 3180 1050 3235 neque
1074 3182 1206 3221 auro
1227 3168 1571 3233 circumdari,
1603 3185 1775 3239 neque
1802 3186 2013 3242 marga-

417 3253 535 3307 ritis
560 3268 732 3323 neque
763 3264 912 3310 veste
942 3267 1251 3326 sumptuosa
1286 3276 1300 3310 :
1330 3259 1423 3312 sed
1454 3274 1642 3312 verum
1667 3270 1917 3315 ornatum
1958 3263 2011 3317 in

412 3344 652 3398 animam
678 3345 957 3411 inducere,
988 3355 1043 3401 et
1070 3363 1165 3417 per
1203 3349 1465 3403 bonorum
1493 3363 1717 3418 operum
1746 3353 2010 3407 actionem

416 3436 863 3505 pulchritudinem
888 3440 1082 3493 animrc
1113 3440 1401 3506 illustrare,
1429 3452 1483 3495 et
1511 3458 1580 3496 ne
1598 3457 1665 3497 ca
1693 3458 1814 3513 quas
1838 3447 2013 3515 suspi-

407 3528 487 3580 cit
520 3526 666 3593 taiia,
691 3537 1005 3582 contemnat
1031 3530 1179 3584 illam
1199 3530 1491 3598 sordidam,
1521 3532 1841 3600 squalidam,
1882 3549 2013 3604 pan-

411 3632 621 3684 nosam,
663 3618 982 3687 famelicam,
1017 3621 1243 3691 geluque
1287 3623 1685 3690 rigescentem'!
1711 3623 1825 3677 Hoc
1864 3627 2009 3680 enim

411 3709 647 3763 studium
687 3709 740 3764 in
781 3711 1025 3766 ornando
1071 3726 1299 3781 corpore
1352 3714 1544 3766 anima:
1584 3714 1784 3769 indicat
1832 3716 2010 3770 defor-

408 3804 673 3870 mitatem,
707 3812 761 3858 et
790 3804 947 3871 hujus
978 3804 1185 3859 delicia:
1221 3805 1365 3859 illam
1399 3805 1539 3861 fame
1575 3806 1820 3862 laborare
1864 3810 2009 3864 clare

406 3891 731 3960 signiﬁcant,
774 3903 829 3947 et
872 3894 1030 3963 hujus
1060 3895 1287 3949 vestium
1326 3906 1571 3965 sumptus
1601 3898 1741 3951 illius
1770 3898 2009 3955 declarat

412 3982 727 4037 nuditatem.
764 3983 903 4041 Fieri
931 3987 1077 4041 enim
1108 4004 1212 4041 non
1241 3996 1435 4057 potest,
1481 3997 1537 4043 ut
1580 3990 1671 4059 qui
1700 3991 1893 4045 animae
1916 4007 2009 4049 cu-

410 4088 523 4126 ram
552 4073 766 4139 habeat,
790 4075 1013 4145 ejusque
1042 4076 1491 4146 pulchritudinem
1521 4080 1727 4147 plurimi
1757 4080 1933 4149 faciat,
1958 4083 2007 4138 is

409 4174 633 4220 externo
659 4168 824 4221 cultui
868 4168 1034 4221 inhiet
1071 4186 1085 4223 :
1124 4170 1262 4223 sicut
1293 4170 1623 4240 impossibile
1656 4182 1739 4227 est
1775 4182 2007 4229 externo

408 4256 485 4311 illi
511 4257 695 4324 cultui,
724 4255 951 4314 vestium
977 4260 1270 4330 splendori,
1302 4278 1466 4317 aureo
1503 4266 1717 4321 ornatui
1762 4266 2002 4323 deditum

406 4347 549 4402 illius
576 4363 737 4419 agere
767 4364 973 4403 curam.
1006 4351 1230 4417 Quando
1268 4352 1411 4407 enim
1448 4364 1629 4423 posset
1658 4357 1833 4411 anima
1881 4360 2001 4416 talis

405 4440 602 4509 aliquid
630 4442 759 4496 utile
800 4443 1151 4512 contemplari
1171 4486 1185 4510 ,
1230 4446 1311 4500 vel
1344 4447 1396 4501 in
1424 4448 1800 4518 cogitationem
1842 4454 2002 4522 spiri-

404 4530 622 4585 tualium
653 4533 837 4587 venire
856 4574 870 4598 ,
925 4548 1047 4602 qua:
1076 4536 1243 4589 semel
1266 4537 1491 4591 terrenis
1532 4539 1601 4592 ita
1629 4540 1807 4594 dedita
1838 4544 2001 4613 erepit

403 4636 545 4688 esse,
578 4630 632 4677 et
658 4622 823 4689 humi,
855 4634 911 4678 ut
942 4625 1010 4677 ita
1032 4624 1207 4679 dicam
1229 4667 1244 4691 ,
1271 4635 1483 4698 reptare
1509 4670 1525 4693 ,
1554 4645 1673 4699 qua!
1706 4647 1995 4703 numquam

401 4719 561 4782 caput
588 4713 830 4768 attollere
857 4724 1066 4783 potest,
1096 4715 1187 4770 sed
1221 4732 1386 4786 prona
1420 4721 1717 4775 innumeris
1745 4734 1996 4793 peceato-

400 4818 520 4859 rum
551 4804 775 4857 sarcinis
805 4807 1035 4875 scipsam
1065 4810 1293 4877 gravat?
1316 4809 1446 4863 Nam
1470 4821 1598 4879 quot
1624 4812 1749 4868 inde
1770 4830 1997 4871 nascan-

402 4905 488 4950 tur
517 4896 653 4949 mala
674 4938 688 4961 ,
714 4913 818 4950 non
850 4912 1068 4967 possum
1100 4916 1240 4955 nunc
1271 4916 1521 4957 sermone
1542 4905 1826 4975 complecti
1850 4925 1863 4972 ;
1897 4909 1992 4963 sed

398 4989 529 5043 satis
559 4997 640 5043 est
663 4998 722 5043 ut
750 4990 1045 5060 relinquam
1074 4993 1415 5047 conscientiae
1446 5009 1665 5064 eorum,
1708 4999 1796 5069 qui
1848 5000 1898 5054 in
1933 5003 1995 5055 iis

397 5080 641 5148 occupati
666 5089 809 5146 sunt,
838 5092 1063 5151 quantas
1089 5082 1212 5137 inde
1234 5084 1573 5153 quotidianas
1594 5088 1869 5145 molestias
1896 5108 1993 5146 ex-

397 5168 693 5237 periantur.
744 5170 953 5224 Etenim
998 5172 1084 5226 vel
1118 5172 1320 5243 aliquid
1362 5174 1561 5230 decidit
1599 5192 1663 5231 ex
1699 5193 1864 5234 aureo
1903 5180 1991 5235 illo

394 5260 562 5327 cultu,
586 5272 639 5316 et
666 5268 855 5333 magna
882 5272 1172 5334 tempestas
1212 5281 1541 5339 magnusque
1586 5272 1846 5327 tumultus
1889 5274 1984 5328 ob-

394 5352 566 5406 oritur
594 5352 648 5407 ln
680 5362 786 5410 tota
813 5356 1008 5422 domo;
1037 5357 1119 5413 vel
1150 5356 1380 5415 famulus
1411 5362 1685 5431 surripuit,
1722 5375 1775 5419 et
1805 5380 1992 5421 omnes

397 5441 733 5513 ﬂagellantur
754 5457 808 5501 et
832 5448 1201 5515 verberantur,
1230 5462 1390 5520 atque
1426 5452 1475 5505 in
1504 5467 1777 5510 carcerem
1816 5457 1989 5525 conji-

394 5536 641 5600 ciuntur;
675 5539 757 5594 vel
790 5540 953 5594 invidi
997 5543 1213 5612 quidam
1269 5544 1503 5598 insidiati
1555 5555 1681 5601 sunt
1733 5558 1787 5604 et
1815 5549 1992 5605 subito

394 5629 713 5698 spoliarunt,
742 5644 805 5685 ac
835 5633 1032 5688 multus
1078 5635 1202 5690 hinc
1250 5637 1709 5708 iutolerabilisque
1756 5656 1988 5706 mmror;

395 5720 477 5774 vel
510 5737 688 5777 rerum
731 5722 1029 5781 adversitas
1070 5727 1322 5797 ingruens
1349 5730 1399 5782 in
1432 5740 1725 5786 extremam
1754 5732 1989 5803 inopiam

395 5813 634 5885 redegit,
670 5827 722 5871 et
748 5818 1048 5888 graviorem
1087 5830 1261 5876 morte
1316 5822 1481 5877 vitam
1520 5822 1599 5878 eis
1644 5823 1857 5891 attulit;
1903 5826 1990 5883 vel

1372 411 1435 466 iN
1475 412 1627 467 CAP.
1676 409 1814 465 XVI.
1844 407 2089 466 GENES.

2135 408 2367 465 liOMlL.
2412 408 2700 466 XXXVIII.
3639 409 3746 463 330

2142 524 2287 579 aliud
2316 518 2565 595 quiddam
2597 522 2837 579 incidens
2868 523 3086 577 multam
3113 523 3385 579 tristitiam
3431 530 3657 595 peperit.
3684 528 3747 580 lit

2142 616 2194 670 in
2239 631 2483 683 summa,
2538 629 2828 684 numquam
2873 615 3117 670 invenies
3166 616 3402 670 animam
3444 618 3742 671 istiusumdi

2141 707 2301 761 rebus
2329 706 2617 775 addictam,
2644 703 3133 776 perturbationibus
3153 716 3437 776 expertem
3468 732 3481 762 :
3517 709 3611 763 sed
3642 712 3743 763 sie~

2140 806 2198 851 ut
2261 797 2422 853 maris
2473 796 2669 852 ﬂuctus
2724 812 2898 866 neque
2950 796 3183 854 delicere
3236 813 3412 869 neque
3467 803 3741 853 numerari

2137 898 2361 959 queunt,
2390 902 2605 958 semper
2625 888 2776 944 novis
2806 889 3290 955 snecrescentibus,
3311 891 3380 944 ita
3404 891 3741 945 turbationcs

2138 980 2261 1035 inde
2288 980 2529 1035 orientes
2556 995 2718 1034 nemo
2747 979 3119 1035 dinumerarit.
3150 981 3291 1046 Ideo,
3342 981 3570 1037 obsecro
3588 1023 3601 1046 ,
3660 982 3741 1035 fu-

2134 1072 2343 1142 giamus
2370 1074 2423 1128 in
2450 1074 2702 1129 omnibus
2723 1073 2887 1129 rebus
2916 1073 3147 1130 habendi
3161 1074 3511 1144 cupiditatem
3528 1086 3585 1130 et
3610 1092 3738 1132 usus

2138 1180 2439 1221 excessum.
2470 1165 2626 1221 Vera:
2650 1167 2796 1223 enim
2820 1166 3021 1222 divitia:
3048 1176 3173 1224 sunt
3198 1178 3252 1223 et
3281 1170 3615 1225 inexhaustis
3659 1170 3738 1224 fa—

2134 1257 2364 1314 cultates
2384 1300 2399 1325 ,
2423 1257 2742 1316 desiderare
2772 1268 2977 1314 tantum
3006 1269 3263 1330 quantum
3292 1261 3410 1316 usui
3438 1262 3570 1317 satis
3590 1262 3699 1316 sint
3717 1304 3733 1325 ,

2130 1355 2189 1403 et
2217 1362 2282 1403 ea
2320 1364 2440 1417 qua:
2482 1364 2637 1404 usum
2668 1350 2967 1414 excedunt,
3017 1359 3163 1406 mete
3188 1350 3522 1420 dispensare.
3549 1351 3735 1421 Neque

2132 1438 2273 1492 enim
2297 1439 2385 1494 ille
2403 1440 2492 1509 qui
2521 1439 2624 1495 hoc
2650 1439 2797 1506 facit,
2826 1440 3065 1511 inopiam
3095 1442 3284 1498 timere
3311 1442 3529 1510 poterit,
3553 1458 3735 1512 neque

2132 1530 2437 1585 molestiam
2480 1532 2805 1598 sustinebit,
2852 1548 3028 1603 neque
3068 1533 3429 1589 turbationem
3477 1534 3674 1588 scotia
3716 1551 3729 1585 :

2130 1621 2223 1675 sed
2251 1633 2304 1677 et
2331 1632 2479 1676 extra
2520 1624 2841 1679 calumniam
2867 1624 2970 1679 erit
2992 1663 3007 1689 ,
3056 1632 3113 1680 et
3139 1624 3453 1679 liberabitur
3489 1624 3560 1679 ab
3591 1624 3724 1679 ἱππεὶς-

2129 1710 2421 1779 diantibus,
2465 1723 2628 1782 atque
2676 1722 2735 1767 ut
2776 1715 3087 1769 summatim
3130 1714 3339 1781 dicam,
3366 1715 3418 1768 in
3471 1726 3727 1785 perpetua

2130 1805 2507 1874 tranquillitate
2534 1806 2637 1860 erit
2654 1846 2668 1871 ,
2692 1814 2747 1860 et
2770 1806 2952 1875 quiete
2971 1807 3190 1876 otioque
3214 1806 3421 1862 fruetur
3451 1825 3462 1859 :
3492 1821 3559 1863 ac
3582 1808 3725 1878 quod

2127 1894 2299 1963 majus
2314 1902 2397 1948 est
2419 1894 2692 1959 omnibus,
2712 1904 2977 1965 caputque
3000 1896 3285 1961 bonorum,
3317 1896 3481 1951 Deum
3511 1896 3730 1953 habebit

2123 1985 2414 2054 propitium
2434 2027 2448 2051 ,
2473 1994 2530 2040 et
2554 2000 2785 2055 superna
2835 1985 3041 2040 fruetur
3062 1986 3235 2055 gratia
3254 2026 3271 2053 ,
3324 1995 3509 2057 utpote
3552 1987 3727 2043 ﬁdelis

2126 2075 2296 2132 factus
2322 2078 2661 2146 dispensator
2680 2078 3026 2146 pecuniarum
3056 2078 3285 2134 Domini.
3314 2078 3503 2134 Beatus
3556 2079 3722 2143 enim,

2127 2170 2317 2240 inquit,
2344 2171 2629 2224 servus-ius
2653 2212 2667 2236 ,
2694 2186 2843 2239 quem
2864 2186 2977 2224 cum
3007 2170 3198 2225 valuit
3222 2170 3492 2234 dominus,
3521 2171 3726 2225 inuene-

2124 2262 2188 2313 rit
2217 2262 2289 2314 sic
2316 2262 2586 2330 facientem
2628 2259 2786 2331 (Luc.
2819 2258 2901 2314 l2.
2948 2257 3043 2332 43)
3065 2301 3078 2325 ,
3123 2269 3179 2316 et
3201 2261 3281 2315 sic
3323 2258 3722 2329 dispensantem

2118 2356 2419 2419 conservis,
2449 2361 2507 2408 et
2532 2368 2639 2407 non
2664 2353 2843 2421 januis
2865 2352 3213 2422 vectibusqne
3241 2352 3599 2408 iucludentem
3624 2394 3642 2419 ,
3671 2364 3725 2407 et

2123 2445 2397 2500 vermibus
2419 2460 2599 2499 escam
2630 2445 2743 2499 lieri
2781 2444 3181 2514 pet-mittentem
3208 2462 3222 2499 :
3252 2444 3346 2499 sed
3369 2444 3587 2514 inopum
3619 2447 3723 2499 mi-

2122 2536 2315 2590 seriam
2342 2536 2722 2590 sublevantem
2743 2578 2757 2602 ,
2789 2536 3095 2605 bonumque
3120 2544 3177 2590 et
3202 2535 3414 2592 ﬁdelem
3441 2535 3723 2606 dispensa-

2123 2637 2292 2682 torem
2316 2628 2514 2683 l‘actum
2541 2642 2729 2684 eorum
2750 2645 2870 2699 quae
2895 2644 2925 2682 a
2955 2629 3184 2684 Domino
3204 2630 3543 2700 suppeditata
3562 2640 3719 2685 sont:

2122 2730 2178 2774 ut
2201 2729 2253 2776 et
2279 2720 2515 2790 pulchrae
2534 2721 2693 2790 hujus
2712 2721 3135 2790 dispensationis
3148 2736 3395 2792 magnam
3419 2722 3720 2778 mercedem

2119 2812 2354 2882 assequi,
2388 2820 2446 2867 et
2465 2814 2726 2881 promissa
2773 2813 2913 2869 bona
2957 2813 3207 2869 obtinere
3229 2824 3522 2880 mereatur,
3553 2816 3720 2884 gratia

2119 2912 2174 2957 et
2198 2903 2524 2973 benignitate
2568 2904 2777 2959 Domini
2824 2905 2996 2959 nostri
3048 2904 3176 2959 li-su
3200 2904 3441 2971 Christi,
3474 2906 3557 2959 cui
3599 2920 3719 2960 eum

2119 2996 2277 3051 Patre
2298 3006 2359 3051 et
2384 3007 2568 3051 saneto
2597 2998 2799 3067 Spiritu
2828 2997 2897 3052 sit
2937 2998 3103 3068 gloria
3123 3040 3137 3063 ,
3168 2998 3475 3068 imperium,
3526 2997 3719 3061 honor.

2118 3102 2259 3141 nunc
2287 3097 2342 3141 et
2370 3101 2606 3157 semper,
2636 3097 2695 3143 et
2725 3090 2775 3142 in
2808 3090 3002 3143 smcula
3028 3090 3372 3143 smculorum.
3414 3093 3610 3144 Amen.

2606 3199 2889 3254 HOMILIA
2932 3198 3225 3254 XXXVI".

2120 3288 2255 3345 Sara
2281 3299 2449 3343 autem
2470 3331 2484 3354 ,
2512 3305 2647 3359 uxor
2669 3289 2877 3354 Abram,
2908 3307 3009 3343 non
3045 3292 3234 3359 peperit
3267 3293 3313 3343 ei
3346 3306 3363 3345 :
3390 3292 3481 3345 sed
3505 3292 3717 3347 habebat

2190 3360 2431 3413 ancillam
2477 3357 2817 3430 lEgyptiant,
2856 3357 3058 3413 nomine
3086 3357 3226 3431 Agar
3258 3361 3409 3432 (Gen.
3444 3364 3534 3418 ιϐ.
3569 3366 3641 3434 Ι).

2193 3474 2240 3527 l.
2289 3472 2461 3527 Etiam
2486 3470 2743 3527 hodierna
2772 3473 2933 3528 lectio
2974 3473 3207 3544 linguam
3245 3486 3483 3529 nostram
3540 3475 3717 3531 denuo

2116 3566 2167 3619 in
2201 3569 2511 3621 memoriam
2539 3566 2853 3637 patriarchae
2877 3576 3030 3622 meat
3061 3584 3073 3620 :
3108 3582 3282 3637 neque
3312 3583 3406 3622 vos
3430 3568 3717 3625 admiratio

2117 3664 2313 3723 teneat,
2344 3657 2483 3727 quod
2515 3673 2635 3711 cum
2663 3666 2741 3711 tot
2770 3657 2958 3712 diebus
2988 3657 3263 3713 historiam
3286 3657 3527 3729 ejusdem
3558 3662 3715 3715 toties

2116 3751 2166 3806 iu
2223 3750 2454 3805 medium
2511 3750 2851 3811 attulerimus
2873 3791 2889 3817 ,
2920 3766 3019 3806 nec
3050 3749 3209 3807 hodie
3255 3752 3399 3806 illam
3430 3753 3712 3811 absolvere

2115 3842 2466 3913 potuerimus.
2498 3841 2683 3913 Magna
2703 3843 2851 3897 enim
2876 3843 3032 3913 copia
3079 3852 3162 3898 est
3194 3844 3448 3899 virtutum
3468 3846 3597 3916 justi
3623 3890 3638 3914 ,
3663 3859 3716 3901 et

2114 3935 2305 3991 eximia
2332 3944 2456 3988 sunt
2483 3933 2623 3987 illius
2651 3934 2789 3989 bona
2818 3947 3001 4005 opera,
3034 3935 3171 3989 adeo
3199 3942 3253 3989 ut
3279 3950 3493 3989 omnem
3524 3936 3713 3991 humu.

2112 4041 2234 4080 nam
2260 4026 2490 4096 linguam
2515 4026 2746 4079 vincant.
2777 4026 2945 4093 Quem
2970 4026 3111 4081 enim
3133 4024 3271 4080 Deus
3297 4039 3530 4095 superne
3557 4043 3709 4082 coro-

2112 4119 2257 4173 navit
2286 4128 2341 4173 et
2369 4118 2639 4173 celebrem
2670 4116 2813 4181 fecit,
2847 4118 2968 4187 quis
3004 4117 3280 4171 hominum
3306 4118 3465 4187 digne
3494 4119 3713 4175 laudare

2109 4210 2348 4279 poterit?
2378 4212 2648 4275 Attamen,
2676 4208 2779 4263 etsi
2808 4206 2965 4279 longe
2992 4205 3272 4262 inferiores
3297 4222 3479 4262 sumus
3500 4251 3514 4273 ,
3548 4224 3709 4279 quam

2110 4308 2400 4370 exposcam
2458 4300 2598 4353 illius
2650 4300 2863 4365 merita,
2894 4314 2989 4368 pro
3024 4298 3224 4352 nostris
3273 4299 3461 4353 saltem
3488 4300 3709 4363 viribus,

2108 4409 2227 4463 qua:
2255 4392 2321 4446 de.
2370 4392 2464 4446 illo
2506 4390 2701 4461 scripta
2736 4399 2858 4445 sunt
2909 4388 2963 4444 iu
3017 4389 3251 4443 medium
3303 4388 3609 4451 afferentes,
3642 4392 3708 4445 ad

2108 4485 2471 4542 minuIandum
2495 4495 2553 4539 et
2578 4483 2894 4538 imitandum
2916 4483 3164 4537 virtutem
3187 4481 3334 4536 illius
3350 4483 3711 4539 vosinduccre

2106 4580 2369 4646 cupimus.
2392 4574 2601 4630 Sufﬁcit
2630 4575 2771 4631 enim
2800 4574 2958 4643 hujus
2984 4574 3079 4628 viri
3104 4574 3439 4644 philosophia
3461 4574 3527 4628 ad
3550 4590 3712 4629 omne

2106 4666 2384 4722 hominum
2415 4682 2584 4737 genus
2610 4666 2968 4722 erudiendum
2994 4707 3009 4732 ,
3040 4674 3095 4720 et
3135 4663 3203 4719 ad
3249 4664 3565 4721 alliciendos
3615 4681 3710 4721 eos

2104 4759 2195 4829 qui
2242 4758 2525 4828 diligenter
2571 4759 2908 4823 auscultant,
2952 4766 3010 4813 ut
3046 4759 3228 4813 ineant
3285 4759 3498 4813 virtutis
3544 4759 3705 4813 viam.

2105 4848 2371 4903 Cmterum
2402 4847 2629 4903 obsecro
2651 4856 2709 4902 ut
2738 4847 3023 4903 attendatis
3054 4848 3137 4903 his
3162 4862 3283 4917 quae
3306 4846 3575 4915 dicuntur,
3602 4865 3709 4920 quo

2105 4944 2262 5000 liceat
2300 4942 2461 4997 etiam
2496 4958 2560 4995 ex
2598 4956 2762 5011 nuper
2792 4942 2946 4997 lectis
2967 4942 3094 5011 justi
3132 4941 3522 5012 philosophiam
3552 4942 3711 4997 addi-

2105 5052 2271 5092 scere.
2294 5036 2477 5090 Potest
2506 5034 2649 5089 enim
2678 5034 2764 5089 hic
2791 5034 2941 5089 locus
2970 5034 3167 5089 docere
3194 5044 3247 5088 et
3274 5035 3423 5089 viros
3446 5044 3495 5088 et
3516 5035 3706 5089 mulie-

2102 5146 2209 5195 res,
2236 5138 2289 5183 ut
2320 5143 2507 5197 magna
2542 5127 2680 5182 inter
2724 5140 2783 5181 se
2808 5126 3094 5181 concordia
3129 5126 3344 5190 vivant,
3374 5136 3428 5181 ct
3473 5128 3705 5197 conjugii

2102 5223 2372 5279 vinculum
2402 5221 2775 5276 iudissolutum
2805 5229 3020 5274 servent
3048 5235 3062 5273 :
3095 5228 3147 5274 et
3166 5235 3338 5289 neque
3370 5219 3452 5273 vir
3472 5221 3711 5289 insurgat

2103 5318 2364 5372 adversus
2396 5315 2705 5381 mulierem,
2741 5314 2834 5369 sed
2864 5324 2921 5368 ut
2954 5315 3065 5368 vasi
3117 5313 3395 5369 inﬁrmiori
3426 5312 3503 5387 (a)
3536 5315 3708 5384 majo-

2103 5427 2217 5466 rem
2251 5411 2324 5464 illi
2360 5410 2571 5464 veniam
2603 5408 2829 5473 tribuat;
2873 5423 3049 5478 neque
3076 5408 3271 5464 mulier
3308 5408 3421 5462 viro
3448 5422 3508 5462 se
3531 5422 3704 5477 Oppo-

2076 5542 2079 5545 -
2103 5514 2216 5572 nat,
2241 5512 2330 5557 aut
2352 5503 2419 5558 ab
2445 5518 2510 5557 co
2540 5500 2818 5567 dissideat,
2853 5499 2946 5556 sed
2975 5510 3031 5554 ut
3056 5500 3291 5555 vicissim
3322 5499 3458 5553 alter
3482 5499 3706 5554 alterius

2103 5610 2267 5651 onera
2302 5589 2441 5649 ferre
2484 5601 2722 5658 certent,
2745 5592 3207 5663 domesticamque
3240 5608 3426 5662 pacem
3457 5591 3708 5646 omnibus

2166 5709 2241 5771 (a)
2273 5710 2345 5758 sic
2368 5712 2422 5757 et
2444 5707 2701 5773 ianegula
2733 5707 2967 5758 Pacbomii
3015 5705 3253 5773 mulieres
3279 5719 3408 5773 eam
3431 5703 3704 5773 inﬁrmiora

2106 5768 2355 5819 vocantur.
2382 5769 2509 5831 Apud
2536 5771 2715 5819 Livium
2740 5778 2904 5821 autem
2948 5770 3252 5831 czcterosqne
3279 5768 3531 5816 historicos
3551 5768 3701 5828 impa-

2102 5833 2317 5885 dimenta
2352 5830 2675 5894 appellantur.
