4058 6386
359 400 460 456 3⁵51

366 514 517 570 bonis
540 513 840 584 praeferant.
871 513 938 567 At
956 524 1130 580 opera:
1154 509 1380 578 pretium
1410 507 1566 564 fuerit
1581 508 1763 562 audire
1777 504 1939 560 verba

367 602 501 671 ipsa,
535 613 594 659 ut
625 604 716 659 ﬁat
741 604 893 659 nobis
933 600 1175 656 doctrina
1214 599 1563 654 manifestior.
1593 601 1644 654 l.
1678 599 1814 654 Sara
1851 613 1943 651 au-

361 703 478 759 tem,
513 694 704 764 inquit,
727 709 856 748 uxor
879 691 1031 746 Alme
1045 707 1146 746 non
1173 691 1365 761 peperit
1388 690 1433 744 ei
1463 708 1482 746 :
1522 698 1755 744 ceterum
1790 689 1944 743 liabe-

362 780 445 835 bat
473 784 712 836 ancillam
740 780 1044 852 ﬂgyptiam
1067 819 1084 848 ,
1112 779 1195 834 cui
1229 796 1408 833 nomen
1453 779 1590 850 Agar
1634 778 1772 849 (cap.
1829 777 1940 847 10).

413 871 590 928 -Ft'des
610 874 823 927 Atra/ta
845 881 1056 944 quanta.
1081 900 1153 912 —-
1170 870 1485 937 Considera,
1516 868 1815 936 carissime,
1839 868 1942 925 hoc

362 960 481 1015 loco
536 961 852 1016 inellabilem
883 961 976 1015 Dei
1007 960 1342 1016 tolerantiam
1379 968 1432 1014 et
1475 959 1729 1014 eximiam
1783 956 1938 1012 ﬁdem

357 1065 674 1124 gratumque
699 1053 934 1109 animum
961 1053 1113 1122 justi,
1137 1068 1296 1124 quem
1321 1051 1461 1107 datis
1492 1049 1594 1107 sibi
1625 1050 1938 1122 promissio-

361 1144 515 1198 nibus
530 1142 836 1199 declaravit.
868 1141 1000 1198 Cum
1026 1143 1166 1199 enim
1188 1143 1342 1198 toties
1363 1141 1691 1211 promisisset
1717 1140 1859 1196 Deus
1882 1155 1940 1195 se

356 1231 604 1288 daturum
635 1232 827 1288 semini
855 1233 973 1302 ejus
997 1241 1211 1300 terram,
1233 1241 1286 1287 et
1313 1231 1367 1286 in
1393 1240 1539 1287 tanto
1556 1231 1940 1303 multiplicatu-

355 1337 474 1378 rum
503 1339 726 1379 numero
749 1366 762 1389 ,
793 1337 852 1379 ut
877 1322 1196 1380 multitudini
1225 1324 1496 1379 stellarum
1519 1323 1888 1395 aqunaretur
1916 1341 1930 1378 :

356 1411 765 1468 videns-nullam
793 1413 1200 1485 promissionem
1221 1429 1395 1484 opere
1429 1414 1657 1485 impleri,
1687 1429 1849 1485 seque
1873 1430 1937 1469 ex

357 1505 799 1572 promissionibus
819 1505 946 1560 nihil
973 1515 1330 1577 prmterquam
1356 1505 1515 1562 verba
1541 1507 1800 1576 accipere,
1831 1521 1935 1561 non

356 1594 668 1650 turbabatur
716 1597 944 1662 ratione,
974 1611 1081 1651 non
1133 1596 1569 1652 commovebatur
1613 1604 1816 1662 mente,
1841 1596 1936 1651 sed

356 1686 548 1739 mansit
570 1686 821 1741 immotus
842 1695 897 1741 et
918 1686 1162 1753 inﬂexus,
1183 1687 1406 1742 credens
1440 1689 1689 1758 potentia:
1711 1689 1936 1757 promit-

356 1775 535 1829 tentis.
579 1775 642 1830 Et
666 1775 865 1832 idcirco
889 1777 1046 1832 etiam
1068 1776 1154 1832 hic
1197 1777 1249 1832 id
1292 1777 1609 1848 signiﬁcavit
1661 1779 1935 1850 Scriptura

354 1864 530 1921 divina
554 1867 737 1922 dicens
769 1867 945 1924 :Sara
987 1879 1154 1923 autem
1174 1909 1188 1933 ,
1221 1885 1351 1924 uxor
1375 1870 1523 1926 Abrae
1542 1910 1560 1937 ,
1602 1888 1703 1927 non
1747 1876 1938 1944 peperit

352 1956 418 2020 ei,
443 1958 590 2026 quasi
619 1958 719 2012 hoc
743 1958 895 2013 nobis
914 1958 1195 2014 declarans
1225 1977 1239 2013 :
1263 1960 1390 2015 Post
1416 1961 1530 2016 base
1567 1964 1747 2018 omnia
1768 2005 1784 2032 ,
1817 1975 1936 2035 post

351 2057 506 2116 pacta
541 2063 661 2104 cum
713 2064 778 2106 eo
816 2050 966 2119 inita,
995 2061 1117 2122 post
1156 2053 1595 2122 pollicitationem
1643 2055 1936 2113 innumera:

354 2141 706 2197 multitudinis
729 2158 795 2199 ex
824 2158 891 2200 eo
911 2144 1254 2215 procreanda:
1271 2145 1402 2200 nihil
1423 2146 1710 2203 ﬂuctuabat
1728 2163 1933 2215 secum,

353 2233 539 2288 videns
561 2235 689 2289 nihil
717 2235 980 2290 dictorum
1003 2251 1166 2306 opere
1194 2237 1404 2307 impleri
1430 2280 1446 2306 ,
1473 2239 1568 2296 sed
1595 2241 1774 2296 omnia
1802 2256 1934 2296 con-

345 2325 514 2379 trario
572 2325 729 2381 modo
778 2339 898 2383 sese
951 2328 1163 2384 habere.
1216 2329 1506 2400 Propterea
1540 2331 1672 2387 dicit
1697 2343 1814 2402 post
1844 2333 1930 2388 illa

350 2416 545 2481 omnia,
576 2416 732 2484 Sara,
763 2433 894 2473 uxor
918 2419 1046 2488 eius,
1076 2435 1177 2474 non
1206 2421 1398 2491 peperit
1429 2423 1476 2476 ei
1500 2437 1519 2476 :
1549 2429 1608 2476 ut
1642 2422 1820 2478 discas
1846 2423 1930 2477 ni-

351 2501 421 2558 hil
445 2505 519 2560 illi
548 2509 838 2564 accessisse
865 2518 985 2579 post
1013 2517 1188 2564 tantas
1218 2511 1600 2580 promissiones
1619 2553 1633 2578 ,
1664 2514 1764 2566 etsi
1791 2513 1933 2582 quod

350 2594 483 2652 Sara
523 2599 722 2653 sterilis
759 2609 813 2654 et
847 2609 1001 2656 utero
1027 2609 1272 2655 emortuo
1295 2609 1476 2669 esset,
1509 2601 1562 2656 iu
1606 2614 1786 2658 mente
1806 2603 1933 2674 justi

351 2687 569 2742 multam
599 2688 987 2744 hmsitationem
1019 2691 1333 2760 ingenerare
1370 2701 1569 2762 posset.
1603 2692 1796 2749 Verum
1838 2709 1928 2763 pa-

350 2778 582 2833 triarcha
610 2793 716 2833 non
746 2779 1022 2848 spectabat
1049 2780 1116 2835 ad
1147 2781 1524 2852 impedimenta
1571 2791 1809 2848 naturas;
1837 2783 1933 2838 sed

348 2869 661 2938 sapientiam
702 2868 910 2925 Domini
937 2885 1268 2941 cognoscens
1288 2912 1302 2934 ,
1335 2873 1567 2942 quicum
1600 2881 1804 2930 natura
1827 2874 1931 2930 Do-

344 2960 526 3016 minus
553 2969 608 3016 et
630 2961 887 3017 Conditor
909 2963 998 3030 sit,
1025 2962 1162 3017 viam
1193 2963 1247 3018 in
1275 2963 1430 3018 inviis
1459 2973 1632 3033 potest
1659 2965 1931 3034 invenire,

349 3052 486 3107 sicut
508 3063 689 3122 gratus
714 3067 902 3109 servus
930 3069 1037 3110 non
1067 3055 1256 3124 qumrit
1287 3056 1496 3111 curiose
1513 3056 1727 3111 modum
1748 3072 1932 3113 eorum

349 3155 470 3211 quae
515 3141 680 3210 ﬁunt,
731 3141 824 3198 sed
866 3143 1120 3214 relinquit
1161 3144 1682 3214 iucompreheusibili
1725 3147 1934 3202 Domini

352 3230 720 3300 providentis,
751 3240 805 3286 et
839 3231 1063 3287 credidit
1108 3233 1282 3287 dicris.
1321 3233 1523 3291 Idcirco
1551 3235 1722 3306 inquit
1752 3254 1767 3291 :
1799 3236 1936 3292 Sara

349 3330 539 3386 autem,
569 3329 689 3391 post
733 3329 906 3377 tantas
950 3323 1355 3391 promissioues,
1378 3341 1477 3378 non
1507 3327 1699 3395 peperit
1719 3328 1784 3380 ei.
1823 3325 1936 3381 Ha-

348 3409 490 3464 bebat
517 3421 684 3465 autem
709 3413 945 3466 ancillam
977 3409 1300 3483 (Egyptiam,
1319 3415 1400 3467 cui
1425 3430 1606 3468 nomen
1629 3415 1787 3486 Agar.
1815 3415 1932 3471 Non

355 3501 559 3572 absque
594 3516 753 3557 causa
779 3503 941 3558 etiam
979 3502 1082 3558 hoc
1105 3503 1225 3558 loco
1271 3504 1542 3574 Scriptura
1571 3504 1750 3561 divina
1780 3507 1933 3562 nobis

349 3594 554 3648 ancilhe
576 3595 886 3649 memoriam
909 3593 1053 3661 fecit,
1082 3594 1175 3650 sed
1204 3605 1260 3650 ut
1283 3596 1513 3651 sciamus
1535 3596 1672 3651 unde
1689 3596 1935 3654 habuerit

351 3684 516 3739 illam.
549 3684 682 3740 Nam
709 3683 908 3740 idcirco
933 3685 1128 3755 adjecit
1150 3701 1266 3741 eam
1289 3684 1592 3758 Egyptiam
1610 3703 1749 3756 esse,
1781 3698 1839 3743 ut
1865 3683 1932 3744 ad

351 3778 680 3846 superiorem
709 3777 983 3834 historiam
1010 3794 1378 3846 recurremus;
1405 3781 1545 3851 quod
1567 3796 1758 3851 nempe
1775 3781 1933 3839 fuerit

350 3882 419 3924 ex
449 3883 672 3924 numero
694 3883 879 3925 eorum
905 3885 1022 3940 qum
1037 3870 1241 3925 Pharao
1257 3871 1413 3926 Abrae
1431 3872 1743 3943 donaverat,
1765 3889 1936 3944 quan-

351 3957 423 4013 do
449 3968 593 4014 tanta
624 3959 822 4015 ultione
849 3960 918 4014 ab
942 3961 1178 4015 omnium
1209 3961 1316 4017 Deo
1333 3965 1531 4036 potitus
1555 3975 1657 4031 est,
1686 3953 1932 4036 quodque

353 4047 629 4103 redeundo
660 4047 796 4103 hanc
842 4050 1110 4119 acceperit
1134 4049 1282 4105 Sara.
1325 4047 1571 4106 Studiose
1609 4055 1748 4108 enim
1779 4055 1934 4111 nobis

355 4147 410 4194 et
437 4153 632 4194 nomen
662 4148 717 4194 et
739 4149 951 4209 gentem
977 4140 1288 4210 signiﬁcavit
1315 4143 1491 4196 divina
1511 4142 1804 4213 Scriptura.
1831 4145 1934 4201 Ve-

352 4247 472 4286 rum
501 4231 720 4286 ulterius
743 4231 827 4287 hic
850 4232 1152 4299 considera,
1175 4234 1444 4303 quomodo
1469 4234 1616 4290 Sam
1641 4251 1793 4291 meus
1817 4237 1936 4307 phi-

353 4322 638 4393 losophicis
667 4323 886 4393 praedita
909 4323 1062 4379 fuerit
1081 4325 1337 4392 moribus,
1364 4334 1417 4381 et
1435 4328 1624 4382 mirum
1645 4329 1694 4382 in
1717 4330 1933 4386 modum

349 4415 643 4480 continens,
677 4423 834 4486 atque
862 4429 1018 4485 quam
1041 4414 1197 4470 fuerit
1225 4416 1338 4486 ipse
1364 4418 1752 4486 patriarchailli
1772 4420 1932 4476 obse-

353 4520 521 4574 quens
549 4515 600 4560 et
625 4505 768 4560 dicto
797 4506 1036 4562 audiens.
1065 4505 1120 4561 2.
1145 4506 1287 4562 Dixit
1322 4518 1490 4563 autem
1519 4509 1656 4565 Sara
1675 4553 1690 4577 ,
1725 4511 1928 4582 inquit,

353 4596 500 4651 Alme
524 4598 576 4651 in
604 4608 737 4651 terra
779 4597 1024 4653 Chanaan
1055 4614 1074 4653 :
1103 4597 1235 4652 Ecce
1262 4601 1507 4654 conclusit
1536 4618 1614 4655 me
1641 4601 1888 4656 Dominus
1912 4644 1928 4670 ,

354 4705 412 4742 ne
441 4705 666 4758 parerem
691 4704 710 4741 :
737 4689 994 4757 ingredere
1027 4688 1182 4756 igitur
1207 4689 1276 4742 ad
1306 4688 1545 4743 ancillam
1578 4706 1761 4757 meam,
1793 4701 1846 4745 ut
1871 4709 1936 4748 ea:

355 4797 414 4835 ea
440 4783 627 4850 prolem
657 4781 925 4851 suscipias.
983 4781 1116 4836 Vide
1143 4782 1383 4837 mulieris
1409 4783 1744 4852 probitatem.
1792 4783 1934 4841 Nihil

354 4872 456 4926 tale
481 4871 632 4938 dixit,
655 4873 810 4941 quale
837 4871 1069 4941 posthaec
1090 4873 1287 4928 Rachel
1319 4873 1487 4942 inquit
1517 4873 1582 4928 ad
1612 4873 1778 4929 Jacob
1809 4892 1822 4928 :
1854 4875 1935 4928 Da

352 4962 476 5015 mihi
504 4962 672 5030 ﬁlios;
701 4964 898 5032 quodsi
938 4964 1121 5027 minus,
1154 4964 1343 5018 morior
1380 4980 1470 5034 ego
1515 4964 1667 5036 (Gen.
1714 4967 1804 5022 50.
1857 4968 1930 5036 1).

351 5051 460 5107 Sed
510 5052 636 5122 quid
673 5052 836 5107 dicit?
865 5053 994 5107 Ecce
1035 5053 1278 5108 conclusit
1318 5069 1396 5109 me
1431 5055 1707 5121 Dominus,
1737 5074 1799 5110 ne
1837 5075 1932 5127 pa-

347 5160 533 5198 rerem.
592 5144 656 5198 Et
701 5145 845 5214 quia.
899 5145 1087 5215 inquit,
1140 5145 1376 5202 sterilem
1428 5162 1514 5202 me
1561 5147 1686 5204 fecit
1731 5159 1932 5205 natura:

349 5237 629 5305 Conditor,
658 5245 712 5291 ct
737 5237 960 5306 privavit
991 5253 1076 5292 me
1105 5237 1330 5294 ﬁliorum
1353 5241 1720 5309 procreatione
1741 5284 1754 5307 ,
1785 5253 1840 5296 ut
1867 5258 1933 5299 ne

351 5338 572 5398 propter
595 5342 770 5382 meam
795 5329 1126 5384 Sterilitatem
1147 5371 1161 5393 ,
1185 5344 1307 5384 eum
1337 5329 1386 5384 iu
1406 5340 1700 5387 extremam
1721 5334 1933 5389 veneris

351 5427 641 5483 senectam,
670 5425 853 5486 postea
880 5431 1100 5472 maneas
1126 5417 1324 5487 absque
1350 5418 1550 5482 liberis,
1567 5418 1842 5492 Ingredere
1865 5423 1932 5477 ad

353 5507 598 5561 ancillam
630 5522 811 5569 meant.
839 5516 894 5560 ut
931 5523 994 5561 ea:
1023 5523 1082 5560 ea
1108 5506 1241 5574 ﬁlios
1274 5524 1520 5577 procrees.
1563 5509 1828 5582 Multiplex
1879 5523 1932 5566 et

356 5597 637 5651 iuell‘abilis
661 5596 898 5652 mulieris
918 5598 1173 5667 probitas.
1206 5597 1336 5664 Qua-
1375 5600 1515 5654 enim
1544 5617 1794 5672 umquam
1823 5619 1932 5658 mu-

352 5685 452 5740 lier
497 5685 600 5740 hoc
649 5686 934 5742 sustineret
982 5686 1193 5753 facere,
1223 5687 1308 5742 vel
1353 5688 1468 5745 viro
1512 5691 1810 5761 consulere,
1849 5693 1930 5750 vel

349 5773 556 5832 ancilla:
579 5774 847 5848 conjugali
877 5787 996 5835 toro
1016 5776 1210 5836 cedere
1233 5778 1258 5835 ἳ

1106 396 1160 451 S.
1201 391 1480 450 JOANNIS
1517 388 1989 451 CHRYSOSTOHI
2030 387 2346 446 ABCHIEP.
2388 382 2920 443 CONSTANTINOP.

3531 389 3634 444 552

2123 496 2374 552 ‘2.Vidisti
2405 496 2672 568 quomodo
2700 496 2768 552 ab
2802 496 2948 552 omni
2981 497 3262 554 affectione
3287 497 3484 556 fuerint
3508 502 3639 558 alie-

2054 589 2106 643 ni
2126 589 2149 642 τ
2173 587 2318 644 Unus
2343 598 2457 644 erat
2476 589 2556 644 eis
2581 603 2796 660 scopus,
2820 605 2886 645 ne
2908 589 3112 662 absque
3139 590 3323 646 liberis
3336 592 3459 648 hinc
3477 593 3638 649 dece-

2047 680 2238 736 derent
2263 697 2278 747 ;
2309 681 2404 737 sed
2427 682 2737 751 spectabant
2759 682 3028 753 quomodo
3056 684 3216 738 etiam
3253 684 3402 740 illinc
3439 700 3637 741 conso-

2049 771 2303 828 lationem
2329 773 2662 843 acquirerent
2683 813 2700 838 ,
2726 783 2780 828 et
2805 773 3175 831 indissolubile
3196 775 3342 846 pacis
3370 775 3638 831 vinculum

2050 874 2348 920 servarent.
2400 863 2633 920 Observa
2670 865 2816 919 enim
2869 864 2956 919 hic
3009 866 3327 935 patriarcha:
3375 866 3638 936 insignem

2044 955 2449 1022 continentiam,
2463 953 2934 1024 admirabilemque
2950 955 3439 1012 mansuetudinem.
3454 956 3639 1026 Neque

2046 1045 2189 1100 enim
2211 1045 2452 1115 asperior
2477 1044 2577 1099 fuit
2605 1045 2777 1110 uxori,
2808 1045 2950 1116 quod
2993 1045 3193 1101 liberos
3233 1061 3338 1101 non
3389 1046 3632 1112 haberet,

2046 1144 2104 1191 ut
2135 1135 2446 1206 insipientes
2473 1137 2750 1202 nonnulli;
2782 1153 2956 1208 neque
2974 1151 3127 1194 amor
3154 1138 3272 1209 ejus
3296 1153 3422 1209 erga
3448 1141 3637 1197 mulie-

2045 1241 2160 1282 rem
2185 1225 2495 1282 imminutus
2522 1239 2623 1282 est.
2657 1227 2818 1284 Scitis
2842 1228 3006 1295 enim,
3035 1229 3191 1300 plane
3239 1231 3389 1285 scitis
3437 1233 3636 1287 multos

2045 1317 2182 1373 hanc
2208 1318 2544 1388 potissimum
2573 1319 2645 1374 ob
2673 1335 2888 1375 causam
2914 1320 3165 1376 mulieres
3179 1319 3474 1391 despicere,
3495 1324 3634 1378 sicut

2043 1408 2112 1464 ob
2133 1409 2454 1464 contrariam
2479 1407 2747 1464 adamare.
2799 1410 3094 1480 Utrumque
3123 1409 3317 1466 stolide
3340 1420 3395 1466 et
3435 1413 3633 1484 impru-

2042 1499 2231 1556 denter
2255 1510 2440 1570 agunt,
2471 1502 2559 1572 qui
2585 1502 2837 1558 uxoribus
2860 1503 3172 1558 adscribunt
3187 1503 3520 1559 sterilitatem
3547 1505 3633 1561 vel

2043 1590 2438 1656 fecunditatem,
2467 1593 2618 1661 quasi
2662 1593 2963 1648 nescientes
3013 1609 3043 1648 a
3095 1606 3299 1653 natura:
3341 1593 3633 1654 Conilitore

2041 1680 2338 1750 dispensari
2395 1682 2663 1748 universa,
2692 1691 2747 1738 et
2798 1698 2972 1751 neque
3017 1686 3240 1753 coitum,
3261 1705 3436 1762 neque
3484 1689 3632 1744 aliud

2040 1771 2288 1842 quiddam
2321 1772 2386 1828 ad
2432 1774 2788 1844 procreandos
2830 1775 3028 1833 liberos
3073 1778 3319 1837 conferre
3343 1822 3361 1849 ,
3390 1782 3490 1838 nisi
3534 1797 3632 1837 co-

2043 1873 2293 1931 operetur
2319 1878 2510 1918 manus
2535 1880 2786 1934 superna,
2817 1883 2935 1936 qua:
2966 1877 3208 1924 naturam
3239 1869 3306 1925 ad
3347 1887 3632 1941 procrean-

2040 1953 2168 2009 dum
2192 1955 2410 2011 exeitet.
2443 1955 2574 2022 Quae
2600 1971 2723 2012 cum
2749 1959 2915 2027 probe
2945 1969 3124 2014 nosset
3137 1960 3315 2031 justus
3342 1962 3450 2028 ille,
3469 1966 3630 2020 uxori

2040 2045 2374 2101 sterilitatem
2403 2061 2508 2100 non
2542 2046 2836 2115 imputabat
2868 2066 2883 2104 :
2914 2049 3010 2104 sed
3046 2063 3432 2121 congruentem
3459 2054 3630 2109 hono-

2039 2150 2154 2190 rem
2181 2151 2394 2206 semper
2417 2137 2465 2191 ei
2502 2137 2786 2193 tribuebat.
2814 2139 2986 2208 Atque
3008 2140 3144 2195 hanc
3171 2142 3242 2197 oh
3259 2157 3475 2217 causam
3515 2146 3627 2215 ipsa

2039 2227 2094 2281 in
2134 2226 2293 2283 ofﬁcii
2322 2228 2490 2282 vicem
2512 2271 2526 2292 ,
2557 2229 2849 2299 volensque
2879 2230 3154 2287 declarare
3200 2242 3400 2302 quanto
3446 2250 3630 2292 amore

2037 2333 2160 2390 erga
2187 2321 2356 2375 virum
2380 2319 2638 2375 afﬁciatur
2655 2362 2670 2389 ,
2703 2335 2810 2376 non
2839 2322 2980 2392 quod
3020 2323 3102 2378 sui
3129 2323 3293 2394 ipsius
3321 2335 3438 2381 erat
3459 2367 3474 2392 ,
3500 2341 3628 2397 spe-

2037 2412 2236 2478 ctabat,
2264 2411 2357 2468 sed
2378 2413 2648 2483 quomodo
2674 2413 2749 2468 illi
2779 2415 3199 2471 consolationem
3224 2418 3507 2488 quamdam
3533 2434 3626 2473 or-

2037 2502 2219 2558 bitatis
2269 2504 2563 2560 liberorum
2614 2506 2941 2577 excogitaret
2971 2549 2987 2573 ,
3033 2510 3184 2578 quasi
3232 2510 3476 2567 manibus
3517 2514 3631 2568 suis

2037 2604 2309 2664 acceptam
2331 2595 2560 2665 puellam
2581 2594 2882 2668 Egyptiam
2905 2597 2959 2653 in
2985 2598 3181 2654 lectum
3202 2615 3356 2656 suum
3380 2602 3587 2659 induxit
3609 2623 3626 2664 ς

2037 2684 2166 2754 quin
2191 2694 2246 2740 et
2269 2685 2448 2741 verbis
2477 2685 2606 2755 ipsis
2629 2687 2888 2754 ostendit,
2910 2702 3013 2759 qua
3035 2688 3102 2745 de
3124 2705 3282 2746 causa
3307 2691 3360 2746 id
3382 2692 3561 2760 faciat,
3574 2703 3627 2750 et

2037 2776 2157 2844 quis
2197 2776 2314 2846 ejus
2357 2777 2429 2832 sit
2457 2791 2672 2847 scopas.
2717 2776 2852 2846 Quia
2884 2793 3018 2849 ego,
3047 2780 3256 2850 inquit,
3285 2781 3488 2838 inutilis
3517 2784 3627 2838 visa

2037 2882 2180 2933 sum,
2214 2876 2270 2923 et
2302 2867 2370 2924 ad
2397 2869 2760 2940 generaudum
2790 2884 2894 2925 non
2931 2869 3124 2926 idonea
3157 2869 3451 2928 :Conelusit
3483 2875 3630 2930 enim

2036 2973 2118 3012 me
2157 2955 2429 3024 Dominus,
2457 2975 2520 3012 ne
2571 2975 2817 3029 parerem.
2840 2958 2971 3014 Vide
3009 2959 3322 3030 prudentem
3369 2963 3629 3029 animam,

2035 3049 2304 3119 quomodo
2354 3049 2483 3103 nihil
2531 3064 2780 3118 asperum
2827 3049 3092 3120 loquitur,
3137 3053 3470 3110 sterilitatem
3520 3071 3627 3110 non

2037 3139 2278 3211 deplorat
2307 3159 2321 3195 :
2348 3140 2441 3196 sed
2468 3140 2640 3196 solum
2679 3140 2780 3195 hoc
2810 3140 2964 3196 nobis
3006 3141 3282 3198 declarare
3306 3145 3457 3208 vult,
3485 3146 3629 3215 quod

2037 3241 2241 3287 naturae
2262 3231 2488 3286 Domino
2517 3230 2692 3300 opiﬁci
2723 3230 2827 3286 hoc
2855 3230 3168 3288 adseribens
3188 3274 3203 3297 ,
3235 3233 3425 3290 leniter
3449 3244 3504 3288 et
3525 3250 3627 3304 ge-

2037 3336 2232 3378 nerose
2257 3319 2413 3387 ferat,
2446 3320 2648 3374 malens
2671 3319 2812 3389 quod
2842 3320 2954 3375 Deo
2977 3321 3221 3390 placebat
3239 3362 3254 3385 ,
3290 3337 3448 3393 quam
3482 3325 3627 3393 quod

2037 3413 2151 3483 ipsa
2175 3412 2613 3482 concupiscebat,
2645 3421 2697 3468 et
2725 3412 2826 3468 hoc
2851 3429 3013 3468 unum
3040 3423 3289 3484 spectans
3314 3457 3330 3482 ,
3360 3425 3418 3471 ut
3454 3419 3625 3471 virum

2035 3501 2318 3558 solaretur.
2380 3502 2676 3570 Quoniam,
2704 3503 2908 3573 inquit,
2941 3503 3189 3559 Dominus
3223 3522 3304 3559 me
3344 3507 3622 3573 conclusit,

2036 3609 2100 3647 ne
2119 3608 2364 3662 parerem.
2386 3591 2596 3660 Quanta
2632 3592 2790 3662 hujus
2828 3593 2977 3649 verbi
3015 3595 3290 3665 emphasis
3321 3598 3441 3651 est?
3466 3613 3627 3667 quam

2037 3685 2354 3742 ineﬂabilem
2375 3684 2608 3740 ostendit
2640 3685 2732 3740 Dei
2779 3686 3067 3756 potentiam
3114 3697 3168 3740 et
3197 3687 3627 3757 providentiam?

2035 3776 2196 3845 Quasi
2222 3775 2426 3831 diceret
2455 3793 2468 3829 :
2497 3774 2645 3830 Sicut
2674 3789 2776 3831 nos
2803 3777 3077 3846 aperimus
3102 3785 3159 3833 et
3195 3764 3494 3835 claudiinus
3528 3777 3626 3836 do-

2035 3880 2203 3931 mum,
2237 3867 2306 3921 ita
2349 3875 2404 3922 et
2455 3865 2714 3922 Dominus
2753 3867 2804 3920 in
2853 3876 3041 3922 natura
3088 3879 3358 3938 operatur,
3419 3879 3475 3926 et
3524 3885 3626 3926 suo

2035 3966 2305 4029 praecepto
2331 3956 2550 4023 claudit,
2577 3966 2632 4012 et
2658 3958 2851 4013 iterum
2879 3959 3098 4028 quando
3124 3961 3237 4015 vult
3261 3961 3456 4031 aperit,
3476 3962 3623 4032 etju-

2037 4048 2126 4104 bet
2155 4055 2394 4102 naturam
2422 4047 2562 4119 quod
2601 4061 2756 4102 suum
2794 4057 2878 4103 est
2907 4051 3137 4119 operari.
3173 4050 3437 4119 Quoniam
3466 4053 3624 4123 igitur

2040 4135 2294 4192 Conclusit
2350 4154 2429 4192 me
2472 4137 2721 4193 Dominus
2743 4178 2758 4205 ,
2817 4155 2879 4193 ne
2931 4156 3158 4210 parerem
3179 4183 3194 4208 ,
3253 4142 3515 4213 ingredere
3555 4145 3624 4198 ad

2037 4228 2277 4282 ancillam
2302 4244 2492 4294 meam,
2524 4239 2578 4282 ut
2631 4245 2694 4283 ea:
2740 4245 2799 4283 ea
2835 4231 3027 4299 prolem
3071 4248 3319 4302 procrees.
3373 4234 3496 4289 Scio
3537 4250 3628 4290 me

2039 4319 2282 4374 orbitatis
2307 4334 2524 4374 causam
2559 4335 2711 4386 esse;
2742 4332 3022 4391 propterea
3063 4324 3187 4377 nolo
3213 4332 3266 4378 te
3293 4325 3503 4393 privare
3530 4326 3625 4382 illo

2039 4411 2251 4465 solatio.
2275 4409 2544 4465 Fortassis
2570 4419 2746 4466 autem
2775 4412 2937 4465 etiam
2963 4413 3332 4482 suspicabatur
3351 4415 3480 4470 Sara
3512 4425 3624 4472 ste-

2037 4501 2288 4556 rilitatem
2315 4502 2457 4555 illam
2485 4517 2592 4556 non
2636 4517 2666 4556 a
2703 4518 2763 4558 se
2788 4503 2899 4557 sola
2929 4518 3047 4558 esse
3073 4545 3089 4569 ,
3121 4503 3215 4559 sed
3241 4507 3403 4562 etiam
3432 4523 3496 4563 ex
3525 4523 3623 4580 pa-

2039 4592 2267 4646 triarcha
2299 4607 2313 4646 :
2342 4591 2466 4646 ideo
2488 4591 2676 4647 volens
2700 4602 2849 4648 certe
2874 4594 3241 4663 experimento
3275 4596 3329 4651 id
3355 4600 3622 4669 comperi-

2039 4695 2118 4747 re,
2151 4682 2357 4736 ancillas
2376 4681 2538 4748 cedit,
2569 4690 2623 4737 et
2651 4683 2796 4737 illam
2816 4683 2866 4737 in
2893 4683 3088 4739 lectum
3116 4686 3256 4740 illius
3281 4687 3448 4754 ducit,
3479 4699 3536 4744 ut
3565 4707 3626 4747 re

2040 4771 2150 4841 ipsa
2179 4771 2348 4827 discat
2373 4787 2440 4827 an
2467 4772 2577 4826 sola
2600 4772 2668 4827 sit
2686 4773 2738 4827 in
2765 4788 2948 4839 causa,
2974 4775 3182 4845 sibique
3207 4777 3306 4831 solt
3331 4779 3402 4833 sit
3425 4779 3624 4835 adscri-

2039 4860 2213 4917 benda
2241 4863 2513 4917 sterilitas.
2564 4862 2795 4918 Obedt'vt't
2846 4873 3033 4930 autent,
3068 4865 3258 4936 inquit,
3285 4867 3474 4923 Abram
3517 4872 3624 4924 uoci

2041 4952 2206 5007 Sarar.
2233 4953 2415 5023 Magna
2437 4953 2566 5022 justi
2595 4953 2944 5025 philosophia.
2975 4955 3030 5009 ld
3055 4956 3198 5011 enim
3219 4959 3360 5028 quod
3377 4958 3503 5024 dixi,
3524 4959 3626 5016 hoc

2038 5051 2091 5096 et
2113 5058 2252 5098 nunc
2276 5042 2398 5098 dico
2429 5059 2443 5095 :
2474 5042 2623 5098 illum
2653 5059 2760 5097 nou
2791 5044 3023 5113 priorem
3053 5047 3155 5101 hoc
3174 5048 3454 5103 consilium
3477 5050 3624 5106 iniis-

2039 5147 2117 5199 se,
2149 5134 2393 5203 quamvis
2423 5134 2477 5188 in
2523 5142 2763 5189 extrema
2813 5144 3089 5192 senectute
3136 5148 3314 5206 esset,
3343 5151 3397 5196 et
3424 5157 3563 5198 nunc
3594 5158 3624 5198 a

2040 5223 2169 5278 Sara
2189 5225 2516 5279 admonitum
2545 5234 2790 5296 prompte
2835 5226 3160 5296 obedivisse,
3205 5239 3261 5284 ut
3307 5230 3524 5287 doceret
3567 5249 3624 5289 se

2040 5328 2144 5368 non
2175 5330 2241 5370 ex
2265 5315 2690 5386 concupiscentia
2722 5315 2806 5371 vel
2842 5316 3060 5373 libidine
3088 5320 3342 5390 congredi
3379 5337 3499 5376 cum
3533 5323 3620 5377 illa

2042 5407 2292 5472 voluisse,
2310 5407 2402 5462 sed
2425 5415 2481 5462 ut
2518 5406 2741 5462 seminis
2769 5407 3096 5478 relinqueret
3119 5411 3531 5468 successionem.
3567 5415 3620 5468 5.

2042 5497 2107 5552 Et
2127 5498 2241 5551 tulit
2269 5498 2404 5554 Sara
2428 5515 2556 5553 uxor
2593 5499 2745 5552 Abrae
2781 5500 2999 5571 Agerent
3039 5501 3346 5574 Egyptiam
3383 5508 3623 5561 ancillam

2039 5606 2182 5644 suam
2203 5631 2220 5656 ,
2252 5599 2517 5660 postquam
2542 5590 2711 5644 decem
2740 5606 2901 5645 annos
2928 5592 3198 5648 habitasset
3245 5612 3360 5651 cum
3385 5599 3490 5652 uiro
3527 5617 3623 5655 suo

2037 5681 2090 5735 in
2111 5679 2400 5738 Chanantea
2421 5685 2500 5755 (a)
2527 5695 2573 5741 et
2595 5687 2730 5742 dedit
2751 5705 2862 5744 eam
2889 5689 3039 5744 Abrae
3064 5692 3169 5745 viro
3197 5709 3290 5748 suo
3308 5695 3361 5749 in
3388 5711 3624 5753 uxorem.

2105 5795 2180 5860 (a)
2211 5798 2292 5848 ulc
2314 5799 2498 5850 variant
2515 5798 2816 5864 exemplaria
2836 5803 3144 5864 septuaginta
3169 5811 3508 5870 Interpretare,
3539 5809 3626 5858 ubi
