4058 6378
317 367 435 423 353

324 484 591 549 Attende,
646 483 904 549 obsecro,
949 480 1237 549 Scripturaa
1267 475 1594 546 diligentiam
1624 490 1638 528 :
1665 479 1733 528 'ut
1774 471 1915 525 enim

319 576 595 632 discamus
621 576 767 630 illum
786 588 890 629 non
923 586 1042 627 mox
1069 580 1193 640 post
1221 568 1334 622 hare
1360 567 1521 622 verba
1547 578 1666 635 quas
1694 562 1760 618 ad
1794 576 1916 616 eum

321 666 461 721 dixit
508 666 663 729 Sara,
688 666 741 719 in
786 678 921 733 opus
970 660 1302 732 prosiluisse,
1332 657 1454 712 ideo
1504 655 1635 711 dicit
1665 673 1679 708 ε
1709 652 1777 708 Et
1802 652 1918 708 tulit

321 756 462 813 Sara
508 773 639 811 tuor
665 755 817 810 Abra:
842 755 1057 825 Agarem
1092 751 1395 822 rEgyptiam
1438 747 1677 801 ancillam
1721 761 1865 800 suam
1898 760 1918 798 :

315 847 475 916 queis
494 846 795 901 subindicat
820 845 973 900 nobis
1002 844 1274 912 Scriptura
1313 841 1498 896 divina
1524 854 1645 893 eum
1679 851 1905 893 uxorem

316 951 476 992 suam
500 936 917 999 consolaturum,
939 942 993 989 et
1016 934 1065 989 ei
1089 933 1312 1004 obsequi
1333 931 1620 992 volentem.
1645 927 1784 983 hanc
1799 941 1914 982 rem

316 1023 538 1082 fecisse.
572 1026 705 1083 Nam
735 1034 792 1081 ut
817 1025 1093 1081 evidenter
1120 1024 1259 1078 scias
1288 1019 1603 1092 patriarchae
1625 1018 1912 1074 continen-

317 1119 449 1171 tiam
470 1125 525 1172 et
550 1116 799 1171 eximiam
829 1113 1237 1185 temperantiam
1263 1153 1277 1179 ,
1309 1111 1437 1166 dicit
1470 1126 1485 1165 :
1518 1108 1795 1180 Postquam
1818 1107 1909 1162 de-

311 1222 428 1263 cent
457 1208 604 1262 annis
637 1207 907 1261 habitasset
958 1220 1073 1259 cum
1123 1203 1345 1258 Abramo
1392 1203 1501 1256 viro
1540 1217 1633 1256 suo
1677 1202 1729 1254 in
1776 1208 1911 1254 terra

308 1294 582 1352 Chanaan.
609 1297 726 1353 Non
756 1298 958 1366 absque
984 1308 1145 1350 causa
1170 1302 1377 1363 tempus
1403 1292 1712 1363 assignavit,
1732 1290 1827 1346 sed
1848 1297 1910 1345 ut

312 1388 457 1442 scire
485 1388 747 1456 possimus
772 1394 903 1457 quot
927 1385 1082 1440 anuis
1108 1385 1283 1455 justus
1310 1384 1522 1440 fortiter
1546 1382 1905 1438 infecundita-

311 1487 425 1533 tem
456 1478 652 1544 tulerit,
682 1489 738 1534 et
763 1478 1040 1533 affectibus
1070 1476 1319 1546 superior
1340 1489 1586 1545 magnam
1604 1472 1907 1530 exhibuerit

209 1629 212 1631 Α
307 1570 693 1625 continentiam
724 1588 742 1625 :
776 1586 947 1641 neque
976 1570 1079 1625 hoc
1098 1570 1295 1633 solum,
1317 1568 1412 1624 sed
1439 1576 1497 1623 ut
1516 1577 1569 1622 et
1589 1566 1730 1622 aliud
1752 1565 1905 1637 quid.

305 1660 434 1713 dam
481 1659 605 1715 inde
650 1661 936 1715 discamus.
990 1659 1114 1715 Ideo
1160 1663 1305 1715 enim
1359 1658 1593 1727 adjecit:
1624 1655 1903 1725 Postquam

302 1753 480 1805 decem
498 1752 647 1805 annis
670 1751 943 1805 habitasset
964 1767 1079 1804 cum
1100 1750 1207 1804 uiro
1232 1765 1328 1804 suo
1355 1750 1409 1803 in
1437 1757 1571 1803 terra
1608 1747 1855 1801 Chartam
1882 1762 1903 1801 :

301 1855 415 1895 non
444 1841 586 1894 enim
617 1855 777 1897 omne
797 1849 1007 1911 tempus
1028 1839 1442 1895 cohabitationis
1479 1837 1634 1893 nobis
1657 1836 1898 1891 declara-

304 1933 401 1997 vit,
424 1934 518 1988 sed
542 1933 671 1989 illud
690 1935 864 1988 solum
905 1932 1045 2003 quod
1087 1932 1141 1985 in
1185 1930 1484 1986 Chananaza
1525 1936 1898 1998 consumptum

297 2034 405 2079 est.
434 2024 611 2093 Quare
638 2026 740 2080 hoc
763 2066 779 2090 ,
810 2032 865 2079 et
892 2038 1051 2092 quam
1083 2023 1153 2078 ob
1173 2022 1442 2077 causam?
1472 2022 1604 2087 Quia
1635 2021 1815 2074 statim
1843 2028 1900 2073 ut

300 2116 449 2170 venit
468 2117 521 2170 in
538 2114 915 2179 Chananeam,
936 2114 1197 2184 benignus
1216 2112 1469 2168 Dominus
1485 2109 1896 2182 promissionem

298 2206 427 2262 fecit
456 2208 537 2261 his
565 2208 744 2263 verbis
773 2221 788 2260 :
824 2206 1021 2261 Semiui
1044 2213 1134 2257 tuo
1156 2203 1287 2258 dabo
1314 2212 1499 2257 terram
1522 2202 1653 2255 hanc
1672 2218 1691 2254 :
1710 2208 1764 2255 et
1780 2208 1898 2269 post

294 2295 417 2351 {nec
446 2312 657 2367 quoque
684 2296 853 2353 semel
871 2297 1029 2366 atque
1051 2296 1243 2349 iterum
1266 2291 1647 2363 promissiones
1659 2290 1893 2360 repetiit,

296 2394 359 2440 nt
386 2386 556 2453 scias,
588 2386 785 2443 dilecte
806 2428 821 2453 ,
849 2387 1093 2456 quamvis
1147 2391 1298 2440 tanto
1343 2392 1587 2452 tempore
1641 2380 1895 2437 Dominus

291 2477 581 2542 distulerit,
612 2488 670 2534 et
712 2479 976 2548 promissa
1025 2493 1132 2532 non
1177 2476 1499 2547 impleverit,
1536 2474 1893 2545 pntriarcham

291 2578 475 2623 tamen
516 2586 623 2625 non
656 2570 822 2625 fuisse
868 2571 1055 2625 animo
1104 2568 1399 2633 turbatum,
1455 2568 1549 2623 sed
1594 2568 1893 2623 ratiociniis

290 2661 407 2714 suis
452 2660 629 2714 divina
658 2662 799 2717 dicta
843 2650 1162 2732 praetulisse.
1223 2660 1512 2729 Propterea
1557 2659 1707 2725 dicit,
1748 2658 1893 2713 Post-

292 2764 447 2817 quam
473 2751 642 2804 decem
664 2767 829 2805 annos
854 2751 1009 2805 simul
1037 2751 1346 2805 habitassent
1375 2751 1429 2804 in
1457 2760 1590 2803 terra
1619 2749 1887 2806 Chanaan.

294 2840 483 2895 Vidisti
530 2841 734 2897 virilem
785 2841 1064 2896 animum?
1103 2841 1284 2896 vidisti
1337 2840 1691 2911 philosophia:
1735 2838 1893 2909 hujus

289 2932 769 2987 exercitationem?
809 2932 1081 3002 quomodo
1122 2932 1379 2987 Dominus
1434 2940 1494 2987 ut
1535 2946 1653 2986 eam
1704 2930 1892 2985 reddat

290 3021 655 3085 illustriorem,
682 3032 857 3078 cesset
886 3039 950 3078 ac
988 3022 1238 3077 differat?
1276 3022 1407 3076 Nam
1438 3024 1562 3092 quia
1597 3022 1887 3092 plurimum

286 3116 337 3170 ei
365 3130 511 3169 cura:
543 3126 665 3169 sunt
698 3114 881 3170 famuli
908 3116 989 3170 sui
1016 3155 1031 3180 ,
1064 3124 1171 3170 non
1219 3115 1289 3169 ita
1339 3116 1655 3184 simpliciter
1705 3115 1757 3168 in
1795 3128 1889 3168 eos

286 3203 537 3260 ensiferre
562 3205 839 3271 beneﬁcia,
868 3204 963 3260 sed
996 3206 1154 3259 simul
1176 3206 1336 3259 etiam
1354 3206 1672 3274 conspicuos
1692 3203 1888 3259 redde-

287 3309 372 3357 re,
402 3293 670 3363 ﬁdemque
714 3295 951 3365 ipsorum
982 3296 1231 3351 omnibus
1254 3295 1532 3351 declarare
1581 3295 1789 3366 satagit.
1830 3294 1887 3350 Si

285 3385 431 3438 ntiim
449 3385 630 3439 statim
653 3394 710 3440 ut
731 3388 975 3456 promisit
995 3401 1054 3443 se
1078 3388 1328 3443 daturum
1352 3389 1543 3444 semini
1556 3388 1673 3458 ejus
1684 3397 1883 3443 terram

286 3475 447 3539 hanc,
489 3476 785 3544 aperuisset
836 3476 983 3533 Sane
1032 3479 1270 3545 vulvam,
1312 3487 1368 3534 et
1416 3478 1616 3534 liberos
1650 3477 1889 3534 dedisset

285 3579 650 3633 successores,
680 3581 854 3637 neque
879 3576 984 3622 tam
1007 3583 1255 3638 magnum
1295 3568 1627 3625 exhibuisset
1652 3570 1881 3624 miracu-

284 3658 419 3719 lnm,
451 3674 626 3729 neque
652 3668 758 3715 tam
780 3662 922 3716 clara
950 3662 1090 3731 apud
1112 3676 1303 3717 omnes
1330 3663 1517 3717 fuisset
1542 3663 1668 3733 justi
1694 3664 1882 3716 virtus.

286 3744 469 3803 Virtus
496 3750 639 3803 enim
684 3750 778 3805 Dei
804 3759 859 3805 et
888 3760 1012 3805 tunc
1059 3752 1340 3807 manifesta
1393 3752 1608 3821 quidem
1662 3752 1882 3807 fuisset:

284 3853 411 3892 nam
442 3848 740 3894 emortuam
769 3850 976 3896 natum
1000 3828 1292 3908 ofﬁcinam,
1321 3852 1374 3898 et
1404 3843 1644 3898 inutilem
1664 3846 1729 3898 ad
1758 3858 1884 3913 pro-

283 3931 547 3984 creandos
573 3931 714 3986 ﬁlios
745 3931 958 3998 iactam,
993 3948 1092 3987 suo
1119 3942 1388 4001 prmcepto
1432 3934 1621 3988 iterum
1644 3943 1884 4003 vegetam

284 4022 501 4078 fecisset
532 4038 547 4077 :
579 4032 632 4077 at
655 4040 761 4077 non
788 4025 859 4078 ita
892 4038 1107 4078 suarum
1130 4025 1343 4079 laudum
1374 4039 1574 4079 corona
1601 4024 1885 4082 redimitus

284 4112 473 4165 fuisset
504 4112 825 4181 patriarcha,
861 4122 916 4166 ut
945 4129 1088 4168 nunc
1112 4128 1234 4169 cum
1258 4122 1405 4168 tanto
1443 4124 1683 4184 tempore
1719 4116 1885 4185 ipsius

284 4203 509 4272 probata
532 4214 614 4260 cst
643 4205 830 4267 virtus,
862 4215 916 4259 et
942 4205 1180 4274 quotidie
1205 4206 1343 4260 facta
1371 4214 1454 4261 est
1481 4207 1701 4262 clarior.

355 4297 409 4351 3.
462 4297 528 4350 Et
554 4307 612 4350 ut
640 4297 777 4351 scias
824 4298 989 4351 Deum
1021 4312 1126 4352 non
1157 4299 1332 4353 solum
1362 4299 1618 4355 beneﬁcia
1646 4311 1701 4355 ct
1743 4301 1883 4356 dona

280 4404 381 4443 sua
428 4389 676 4443 conferre
705 4390 861 4453 velle,
896 4390 988 4444 sed
1017 4391 1230 4445 solitum
1280 4382 1402 4446 esse
1452 4392 1703 4447 beneﬁcia
1734 4407 1884 4449 acce-

288 4493 474 4551 pturos
502 4480 727 4536 reddere
748 4483 1027 4549 clariores,
1059 4484 1179 4538 vide
1208 4484 1353 4538 illum
1387 4484 1489 4538 hoc
1517 4494 1567 4538 ct
1600 4485 1650 4538 in
1679 4483 1886 4538 Chana-

284 4588 401 4629 i-ma
432 4572 519 4627 illa
552 4575 747 4641 facere,
781 4583 835 4628 ct
880 4574 1079 4629 idcirco
1104 4590 1317 4630 cessare
1344 4589 1406 4629 ac
1434 4572 1666 4639 dillerre,
1695 4584 1753 4630 ut
1779 4591 1885 4632 non

282 4662 456 4716 solum
490 4664 799 4733 petitionem
841 4664 981 4719 illius
1029 4664 1278 4719 exaudiat
1307 4663 1519 4735 (Matth.
1570 4663 1681 4737 15),
1712 4664 1806 4719 sed
1833 4675 1889 4721 et

284 4764 344 4807 nt
370 4753 514 4808 illam
545 4755 712 4825 ipsam
746 4756 798 4809 in
829 4764 939 4810 toto
958 4757 1087 4810 orbe
1107 4757 1372 4811 celebrem
1402 4756 1607 4811 reddat.
1636 4755 1889 4821 Quando-

281 4847 501 4916 quidem
540 4859 661 4901 φησι
708 4846 1028 4915 supplicaret
1077 4862 1138 4901 ac
1179 4847 1379 4901 diceret
1410 4864 1424 4899 :
1460 4847 1701 4901 Miserere
1744 4849 1842 4903 mei
1868 4890 1883 4915 ,

284 4938 523 5005 Domine,
547 4938 664 5008 quia
696 4936 803 5005 ﬁlia
826 4953 937 4990 mea
959 4936 1091 4989 male
1110 4953 1139 4989 a
1161 4936 1411 4991 daemonio
1433 4946 1690 5007 torquetur
1720 4936 1881 5001 (Ibid.

285 5045 332 5080 υ.
364 5026 461 5098 2‘2)
506 5044 519 5079 :
552 5042 724 5095 neque
762 5041 1024 5095 responso
1061 5042 1179 5081 eam
1225 5027 1470 5097 dignatur
1498 5031 1804 5084 misericors
1831 5039 1887 5084 et

283 5117 737 5178 clementissimus
776 5118 1031 5171 Dominus
1072 5119 1184 5189 (a),
1212 5120 1406 5190 alioqui
1459 5136 1645 5189 preces
1675 5130 1885 5179 nostras

279 5223 503 5278 semper
532 5200 885 5279 praeveniens.
919 5209 984 5262 Et
1034 5208 1276 5278 discipuli
1322 5210 1537 5279 quidem
1584 5212 1887 5267 nescientes

286 5298 415 5368 quid
460 5297 693 5354 futurum
724 5310 888 5367 esset,
936 5308 1137 5355 cteum
1184 5316 1365 5356 curam
1413 5318 1569 5373 agere
1592 5305 1838 5359 mulieris
1865 5348 1878 5370 ,

293 5463 625 5540 legiilurittetdt.
642 5468 757 5514 δέκα
778 5468 858 5540 ἔιτη
879 5465 964 5540 Έοῦ
1002 5468 1229 5540 θὶκῆσαι-
1252 5468 1447 5540 ξΑόρᾳίῇ
1476 5472 1521 5519 ἐν
1554 5478 1619 5540 ,γῇ
1664 5475 1873 5540 Χαναάγ.

291 5528 628 5585 t'hrysostomi
657 5541 772 5575 vero
794 5528 1061 5577 lectionem
1086 5544 1181 5577 non
1209 5528 1363 5580 fuisse
1402 5528 1707 5583 librariorum
1743 5537 1879 5587 ausi-

293 5587 383 5659 bus
410 5593 719 5659 temeratam,
746 5590 859 5637 hinc
887 5591 1123 5659 liquidum
1152 5601 1248 5651 est,
1272 5595 1400 5657 quod
1433 5597 1604 5643 eadem
1640 5594 1740 5659 ipsa
1767 5597 1875 5647 sine

292 5648 578 5716 discrimine
603 5648 679 5716 bis
704 5648 994 5716 repetantur
1022 5651 1161 5701 infra.

355 5710 426 5781 (ᾳ)
458 5710 577 5781 Qua:
603 5710 681 5758 hic
707 5710 773 5759 de
796 5714 1064 5781 tilianattua
1086 5716 1336 5781 dicuntur,
1362 5717 1533 5781 eadem
1564 5715 1664 5779 ipsa
1698 5733 1876 5781 perse-

297 5777 465 5828 qutlur
490 5772 865 5833 ChQSUSlOIHUe
889 5775 1071 5825 Hotnil.
1102 5777 1160 5824 55
1188 5777 1235 5825 in
1268 5772 1565 5830 hléllba‘um.

1259 360 1327 417 IN
1362 358 1517 417 car.
1558 326 1990 413 xvrssuss.
2034 350 2262 409 noutL.
2304 349 2593 410 xxxvnt.

3530 360 3637 415 554

2031 466 2283 536 nulloque
2309 468 2617 523 thesaurum
2663 466 2780 537 ejus
2808 466 2999 533 latere,
3027 475 3188 538 atque
3233 467 3355 525 ideo
3400 485 3509 527 non
3540 488 3630 527 re~

2026 556 2318 627 spondere,
2345 558 2496 627 quasi
2525 557 2729 627 majore
2758 558 3227 613 commiseratione
3256 558 3423 627 ducti,
3452 576 3635 619 acces-

2024 656 2209 703 serunt
2250 656 2308 704 et
2348 648 2703 705 obsecrabant
2750 664 2873 705 eum
2912 648 3159 706 dicentes
3191 670 3205 705 :
3240 650 3448 708 Dimitte
3472 671 3584 709 etim
3613 697 3633 725 ,

2019 742 2140 810 quia
2153 740 2465 811 clamaqpost
2490 757 2582 796 nos
2597 740 2810 812 (Matth.
2832 742 2918 797 l5.
2941 740 3037 812 25)
3059 760 3072 795 :
3089 744 3240 812 quasi
3268 753 3633 803 monstrarent

2021 846 2080 886 se
2099 830 2210 901 jam
2238 847 2346 887 non
2384 831 2527 888 ferre
2552 832 2694 889 illius
2719 834 3046 889 molestiam.
3074 833 3287 889 Dimitte
3308 836 3452 892 enim
3477 853 3628 905 eam,

2020 922 2290 993 inquiunt,
2320 939 2425 979 non
2466 925 2591 995 quia
2616 933 2724 979 tam
2752 939 3058 981 aerumnosa
3085 935 3188 993 est,
3220 940 3327 982 non
3358 927 3481 998 quia
3509 941 3605 997 pre

2016 1028 2112 1069 ces
2138 1014 2255 1085 ejus
2284 1015 2633 1072 rationabiles
2658 1025 2803 1081 sunt,
2832 1016 2927 1072 sed
2954 1017 3091 1085 Quia
3131 1020 3319 1074 clamat
3370 1030 3483 1091 post
3512 1038 3626 1078 nos.

2018 1104 2158 1173 Quid
2204 1104 2363 1175 igitur
2392 1104 2692 1162 Dominus?
2723 1106 2922 1165 Volens
2948 1117 3006 1164 et
3033 1108 3289 1178 paulatim
3322 1110 3466 1165 illius
3513 1111 3634 1167 the-

2011 1211 2237 1254 saurum
2286 1196 2570 1268 detegere,
2620 1207 2678 1257 et
2721 1198 2922 1256 docere
2966 1211 3223 1271 quantum
3268 1202 3521 1273 discipuli
3560 1204 3628 1260 ab

2014 1287 2350 1345 humanitate
2395 1303 2490 1345 sua
2533 1291 2806 1358 abessent,
2855 1307 3172 1361 responsum
3221 1292 3333 1362 dat,
3382 1294 3530 1364 quod
3568 1305 3629 1352 et

2014 1382 2257 1437 mulieris
2286 1397 2559 1438 occceare
2584 1392 2845 1449 mentem,
2869 1383 2974 1438 nisi
2994 1392 3142 1438 tanto
3164 1384 3347 1439 luisset
3365 1399 3627 1443 succensa

2015 1474 2286 1530 desiderio
2335 1474 2718 1544 alacritateque
2775 1474 3068 1545 viguisset,
3115 1484 3172 1532 et
3217 1476 3511 1548 discipulos
3556 1479 3627 1534 ab

2016 1565 2447 1635 interpellatione
2494 1566 2772 1622 deterrere
2820 1566 3100 1636 potuisset.
3150 1566 3271 1621 Non
3312 1583 3430 1623 sum
3476 1568 3623 1623 enim

2009 1658 2212 1724 missus,
2247 1658 2452 1729 inquit,
2480 1658 2581 1712 nisi
2607 1659 2677 1713 ad
2706 1674 2823 1713 oves
2858 1659 3041 1715 domus
3070 1658 3257 1725 Israel,
3301 1675 3415 1729 qua
3451 1660 3624 1730 peris-

2008 1758 2127 1803 runt
2153 1747 2316 1819 (Ibid.
2350 1765 2397 1805 υ.
2428 1748 2542 1821 24).
2573 1750 2641 1804 Ει
2664 1750 2766 1806 hoc
2790 1750 3005 1820 quidem
3038 1750 3243 1805 dictum
3266 1750 3384 1805 illos
3410 1751 3623 1805 abster-

2006 1843 2137 1909 ruit,
2170 1856 2237 1897 ne
2270 1856 2367 1912 pro
2392 1841 2621 1899 muliere
2646 1841 3082 1906 intercederent;
3116 1840 3209 1896 sed
3241 1841 3383 1895 illam
3408 1843 3624 1912 segnio-

2005 1948 2120 1989 rem
2158 1949 2265 1988 non
2293 1931 2438 1999 fecit,
2470 1934 2580 1988 imo
2604 1932 2660 1988 in
2683 1946 2843 1988 causa
2870 1930 2965 1988 fuit
2996 1941 3055 1986 ut
3080 1933 3254 2003 magis
3281 1941 3516 2003 urgeret.
3544 1932 3620 1987 Ita

2004 2025 2145 2081 enim
2172 2041 2232 2080 se
2258 2026 2418 2081 habet
2445 2026 2623 2080 anima
2652 2025 2862 2090 dolens,
2892 2031 2949 2080 et
2974 2023 3204 2081 ferventi
3228 2024 3422 2080 aﬁ'ectu
3463 2038 3623 2082 acce-

2002 2115 2175 2171 dens:
2205 2117 2337 2172 nihil
2363 2116 2591 2172 attendit
2625 2130 2814 2172 eorum
2856 2130 2977 2186 quae
3003 2115 3293 2181 dicuntur;
3323 2113 3419 2170 sed
3445 2131 3617 2171 unum

2004 2206 2179 2262 solum
2210 2215 2439 2276 spectat,
2465 2205 2738 2277 quomodo
2768 2220 2830 2261 ea
2858 2220 2979 2276 quae
3019 2206 3122 2261 sibi
3149 2221 3295 2261 cura:
3324 2215 3451 2261 sunt
3474 2220 3623 2262 asse-

2002 2307 2195 2367 quatur
2226 2315 2241 2351 :
2273 2297 2328 2349 id
2351 2296 2492 2367 quod
2521 2305 2576 2350 et
2594 2297 2695 2351 ista
2723 2296 2868 2350 fecit.
2896 2295 3267 2351 Auditisenim
3289 2295 3396 2360 his,
3427 2296 3622 2350 iterum

2004 2389 2194 2458 inquit,
2228 2388 2473 2441 Adoravit
2520 2403 2654 2453 eum,
2703 2387 2876 2441 dicens
2908 2402 2927 2441 :
2960 2385 3204 2441 Μίδαν-σε
3252 2388 3370 2451 mei,
3406 2384 3625 2441 Domine

2002 2477 2163 2547 (Ibid.
2197 2494 2245 2531 υ.
2271 2476 2390 2549 εδ).
2427 2476 2641 2533 Sciebat
2667 2477 2881 2531 Domini
2926 2476 3374 2539 misericordiam,
3408 2485 3462 2531 et
3494 2492 3621 2546 pro-

2001 2567 2126 2623 inde
2151 2583 2343 2638 magna
2376 2567 2696 2622 assiduitate
2724 2566 2993 2622 utebatur.
3015 2565 3127 2622 Sed
3172 2566 3295 2621 vide
3323 2565 3621 2637 sapiente.

2000 2661 2151 2717 illum
2181 2672 2236 2717 et
2274 2661 2553 2728 solertem,
2602 2660 2875 2732 quomodo
2921 2675 3099 2730 neque
3136 2660 3216 2715 sic
3256 2668 3477 2725 annuat,
3522 2658 3620 2714 sed

2002 2755 2247 2825 asperius
2274 2762 2329 2809 et
2356 2754 2734 2809 vehementius
2765 2752 2908 2806 illam
2947 2751 3265 2805 concutiens
3296 2762 3620 2821 responsum

1997 2846 2105 2900 det.
2139 2844 2354 2900 Sciebat
2397 2846 2540 2899 enim
2594 2842 2962 2898 fortitudinem
3008 2841 3274 2906 mulieris,
3322 2849 3377 2895 et
3404 2839 3622 2896 volebat

1997 2950 2115 2990 eam
2147 2949 2253 2988 non
2284 2934 2496 2988 occulte
2524 2933 2772 3002 accipere
2800 2930 3117 2987 beneﬁcium
3142 2946 3158 2997 ;
3190 2931 3261 2985 ita
3284 2940 3343 2985 ut
3368 2927 3620 3001 discipuli

1997 3026 2267 3081 discerent
2303 3042 2369 3080 ex
2413 3025 2555 3080 facto
2604 3023 2875 3078 dilationis
2917 3036 3158 3087 causam,
3189 3031 3246 3077 et
3292 3021 3381 3075 alii
3428 3036 3621 3077 omnes

1996 3117 2345 3180 docerentur,
2372 3122 2571 3183 quanta
2622 3113 2691 3166 sit
2741 3111 3073 3166 assiduitatis
3100 3120 3155 3165 et
3201 3110 3620 3181 perseverantia:

2002 3208 2258 3279 potentia,
2288 3215 2342 3261 ct
2370 3205 2612 3261 mulieris
2642 3204 2831 3259 virtus.
2862 3203 2996 3257 Nam
3044 3204 3176 3257 dicit
3208 3222 3221 3256 :
3258 3202 3382 3257 Non
3422 3211 3492 3257 est
3530 3204 3619 3257 bo-

1996 3315 2120 3352 num
2150 3312 2349 3352 sumere
2387 3310 2568 3365 panem
2605 3294 2853 3363 ﬁliorum,
2885 3302 2934 3346 et
2961 3294 3179 3360 objicere
3205 3292 3420 3347 canibus
3447 3290 3611 3364 (Ibid.

1994 3407 2039 3445 υ.
2068 3390 2187 3461 26).
2234 3388 2353 3455 Hic,
2386 3386 2633 3451 obsecro,
2667 3385 3035 3441 animadverte
3083 3384 3327 3439 mulieris
3356 3392 3616 3439 constan-

1995 3484 2144 3548 tiam,
2193 3488 2393 3551 quanta
2440 3479 2715 3534 alacritate
2766 3492 3027 3533 succensa
3083 3476 3260 3543 fuerit,
3316 3485 3515 3546 quanta
3560 3477 3616 3531 in

1994 3575 2160 3628 Deum
2190 3572 2293 3627 ﬁde
2315 3570 2528 3627 incitata
2558 3570 2734 3631 fuerit.
2764 3583 2885 3624 cum
2910 3568 3123 3623 interim
3152 3568 3355 3622 viscera
3388 3567 3525 3636 ipsa,
3556 3578 3616 3623 ut

1994 3669 2062 3721 ita
2093 3666 2292 3731 dicam,
2341 3680 2450 3735 prae
2478 3662 2668 3719 dolore
2711 3662 3130 3725 dissecarentur,
3176 3668 3233 3715 et
3275 3659 3438 3714 multa
3486 3658 3615 3715 ﬁlia:

1992 3760 2463 3815 commiseratione
2494 3766 2768 3812 teneretur
2801 3772 2815 3809 :
2850 3770 2957 3810 non
2981 3764 3260 3809 aversatur
3280 3797 3295 3819 ,
3327 3768 3428 3809 nec
3468 3762 3615 3808 retro

1992 3851 2135 3907 cedit
2163 3851 2233 3905 ob
2254 3851 2399 3907 verbi
2422 3848 2801 3904 contumeliam
2827 3863 2841 3912 ;
2874 3846 2967 3902 sed
2991 3847 3173 3901 audito
3194 3846 3343 3900 canis
3370 3844 3611 3909 nomine,

1992 3945 2117 3999 boni
2168 3943 2418 4008 consulit,
2469 3953 2523 3996 et
2550 3942 2746 3996 fatetur
2774 3955 2834 3995 se
2864 3940 3145 4003 catellum,
3178 3948 3237 3993 ut
3265 3954 3294 3991 a
3327 3952 3520 3992 canum
3552 3938 3615 3991 li-

1993 4036 2211 4090 beretur
2260 4034 2494 4098 feritate,
2530 4041 2585 4087 et
2617 4033 2668 4085 in
2700 4032 2934 4085 ﬁliorum
2974 4030 3154 4085 statim
3181 4029 3445 4099 allegatur
3469 4028 3616 4083 ordi-

1993 4143 2137 4183 nem.
2173 4125 2310 4181 Audi
2344 4125 2562 4179 tandem
2610 4123 2738 4194 quid
2786 4122 2855 4177 ad
2901 4121 3019 4178 haec
3065 4121 3262 4175 mulier
3307 4119 3526 4185 dixerit,
3556 4127 3615 4173 ut

1991 4219 2169 4273 discas
2198 4228 2456 4286 quantum
2487 4231 2550 4271 ex
2585 4208 3067 4285 procrastinatione
3116 4211 3209 4265 Dei
3241 4211 3447 4265 lucrum
3476 4225 3613 4266 con—

1991 4304 2231 4359 cedatur.
2264 4302 2381 4356 Non
2411 4300 2586 4356 solum
2614 4301 2756 4353 enim
2782 4313 2889 4353 non
2918 4297 3101 4366 abegit
3128 4295 3409 4350 mulierem
3438 4295 3613 4350 dicto-

1991 4411 2112 4449 rum
2140 4396 2424 4464 asperitas,
2454 4392 2549 4448 sed
2578 4393 2631 4448 in
2657 4392 2917 4461 majorem
2945 4388 3277 4443 alacritatem
3310 4386 3565 4441 excitavit
3593 4403 3608 4441 :

1993 4501 2186 4555 nempe
2213 4492 2495 4555 postquam
2548 4480 2752 4537 audivit
2781 4480 2898 4535 haec
2926 4478 3111 4543 verba,
3142 4477 3313 4546 inquit
3349 4494 3361 4531 :
3396 4475 3569 4529 Etiam
3593 4518 3609 4542 ,

1997 4576 2249 4641 Domine;
2277 4590 2397 4629 nam
2440 4584 2487 4629 et
2526 4572 2698 4627 catelli
2726 4574 2880 4625 edunt
2931 4569 2995 4624 de
3022 4569 3167 4623 micis
3208 4584 3325 4638 qua:
3360 4567 3552 4622 cadunt
3580 4584 3613 4622 ι

1991 4684 2167 4722 mensa
2196 4667 2523 4721 dominorum
2554 4680 2763 4719 suorum
2790 4661 2953 4733 (Ibid.
2979 4677 3026 4716 υ.
3059 4659 3173 4731 27).

2071 4760 2379 4815 Chanana'te
2414 4758 2541 4826 ﬁdes
2568 4753 3100 4809 laudatur.—Vidisti
3130 4767 3299 4822 quare
3329 4752 3608 4822 hucusque

1992 4849 2301 4906 distulerit?
2333 4848 2403 4905 Ut
2424 4863 2520 4918 per
2545 4847 2706 4902 verba
2730 4845 2972 4901 mulieris
2995 4844 3155 4899 ﬁdem
3186 4843 3327 4897 illius
3354 4844 3608 4898 eximiam

1991 4945 2281 4998 discamus.
2338 4941 2467 4997 Vide
2511 4940 2653 4995 enim
2699 4938 2969 5009 quomodo
3014 4937 3193 4993 statim
3225 4951 3346 4991 eam
3376 4936 3613 4992 laudavit

1992 5048 2043 5092 et
2071 5036 2348 5091 coronavit
2393 5034 2653 5089 Dominus
2675 5074 2687 5093 ,
2719 5032 2907 5087 dicens
2937 5047 2950 5085 ε
2983 5029 3029 5085 0
3079 5030 3282 5097 mulier,
3314 5046 3500 5101 magna
3539 5038 3612 5083 est

1992 5128 2119 5201 ﬁdes
2150 5140 2235 5183 tua
2259 5128 2419 5201 (Ibid.
2447 5126 2630 5196 v.28).
2660 5125 2831 5192 Quam
2861 5121 3122 5193 principio
3144 5136 3319 5191 neque
3348 5134 3610 5191 responso

1992 5222 2332 5290 dignabatur,
2379 5235 2502 5274 cum
2560 5217 2913 5272 admiratione
2960 5223 3015 5270 et
3072 5213 3319 5267 laudibus
3368 5212 3607 5267 dimittit.

1996 5312 2210 5382 Magna,
2241 5311 2429 5379 inquit,
2460 5319 2533 5364 est
2556 5308 2682 5377 fides
2704 5316 2816 5359 tua.
2847 5305 2978 5360 Erat
3000 5306 3147 5361 enim
3175 5319 3362 5358 revera
3391 5317 3606 5373 magna,

1986 5404 2134 5473 quod
2167 5418 2288 5459 cum
2316 5403 2521 5457 videret
2547 5401 2716 5456 semel
2740 5410 2899 5469 atque
2929 5404 3124 5454 iterum
3155 5407 3210 5453 et
3234 5398 3431 5465 saepius
3456 5410 3609 5449 aver-

1984 5508 2197 5551 santem
2224 5510 2434 5565 preces,
2466 5510 2571 5546 non
2604 5496 2813 5562 segnior
2844 5490 2980 5546 facta
3016 5491 3194 5555 fuerit,
3226 5504 3401 5558 neque
3430 5494 3607 5540 retro-

1990 5590 2237 5653 cesscrit,
2286 5587 2379 5641 sed
2426 5585 2843 5655 perseverantia:
2886 5583 3199 5637 assiduitate
3240 5577 3611 5651 provocnverit

1993 5679 2301 5741 Dominum,
2336 5678 2404 5730 ita
2446 5687 2502 5729 ut
2544 5676 2650 5729 voti
2682 5690 2904 5744 compos
2953 5674 3122 5728 ﬁeret.
3158 5670 3277 5725 Fiat
3308 5671 3450 5724 enim
3482 5667 3569 5720 tibi
3583 5707 3603 5726 η

1989 5773 2321 5845 inquit,sicut
2351 5772 2441 5825 vis.
2472 5770 2658 5824 Vidisti
2691 5769 2959 5840 quomodo
2981 5768 3067 5835 qui
3095 5768 3239 5833 prius
3265 5764 3404 5819 illam
3430 5776 3606 5831 neque
