4058 6440
489 389 595 444 355

489 509 744 570 responso
771 493 1018 567 dignatus
1065 493 1256 559 fuerat,
1283 505 1423 546 nunc
1467 486 1832 559 largitionibus
1856 481 2066 541 certat?

489 590 603 647 Non
633 586 776 643 enim
802 584 1118 656 simpliciter
1145 581 1331 638 annuit
1355 579 1599 652 precibus
1624 577 1786 644 illius,
1816 575 1909 631 sed
1941 589 2074 644 price

486 679 682 735 dicavit
708 687 764 735 et
806 675 1098 736 celebravit
1124 674 1286 730 illam.
1331 673 1460 728 Nam
1490 669 1739 735 dicendo,
1770 666 1816 722 Ο
1855 664 2073 731 mulier,

489 765 827 836 monstravit,
855 767 1124 839 quomodo
1146 764 1300 820 fidem
1321 762 1437 835 ejus
1460 760 1800 832 ohstupeseat
1815 774 1831 813 :
1849 754 2074 812 dicendo

490 868 688 925 autem,
721 856 914 928 Magna
955 866 1027 911 est
1055 855 1183 926 ﬁdes
1225 865 1331 920 tua,
1359 851 1574 908 divitias
1600 863 1810 920 quoque
1839 844 2075 902 mulieris

492 948 739 1006 ostendit.
769 946 970 1003 Deinde
1015 945 1186 1016 inquit
1217 961 1230 997 :
1263 942 1384 997 Fiat
1424 941 1512 996 tibi
1534 939 1663 994 sicut
1689 939 1782 993 eis.
1809 935 2072 1004 Quantum

486 1045 589 1110 vis,
620 1048 872 1113 quantum
896 1039 1081 1095 animo
1100 1037 1363 1107 concipis,
1393 1043 1596 1089 tantum
1643 1029 1879 1102 prtebeo.
1908 1027 2073 1083 Tanta

486 1133 631 1188 enim
665 1141 751 1186 tua
779 1128 1180 1203 perseverantia
1220 1126 1435 1198 dignam
1463 1133 1516 1180 te
1542 1121 1832 1178 declaravit
1872 1128 1958 1173 tua
1988 1131 2078 1187 pe-

490 1222 700 1278 titione.
726 1219 946 1276 Vidistis
971 1217 1210 1274 mulieris
1235 1212 1590 1272 constantiam
1609 1212 1637 1266 ‘l
1658 1209 1861 1265 vidistis
1885 1205 2076 1260 divinae

490 1312 760 1369 dilationis
808 1323 1055 1376 causam,
1098 1306 1350 1364 videlicet
1393 1313 1452 1359 ut
1491 1301 1765 1357 mulierem
1797 1297 2075 1352 clariorem

494 1401 778 1456 redderet?
805 1398 1106 1454 Redeamus
1135 1405 1336 1461 autem,
1362 1394 1408 1448 si
1437 1390 1629 1463 placet.
1657 1387 1724 1444 ad
1753 1385 2076 1458 prepositam

491 1491 786 1558 historiam,
815 1499 867 1545 et
893 1489 1165 1544 discamus
1197 1492 1414 1558 propter
1450 1479 1579 1537 nihil
1603 1477 1742 1533 aliud
1773 1475 2080 1547 promissio-

492 1597 588 1639 ncs
628 1580 949 1653 patriarchae
980 1579 1147 1635 factas
1191 1573 1469 1648 totlannis
1499 1570 1720 1642 implere
1762 1566 2032 1623 distulisse
2058 1606 2076 1632 ,

494 1688 654 1745 quam
685 1681 743 1729 ut
769 1672 931 1727 multa
961 1685 1080 1727 cum
1128 1667 1294 1736 gloria
1318 1679 1412 1720 eas
1441 1663 1514 1719 illi
1541 1661 1879 1726 concederet,
1907 1656 2082 1712 omni-

491 1766 697 1835 busque
725 1769 1043 1823 monstraret
1053 1758 1182 1830 justi
1211 1756 1392 1812 ﬁdem.
1417 1755 1619 1811 Idcirco
1639 1753 1785 1816 dicit,
1807 1750 2079 1821 Postquam

490 1857 661 1910 decem
706 1870 864 1910 annos
912 1853 1067 1907 simul
1109 1852 1380 1905 habitasset
1419 1849 1474 1903 in
1522 1856 1654 1901 terra
1709 1844 1951 1900 Chanaan
1979 1858 1998 1896 :
2023 1848 2082 1896 ut

494 1947 668 2002 discas
693 1953 949 2015 quantum
981 1941 1324 2014 prmteriisset
1353 1936 1609 2009 temporis
1632 1951 1696 1991 ex
1725 1950 1830 2006 quo
1857 1932 2084 2005 promis-

491 2037 673 2092 siones
691 2037 1004 2105 accepisset.
1025 2033 1214 2089 Statim
1231 2032 1371 2086 enim
1397 2039 1455 2084 ut
1473 2029 1620 2083 venit
1636 2028 1686 2081 in
1704 2026 2078 2085 Chananaaam,

491 2128 694 2183 audivit
724 2144 740 2181 :
769 2126 963 2181 Semini
983 2134 1069 2180 tuo
1098 2124 1227 2178 dabo
1255 2135 1437 2177 terram
1464 2123 1595 2174 hanc
1620 2136 1640 2173 :
1669 2127 1724 2174 et
1745 2127 1890 2172 tanto
1917 2117 2083 2171 inter-

498 2222 640 2275 vallo
667 2218 923 2290 temporis
951 2217 1153 2286 absque
1180 2213 1361 2268 liberis
1409 2218 1697 2276 manserat,
1728 2207 2082 2276 sterilitasque

493 2311 642 2364 Sara:
672 2310 885 2363 interim
924 2306 1231 2376 augebatur.
1261 2300 1327 2355 Et
1352 2301 1510 2369 dedit,
1552 2298 1740 2369 inquit,
1774 2297 1912 2368 Agar
1936 2295 2085 2349 Abrae

494 2398 601 2451 viro
629 2413 722 2452 suo
750 2397 800 2450 in
828 2410 1054 2450 uxorem.

566 2491 623 2544 4.
656 2489 789 2542 Vide
813 2496 1007 2558 quanta
1030 2486 1189 2540 etiam
1211 2483 1339 2539 olim
1361 2478 1690 2552 philosophia
1721 2476 1858 2548 apud
1878 2483 2085 2531 veteres

497 2580 880 2643 exercebatur;
921 2575 1188 2646 quomodo
1239 2583 1293 2629 et
1335 2573 1436 2628 viri
1483 2578 1841 2641 temperantes
1891 2575 2081 2631 erant,

499 2686 850 2742 magnamque
895 2668 1236 2724 continentiae
1267 2665 1533 2721 habebant
1577 2665 1856 2727 rationem,
1885 2675 1947 2716 ac
1970 2675 2087 2714 mu-

481 2765 657 2819 -tieres
686 2759 960 2834 zelotypia
988 2761 1237 2815 carebant
1257 2758 1405 2812 vitio.
1438 2755 1616 2810 Dedita
1638 2754 1780 2809 enim
1803 2765 1965 2822 Opera
1986 2766 2084 2805 stc-

499 2858 617 2928 pins
646 2855 775 2911 dicit
794 2856 1060 2922 Scriptura
1088 2870 1101 2905 :
1126 2850 1193 2906 Et
1216 2861 1270 2904 ut
1291 2851 1406 2903 tulit
1435 2848 1569 2903 Sara
1585 2846 1801 2918 Agarem
1821 2843 2084 2897 ancillam:

495 2955 549 3000 et
579 2945 766 2998 iterum
797 2960 810 2996 :
843 2942 997 2996 Dedit
1026 2958 1137 2995 eam
1157 2941 1209 2994 in
1253 2956 1464 2994 uxorem
1496 2955 1512 2992 :
1543 2947 1608 2992 ιιι
1626 2938 1800 2991 discas
1823 2932 2087 3004 quomodo

495 3037 696 3104 absque
719 3033 880 3087 animi
906 3030 1220 3100 aegritudine
1247 3030 1520 3098 negotium
1542 3028 1730 3097 egerit,
1757 3035 1812 3080 et
1835 3033 2088 3095 quantum

497 3127 641 3198 apud
670 3141 763 3180 eos
794 3135 936 3180 esset
967 3123 1173 3178 virtutis
1219 3121 1474 3177 studium.
1501 3121 1555 3176 4.
1586 3117 1652 3174 Et
1682 3120 1935 3189 ingressus
1980 3125 2086 3181 est,

499 3217 690 3287 inquit,
720 3215 789 3268 ad
829 3215 985 3285 Agar,
1037 3224 1086 3269 et
1132 3213 1377 3281 concepit.
1435 3211 1567 3266 Vide
1617 3209 1886 3281 quomodo
1934 3208 2093 3262 discit

498 3313 653 3376 Sara,
683 3324 789 3362 non
815 3306 1016 3378 justum
1045 3306 1097 3360 in
1123 3320 1281 3360 causa
1313 3304 1496 3369 luisse,
1523 3302 1663 3373 quod
1685 3309 1928 3357 carerent
1948 3299 2088 3365 ﬁliis,

498 3399 595 3454 sed
643 3413 736 3453 sua
785 3397 965 3467 potius
1011 3396 1264 3450 sterilitas
1297 3395 1516 3451 :statim
1558 3393 1701 3447 enim
1745 3406 2092 3462 congressum

501 3505 625 3546 cum
651 3488 844 3544 ancilla
892 3487 1217 3556 subsequuta
1245 3493 1327 3542 est
1356 3484 1652 3554 conceptio.
1682 3483 1944 3538 Caeterum
1973 3481 2093 3536 vide

499 3593 556 3640 et
581 3581 788 3638 ancillae,
819 3581 1084 3652 ingratum
1120 3579 1358 3633 animum
1380 3618 1392 3640 ,
1423 3587 1477 3633 et
1505 3576 1776 3632 muliebris
1818 3590 1978 3630 sexus
2007 3574 2093 3629 in-

501 3676 806 3730 ﬁrmitatem
839 3691 852 3728 :
879 3682 939 3728 ut
965 3672 1143 3727 discas
1180 3671 1345 3729 etiam
1373 3671 1473 3725 hoc
1502 3670 1619 3724 loco
1646 3667 1958 3739 patriarcha:
1989 3666 2093 3721 mi-

502 3782 618 3822 ram
643 3767 936 3822 lenitatem.
973 3765 1038 3819 Et
1076 3765 1220 3830 vidit,
1250 3764 1441 3831 inquit,
1473 3763 1608 3833 quod
1637 3771 1833 3816 uterum
1864 3770 2052 3833 gereret
2076 3801 2091 3825 ,

502 3866 552 3909 et
576 3865 858 3926 contempta
899 3864 974 3909 est
1019 3853 1223 3909 domina
1269 3869 1441 3906 coram
1479 3869 1555 3907 ea.
1607 3853 1698 3908 Ille
1745 3853 1888 3907 enim
1930 3851 2095 3907 ferme

503 3961 779 4001 servorum
810 3961 928 4002 mos
979 3954 1082 4012 est,
1133 3955 1192 4000 ut
1229 3959 1350 3998 cum
1397 3958 1583 4013 parum
1629 3943 1992 4012 prosperitatis
2019 3943 2097 3996 eis

505 4039 813 4105 accesserit,
845 4047 1113 4108 nequeant
1140 4036 1278 4091 intra
1322 4050 1448 4091 suos
1478 4034 1676 4090 limites
1719 4048 1972 4099 manere;
2005 4033 2098 4088 sed

509 4131 690 4184 statim
719 4130 799 4183 sui
828 4128 1032 4182 ordinis
1061 4127 1462 4192 obliviscantur,
1496 4136 1551 4182 et
1581 4127 1770 4197 ingrati
1797 4126 1949 4180 facile
1973 4140 2097 4181 eva-

507 4219 637 4274 dant
668 4235 682 4273 :
713 4217 764 4272 id
795 4217 936 4288 quod
969 4225 1023 4272 et
1070 4219 1194 4273 huic
1235 4218 1440 4273 ancilla:
1482 4218 1693 4274 accidit.
1723 4217 1854 4273 Nam
1886 4226 1943 4272 ut
1972 4217 2101 4274 vidit

509 4311 644 4368 uteri
677 4311 959 4377 sarcinam,
995 4326 1168 4381 neque
1197 4310 1429 4364 domina:
1460 4310 1828 4365 admirabilem
1857 4309 2099 4380 philoso—

513 4403 710 4472 phiam,
741 4417 917 4473 neque
947 4416 1057 4456 suae
1081 4401 1401 4456 conditionis
1426 4401 1682 4455 vilitatem
1707 4400 1984 4472 cogitavit:
2005 4399 2098 4455 sed

512 4493 688 4550 inﬂata
720 4503 774 4549 et
802 4493 1115 4566 superbiens
1144 4492 1464 4562 contempsit
1496 4492 1785 4559 dominam,
1814 4507 1932 4562 quae
1959 4492 2098 4546 illam

514 4597 618 4640 tam
644 4585 1069 4642 commendatam
1099 4583 1356 4650 habebat,
1388 4593 1447 4638 ut
1490 4593 1543 4638 et
1589 4586 1641 4637 in
1670 4585 1767 4639 viri
1813 4585 2100 4640 thalamum

514 4676 836 4730 admitteret.
883 4674 1020 4740 Quid
1069 4675 1229 4745 igitur
1271 4673 1445 4728 Sara?
1481 4674 1533 4728 5.
1577 4673 1754 4740 Dixit,
1803 4675 1993 4743 inquit,
2037 4676 2103 4728 ad

515 4769 701 4821 Abram
726 4783 744 4822 :
775 4766 979 4835 Iniuria
1007 4784 1039 4820 a
1059 4776 1105 4822 te
1133 4768 1339 4839 aﬂicior.
1379 4766 1510 4820 Ecce
1536 4767 1651 4820 dedi
1678 4767 1917 4820 ancillam
1943 4783 2104 4820 meam

513 4862 565 4913 in
590 4861 756 4914 sinunt
786 4869 926 4912 tuam
958 4875 976 4912 :
1004 4874 1117 4930 qua:
1138 4859 1256 4927 quia
1285 4857 1408 4912 vidit
1431 4857 1564 4927 quod
1585 4868 1781 4910 uterum
1804 4859 1952 4928 gerit,
1980 4873 2104 4911 con-

516 4949 726 5018 temptui
743 4964 914 5001 coram
931 4965 988 5001 ea
1005 4947 1173 5001 habita
1193 4963 1322 5000 sum.
1346 4945 1548 5000 Judicet
1569 4944 1700 5001 Deus
1720 4946 1850 5000 inter
1867 4963 1945 5002 me
1969 4957 2015 5001 et
2037 4957 2104 5002 te.

519 5038 633 5104 llic,
665 5051 869 5106 qumso,
895 5038 1258 5092 animadverte
1287 5037 1654 5094 incredibilem
1695 5037 2026 5098 tolerantiam
2054 5050 2107 5094 et

520 5130 872 5184 reverentiam
899 5129 1048 5197 justi,
1081 5144 1237 5201 quam
1283 5143 1404 5200 erga
1436 5128 1622 5183 Saram
1663 5129 1971 5195 declaravit,
2013 5145 2104 5183 ve-

520 5221 660 5274 niam
704 5221 771 5274 ab
817 5235 878 5274 ea
923 5229 1110 5289 petens
1149 5230 1254 5274 tam
1301 5221 1567 5276 immerito
1613 5222 1802 5290 objecti
1846 5222 2103 5276 criminis.

517 5313 646 5376 Quae
685 5311 824 5365 enim
856 5311 1100 5364 manibus
1131 5311 1375 5364 ancillam
1398 5313 1510 5365 viro
1540 5312 1848 5378 tradiderat,
1877 5321 1930 5367 ct
1955 5311 2105 5366 dixe—

522 5411 603 5455 rat
637 5419 650 5454 :
680 5400 956 5471 Ingredere
983 5403 1052 5456 ad
1078 5402 1318 5456 ancillam
1361 5420 1520 5456 meam
1545 5419 1563 5466 ;
1611 5420 1729 5472 qua:
1754 5420 1782 5456 a
1823 5405 2106 5473 semetipsa

522 5503 576 5547 ct
602 5508 694 5546 sua
723 5503 910 5562 sponte
933 5493 995 5547 ad
1026 5508 1371 5563 congressum
1395 5494 1602 5548 hortata
1631 5495 1817 5562 fuerat,
1843 5497 1939 5551 ista
1968 5511 2107 5550 nunc

521 5594 721 5636 mutato
752 5584 930 5639 animo
962 5584 1150 5655 inquit,
1186 5583 1389 5655 lnjuria
1427 5602 1457 5638 a
1483 5595 1528 5639 te
1565 5586 1773 5655 afﬁcior.
1805 5586 1849 5641 Ο
1874 5585 2063 5640 mulier
2088 5625 2104 5652 ,

521 5673 772 5742 numquid
801 5675 911 5742 ipse
937 5675 1000 5729 ad
1023 5677 1227 5731 ancilla:
1250 5691 1595 5746 congressum
1620 5676 1929 5732 festinavit?
1956 5692 2109 5731 nunt-

521 5760 645 5832 quid
697 5765 1098 5834 intemperantia
1150 5766 1480 5838 impellente,
1534 5769 1598 5825 ad
1645 5785 1754 5826 rem
1808 5767 2104 5824 habendam

1218 378 1275 435 S.
1314 372 1591 435 JOANNIS
1627 366 2099 431 CllRYSOSTOMI
2144 364 2457 425 ARCHIEP.
2497 364 3026 424 CONSTANTISOP.

3647 364 3756 421 555

2185 495 2308 537 eum
2335 479 2526 536 ancilla
2551 480 2912 538 acceleravit?
2936 482 2977 536 Δ
3007 488 3059 536 te
3086 492 3372 558 persuasus
3397 489 3452 535 et
3480 490 3571 536 tuo
3599 495 3756 536 man-

2178 575 2304 629 dato
2348 574 2742 644 obtemperans,
2774 573 2880 628 hoc
2918 572 3130 629 tandem
3179 572 3321 628 fecit.
3360 571 3471 638 Qua
3503 583 3556 627 te
3598 572 3759 643 igitur

2178 665 2370 736 injuria
2413 665 2634 720 maritus
2672 663 2888 718 ισθοὶιῖ
2929 662 3064 718 Ecce
3087 664 3208 718 dedi
3249 663 3485 718 ancillam
3514 680 3678 716 meam
3704 665 3763 716 in

2177 757 2346 810 sinum
2373 765 2533 810 tuam.
2559 753 2615 810 Si
2648 754 2808 825 igitur
2835 753 3017 810 fateris
3041 764 3093 810 te
3117 755 3351 822 dedisse,
3382 770 3480 810 nec
3507 754 3620 824 ipse
3641 766 3760 809 eam

2179 860 2272 900 sua
2299 857 2490 916 sponte
2524 846 2808 916 acceperit,
2847 861 3013 916 quare
3051 846 3360 917 injustitiam
3387 845 3759 918 improperas!

2179 935 2371 1003 Etiam,
2407 937 2612 1007 inquit;
2650 952 2771 992 nam
2797 938 3039 1006 quamvis
3063 951 3164 1007 ego
3183 936 3441 1001 dederim,
3463 938 3558 992 sed
3575 937 3764 994 videns

2179 1026 2296 1096 ejus
2320 1029 2691 1094 temeritatem,
2721 1027 2952 1082 debebas
2989 1027 3242 1082 cohibere
3280 1037 3511 1083 mentem
3538 1037 3646 1083 tam
3675 1041 3766 1097 pe-

2181 1117 2459 1173 tulantem.
2501 1116 2642 1171 Nam
2685 1127 2740 1171 ut
2777 1117 2899 1171 uidit
2927 1133 2980 1171 se
3015 1127 3214 1170 uterum
3250 1133 3438 1188 gerere,
3467 1117 3766 1189 contempsit

2181 1223 2277 1260 me.
2305 1206 2507 1261 Judicet
2555 1206 2690 1260 Deus
2717 1206 2849 1259 inter
2898 1223 2979 1260 nte
3021 1216 3070 1261 et
3095 1216 3160 1261 te.
3194 1206 3328 1262 Vere
3367 1207 3483 1263 hare
3525 1206 3766 1262 mulieris

2181 1297 2343 1352 verba
2369 1307 2510 1361 sunt,
2548 1306 2600 1352 et
2643 1297 2836 1351 infirmi
2877 1297 3018 1352 illius
3041 1313 3199 1353 sexus
3225 1316 3240 1365 ;
3272 1298 3354 1352 his
3381 1299 3523 1354 enim
3562 1298 3674 1353 fere
3703 1298 3767 1353 il-

2183 1387 2291 1443 lum
2313 1389 2630 1458 alloquitur:
2656 1388 2766 1459 Ego
2799 1389 3011 1459 quidem
3037 1390 3279 1445 volebam
3308 1401 3452 1445 tuum
3480 1405 3766 1447 maerorem

2182 1479 2362 1545 solari,
2393 1493 2547 1549 quem
2575 1478 2739 1534 habes
2764 1495 2828 1535 ex
2857 1480 3019 1548 prolis
3057 1479 3232 1550 inopia
3257 1499 3272 1546 ;
3323 1490 3427 1536 tam
3471 1482 3768 1536 ofﬁciosam

2182 1583 2244 1625 ea
2274 1569 2324 1623 in
2355 1584 2413 1625 re
2441 1584 2526 1624 me
2555 1570 2780 1639 praebui.
2824 1577 2884 1625 ut
2908 1579 2964 1625 et
2999 1571 3246 1626 ancillam
3283 1587 3454 1628 meam
3483 1572 3614 1627 meis
3654 1587 3768 1626 ma-

2184 1661 2338 1715 nibus
2383 1661 2684 1726 traderem,
2731 1670 2784 1717 et
2831 1662 2896 1717 ad
2937 1677 3282 1733 congressum
3329 1665 3640 1720 cohortarer
3670 1684 3684 1720 :
3711 1675 3766 1720 tu

2183 1760 2359 1807 autem
2392 1751 2578 1807 videns
2620 1752 2756 1808 hanc
2799 1753 2922 1808 inde
2960 1752 3074 1808 ﬁeri
3120 1756 3522 1825 petulantiorem
3550 1765 3768 1826 propter

2185 1841 2320 1895 uteri
2347 1843 2630 1909 sarcinam,
2661 1852 2716 1899 et
2737 1858 2927 1914 magno
2965 1844 3101 1898 fastu
3125 1844 3317 1910 inﬂari,
3345 1861 3462 1900 cum
3492 1846 3770 1902 debuisses

2185 1933 2476 2001 reprimere
2503 1941 2556 1988 et
2595 1933 2778 1989 ulcisci
2824 1935 2942 2003 ejus
2977 1935 3028 1989 in
3057 1950 3143 1990 me
3185 1936 3420 2004 injurias,
3449 1936 3502 1990 id
3542 1953 3648 1992 non
3697 1938 3771 1994 ie-

2187 2023 2306 2078 ciin
2332 2042 2345 2088 ;
2376 2023 2469 2080 sed
2492 2025 2639 2094 quasi
2670 2027 2903 2080 omnium
2929 2026 3164 2096 priorum
3190 2027 3406 2094 oblitus,
3429 2043 3516 2084 me
3540 2028 3773 2100 despicis

2187 2114 2346 2168 etiam
2388 2122 2463 2182 tu,
2507 2130 2594 2168 me
2619 2130 2738 2183 qure
2782 2124 2954 2170 tecum
3000 2125 3077 2170 tot
3113 2117 3266 2171 annis
3309 2116 3561 2184 habitavi,
3609 2131 3663 2174 et
3705 2119 3774 2174 ab

2186 2203 2434 2274 Egyptia
2486 2204 2676 2258 ancilla
2719 2219 2834 2259 mea
2865 2215 3195 2262 contemnor.
3228 2206 3432 2263 ludicet
3476 2208 3609 2265 Deus
3647 2211 3774 2264 inter

2187 2311 2265 2348 me
2291 2303 2336 2348 et
2362 2304 2428 2349 te.
2461 2294 2698 2349 Dolentis
2724 2297 2913 2351 anima:
2942 2298 3124 2353 verba.
3153 2297 3219 2354 Et
3247 2300 3346 2355 nisi
3377 2302 3538 2355 tantis
3568 2302 3774 2356 virtuti-

2187 2385 2287 2440 bus
2315 2385 2569 2456 pra'ditus
2594 2384 2779 2441 fuisset
2803 2387 3123 2456 patriarcha,
3149 2399 3204 2444 et
3229 2391 3278 2444 in
3306 2399 3446 2445 tanta
3475 2395 3775 2448 reverentia

2189 2475 2375 2538 Saram,
2405 2475 2694 2540 habuisset,
2723 2490 2865 2545 aegre
2892 2477 3101 2532 tulisset
3142 2477 3255 2533 haec
3283 2481 3468 2545 verba,
3508 2491 3563 2537 et
3597 2498 3663 2536 ex
3690 2482 3776 2539 di-

2189 2575 2396 2622 ctorum
2426 2568 2711 2638 asperitate
2748 2569 2987 2624 dolorem
3017 2571 3365 2642 concepisset.
3413 2573 3610 2630 Verum
3661 2576 3778 2633 exi-

2189 2659 2326 2714 mius
2355 2659 2446 2715 ille
2485 2660 2551 2714 ad
2594 2675 2752 2715 sexus
2792 2661 3126 2732 fragilitatem
3171 2672 3439 2734 spectans,
3483 2681 3697 2723 omnem
3728 2669 3781 2727 ei

2189 2751 2398 2804 veniam
2446 2749 2612 2806 dedit.
2662 2751 2867 2806 Judicet
2913 2752 3053 2807 Deus
3097 2756 3227 2809 inter
3275 2773 3353 2811 me
3388 2767 3435 2812 et
3478 2768 3545 2812 te.
3593 2758 3781 2830 Cogita

2189 2853 2589 2913 quantamcem
2618 2845 2839 2916 egerim,
2873 2855 2928 2900 ut
2957 2855 3006 2901 te
3031 2847 3358 2916 consolarer,
3387 2851 3574 2906 volens
3604 2860 3658 2906 te
3698 2853 3783 2908 vel

2193 2933 2244 2987 in
2276 2944 2549 2990 senectute
2573 2945 2778 3005 patrem
2807 2938 3005 3001 vocari,
3035 2938 3279 2993 ancillam
3319 2955 3492 2995 meam
3523 2942 3578 2996 in
3612 2942 3784 3014 digni-

2194 3033 2355 3080 tatem
2385 3039 2559 3080 meam
2588 3026 2732 3082 erexi
2763 3044 2776 3082 :
2807 3036 2859 3081 tu
2889 3037 3064 3082 utem
3089 3029 3274 3086 videns
3301 3031 3444 3086 illam
3474 3041 3581 3087 tam
3609 3034 3790 3105 ingra-

2199 3127 2325 3184 tam,
2360 3133 2466 3173 non
2494 3119 2638 3174 ultus
2667 3133 2747 3186 es,
2779 3134 2884 3174 non
2913 3121 3206 3190 rependisti
3233 3123 3361 3178 mihi
3391 3125 3536 3181 vices
3561 3127 3785 3182 benevo-

2195 3211 2372 3266 lentiae
2396 3225 2553 3282 quam
2581 3212 2632 3265 in
2664 3221 2714 3268 te
2747 3212 3032 3268 declaravi.
3060 3213 3267 3269 ludicet
3307 3216 3445 3272 Deus
3467 3219 3598 3272 inter
3633 3235 3711 3273 me
3738 3231 3792 3274 es

2195 3312 2261 3356 te.
2297 3301 2411 3367 Ille,
2442 3303 2635 3374 inquit,
2681 3304 2769 3374 qui
2813 3304 3122 3360 abscondita
3151 3309 3386 3363 omnium
3413 3311 3654 3366 cordium
3685 3328 3788 3366 no-

2197 3392 2294 3457 vit,
2322 3391 2436 3461 ipse
2465 3393 2567 3448 erit
2591 3393 2750 3463 iudex
2795 3395 2934 3452 inter
2963 3410 3062 3451 nos
3094 3414 3109 3452 ε
3138 3407 3192 3452 et
3231 3400 3497 3468 quomodo
3523 3415 3625 3470 ego
3663 3402 3790 3471 qui-

2196 3483 2316 3538 dem
2347 3484 2502 3540 victis
2525 3485 2770 3542 omnibus
2809 3477 3175 3543 ali'eetionibus
3201 3497 3340 3544 tuam
3363 3493 3793 3549 consolationem

2197 3589 2331 3628 meae
2369 3574 2603 3643 praetuli,
2641 3585 2694 3630 et
2720 3576 2771 3630 in
2809 3577 3001 3632 lectum
3030 3587 3209 3633 meum
3234 3580 3479 3635 ancillam
3505 3597 3679 3637 meam
3707 3583 3792 3638 in-

2197 3665 2325 3719 duxi
2360 3683 2374 3719 :
2406 3666 2519 3735 ipse
2540 3677 2716 3721 autem
2736 3666 2870 3722 nihil
2896 3681 3082 3723 eorum
3105 3684 3224 3739 qua:
3245 3683 3274 3723 a
3301 3685 3388 3726 me
3409 3669 3544 3726 facta
3564 3682 3709 3738 sunt,
3731 3675 3792 3728 in

2200 3767 2435 3813 mentem
2486 3760 2790 3829 accipiens,
2838 3762 3100 3830 permittis
3141 3761 3215 3816 illi
3277 3772 3334 3818 ut
3377 3776 3567 3820 contra
3613 3781 3792 3823 meam

2203 3851 2443 3921 insurgat
2486 3851 2796 3906 lenitatem:
2829 3867 2930 3907 nec
2973 3852 3246 3908 audaciam
3294 3856 3558 3925 reprimis,
3615 3873 3797 3928 neque

2203 3943 2460 4013 ingratam
2491 3944 2736 4014 castigas.
2767 3944 2903 4012 Quid
2928 3945 3088 4014 igitur
3127 3947 3347 4002 adamas
3377 3948 3483 4014 ille,
3517 3948 3672 4004 fortis
3703 3950 3796 4007 ille

2205 4036 2300 4090 Dei
2325 4036 2543 4102 athleta,
2573 4037 2661 4107 qui
2687 4038 2917 4108 undique
2940 4052 3167 4094 coronas
3193 4039 3295 4094 sibi
3326 4041 3627 4110 plectebati
3653 4043 3796 4097 Mon-

2203 4137 2380 4184 strans
2406 4129 2566 4185 etiam
2598 4131 2650 4184 in
2695 4130 2795 4184 hoc
2837 4144 2986 4185 suam
3015 4132 3285 4198 virtutem,
3326 4132 3446 4187 vide
3485 4134 3611 4202 quid
3649 4134 3796 4190 dicat

2204 4220 2253 4275 ei
2288 4238 2300 4273 :
2331 4219 2384 4275 6.
2418 4219 2551 4274 Ecce
2601 4222 2789 4275 ancilla
2832 4231 2919 4275 tua
2962 4223 3015 4275 in
3061 4225 3293 4277 manibus
3321 4225 3458 4278 tuis:
3484 4235 3626 4280 utere
3651 4243 3709 4280 ea
3738 4239 3794 4281 ut

2205 4312 2293 4367 tibi
2317 4312 2510 4366 libitum
2536 4313 2705 4382 fuerit.
2740 4311 2929 4380 ingens
2961 4314 3106 4382 justo
3131 4315 3338 4370 virtutis
3375 4315 3630 4382 studium,
3656 4318 3792 4373 mira

2205 4402 2500 4458 tolerantia:
2516 4402 2971 4458 excellentia.Non
2988 4403 3154 4457 solum
3173 4409 3434 4464 enimnon
3446 4408 3789 4478 aagrctulitea

2204 4509 2321 4566 qua:
2349 4493 2476 4549 Sara
2499 4494 2726 4560 dixerat,
2755 4494 2847 4549 sed
2873 4503 2926 4548 et
2952 4494 3238 4549 admodum
3267 4506 3542 4551 mansuete
3569 4512 3794 4567 respon-

2206 4587 2284 4641 dit
2320 4596 2377 4642 et
2405 4588 2574 4655 inquit
2598 4605 2610 4640 :
2639 4586 2938 4655 Suspicaris
2964 4601 3048 4642 me
3068 4596 3339 4641 auctorem
3369 4601 3489 4642 esse
3513 4597 3794 4646 contume-

2207 4680 2394 4734 liarum
2455 4679 2644 4748 quibus
2671 4678 2857 4733 affecta
2885 4693 2966 4744 es,
2997 4687 3049 4732 et
3081 4686 3235 4748 putas
3256 4692 3342 4732 me
3365 4677 3623 4734 obiectari
3652 4679 3708 4734 in
3729 4679 3795 4738 iis

2208 4785 2326 4839 qua:
2367 4770 2554 4824 ancilla
2602 4767 2881 4823 adversum
2932 4776 2983 4822 te
3024 4782 3153 4822 ausa
3199 4767 3318 4836 fuit,
3349 4769 3597 4838 quoniam
3625 4770 3794 4826 semel

2208 4860 2619 4914 communicavit
2645 4859 2772 4913 mihi
2816 4861 2866 4913 in
2913 4859 3052 4914 lecto
3082 4876 3094 4912 :
3120 4859 3266 4913 disce
3306 4874 3392 4914 me
3423 4869 3476 4914 et
3520 4856 3796 4930 primum,

2208 4951 2310 5006 nisi
2352 4950 2452 5005 hoc
2495 4952 2846 5020 suscepissem
2887 4959 2944 5003 ut
2987 4950 3078 5004 tibi
3117 4949 3464 5019 gratilicarer,
3506 4967 3794 5022 numquam

2209 5037 2565 5096 admissurum
2595 5041 2756 5095 fuisse
2781 5040 3024 5095 ancillam
3053 5041 3104 5093 in
3133 5039 3326 5094 lectum
3358 5049 3503 5095 tuutn
3537 5059 3551 5094 :
3585 5057 3798 5097 verum-

2212 5140 2386 5185 tamen
2435 5140 2573 5185 utre
2604 5129 2716 5200 ipsa
2757 5131 2952 5184 certior
3000 5132 3115 5198 fias,
3160 5144 3286 5184 ecce
3329 5131 3381 5185 in
3422 5131 3665 5187 manibus
3695 5134 3798 5190 tuis

2211 5231 2290 5273 est
2316 5235 2330 5282 ;
2359 5229 2506 5274 utere
2550 5234 2613 5276 ea
2645 5229 2701 5273 ut
2729 5219 2818 5274 tibi
2864 5219 3140 5288 placuerit.
3169 5221 3302 5275 Num
3333 5221 3450 5291 quis
3477 5231 3797 5290 poteStatem

2214 5321 2354 5364 tuam
2402 5312 2630 5365 minuit?
2663 5328 2786 5365 num
2830 5311 3121 5366 dominium
3169 5312 3220 5367 in
3252 5329 3370 5367 eam
3396 5327 3424 5366 a
3471 5322 3523 5367 te
3561 5314 3797 5369 ablatum

2212 5403 2336 5458 est?
2365 5403 2494 5457 Nam
2535 5404 2659 5457 licet
2701 5419 2819 5456 cum
2867 5418 2926 5457 ea
2955 5418 3272 5472 congressus
3304 5405 3515 5469 luerim,
3547 5405 3692 5458 salva
3722 5417 3799 5459 ta-

2213 5509 2333 5548 men
2361 5494 2534 5547 adhuc
2561 5504 2640 5548 est
2671 5493 2722 5547 in
2745 5509 2861 5547 eam
2893 5502 3124 5562 potestas
3152 5504 3260 5558 tua,
3289 5494 3399 5563 ipsa
3427 5495 3526 5550 sub
3552 5497 3798 5550 manibus

2213 5585 2318 5639 tuis
2362 5597 2441 5640 est
2467 5603 2480 5651 ;
2507 5585 2656 5656 puni,
2703 5586 2923 5656 castiga,
2967 5585 3179 5655 increpa
3211 5603 3223 5637 :
3258 5595 3316 5640 ut
3364 5586 3591 5640 volueris
3620 5597 3676 5641 et
3705 5588 3797 5642 tibi

2215 5678 2494 5748 placuerit,
2532 5680 2608 5733 sic
2639 5680 2797 5733 t‘acito
2826 5693 2946 5732 cum
2970 5693 3030 5733 ea
3057 5695 3070 5742 ;
3117 5686 3317 5732 tantum
3345 5694 3412 5734 ne
3439 5692 3756 5733 succenseas
3780 5718 3795 5740 .

2215 5777 2418 5825 tantum
2451 5785 2514 5825 ne
2546 5771 2671 5826 mihi
2702 5772 2925 5841 imputes
2967 5786 3082 5840 qua:
3113 5771 3196 5827 illa
3227 5772 3518 5840 petulanter
3545 5770 3669 5841 egit.
3695 5767 3794 5823 Ne-
