4058 6404
94 372 207 428 357

91 500 200 555 que
247 485 395 540 enim
444 483 583 539 meis
631 481 1002 539 alieetionibus
1046 482 1297 537 incitatus
1337 494 1452 536 rem
1491 494 1614 535 cum
1640 493 1703 532 ea

93 575 282 640 habui,
315 587 371 630 ut
416 588 542 644 erga
572 590 689 630 eam
714 577 793 629 sic
815 572 1039 638 alliciar,
1082 583 1140 626 ut
1168 581 1356 628 contra
1396 572 1704 643 aequitatem

91 671 146 723 ei
185 668 522 738 patrociuer.
551 668 677 724 Scio
701 683 859 738 quem
890 667 980 722 tibi
1009 666 1236 721 debeam
1268 665 1568 733 honorem;
1599 680 1706 720 non

93 759 288 828 ignoro
315 757 634 814 famulorum
661 763 925 829 Ingratum
954 758 1215 813 animum.
1237 756 1391 813 Nulla
1429 755 1561 812 mihi
1591 757 1708 827 ejus

91 851 171 905 rei
210 863 347 905 cura
379 850 462 905 vel
493 850 630 904 ratio
660 866 673 903 :
708 864 874 905 unum
909 858 1113 905 tantum
1138 856 1225 904 est
1260 848 1347 903 cui
1389 847 1602 915 studeo,
1650 854 1709 917 ut

91 949 145 993 tu
180 954 418 995 maerore
447 952 633 994 careas
674 948 729 995 et
759 938 1084 1006 turbatione,
1112 953 1178 995 ac
1220 938 1274 994 in
1305 938 1454 994 omni
1501 939 1578 995 sis
1610 937 1710 994 ho-

90 1047 247 1085 aure.

178 1120 235 1175 5.
280 1119 569 1193 Conjugunt
614 1122 795 1193 ojﬁeia.
826 1151 899 1163 —
924 1121 1039 1178 Hoc
1064 1130 1149 1178 est
1190 1136 1378 1178 verum
1408 1122 1702 1179 contuber-

86 1210 269 1279 nium,
303 1211 409 1269 hoc
453 1212 633 1267 mariti
660 1213 921 1278 cilicium,
944 1213 1162 1285 quando
1194 1229 1310 1277 non
1351 1229 1544 1286 magna
1583 1214 1709 1270 dili-

86 1304 281 1373 gentia
324 1302 394 1358 ad
441 1303 685 1360 mulieris
733 1313 940 1375 spectat
985 1304 1171 1371 verba,
1205 1304 1302 1362 sed
1347 1305 1705 1363 imbecillitati

85 1407 260 1448 sexus
290 1394 463 1448 venia:
503 1395 747 1450 nonnihil
790 1396 1055 1462 concedit,
1091 1396 1196 1453 hoc
1235 1411 1400 1452 unum
1430 1406 1702 1470 satagens,

85 1492 146 1536 ut
177 1498 211 1539 e
240 1483 423 1539 medio
467 1486 686 1541 tollatur
722 1488 958 1556 tristitia,
985 1497 1043 1545 et
1079 1503 1183 1561 pax
1212 1499 1375 1562 atque
1416 1491 1704 1547 concordia

84 1573 537 1644 constringuntur
583 1576 804 1632 arctius.
864 1578 1098 1634 Audiant
1145 1578 1266 1648 viri,
1317 1588 1374 1636 et
1426 1581 1706 1647 imitentur

83 1663 219 1732 justi
250 1665 549 1734 lenitatem,
592 1676 648 1722 et
687 1677 892 1724 tantum
938 1670 1200 1728 honorem
1244 1688 1309 1729 ac
1341 1677 1702 1731 reverentiam

85 1755 414 1813 mulieribus
464 1758 719 1825 tribuant,
764 1769 819 1816 et
862 1769 1133 1834 tamquam
1181 1763 1434 1821 imbecilli
1482 1768 1704 1823 vasculo

84 1854 342 1913 parcant,
386 1857 447 1903 ut
490 1850 796 1907 concordia:
843 1853 1116 1910 vinculum
1168 1854 1377 1913 ﬁrmius
1418 1858 1699 1913 consistat.

86 1935 202 1992 illa:
233 1939 381 1993 enim
408 1956 549 1995 verte
570 1952 697 1996 sunt
719 1942 943 2007 divitite,
972 1946 1078 2000 illa:
1102 1946 1355 2001 maxima
1390 1957 1516 2003 sunt
1537 1948 1702 2005 facul-

85 2036 257 2097 tates,
284 2029 331 2084 si
361 2029 441 2085 vir
460 2045 583 2086 cum
613 2031 838 2088 muliere
861 2048 966 2088 non
994 2034 1288 2101 discordet,
1311 2037 1407 2092 sed
1423 2038 1700 2109 conjuncti

81 2118 201 2172 sint
227 2126 291 2174 ut
322 2134 516 2190 corpus
546 2138 731 2177 unum.
757 2120 923 2178 Erunt
949 2126 1118 2188 enim,
1148 2126 1341 2197 inquit,
1360 2128 1464 2184 duo
1490 2130 1544 2183 in
1580 2146 1696 2185 car-

81 2224 207 2262 nem
236 2225 394 2263 unum
426 2210 580 2280 (Gen.
600 2210 655 2267 2.
678 2213 797 2283 24).
830 2213 989 2269 Tales
1016 2216 1117 2269 etsi
1150 2217 1203 2270 in
1232 2228 1549 2289 paupertate
1568 2221 1697 2287 sint,

81 2300 191 2354 etsi
222 2300 281 2355 in
312 2302 534 2369 vilitate,
574 2306 820 2359 omnium
845 2315 973 2361 sunt
1014 2306 1331 2379 beatissimi,
1357 2326 1543 2368 verum
1571 2329 1698 2385 per-

80 2390 299 2459 cipiunt
324 2393 755 2462 voluptatem,et
788 2393 843 2449 in
879 2398 1132 2453 continua
1160 2398 1364 2471 degunt
1398 2406 1700 2476 tranquilli-

82 2491 235 2539 tate:
266 2481 408 2539 sieut
425 2494 612 2539 contra
638 2486 729 2556 qui
759 2486 861 2543 hac
887 2502 994 2544 non
1026 2489 1296 2559 fruuntur,
1316 2494 1413 2550 sed
1433 2496 1699 2569 selotypia

80 2574 361 2639 laborant,
392 2582 447 2629 et
494 2575 692 2632 bonum
738 2579 886 2648 pacis
931 2581 1202 2648 amittunt,
1228 2585 1442 2642 etiamsi
1492 2591 1701 2659 magnis

79 2663 318 2719 attinent
344 2662 562 2732 divitiis,
586 2667 797 2725 etiamsi
827 2682 1171 2742 sumptuosas
1198 2673 1429 2733 habeant
1458 2694 1695 2749 mensas,

80 2754 309 2810 etiamsi
353 2754 483 2811 clari
515 2756 715 2814 fuerint
745 2776 810 2817 ac
859 2763 1087 2833 nobiles,
1118 2767 1409 2825 miserrimi
1454 2771 1697 2829 omnium

80 2853 218 2900 sunt
253 2862 267 2897 :
300 2847 483 2902 turbas
513 2859 567 2904 et
596 2848 791 2907 ﬂuctus
816 2853 919 2909 sibi
951 2855 1191 2927 quotidie
1216 2860 1545 2931 excogitant,
1573 2878 1697 2921 sese

80 2935 324 2990 invicem
379 2948 659 3008 suspectos
707 2940 942 3011 habent,
1004 2945 1315 3018 nullamque
1365 2952 1694 3020 voluptatem

81 3027 300 3083 habere
333 3035 587 3100 'possunt,
617 3036 829 3092 interno
886 3038 1029 3095 bello
1075 3043 1255 3097 omnia
1307 3045 1693 3117 confundente,

82 3118 425 3190 multamque
474 3121 553 3178 eis
592 3127 1003 3184 amaritudinem
1049 3130 1357 3190 invehente.
1383 3137 1580 3193 Verum
1607 3138 1697 3196 hic

83 3208 225 3263 nihil
260 3204 399 3277 tale;
428 3212 525 3267 sed
557 3216 858 3283 patriarcha
880 3219 1301 3292 indignationem
1324 3228 1698 3287 matris~fami—

84 3301 189 3357 lias
216 3316 316 3357 sua
346 3304 575 3372 placavit
602 3306 853 3377 lenitate,
892 3321 948 3366 et
982 3312 1104 3369 data
1135 3315 1185 3371 ei
1214 3327 1400 3373 contra
1440 3321 1692 3378 ancillam

87 3400 380 3459 potestate,
400 3394 617 3452 domum
639 3412 771 3468 pace
796 3402 1037 3470 replevit.
1056 3402 1128 3459 Et
1148 3407 1326 3478 απιὶπίι
1347 3425 1479 3479 eam,
1500 3413 1692 3482 inquit,

86 3482 248 3549 Sara,
274 3486 542 3557 etaufugit
581 3506 615 3543 a
650 3492 780 3561 facie
806 3494 937 3563 ejus.
976 3495 1263 3569 Postquam
1293 3502 1513 3560 domina
1552 3506 1695 3564 illius

86 3574 298 3642 punivit
324 3575 686 3649 insolentiam,
719 3583 893 3654 fugam
925 3584 1046 3642 iniit
1072 3590 1288 3646 ancilla.
1320 3592 1465 3651 Talis
1487 3599 1692 3655 scilicet

85 3679 369 3721 servorum
400 3684 518 3725 mos
548 3681 633 3727 est
662 3689 675 3726 :
706 3676 923 3744 quando
944 3693 1050 3733 non
1081 3682 1409 3749 permittitur
1436 3688 1515 3742 eis
1541 3704 1692 3746 more

82 3770 182 3812 suo
218 3773 401 3829 agere,
444 3762 537 3818 sed
584 3764 947 3835 impediuntur
987 3785 1178 3827 eorum
1221 3786 1464 3843 conatus,
1510 3782 1689 3837 statim

85 3847 433 3907 dominorum
461 3854 636 3924 ruptis
657 3855 843 3927 frenis,
874 3858 1049 3931 fugam
1078 3876 1387 3933 capessunt.
1421 3868 1687 3927 Cmterum

83 3938 189 3994 hoc
218 3939 381 3995 etiam
412 3941 551 4008 vide,
575 3947 846 4013 quomodo
873 3950 1083 4006 ancillae
1108 3967 1402 4023 supernum
1430 3960 1685 4015 auxilium

83 4044 189 4085 non
216 4028 381 4094 desit.
398 4032 468 4087 ob
487 4034 617 4102 justi
651 4035 903 4093 videlicet
931 4039 1214 4097 honorem.
1246 4043 1379 4100 Nam
1409 4050 1534 4118 quia
1556 4049 1685 4119 justi

82 4134 271 4175 semen
302 4120 437 4177 intra
478 4138 537 4179 se
568 4125 813 4194 gerebat,
846 4127 966 4183 ideo
990 4140 1044 4184 ct
1076 4134 1252 4204 angeli
1284 4148 1561 4206 aspectum
1603 4142 1683 4196 vi-

84 4209 213 4265 dere
238 4212 451 4266 meruit.
476 4214 529 4267 7.
556 4212 755 4269 Invenit
782 4218 927 4273 enim
956 4237 1090 4286 eam,
1121 4225 1311 4294 inquit,
1338 4232 1551 4299 angelus
1579 4232 1683 4286 Do-

83 4300 209 4354 ιιιἰηὶ
249 4318 409 4372 prope
443 4306 634 4375 fontem
676 4324 825 4377 aque
874 4310 929 4363 in
976 4313 1268 4381 solitudine,
1314 4318 1367 4371 in
1419 4320 1501 4374 via
1554 4322 1681 4379 Sur.

84 4390 379 4448 Considera
425 4395 810 4466 benignitatem
861 4400 1109 4469 Domini,
1154 4408 1426 4473 quomodo
1478 4411 1682 4467 nullum

85 4480 362 4551 despiciat,
381 4483 476 4538 sed
502 4486 713 4541 etiamsi
735 4502 924 4543 servus
942 4491 1012 4545 sit
1037 4493 1119 4547 vel
1139 4494 1353 4563 ancilla,
1376 4512 1528 4554 suam
1555 4516 1681 4573 erga

85 4586 205 4625 eum
234 4572 470 4630 declaret
500 4576 909 4647 providentiam,
932 4595 1037 4636 non
1066 4583 1134 4638 ad
1160 4584 1478 4656 dignitatum
1510 4572 1681 4664 respi-

85 4666 231 4719 ciens
259 4664 642 4736 dili'erentiam,
687 4670 782 4725 sed
826 4672 893 4727 ad
939 4674 1131 4731 animte
1175 4677 1535 4738 adiectionem.
1583 4686 1682 4741 llic

84 4768 260 4813 autem
293 4773 397 4812 non
429 4772 649 4831 propter
670 4765 885 4819 ancillae
918 4768 1170 4823 meritum
1206 4773 1429 4841 angelus
1453 4777 1676 4845 assistit,

85 4847 176 4902 sed
204 4848 275 4902 ob
296 4847 556 4907 honorem
582 4852 732 4921 justi.
763 4854 895 4909 Nam
916 4857 1053 4913 sicut
1078 4858 1209 4925 dixi,
1238 4862 1396 4933 digna
1420 4875 1539 4921 erat
1556 4884 1677 4939 qua:

85 4954 185 4993 non
237 4940 616 5010 negligeretur,
649 4959 714 4999 eo
742 4946 883 5015 quod
915 4946 1081 5017 digna
1118 4949 1306 5007 fuisset
1339 4970 1459 5024 qua:
1489 4973 1674 5016 semen

80 5030 204 5096 justi
234 5032 548 5101 susciperet.
580 5034 633 5089 8.
672 5034 735 5088 Et
762 5044 815 5089 ut
840 5053 951 5091 eam
970 5038 1158 5093 invenit
1182 5044 1413 5113 angelus,
1442 5048 1571 5102 dixit
1594 5051 1675 5106 ei:

89 5123 217 5191 Agar
238 5123 427 5176 ancilla
453 5123 621 5187 Sorte,
642 5126 775 5180 unde
797 5128 949 5192 uenis,
974 5139 1022 5183 et
1049 5145 1148 5198 quo
1170 5134 1310 5188 vadis
1327 5136 1353 5188 ?
1386 5136 1515 5193 Vide
1542 5154 1677 5210 quo-

86 5214 238 5267 ltiOdO
269 5224 322 5267 ct
363 5218 536 5287 angeli
567 5218 706 5272 dicta
738 5234 855 5274 eam
890 5222 940 5275 in
983 5225 1298 5280 memoriam
1342 5242 1452 5283 suae
1482 5232 1674 5286 condi-

88 5300 239 5359 tionis
288 5305 563 5363 inducant.
612 5310 744 5365 Nam
795 5324 853 5367 ut
898 5316 1240 5372 attentiorem
1292 5334 1409 5374 eam
1461 5324 1670 5389 reddat,

88 5397 257 5448 statim
287 5398 701 5466 appellationem
730 5405 964 5460 nominis
992 5406 1109 5474 ejus
1140 5409 1193 5462 in
1230 5410 1463 5465 medium
1496 5415 1669 5481 affert,

88 5494 135 5537 ct
162 5487 285 5539 dicit
312 5504 324 5539 :
369 5489 525 5558 Agar.
554 5491 798 5547 Solemus
823 5496 966 5549 enim
997 5497 1306 5569 diligentius
1341 5506 1668 5574 auscultare,

89 5578 290 5639 quando
337 5580 640 5635 nominibus
689 5586 887 5639 nostris
948 5603 1215 5644 vocamur.
1271 5593 1471 5650 Deinde
1518 5596 1667 5665 dicit,

92 5660 279 5718 Ancilla
299 5666 485 5724 Sam’:
514 5689 619 5742 quo
655 5678 922 5732 recordari
954 5695 1071 5735 eam
1091 5682 1242 5753 jubet
1269 5687 1500 5742 domina:
1532 5661 1667 5758 suae,

92 5762 139 5805 ut
176 5756 307 5811 sciat
349 5775 426 5827 se,
460 5765 581 5819 licet
625 5770 889 5839 particeps
934 5771 1090 5828 fuerit
1133 5775 1313 5833 herilis
1360 5780 1500 5849 lecti,
1535 5791 1671 5837 atta-

1105 364 1169 418 l.\'
1209 362 1362 421 CAP.
1405 362 1542 421 XVI.
1588 355 1836 419 GENES.
1882 355 2109 415 ιιοιιιι.
2156 354 2440 415 XXXVIII.

3316 357 3423 415 358

1820 486 1944 527 men
1974 470 2247 531 dominam
2290 484 2586 544 agnoscere
2623 472 2825 531 debere
2863 472 3075 531 Suram.
3104 471 3239 530 Vide
3262 473 3426 549 igitur

1815 562 2068 633 angelum
2096 564 2541 635 interrogantem,
2576 574 2634 619 ut
2672 579 2791 620 eam
2819 564 2886 620 ad
2916 564 3280 636 respondendi
3326 583 3423 622 ne.

1813 656 2120 709 cessitatcm
2149 664 2389 725 cogeret.
2423 654 2594 720 Unde,
2616 654 2809 727 inquit,
2830 656 3050 713 nuncin
3075 655 3423 713 solitudinem

1817 744 1961 802 hanc
2008 746 2298 818 advenisti,
2330 761 2385 806 et
2413 763 2522 820 quo
2544 749 2870 806 contendis?
2920 752 3099 822 Atque
3123 752 3195 807 ob
3224 751 3329 808 hoc
3370 754 3423 808 in

1814 835 1917 892 hac
1940 838 2235 895 solitudine
2261 849 2545 911 comparet
2568 843 2812 912 angelus,
2832 850 2985 899 utne
3010 851 3162 913 putet
3189 844 3423 914 aliquem

1815 942 1881 984 ex
1930 929 2237 1000 vulgaribus
2284 932 2582 988 viatoribus
2626 949 2750 989 eum
2793 948 2915 989 esse
2956 934 3048 1005 qui
3095 934 3428 1007 interrogat:

1813 1019 2051 1075 solitudo
2074 1021 2217 1076 enim
2247 1033 2385 1091 erat,
2414 1030 2470 1078 et
2500 1022 2679 1081 nullus
2721 1024 2861 1080 alius
2904 1025 3093 1082 aderat
3121 1044 3135 1080 :
3171 1036 3226 1082 ut
3267 1028 3428 1099 igitur

1813 1108 1954 1164 scire
1981 1112 2150 1179 possit
2177 1128 2283 1167 non
2313 1128 2436 1170 esse
2467 1114 2748 1186 vulgarem
2778 1115 3039 1187 aliquem,
3059 1118 3151 1188 qui
3182 1118 3280 1173 sibi
3310 1120 3428 1176 cul-

1814 1197 2072 1271 loquitur,
2098 1213 2388 1273 eaprOpter
2433 1204 2485 1258 in
2510 1218 2697 1261 eremo
2726 1207 2994 1277 apparuit,
3026 1216 3081 1262 et
3123 1208 3427 1265 sciscitatus

1812 1284 1961 1344 illam
1991 1300 2076 1346 est
2107 1309 2121 1345 :
2169 1290 2233 1346 Et
2257 1293 2424 1360 inquit
2452 1292 2539 1348 illa
2574 1312 2589 1348 :
2621 1296 2665 1348 Α
2695 1296 2828 1367 facie
2854 1296 3005 1352 Sara:
3042 1297 3263 1354 dominre
3301 1315 3428 1355 mea

1811 1394 1906 1452 ego
1930 1382 2097 1454 fugio.
2125 1379 2291 1439 Vides
2318 1383 2592 1455 quomodo
2630 1400 2736 1441 non
2766 1395 2924 1458 negat
2943 1387 3300 1457 dominatum,
3328 1390 3425 1445 sed

1809 1472 2099 1528 conﬁtetur
2126 1488 2254 1529 vere
2274 1475 2496 1530 omnia?
2522 1474 2640 1531 Non
2665 1486 2770 1542 est,
2801 1477 2995 1547 inquit,
3023 1479 3187 1535 homo
3216 1481 3307 1550 qui
3338 1480 3424 1536 in-

1813 1568 2070 1632 terrogat,
2119 1574 2176 1620 ut
2208 1564 2422 1635 possim
2450 1566 2724 1637 decipere.
2760 1567 3000 1624 Primum
3045 1569 3181 1625 dixit
3226 1586 3424 1629 nomen

1810 1667 2014 1722 meum,
2039 1664 2097 1710 et
2124 1653 2358 1710 domina:
2379 1670 2517 1712 mete
2544 1657 2793 1713 meminit
2820 1675 2835 1711 :
2867 1674 2965 1728 par
2984 1668 3069 1716 est
3094 1660 3257 1731 igitur
3280 1671 3337 1717 ut
3369 1673 3428 1718 et

1809 1754 1911 1812 ego
1940 1744 2121 1798 omnia
2148 1759 2277 1800 vere
2312 1745 2509 1801 dicam.
2534 1747 2575 1800 Α
2604 1749 2757 1819 facie,
2786 1748 2978 1819 inquit,
3015 1749 3167 1806 Sara:
3205 1755 3426 1809 domina

1809 1850 1936 1889 mete
1962 1852 2053 1907 ego
2092 1837 2256 1909 fugio.
2301 1837 2434 1895 Vide
2462 1840 2734 1910 quomodo
2778 1841 2913 1896 citra
2945 1841 3130 1897 odium
3178 1846 3426 1902 meminit

1809 1926 2064 1985 dominae.
2090 1928 2208 1986 Non
2244 1932 2401 2000 dixit,
2432 1933 2516 1989 Me
2544 1934 2736 1991 afﬂixit
2768 1955 2781 1991 :
2816 1953 2923 1993 non
2969 1937 3126 2004 dixit,
3158 1941 3241 1998 Me
3283 1943 3425 1999 male

1811 2022 2115 2091 mulctavit,
2144 2040 2253 2079 non
2286 2041 2504 2097 possum
2528 2028 2670 2084 ferre
2712 2030 3015 2087 molestiam
3039 2033 3178 2103 ejus,
3211 2045 3267 2091 et
3299 2035 3425 2093 ideo

1807 2111 1989 2184 fugam
2019 2115 2111 2171 inii
2138 2135 2154 2171 ι
2186 2118 2319 2173 nihil
2346 2134 2600 2190 asperum
2630 2122 2850 2194 loquuta
2875 2135 2979 2193 est,
3009 2126 3104 2182 sed
3136 2127 3313 2183 solum
3338 2142 3426 2185 se-

1808 2204 1979 2273 ipsam
2008 2215 2067 2261 ut
2087 2206 2362 2278 fugitivam
2392 2212 2894 2270 accusavit.Vidisti
2916 2218 3033 2285 ejus
3062 2218 3425 2286 probitatem?

1810 2292 1945 2351 Vide
1972 2297 2099 2367 quid
2123 2298 2330 2355 .iterum
2367 2301 2592 2372 angelus
2617 2303 2669 2358 ei
2708 2303 2867 2359 dixit.
2910 2305 2963 2360 9.
2999 2305 3145 2361 Dixit
3178 2320 3350 2365 autem
3378 2314 3426 2367 ei

1806 2386 2021 2457 angelus
2067 2387 2315 2446 Domini:
2352 2390 2622 2449 Revertere
2648 2394 2718 2449 ad
2760 2394 3021 2451 dominam
3061 2410 3221 2467 tuam,
3253 2411 3302 2457 et
3327 2404 3426 2458 lut-

1807 2477 2008 2533 miliare
2036 2480 2130 2534 sub
2157 2482 2394 2537 manibus
2420 2484 2552 2555 ejus.
2580 2485 2663 2540 Ad
2694 2486 2797 2543 hoc
2824 2488 3067 2559 quidem,
3087 2492 3230 2561 quod
3250 2494 3421 2551 dixit:

1804 2568 1851 2621 Α
1879 2571 2014 2641 facie
2037 2572 2261 2628 domina:
2288 2590 2416 2629 mete
2440 2578 2605 2648 fugio,
2636 2578 2828 2650 inquit,
2856 2578 3146 2649 Revertere,
3170 2593 3226 2639 et
3254 2601 3323 2641 ne
3346 2589 3424 2643 sis

1807 2657 2015 2729 ingrata
2058 2678 2186 2733 erga
2232 2664 2507 2722 dominam
2560 2677 2727 2734 tuam,
2755 2686 2875 2741 qua:
2913 2673 2984 2727 de
3030 2683 3083 2730 te
3130 2688 3238 2731 tam
3286 2677 3424 2734 bene

1804 2751 1998 2807 merita
2029 2764 2135 2810 est.
2167 2756 2391 2824 Deinde,
2420 2761 2545 2831 quia
2588 2776 2658 2817 ex
2686 2762 2824 2819 fastu
2854 2775 2911 2820 et
2936 2768 3188 2837 superbia
3226 2773 3425 2827 mentis

1803 2840 2080 2898 dominam
2108 2860 2260 2901 suam
2289 2850 2341 2903 in
2390 2851 2523 2904 iram
2546 2851 2901 2923 excitaverat,
2934 2857 3127 2927 inquit,
3157 2856 3225 2913 Et
3252 2860 3424 2917 humi-

1803 2933 1933 2989 liare
1975 2937 2068 2991 sub
2107 2941 2340 2994 manibus
2380 2945 2514 3013 ejus,
2541 2944 2783 3025 subjecta
2826 2956 2946 3003 esto
2983 2951 3031 3005 ei
3066 2969 3079 3006 :
3132 2952 3236 3008 hoc
3274 2956 3418 3011 enim

1802 3025 1901 3081 tibi
1924 3028 2186 3097 proderit.
2216 3034 2465 3103 Agnosce
2505 3039 2852 3107 servitutem,
2883 3056 2950 3096 ne
2991 3043 3205 3113 ignores
3248 3046 3424 3104 domi-

1805 3117 1976 3185 nium,
2002 3119 2135 3175 nibil
2164 3124 2393 3180 sublime
2423 3127 2622 3195 sapite,
2648 3144 2716 3184 ne
2742 3131 2863 3199 plus
2893 3131 2961 3187 de
2990 3142 3043 3189 te
3065 3149 3226 3206 quam
3258 3154 3422 3210 opor-

1805 3220 1883 3267 tet
1935 3214 2189 3271 sentias:
2240 3214 2536 3273 Humiliare
2576 3222 2669 3275 sub
2715 3224 2949 3279 inanibus
2989 3227 3121 3297 ejus,
3173 3245 3419 3301 magnam

1802 3319 1915 3375 prte
1951 3313 2003 3361 te
2030 3306 2107 3362 fer
2136 3307 2523 3365 obedientiam.
2553 3312 2699 3369 Satis
2725 3315 2845 3384 ejus
2876 3317 3112 3374 animam
3141 3320 3419 3381 demulse-

1806 3403 1931 3451 rant
1958 3398 2132 3469 angeli
2155 3398 2319 3469 dicta,
2348 3409 2510 3473 atque
2532 3405 2649 3474 ejus
2680 3406 2927 3476 spiritum
2956 3424 3418 3482 compresserant,

1803 3487 1936 3541 satis
1973 3489 2317 3547 frenaverant
2343 3494 2459 3564 ejus
2498 3495 2854 3567 iracundiam,
2883 3501 3106 3558 multam
3136 3505 3191 3561 in
3217 3506 3423 3579 cogita-

1800 3578 2037 3635 tionibus
2066 3584 2420 3639 serenitatem
2440 3584 2697 3643 fecerant.

1873 3675 1927 3729 6.
1972 3674 2174 3732 Deinde
2200 3693 2269 3733 ne
2296 3688 2445 3749 putet
2474 3691 2680 3739 temere
2712 3694 2765 3741 et
2790 3686 2999 3759 absque
3025 3705 3188 3747 causa
3219 3707 3279 3749 se
3316 3695 3418 3751 hu-

1793 3763 2031 3834 jnsmodi
2083 3769 2422 3839 providentia
2469 3773 2743 3844 dignatam
2792 3793 2946 3845 esse,
2997 3781 3095 3838 sed
3139 3782 3313 3841 discat
3356 3802 3419 3843 se

1800 3867 2020 3927 propter
2045 3873 2232 3915 semen
2267 3864 2399 3932 justi
2444 3873 2649 3920 tantam
2679 3867 3113 3927 benevolentiam
3155 3890 3419 3945 assequu‘

1801 3957 1909 4003 tam
1946 3964 2090 4017 esse,
2123 3952 2246 4008 vide
2270 3956 2542 4023 quomodo
2576 3972 2696 4013 eam
2728 3960 3063 4029 consolatur,
3092 3973 3149 4019 et
3175 3976 3413 4023 mentem

1797 4039 1917 4109 ejus
1940 4042 2125 4112 erigit,
2156 4052 2210 4097 et
2238 4045 2669 4102 consolationem
2698 4048 2811 4115 dat,
2838 4067 2961 4121 quae
3000 4054 3218 4112 abunde
3260 4059 3415 4114 sufﬂ-

1796 4130 1925 4195 ciat,
1944 4146 2065 4187 cum
2090 4133 2160 4187 ita
2189 4135 2493 4206 subjuugit:
2515 4138 2603 4194 10.
2617 4138 2699 4216 ‘Et
2717 4141 2847 4195 dixit
2868 4143 2915 4195 ei
2933 4146 3146 4215 angelus
3168 4146 3381 4206 Domini
3393 4170 3413 4208 :

1801 4220 2160 4293 Multiplicans
2186 4227 2539 4296 multiplicabo
2568 4247 2738 4286 semen
2769 4242 2933 4299 tuum,
2967 4244 3018 4288 et
3040 4252 3149 4304 prie
3181 4242 3414 4296 multitu-

1799 4316 1921 4371 dine
1942 4332 2043 4371 non
2071 4318 2439 4381 numerabitur.
2470 4320 2533 4376 Et
2567 4322 2683 4391 tibi,
2712 4324 2906 4395 inquit,
2938 4327 3173 4395 prredico
3200 4339 3409 4389 tantum

1803 4404 1919 4461 fore
1965 4423 2152 4463 semen
2201 4418 2370 4477 tuum,
2405 4421 2461 4465 ut
2503 4429 2680 4483 neque
2712 4430 2941 4472 numero
2983 4418 3278 4489 subjaceal.
3332 4424 3412 4481 Ne

1802 4494 1965 4566 igitur
2004 4508 2197 4553 maesta
2243 4502 2340 4567 sis,
2372 4516 2549 4572 neque
2577 4506 2928 4575 succumbas,
2961 4524 3138 4580 neque
3176 4514 3412 4573 turheris

1801 4588 2007 4656 animo,
2040 4590 2133 4645 scd
2163 4606 2273 4661 pra:
2302 4600 2353 4649 te
2384 4592 2465 4648 fer
2488 4610 2706 4651 omnem
2745 4598 3132 4658 obedientiam.
3156 4604 3243 4659 li.
3274 4604 3413 4662 Ecce

1802 4682 1937 4734 enim
1966 4692 2166 4738 uterum
2207 4686 2360 4753 geris,
2390 4694 2436 4740 et
2462 4690 2631 4756 paries
2672 4689 2859 4758 ﬁlium,
2891 4702 2940 4746 et
2978 4695 3181 4750 vocabis
3223 4714 3408 4753 nomen

1787 4774 1903 4844 ejus
1946 4772 2159 4829 Ismael.
2191 4775 2338 4842 Ideo,
2368 4775 2561 4847 inquit,
2591 4788 2648 4836 et
2679 4789 2891 4851 partum
2924 4784 3023 4839 tibi
3054 4784 3317 4855 prazdico,
3351 4800 3406 4844 et

1786 4882 1984 4923 nomen
2006 4867 2117 4937 jam
2156 4868 2379 4937 impono
2408 4884 2577 4939 puero
2601 4872 2691 4942 qui
2724 4883 2997 4940 nascetur,
3018 4886 3079 4931 ut
3111 4890 3172 4933 re
3198 4880 3402 4935 certius

1785 4968 2084 5026 comperta,
2105 4956 2183 5012 sie
2206 4958 2552 5029 regrediaris,
2572 4971 2626 5015 et
2647 4963 2903 5019 emendes
2925 4964 3069 5033 quod
3092 4965 3400 5037 deliquisti:

1788 5048 1922 5115 Quia
1963 5048 2156 5101 audivit
2189 5047 2436 5103 Dominus
2462 5052 2797 5107 humilitatem
2827 5063 2989 5110 tuam.

1860 5141 2123 5205 Quantum
2165 5157 2511 5197 terumnarum
2556 5145 2775 5199 lucrum.
2803 5176 2875 5186 —
2921 5147 3057 5204 llinc
3099 5148 3396 5208 discamus.

1784 5244 2043 5303 quantum
2075 5234 2143 5288 sit
2176 5233 2229 5289 in
2261 5232 2646 5291 afﬂictionibus
2684 5236 2915 5303 lucrum,
2948 5250 3151 5311 (quanta
3182 5242 3403 5298 calami-

1786 5329 1911 5381 tatis
1942 5326 2168 5381 utilitas.
2210 5326 2498 5397 Postquam
2530 5331 2674 5384 enim
2715 5333 2962 5398 secessit,
3004 5345 3057 5388 et
3097 5335 3252 5390 dolor
3293 5351 3393 5391 auo

1786 5426 1906 5472 ctus
1929 5428 2040 5483 est,
2058 5419 2345 5488 multisque
2371 5420 2701 5477 circumdata
2728 5434 2809 5479 est
2837 5425 3186 5481 afﬂictionum
3220 5429 3396 5484 mole.

1788 5512 1927 5577 stiis,
1962 5514 2014 5564 in
2058 5512 2366 5576 solitudine,
2399 5514 2453 5569 in
2483 5514 2700 5572 deserto
2745 5528 2797 5574 et
2843 5521 3103 5590 angustiis
3148 5538 3407 5592 versans,

1785 5612 1908 5671 post
1959 5610 2162 5657 tantam
2211 5605 2658 5673 prosperitatem,
2688 5620 2741 5663 et
2790 5622 3069 5682 postquam
3120 5614 3171 5668 in
3211 5631 3406 5685 parem

1787 5707 1908 5745 cum
1958 5691 2173 5746 domina
2234 5710 2329 5747 sua
2385 5695 2703 5765 dignitatem
2756 5715 2940 5756 evecta
3000 5704 3224 5771 fuisset;
3275 5704 3409 5763 ideo

1788 5786 2146 5842 acceleratum
2202 5799 2352 5843 nacta
2408 5799 2491 5860 est
2551 5793 2867 5849 subsidium.
2934 5798 3058 5854 lltcc
3110 5798 3254 5855 enim
3296 5799 3407 5857 tibi
