4058 6390
717 349 823 405 359

716 470 898 528 erunt,
918 457 1110 530 inquit,
1127 472 1247 531 quin
1268 454 1510 530 promisi,
1528 464 1580 509 et
1611 453 1788 524 paries
1814 451 2000 517 filium,
2028 458 2083 505 ut
2108 463 2294 505 semen

721 564 870 610 tuum
896 551 1282 610 innumerabile
1318 549 1442 614 erit,
1477 546 1610 616 Quia
1651 545 1905 600 exaudivit
1934 543 2177 598 Dominus
2201 540 2298 594 bu-

715 647 981 702 militatem
1008 656 1165 698 tuam.
1191 639 1269 698 Ne
1291 640 1451 712 igitur
1471 637 1733 710 gravatim
1773 635 2024 700 feramus,
2055 634 2099 688 si
2129 632 2299 688 mole-

714 739 832 792 stiis
866 735 1224 808 prementibus
1253 733 1614 789 humiliemur.
1641 729 1785 786 Nihil
1817 730 1959 784 enim
2006 728 2076 782 ita
2101 737 2300 781 nostra:

718 840 924 883 natura:
966 824 1236 891 conducit,
1267 833 1325 880 ut
1367 838 1486 880 sese
1529 822 1874 887 submittere,
1919 829 1972 876 et
2019 818 2300 874 humiliore

717 917 1005 990 superbum
1049 916 1320 987 spiritum,
1345 923 1400 971 et
1443 914 1676 971 inﬂatam
1716 921 1950 967 mentem
1977 909 2296 980 deprimere.

715 1010 863 1065 'l'nnc
902 1011 1045 1065 enim
1093 1024 1190 1063 nos
1221 1008 1387 1079 magis
1430 1006 1580 1060 audit
1612 1005 1892 1068 Dominus,
1937 1001 2150 1074 quando
2177 1015 2299 1056 cum

715 1100 899 1155 dolore
947 1099 1141 1152 animae
1169 1107 1225 1152 et
1265 1095 1428 1152 corde
1465 1095 1700 1150 contrito
1747 1095 1920 1164 ipsum
1971 1091 2298 1156 invocamus,

717 1188 973 1259 majorem
1018 1190 1068 1242 in
1113 1187 1362 1258 precibus
1386 1183 1753 1241 assiduitatem
1781 1183 2134 1238 adhibentes:
2168 1178 2302 1246 Quia

714 1278 904 1333 audiuit
949 1277 1201 1333 Dominus
1245 1277 1582 1330 humilitatem
1621 1284 1779 1328 tuam.
1830 1273 2019 1328 Postea
2064 1269 2303 1342 praedicit

713 1371 866 1443 pueri
891 1371 981 1441 qui
1014 1369 1448 1424 nasciturus'erat
1476 1366 1730 1421 studium.
1752 1365 1838 1418 12.
1862 1363 1961 1417 Dic
1975 1364 2090 1430 erit,
2111 1363 2296 1432 inquit,

713 1462 924 1532 agrestis
967 1459 1117 1513 homo
1161 1475 1179 1514 :
1228 1474 1407 1511 manus
1446 1456 1554 1526 ejus
1597 1462 1774 1507 contra
1821 1469 2014 1518 omnes,
2043 1462 2088 1506 et
2123 1468 2303 1505 manus

718 1553 945 1607 omnium
972 1561 1148 1605 contra
1178 1566 1290 1604 eum
1308 1564 1326 1601 :
1355 1557 1400 1602 et
1429 1555 1604 1600 contra
1635 1545 1814 1616 [aciem
1842 1544 2064 1598 omnium
2083 1544 2302 1615 fratrum

715 1659 923 1698 suorum
953 1639 1214 1694 habitabit.
1245 1637 1490 1693 l‘ra‘dicit
1515 1639 1586 1704 ei,
1607 1637 1754 1690 illum
1784 1634 1987 1689 virilem
2016 1643 2072 1689 et
2110 1634 2300 1687 fortem

716 1736 948 1790 futurum
978 1748 1122 1799 esse,
1163 1731 1502 1794 bellatorem,
1533 1744 1596 1782 ac
1628 1737 1784 1783 terrm
1811 1725 2050 1781 colendae
2090 1733 2303 1779 vacatu-

715 1824 1063 1882 rum.Vidisti
1086 1840 1150 1880 ex
1177 1823 1240 1878 iis
1272 1839 1389 1892 qua:
1413 1823 1463 1876 in
1495 1821 1742 1876 ancillam
1773 1833 1918 1890 gesta
1945 1827 2302 1888 sunt,quanto

714 1918 767 1970 in
801 1915 1007 1970 honore
1031 1925 1176 1969 esset
1219 1911 1562 1982 patriarcha?
1593 1909 1859 1979 Quidquid
1902 1909 2043 1964 enim
2087 1909 2158 1962 illi
2199 1909 2301 1961 im-

715 2020 940 2074 pensum
970 2012 1074 2069 est,
1108 1995 1318 2058 Domini
1353 2002 1406 2055 in
1438 2001 1641 2069 justum
1671 1999 2097 2055 benevolentiam
2122 2007 2305 2051 osten-

713 2096 810 2148 dit.
847 2094 973 2148 llaac
1017 2093 1102 2147 ubi
1131 2092 1351 2161 angelus
1377 2089 1642 2145 consuluit
1666 2097 1719 2142 et
1751 2088 1918 2142 felicia
1968 2086 2303 2140 annuntiavit

716 2185 897 2256 Agari,
928 2187 1177 2238 recessit.
1199 2181 1463 2236 Czetcrum
1492 2178 1614 2234 vide
1654 2180 1845 2233 iterum
1877 2178 2083 2232 ancillae
2122 2177 2302 2248 probi—

715 2285 901 2330 tatem.
953 2275 1040 2330 13.
1073 2273 1138 2326 Et
1173 2272 1388 2336 vocarit,
1446 2270 1648 2340 inquit,
1703 2285 1882 2323 nomen
1933 2266 2164 2333 Domini,
2218 2269 2304 2338 qui

712 2363 1006 2435 loquebatur
1031 2363 1126 2417 sibi
1148 2378 1165 2416 :
1188 2360 1266 2416 Tu
1293 2378 1345 2416 es
1367 2359 1526 2426 Deus,
1548 2361 1634 2430 qui
1660 2360 1825 2413 vidisti
1856 2376 1934 2412 me
1963 2376 1980 2413 :
2002 2359 2121 2428 quia
2141 2359 2303 2412 dixit:

713 2453 919 2510 Etenim
949 2471 1120 2508 coram
1149 2455 1252 2508 uidi
1277 2470 1390 2508 eum
1414 2453 1500 2523 qui
1529 2453 1766 2522 apparuit
1793 2452 1936 2504 mihi.
1965 2451 2049 2505 14.
2083 2449 2304 2520 PrOpter

719 2550 808 2600 I'oc
838 2547 1028 2614 vocavit
1049 2555 1275 2615 puteum,
1300 2545 1515 2598 Puteum
1538 2544 1621 2597 ubi
1643 2560 1813 2597 coram
1840 2542 1960 2606 vidi,
1981 2543 2111 2595 inter
2136 2539 2301 2597 Cades

711 2650 758 2694 et
784 2640 913 2695 inter
933 2637 1155 2692 Baraclt.
1176 2637 1313 2693 Vide
1333 2637 1601 2708 quomodo
1627 2644 1679 2689 et
1707 2635 1821 2689 lucc
1841 2635 1969 2690 velit
1991 2644 2301 2706 perpetuam

715 2731 1026 2786 memoriam
1076 2728 1262 2784 indere
1310 2729 1426 2783 loco
1482 2742 1574 2796 per
1601 2726 1845 2781 vocabuli
1883 2727 2298 2796 impositionem.

719 2821 942 2874 Vocavit
969 2821 1110 2874 enim
1157 2820 1354 2887 locum,
1391 2818 1612 2873 Puteum
1637 2817 1722 2872 ubi
1765 2835 1935 2872 coram
1961 2818 2082 2872 uidi.
2110 2817 2302 2873 Vidisti

712 2923 763 2966 ct
796 2912 1047 2965 ancillam
1093 2912 1345 2979 paulatim
1385 2926 1450 2965 ex
1481 2910 1863 2963 afﬂictionibus
1901 2909 2177 2978 aliquanto
2206 2924 2301 2963 ca-

724 3000 1084 3070 stigatioribus
1125 2999 1364 3055 moribus
1393 2999 1530 3066 ﬁcri,
1553 3008 1608 3054 et
1630 3008 1837 3070 gratum
1866 2999 2102 3052 animum
2147 3013 2300 3053 suum

712 3092 984 3145 declarare
1010 3105 1134 3159 erga
1176 3087 1435 3145 beneﬁcia
1479 3087 1676 3157 quibus
1717 3089 1984 3142 cumulata
2035 3087 2224 3154 fuerat,
2250 3095 2306 3141 et

712 3183 938 3252 gratiam
973 3182 1165 3250 quibus
1195 3181 1386 3250 potuit,
1427 3177 1632 3233 referre
1664 3178 2015 3247 providentia:
2043 3193 2162 3247 quin
2189 3186 2308 3232 tan-

716 3284 823 3326 tum
872 3270 1038 3340 ipsius
1066 3278 1305 3341 gesserat
1348 3269 1570 3324 curam?
1620 3268 1708 3324 15.
1739 3266 1806 3321 Et
1854 3269 2066 3339 peperit,
2112 3268 2304 3337 inquit,

719 3364 856 3434 Agar
881 3361 1027 3418 Abrat
1055 3363 1248 3431 ﬁlium,
1281 3372 1327 3416 et
1351 3361 1543 3415 vocavit
1573 3360 1761 3414 Abram
1787 3376 1966 3413 nomen
1998 3360 2128 3430 ejus,
2156 3376 2302 3430 quem

723 3455 914 3528 peperit
943 3453 1037 3510 sibi
1067 3455 1224 3525 Agar,
1255 3453 1464 3506 Ismaei.

783 3550 839 3604 7.
903 3548 1203 3603 Exhortatio
1265 3546 1334 3599 ad
1390 3546 1682 3616 patientiam
1703 3584 1718 3607 ,
1780 3542 2211 3597 mansuetudinem
2258 3553 2305 3596 et

711 3641 1054 3696 concordiam.
1090 3637 1234 3695 Uxor
1253 3637 1482 3708 adjutria:
1505 3635 1598 3690 uiri
1621 3638 1890 3702 quomodo.
1905 3633 2120 3688 ——lfinc
2141 3633 2303 3688 disci-

717 3746 835 3784 mus
863 3738 1118 3800 quantum
1152 3729 1346 3782 bonum
1383 3728 1449 3781 sit
1479 3726 1850 3790 mansuetudo,
1883 3735 2135 3795 quantum
2175 3725 2304 3779 lucri

717 3820 950 3884 haheat,
1000 3828 1053 3874 et
1097 3819 1279 3888 quanti
1330 3817 1531 3870 fructus
1576 3832 1641 3871 ex
1690 3815 2066 3871 afflictionibus
2111 3830 2306 3886 prove-

706 3912 880 3966 niant.
913 3908 1045 3964 Nam
1072 3907 1481 3963 mansuetudine
1525 3906 1823 3975 patriarcha
1863 3907 2088 3975 placavit
2116 3907 2304 3961 Suram

711 3997 1206 4069 indignabundam,
1254 4008 1310 4052 et
1366 3996 1572 4051 famulae
1637 4004 1953 4066 potestatem
2014 3996 2063 4050 ei
2128 3993 2306 4062 dedit,

725 4089 1051 4159 domumque
1091 4105 1223 4158 pace
1271 4089 1526 4157 replevit,
1558 4089 1858 4142 afflictiouis
1887 4097 2063 4142 autem
2108 4087 2308 4144 fructus

720 4183 776 4234 in
804 4182 994 4236 ancilla
1024 4181 1204 4236 videre
1247 4181 1388 4236 licet.
1421 4180 1553 4247 Quia
1602 4191 1877 4250 postquam
1920 4181 1988 4236 ab
2020 4182 2145 4236 hera
2174 4181 2310 4235 afﬂi-

715 4280 800 4325 t-ta
829 4271 990 4341 fugit,
1016 4279 1070 4324 et
1109 4272 1330 4324 multum
1369 4285 1666 4325 a-rumnosa
1717 4269 1846 4335 fuit,
1881 4284 1945 4323 ac
1988 4285 2108 4324 cum
2143 4271 2306 4325 animi

716 4361 902 4416 dolore
952 4361 1230 4416 Dominum
1281 4359 1580 4425 invocavit,
1647 4360 1824 4413 statim
1864 4374 2146 4429 supernam
2175 4361 2304 4415 visi-

718 4455 968 4508 tationem
1000 4464 1282 4521 assequuta
1308 4460 1409 4506 est.
1436 4451 1502 4505 Ut
1530 4452 1674 4505 enim
1716 4451 1885 4504 discat
1910 4465 1968 4505 se
2005 4466 2098 4519 per
2124 4451 2302 4506 humi-

718 4546 920 4602 litatem
964 4554 1020 4599 et
1051 4544 1392 4600 afﬂictionem
1452 4551 1593 4597 tanta
1651 4541 1983 4610 providentia
2034 4542 2303 4612 dignatam

715 4651 836 4692 esse
856 4677 870 4701 ,
899 4636 1028 4690 dicit
1048 4635 1269 4705 angelus
1294 4635 1342 4690 ei
1369 4651 1383 4688 :
1419 4632 1626 4688 Uterum
1646 4634 1780 4704 geris
1799 4674 1813 4695 .
1844 4643 1891 4687 et
1913 4635 2080 4703 paries
2106 4634 2301 4702 filium,

717 4736 762 4780 et
788 4728 984 4781 vocabis
1011 4743 1190 4781 nomen
1216 4728 1326 4797 ejus
1367 4725 1558 4779 Ismaet
1578 4767 1590 4788 ,
1623 4726 1859 4794 quoniam
1898 4727 2090 4779 audivit
2126 4725 2304 4797 Domi-

723 4833 815 4870 nus
856 4816 1186 4870 humilitatem
1218 4794 1373 4868 tuam.
1411 4815 1588 4884 Itaque
1612 4856 1626 4879 ,
1659 4814 1874 4879 dilecti,
1921 4831 2042 4870 cum
2073 4794 2304 4872 sciamtis

724 4921 820 4960 nos
844 4949 857 4971 ,
893 4908 936 4960 si
985 4907 1375 4976 vigilavcrimus
1396 4947 1410 4972 ,
1439 4921 1504 4960 ex
1533 4907 1788 4961 aerumnis
1817 4908 1986 4978 magis
2011 4907 2077 4962 ad
2120 4909 2303 4962 Domi-

721 5013 847 5050 num
878 5011 1188 5051 accessuros
1208 5037 1223 5061 ,
1263 5004 1319 5051 et
1355 4996 1469 5067 ejus
1493 4999 1714 5066 gratiam
1735 4998 1890 5052 nobis
1917 5008 2025 5071 tum
2056 5000 2306 5054 concilia-

718 5097 895 5151 turos,
940 5101 1060 5141 cum
1111 5086 1326 5141 dolente
1375 5088 1551 5142 anima
1596 5098 1645 5144 et
1695 5088 1910 5146 fervidis
1954 5091 2203 5162 lacrymis
2237 5093 2303 5148 ad

719 5181 890 5247 ipsum
922 5179 1303 5234 accesserimus
1333 5197 1346 5233 :
1377 5195 1443 5234 ne
1482 5179 1762 5235 doleamus
1790 5183 1842 5236 in
1890 5182 2266 5241 afflictionibus
2286 5229 2301 5251 ,

723 5269 815 5322 sed
839 5270 1044 5323 lucrum
1067 5268 1208 5338 quod
1231 5285 1292 5324 ex
1315 5269 1690 5327 afflictionibus
1715 5274 1958 5341 provenit
1981 5277 2302 5345 cogitantes,

722 5361 895 5414 omnia
941 5376 1058 5431 quae
1094 5359 1248 5416 nobis
1293 5363 1542 5418 eveniunt
1571 5365 1774 5434 placido
1823 5365 2057 5423 feramus
2104 5369 2303 5434 animo,

728 5458 786 5502 et
820 5448 1083 5506 discamus
1124 5450 1337 5506 humani
1368 5468 1487 5508 esse
1537 5465 1589 5510 et
1640 5461 1902 5512 mansueti
1955 5475 2077 5530 erga
2120 5476 2307 5519 omnes

722 5538 980 5607 quidem,
1021 5545 1249 5599 maxime
1293 5552 1470 5598 autem
1515 5560 1636 5616 erga
1685 5563 1880 5602 uxores
1934 5561 2139 5607 nostras
2179 5568 2195 5604 :
2245 5566 2309 5607 ac

722 5645 1061 5699 summopere
1089 5649 1336 5690 curemus
1358 5676 1372 5701 ,
1407 5643 1462 5689 ut
1483 5637 1601 5692 sive
1621 5638 1764 5707 juste
1788 5679 1804 5704 ,
1833 5639 1946 5694 sive
1988 5643 2180 5710 injuste
2209 5658 2308 5698 nos

721 5730 969 5793 arguant,
1025 5737 1093 5777 ne
1122 5724 1190 5778 ita
1248 5735 1499 5782 accurate
1545 5733 1881 5788 excutiamus
1933 5746 2160 5788 causas:
2211 5734 2305 5791 sed

1489 341 1548 398 S.
1587 334 1862 396 ιοΑδΝιδ
1899 327 2369 394 αιιιιῑεοδτοω
2408 329 2725 389 Αῐιυιιιιῖρ.
2766 332 3291 392 ουΝετΑΝτιχοΡ.
3887 331 3972 390 360

2407 448 2561 503 unius
2587 450 2665 504 rei
2698 448 2852 506 nobis
2894 463 3021 505 cura
3066 449 3154 517 sit,
3186 459 3243 503 ut
3272 446 3495 504 tristitia:
3535 461 3705 504 causa
3745 462 3777 502 e
3818 450 3972 504 ιιιθάξο

2407 539 2656 605 tollatur,
2681 535 2994 612 crescatque
3036 556 3100 595 ac
3127 541 3405 595 roboretur
3431 553 3525 609 pax
3571 537 3867 594 domestica
3893 560 3904 591 :
3931 551 3976 595 ut

2404 641 2458 687 et
2485 631 2573 686 illa
2602 631 2669 686 ad
2715 632 2886 686 virum
2928 645 3084 686 suum
3133 631 3329 686 habeat
3355 631 3766 686 conversionem
3791 672 3804 691 .
3835 641 3885 684 et
3912 632 3977 684 vir

2403 723 2473 777 ah
2519 723 2755 778 externis
2801 738 2865 780 ac
2892 720 3193 777 forensibus
3235 722 3461 794 negotiis
3501 733 3552 778 et
3602 719 3979 776 turbationibus

2405 815 2473 870 ad
2518 831 2635 872 eam
2665 815 2815 887 quasi
2858 815 2926 870 ad
2954 824 3164 886 portum
3208 814 3524 886 confugere,
3553 824 3614 870 et
3663 813 3978 884 omnigenum

2408 909 2646 965 invenire
2694 911 2862 980 possit
2907 909 3350 965 consolationem.
3393 910 3448 964 In
3479 905 3812 980 adjutorium
3857 908 3977 963 enim

2406 1000 2529 1055 data
2578 1011 2661 1056 est
2691 1017 2860 1067 uxor,
2894 1012 2952 1056 ut
3000 1011 3281 1058 contentus
3319 1003 3435 1073 ejus
3481 1002 3887 1067 consolatione,
3918 1004 3981 1054 vir

2407 1091 2661 1147 adversus
2701 1092 2993 1163 ingruentia
3037 1094 3173 1148 mala
3226 1109 3284 1148 re
3315 1094 3476 1149 istere
3522 1093 3726 1147 valeat.
3781 1090 3907 1147 Nam
3949 1095 3983 1146 si

2409 1181 2562 1236 fuerit
2589 1191 2774 1236 ornata
2822 1183 3108 1237 virtutibus
3139 1192 3193 1238 et
3219 1193 3495 1238 mansueta
3514 1225 3527 1246 ,
3557 1198 3670 1238 non
3696 1182 3867 1236 solum
3889 1183 3983 1234 viro

2407 1287 2504 1326 suo
2533 1272 2805 1328 societatis
2832 1273 3258 1327 consolationem
3279 1316 3295 1338 ,
3336 1273 3430 1328 sed
3447 1283 3502 1328 et
3528 1275 3580 1328 in
3608 1273 3739 1328 aliis
3761 1273 3982 1326 omnibus

2407 1364 2632 1418 multum
2663 1363 2768 1418 erit
2793 1363 2938 1418 utilis
2964 1381 2978 1415 :
3008 1363 3188 1418 omnia
3218 1363 3294 1416 illi
3320 1363 3457 1418 levia
3480 1372 3534 1419 et
3568 1363 3753 1418 facilia
3784 1362 3979 1424 reddet.

2406 1464 2462 1510 et
2483 1455 2756 1525 percipere
2779 1471 2884 1509 non
2913 1456 3052 1510 sinet
3073 1455 3223 1510 illum
3254 1463 3344 1509 aut
3386 1455 3641 1510 externas
3663 1463 3759 1508 aut
3777 1468 3866 1508 eas
3884 1469 3980 1523 qua:

2406 1546 2643 1616 quotidie
2687 1545 2835 1602 domi
2892 1554 3184 1602 nascuntur
3232 1545 3622 1601 difﬁcultates:
3677 1543 3814 1610 sed,
3856 1546 3980 1613 quasi

2405 1639 2730 1708 gubernator
2769 1640 3004 1708 Optimus
3027 1679 3042 1703 ,
3072 1652 3286 1692 omnem
3314 1637 3478 1692 animi
3525 1644 3899 1706 tempestatem
3941 1637 3980 1687 iu

2407 1732 2753 1786 serenitatem
2813 1746 2906 1786 sua
2954 1731 3215 1801 sapientia
3261 1739 3565 1792 convertet,
3613 1728 3980 1799 prudentiaque

2406 1839 2501 1878 sua
2533 1838 2776 1894 magnam
2824 1822 3067 1877 conferet
3103 1822 3547 1877 consolationem.
3580 1821 3877 1874 Enimvero
3910 1821 3978 1888 qui

2407 1916 2485 1971 sic
2548 1915 2818 1984 conjuncti
2881 1913 3116 1980 fuerint,
3163 1930 3191 1967 a
3260 1914 3403 1969 nulla
3459 1928 3644 1968 rerum
3697 1911 3980 1966 difﬁcultate

2383 2005 2546 2061 male
2587 2005 2878 2059 habebunt.
2905 2004 3130 2072 Quando
3173 2006 3314 2060 enim
3361 2003 3677 2071 concordia,
3713 2014 3768 2058 ct
3794 2018 3916 2074 pax,
3942 2012 3983 2056 ct

2411 2097 2682 2151 vinculum
2735 2097 3039 2151 dileCtionis
3099 2110 3222 2151 cum
3267 2097 3490 2150 muliere
3531 2104 3586 2150 ct
3627 2097 3750 2149 viro
3811 2094 3977 2155 fuerit,
4034 2165 4035 2168 η

2406 2191 2584 2244 omnia
2627 2190 2784 2244 simul
2811 2188 3031 2244 afﬂuent
3058 2189 3194 2243 bona
3219 2230 3233 2253 ,
3258 2198 3310 2242 et
3345 2188 3505 2242 nullis
3537 2187 3753 2242 insidiis
3778 2187 3982 2255 expositi

2406 2292 2595 2345 erunt,
2627 2297 2817 2353 magno
2841 2291 2896 2336 et
2920 2282 3315 2354 inexpugnabili
3341 2281 3574 2351 quodam
3601 2295 3766 2336 muro
3791 2281 3981 2335 circum-

2406 2375 2536 2436 dati,
2570 2374 2673 2429 hoc
2696 2386 2799 2440 est,
2832 2390 2898 2430 ex
2939 2389 3001 2429 ea
3051 2391 3170 2444 qua:
3215 2356 3511 2429 sccundum
3558 2374 3733 2427 Deum
3771 2384 3850 2426 est
3875 2385 3982 2424 con.

2405 2464 2606 2520 cordia.
2643 2464 2753 2519 Hoc
2779 2463 3063 2519 adamante
3091 2464 3353 2519 firmiores
3373 2505 3388 2531 ,
3434 2463 3538 2518 hoc
3581 2462 3733 2518 ferro
3764 2461 3982 2516 fortiores

2405 2571 2499 2612 eos
2528 2554 2751 2619 reddet,
2783 2555 2884 2610 hoc
2905 2556 3155 2610 omnibus
3178 2555 3375 2610 divitiis
3400 2565 3452 2609 et
3477 2554 3810 2610 abundantia
3840 2555 3983 2624 magis

2407 2644 2749 2714 locupletabit
2769 2687 2783 2709 ,
2809 2644 2912 2700 hoc
2933 2645 2998 2700 ad
3032 2659 3316 2715 supernam
3339 2646 3563 2716 gloriam
3593 2647 3721 2700 illos
3747 2644 3977 2704 deducet.

2408 2735 2509 2791 hoc
2549 2745 2604 2791 et
2662 2736 2753 2791 Dei
2799 2735 3226 2791 benevolentiam
3275 2736 3354 2791 eis
3398 2737 3627 2790 ubertim
3680 2735 3978 2791 conciliabit.

2408 2827 2638 2881 Proinde
2664 2841 2758 2881 oro
2778 2868 2793 2891 ,
2824 2843 2894 2882 ne
2918 2827 3041 2896 quid
3065 2827 3140 2881 illi
3169 2827 3560 2897 prteferendum
3586 2829 3974 2883 existimemus:

2406 2918 2500 2972 sed
2548 2919 2726 2972 omnia
2771 2918 3022 2972 faciamus
3066 2926 3121 2972 ct
3164 2933 3424 2989 agamus,
3473 2928 3530 2974 ut
3575 2921 3922 2991 tranquillitas
3939 2930 3980 2972 ct

2391 3024 2509 3078 ἕρεις
2556 3010 2627 3064 sit
2675 3009 2820 3063 inter
2865 3007 3257 3063 cohabitantes.
3303 3007 3452 3064 Tunc
3500 3009 3647 3064 enim
3702 3021 3758 3066 et
3805 3010 3887 3064 ﬁlii
3911 3012 3977 3079 qui

2407 3109 2700 3157 nascuntur
2728 3109 3010 3172 parentum
3061 3100 3311 3154 virtutem
3357 3111 3655 3171 sequentur
3684 3119 3701 3170 ',
3733 3118 3863 3173 quos
3888 3103 3981 3156 im:-

2413 3191 2669 3246 tabuntur
2699 3199 2754 3244 et
2776 3190 2940 3255 seni,
2970 3199 3021 3245 et
3050 3189 3284 3260 undique
3312 3190 3504 3245 domus
3533 3193 3737 3249 virtute
3767 3192 3979 3252 ﬂorebit.

2409 3284 2620 3353 eritque
2666 3280 2940 3351 multiplex
2987 3297 3166 3337 rerum
3214 3284 3562 3355 prosperitas.
3607 3283 3842 3352 Quando
3864 3284 3981 3340 enim
4034 3339 4035 3348 ξ

2411 3375 2591 3430 divina
2615 3373 2825 3429 caeteris
2853 3371 3185 3442 prmferiinus
3205 3414 3218 3436 ,
3245 3371 3396 3428 facile
3423 3358 3524 3428 alia
3547 3376 3736 3431 omnia
3760 3391 3984 3446 prospere

2411 3466 2568 3521 nobis
2607 3464 2932 3529 succedent,
2987 3472 3041 3518 et
3077 3463 3275 3518 nullam
3331 3467 3622 3521 sentiemus
3669 3469 3980 3528 molestiam.
4034 3501 4035 3520 ς

2408 3557 2782 3627 suppeditante
2828 3557 2984 3611 nobis
3034 3557 3210 3611 omnia
3261 3557 3480 3628 largiter
3522 3559 3708 3614 divina
3755 3561 3978 3618 bonitate.
4034 3603 4035 3626 ι

2409 3650 2482 3706 Ut
2507 3651 2665 3721 igitur
2689 3650 2848 3705 etiam
2877 3649 2976 3718 ipsi
3002 3648 3202 3718 absque
3232 3649 3442 3704 tristitia
3481 3660 3535 3707 et
3566 3655 3832 3722 temporis
3859 3655 3982 3708 istius

2410 3742 2571 3796 vitam
2604 3741 2955 3811 transigamus
2978 3782 2992 3805 ,
3025 3751 3077 3796 et
3107 3735 3366 3810 majorem
3417 3742 3625 3798 Domini
3678 3745 3979 3802 benevtileu-

2412 3836 2538 3888 tiam
2584 3833 2752 3904 magis
2793 3847 2856 3888 ac
2903 3834 3070 3903 magis
3120 3833 3272 3888 nobis
3318 3834 3714 3903 conciliemus,
3763 3839 3978 3893 virtutem

2411 3936 2710 3990 sectemur,
2753 3925 3092 3980 concordiam
3131 3933 3187 3978 ct
3214 3940 3396 3993 pacem
3437 3926 3488 3981 in
3513 3926 3742 3985 domum
3773 3940 3978 3984 nostrain

2413 4015 2747 4070 introducere
2773 4029 3064 4079 conemur;
3095 4031 3239 4068 cura:
3269 4015 3423 4070 nobis
3457 4018 3561 4070 sint
3591 4016 3847 4075 educatio
3872 4021 3975 4075 libe-

2413 4119 2593 4158 rorum
2620 4119 2901 4173 moresque
2921 4104 3257 4168 famulorum,
3279 4113 3336 4156 ut
3349 4120 3447 4173 pro
3460 4106 3717 4162 omnibus
3747 4110 3900 4182 largis
3912 4126 3976 4164 ac-

2410 4195 2578 4264 ceptis
2595 4195 3130 4261 remunerationibus,
3152 4210 3455 4250 mereamur
3470 4205 3525 4251 et
3549 4202 3821 4266 promissa
3850 4205 3975 4261 bona.

2408 4286 2576 4354 gratia
2605 4295 2659 4339 et
2695 4285 3020 4356 benignitate
3048 4286 3254 4340 Domini
3283 4289 3449 4342 nostri
3479 4287 3604 4343 Jesu
3652 4290 3886 4359 Christi,
3914 4295 3976 4346 cui

2407 4389 2528 4428 cuni
2559 4375 2714 4429 l’atre
2742 4385 2794 4428 et
2819 4383 3004 4428 sancto
3025 4373 3247 4446 Spiritu,
3276 4377 3346 4431 sit
3371 4377 3538 4446 gloria
3559 4421 3574 4443 ,
3609 4379 3979 4452 imperium,et

2409 4468 2599 4531 honor,
2620 4483 2759 4520 nunc
2776 4477 2829 4522 et
2844 4482 3079 4537 semper,
3100 4477 3153 4522 et
3181 4470 3436 4524 instecula
3457 4471 3970 4530 smeulorumeeu.

2911 4607 3191 4662 HOMILIA
3235 4607 3478 4663 XXXIX.

2412 4759 2629 4827 Quando
2651 4771 2818 4814 autem
2841 4761 3006 4831 factus
3032 4769 3105 4814 est
3125 4760 3308 4813 Abram
3336 4765 3614 4834 nonaginta
3650 4783 3831 4822 norem
3847 4783 3976 4821 anuo-

2654 4868 2786 4916 rum,
2812 4852 3051 4922 apparuit
3071 4853 3114 4904 ei
3145 4851 3280 4905 Deus
3310 4853 3328 4922 (
3353 4852 3480 4907 Gen.
3518 4856 3602 4908 Π.
3635 4858 3728 4928 ι).

2480 5003 2530 5057 1.
2577 5002 2812 5068 Vidistis,
2835 5002 3188 5071 dilectissimi,
3208 5006 3480 5075 quomodo
3501 5006 3634 5064 nihil
3657 5011 3730 5067 sit
3751 5014 3910 5068 otiose
3940 5013 3974 5060 in

2409 5094 2585 5150 divina
2630 5095 2901 5166 Scriptura
2924 5097 3203 5168 positum?
3231 5097 3436 5152 vidistis
3458 5111 3722 5169 quantum
3770 5105 3974 5159 utilitatis

2411 5185 2522 5240 heri
2553 5187 2906 5256 percepimus,
2938 5203 3058 5242 cum
3104 5189 3170 5244 de
3193 5190 3333 5259 Agar
3361 5191 3553 5245 ancilla
3585 5193 3806 5263 fugitiva
3834 5195 3974 5250 disse-

2413 5278 2698 5332 reremus?
2733 5278 3021 5332 Didicimus
3045 5280 3188 5333 enim
3220 5281 3533 5348 patriarcha:
3560 5283 3860 5349 lenitatem,
3888 5284 3973 5337 eii-

2413 5383 2571 5422 miam
2609 5369 3010 5434 continentiam,
3045 5372 3396 5426 reverentiam
3427 5389 3586 5442 quam
3637 5392 3768 5446 erga
3821 5378 3974 5432 Suram

2411 5461 2672 5526 exhibuit,
2700 5469 2753 5516 et
2769 5460 3037 5530 quomodo
3055 5463 3392 5517 concordiam
3417 5464 3574 5520 bonis
3599 5469 3848 5523 omnibus
3871 5482 3974 5537 prm-

2413 5555 2686 5610 ferendam
2714 5554 2945 5609 duxerit.
2978 5554 3222 5610 Vidimus
3268 5558 3362 5612 Dei
3402 5557 3728 5614 ineffabilem
3769 5559 3973 5630 benigni-

2415 5645 2602 5711 tatem,
2634 5643 2906 5715 quomodo
2931 5654 2985 5699 et
3010 5645 3060 5698 in
3090 5646 3347 5701 honorem
3373 5648 3499 5716 justi
3521 5666 3628 5702 non
3661 5651 3833 5706 solum
3852 5651 3973 5702 redu-

2417 5738 2492 5791 xit
2524 5737 2662 5807 Agar
2683 5770 2702 5799 ,
2724 5751 2837 5806 qua:
2875 5737 2924 5792 iti
2954 5738 3239 5794 solitudine
3269 5739 3508 5807 errabat,
3544 5750 3599 5796 et
3637 5743 3706 5798 ob
3757 5746 3970 5798 timorum
