4058 6412
70 398 189 453 359

65 510 135 564 τὸ
173 509 411 580 σπέρμα
447 524 540 562 σου
573 505 806 577 ἀριθμοῦ
836 505 1078 575 κρεῖττον
1108 501 1260 557 ἔσται
1284 544 1298 569 ,
1323 505 1445 557 Ὅτι
1477 502 1787 570 ἐπήκουσε

66 596 314 666 Κύριος
365 595 442 667 τῇ
495 594 848 649 ταπεινώσει
888 609 1026 647 σου.
1059 593 1150 666 Μὴ
1200 593 1381 646 τοίνυν
1431 592 1568 664 μηδέ
1624 593 1786 663 ἡμεῖς

60 685 472 756 ἀσχάλλωμεν,
504 685 726 739 ἐπειδάν
770 683 878 736 ἀπό
923 698 1068 744 τινος
1098 679 1474 752 περιστάσεως
1506 678 1616 733 τῶν
1643 695 1786 750 πραο

60 772 318 842 γμάτων
354 771 802 841 ταπεινωθῶμεν.
828 768 994 822 Οὐδὲν
1026 767 1136 840 γάρ
1165 766 1322 838 ήμῶν
1356 769 1422 837 τῇ
1455 765 1617 836 φύσει
1639 764 1782 819 οὕτω

62 860 494 929 συμϐάλλεται,
547 859 621 922 ὠς
687 857 750 909 τὸ
818 854 1199 908 συστέλλεσθαι
1250 854 1344 908 καὶ
1395 851 1784 907 ταπεινοῦσθαι

59 945 241 1013 ἡμῶν
268 945 338 998 τὺ
374 946 651 1016 φρόνημα,
689 944 781 996 καὶ
818 942 878 995 τὸ
903 942 1131 1013 φύσημα
1154 941 1253 1011 τῆς
1272 940 1454 1012 ψυχῆς
1480 939 1781 993 καταστέλ-

61 1030 296 1085 λεσθαι.
339 1032 472 1084 Τότε
514 1029 622 1101 γὰρ
661 1027 820 1099 ήμῶν
863 1026 1065 1098 μᾶλλον
1110 1028 1139 1079 ό
1176 1026 1455 1096 Δεσπότης
1497 1024 1781 1088 ἐπακούει,

59 1117 207 1171 ὅταν
274 1117 418 1189 μετά
465 1115 808 1186 όδυνωμένης
849 1115 1028 1186 ψυχῆς
1059 1113 1155 1167 καὶ
1182 1113 1652 1184 συντετριμμένης
1679 1111 1782 1182 τῆς

64 1204 319 1274 καρδίας
342 1203 505 1256 αὐτὸν
533 1202 809 1273 καλῶμεν,
833 1201 1034 1272 πολλὴν
1057 1200 1156 1273 τὴν
1177 1199 1507 1272 προσεδρίαν
1528 1200 1657 1275 περὶ
1678 1201 1780 1262 τάς

62 1292 330 1354 ἰκετείας
368 1288 706 1360 ποιούμενοι.
747 1289 878 1342 Ὅτι
906 1286 1236 1353 ἐπήκουσε,
1262 1288 1417 1358 φησί,
1449 1288 1670 1356 Κύριος
1702 1285 1781 1355 τῇ

62 1375 439 1431 ταπεινώσει
477 1390 617 1430 σου,
664 1370 798 1428 Εἶτα
831 1373 1086 1446 προλέγει
1127 1373 1221 1426 τοῦ
1265 1373 1551 1444 μέλλοντος
1597 1373 1780 1427 τίκτε-

63 1463 202 1517 σθαι
233 1463 430 1526 παιδὸς
460 1462 521 1515 τὸ
555 1461 911 1533 ἐπιτήδευμα.
942 1456 1132 1527 Οὗτος
1155 1461 1350 1525 ἔσται,
1375 1462 1560 1530 φησὶν,
1586 1458 1780 1530 ἄγροι-

61 1567 182 1614 κος
219 1548 570 1618 ἄνθρωπος·
607 1553 668 1602 ιιι
699 1548 895 1618 χεῖρες
920 1547 1108 1602 αὐτοῦ
1151 1547 1252 1600 ἐπὶ
1288 1548 1542 1614 πάντας,
1578 1549 1675 1602 καί
1717 1551 1777 1602 αἰ

59 1636 275 1706 χεῖρες
299 1635 545 1690 πάντων
576 1636 669 1689 ἐπ’
701 1638 890 1689 αὐτόν
910 1650 924 1665 ·
959 1635 1059 1688 καί
1088 1634 1239 1687 κατὰ
1271 1635 1603 1702 πρόσωπον
1632 1634 1780 1689 πάν-

60 1741 196 1776 των
229 1721 357 1777 τῶν
383 1720 668 1791 ἀδελφῶν
685 1722 871 1777 αὑτοῦ
895 1721 1265 1787 κατοικήσει.
1295 1721 1610 1794 Προμηνύει
1635 1724 1773 1795 αὐτῇ

58 1811 152 1862 ὅτι
197 1807 452 1880 ἀνδρεῖος
478 1807 652 1872 ἐσται,
693 1809 775 1862 ὅτι
807 1808 1087 1880 πολέμιος,
1132 1810 1213 1862 ὃτι
1248 1809 1384 1880 πρὸς
1409 1808 1510 1880 τὴν
1535 1810 1636 1881 τῆς
1671 1811 1775 1880 γῆς

62 1893 403 1965 ἐπιμέλειαν
433 1894 601 1949 πολὺν
629 1894 720 1949 τὸν
761 1895 923 1948 πόνον
957 1894 1306 1961 ἐπιδείξεται.
1338 1891 1493 1958 Εἶδες
1537 1896 1627 1950 διά
1664 1895 1774 1950 τῶν

59 1984 150 2045 εἰς
179 1981 288 2052 τὴν
321 1981 618 2053 παιδίσκην
646 1981 1029 2052 γεγενημένων
1053 1982 1154 2051 τὴν
1180 1983 1263 2045 εἰς
1299 1982 1390 2035 τὸν
1430 1983 1774 2055 πατριάρχην

60 2069 291 2139 τιμήνς
335 2069 400 2121 Ἦ
442 2067 553 2139 γὰρ
602 2068 731 2138 περὶ
762 2067 970 2138 ταύτην
1008 2067 1239 2138 πρόνοια
1265 2068 1505 2123 δείκνυσι
1549 2070 1647 2141 τὴν
1690 2070 1775 2124 εῦ-

61 2172 228 2210 νοιαν
274 2153 373 2208 τοῦ
421 2154 716 2219 Δεσπότου,
748 2154 816 2226 ἢν
850 2154 987 2226 πρὸς
1019 2154 1110 2208 τὸν
1141 2154 1350 2211 δίκαιον
1380 2155 1768 2212 ἐπιδείκνυται.

58 2241 262 2295 Ταῦτα
291 2239 704 2312 συμϐουλεύσας
725 2242 756 2293 ό
782 2239 1032 2311 ἄγγελος,
1066 2242 1158 2294 καὶ
1188 2242 1682 2314 εὐαγγελισάμενος
1704 2246 1769 2315 τῇ

60 2329 286 2400 ’Δγαρ,
311 2325 680 2398 ἀνεχώρησεν.
703 2327 844 2380 Ἀλλ’
859 2329 963 2399 δρα
988 2328 1153 2383 πάλιν
1172 2329 1269 2400 τῆς
1295 2329 1589 2400 παιδίσκης
1619 2329 1769 2402 [595]

60 2415 167 2486 τὴν
201 2414 650 2485 εὐγνωμοσύνην.
684 2413 791 2468 Καὶ
831 2413 1111 2480 ἐκάλεσε,
1144 2415 1300 2485 φησὶ,
1331 2414 1397 2470 τὸ
1436 2415 1626 2486 ὄνομα
1648 2419 1771 2471 Κυ-

59 2502 204 2569 ρίου
239 2500 348 2555 τοῦ
371 2500 712 2567 λαλοῦντος
744 2500 894 2571 πρὸς
923 2499 1151 2568 αὑτήν·
1201 2501 1287 2556 Σὺ
1315 2505 1348 2557 d
1383 2503 1548 2569 Θεὸς,
1593 2505 1626 2556 ὁ
1674 2503 1772 2556 ἐπ-

62 2587 217 2642 ιδών
240 2605 354 2657 με·
392 2587 483 2641 ὅτι
531 2584 662 2642 εἶπε
684 2605 697 2618 ·
729 2589 838 2642 Καὶ
879 2587 991 2657 τὰρ
1016 2589 1274 2643 ἐνώπιον
1304 2586 1469 2644 είδον
1512 2591 1771 2660 ὀφθέντα

59 2676 452 2741 μοι.¹Ἑνεκεν
481 2676 698 2729 τούτου
736 2674 994 2730 ἐκάλεσε
1015 2675 1080 2728 τὸ
1111 2675 1320 2746 φρέαρ,
1351 2677 1544 2746 Φρέαρ
1574 2673 1648 2734 οὗ
1674 2678 1770 2731 ἐν-

60 2762 258 2816 ώπιον
303 2756 490 2823 εἷδον,
521 2759 640 2815 ἀνὰ
670 2760 867 2830 μέσον
905 2761 1107 2830 Κὰὃης
1144 2763 1244 2816 καί
1275 2764 1394 2818 ἀνὰ
1426 2764 1627 2832 μέσον
1651 2767 1764 2818 Ba-

58 2845 204 2914 ράκ.
236 2847 436 2902 Σκόπει
457 2845 577 2911 πῶς
607 2848 700 2901 καὶ
727 2846 866 2917 αὐτὴ
891 2846 1142 2918 βούλεται
1168 2849 1389 2922 διηνεκῆ
1412 2849 1511 2922 τὴν
1544 2852 1768 2922 μνήμην

59 2932 433 2988 ἐναποθέσθαι
478 2933 556 3004 τῷ
605 2933 755 3004 τόπῳ
799 2933 886 2986 διὰ
931 2935 1030 3005 τῆς
1082 2937 1473 3008 προσηγορίας.
1510 2937 1768 2992 Ἐκάλεσε

60 3021 201 3093 7&9,
229 3021 386 3092 φησὶ,
427 3020 519 3074 τὸν
551 3020 736 3086 τόπον,
780 3021 970 3091 Φρέαρ
1006 3017 1078 3078 οὗ
1115 3024 1374 3079 ἐνώπιον
1401 3021 1583 3080 εἴδον.
1615 3022 1779 3090 Εἶδες,

67 3108 172 3180 τὴν
206 3107 500 3177 παιδίσκην
527 3108 669 3162 κατά
716 3108 916 3179 μικρὸν
945 3109 1008 3161 ἐκ
1047 3109 1149 3179 τῆς
1195 3111 1561 3184 περιεχούσης
1597 3112 1768 3183 αὐτὴν

71 3194 313 3264 θλίψεως
343 3193 787 3265 φιλοσοφωτέραν
814 3195 1128 3266 γινομένην,
1153 3197 1246 3250 καὶ
1266 3197 1470 3270 πολλὴν
1489 3198 1769 3269 εὐγνωμο-

64 3280 241 3349 σύνην
271 3279 402 3350 περί
428 3278 527 3350 τὴν
555 3280 930 3350 γεγενημένην
971 3282 1050 3342 είς
1079 3281 1249 3353 αὐτὴν
1274 3283 1597 3354 εὐεργεσίαν
1649 3287 1769 3338 ἐπι-

67 3366 455 3436 δεικνυμένην,
480 3367 574 3418 καί
599 3361 681 3429 οἷς
707 3367 957 3437 ἐνόμισεν
975 3367 1346 3440 ἀμειϐομένην
1372 3370 1471 3442 τὴν
1497 3372 1767 3442 τοσαύτης

67 3453 244 3524 αὐτὴν
284 3451 596 3518 ἀξιώσασαν
625 3453 987 3525 κηδεμονίας;
1022 3454 1130 3508 Καὶ
1164 3455 1354 3520 ἔτεκε,
1387 3458 1767 3529 φησὶν,”Απτιρ

66 3539 153 3606 τῷ
181 3540 411 3609 Ἀϐραμ
453 3539 608 3606 υἰὸν,
650 3540 774 3594 καί.
800 3540 1060 3596 ἐκάλεσε
1109 3543 1173 3596 τὸ
1223 3542 1412 3614 ὄνομα
1447 3547 1656 3614 αὐτοῦ,
1694 3547 1766 3600 ὃν

70 3627 286 3680 ἔτεκεν
312 3625 473 3692 αὐτῷ
505 3627 714 3696 Ἅγαρ,
731 3626 999 3697 Ἰσραήλ.

145 3732 213 3796 ζ’.
249 3730 527 3784 Ἐντεῦθεν
553 3731 894 3803 μανθάνομεν
912 3733 1034 3786 ὅσον
1059 3734 1206 3788 ἐστὶν
1227 3735 1431 3803 ἀγαθὸν
1469 3737 1759 3804 ἐπιείκεια,

68 3820 199 3872 ὅσον
247 3817 363 3871 ἐστὶ
412 3818 603 3889 κέρδος
646 3819 742 3873 καί⁸
785 3819 893 3872 ἀπὸ
923 3819 1030 3873 τῶν
1073 3819 1306 3890 θλίψεων
1337 3822 1760 3894 καρπώσασθαι.

71 3906 189 3959 Καὶ
209 3905 306 3978 τὴν
335 3905 435 3976 μὲν
465 3907 787 3974 ἐπιείκειαν,
829 3907 889 3972 ἐξ
911 3900 987 3960 ὦν
1010 3910 1039 3961 ό
1074 3911 1419 3983 πατριάρχης
1451 3912 1764 3979 ἐπεδείξατο

72 3991 469 4064 καταπραῢνας
488 3993 586 4063 τῆς
615 3994 798 4064 Σάρας
825 3993 922 4064 τὴν
945 3995 1341 4066 ἀγανάκτησιν,
1366 4000 1464 4053 καὶ
1494 3999 1592 4070 τὴν
1621 4000 1764 4067 ἐξου-

77 4079 201 4133 σίαν
233 4081 328 4149 τῆς
359 4078 652 4151 παιδίσκης
673 4080 812 4152 αύτῇ
846 4081 1116 4149 δεδωκὼς,
1147 4086 1244 4139 καὶ
1271 4085 1360 4139 διά
1387 4085 1580 4140 τούτου
1613 4090 1733 4160 είρή

71 4182 176 4235 νης
207 4165 490 4236 ἐμπλήσας
526 4166 626 4238 τὴν
656 4167 855 4230 οἰκίαν,
895 4169 956 4220 τὸ
983 4170 1039 4223 δὲ
1066 4170 1255 4240 κέρδος
1281 4170 1390 4224 τῶν
1420 4171 1651 4242 θλίψεων
1696 4177 1762 4229 ἐκ

74 4250 186 4304 τῶν
210 4251 351 4304 κατά
370 4250 470 4321 την
504 4251 798 4323 παιδίσκην
829 4253 974 4307 ἐστιν
1015 4256 1162 4310 ἰδεῖν.
1182 4256 1400 4328 Ἐπειδὴ
1430 4257 1541 4330 7&9
1576 4277 1761 4313 κακω-

77 4337 233 4390 θεῖσα
259 4335 363 4389 ὑπδ
404 4337 503 4408 τῆς
535 4337 824 4410 δεσποίνης
850 4339 1081 4413 ἀπέδρα,
1116 4341 1212 4395 καὶ
1254 4343 1455 4416 πολλὴν
1498 4346 1757 4415 ὑπέμεινε

76 4423 176 4494 τὴν
199 4422 593 4494 ταλαιπωρίαν,
621 4425 715 4477 καί
759 4426 897 4494 μετά
920 4427 1264 4498 όδυνωμένης
1307 4430 1486 4502 ψυχῆς
1531 4432 1758 4488 ἐκάλεσε

78 4510 169 4562 τὸν
212 4509 506 4581 Δεσπότην,
548 4509 752 4574 εὐθέως
795 4511 893 4581 τῆς
932 4514 1138 4567 ἀνωθεν
1175 4516 1485 4586 ἐπισκοπῆς
1521 4518 1749 4592 ἠξιώθη.

83 4597 200 4650 Ίνα
230 4596 335 4666 7&9
367 4597 538 4669 μάθη,
557 4598 639 4651 ὅτι
666 4597 754 4651 διὰ
773 4598 832 4651 τὸ
853 4600 1255 4671 ταπεινωθῆναι
1295 4605 1389 4658 καὶ
1427 4606 1759 4678 συσταλῆναι

81 4683 179 4754 τῆς
202 4683 467 4757 τοσαύτης
498 4683 742 4752 ἀξιοῦται
764 4686 1112 4757 κηδεμονίας,
1136 4691 1299 4760 φησὶν
1319 4693 1348 4744 ό
1369 4693 1599 4762 ἄγγελος
1622 4695 1759 4767 πρὸς

81 4769 381 4838 αὑτήνοῈν
404 4773 615 4841 γαστρί
646 4773 829 4841 ἔχεις,
858 4774 956 4827 καί
984 4774 1127 4844 τέξῃ
1157 4777 1312 4844 υἱὸν,
1345 4781 1443 4833 καί
1476 4781 1759 4849 καλέσεις

83 4857 152 4910 τὸ
193 4856 374 4927 ὄνομα
405 4859 593 4913 αὐτοῦ
634 4859 899 4929 Ἰσμαὴλ,
945 4861 1036 4914 ὅτι
1079 4862 1389 4932 ἐπήκουσε
1433 4868 1648 4936 Κύριος
1684 4869 1760 4938 τῇ

85 4943 428 4999 ταπεινώσει
461 4959 600 4999 σου.
638 4945 852 5011 Εἰδότες
879 4948 1081 5012 τοίνυν,
1113 4951 1410 5022 ἀγαπητοὶ,
1437 4954 1518 5007 δτι
1547 4956 1642 5009 ἐάν
1660 4958 1759 5027 νήο

86 5048 288 5103 φωμεν,
315 5033 372 5085 αἰ
399 5031 607 5103 θλίψεις
642 5034 844 5104 μᾶλλον
883 5038 1032 5107 ἡμᾶς
1071 5039 1330 5093 οἰκειοῦσι
1367 5041 1446 5112 τῷ
1484 5044 1756 5116 Δεσπότη,

89 5121 181 5174 καὶ
217 5119 332 5172 τότε
373 5119 715 5190 δυνησόμεθα
755 5121 856 5193 τὴν
895 5125 1212 5194 παράύτοῦ
1251 5127 1426 5199 ῥοπὴν
1451 5129 1761 5185 ἐπισπάσα-

94 5206 230 5270 σθαι,
252 5207 379 5260 ὅταν
408 5205 547 5277 μετά
569 5206 914 5279 ὁδυνωμένης
950 5209 1130 5281 ψυχῆς
1154 5213 1248 5266 καὶ
1267 5213 1485 5286 θερμῶν
1508 5216 1759 5288 δακρύων

89 5292 229 5364 αὐτῷ
250 5292 582 5364 προσίωμεν,
617 5293 693 5366 μὴ
720 5295 974 5366 ἀλγῶμεν
995 5299 1088 5352 ἐπὶ
1109 5303 1229 5363 ταῖς
1253 5300 1517 5370 θλίψεσιν,
1541 5305 1678 5359 ἀλλά
1699 5306 1761 5359 τὸ

91 5381 152 5435 ἐκ
175 5379 277 5433 τῶν
305 5379 536 5448 θλίψεων
557 5381 748 5452 κέρδος
782 5381 1120 5454 λογιζόμενοι
1143 5386 1320 5442 πάντα
1350 5389 1542 5460 πράως
1581 5392 1762 5464 φέρω-

95 5485 186 5538 μεν
220 5467 284 5521 τὰ
315 5467 716 5537 συμπίπτοντα,
758 5472 853 5524 καὶ
893 5473 1276 5544 παιδευώμεθα
1318 5479 1579 5543 ἐπιεικεῖς
1619 5477 1759 5536 εἰναι

94 5554 179 5607 καὶ
210 5554 400 5625 ἥμεροι
431 5554 568 5626 πρὸς
600 5556 808 5620 πάντας
830 5559 948 5628 μὲν,
983 5561 1218 5631 μάλιστα
1252 5563 1309 5616 δὲ
1347 5565 1475 5636 περί
1501 5567 1599 5630 τὰς
1629 5568 1757 5622 ἐαυ-

95 5640 193 5694 τῶν
213 5643 490 5709 γυναῖκας,
525 5643 619 5695 καὶ
646 5642 849 5714 πολλὴν
878 5647 1150 5700 ποιεῖσθαι
1180 5650 1435 5724 σπουδὴν,
1463 5652 1626 5720 ὥστε,
1654 5656 1757 5710 κᾶν

95 5728 317 5795 δικαίως,
347 5729 455 5783 κᾶν
494 5730 696 5796 ἀδίκως
749 5733 1093 5804 μέμψωνται,
1143 5738 1216 5810 μὴ
1258 5741 1754 5814 ἀκριϐολογεῖσθαι,

99 5818 199 5871 ἀλλ’
226 5818 336 5882 ἐνὸς
369 5818 531 5888 μόνου
552 5819 819 5888 γίνεσθαι,
844 5821 936 5875 τοῦ
973 5826 1040 5877 τά
1061 5826 1160 5897 τῆς
1196 5827 1373 5900 λύπης
1408 5830 1558 5885 αίτια
1588 5833 1753 5890 ἐκπο-

99 5903 195 5960 δὺν
217 5905 401 5973 ποιεῖν,
422 5905 516 5959 καὶ
538 5904 760 5978 βαθεῖαν
792 5909 1015 5981 εἰρήνην
1045 5916 1475 5981 κατασκευάζειν
1495 5920 1560 5991 τῇ
1582 5919 1748 5994 οἰκίᾳ,

1164 387 1228 442 ΙΝ
1263 386 1416 443 CAP.
1465 386 1585 443 XVI
1648 385 1896 444 GENES.
1943 384 2180 445 IIOHIL.
2225 385 2465 442 XXXIX.

3484 388 3550 438 31‘
3559 390 3594 437 ')

1901 503 1988 556 ἵνα
2010 503 2105 557 καὶ
2137 504 2319 574 ἐκείνη
2343 503 2441 574 ἔχη
2464 499 2601 573 πρὸς
2636 499 2725 553 τὸν
2751 498 2921 570 ἄνδρα
2946 499 3044 571 τήν
3065 494 3426 571 ἐπιστροφὴν,
3449 500 3543 554 καὶ
3563 497 3595 552 ὁ

1896 592 2035 663 ἀνὴρ
2064 590 2140 654 ὼς
2182 593 2262 654 εἰς
2291 590 2486 661 λιμένα
2519 591 2600 651 εἰς
2636 587 2804 658 αὐτὴν
2835 587 2934 660 ἔχῃ
2970 586 3339 656 καταφεύγειν
3381 588 3446 640 ἐκ
3482 587 3593 641 τῶν

1895 677 2096 742 ἔξωθεν
2133 677 2385 750 ταραχῶν
2434 677 2528 730 καί.
2569 675 2678 728 τῶν
2720 675 2987 746 θορύϐων,
3029 674 3125 727 καὶ
3175 675 3356 727 πᾶσαν
3380 671 3592 726 ἐκεῖθεν

1893 763 2171 836 εὑρίσκειν
2216 763 2316 835 τὴν
2352 763 2722 835 παραμυθίαν.
2766 763 2910 835 Πρὸς
2950 762 3204 833 βοήθειαν
3246 759 3358 832 γὰρ
3386 762 3420 831 ἡ
3450 761 3590 831 γυνὴ

1891 850 2072 922 ἐδόθη,
2093 851 2180 904 ἴνα
2213 851 2551 923 ἀρκούμενος
2578 852 2646 920 τῇ
2671 849 2878 920 ταύτης
2913 848 3259 920 παρακλήσει
3295 846 3543 917 ἀντέχειν
3562 848 3592 901 ὁ

1891 937 2032 1010 ἀνὴρ
2058 939 2281 1009 δύνηται
2313 937 2449 1009 πρὸς
2477 937 2546 991 τά
2589 937 2810 991 ἐπιόντα
2838 935 3006 1007 αὐτῷ.
3025 934 3151 989 Ἐἀν
3175 933 3286 1005 γὰρ
3384 936 3591 1003 κοσμία

1892 1026 1986 1080 καὶ
2020 1025 2291 1097 ἐπιεικὴς,
2311 1026 2372 1079 ού
2404 1025 2566 1095 μόνον
2597 1023 2698 1095 τὴν
2732 1023 2841 1077 ἀπὸ
2868 1023 2968 1094 τῆς
3001 1024 3288 1086 κοινωνίας
3330 1040 3590 1100 παραμυ-

1891 1113 2013 1167 θίαν
2047 1112 2273 1184 παρέξει
2305 1112 2385 1183 τῷ
2417 1112 2594 1184 ἀνδρὶ,
2641 1111 2777 1166 ἀλλά
2808 1110 2902 1164 καὶ
2945 1111 3003 1165 ἐν
3036 1112 3152 1175 τοῖς
3193 1110 3374 1174 ἀλλοις
3413 1110 3588 1164 ἅπασι

1889 1199 2094 1270 πολλὴν
2112 1199 2212 1271 τὴν
2232 1199 2429 1270 ἐαυτῆς
2449 1198 2641 1270 χρείαν
2662 1196 3013 1263 ἐπιδείξεται,
3038 1197 3216 1251 πάντα
3235 1196 3385 1266 αὑτῷ
3407 1195 3588 1272 κοῦφα

1888 1287 1985 1340 καὶ
2017 1286 2177 1358 ῥᾴδια
2216 1283 2722 1349 κατασκευάζουσα,
2759 1286 2854 1338 καὶ
2883 1287 2985 1339 οὐκ
3019 1286 3242 1354 ἀφιεῖσα
3267 1285 3464 1353 πεῖραν
3493 1281 3587 1336 λα-

1887 1372 2004 1427 ϐεῖν
2052 1372 2175 1427 οὔτε
2227 1372 2336 1426 τῶν
2385 1371 2604 1436 ἔξωθεν,
2643 1372 2766 1425 οὔτε
2808 1371 2914 1444 μὴν
2956 1370 3066 1426 τῶν
3108 1371 3249 1425 κατά
3277 1370 3377 1441 τὴν
3404 1369 3585 1424 οἰκίαν

1885 1461 2222 1532 τικτομένων
2246 1459 2366 1513 καθ’
2389 1460 2626 1530 ἑκάστην
2649 1459 2862 1531 ἡμέραν
2875 1456 3154 1531 δυσχερῶν
3170 1472 3196 1500 ι
3215 1476 3226 1488 ·
3246 1458 3583 1519 ἀλλά,καθά-

1886 1565 1994 1624 περ
2038 1547 2382 1619 κυϐερνήτης
2421 1547 2666 1618 ἀριστος,
2712 1544 2886 1610 οὕτως
2907 1545 3056 1617 αύτῷ
3087 1546 3180 1600 τὸν
3211 1545 3461 1617 χειμῶνα
3482 1547 3582 1616 τῆς

1884 1633 2065 1705 ψυχῆς
2091 1633 2314 1705 διὰ-τῆς
2351 1633 2561 1697 οἰκείας
2599 1631 2751 1705 [594]
2782 1633 2976 1702 σοφίας
3014 1633 3094 1695 εἰς
3125 1632 3368 1704 γαλήνην
3412 1649 3574 1686 κατα-

1889 1721 2103 1791 στήσει.
2133 1720 2229 1774 καὶ
2277 1722 2345 1791 τῇ
2392 1721 2521 1789 παρ’
2557 1719 2755 1789 ἐαυτῆς
2790 1719 3002 1773 συνέσει
3036 1718 3238 1790 πολλὴν
3264 1717 3413 1789 αύτῷ
3438 1735 3582 1789 παρ·

1883 1806 1996 1872 έξει
2019 1807 2120 1879 τὴν
2142 1807 2516 1880 παραμυθίαν.
2550 1808 2689 1871 Τοὺς
2712 1806 2821 1878 7&9
2853 1807 2998 1861 οὓτω
3037 1805 3454 1877 συνδεδεμένους
3490 1806 3581 1859 ού-

1881 1892 1972 1948 δέν
2000 1893 2185 1947 λοιπὸν
2224 1893 2335 1947 τῶν
2379 1895 2438 1947 ἐν
2485 1893 2565 1963 τῷ
2595 1893 2823 1962 παρόντι
2865 1892 2966 1964 βίῳ
2992 1892 3232 1960 λυπῆσαι
3267 1893 3582 1964 δυνήσεται,

1881 1981 2005 2035 ούδέ
2024 1981 2124 2053 τὴν
2154 1979 2351 2053 ἡδονὴν
2385 1981 2567 2034 αὐτῶν
2586 1979 3129 2052 λυμήνασθαι.”οταν
3157 1980 3265 2054 7&9
3298 1980 3518 2052 ὁμόνοια

1881 2069 1975 2122 καὶ
1997 2070 2191 2141 εἰρήνη
2214 2069 2309 2123 καὶ
2337 2069 2634 2138 σύνδεσμος
2661 2068 2884 2138 ἀγάπης
2912 2068 3052 2140 μετά
3071 2068 3333 2139 γυναικὸς
3353 2068 3449 2122 καὶ
3485 2070 3577 2122 ἀνο

1878 2155 2035 2226 δρὸς,
2054 2157 2173 2214 ἐκεῖ
2208 2156 2384 2209 πάντα
2422 2156 2614 2227 συρρεῖ
2635 2154 2704 2208 τά
2741 2153 2945 2224 ἀγαθὰ,
2969 2155 3063 2209 καὶ
3092 2154 3357 2209 ἀνάλωτοι
3395 2155 3582 2223 πάσης

1879 2242 2177 2314 ἐπιϐουλῆς
2199 2244 2544 2315 γενήσονται,
2584 2243 2808 2314 μεγάλῳ
2836 2241 2932 2295 καὶ
2962 2240 3247 2313 ἀχειρώτῳ
3271 2241 3443 2314 τείχει
3471 2243 3583 2294 τινὶ

1880 2330 2285 2401 πεφραγμένοι,
2315 2330 2461 2384 τοῦτ’
2483 2331 2621 2395 ἐστι,
2660 2333 2728 2401 τῇ
2773 2329 2918 2383 κατὰ
2958 2329 3092 2382 Θεὸν
3137 2329 3378 2399 ὁμονοίᾳ.
3407 2329 3580 2383 Τοῦτο

1877 2416 2184 2488 ἀδάμαντος
2219 2417 2420 2481 αὐτοὺς
2451 2416 2838 2488 ἰσχυροτέρους
2865 2415 3268 2487 ἀπεργάσεται,
3307 2415 3470 2470 τοῦτο
3495 2432 3582 2469 σιο

1876 2503 2044 2575 δήρου
2077 2504 2468 2577 στερροτέρους
2509 2504 2865 2573 καταστήσει,
2903 2503 3064 2556 τοῦτο
3101 2501 3302 2565 παντὸς
3342 2502 3577 2556 πλούτου

1878 2592 1970 2644 καὶ
1991 2591 2314 2663 περιουσίας
2345 2591 2531 2654 αὐτοῖς
2564 2590 2926 2661 συμϐαλεῖται
2946 2588 3132 2656 πλέον,
3164 2588 3324 2642 τοῦτο
3359 2591 3442 2653 εἰς
3477 2590 3579 2660 τὴν

1877 2677 2144 2730 ἀνωτάτω
2163 2677 2522 2748 περιφάνειαν
2541 2678 2740 2740 αὐτοὺς
2762 2676 2970 2743 ἀνάξει,
2994 2675 3156 2730 τοῦτο
3175 2675 3272 2729 καὶ
3295 2675 3397 2747 τὴν
3423 2677 3579 2748 παρά

1876 2763 1969 2817 τοῦ
2024 2763 2161 2818 Θεοῦ
2216 2763 2432 2818 εῦνοιαν
2479 2766 2664 2828 αὐτοῖς
2697 2763 3024 2836 προξενήσει
3061 2762 3198 2834 μετά
3240 2763 3442 2834 πολλῆς
3474 2762 3577 2833 τῆς

1875 2851 2176 2921 δαψιλείας.
2209 2851 2302 2922 Μὴ
2334 2852 2537 2917 τοίνυν,
2586 2850 2912 2924 παρακαλῶ,
2956 2850 3150 2904 τούτου
3181 2851 3578 2922 προτιμότερόν

1875 2954 1932 2990 τι
1959 2937 2244 3009 ἡγώμεθα,
2280 2936 2418 2991 ἀλλά
2438 2938 2616 2992 πάντα
2636 2937 2882 3008 ποιῶμεν
2904 2938 3000 2990 καί.
3026 2934 3576 3008 πραγματευώμεθα,

1876 3023 2016 3078 ῶστε
2050 3025 2294 3096 γαλήνην
2328 3025 2423 3078 καὶ
2461 3026 2688 3096 εἰρήνην
2732 3021 2870 3077 εἶναι
2923 3024 3129 3093 μεταξὺ
3178 3026 3279 3093 τῆς
3326 3026 3577 3096 συνοική-

1877 3127 2036 3175 σεως.
2073 3099 2338 3182 Τότε’γάρ
2371 3113 2419 3164 οἱ
2451 3111 2759 3181 τικτόμενοι
2795 3110 2985 3174 παῖδες
3017 3112 3085 3180 τῇ
3112 3109 3220 3163 τῶν
3249 3112 3578 3182 γεγεννηκό-

1873 3215 1985 3251 των
2035 3198 2206 3268 ἀρετῇ
2258 3197 2814 3268 κατακολουθήσουσι,
2868 3196 2962 3251 καὶ
3015 3198 3065 3249 οἰ
3109 3198 3317 3252 οἰκέται
3364 3198 3578 3261 τούτοις

1875 3284 2118 3355 ἕψονται,
2149 3285 2244 3338 καὶ
2271 3283 2611 3354 πανταχόθεν
2640 3283 2708 3337 τά
2731 3283 2832 3354 τῆς
2855 3283 3035 3347 οἰκίας
3065 3284 3202 3354 πρὸς
3225 3285 3428 3356 ἀρετὴν
3453 3287 3576 3338 ἐπι-

1873 3371 2058 3439 δώσει,
2095 3373 2190 3427 καὶ
2239 3371 2412 3442 πολλὴ
2461 3371 2568 3424 τῶν
2607 3372 2954 3444 πραγμάτων
2987 3371 3141 3425 ἐσται
3192 3374 3225 3444 ή
3276 3373 3571 3445 εὐημερία.

1876 3457 2047 3511 ὐταν
2095 3456 2205 3528 7&9
2241 3455 2313 3509 τά
2356 3455 2451 3509 τοῦ
2486 3456 2621 3510 Θεοῦ
2673 3456 3053 3528 προτιμῶμεν,
3089 3456 3159 3510 τά
3206 3455 3342 3511 ἄλλα
3394 3457 3574 3512 πάντα

1875 3543 2018 3597 κατά
2066 3542 2194 3615 ῥοῦν
2224 3542 2344 3614 ἥξει
2377 3544 2529 3614 ἡμῖν,
2581 3543 2677 3597 καὶ
2727 3544 2940 3607 οὐδενὸς
2981 3542 3235 3615 αἴσθησιν
3289 3542 3576 3616 ληψόμεθα

1872 3630 2142 3704 λυπηροῦ,
2161 3631 2264 3701 τῆς
2301 3629 2398 3684 τοῦ
2432 3630 2568 3685 Θεοῦ
2603 3631 2943 3703 ἀγαθότητος
2974 3630 3112 3702 μετὰ
3138 3630 3418 3700 δαψιλείας
3441 3633 3577 3703 ημῖν

1872 3717 2094 3771 ἅπαντα
2121 3717 2614 3788 χορηγούσης.Ἴνα
2639 3714 2732 3772 οὖν
2756 3719 2850 3772 καί
2879 3719 3035 3773 αὐτοὶ
3066 3717 3290 3782 ἀλύπως
3317 3718 3458 3773 κατά
3483 3720 3576 3772 τὸν

1877 3805 2124 3875 παρόντα
2156 3803 2270 3875 βίον
2300 3805 2601 3876 διάγωμεν,
2640 3806 2735 3859 καὶ
2764 3806 2863 3878 τὴν
2894 3805 3049 3878 παρὰ
3073 3804 3168 3859 τοῦ
3195 3806 3472 3859 Δεσπότου
3494 3806 3574 3859 εῦ-

1872 3911 2021 3947 νοιαν
2053 3894 2146 3947 ἐπὶ
2169 3893 2332 3948 πλέον
2355 3893 2813 3963 ἐπισπασώμεθα,
2835 3893 3195 3966 ἀντεχώμεθα
3218 3895 3320 3966 τῆς
3342 3895 3573 3966 ἀρετῆς,

1868 3981 1970 4053 τὴν
2017 3981 2268 4053 ὁμόνοιαν
2314 3981 2407 4034 καὶ
2455 3981 2554 4052 τήν
2605 3982 2830 4052 εἰρήνην
2857 3982 2935 4045 είς
2961 3982 3061 4050 τὴν
3103 3982 3284 4036 οἰκίαν
3331 3984 3575 4051 εἰσάγειν

1871 4068 2266 4139 σπουδάζωμεν
2310 4066 2407 4136 τὴν
2455 4067 2684 4132 ἐαυτῶν,
2724 4067 2824 4137 τῆς
2868 4066 2979 4120 τιῖω
3027 4068 3236 4122 τέκνων
3269 4070 3573 4139 εὐκοσμίας

1869 4155 2287 4227 ἐπιμελώμεθα,
2330 4154 2708 4226 φροντίζωμεν
2753 4154 2848 4207 ’τοῦ
2898 4155 3101 4225 τρόπου
3155 4157 3265 4209 τῶν
3315 4157 3573 4221 οἰκετῶν,

1869 4240 1956 4292 ἵνα
2001 4240 2144 4311 ὑπὲρ
2192 4239 2449 4294 ἁπάντων
2493 4239 2737 4309 δαψιλεῖς
2765 4239 2866 4303 τάς
2902 4241 3142 4312 ἀμοιϐὰς
3186 4243 3575 4314 κομισάμενοι,

1868 4327 2297 4398 καταξιωθῶμεν
2327 4329 2421 4382 καὶ
2461 4328 2571 4381 τῶν
2622 4328 3051 4400 ἐπηγγελμένων
3095 4329 3339 4396 ἀγαθῶν,
3384 4330 3570 4402 χάριτι

1869 4416 1963 4469 καὶ
2010 4415 2394 4490 φιλανθρωπίᾳ
2440 4413 2534 4469 τοῦ
2585 4416 2792 4487 Κυρίου
2845 4415 3004 4487 ἡμῶν
3049 4417 3224 4488 Ἰησοῦ
3281 4419 3523 4490 Χριστοῦ
3551 4461 3566 4483 ,

1871 4501 1990 4571 μεθ’
2022 4495 2082 4554 οῦ
2129 4501 2209 4571 τῷ
2255 4501 2451 4571 Πατρί,
2480 4501 2597 4572 ἅμα
2621 4501 2700 4572 τῷ
2729 4501 2870 4574 ἀγίῳ
2902 4503 3206 4573 Πνεύματι,
3245 4503 3394 4569 δόξα,
3431 4507 3570 4576 x96.-

1865 4605 1979 4653 τος,
2010 4586 2167 4658 τιμὴ,
2195 4587 2291 4641 νῦν
2324 4589 2419 4642 καὶ
2445 4588 2552 4656 ἀεὶ,
2576 4589 2669 4641 καὶ
2697 4590 2777 4654 εἰς
2807 4591 2934 4654 τοὺς
2962 4591 3167 4655 αἰῶνας
3198 4591 3310 4645 τῶν
3332 4592 3566 4649 αἰώνων.

1880 4675 2075 4746 ’Δμήν.

2516 4762 2763 4819 ΟΜῘΔΙΔ
2793 4764 2919 4820 ΔΘν.

1880 4851 2091 4906 Ἠνίκα
2149 4851 2219 4906 δέ
2275 4851 2514 4920 ἐγένετο
2556 4856 2591 4907 ὀ
2642 4855 2872 4924 Ἀϐραμ
2928 4853 3342 4921 ἐννενήκοντα
3386 4855 3569 4912 ἐννέα

2287 4939 2459 5007 ἐτῶν,
2490 4939 2658 5010 ὤφθη
2687 4940 2894 5008 αὑτῷό
2921 4944 3066 5009 Θεός
3087 4943 3137 4999 ι).

1936 5025 2008 5078 α’.
2029 5025 2233 5091 Εῐδετε,
2251 5027 2552 5098 ἀγαπητοὶ,
2565 5028 2683 5094 πῶς
2709 5028 2861 5082 οὐδὲν
2879 5030 3049 5099 ἀργὸν
3065 5031 3174 5084 τῶν
3189 5031 3340 5102 παρά
3357 5034 3424 5101 τῇ
3447 5030 3568 5101 θεία

1882 5114 2079 5186 Γραφῇ
2119 5116 2426 5187 κειμένων;
2463 5118 2635 5175 εἴδετε
2671 5117 2800 5190 χθές
2842 5120 2962 5184 πῶς
2988 5121 3050 5174 τὺ
3081 5122 3223 5176 κατά
3251 5123 3350 5193 τὴν
3383 5123 3566 5193 Ἅγαρ

1871 5203 1950 5267 εἰς
1980 5203 2145 5274 μέσον
2170 5207 2586 5276 παραγαγόντες
2610 5248 2624 5271 ,
2672 5209 2766 5261 καὶ
2798 5206 2896 5280 τὴν
2929 5208 3133 5281 ταύτης
3173 5210 3524 5282 ἀναχώρησιν
3545 5252 3564 5272 ,

1871 5289 2071 5360 πολλὴν
2128 5290 2401 5360 ὠφέλειαν
2449 5293 2662 5347 ἐκεῖθεν
2705 5294 3191 5368 ὲκαρπωσάμεθας
3255 5297 3569 5367 Ἐμάθομεν

1868 5375 1979 5446 7&9
2006 5374 2100 5429 τοῦ
2138 5378 2480 5449 πατριάρχου
2515 5378 2613 5450 τὴν
2639 5379 2840 5451 πολλὴν
2860 5381 3184 5448 ἐπιείκειαν,
3214 5381 3317 5453 τῆς
3347 5399 3565 5454 σωφρο-

1870 5459 2037 5532 σύνης
2073 5461 2173 5534 τὴν
2199 5463 2507 5535 ὑπερϐολὴν
2530 5505 2544 5530 ,
2575 5465 2675 5534 τὴν
2700 5466 2833 5519 αίδὼ
2851 5507 2866 5530 ,
2893 5468 2961 5538 ἢν
2987 5467 3254 5539 ἀπένειμε
3278 5470 3345 5539 τῇ
3373 5468 3525 5541 Σάρᾳ
3541 5510 3562 5534 ,

1865 5547 1967 5620 τὴν
2008 5549 2142 5620 πρὸς
2185 5551 2358 5620 αὐτὴν
2388 5551 2641 5621 ὁμόνοιαν
2680 5555 2897 5608 πάντων
2938 5554 3245 5626 ήγούμενος
3295 5571 3564 5626 προτιμο-

1867 5634 2053 5707 τέραν.
2106 5635 2338 5706 Εἶδομεν
2368 5639 2480 5692 ’τοῦ
2530 5639 2669 5694 Θεοῦ
2715 5641 2815 5713 τὴν
2853 5643 3059 5712 ἄφατον
3109 5642 3520 5714 φιλανθρωπίαν
3541 5685 3561 5709 ,

1865 5722 2016 5787 ὅπως
2045 5723 2134 5777 διὰ
2155 5723 2254 5795 τὴν
2294 5727 2375 5789 εἰς
2401 5725 2491 5780 τὸν
2529 5727 2736 5781 δίκαιον
2763 5729 2928 5801 τιμὴν
2956 5729 3018 5782 ού
3050 5729 3214 5798 μόνον
3239 5729 3556 5800 ἐπανήγαγε

1932 5809 2139 5886 Ξέρξη
2174 5815 2252 5886 ,εί
2306 5812 2539 5886 ειίαμοι.
2582 5817 2987 5886 επιεικὲυπηιῶγ-
3045 5815 3241 5886 κοῑεῑο,
3270 5817 3555 5886 ,δνσχιειῶγ-

1866 5870 1897 5942 ξ
2167 5833 3562 5942 εἶα..τινεςηξιεςιι,εινξτηιτξπ;¹οιξιλσέτέμσβεέες.

1863 5932 2172 6010 ἐννενήκοντα
2192 5935 2340 5985 ἐννέα’
2369 5936 2451 5984 καὶ
2493 5937 2626 6002 ὤφθη
2654 5936 2826 6004 Κύριος
2845 5932 2927 6006 τιῖί
2957 5938 3164 6006 Ἀϐραμ.
