4058 6386
223 384 324 441 361

224 499 464 556 dominae
483 496 785 569 aufugerat,
813 494 908 550 sed
934 493 1059 550 etei
1083 490 1361 548 Ismaelem
1414 490 1622 561 prolem
1665 490 1832 556 dedit,

227 593 361 647 inde
387 590 534 661 justo
582 603 837 660 magnum
888 587 1137 643 solatium
1185 586 1517 655 exeogitans,
1568 594 1836 655 tantaque

226 685 500 756 patientiae
527 681 804 739 mercedes
828 681 876 735 ei
904 678 1226 735 retribuens.
1255 676 1317 731 Et
1346 685 1627 747 postquam
1680 686 1836 731 natus

226 786 314 832 est
350 774 562 838 Ismael,
587 773 777 828 volens
806 786 906 825 nos
930 769 1127 825 docere
1167 767 1443 839 Scriptura
1490 777 1702 837 tempus
1753 782 1839 837 pa-

226 866 502 932 triarchae,
523 864 684 919 etiam
733 876 1015 917 numerum
1043 874 1306 915 annorum
1351 859 1507 913 nobis
1536 858 1837 929 designavit

230 957 422 1013 dicens
448 974 463 1011 :
493 955 581 1011 I6.
611 953 829 1023 Quando
852 962 1001 1006 natus
1020 962 1094 1005 est
1138 950 1350 1013 Istnael,
1400 965 1652 1003 annorum
1697 958 1838 1003 octo-

224 1051 367 1120 ginta
394 1063 482 1102 rex
503 1056 609 1100 erat
641 1046 833 1099 Abram
858 1043 1027 1117 (Cap.
1057 1044 1120 1098 ιϐ
1151 1044 1189 1112 ).
1222 1041 1513 1097 Videamus
1556 1047 1737 1094 autem
1780 1045 1839 1094 et

226 1140 331 1195 hoc
350 1140 489 1204 loco,
511 1140 562 1193 id
582 1139 722 1209 quod
745 1149 793 1193 et
814 1154 877 1193 es
898 1136 1244 1206 sequentibus
1264 1133 1554 1197 discemus,
1572 1132 1835 1202 insignem

226 1232 540 1303 patientiam
558 1230 709 1300 justi,
736 1240 787 1285 et
806 1228 1127 1284 ineﬂ‘nbilrm
1141 1236 1300 1295 atque
1316 1224 1566 1279 eximiam
1588 1223 1835 1294 benigni-

227 1331 393 1377 tatem
436 1321 665 1376 Domini.
710 1320 955 1375 Sciemus
976 1328 1157 1372 autem
1190 1326 1414 1387 utraque
1441 1314 1741 1381 evidenter,
1785 1315 1833 1369 si

226 1414 425 1467 iterum
466 1422 703 1481 tempora
748 1413 871 1466 vitze
918 1410 1050 1480 justi
1086 1408 1373 1463 addiscere
1413 1408 1747 1477 poterimus:
1780 1416 1835 1462 et

226 1502 504 1573 quomodo
532 1502 708 1557 bonus
744 1501 884 1557 Deus
909 1516 1029 1570 qua:
1055 1501 1121 1554 ad
1150 1515 1209 1555 se
1244 1499 1474 1555 attinent
1509 1499 1658 1553 omni
1701 1508 1833 1552 tem-

224 1611 359 1660 pore
387 1595 683 1665 dispenset,
723 1592 955 1664 probans
982 1608 1135 1647 suum
1162 1591 1443 1654 famulum,
1471 1601 1523 1646 et
1550 1592 1691 1662 piam
1715 1590 1835 1657 ejus

224 1693 463 1740 mentem
488 1686 763 1755 detegens.
794 1684 912 1755 Ipse
931 1684 1075 1737 enim
1103 1684 1251 1738 clare
1280 1681 1599 1751 praesciebat
1642 1680 1828 1733 famuli

224 1776 311 1830 sui
355 1786 565 1847 gratum
628 1776 888 1841 animum,
930 1775 1126 1828 animai
1166 1772 1284 1842 ejus
1352 1770 1830 1842 pulchritudinem,

227 1869 680 1939 margaritamqne
706 1867 846 1922 hanc
865 1865 1139 1922 evidenter
1185 1863 1512 1935 agnoscebat
1541 1877 1555 1917 :
1584 1862 1679 1916 sed
1708 1862 1833 1931 quia

225 1960 397 2014 voluit
419 1959 671 2015 omnibus
701 1968 828 2013 tunc
857 1956 1217 2027 praesentibus
1241 1968 1368 2011 eum
1396 1963 1581 2009 notum
1632 1953 1829 2020 facere,

225 2057 362 2104 utet
386 2048 773 2119 pcaterioribus
799 2048 1011 2102 smculis
1041 2047 1152 2116 ipsa
1180 2046 1311 2115 justi
1340 2046 1510 2099 virtus
1536 2044 1603 2097 ad
1654 2045 1830 2098 imita-

226 2139 429 2195 tionem
452 2153 518 2195 ac
542 2139 713 2194 zelum
734 2152 830 2193 eos
846 2138 934 2207 qui
962 2136 1203 2193 aemulari
1236 2136 1436 2191 vellent
1464 2143 1786 2205 provocaret
1815 2152 1827 2188 :

226 2228 428 2284 ideirco
461 2229 714 2300 paulatim
744 2238 976 2284 mentem
1017 2228 1147 2298 justi
1192 2236 1299 2283 tam
1334 2228 1646 2297 opulentam
1677 2228 1833 2283 nobis

224 2319 457 2390 detegit:
479 2328 539 2374 ut
554 2319 825 2375 discamus
838 2329 894 2374 et
918 2334 1019 2374 nos
1035 2319 1232 2374 divinis
1251 2319 1697 2391 promissionibus
1721 2333 1828 2373 non

223 2409 491 2476 diuidere,
524 2425 698 2481 neque
718 2410 1030 2465 dilationem
1061 2411 1321 2479 gravatim
1350 2408 1512 2477 ferre,
1540 2409 1634 2464 sed
1661 2410 1833 2480 majo-

224 2515 340 2556 rem
369 2515 519 2570 spem
548 2501 599 2555 in
637 2502 992 2557 invisibilibus
1021 2516 1183 2572 quam
1203 2502 1255 2558 in
1279 2502 1575 2557 visibilibus
1605 2516 1827 2571 ponere,

230 2606 357 2661 qua:
383 2591 642 2647 Dominus
667 2592 906 2646 omnium
933 2593 1241 2662 promiserit
1294 2608 1312 2646 :
1342 2600 1396 2647 et
1438 2591 1671 2647 sciamus
1720 2605 1828 2645 non

222 2696 346 2737 esse
370 2682 627 2751 possibile
647 2691 704 2737 nt
725 2698 977 2753 umquam
1000 2683 1250 2738 exu‘dant
1276 2683 1540 2754 promissa
1568 2684 1659 2738 Dei
1687 2700 1702 2749 ;
1732 2684 1827 2739 sed

222 2783 278 2828 et
305 2777 350 2828 si
373 2776 533 2843 longo
559 2784 682 2844 post
713 2786 953 2844 tempore
994 2776 1243 2830 eveniant
1263 2777 1435 2847 aliqua
1465 2775 1670 2836 divinis.
1705 2791 1829 2846 pro.

221 2864 405 2918 missis
423 2863 657 2930 diversa,
691 2880 759 2920 ne
788 2875 1068 2934 propterea
1092 2880 1247 2920 mens
1275 2866 1538 2931 turbetur,
1591 2867 1687 2921 sed
1734 2882 1826 2923 co—

220 2967 547 3024 guescamus
572 2954 687 3024 ejus
712 2956 803 3025 qui
844 2956 1088 3025 promisit
1125 2956 1441 3027 sapientiam
1469 2966 1524 3012 et
1576 2958 1827 3014 invictam

220 3046 473 3101 virtutem
521 3055 623 3102 :et
673 3060 801 3102 eum
854 3047 1304 3118 quandocumque
1350 3048 1601 3112 voluerit,
1661 3063 1827 3118 opere

219 3154 341 3209 qua
362 3139 461 3193 sibi
494 3138 683 3207 placita
715 3148 839 3197 sunt
900 3140 1172 3208 complere
1214 3154 1395 3209 posse,
1448 3142 1735 3210 omniaque
1775 3140 1825 3195 ei

219 3242 445 3285 cessura
472 3237 526 3284 et
566 3230 1008 3298 obtemperatum
1033 3243 1171 3284 esse.
1205 3229 1340 3283 Nam
1389 3232 1514 3299 quia
1568 3231 1826 3285 Dominus

218 3332 300 3377 est
321 3331 523 3375 natura:
552 3330 603 3375 et
643 3318 856 3389 Opifex,
886 3328 1058 3390 potest
1079 3320 1238 3374 etiam
1266 3320 1395 3376 dare
1421 3335 1483 3377 ea
1506 3337 1624 3393 qua:
1662 3336 1825 3392 supra

222 3420 470 3465 naturam
499 3418 642 3465 sunt.
674 3409 753 3465 Ne
783 3411 941 3481 igitur
969 3410 1036 3463 ad
1091 3414 1360 3480 prepriam
1403 3412 1823 3468 imbecillitatem

221 3502 594 3572 rc~picientes,
623 3503 889 3558 curiosius
927 3518 1049 3572 quae
1072 3518 1103 3557 a
1146 3503 1259 3558 Deo
1294 3504 1430 3558 liunt
1466 3506 1826 3576 inquiramus,

223 3609 398 3664 neque
444 3595 512 3649 ad
567 3605 773 3649 natum
841 3594 1087 3649 ordinem
1146 3595 1510 3664 intendentes,
1587 3608 1822 3655 mentem

222 3685 524 3742 dividamus
554 3685 686 3741 :sed
731 3686 870 3740 sicut
914 3687 1048 3755 grati
1105 3684 1312 3753 famuli,
1366 3688 1681 3744 immensam
1722 3691 1825 3747 Do-

222 3778 353 3832 mini
391 3778 558 3834 nostri
614 3778 913 3848 potentiam
1003 3794 1108 3833 non
1152 3778 1476 3851 ignorantes,
1543 3783 1826 3839 credamus

221 3867 339 3936 ejus
406 3868 872 3937 promissionibus,
924 3879 982 3925 ut
1044 3870 1291 3925 humanis
1342 3873 1543 3927 viribus
1581 3877 1827 3946 superio-

222 3973 313 4013 res
341 3959 483 4022 facti,
511 3959 774 4028 promissa
800 3975 1152 4032 assequamur
1180 3963 1424 4030 omnino,
1452 3974 1507 4019 et
1536 3966 1653 4035 ejus
1678 3966 1829 4023 frua-

224 4066 347 4105 mur
393 4052 788 4121 benevolentia,
817 4068 881 4108 ac
906 4070 1005 4125 pro
1025 4064 1212 4110 nostro
1251 4056 1397 4121 virili
1416 4057 1582 4112 Deum
1608 4075 1824 4130 quoque

226 4144 531 4200 timeamus.
591 4143 853 4200 Maximus
893 4148 1037 4201 enim
1092 4147 1180 4202 hic
1228 4156 1310 4203 cst
1380 4158 1562 4205 noster
1628 4151 1821 4219 honos,

223 4251 385 4306 quem
427 4236 622 4292 oli‘erre
663 4251 967 4308 possumus,
1026 4248 1087 4293 ut
1128 4241 1307 4297 virtuti
1361 4242 1526 4313 ipsius
1574 4245 1819 4312 ﬁdamus,

224 4328 431 4383 etitintsi
458 4329 676 4384 carneis
696 4331 864 4385 oculis
890 4345 1009 4400 quae
1034 4339 1157 4386 sunt
1200 4334 1470 4388 contraria
1525 4336 1821 4392 videamus.

225 4420 295 4475 Et
336 4421 462 4491 quid
488 4421 812 4486 admiraris,
845 4422 891 4477 si
930 4423 1070 4492 apud
1124 4423 1291 4480 Deum
1337 4426 1510 4482 honor
1540 4429 1609 4483 sit
1656 4431 1827 4483 maxi-

225 4524 347 4565 mus
402 4524 511 4565 non
575 4510 865 4566 dubitare?
915 4511 1089 4567 Etiam
1164 4514 1307 4583 apud
1369 4515 1639 4585 homines,
1697 4534 1822 4574 eum

223 4599 355 4668 quid
379 4614 446 4654 ex
472 4599 555 4655 his
579 4599 735 4657 ﬂuxis
763 4612 815 4657 et
840 4604 1169 4672 corruptioni
1218 4604 1465 4661 obnoxiis
1516 4607 1678 4663 rebus
1731 4624 1827 4664 no-

226 4690 313 4745 bis
357 4693 705 4761 promittitur,
755 4694 801 4748 si
829 4708 929 4750 uos
949 4695 1017 4750 de
1038 4696 1323 4765 promissis
1359 4712 1465 4752 non
1496 4698 1822 4769 dubitemus,

228 4784 326 4841 sed
358 4784 687 4853 promittenti
718 4784 876 4840 Iidem
928 4786 1245 4853 habeamus,
1288 4788 1340 4843 id
1367 4791 1599 4844 maximo
1636 4791 1825 4849 honori

228 4876 463 4945 ducitur,
514 4876 656 4946 quod
683 4891 879 4948 nempe
907 4892 1016 4933 non
1045 4878 1374 4947 dubitemus,
1402 4881 1493 4936 sed
1544 4886 1826 4952 promissis

231 4965 477 5021 ﬁdamus.
510 4966 663 5038 Quod
690 4967 734 5022 si
762 4967 864 5023 hoc
910 4968 963 5023 in
995 4968 1331 5037 hominibus,
1349 4972 1441 5042 qui
1475 4981 1581 5026 tam
1634 4974 1829 5030 crebro

228 5057 314 5112 vel
339 5066 628 5124 mutantur,
660 5060 743 5113 vel
789 5060 858 5115 ob
889 5060 1253 5117 infirmitatem
1285 5073 1539 5131 praestare
1565 5064 1694 5138 nihil
1745 5082 1831 5121 va-

228 5149 340 5204 lent
356 5165 373 5202 :
391 5157 592 5220 quanto
608 5151 777 5221 magis
792 5152 1175 5221 omnipotentis
1198 5152 1291 5206 Dei
1309 5154 1587 5223 promissis
1607 5155 1829 5211 credere

229 5239 508 5305 debemus,
533 5242 742 5297 etiamsi
764 5242 979 5298 interim
994 5243 1218 5297 multum
1243 5245 1501 5313 temporis
1520 5245 1831 5302 interﬂuat?

232 5328 360 5387 Bato
376 5340 551 5387 autem
580 5347 609 5385 a
639 5348 725 5388 me
750 5349 893 5389 nunc
920 5348 1026 5389 non
1056 5334 1259 5406 absque
1285 5348 1446 5391 causa
1492 5334 1637 5392 dicta
1680 5347 1824 5405 sunt,

235 5422 331 5477 sed
356 5429 413 5477 ut
438 5423 577 5479 seire
606 5426 890 5496 possimus,
925 5441 1045 5483 cum
1078 5427 1382 5483 venerimus
1402 5428 1469 5483 ad
1510 5430 1827 5501 principium

234 5529 423 5570 eorum
452 5530 572 5586 qua
600 5514 759 5571 hodie
786 5516 940 5572 nobis
969 5525 1094 5571 sunt
1117 5518 1405 5587 proposita,
1436 5520 1709 5586 quomodo
1734 5522 1829 5575 be-

234 5606 428 5678 nignus
478 5608 617 5663 Deus
657 5606 847 5662 volens
891 5607 1033 5679 apud
1082 5622 1270 5663 omnes
1324 5608 1560 5664 nobilem
1604 5610 1835 5667 reddere

236 5698 615 5768 patrial-citam,
647 5708 725 5755 tot
750 5700 908 5755 annis
939 5700 1373 5769 procrastinavit,
1398 5708 1453 5755 et
1478 5701 1693 5757 interim
1739 5706 1830 5773 ju-

229 5800 346 5849 stus
367 5807 473 5848 non
495 5807 638 5866 aegre
658 5792 881 5861 ferebat,
907 5805 1020 5849 non
1030 5793 1100 5851 ob
1126 5792 1531 5851 diuturnitatem
1549 5802 1829 5867 torpesce-

1334 374 1397 430 ΙΝ
1436 373 1587 429 CAP.
1626 372 1784 429 XVII.
1828 372 2073 430 GENES.
2112 372 2339 432 IIOMIL.
2374 375 2616 434 XXXIX.

3451 388 3555 445 363

1955 494 2068 557 bat,
2094 492 2196 547 uec
2213 492 2551 566 desperabat,
2586 496 2677 549 sed
2706 495 2848 551 bona
2880 510 2979 568 spe
3009 509 3309 572 vegetatus,
3335 507 3552 578 religio-

1940 596 2059 637 sum
2090 583 2330 639 animum
2362 586 2415 641 in
2445 586 2698 642 omnibus
2723 603 2836 662 prae
2859 604 2918 645 se
2943 589 3169 648 ferebat.
3194 593 3553 655 Sciemusan-

1941 681 2049 729 tem
2078 675 2277 745 liquido
2304 690 2519 733 omnem
2564 680 2883 749 patriarchae
2905 684 3176 754 virtutem,
3198 688 3245 743 si
3297 689 3552 747 didiceri-

1942 780 2061 820 mus
2089 776 2344 837 quantum
2373 770 2575 825 interea
2609 780 2819 842 tempus
2849 774 3098 846 elapsum
3122 778 3305 837 fuerit.
3357 782 3549 839 Omnia

1940 856 2082 909 enim
2114 858 2305 913 beatus
2323 859 2499 915 Moses
2528 861 2731 930 Spiritu
2752 875 2941 921 sancto
2970 868 3187 924 afflatus
3209 870 3357 928 clare
3387 872 3551 929 doce-

1942 946 2036 1000 bit.
2066 948 2204 1016 Quid
2236 949 2396 1020 igitur
2435 953 2524 1006 ille
2550 954 2680 1009 dicit
2703 956 2727 1008 i
2755 956 2981 1024 Quando
3001 960 3241 1016 obedivit
3291 967 3550 1021 mandato

1945 1036 2059 1103 Dei,
2092 1046 2145 1093 et
2197 1040 2433 1110 migrans
2462 1056 2493 1096 a
2522 1044 2785 1113 Charran,
2818 1047 2870 1101 in
2913 1048 3283 1107 Chananaram
3322 1064 3550 1111 conten-

1941 1128 2039 1195 dit,
2071 1145 2335 1187 annorum
2361 1143 2478 1188 erat
2506 1138 2844 1207 septuaginta
2871 1139 3130 1211 quinque.
3161 1143 3227 1198 Et
3263 1146 3445 1201 statim
3492 1159 3549 1204 ut

1942 1222 2086 1276 venit
2109 1223 2161 1276 in
2188 1222 2573 1290 Cltattanwant,
2599 1228 2861 1285 Dominus
2911 1234 3158 1302 promisit
3190 1237 3239 1290 ei
3272 1247 3327 1292 et
3352 1240 3548 1296 semini

1941 1313 2056 1380 ejus
2078 1313 2323 1370 daturum
2347 1332 2408 1373 se
2430 1333 2645 1375 omnem
2672 1330 2889 1389 terram,
2914 1333 2971 1380 et
2989 1336 3139 1382 tanto
3162 1345 3388 1385 numero
3411 1334 3547 1386 mul-

1942 1403 2321 1473 tiplicaturum,
2358 1416 2410 1463 ut
2446 1410 2836 1468 innumerabili:
2866 1414 2956 1469 flat
2985 1416 3125 1472 sicut
3146 1434 3311 1474 arena
3340 1432 3393 1477 et
3418 1424 3547 1478 stel-

2060 1496 2126 1551 Et
2156 1509 2277 1568 post
2323 1502 2732 1571 promissionem
2766 1503 2905 1561 hanc
2932 1508 3098 1564 multa
3128 1511 3345 1568 interim
3400 1519 3545 1572 acci-

1941 1585 2136 1643 derunt
2154 1589 2322 1659 justo,
2350 1607 2545 1663 nempe
2566 1593 2859 1651 descensus
2885 1598 2937 1652 in
2969 1597 3262 1671 Egyptum
3320 1616 3544 1675 promer

1941 1677 2159 1749 famem,
2203 1692 2390 1752 raptus
2423 1682 2593 1755 Serm,
2642 1698 2697 1743 et
2734 1690 2914 1744 statim
2941 1690 3119 1748 divina
3175 1678 3542 1765 providentia.

1942 1770 2139 1827 lterqu
2192 1784 2315 1847 post
2378 1775 2611 1831 reditum
2666 1779 2734 1835 ab
2793 1778 3050 1853 Egypto,
3102 1786 3207 1841 alia
3260 1790 3547 1845 occasione

1938 1859 2085 1916 Sara:
2120 1866 2431 1922 molestizea
2478 1883 2605 1939 rege
2644 1867 2995 1940 Gerarorum,
3043 1885 3100 1931 et
3135 1878 3315 1934 statim
3357 1896 3386 1934 a
3431 1882 3544 1937 Deo

1938 1953 2259 2011 subsidium.
2279 1958 2453 2028 Atque
2472 1958 2587 2016 haec
2616 1962 2720 2016 sibi
2736 1964 3036 2020 accidentia
3052 1968 3230 2023 omnia
3250 1970 3439 2027 videns
3458 1973 3547 2044 ju-

1938 2054 2052 2098 stus
2081 2056 2203 2115 post
2229 2050 2641 2117 promissionem
2671 2053 2839 2121 iHam,
2867 2068 2979 2111 non
3006 2058 3320 2117 turbabatur
3339 2065 3543 2131 animo,

1939 2148 2115 2206 neque
2159 2139 2424 2195 curiosius
2472 2139 2805 2212 disquirebat
2855 2161 3023 2215 quare
3059 2162 3280 2222 accepta
3310 2156 3545 2222 promis-

1936 2228 2087 2284 sione
2114 2230 2228 2298 tali,
2252 2230 2306 2287 in
2338 2239 2515 2289 tantas
2538 2234 2779 2306 talesque
2801 2240 3121 2296 tentationes
3150 2242 3389 2313 quotidie
3415 2247 3546 2301 inei-

1936 2321 2109 2390 deret,
2134 2334 2188 2378 et
2211 2334 2356 2378 tanto
2389 2314 2633 2396 tempore
2660 2338 2908 2385 maneret
2932 2331 3135 2402 absque
3161 2335 3329 2403 prole.
3360 2337 3545 2393 Noluit

1936 2412 2078 2466 enim
2109 2423 2293 2484 utpote
2318 2415 2458 2485 pios,
2483 2415 2733 2473 humanis
2774 2421 3071 2479 rationibus
3107 2437 3171 2480 ca
3212 2441 3331 2497 qua:
3358 2444 3389 2482 a
3433 2430 3547 2486 Deo

1938 2502 2137 2558 flebant
2170 2506 2456 2575 subjicere,
2486 2515 2541 2563 et
2565 2508 2694 2563 boni
2720 2510 3056 2581 consulebat,
3090 2525 3344 2587 gratoque
3368 2520 3543 2576 susci-

1936 2594 2116 2663 piebat
2139 2610 2493 2667 quaecumque
2515 2597 2625 2654 Deo
2640 2598 2864 2673 fuerant
2896 2602 3027 2659 visa.

2004 2685 2056 2740 2.
2087 2684 2190 2743 Cur
2217 2685 2356 2742 Deus
2398 2688 2475 2741 sic
2516 2690 2805 2751 euastanda
2848 2692 3133 2763 probaverit
3172 2698 3387 2767 Abram,-
3413 2720 3543 2774 quo-

1934 2776 2085 2831 modo
2128 2780 2235 2833 haec
2275 2796 2373 2834 eos
2406 2800 2427 2833 ε
2454 2784 2693 2853 apparuit
2719 2803 2737 2837 ι
2765 2787 3065 2856 accipienda
3103 2790 3187 2843 sit.
3221 2821 3292 2831 —
3317 2792 3383 2847 Et
3423 2806 3544 2865 post

1933 2869 2198 2924 decimum
2238 2888 2437 2927 almum
2468 2877 2703 2947 suscepit
2729 2876 3014 2935 Ismaelem
3041 2896 3108 2936 ex
3141 2884 3361 2952 ancilla,
3392 2900 3540 2957 post-

1932 2976 2103 3031 eaque
2156 2960 2208 3016 in
2266 2964 2356 3019 illo
2401 2966 2607 3036 putavit
2652 2969 3067 3038 promissionem
3118 2972 3536 3044 adimplendam.

1932 3049 2064 3105 Erat
2106 3053 2248 3107 enim
2290 3056 2614 3123 patriarcha,
2666 3060 2883 3127 quando
2922 3070 3079 3117 natus
3125 3074 3209 3119 est
3239 3067 3286 3120 ei
3320 3067 3539 3135 Ismael,

1932 3157 2193 3198 annorum
2222 3147 2493 3217 octoginta
2523 3163 2637 3203 sex.
2695 3148 2803 3206 Sed
2849 3152 3043 3208 iterum
3088 3156 3347 3213 tredecim
3381 3165 3540 3218 annis

1931 3244 2214 3291 exercetur
2237 3252 2267 3291 a
2294 3237 2524 3309 benigno
2555 3240 2664 3296 Deo
2700 3242 2818 3311 ejus
2866 3245 3139 3314 patientia,
3170 3249 3342 3306 donec
3370 3252 3539 3323 ipsius

1933 3327 2217 3394 promissio
2238 3326 2542 3399 impleatur.
2574 3330 2708 3387 Nam
2736 3334 2861 3403 quia
2885 3335 3051 3404 probe
3077 3350 3317 3409 neverat,
3341 3357 3537 3414 quem-

1930 3418 2218 3473 admodum
2261 3435 2449 3475 aurum
2505 3424 2557 3477 in
2615 3423 2830 3481 fornace
2862 3430 3120 3499 temporis
3160 3431 3535 3502 diuturnitate,

1932 3507 2005 3562 ita
2025 3509 2225 3577 justum
2254 3514 2489 3583 purgari,
2521 3514 2742 3586 ejusque
2765 3517 3013 3575 virtutem
3040 3522 3322 3582 clariorem
3341 3536 3394 3581 et
3415 3526 3541 3582 illu-

1931 3601 2178 3657 striorem
2198 3601 2312 3658 ﬁeri
2336 3622 2349 3659 ε
2380 3606 2400 3660 I
2422 3603 2570 3678 (Cap.
2592 3605 2702 3680 I7).
2726 3609 2941 3675 Quando
2962 3617 3134 3685 factus
3147 3626 3217 3670 est
3234 3618 3423 3672 Abram
3445 3638 3525 3674 α»

1932 3707 2111 3746 norum
2132 3698 2408 3767 nonaginta
2430 3716 2625 3765 novent,
2648 3701 2837 3773 inquit,
2859 3708 3099 3776 apparuit
3116 3708 3313 3764 eiDeus
3330 3712 3531 3767 iterant.

1932 3782 2000 3838 Et
2037 3801 2329 3857 quarenam
2383 3798 2534 3847 tanto
2585 3802 2825 3865 tempore
2876 3798 3124 3855 distulit?
3164 3801 3234 3857 Ut
3283 3818 3389 3858 non
3440 3820 3531 3861 so-

1932 3874 2041 3929 lum
2084 3876 2214 3947 justi
2259 3881 2574 3950 patientiam
2622 3895 2676 3940 et
2718 3887 2968 3944 virtutem
3017 3891 3311 3961 discamus,
3356 3896 3451 3952 sed
3480 3909 3535 3954 et

1932 3964 2247 4024 immensam
2301 3971 2469 4041 ipsius
2522 3978 2813 4043 potentiam
2863 3978 3158 4037 videamus.
3208 3984 3342 4040 Cum
3393 3989 3541 4043 enim

1932 4056 2062 4109 nihil
2108 4060 2224 4127 spei
2268 4068 2321 4113 et
2363 4065 2779 4129 exspectationis
2821 4067 3045 4123 essetin
3078 4082 3270 4129 natura
3320 4091 3441 4146 quas
3468 4080 3541 4134 ad

1933 4150 2319 4216 procreandam
2344 4152 2546 4221 prolem
2580 4156 2779 4211 inutilis
2810 4168 2926 4214 erat
2953 4168 3007 4216 et
3034 4163 3273 4221 membra
3307 4183 3416 4237 pra:
3445 4188 3534 4227 sc—

1932 4246 2147 4294 nectute
2175 4241 2420 4311 languida
2448 4255 2501 4299 et
2526 4243 2713 4315 frigida
2743 4260 2946 4315 essent,
2982 4261 3107 4307 tunc
3152 4257 3365 4313 tandem
3404 4261 3542 4330 justi

1931 4327 2180 4385 virtutem
2213 4331 2437 4403 detexit,
2470 4345 2524 4390 et
2568 4351 2717 4391 suam
2765 4341 3058 4409 potentiam
3109 4345 3381 4415 indicavit,
3407 4327 3540 4422 pro-

1932 4422 2242 4478 missionem
2265 4425 2557 4496 implendo.
2588 4429 2697 4485 Sed
2725 4446 2905 4501 operte
2949 4437 3179 4505 pretium
3220 4451 3323 4506 est,
3355 4454 3413 4499 ut
3440 4447 3539 4502 ite-

1932 4525 2048 4565 rum
2072 4512 2349 4569 audiamus
2365 4531 2428 4570 ea
2450 4517 2568 4587 ipsa
2588 4534 2709 4589 qua:
2732 4536 2855 4577 eum
2886 4524 2981 4579 illo
3008 4526 3149 4582 Deus
3175 4528 3425 4600 loquutus
3456 4548 3540 4593 est

1934 4603 2123 4658 verba.
2144 4604 2273 4659 Cum
2303 4611 2472 4678 factus
2497 4612 2631 4664 enim
2662 4624 2805 4680 esset,
2834 4615 3026 4687 inquit,
3054 4624 3333 4693 nonaginta
3360 4641 3545 4683 novem

1934 4710 2202 4763 annorum,
2249 4702 2487 4770 apparuit
2530 4709 2579 4757 et
2619 4702 2783 4775 Deus,
2833 4719 2881 4761 et
2920 4709 3049 4765 dixit
3076 4713 3143 4765 ei.
3185 4715 3317 4771 Cum
3360 4728 3547 4776 autem

1936 4788 2206 4853 audieris,
2256 4790 2528 4860 Apparuit,
2581 4794 2712 4849 nihil
2760 4796 2962 4855 humile
3003 4803 3315 4873 suspiceris,
3368 4825 3548 4881 neque

1936 4888 2090 4950 putes
2116 4881 2287 4935 oculis
2314 4883 2618 4940 carnalibus
2651 4887 2819 4943 videri
2851 4888 3085 4948 divinam
3108 4895 3254 4952 illam
3280 4908 3334 4954 et
3362 4900 3545 4956 ineor-

1938 4970 2243 5063 ruptibilem
2272 4974 2589 5042 potentiam,
2613 4977 2708 5032 sed
2739 4981 2827 5048 pie
2855 4984 3035 5039 omnia
3060 4984 3317 5059 intelligo.
3359 4991 3545 5063 Appa-

1935 5062 2038 5114 ruit
2066 5061 2244 5132 igitur,
2271 5063 2318 5116 ei
2347 5063 2481 5119 Deus
2507 5082 2526 5121 :
2550 5066 2656 5123 hoc
2690 5079 2795 5139 est,
2822 5072 3127 5131 visitatione
3164 5092 3261 5133 sua
3290 5061 3435 5135 illum
3464 5083 3551 5138 di—

1938 5164 2128 5224 gnatus
2149 5165 2251 5224 est,
2281 5166 2336 5211 ct
2363 5157 2581 5228 dignum
2626 5160 2778 5217 duxit
2806 5179 2928 5220 eum
2952 5167 3103 5237 cujus
3122 5183 3306 5225 curam
3337 5184 3545 5244 ageret.

1942 5263 2070 5303 usus
2095 5264 2282 5319 magna
2324 5253 2591 5306 sermonis
2614 5258 3075 5324 attemperatione.
3110 5258 3255 5315 Dixit
3281 5264 3439 5334 enim,
3469 5266 3549 5319 in-

1942 5338 2075 5407 quit,
2105 5340 2174 5392 ad
2201 5356 2335 5395 eum.
2390 5339 2502 5411 Ego
2547 5360 2657 5396 sum
2692 5342 2828 5399 Deus
2877 5356 3027 5414 tuus;
3055 5351 3202 5421 place
3242 5368 3417 5407 coram
3448 5373 3549 5423 me,

1940 5442 1989 5485 et
2012 5442 2116 5485 esto
2142 5433 2689 5501 irreprehensibilisﬁ.
2710 5446 2755 5490 et
2785 5454 2972 5506 ponant
3001 5452 3352 5499 testamentum
3386 5464 3547 5501 meum

1934 5518 2068 5577 inter
2090 5539 2168 5577 me
2193 5536 2237 5575 et
2264 5524 2394 5577 inter
2423 5534 2489 5589 te,
2524 5535 2571 5580 et
2602 5528 2951 5598 multiplicabo
2976 5542 3023 5586 te
3050 5535 3212 5590 ualde.
3245 5538 3297 5591 5.
3329 5536 3398 5591 Et
3420 5555 3546 5608 pro-

1938 5614 2060 5667 cidit
2082 5614 2272 5668 Abram
2301 5632 2454 5685 super
2481 5620 2661 5688 faciem
2678 5636 2847 5676 suam.
2880 5622 3066 5695 Magna
3103 5626 3235 5696 justi
3284 5629 3548 5698 probitas,

1940 5706 2220 5760 excellens
2252 5707 2379 5762 item
2410 5709 2814 5767 clementissimi
2849 5715 2943 5770 Dei
2972 5717 3025 5771 in
3048 5718 3196 5773 illum
3226 5719 3556 5791 benignitas.

1943 5790 2055 5867 Ego
2086 5814 2219 5867 sum,
2250 5799 2442 5871 inquit,
2468 5797 2616 5858 Deus
2641 5813 2757 5859 tuus
2787 5823 2804 5860 :
2834 5808 2984 5877 quasi
3020 5809 3243 5881 diceret,
3272 5810 3386 5887 Ego
3434 5831 3563 5873 sum
