4058 6384
523 372 631 433 363

523 488 616 558 qui
643 497 808 557 usque
826 484 887 541 in
915 493 1150 557 prteseus
1167 496 1258 540 res
1277 493 1402 538 tuas
1427 482 1589 536 variis
1627 478 1800 534 modis
1817 477 2098 547 dispenso;

521 592 626 648 ego
643 592 784 642 sum,
810 578 900 647 qui
927 584 980 632 te
1007 591 1038 630 e
1066 575 1224 631 domo
1249 583 1335 628 tua
1359 572 1594 636 evocavi,
1618 579 1674 625 et
1701 569 1804 624 huc
1828 568 1991 631 duxi;
2017 566 2104 635 qui

525 667 672 724 ntnni
719 677 960 737 tempore
999 673 1356 736 propugnator
1397 671 1518 716 tuus
1558 673 1700 725 sum,
1744 669 1800 714 et
1838 658 1927 729 qni
1961 667 2013 712 te
2033 656 2108 712 de

524 757 754 812 inimicis
780 757 1034 812 victorem
1063 752 1242 820 effeci,
1270 767 1371 824 ego
1403 767 1554 816 sum;
1580 761 1636 806 et
1659 765 1766 805 non
1811 749 1943 804 dixit
1980 747 2106 802 sim-

530 846 758 916 pliciter,
787 845 902 915 Ego
928 858 1050 900 sum
1099 844 1238 899 Deus
1268 861 1282 896 :
1313 841 1431 907 sed,
1476 839 1591 911 Ego
1631 856 1743 895 sunt
1790 839 1929 894 Deus
1968 847 2104 891 tuus.

531 933 665 990 Vide
690 934 876 988 miram
905 932 1216 999 bonitatem,
1250 929 1515 1002 quomodo
1557 929 1659 985 hoc
1697 929 1860 984 etiam
1904 925 2106 982 addita-

527 1033 708 1081 menta
748 1039 984 1080 amorem
1029 1038 1184 1080 suum
1231 1039 1354 1094 erga
1395 1021 1596 1091 justum
1637 1020 1949 1076 declaravit.
1975 1017 2107 1072 Nam

525 1117 618 1187 qui
645 1117 804 1171 totius
827 1115 1010 1178 mundi
1028 1125 1113 1170 est
1143 1116 1300 1179 Deus,
1321 1122 1376 1168 et
1397 1112 1630 1167 universi
1653 1109 1868 1182 Opifex,
1887 1110 2108 1165 Creator

523 1208 640 1263 caeli
667 1216 724 1263 et
750 1216 926 1272 teme,
952 1207 1080 1261 dicit
1107 1223 1122 1260 :
1151 1203 1264 1275 Ego
1302 1220 1412 1258 sunt
1436 1201 1576 1258 Deus
1601 1213 1736 1257 tuus.
1768 1201 1956 1272 Ingens
1979 1193 2105 1269 ἰη-ο-

526 1300 667 1354 lecto
712 1297 904 1364 honor,
930 1296 1019 1366 qui
1059 1295 1208 1366 justo
1234 1294 1502 1350 tribuitur.
1527 1292 1619 1350 Sic
1643 1301 1698 1348 et
1726 1289 1996 1364 prophetis
2024 1288 2103 1344 lo-

523 1389 615 1460 qui
637 1402 756 1443 mos
779 1395 880 1444 est.
902 1385 1034 1442 Nam
1063 1386 1202 1442 sicut
1242 1386 1357 1456 ipse
1391 1400 1550 1452 nunc,
1578 1399 1698 1440 cum
1741 1383 1811 1438 sit
1855 1383 2108 1437 Dominus

524 1477 824 1533 communis
869 1476 1131 1543 omnium,
1160 1489 1192 1530 a
1218 1489 1374 1530 servo
1409 1483 1464 1529 ut
1501 1471 1779 1545 peculiaris
1803 1471 1983 1526 vocari
2009 1484 2105 1525 vo-

522 1568 641 1636 luit,
668 1569 999 1624 inveniemus
1024 1567 1182 1623 etiam
1207 1580 1328 1621 cum
1358 1572 1480 1636 post
1522 1563 1639 1619 haec
1678 1562 1964 1626 dicentem,
1997 1560 2107 1632 Ego

525 1677 636 1716 sum
665 1659 800 1715 Deus
831 1658 1104 1723 Abraham,
1140 1656 1276 1711 Datis
1305 1654 1476 1722 Isaac,
1492 1665 1539 1710 et
1559 1654 1694 1709 Deus
1716 1652 1880 1709 Iacob
1910 1652 2103 1726 (Exod.

524 1751 580 1807 3.
625 1750 682 1820 ϐ)
712 1750 820 1804 :ita
849 1757 905 1805 et
945 1746 1217 1818 propheta:
1259 1746 1445 1803 dicere
1491 1753 1917 1811 consueverunt,
1969 1742 2122 1814 Deug

526 1840 663 1896 Deus
701 1855 838 1894 meus
863 1854 884 1893 :
913 1853 1018 1894 non
1063 1836 1447 1893 concludentes
1489 1835 1606 1906 ejus
1648 1834 1941 1890 dominium
1965 1873 1982 1897 ,
2011 1832 2105 1888 sed

520 1945 758 1988 amorem
788 1931 1108 1985 immensum
1155 1926 1508 1984 declarantem
1550 1925 1668 1981 Non
1709 1924 1868 1996 igitur
1911 1924 2104 1978 mirum

522 2024 568 2077 si
599 2023 841 2078 homines
868 2021 972 2077 hoc
993 2020 1216 2086 iaciant;
1249 2019 1345 2074 sed
1377 2018 1525 2088 quod
1554 2018 1668 2088 ipse
1695 2030 1820 2088 erga
1864 2015 2108 2071 homines

524 2115 578 2169 id
605 2114 780 2181 iaciat,
805 2113 855 2170 id
883 2129 1011 2178 vero
1054 2128 1248 2169 novum
1274 2121 1428 2168 estet
1455 2109 1715 2166 mirabile.
1745 2107 2006 2165 Gmternm
2039 2121 2105 2162 ne

525 2204 799 2266 tniremur,
821 2203 1024 2267 dilecti,
1041 2201 1136 2257 sed
1161 2201 1437 2255 audiamus
1458 2198 1766 2269 prophetam
1796 2196 2102 2252 dicentem:

525 2294 709 2349 Melior
734 2304 807 2350 est
845 2310 979 2349 unus
1021 2294 1216 2365 faciens
1257 2292 1563 2348 voluntatem
1593 2288 1822 2354 Domini,
1848 2304 2002 2358 quem
2027 2288 2106 2341 in»

521 2383 715 2438 numeri
760 2393 1045 2455 peccatores
1061 2381 1248 2455 (Eccli.
1278 2380 1365 2436 i6.
1392 2381 1448 2452 ὅ)
1471 2397 1486 2448 ;
1509 2389 1564 2436 et
1593 2378 1784 2434 iterum
1826 2378 2105 2433 audiamus

525 2477 743 2533 Paulum
781 2477 1045 2533 dicentem
1073 2493 1088 2532 :
1120 2474 1574 2530 Obambulatterunt
1602 2473 1656 2527 in
1676 2470 1888 2534 melotis,
1910 2471 1964 2525 in
1991 2469 2106 2540 pel-

524 2567 658 2623 libus
685 2568 930 2639 caprinis,
949 2576 1170 2639 egentes,
1201 2565 1489 2637 angustiati,
1510 2563 1704 2635 afflicti,
1727 2562 1906 2634 quibus
1922 2561 2105 2633 dignus

522 2673 621 2711 non
645 2669 753 2710 erat
782 2656 1002 2712 mundus
1021 2655 1204 2728 (Hebr.
1233 2656 1319 2710 tl.
1342 2655 1433 2711 57.
1453 2652 1565 2726 38).
1597 2652 1684 2708 Sic
1711 2651 1964 2722 propheta
1988 2651 2106 2722 qui-

519 2749 642 2804 dem
671 2750 1002 2821 pronuntiat,
1032 2763 1193 2802 onnm
1221 2746 1309 2817 qui
1339 2729 1465 2800 nén
1515 2742 1839 2798 voluntatem
1869 2740 2099 2808 Domini,

525 2840 703 2909 impiis
733 2840 1026 2894 innumeris
1066 2839 1361 2893 meliorem.
1386 2836 1578 2892 Beatus
1607 2849 1735 2891 vero
1762 2833 1974 2900 Paulus,
2001 2832 2103 2888 do-

519 2939 639 2986 ctor
681 2929 849 2996 orbis,
895 2943 1197 2986 memorans
1238 2929 1407 2984 bonos
1435 2940 1622 2982 omnes
1648 2925 1704 2980 in
1731 2923 2104 2980 afﬂictionibus

522 3019 608 3074 hic
633 3025 873 3090 agentes,
901 3017 1071 3088 inquit
1099 3039 1113 3072 :
1145 3018 1334 3085 Quibus
1355 3017 1537 3087 dignus
1574 3031 1675 3069 non
1722 3024 1827 3068 erat
1863 3016 2100 3068 mundus.

521 3109 597 3165 Ita
644 3125 766 3165 cum
811 3109 1044 3165 dixisset
1086 3117 1255 3163 totum
1300 3107 1587 3176 mundum,
1627 3105 1826 3161 mundo
1861 3107 2106 3176 opposuit

521 3214 617 3256 eos
651 3200 740 3271 qui
769 3199 858 3256 hic
884 3208 1144 3255 vexantur
1169 3210 1222 3256 et
1249 3198 1574 3270 afﬂiguntur,
1606 3207 1662 3252 ut
1689 3196 1867 3253 discas
1908 3207 2105 3268 quanta

521 3291 590 3346 sit
630 3291 838 3346 virtutis
881 3289 1204 3360 magnitudo.
1251 3289 1423 3358 Atque
1443 3302 1503 3344 ea
1532 3288 1601 3343 de
1648 3302 1806 3342 causa
1847 3287 2105 3343 Dominus

523 3382 666 3438 Deus
711 3381 880 3453 inquit
924 3380 992 3436 ad
1039 3380 1390 3452 patriarcham
1424 3397 1438 3433 :
1470 3379 1580 3450 Ego
1617 3395 1729 3433 sum
1765 3377 1905 3433 Deus
1945 3386 2058 3432 tuus
2084 3418 2104 3446 ,

522 3474 664 3542 place
701 3489 870 3526 coram
895 3488 993 3538 me,
1023 3479 1070 3527 et
1095 3479 1197 3526 esto
1241 3468 1708 3541 irrepreltensibilis.
1735 3467 1920 3538 Neque
1961 3469 2103 3524 enim

518 3574 859 3621 contemnam
887 3573 989 3620 tua:
1035 3564 1246 3620 virtutis
1291 3561 1534 3628 sudores,
1563 3560 1660 3616 sed
1702 3559 1903 3614 Portam
1950 3569 2102 3614 testa-

520 3666 743 3710 mentum
780 3671 946 3709 meum
987 3655 1116 3708 inter
1153 3669 1232 3706 me
1270 3661 1316 3706 et
1353 3653 1486 3706 inter
1529 3661 1595 3718 te,
1618 3661 1664 3706 et
1695 3651 2038 3721 multiplicabo
2059 3660 2106 3705 te

521 3744 687 3798 ualde.
716 3743 830 3798 Non
862 3751 1062 3798 tantum
1085 3742 1270 3797 faciam
1293 3741 1417 3796 tein
1441 3740 1830 3795 multitudinem
1860 3755 2104 3810 magnam

521 3847 782 3897 crescere,
812 3832 906 3888 sed
957 3831 1138 3899 Valde,
1182 3832 1459 3887 declarans
1498 3831 1884 3886 incrementum
1937 3831 2104 3900 pluri-

523 3936 688 3974 mum.
738 3920 889 3986 Quod
933 3935 1090 3989 supra
1131 3920 1480 3985 memorabat,
1527 3900 1913 3986 cum.diceret,
1957 3919 2106 3976 Sicut

521 4025 738 4066 arenam
758 4019 810 4065 et
830 4009 1010 4065 stellas
1039 4026 1052 4064 :
1078 4008 1128 4062 id
1152 4008 1238 4062 hic
1265 4022 1360 4077 per
1381 4007 1712 4072 adverbium,
1738 4007 1919 4075 Valde,
1939 4009 2106 4077 signi-

525 4101 722 4158 ticavit.
750 4101 818 4154 At
859 4108 1040 4169 gratus
1064 4107 1119 4154 et
1148 4099 1427 4169 religiosus
1473 4099 1722 4166 famulus,
1767 4098 1954 4155 videns
1992 4107 2108 4154 tan-

524 4200 632 4247 tum
665 4192 756 4246 Dei
787 4190 1167 4261 indulgentiam
1193 4197 1246 4244 et
1271 4203 1397 4261 erga
1439 4186 1694 4244 famulum
1721 4204 1873 4245 suum
1899 4204 2103 4259 curam,

517 4284 923 4354 obstupescens,
965 4283 1248 4352 animaque
1295 4296 1513 4336 versans
1549 4291 1602 4337 et
1647 4291 1890 4337 naturam
1933 4298 2103 4350 suam,

517 4386 579 4430 et
619 4374 910 4430 bonitatem
959 4372 1379 4442 immensamque
1420 4371 1668 4426 virtutem
1717 4372 1832 4439 Dei,
1881 4371 2101 4436 Cecidit,

525 4464 717 4534 inquit,
743 4466 796 4517 in
829 4464 1008 4533 faciem
1050 4478 1194 4517 suam
1224 4470 1472 4533 :gratum
1514 4461 1748 4516 animum
1800 4464 1900 4517 hoc
1945 4463 2106 4519 modo

517 4555 824 4609 declarans.
856 4554 971 4609 Non
1001 4552 1175 4606 solum
1201 4553 1342 4606 enim
1387 4567 1493 4606 non
1542 4561 1667 4606 tunc
1713 4552 1810 4607 fuit
1851 4568 2104 4626 arrogan-

531 4645 653 4710 tior,
696 4658 867 4713 neque
913 4641 1252 4712 superhiebat
1290 4649 1505 4710 propter
1549 4640 1784 4696 favorem
1817 4641 1911 4697 Dei
1950 4661 2105 4714 quem

523 4733 914 4804 experiebatur,
962 4732 1056 4786 sed
1082 4740 1134 4786 et
1169 4731 1335 4786 multo
1379 4732 1545 4803 magis
1588 4731 1962 4788 humiliahatur
1993 4750 2006 4787 :
2043 4734 2108 4788 Et

517 4825 719 4891 cecidit,
761 4824 948 4894 inquit,
1002 4823 1056 4876 in
1099 4821 1299 4894 faciem.
1347 4821 1420 4876 lta
1463 4822 1606 4876 enim
1653 4833 1834 4893 gratus
1876 4824 2105 4888 animus,

520 4927 724 4990 quanto
744 4917 929 4986 majori
953 4916 1140 4971 fruitur
1158 4914 1368 4980 fiducia,
1390 4921 1536 4969 tanto
1551 4915 1805 4985 majorem
1829 4915 1936 4971 Deo
1953 4933 2107 4972 reve-

525 5009 752 5064 rentiam
773 5007 988 5062 exhibet
1016 5023 1030 5061 :
1061 5005 1247 5061 Cecidit
1271 5006 1433 5071 enim,
1457 5005 1647 5076 inquit,
1671 5007 1720 5060 in
1737 5008 1915 5078 faciem
1940 5025 2106 5063 suam.

529 5101 595 5155 Et
621 5101 743 5171 quia
781 5107 899 5169 post
929 5108 1126 5152 tantam
1157 5097 1400 5152 fiduciam
1421 5098 1596 5167 justus
1626 5099 1857 5168 seipsutn
1883 5109 1937 5155 et
1957 5110 2112 5156 natu-

528 5207 601 5246 ra:
621 5205 732 5245 sua:
753 5189 1166 5245 imbecillitatem
1186 5187 1550 5256 considerans,
1567 5203 1737 5260 neque
1755 5190 1935 5246 oculos
1955 5190 2112 5244 attol-

527 5284 638 5338 lere
665 5280 912 5346 audebat,
931 5280 1026 5336 sed
1047 5281 1098 5334 in
1122 5279 1310 5336 faciem
1341 5295 1536 5350 pronus
1565 5282 1781 5335 multam
1808 5281 2113 5338 declarabat

528 5375 877 5431 reverentiam
911 5393 926 5429 :
955 5373 1079 5428 vide
1107 5374 1296 5428 iterum
1324 5374 1447 5430 boni
1479 5374 1572 5428 Dei
1601 5373 1920 5430 ineffabilem
1959 5377 2110 5430 beni-

527 5468 803 5541 gnitatem.
852 5466 1114 5537 Loquutus
1155 5475 1227 5519 est
1273 5467 1422 5532 enim,
1446 5467 1636 5537 inquit,
1661 5465 1864 5520 eiDeus
1902 5467 2112 5522 dicens:

529 5561 583 5615 4.
623 5559 750 5616 Ecce
791 5575 880 5631 ego
903 5569 949 5613 et
974 5567 1322 5614 testamentum
1351 5574 1514 5611 meum
1551 5569 1734 5624 tecum,
1758 5570 1803 5613 et
1828 5560 1929 5614 eris
1971 5571 2114 5630 pater

517 5652 863 5708 multitudinis
891 5653 1138 5723 gentium,
1168 5648 1221 5706 5.
1244 5659 1291 5703 et
1319 5665 1420 5703 non
1464 5651 1721 5704 vocabitur
1756 5651 1888 5704 ultra
1934 5668 2113 5707 nomen

517 5758 666 5800 tuum
699 5742 906 5812 Abram,
927 5745 1015 5799 sed
1038 5745 1130 5800 erit
1155 5759 1334 5799 nomen
1381 5753 1520 5799 tuum
1568 5743 1819 5799 Abraham
1847 5745 1999 5814 :quia
2019 5763 2111 5817 pa-

1301 371 1366 429 s.
1405 340 1681 425 toiNNts
1719 354 2193 421 CllltYSOS’l‘OMl
2231 352 2547 415 ARCHIEP.
2586 360 3117 420 consumma.

3697 367 3800 429 561

2217 478 2339 524 trem
2379 475 2647 528 multarum
2690 478 2910 547 gentium
2949 479 3186 532 constitui
3219 490 3286 547 te,
3327 480 3380 536 6.
3426 481 3710 553 faciamque
3752 497 3800 541 te

2212 578 2432 618 crescere
2471 567 2617 621 ualde
2642 583 2660 623 .'
2685 578 2730 622 et
2773 586 2958 638 ponam
3005 580 3052 626 te
3087 572 3141 626 in
3181 582 3400 644 gentem,
3427 584 3474 629 et
3497 592 3637 646 reges
3666 592 3731 631 ex
3754 589 3801 632 te

2213 654 2550 724 egretlientur.

2283 747 2338 803 5.
2356 745 2692 822 Etymologim
2729 753 2987 809 nominum
3025 740 3213 810 Abram
3270 768 3320 813 et
3365 757 3502 815 Noe.
3553 759 3800 830 [nfideles

2211 840 2360 896 etiam
2413 843 2733 912 prophetam.
2763 875 2835 886 —
2870 846 3162 904 Considera
3185 892 3202 917 ,
3253 851 3445 909 dilecte
3465 894 3481 919 ,
3527 855 3798 925 quomodo

2212 933 2390 988 omnia
2407 933 2551 1004 justo
2571 935 2851 992 manifeste
2878 938 3163 1008 praedicat,
3192 951 3247 997 et
3273 953 3332 997 nt
3353 944 3646 1014 majoribus
3671 959 3797 1002 eum

2211 1025 2541 1093 argumentis
2586 1035 2790 1082 eertum
2833 1027 3053 1101 reddat,
3079 1032 3242 1086 etiam
3269 1033 3480 1090 literam
3517 1035 3666 1092 addit
3693 1052 3796 1092 no-

2213 1114 2339 1168 mini
2365 1115 2483 1184 ejus
2501 1157 2517 1180 ,
2543 1125 2598 1172 et
2621 1117 2792 1188 inquit
2828 1136 2842 1172 :
2873 1117 2993 1173 Eris
3019 1131 3163 1191 pater
3189 1123 3527 1179 multitudinis
3550 1128 3794 1197 gentium.

2215 1202 2336 1257 Non
2362 1205 2617 1259 vocabitur
2643 1209 2776 1261 enim
2804 1225 2986 1264 nomen
3014 1219 3155 1264 tuum
3171 1211 3377 1277 Abram,
3403 1214 3492 1268 sed
3515 1215 3794 1284 Abraham,

2211 1295 2328 1364 quia
2353 1306 2546 1364 patrem
2574 1296 2849 1353 multarum
2884 1301 3106 1370 gentium
3134 1303 3371 1357 constitui
3407 1313 3472 1357 te.
3501 1304 3632 1359 Nam
3658 1305 3799 1362 sicut

2212 1386 2360 1455 prius
2401 1401 2596 1444 nomen
2622 1387 2740 1457 ejus
2765 1389 3043 1444 transitum
3085 1391 3351 1448 iudicabat
3377 1393 3609 1465 (Abram
3652 1397 3796 1452 enim

2214 1479 2554 1533 transitorem
2570 1488 2746 1546 sonat,
2765 1480 3057 1536 secundum
3077 1481 3423 1538 Hebraeorum
3444 1484 3674 1556 linguam
3693 1490 3796 1558 (a);

2211 1578 2267 1624 et
2319 1569 2419 1624 hoc
2463 1569 2638 1625 sciunt
2665 1571 2754 1640 qui
2787 1570 2980 1642 linguae
3024 1571 3167 1628 illius
3195 1582 3321 1629 sunt
3363 1575 3577 1650 periti),
3621 1578 3800 1649 itaque

2214 1668 2463 1727 parentes
2481 1659 2598 1729 ejus
2622 1675 2817 1716 nomen
2846 1662 2946 1717 hoc
2971 1662 3293 1732 indiderant,
3314 1680 3380 1720 eo
3406 1666 3547 1736 quod
3574 1681 3605 1722 a
3627 1669 3798 1738 patria

2212 1766 2308 1805 sua
2356 1751 2408 1805 in
2457 1751 2814 1808 Chanauasam
2864 1755 3185 1811 transiturus
3226 1767 3364 1816 erat.
3407 1758 3524 1814 iam
3572 1759 3802 1817 fortasse

2210 1840 2403 1896 dixerit
2430 1842 2892 1913 quispiam:Cutn
2933 1854 3182 1915 parentes
3222 1848 3338 1917 ejus
3390 1849 3631 1907 infideles
3681 1851 3801 1906 fuco

2210 1933 2340 2001 rint,
2371 1933 2512 1988 unde
2535 1935 2636 1988 illis
2667 1936 3000 2002 prmscientia
3021 1936 3137 1992 hzec
3159 1980 3176 2005 ,
3209 1947 3267 1995 ut
3293 1939 3434 2010 quod
3465 1940 3633 1996 multo
3661 1951 3801 1998 tem-

2214 2039 2343 2094 pore
2370 2034 2553 2094 postea
2581 2026 2812 2080 futurum
2858 2037 3006 2092 erat,
3039 2029 3255 2085 nomine
3288 2032 3802 2100 complecterentur?

2211 2113 2318 2170 Sed
2349 2124 2434 2170 est
2452 2115 2613 2170 etiam
2655 2115 2758 2172 hoc
2794 2119 3174 2189 omnipotentis
3206 2123 3479 2191 sapientia:
3517 2123 3606 2178 Dei
3639 2138 3802 2194 argn-

2212 2215 2474 2271 mentum,
2503 2220 2622 2276 qua:
2649 2219 3018 2277 smpeuutnero
3041 2224 3137 2280 per
3166 2210 3405 2266 infideles
3425 2212 3684 2282 ejusmodi
3712 2228 3802 2269 res

2212 2296 2484 2367 dispensat
2522 2316 2536 2351 :
2568 2307 2621 2353 et
2651 2300 2813 2355 multa
2839 2299 3032 2356 similia
3079 2302 3374 2358 invenimus
3409 2305 3569 2359 etiam
3601 2304 3654 2359 in
3680 2305 3802 2362 aliis

2214 2389 2370 2443 facta.
2391 2388 2582 2445 Statim
2607 2391 2749 2446 enim
2779 2392 3014 2448 occurrit
3043 2394 3196 2448 nobis
3216 2403 3271 2449 et
3299 2393 3413 2450 Noe
3439 2393 3757 2452 vocabulum
3781 2412 3798 2451 :

2214 2496 2388 2551 neque
2416 2481 2558 2536 enim
2583 2482 2784 2554 absque
2809 2499 2967 2538 causa
2995 2485 3123 2540 etin
3153 2499 3345 2540 vanum
3376 2487 3535 2541 etiam
3559 2485 3681 2542 huic
3702 2503 3804 2542 no-

2213 2587 2336 2628 men
2379 2571 2685 2628 indiderunt
2724 2582 3009 2644 parentes,
3048 2574 3144 2631 sed
3185 2577 3573 2647 praesignarunt
3612 2578 3804 2633 subsc-

2210 2674 2499 2734 quuturum
2543 2664 2822 2721 diluvium.
2857 2666 3151 2721 Enimvero
3174 2676 3227 2722 et
3272 2676 3476 2737 patrem
3509 2667 3665 2737 hujus
3691 2683 3802 2724 non

2211 2757 2334 2814 ideo
2358 2772 2553 2813 nomen
2585 2771 2754 2828 puero
2792 2756 3078 2822 indidisse,
3107 2758 3249 2828 quod
3276 2758 3390 2828 ipse
3413 2758 3590 2829 justus
3618 2769 3758 2816 esset
3779 2803 3799 2828 ,

2211 2848 2334 2906 audi
2359 2849 2688 2919 Seripturam
2714 2847 3000 2914 dicentem,
3035 2847 3146 2904 Noe
3165 2848 3339 2904 solum
3369 2851 3644 2906 inventum
3678 2868 3802 2909 esse

2205 2940 2408 3011 justum
2430 2980 2445 3004 ,
2488 2939 2781 3011 perfectum
2837 2938 2888 2994 in
2926 2941 3274 3010 generatione
3312 2956 3408 2996 sua
3448 2939 3604 3013 (Gen.
3633 2943 3685 2997 ϐ.
3716 2945 3799 3016 9).

2208 3030 2327 3087 Non
2375 3039 2553 3087 autem
2602 3030 2918 3086 obticuisset
2961 3029 3272 3102 Scriptura,
3321 3047 3493 3104 neque
3538 3033 3799 3103 dixisset,

2210 3124 2323 3181 Noe
2353 3126 2499 3181 solus
2519 3123 2697 3195 justus
2717 3132 2866 3190 erat,
2895 3125 2940 3178 si
2968 3132 3022 3180 et
3053 3123 3282 3180 Lamech
3305 3136 3456 3196 pater
3491 3125 3608 3195 ejus
3629 3126 3802 3183 virtu-

2213 3226 2318 3271 tem
2353 3215 2482 3287 justi
2526 3214 2716 3270 fuisset
2741 3215 2998 3270 imitatus.
3047 3214 3393 3285 lmpositurus
3431 3217 3607 3287 itaque
3635 3233 3803 3287 lu'ro

2214 3321 2431 3374 nomen,
2456 3304 2622 3376 inquit
2653 3322 2666 3358 :
2693 3302 2763 3357 Et
2792 3305 3049 3358 vocabitur
3068 3321 3249 3360 nomen
3275 3307 3386 3376 ejus
3419 3305 3533 3361 Noe
3556 3322 3577 3370 ;
3605 3308 3688 3360 hic
3716 3312 3801 3379 fa-

2210 3399 2307 3451 ciet
2350 3413 2456 3451 nos.
2485 3397 2739 3466 quiescere
2783 3394 2844 3448 ab
2874 3395 3107 3466 aperibus
3141 3396 3326 3450 nostris
3347 3438 3362 3463 ,
3405 3405 3448 3450 et
3488 3414 3520 3450 a
3560 3396 3804 3453 molestiis

2211 3506 2452 3544 manuum
2473 3499 2759 3543 nostrarum
2777 3529 2791 3553 ,
2817 3497 2864 3541 et
2888 3504 2921 3542 a
2961 3497 3095 3542 terra
3116 3529 3132 3554 ,
3153 3506 3303 3559 quam
3332 3489 3596 3545 maledixit
3625 3490 3802 3546 Domi-

2213 3597 2309 3635 nus
2338 3580 2474 3634 Deus
2505 3578 2658 3651 (Gen.
2690 3580 2744 3636 5.
2772 3578 2890 3648 29).
2917 3577 3065 3634 Unde
3093 3578 3204 3645 illi,
3235 3595 3447 3648 quaso,
3489 3589 3629 3636 esset
3659 3597 3802 3650 pra:-

2211 3674 2432 3728 seientia
2477 3687 2662 3728 eorum
2692 3686 2810 3742 quae
2835 3678 2956 3740 post
2995 3679 3074 3725 tot
3099 3670 3295 3725 saecula
3330 3681 3482 3726 erant
3507 3673 3804 3728 eventura?

2214 3764 2350 3819 Dicit
2394 3763 2536 3817 enim
2569 3780 2583 3817 :
2624 3761 2925 3825 Vocabitur,
2974 3759 3178 3830 inquit,
3230 3758 3380 3827 Noe;
3408 3761 3490 3815 hic
3529 3763 3661 3816 enim
3709 3778 3802 3816 nos

2211 3857 2461 3926 quiescere
2477 3856 2647 3924 faciet.
2678 3853 2881 3910 Nomen
2911 3862 3087 3909 autem
3111 3853 3224 3908 Noe
3254 3853 3429 3924 lingua
3456 3853 3800 3910 Hebrmrum

2210 3949 2363 4019 quies
2393 3946 2606 4002 dicitur.
2643 3945 2824 4015 Itaque
2849 3945 2970 4015 quia
2990 3985 3006 4007 ,
3035 3945 3312 4014 ingruente
3340 3943 3539 3999 diluvio
3557 3986 3574 4011 ,
3605 3944 3691 4000 hic
3712 3958 3802 4000 so-

2215 4040 2297 4092 los
2345 4037 2602 4092 mundum
2636 4047 2972 4111 servaturos,
3000 4043 3054 4090 et
3091 4035 3403 4103 posterioris
3439 4035 3801 4106 generationis

2215 4130 2422 4206 futurus
2445 4139 2629 4183 auctor
2656 4137 2801 4196 erat,
2832 4127 3030 4184 idcirco
3055 4126 3268 4198 inquit,
3296 4125 3397 4180 Hic
3422 4127 3572 4197 faciet
3601 4144 3692 4183 nos
3719 4144 3803 4184 re-

2211 4223 2463 4292 quiescere
2488 4236 2507 4275 :
2527 4219 2764 4290 requiem
2784 4218 3040 4274 diluvium
3065 4233 3282 4272 vocans.
3309 4216 3442 4273 Nam
3467 4233 3679 4274 omnem
3701 4227 3803 4275 ter-

2215 4327 2329 4367 ram
2358 4311 2511 4382 quasi
2542 4308 2814 4380 fatigatam
2857 4317 2913 4365 et
2958 4308 3366 4364 inhabitantium
3411 4309 3612 4364 malitia
3643 4309 3803 4364 valde

2213 4405 2534 4460 deteriorem
2601 4403 2792 4458 factam
2851 4401 3237 4471 superveniens
3285 4401 3468 4456 diluvii
3538 4416 3801 4472 aquarum

2214 4495 2542 4563 inundantia,
2572 4511 2690 4566 qua:
2712 4495 2870 4550 linem
2917 4493 3132 4548 malitia:
3158 4493 3419 4548 malorum
3450 4495 3670 4549 istorum
3698 4493 3802 4549 ho-

2215 4589 2415 4643 minum
2447 4586 2702 4648 faciebat,
2730 4594 2786 4640 et
2812 4594 3010 4639 terram
3045 4584 3352 4653 repurgavit
3369 4625 3384 4650 ,
3407 4585 3565 4655 quam
3593 4585 3804 4640 inhabi-

2215 4681 2437 4734 tantium
2465 4678 2664 4733 malitia
2687 4676 3013 4732 immundam
3041 4675 3237 4731 fecerat
3258 4717 3274 4742 ,
3306 4684 3362 4732 et
3381 4676 3504 4731 illos
3532 4677 3804 4748 puniendo
3829 4678 3834 4682 ’

2217 4771 2270 4824 in
2299 4770 2529 4839 quietem
2570 4767 2796 4823 induxit.
2827 4765 2970 4820 Hora
2989 4766 3130 4821 enim
3150 4807 3166 4832 ,
3196 4775 3253 4820 ut
3273 4766 3444 4838 inquit
3473 4766 3582 4834 ille,
3607 4770 3804 4836 requies

2216 4863 2320 4914 viro
2346 4857 2464 4930 (Job
2496 4859 2549 4914 5.
2575 4858 2666 4914 25.
2695 4856 2835 4929 apud
2853 4856 3001 4928 ιιι).
3023 4856 3210 4911 Vidisti
3226 4857 3495 4927 quomodo
3514 4857 3675 4914 etiam
3705 4873 3806 4929 per

2216 4952 2517 5009 incredulos
2547 4951 2714 5007 multa
2737 4966 2881 5021 sazpe
2925 4950 3321 5022 przesignilicari
3365 4951 3559 5007 curati
3597 4950 3802 5008 Eodem

2278 5108 2350 5170 (a)
2382 5108 2635 5170 Hebraice,
2657 5107 2827 5170 doctus
2859 5120 2956 5156 non
2996 5111 3102 5154 erat
3139 5105 3498 5170 chrysostomns
3531 5106 3616 5168 qui
3655 5104 3807 5155 talem

2217 5168 2553 5232 etymologiam
2578 5168 2794 5219 ediderit,
2817 5183 2830 5218 :
2857 5181 2954 5217 non
2977 5170 3110 5216 enim
3134 5179 3161 5215 a
3183 5168 3323 5226 voce,
3345 5173 3469 5226 τις,
3516 5173 3673 5225 trans,
3716 5180 3808 5215 no-

2218 5254 2352 5297 men,
2374 5245 2551 5299 mn,
2574 5239 2683 5288 duci
2724 5245 2910 5302 potest;
2935 5237 3299 5302 cognominatus
3322 5247 3485 5288 tamen
3507 5238 3596 5289 fuit
3633 5237 3808 5286 Abram

2217 5319 2359 5381 ττιν,
2381 5333 2528 5384 quam
2549 5332 2718 5370 vocem
2740 5318 2820 5384 alii
2858 5319 3132 5384 ltebrttmn,
3157 5318 3236 5384 alii
3259 5317 3562 5384 transitorem
3583 5326 3806 5384 vertunt,

2217 5380 2596 5443 αωσθζςιιιάην.
2622 5389 2735 5430 item
2764 5381 2994 5443 pluribus
3017 5383 3324 5430 tractavimus
3339 5381 3402 5427 in
3426 5380 3672 5443 Hexaplis.
3695 5391 3806 5439 cap.

2224 5447 2281 5495 M
2301 5441 2519 5503 Genesis,
2541 5441 2586 5492 ι.
2615 5444 2692 5502 13,
2727 5441 2812 5490 ubi
2836 5441 3147 5504 plurimorum
3168 5443 3438 5504 sententias
3460 5441 3727 5497 attulimus,
3755 5446 3809 5489 et

2222 5507 2569 5578 explicavimus
2591 5506 2639 5553 in
2663 5505 2804 5578 notis.
2825 5503 2971 5578 Quod.
2987 5503 3261 5578 dicitwinfra
3279 5565 3288 5573 ι
3303 5503 3806 5578 ῼξὶιγεοςῳιῐέιξξ-Νρςξ

2219 5562 2458 5636 quietem,
2487 5577 2878 5636 sonare,_verum
2903 5572 2978 5636 est
3003 5578 3016 5612 :
3044 5577 3139 5612 non
3186 5562 3409 5636 perinde
3437 5562 3689 5632 [notabile

2221 5625 2350 5694 quod
2369 5628 2546 5694 adjicit,
2571 5625 2775 5694 quietem
2797 5625 2926 5675 illam
2950 5634 3045 5694 Noe
3070 5625 3267 5676 nomine
3291 5625 3593 5694 expressam,
3624 5625 3808 5694 signiti-

2219 5685 2334 5743 ἀει-ε
2356 5685 2606 5748 diuidunt,
2627 5689 2676 5736 in
2698 5701 2796 5750 quo
2817 5688 2990 5750 mortui
3014 5695 3126 5737 sunt
3148 5699 3318 5750 mines
3336 5685 3572 5747 homines,
3596 5685 3709 5750 quia
3734 5688 3806 5736 vi-

2223 5753 2403 5805 delicet
2424 5763 2556 5802 mors
2578 5757 2655 5802 est
2672 5749 2813 5814 quies
2828 5749 3046 5800 hominis.
3067 5751 3137 5799 Sic
3160 5749 3264 5799 ille.
