4058 6388
351 355 457 411 365

346 471 488 541 άρχῃ
513 466 573 518 τὸ
608 462 779 533 ὄνομα
810 462 858 515 οί
887 461 1060 529 γονεῖς
1089 458 1354 522 ἐτίθεσαν,
1385 457 1444 524 ἐξ
1473 458 1647 529 ἀρχῆς
1667 456 1762 509 καὶ
1790 458 1852 508 ἐκ
1879 471 2011 524 προ-

344 556 539 623 οιμίων
560 549 869 621 δηλοῦντες,
903 547 983 607 ὃτι
1023 546 1365 616 μετανάστης
1387 545 1562 607 ἐσται,
1588 544 1680 597 καὶ
1714 542 1953 613 περάσας
1982 553 2008 580 α

345 639 436 693 τὸν
462 638 707 707 ποταμὸν
728 637 819 688 ἐπὶ
841 634 939 705 τὴν
961 633 1247 703 ἀλλοτρίαν
1268 631 1407 701 ἥξει.
1449 631 1599 683 Ἐπεὶ
1632 629 1833 694 τοίνυν,
1856 628 2010 698 φησὶ,

342 725 407 778 τὸ
460 725 558 795 μὲν
614 723 765 793 παρά
816 720 925 774 τῶν
968 719 1171 788 γονέων
1215 717 1463 771 ἐπιτεθέν
1501 715 1675 785 δνομα
1716 715 1891 768 ἐκεῖνό
1932 731 2014 766 σοι

346 812 664 884 προεμήνυε
699 809 762 862 τὸ
793 810 858 862 ἐκ
888 807 996 860 τῶν
1023 807 1204 859 ἐκεῖσε
1232 803 1464 869 ἐνταῦθα
1486 801 1837 872 διαπεράσαι,
1859 798 2012 868 δέχου

347 898 443 951 καὶ
484 899 582 968 τὴν
616 895 710 949 τοῦ
744 893 1005 964 στοιχείου
1034 891 1373 963 προσθήκην,
1415 888 1501 941 ἵνα
1544 887 1722 959 μάθῃς
1753 889 1834 941 ὅτι
1859 885 2015 939 τοῦτό

349 1000 432 1036 σοι
470 982 683 1053 μηνύει,
712 981 795 1033 ὅτι
828 978 1037 1032 πολλῶν
1080 976 1246 1030 ἐθνῶν
1280 976 1377 1045 ἐσῃ
1405 975 1608 1045 πατήρ.
1642 974 1753 1027 Kal
1780 974 1881 1042 δρα
1917 972 2016 1041 τὴν

348 1070 632 1141 ἀκρίϐειαν
659 1065 766 1118 τῶν
796 1066 1075 1136 ῥημάτων.
1109 1064 1223 1116 Οὑκ
1256 1057 1396 1126 εἶπε,
1428 1061 1650 1113 Πάντων
1679 1059 1787 1113 τῶν
1822 1057 2014 1123 ἐθνῶν,

348 1155 505 1218 ἀλλὰ,
539 1153 792 1207 Πολλῶν
812 1150 1021 1206 ἐθνῶν.
1064 1148 1278 1217 Ἐπειδὴ
1306 1148 1415 1218 γὰρ
1444 1142 1512 1217 ἦν
1542 1147 1668 1216 ἐθνη
1703 1146 1798 1199 καὶ
1831 1145 2011 1214 ἕτερα,

348 1246 491 1313 άπερ
524 1241 749 1311 ἔμελλεν
779 1237 987 1292 ἐκεῖθεν
1009 1236 1290 1302 ἐξεῶσθαι,
1315 1238 1400 1289 ῖνα
1420 1235 1513 1288 τοῦ
1537 1234 1744 1287 δικαίου
1763 1234 1824 1286 τὸ
1845 1232 2014 1303 σπέρ-

350 1347 425 1400 μα
464 1327 682 1398 δέξηται
725 1327 821 1397 τὴν
866 1323 1249 1396 κληρονομίαν,
1281 1324 1369 1375 διὰ
1409 1322 1567 1375 τοῦτό
1603 1336 1757 1390 φησιο
1787 1317 2018 1385 Πατέρα

349 1414 595 1468 πολλῶν
630 1412 821 1467 ἐθνῶν
860 1410 1098 1467 τέθεικὰ
1137 1427 1230 1464 σε.
1266 1408 1434 1471 Είδώς
1466 1424 1560 1461 σου
1599 1407 1697 1476 τῆς
1732 1407 1932 1476 ἀρετῆς
1958 1404 2019 1457 τὸ

352 1501 601 1571 μέγεθος,
632 1498 842 1553 πολλῶν
865 1498 1034 1552 ἐθνῶν
1056 1495 1373 1551 διδάσκαλόν
1404 1511 1463 1546 σε
1486 1494 1889 1562 ἀπεργάσομαι,
1918 1490 2018 1543 καί

349 1586 596 1651 αὐξανῶ
624 1602 700 1639 σε
739 1585 837 1639 καὶ
890 1582 1176 1652 πληθυνῶ
1222 1597 1297 1635 σε
1338 1580 1594 1650 σφόδρα,
1630 1578 1885 1647 σφόδρω
1916 1592 2016 1630 και

350 1673 519 1742 θήσω
552 1688 627 1727 σε
654 1674 739 1737 εις
763 1658 926 1737 ἔθνη,
967 1668 1065 1723 καὶ
1092 1668 1370 1733 ,βασιλεῖς
1412 1668 1480 1721 ἐκ
1507 1667 1626 1719 σοῦ
1662 1664 2020 1729 ἐξελεύσον-

350 1776 463 1814 ται.
496 1759 581 1830 Μὴ
606 1758 790 1821 ἁπλῶς
820 1752 1286 1827 παραδράμωμεν,
1316 1754 1608 1823 ἀγαπητοὶ,
1637 1752 1705 1804 τὰ
1729 1749 2016 1820 είρημένα.

352 1848 451 1902 Ἂν
477 1848 586 1919 γὰρ
628 1846 967 1916 ἐννοήσωμεν
1000 1842 1094 1896 τοῦ
1135 1843 1470 1912 πατριάρχου
1515 1842 1614 1909 τὴν
1656 1838 1891 1910 ἡλικίαν,
1924 1836 2020 1891 καλ⁴

348 1937 432 1988 δτι
458 1936 515 1987 ἐν
537 1934 750 2004 ἐσχάτῳ
773 1934 919 2003 γήρᾳ
948 1930 1121 1984 ταῦτα
1155 1931 1407 2001 ἧκουσεν,
1437 1926 1891 1997 ἐκπλαγησόμεθα
1920 1926 2020 1995 τήν

350 2039 410 2075 τε
435 2024 530 2076 τοῦ
557 2023 769 2075 δικαίου
804 2021 1008 2086 πίστιν,
1048 2021 1141 2072 καὶ
1171 2017 1551 2087 φιλανθρώπου
1580 2014 1712 2068 Θεοῦ
1735 2014 1833 2085 τὴν
1855 2014 2022 2083 ὑπερ-

353 2108 655 2162 ϐάλλουσαν
690 2107 938 2176 δύναμιν,
976 2107 1058 2159 ὅτι
1090 2105 1151 2167 ἐξ
1185 2103 1473 2174 ἀνθρώπου
1507 2101 1690 2154 λοιπὸν
1718 2098 2019 2169 νεκρωθέν-

349 2210 463 2256 τος,
512 2192 589 2254 ὡς
629 2194 823 2253 εἰπεῖν,
863 2191 956 2243 καὶ
999 2190 1068 2243 τά
1118 2189 1255 2260 μέλη
1297 2186 1708 2258 διαλελυμένον,
1759 2187 1852 2237 καὶ
1898 2181 2018 2236 καθ’

351 2279 633 2350 ἐκάστηνή
642 2278 815 2347 μέραν
832 2279 933 2348 τὴν
949 2276 1201 2344 τελευτὴν
1216 2273 1640 2345 φανταζομένου,
1666 2273 1757 2325 ἐπὶ
1769 2269 2020 2323 τοσοῦτον

351 2363 678 2432 αὐξάνεσθαι
702 2365 763 2417 τὸ
802 2364 1021 2435 σπέρμα
1048 2365 1339 2432 ἐσήμανεν,
1361 2362 1437 2424 ὼς
1469 2362 1563 2414 καὶ
1600 2361 1680 2423 είς
1706 2359 1832 2428 ἔθνη
1853 2355 2022 2409 πολλά

355 2450 699 2522 γενήσεσθαιο
745 2450 839 2502 καὶ⁸
872 2450 933 2501 οὑ
980 2447 1140 2501 τοῦτο
1174 2449 1353 2517 μόνον,
1392 2445 1527 2499 ἀλλὰ
1569 2446 1671 2498 Καὶ
1703 2442 2020 2508 βασιλεῖς,

353 2539 542 2608 φησὶν,
587 2538 657 2590 ἐκ
691 2534 809 2590 σοῦ
853 2535 1296 2599 ἐξελεύσονται.
1334 2528 1484 2595 Εἶδες
1514 2532 1760 2584 ἐπίτασιν
1794 2535 2023 2602 ἐπαγγε-

354 2625 473 2686 λίας
487 2641 503 2689 ;
515 2623 873 2689 Αῠεανῶσε,
890 2624 1043 2692 φησὶ,
1060 2620 1317 2688 σφόδρα,
1330 2619 1583 2687 σφόδρα.
1605 2619 1712 2686 Οὑχ
1729 2617 1914 2681 ἁπλῶς
1931 2620 2023 2674 τὸν

352 2711 751 2781 διπλασιασμὸν
778 2707 1225 2779 ἐοπέθηκεν,μθθ]
1244 2706 1357 2760 ἀλλ’
1378 2707 1462 2759 ἵνα
1494 2705 1712 2776 σημάνῃ
1738 2705 1815 2775 τῷ
1830 2705 2023 2776 δικαίῳ

351 2797 448 2851 τοῦ
486 2796 725 2867 πλήθους
762 2795 861 2866 τὴν
909 2793 1232 2864 ὑπερϐολήν.
1275 2792 1493 2861 Ἐπειδὴ
1525 2791 1634 2860 γάρ
1676 2791 1763 2843 διὰ
1800 2792 1898 2861 τῆς
1930 2793 2022 2845 τοῦ

357 2884 623 2954 στοιχείου
650 2881 987 2954 προσθήκης,
1021 2879 1271 2951 καθάπερ
1296 2882 1353 2932 ἐν
1383 2879 1552 2951 στήλῃ
1581 2880 1714 2941 τινὶ,
1748 2878 2023 2944 ἀνεξάλει-

355 2987 491 3024 πτον
519 2969 668 3039 αὑτῷ
703 2969 802 3038 τῆς
840 2968 1183 3036 ὑποσχέσεως
1214 2966 1314 3036 τὴν
1353 2964 1684 3033 ἐπαγγελίαν
1721 2965 2020 3035 ἐπέγραψε,

358 3057 524 3111 πάλιν
555 3056 709 3125 φησί·
744 3054 855 3108 Καὶ
879 3052 1089 3119 στήσω
1109 3052 1225 3120 τὴν
1250 3051 1544 3120 διαθήκην
1556 3068 1672 3119 μου
1695 3051 1812 3104 ἀνα
1831 3051 2025 3119 μέσον

356 3143 496 3209 σοῦ,
526 3141 627 3196 καί
659 3141 775 3196 ἀνὰ
794 3141 991 3211 μέσον
1010 3138 1118 3193 τοῦ
1146 3139 1626 3207 σπέρματός-σου
1647 3139 1799 3207 μετά
1837 3138 1913 3190 σὲ
1940 3141 2027 3204 εις

356 3231 460 3296 τὰς
492 3229 700 3300 τονεὰς
733 3226 954 3291 αὐτῶν,
988 3229 1077 3292 εις
1101 3224 1395 3291 διαθήκην
1425 3223 1685 3286 αἰώνιον,
1719 3221 1875 3280 εἶναι
1909 3242 2026 3279 σου

359 3318 523 3381 Θεός.
561 3315 636 3369 οὐ
669 3315 829 3386 μόνον
860 3314 989 3385 περὶ
1020 3312 1101 3374 σὲ,
1134 3312 1289 3381 φησι,
1321 3310 1522 3380 πολλὴν
1555 3310 1892 3380 ἐπιδείξομαι
1930 3311 2026 3382 τὴν

358 3404 704 3476 κηδεμονίαν,
744 3402 880 3456 ἀλλά
917 3402 1011 3455 καὶ
1050 3402 1128 3464 εἰς
1169 3401 1231 3453 τὸ
1264 3399 1483 3470 σπέρμα
1515 3399 1577 3451 τὸ
1610 3398 1720 3461 σὺν,
1766 3400 1859 3451 καὶ
1889 3399 2027 3469 μετά

256 3512 257 3515 ‘
356 3492 456 3564 τὴν
500 3492 599 3562 σὴν
624 3490 824 3555 ηέξοδον.
857 3490 996 3560 Ὅρα
1047 3487 1164 3549 πῶς
1217 3488 1516 3540 ἀνακτᾶται
1555 3485 1650 3538 τοῦ
1688 3485 1896 3538 δικαίου
1930 3487 2027 3554 τὴν

356 3576 534 3648 ψυχὴν
561 3575 983 3647 ὑπισχνούμενος
1021 3573 1189 3642 αὐτῷ,
1222 3574 1303 3626 ὅτι
1341 3574 1433 3625 καὶ
1455 3571 1531 3641 τῷ
1566 3573 1837 3645 σπέρματι
1862 3570 2026 3623 αὑτοῦ

360 3663 559 3732 πολλὴν
602 3653 827 3731 πάρέξει
864 3658 963 3730 τὴν
1000 3659 1274 3728 πρόνοιαν.
1311 3658 1421 3711 Καὶ
1461 3657 1543 3721 τίς
1593 3659 1626 3727 ἠ
1660 3657 1888 3727 δύναμις
1928 3656 2029 3725 τῆς

358 3749 655 3821 διαθήκης;
707 3749 890 3802 Ὥστε
944 3744 1100 3801 εἷναί
1150 3762 1269 3801 σου
1332 3747 1495 3811 Θεὸς,
1553 3746 1705 3815 φησὶ,
1766 3746 1865 3797 καὶ
1920 3746 2029 3798 τοῦ

360 3837 705 3905 σπέρματός
733 3852 850 3889 σου
888 3834 1038 3904 μετὰ
1068 3834 1165 3888 σέ.
1194 3834 1363 3888 Τοῦτο
1396 3834 1507 3903 γάρ
1544 3850 1625 3886 σοι
1657 3833 1809 3885 ἔσται
1852 3832 1915 3885 τὸ
1940 3849 2030 3885 κε-

362 3922 592 3992 φάλαιον
614 3922 723 3976 τῶν
742 3921 983 3991 ἀγαθῶν,
1019 3921 1101 3974 σοί
1132 3938 1191 3975 τε
1223 3921 1318 3974 καὶ
1349 3921 1427 3989 τῷ
1458 3912 1734 3990 σπέρματί
1765 3937 1878 3972 σου.
1920 3920 2028 3973 Καὶ

362 4010 537 4064 δώσω
573 4010 673 4063 σοί
707 4010 804 4062 καὶ
845 4007 928 4073 τῷ
972 4007 1268 4077 σπέρματί
1312 4020 1431 4060 σου
1464 4005 1613 4076 μετὰ
1644 4004 1721 4056 σὲ
1753 4005 1866 4070 τὴν
1894 4004 2030 4072 γῆν,

365 4096 446 4166 ἢν
467 4095 789 4164 παροικεῖς,
823 4093 1032 4149 πᾶσαν
1055 4094 1170 4162 τὴν
1200 4094 1318 4165 γῆν
1340 4092 1606 4157 Χαναὰν,
1632 4094 1720 4157 εις
1746 4089 2035 4160 κατάσχε-

363 4201 471 4238 σιν
515 4182 773 4237 αιώνιον·
818 4182 918 4234 καὶ
963 4180 1107 4246 Θεὸς
1155 4181 1368 4249 ἔσομαι
1406 4179 1622 4234 αὐτῶν.
1665 4178 1763 4231 Διὰ
1798 4179 1897 4250 τὴν
1935 4178 2033 4249 σὴν

366 4272 565 4342 ἀρετὴν
596 4271 690 4323 καὶ
724 4270 774 4321 οἱ
798 4267 1005 4336 ἐκγονοι
1028 4269 1077 4321 οί
1101 4268 1182 4321 σοὶ
1210 4265 1575 4321 ἀπολαύσουσι
1600 4266 1700 4336 τῆς
1732 4266 1870 4336 ἐμῆς
1898 4282 2033 4337 προ-

352 4357 534 4422 ννοίας,
563 4356 658 4410 καὶ
692 4354 848 4408 δώσω
876 4356 1059 4417 αὑτοῖς
1084 4356 1165 4416 είς
1190 4353 1516 4423 κατάσχεσιν
1554 4350 1772 4404 αἰώνιον
1798 4350 1897 4421 τὴν
1929 4352 2032 4421 γῆν

368 4445 609 4508 Χαναὰν,
636 4445 744 4497 Καί
778 4444 992 4512 ἔσομαι
1018 4440 1217 4495 αὐτῶν
1246 4442 1390 4505 Θεός
1412 4440 1462 4493 ι’.
1493 4438 1560 4492 Τί
1592 4441 1726 4501 ἐστι,
1761 4438 1865 4491 Καὶ
1894 4437 2032 4491 ἐσο-

363 4546 472 4602 μαι
518 4529 717 4583 αὐτῶν
747 4529 923 4592 Θεός;
963 4527 1107 4579 ’Δντὶ
1153 4525 1271 4590 τοῦ,
1305 4525 1515 4595 Πολλὴν
1556 4522 1895 4592 ἐπιδείξομαι
1936 4524 2031 4592 τὴν

370 4616 714 4689 κηδεμονίαν,
740 4615 939 4684 πολλὴν
969 4614 1068 4684 τὴν
1102 4613 1379 4681 πρόνοιαν,
1407 4612 1466 4663 ἐν
1492 4612 1694 4664 άπασιν
1723 4610 1907 4670 αὑτοῖς
1937 4608 2033 4676 τὴν

370 4705 502 4774 παρ’
530 4702 664 4771 ἐμοῦ
688 4701 1004 4771 συμμαχίαν
1025 4698 1348 4771 παρέξομαι·
1387 4698 1548 4767 μόνον
1578 4696 1663 4751 Σὺ
1685 4696 1801 4763 τὴν
1830 4694 2034 4763 διαθή-

369 4808 486 4845 κην
518 4806 638 4858 μου
673 4787 1060 4855 διατήρησον,
1098 4786 1179 4839 σὺ
1212 4786 1321 4839 καί
1352 4783 1419 4837 τό
1457 4783 1695 4853 σπέρμα
1736 4798 1855 4836 σου
1886 4780 2034 4849 μετὰ

370 4876 448 4930 σὲ
474 4880 562 4941 είς
594 4876 702 4941 τὰς
742 4875 952 4943 γενεὰς
993 4872 1209 4927 αὐτῶν.
1258 4872 1423 4925 οὐδὲν
1475 4870 1661 4941 ἕτερον
1719 4870 1849 4941 παρ’
1880 4868 2033 4938 ὑμῶν

370 4962 634 5033 ἐπιζητῶ,
675 4962 708 5031 ἢ
744 4962 842 5031 τὴν
869 4960 1115 5030 ὑπακοὴν
1158 4960 1252 5012 καὶ
1287 4959 1385 5029 τὴν
1402 4957 1846 5028 εὐγνωμοσύνην,
1880 4955 2034 5023 κάγὼ

372 5050 549 5105 πάντα
575 5052 718 5119 άπερ
756 5047 1071 5117 ὑπεσχόμην
1104 5048 1183 5108 είς
1214 5044 1374 5114 ἔργον
1407 5046 1539 5110 ἄξω.

437 5140 502 5194 δ’.
523 5134 653 5191 Εἶτα
677 5134 859 5188 λοιπὺν
877 5133 1195 5203 βουλόμενος
1219 5131 1640 5203 ίδιοποιήσασθαι
1649 5133 1773 5194 τοὺς
1793 5130 1853 5195 ἐξ
1869 5130 2033 5186 αὑτοῦ

372 5224 740 5295 τικτομένους,
772 5220 866 5274 καὶ
898 5221 1092 5273 οἰκεῖον
1119 5218 1310 5271 ἐαυτοῦ
1340 5218 1431 5270 τὸν
1453 5218 1576 5271 λαδν
1597 5218 2032 5289 ἀπεργάσασθαι,

370 5314 465 5366 καὶ
520 5312 606 5364 ἴνα
660 5307 846 5360 λοιπὸν
892 5308 953 5359 τὸ
996 5306 1197 5377 πλῆθος
1248 5306 1617 5377 ἐκτεινόμενον
1668 5305 1742 5376 μὴ
1807 5323 2035 5359 συνανα-

377 5397 669 5468 μιγνύηται
711 5396 825 5458 τοῖς
882 5393 1088 5446 ἔθνεσιν
1148 5393 1396 5455 ἐκείνοις,
1442 5386 1516 5447 ῶν
1544 5393 1643 5462 τὴν
1680 5393 1781 5462 γῆν
1815 5392 2035 5463 ἔμελλον

375 5484 749 5557 κληρονομεῖν,
791 5481 964 5544 ἄλλως
1006 5480 1061 5532 δέ
1106 5479 1199 5531 καὶ
1230 5478 1414 5549 ἐπειδὴ
1443 5479 1579 5549 μετὰ
1608 5479 1782 5534 ταῦτα
1815 5479 2035 5550 ἔμελλον

378 5572 515 5623 κατά
540 5572 636 5638 τὴν
666 5567 831 5623 αὑτοῦ
875 5569 1180 5637 πρόρρησιν
1224 5567 1512 5635 ὑπομένειν
1542 5566 1640 5631 τὴν
1682 5568 1737 5618 ἐν
1779 5566 2037 5637 Αἰγύπτῳ

380 5658 642 5719 δουλείαν,
657 5656 744 5706 ἵνα
771 5655 843 5725 μὴ
858 5656 952 5706 καὶ
977 5657 1033 5707 ἐν
1050 5655 1187 5723 αὑτῇ
1204 5654 1483 5723 γενόμενοι
1501 5670 1771 5723 συναναφυ
1781 5654 1913 5726 ρῶσι
1927 5655 2035 5718 τοῖς

440 5770 631 5840 ξερχιι-
662 5781 691 5840 _e
702 5776 945 5840 {quatuor
986 5782 1099 5840 φειδ.
1128 5771 1199 5817 ὅτι
1240 5784 1644 5840 μετανριστῃσςται
1694 5770 1774 5817 καὶ
1808 5768 2023 5833 περάσας.

384 5837 412 5879 ι,
449 5838 499 5884 ιιι
528 5832 700 5883 Bibhis
724 5830 907 5893 legitur
948 5832 1025 5878 καὶ
1050 5833 1219 5889 ἔσομαι
1244 5830 1417 5888 αὑτοῖς
1455 5832 1519 5887 εἰς
1542 5830 1679 5879 Θεόν.

1130 344 1188 401 S.
1230 340 1517 400 JOANNIS
1546 336 2032 398 CHRYSOSTOMI
2072 332 2389 390 ARCIIIEP.
2430 324 2979 392 CONSTANTINOP.

2117 449 2294 502 ἔθνεσι
2337 449 2450 509 τοῖς
2480 447 2539 497 ἐν
2570 443 2857 512 Αἰγύπτῳ,
2897 436 3130 507 σημείου
3163 433 3321 505 χάριν
3357 432 3456 503 τὴν
3491 429 3793 500 περιτομὴν

2118 535 2195 606 τῷ
2223 532 2415 603 δικαίῳ
2472 532 2839 592 διατάττεται,
2896 527 2991 580 καί
3028 538 3213 593 φησιν’
3249 521 3411 586 Αὕτη
3442 522 3480 587 ἠ
3513 516 3791 606 διαθήκη,

2119 602 2201 690 11;-
2222 602 2604 687 διατηρήσεις
2632 618 2749 670 ἀνὰ
2770 616 2965 685 μέσον
2996 610 3143 681 ἐμοῦ
3191 608 3290 662 και
3333 606 3521 675 ὑμῶν,
3554 603 3652 658 και
3676 602 3797 690 ἀνὰ

2112 688 2309 777 μέσον
2345 706 2451 759 τοῦ
2490 703 2834 771 σπέρματός
2866 715 2984 754 σου
3021 696 3174 765 μετὰ
3208 694 3286 748 σὲ
3322 696 3409 758 είς
3434 693 3543 757 τὰς
3585 688 3797 761 γενεάς

2117 792 2337 848 αὐτῶν.
2368 789 2877 863 Περιτμηθήσεται
2904 784 3074 854 ὑμῶν
3106 782 3229 837 πᾶν
3250 780 3594 848 ἀρσενικόν.
3624 781 3795 863 Περι-

2122 966 2210 1020 ίνα
2248 965 2431 1035 διδάξῃ
2486 962 2771 1022 κάκείνους
2823 960 2918 1012 καὶ
2965 957 3172 1017 πάντας
3217 954 3385 1023 ἡμᾶς,
3423 952 3567 1014 τίνος
3607 950 3797 1003 ἕνεκεν

2120 1052 2279 1105 τοῦτο
2314 1050 2563 1115 ἐπέταξε,
2593 1048 2687 1102 καὶ
2717 1049 2798 1099 ὅτι
2829 1044 3038 1106 οὐδενὸς
3072 1042 3258 1111 ἐτέρου
3288 1039 3447 1110 χάριν
3477 1036 3637 1091 τοῦτο
3670 1036 3797 1106 βού-

2120 1139 2269 1191 λεται
2294 1137 2562 1205 γίνεσθαι,
2584 1134 2697 1188 ἀλλ’
2727 1134 2761 1202 ἢ
2795 1132 2935 1185 ὥστε
2961 1129 3229 1197 ἐπίσημον
3256 1120 3395 1178 εἶναι
3419 1125 3511 1177 τὸν
3541 1122 3672 1177 λαὸν
3702 1122 3796 1175 τὸν

2121 1225 2271 1294 αὑτῷ
2301 1223 2676 1291 ἀνακείμενον,
2708 1218 2859 1288 φησὶ,
2893 1216 3001 1270 καὶ
3029 1214 3198 1267 ἔσται
3224 1213 3295 1264 ὲν
3322 1209 3551 1277 σημείῳ
3586 1207 3794 1273 διαθή-

2123 1328 2234 1379 κης
2273 1311 2389 1364 ἀνὰ
2436 1307 2630 1377 μέσον
2670 1304 2816 1373 ἐμοῦ
2857 1302 2955 1356 καὶ
2996 1299 3181 1368 ὑμῶν.
3214 1297 3322 1350 Καὶ
3365 1296 3550 1348 λοιπὸν
3580 1295 3797 1349 καὶτὸν

2124 1396 2315 1466 καιρὸν
2346 1394 2706 1454 διατάττεται,
2735 1401 2756 1429 θ
2790 1388 2912 1442 καθ’
2942 1388 3000 1439 ὃν
3029 1387 3297 1456 προσήκει
3338 1381 3498 1435 τοῦτο
3525 1382 3791 1451 γίνεσθαι.

2122 1482 2372 1537 Παιδίον
2416 1480 2547 1548 γὰρ,
2594 1477 2779 1547 φησὶν,
2826 1473 2977 1529 ὀκτὼ
3019 1468 3255 1540 ἡμερῶν
3295 1467 3798 1536 περιτμηθήσεται

2123 1569 2284 1638 ὑμῖν.
2303 1568 2401 1621 καί
2421 1571 2452 1621 ὀ
2478 1564 2810 1633 οἰκογενὴς,
2840 1563 2935 1616 καὶ
2957 1564 2989 1614 ὁ
3003 1557 3439 1627 ἀργυρώνητος,
3458 1553 3555 1608 καί
3572 1553 3797 1619 πάντες

2126 1654 2518 1720 ἁπαξαπλῶς,
2545 1656 2623 1719 ὡς
2645 1652 2853 1713 εἰπεῖν,
2882 1652 2935 1702 οί
2960 1648 3249 1709 συνόντες
3280 1643 3423 1711 ὑμῖν
3444 1642 3508 1695 τὸ
3543 1640 3800 1710 σημεῖον

2128 1743 2305 1799 τοῦτο
2334 1743 2627 1805 δέξονται.
2646 1742 2751 1796 Καὶ
2771 1741 2940 1805 ὅστις
2955 1739 3027 1791 οὐ
3044 1732 3551 1803 περιτμηθήσεται
3564 1728 3639 1797 τῇ
3652 1727 3799 1797 ἠμέ-

2123 1841 2203 1893 ρᾳ
2214 1825 2284 1893 τῇ
2296 1827 2531 1880 διατετα
2540 1825 2719 1894 nui-ru
2729 1866 2741 1883 .
2757 1822 3355 1888 ἐξολοορευθησεται,
3370 1815 3456 1867 ὄτι
3471 1814 3586 1879 τὴν
3595 1810 3803 1876 διαθή-

2128 1923 2246 1974 κην
2252 1927 2370 1978 μου
2393 1910 2801 1965 διεσκέδασεν·
2824 1909 2906 1960 ὅτι
2926 1903 3167 1975 παρέϐη,
3184 1902 3341 1971 φησὶ,
3355 1901 3416 1954 τὺ
3436 1896 3800 1971 προσταχθέν.

2197 2001 2343 2071 Ὅρα
2385 2001 2576 2068 σοφίαν
2623 1996 2891 2049 Δεσπότου
2912 2033 2928 2055 ,
2978 1993 3095 2055 πῶς
3141 1988 3295 2050 εἰδὼς
3336 1985 3445 2039 τῶν
3497 1985 3801 2056 μελλόντων

2126 2087 2343 2139 ἔσεσθαι
2376 2084 2438 2137 τὸ
2475 2083 2660 2145 ἀτελὲς
2700 2082 2801 2150 τῆς
2841 2078 3119 2149 γνώμης,
3142 2075 3393 2142 καθάπερ
3432 2072 3644 2141 χαλινόν
3677 2088 3804 2124 τινα

2125 2172 2421 2237 ἐπιτιθεὶς,
2464 2170 2606 2222 οὕτω
2653 2167 2804 2238 [4011
2848 2166 2908 2219 τὸ
2945 2167 3169 2236 σημεῖον
3222 2160 3380 2214 τοῦτο
3435 2160 3535 2228 τῆς
3586 2172 3807 2229 περιτο-

2131 2258 2239 2329 μῆς
2269 2258 2459 2323 ἔδωκε,
2487 2259 2588 2327 τὴν
2616 2256 2793 2327 ὁρμὴν
2828 2252 3007 2307 αὑτῶν
3038 2252 3136 2321 τὴν
3166 2247 3468 2304 ἀκάθεκτον
3494 2246 3802 2310 ἐκκόπτων,

2129 2344 2270 2397 ῶστε
2306 2345 2381 2414 μὴ
2402 2346 2513 2406 τοῖς
2535 2342 2710 2395 ἔθνεσι
2750 2335 3271 2409 συναναμίγνυσθαι.
3310 2330 3527 2414 Ἐπειδὴ
3545 2330 3655 2400 γάρ
3682 2330 3803 2400 ᾔδει

2128 2411 2389 2483 αὑτῶν-τδ
2422 2430 2636 2497 λάγνον,
2664 2428 2758 2479 καὶ
2785 2427 2866 2479 ὅτι
2889 2427 2988 2478 οὑκ
3009 2422 3310 2486 ἀνέξονται,
3335 2419 3438 2472 κάν
3464 2411 3567 2470 ὦσι
3599 2416 3803 2486 μυριά-

2129 2532 2213 2579 κις
2240 2515 2610 2586 ἐνηχούμενοι,
2633 2512 2965 2581 ἀποσχέσθαι
2990 2513 3087 2579 τῆς
3102 2510 3297 2575 ἀλόγου
3319 2506 3514 2577 ὁρμῆς,
3537 2504 3625 2557 διὰ
3642 2502 3807 2556 τοῦτο

2127 2600 2345 2670 διηνεκῆ
2388 2602 2693 2669 ὑπόμνησιν
2731 2600 2914 2660 αὑτοῖς
2955 2597 3154 2657 διδοὺς,
3185 2593 3436 2661 καθάπερ
3467 2589 3651 2659 δεσμῷ
3692 2605 3806 2641 τινι

2128 2687 2417 2757 περιέϐαλε
2445 2685 2523 2755 τῷ
2564 2685 2773 2754 σημείῳ
2802 2684 2902 2752 τῆς
2941 2680 3263 2751 περιτομῆς,
3305 2679 3463 2747 ὅρους
3491 2677 3673 2737 αὑτοῖς
3707 2673 3807 2728 καὶ

2130 2772 2357 2835 κανόνας
2380 2771 2552 2835 διδοὺς
2584 2771 2658 2841 μὴ
2678 2770 2986 2840 περαιτέρω
3008 2765 3340 2835 προϐαίνειν,
3363 2762 3497 2816 ἀλλά
3521 2761 3683 2831 μέχρι
3702 2760 3802 2813 τοῦ

2129 2857 2328 2910 οἰκείου
2362 2858 2545 2920 ἔθνους
2575 2856 2847 2917 ἵστασθαι,
2878 2854 2973 2907 καὶ
3014 2850 3284 2922 μηδεμίαν
3316 2847 3597 2919 ἐπιμιξίαν
3628 2848 3804 2900 ποιεῖ-

2132 2942 2255 2996 σθαι
2288 2944 2425 3014 πρὸς
2468 2944 2710 3005 τούτους,
2762 2941 2897 2994 άλλά
2947 2938 3042 2992 τοῦ
3089 2935 3429 3008 πατριάρχου
3475 2935 3537 2988 τὸ
3580 2932 3805 3004 σπέρμα

2128 3028 2412 3093 διασώζειν
2444 3029 2661 3099 ἀμιγὲς,
2697 3028 2761 3080 ἵν’
2799 3025 2943 3078 οὕτω
2984 3025 3077 3077 καὶ
3110 3024 3179 3075 τά
3209 3022 3309 3092 τῆς
3351 3020 3681 3088 ἐπαγγελίας
3722 3022 3805 3083 είς

2064 3134 2069 3140 ’
2131 3116 2323 3179 αὐτοὺς
2357 3113 2582 3184 ἐκϐῆναι
2602 3113 2824 3182 δυνηθῇ.
2864 3112 2973 3164 Καὶ
3010 3109 3262 3179 καθάπερ
3293 3125 3374 3171 τις
3401 3107 3541 3178 ἀνὴρ
3570 3104 3805 3176 σώφρων

2131 3201 2227 3254 καὶ
2263 3200 2512 3268 ἐπιεικὴς
2541 3198 2829 3266 παιδίσκην
2850 3197 2989 3266 ἔχων
3020 3195 3338 3258 ἀκόλαστον,
3365 3193 3525 3263 ὅρους
3545 3192 3682 3261 αὑτῇ
3706 3191 3804 3244 καὶ

2134 3284 2363 3347 κανόνας
2390 3284 2587 3352 τίθησι,
2620 3284 2886 3353 μηδέποτε
2920 3280 3025 3346 ἔξω
3056 3280 3339 3349 φαίνεσθαι
3370 3278 3479 3331 τῶν
3514 3276 3804 3349 προθύρων

2132 3371 2229 3441 τῆς
2251 3370 2446 3435 οἰκίας,
2475 3370 2607 3440 μηδὲ
2630 3373 2739 3433 τοῖς
2765 3368 3022 3439 παριοῦσι
3051 3365 3357 3436 φαίνεσθαι,
3384 3363 3519 3418 ἀλλά
3544 3362 3803 3425 πολλάκις

2133 3458 2227 3510 καὶ
2259 3458 2371 3520 τοῖς
2402 3458 2527 3509 ποσὶ
2552 3456 2726 3525 δεσμά
2758 3455 3119 3527 περιτίθησιν,
3150 3453 3217 3505 ἶν’
3242 3451 3384 3504 οὕτω
3415 3449 3803 3520 περιγενέσθαι

2133 3542 2334 3614 δυνηθῇ
2365 3544 2465 3612 τῆς
2493 3542 2693 3612 πολλῆς
2727 3541 3038 3602 ἀκολασίας·
3070 3540 3161 3593 τὸν
3197 3537 3357 3590 αὑτὸν
3388 3537 3453 3608 δὴ
3476 3537 3676 3607 τρόπον
3705 3538 3803 3589 καὶ

2132 3632 2161 3682 ὁ
2202 3628 2577 3700 φιλάνθρωπος
2617 3629 2914 3699 Δεσπότης,
2947 3626 3199 3696 καθάπερ
3226 3625 3403 3695 δεσμὰ
3441 3625 3619 3687 ποσὶν,
3659 3622 3804 3676 οὕτω

2134 3715 2195 3767 τὸ
2228 3718 2451 3785 σημεῖον
2480 3715 2581 3784 τῆς
2614 3716 2915 3785 περιτομῆς
2953 3716 3019 3785 τῇ
3061 3715 3223 3783 σαρκὶ
3253 3712 3567 3775 ἐναπέθετο,
3597 3711 3683 3764 ινα
3720 3712 3803 3764 0!-

2136 3799 2293 3854 κοθεν
2321 3799 2531 3869 ἔχοντες
2568 3801 2894 3872 ὑπόμνησιν,
2931 3801 3126 3870 μηκέτι
3159 3800 3292 3870 μηδὲ
3310 3801 3409 3870 τῆς
3435 3800 3565 3871 παρ’
3599 3799 3806 3868 ἐτέρων

2137 3886 2361 3939 δέωνται
2381 3886 2749 3950 διδασκαλίας.
2788 3886 2926 3939 Ἀλλ’
2947 3888 2998 3939 οί
3018 3886 3331 3955 ἀγνώμονες
3366 3886 3460 3939 καὶ
3485 3883 3807 3953 ἀναίσθητοι

2149 3973 2389 4027 Ἰουδαῖοι
2425 3975 2520 4027 καὶ
2549 3973 2700 4045 παρά
2728 3974 2916 4044 καιρὸν
2938 3975 3032 4028 νῦν
3061 3975 3158 4044 τὴν
3181 3973 3481 4044 περιτομὴν
3508 3972 3807 4041 φυλάσσειν

2140 4056 2436 4127 βούλονται,
2482 4060 2575 4113 κα)⁸
2614 4059 2868 4131 παιδικὴν
2911 4059 3307 4112 ἐπιδείκνυνται
3354 4057 3595 4127 γνώμην.
3646 4056 3847 4121 Τίνος.

2139 4143 2249 4215 γὰρ
2291 4144 2496 4209 ἕνεκεν,
2540 4145 2661 4197 είπέ
2714 4162 2824 4215 μοι,
2872 4145 2966 4197 νῦν
3015 4143 3437 4214 περιτέμνεσθαι
3490 4142 3804 4213 βούλονταις

2122 4230 2275 4283 Τότε
2304 4232 2403 4301 μὲν
2441 4231 2568 4300 γὰρ,
2614 4231 2703 4283 ἵνα
2750 4231 2827 4299 μὴ
2862 4232 2972 4292 τοῖς
3004 4229 3341 4299 παρανόμοις
3374 4229 3602 4292 ἐκείνοις
3626 4230 3807 4284 ἔθνεσι

2145 4320 2583 4391 συναναφυρῶσι,
2622 4319 2782 4373 τοῦτο
2830 4318 3197 4389 ἐπετάγησαν·
3234 4318 3352 4371 νυνὶ
3374 4317 3432 4371 δέ
3467 4318 3555 4372 διὰ
3584 4317 3682 4389 τὴν
3708 4318 3806 4374 τοῦ

2137 4406 2274 4459 Θεοῦ
2328 4407 2484 4477 χάριν
2542 4405 2762 4459 πάντων
2823 4404 2959 4474 πρὸς
3014 4403 3112 4473 τὴν
3173 4402 3429 4473 ἀλήθειαν
3485 4403 3579 4456 τοῦ
3628 4405 3809 4474 φωτὸς

2138 4492 2680 4563 χεφαγωγηθέντων,
2727 4493 2877 4543 ποῖον
2926 4489 3025 4557 τῆς
3083 4488 3383 4559 περιτομῆς
3430 4489 3661 4558 δφελοςς
3709 4491 3807 4563 Μὴ

2138 4579 2247 4647 γάρ
2279 4578 2414 4646 πρὸς
2444 4576 2540 4645 τὴν
2576 4577 2677 4645 τῆς
2717 4576 2893 4645 ψυχῆς
2935 4573 3244 4643 ἐλευθερίαν
3279 4590 3333 4626 τι
3368 4575 3735 4645 συμϐάλλεται
3770 4580 3804 4647 ἡ

2138 4667 2238 4735 τῆς
2280 4663 2481 4733 σαρκὸς
2527 4664 2815 4727 ἀπόθεσις;
2860 4662 2974 4714 Οὑκ
3012 4660 3249 4731 ἥκουσαν
3296 4661 3483 4729 σαφῶς
3527 4662 3624 4715 τοῦ
3666 4662 3806 4717 Θεοῦ

2139 4749 2406 4817 λέγοντος,
2444 4748 2557 4803 Καὶ
2596 4750 2766 4803 ἔσται
2800 4748 2871 4800 ἐν
2908 4747 3135 4814 σημείῳ
3171 4745 3481 4816 διαθήκης,
3526 4752 3810 4822 μονονουχὶ

2138 4834 2466 4899 δεικνύντος,
2529 4836 2611 4888 ὅτι
2678 4834 2765 4887 διὰ
2819 4832 2915 4903 τὴν
2975 4831 3175 4902 πολλὴν
3241 4832 3420 4909 αὑτῶν
3485 4835 3808 4905 ἀγνωμοσύ-

2140 4937 2238 4981 ντξν
2292 4920 2387 4974 τοῦ
2433 4922 2661 4991 σημείου
2704 4918 3038 4989 ἐδεήθησαν;
3074 4918 3229 4971 Οὕτω
3282 4919 3391 4991 γάρ
3438 4922 3533 4975 καὶ
3566 4922 3659 4975 ἐπὶ⁸
3696 4924 3811 4977 τῶν

2140 5007 2495 5079 ἀνθρωπίνων
2553 5006 2811 5069 πολλάκις
2858 5006 3067 5073 γίνεται
3137 5008 3498 5077 πραγμάτιον.
3557 5009 3811 5064 Ἐπειδὰν

2144 5097 2218 5167 μὴ
2253 5095 2541 5166 θαρρῶμέν
2584 5110 2712 5155 τισι,
2750 5096 2972 5163 σημεῖον
3014 5094 3272 5163 ἐνεχύρου
3316 5095 3474 5165 χάριν
3512 5095 3811 5166 λαμϐάνειν

2143 5185 2268 5254 παρ’
2311 5184 2489 5236 αὑτῶν
2531 5182 2936 5252 σπουδάζομεν·
2969 5181 3113 5234 οὓτω
3148 5183 3243 5234 καὶ
3274 5183 3303 5233 ὁ
3343 5182 3452 5237 τῶν
3499 5183 3637 5238 ὅλων
3673 5184 3811 5253 Θεὸς

2142 5270 2295 5333 είδὼς
2318 5269 2495 5323 αὑτῶν
2519 5271 2616 5338 τῆς
2640 5268 2866 5339 γνώμης
2893 5268 2991 5339 τὴν
3018 5268 3290 5330 εὐκολίαν,
3313 5268 3373 5321 τὸ
3406 5273 3627 5340 σημεῖον
3645 5270 3813 5326 τοῦτο

2142 5358 2271 5426 παρ’
2324 5355 2503 5409 αὑτῶν
2544 5356 2843 5424 ἀπαιτῆσαι
2882 5352 3224 5417 κατεδέξατο,
3271 5353 3369 5423 οὑχ
3411 5355 3500 5407 ἴνα
3542 5355 3810 5425 διηνεκῶς

2146 5443 2280 5514 μένῃ
2325 5443 2387 5495 τὸ
2416 5444 2643 5513 σημεῖον
2670 5442 2849 5504 τοῦτο,
2889 5430 3008 5494 ἀλλ’Δ
3032 5440 3119 5492 ἴνα
3141 5439 3249 5492 τῶν
3279 5440 3399 5492 τότε
3426 5430 3574 5503 τέλος
3603 5441 3811 5511 λαμϐα-

2142 5535 2341 5586 νόντων
2361 5534 2454 5585 καὶ
2477 5535 2511 5603 ή
2535 5532 2629 5585 τοῦ
2654 5531 2879 5603 σημείου
2910 5532 3067 5603 χρεία
3093 5529 3435 5601 περιαιρεθῇ.
3462 5530 3671 5601 Ὠσπερ
3698 5532 3809 5606 γάρ

2141 5616 2521 5690 δτανθσημείόν
2565 5636 2706 5683 τινες
2736 5618 3033 5683 ἀπαιτῶσι,
3084 5616 3180 5670 καὶ
3222 5616 3474 5686 ἐνέχυρον
3514 5618 3808 5687 βούλωνται

2148 5768 2371 5893 nugalia;
2382 5769 2629 5880 ρῧμιιιιιιιη
2646 5771 2832 5820 variant
2847 5772 2895 5820 In
2918 5766 3214 5820 editionibus
3235 5763 3328 5815 τῶν
3341 5768 3382 5816 Ο
3396 5766 3423 5814 ’.
3445 5766 3643 5826 γοωτ-
3667 5766 3805 5816 Τοηη
