4058 6382
220 426 319 481 563

220 539 377 594 modo
403 547 458 592 et
485 533 800 606 patriarcha:
834 543 1028 585 nomen
1058 533 1305 597 parentes
1335 519 1672 606 indiderant,
1698 521 1809 566 sta-

219 632 312 684 tim
337 630 406 684 ab
432 605 580 682 initio
621 625 952 680 declarantcs
977 620 1149 688 ipsum
1189 613 1527 684 peregrinum
1569 605 1719 669 fore,
1757 609 1813 656 et

221 722 568 776 transiturum
602 717 799 770 flumen
825 755 841 779 ,
883 720 940 765 ut
993 710 1046 763 in
1088 717 1285 763 terram
1310 703 1538 757 alienam
1579 696 1809 750 veniret.

219 812 482 879 Quoniam
515 809 705 877 igitur,
737 802 943 872 inquit,
978 813 1173 853 nomen
1199 810 1230 848 a
1273 790 1578 862 parentibus
1608 784 1700 879 tibi
1734 783 1814 835 in-

221 877 395 957 ditum
424 901 548 954 illud
579 891 1004 968 praesignificavit
1024 932 1039 956 ,
1071 898 1125 944 te
1169 886 1294 942 inde
1322 885 1425 937 huc
1469 877 1813 976 transiturum

221 1008 345 1048 esse
375 1009 390 1046 :
421 990 602 1058 accipe
625 997 678 1042 et
709 985 864 1039 unius
893 979 1144 1037 elementi
1188 974 1513 1031 additionem
1532 1009 1549 1035 ,
1581 977 1639 1022 ut
1675 974 1816 1020 scias

227 1084 330 1136 hoc
354 1081 446 1136 tibi
473 1077 756 1139 declarari,
788 1084 840 1129 te
867 1073 1152 1127 multarum
1173 1066 1412 1138 gentium
1443 1062 1556 1116 fore
1585 1067 1840 1128 patrem.-

228 1175 295 1228 Et
323 1172 449 1226 vide
491 1185 649 1240 quam
698 1175 945 1222 accurate
989 1164 1058 1217 sit
1095 1162 1362 1230 loquutus.
1392 1155 1508 1210 Non
1538 1151 1670 1206 dixit
1697 1165 1820 1203 om-

226 1267 376 1320 nium
423 1263 695 1334 gentium,
749 1257 844 1314 sed
897 1256 1180 1310 Multarum
1229 1249 1496 1321 gentium:
1527 1258 1646 1298 nam
1697 1240 1818 1334 quia

226 1331 466 1410 erantet
503 1353 622 1406 alite
655 1357 843 1421 gentes
870 1346 994 1401 inde
1019 1339 1372 1412 expellendis,
1399 1348 1456 1390 ut
1486 1349 1668 1390 semen
1692 1331 1821 1399 justi

232 1448 583 1504 hereditatem
629 1444 927 1511 acciperet.
952 1438 1072 1492 ideo
1102 1435 1266 1498 dicit,
1295 1431 1502 1484 Patrem
1547 1426 1822 1479 multarum

234 1542 458 1615 gentium
485 1536 720 1591 constitui
749 1544 814 1588 te.
842 1531 1028 1587 Sciens
1047 1571 1060 1594 ,
1096 1526 1300 1597 inquit,
1340 1532 1444 1576 tuae
1475 1518 1824 1615 virtutis-ma-

231 1608 563 1704 gnitudinem
589 1670 604 1694 ,
633 1628 917 1682 multarum
949 1622 1183 1692 gentium
1215 1618 1490 1671 doctorem
1523 1622 1574 1666 te
1595 1608 1782 1704 faciam
1808 1644 1823 1669 ,

235 1700 306 1779 'Et
336 1738 556 1777 crescere
586 1731 633 1773 te
661 1719 848 1787 faciam
879 1731 938 1767 ac
982 1707 1310 1780 multiplicari
1352 1705 1498 1758 valde
1517 1743 1532 1766 ,
1564 1700 1711 1753 valde
1738 1713 1756 1751 :
1782 1705 1827 1750 et

235 1830 425 1884 ponam
451 1823 494 1866 te
513 1811 565 1864 in
594 1819 762 1878 gentes
784 1849 799 1872 ,
821 1817 867 1860 et
893 1819 1032 1874 reges
1060 1818 1123 1855 ex
1151 1809 1197 1852 te
1230 1795 1567 1868 egredientur.
1597 1788 1674 1884 Ne
1698 1803 1828 1884 pcr-

236 1880 502 1960 functorie
533 1912 864 1956 transeamus
883 1913 1000 1967 qua:
1025 1895 1293 1954 dicuntur,
1312 1882 1668 1942 dilecﬁssimi.
1697 1880 1830 1934 Nam

236 1998 284 2052 si
313 1993 725 2065 cogitaverimus
765 1986 1085 2058 patriarcha!
1113 1991 1323 2036 aetatem
1351 2019 1366 2043 ,
1395 1986 1447 2032 et
1471 1990 1592 2030 eum
1633 1973 1749 2065 haec
1777 1971 1830 2024 in

239 2064 484 2144 extrema
514 2093 728 2139 senecta
755 2079 968 2134 audisse
992 2119 1008 2140 ,
1049 2065 1637 2142 obstupesccmusjusti
1665 2064 1833 2118 virtu-

241 2187 377 2244 tem,
406 2186 461 2232 et
489 2174 700 2244 benigni
737 2171 829 2226 Dei
855 2167 1104 2224 eximiam
1137 2161 1427 2234 potentiam
1460 2176 1472 2210 :
1506 2156 1626 2226 quia
1647 2170 1715 2209 ex
1746 2152 1837 2207 ho-

243 2270 392 2324 mine
441 2263 827 2336 propemodum
879 2268 1118 2320 mortuo,
1176 2263 1232 2309 et
1278 2249 1534 2307 membris
1561 2245 1833 2306 invalido,

241 2359 336 2431 qui
378 2365 434 2414 et
469 2356 706 2427 quotidie
751 2359 975 2407 mortem
1003 2364 1110 2430 pra:
1153 2344 1323 2400 oculis
1351 2338 1756 2431 imaginabatur,
1784 2337 1835 2387 in

244 2426 453 2503 tantum
481 2426 693 2502 auctum
718 2443 781 2497 iri
804 2426 1118 2511 signiﬁcavit
1143 2449 1325 2490 semen
1347 2473 1361 2496 ,
1393 2439 1451 2484 ut
1477 2437 1533 2483 et
1563 2427 1614 2507 in
1646 2426 1839 2478 multas

246 2549 439 2611 gentes
463 2539 655 2602 exiret;
681 2547 852 2603 neque
877 2531 927 2585 id
955 2529 1152 2591 solum,
1180 2523 1275 2580 sed
1304 2524 1468 2578 etiam
1495 2531 1651 2588 reges
1678 2531 1742 2570 ex
1774 2527 1840 2611 eo

247 2604 654 2699 egrederentur.
715 2621 903 2677 Vidisti
974 2614 1346 2688 promissionis
1405 2604 1841 2699 incrementum?

249 2695 469 2774 Faciam
510 2727 555 2772 te
584 2731 802 2770 crescere
823 2754 836 2775 ,
873 2711 1080 2780 inquit,
1109 2706 1259 2760 valde
1280 2746 1295 2769 ,
1326 2703 1492 2755 valde.
1523 2695 1842 2767 Duplicatio—

248 2826 378 2866 nem
402 2809 557 2879 hujus
586 2803 820 2861 adverbii
849 2817 954 2855 non
984 2800 1175 2853 frustra
1206 2794 1402 2864 adjecit
1428 2833 1443 2859 ,
1471 2790 1565 2845 sed
1595 2801 1650 2844 nt
1675 2787 1841 2856 signi-

250 2900 470 2955 ﬂcetex
496 2901 642 2965 justo
687 2895 873 2948 miram
919 2886 1311 2944 multitudinem
1339 2881 1658 2938 exeundam.
1702 2879 1848 2946 Quo-

250 2993 398 3046 niam
430 2990 588 3058 igitur
606 3001 700 3054 per
719 2981 965 3038 elementi
986 2978 1336 3042 additionem,
1354 2975 1505 3044 quasi
1531 2974 1582 3027 in
1598 2971 1847 3026 columna

249 3077 486 3151 quadam
511 3118 526 3141 ,
558 3073 896 3130 indelebilem
916 3069 1324 3140 promissionem
1354 3067 1403 3120 ei
1425 3064 1711 3132 inscripsit,
1744 3063 1846 3116 ite-

255 3185 376 3226 rum
403 3167 530 3223 dicit
565 3185 578 3221 :
609 3168 663 3220 7.
695 3164 762 3219 Et
787 3173 1006 3218 statuam
1032 3167 1380 3214 testamentum
1420 3171 1586 3208 meum
1610 3157 1739 3206 inter
1765 3162 1813 3204 te
1830 3191 1847 3216 ,

257 3271 306 3319 et
348 3261 477 3314 inter
500 3275 667 3313 semen
694 3269 832 3311 tuum
877 3263 986 3325 post
1015 3262 1064 3308 te
1103 3253 1158 3305 in
1195 3249 1539 3321 generationes
1567 3261 1770 3309 eorum,
1797 3245 1850 3295 in

260 3360 612 3409 testamentum
655 3348 1012 3416 sempiternum
1033 3382 1047 3408 ,
1078 3352 1132 3396 ut
1175 3342 1270 3395 sim
1299 3339 1435 3393 Deus
1462 3347 1594 3391 tuus.
1621 3335 1734 3389 Non
1759 3347 1852 3387 so-

266 3445 377 3500 lum
402 3457 528 3512 erga
558 3449 610 3495 te
649 3452 894 3509 magnam
933 3432 1221 3491 declarabo
1247 3428 1635 3502 providentiam
1676 3433 1732 3480 et
1754 3439 1852 3478 cu-

263 3550 402 3600 ram,
426 3532 520 3588 sed
544 3542 600 3588 et
622 3545 747 3602 erga
772 3543 958 3584 semen
987 3537 1132 3580 tuum
1156 3565 1171 3589 ,
1209 3533 1262 3578 et
1288 3532 1406 3592 post
1432 3530 1577 3575 tuam
1600 3525 1852 3572 mortem.

269 3625 402 3679 Vide
429 3621 700 3693 quomodo
717 3627 923 3676 recreet
947 3617 1178 3672 animam
1195 3614 1344 3684 justi,
1377 3611 1692 3683 promittens
1715 3607 1764 3662 ei
1798 3621 1857 3661 se

268 3714 490 3771 seminis
523 3727 736 3782 quoque
781 3710 901 3780 ejus
934 3710 1154 3764 multam
1205 3720 1387 3761 curam
1431 3702 1756 3757 habiturum.
1791 3697 1859 3752 Et

268 3822 390 3878 quae
415 3808 580 3862 virtus
623 3804 964 3862 testamenti?
997 3803 1065 3858 Ut
1090 3803 1188 3855 sim
1213 3799 1351 3853 Deus
1381 3808 1496 3850 tuus
1520 3835 1536 3860 ,
1578 3794 1746 3862 inquit
1769 3833 1784 3857 ,
1812 3798 1859 3844 et

271 3899 478 3956 seminis
525 3898 598 3950 tui
642 3906 755 3968 post
779 3904 846 3949 te.
871 3895 982 3949 Hoc
1017 3894 1160 3948 enim
1187 3891 1291 3946 erit
1318 3889 1409 3943 tibi
1437 3896 1494 3941 et
1534 3884 1722 3940 semini
1768 3891 1861 3936 tuo

271 4000 430 4061 caput
475 3991 758 4044 bonorum.
804 3988 858 4043 8.
889 3986 952 4041 Et
984 3987 1115 4040 dabo
1145 3984 1230 4038 tibi
1257 3993 1304 4036 et
1355 3981 1534 4036 semini
1559 3989 1646 4032 tuo
1673 3985 1785 4046 post
1814 3984 1863 4027 te

274 4094 458 4136 terram
484 4082 536 4134 in
562 4096 662 4150 qua
692 4079 982 4150 peregrinus
1011 4095 1063 4131 es
1087 4117 1101 4142 ,
1133 4091 1332 4130 omnem
1364 4083 1550 4126 terram
1575 4069 1823 4124 Chanaan
1843 4104 1860 4128 ,

273 4176 326 4228 in
354 4174 717 4245 possessionem
741 4173 1122 4241 sempiternam;
1147 4178 1194 4221 et
1225 4183 1309 4221 ero
1337 4180 1511 4218 eorum
1537 4161 1696 4215 Deus.
1733 4159 1865 4213 Pro-

277 4276 395 4335 pter
420 4275 562 4320 tuam
585 4307 601 4331 ,
634 4263 839 4335 inquit,
866 4262 1115 4316 virtutem
1149 4257 1345 4329 posteri
1370 4270 1584 4326 quoque
1621 4253 1696 4306 tui
1747 4264 1864 4305 mea

277 4356 519 4411 fruentur
561 4353 896 4425 providentia
923 4393 938 4414 ,
965 4360 1020 4406 et
1057 4349 1198 4405 dabo
1245 4350 1325 4404 eis
1376 4349 1428 4400 in
1469 4344 1864 4415 possessionem

275 4455 534 4502 aternam
562 4453 762 4499 terram
787 4441 1062 4503 Chanaan,
1087 4439 1155 4492 Et
1180 4455 1267 4493 ero
1295 4453 1468 4491 eorum
1490 4434 1627 4488 Deus
1657 4435 1696 4484 ⁸.
1725 4430 1867 4497 Quid

278 4543 391 4599 cst,
421 4534 486 4588 Et
511 4550 596 4587 ero
625 4549 798 4586 eorum
830 4530 964 4584 Deus
982 4530 1007 4582 .’
1037 4530 1151 4584 Hoc
1179 4536 1293 4588 est,
1317 4526 1534 4579 Multam
1566 4538 1652 4577 me
1677 4535 1865 4576 eorum

278 4638 462 4679 curam
511 4633 566 4677 et
595 4621 984 4693 providentiam
1021 4619 1219 4674 habere
1247 4615 1525 4670 ostendam
1547 4655 1561 4677 ,
1590 4622 1644 4667 et
1691 4626 1869 4666 meum

282 4716 334 4771 in
356 4714 603 4768 omnibus
644 4712 939 4767 subsidium
971 4711 1073 4764 illis
1104 4709 1388 4779 pnrstabo.
1419 4706 1648 4760 Tantum
1703 4704 1756 4758 9.
1794 4702 1872 4756 Tu

284 4815 632 4860 testamentum
679 4821 842 4857 meum
879 4804 1086 4856 observa
1110 4844 1126 4867 ,
1155 4811 1203 4854 et
1234 4816 1400 4854 semen
1427 4807 1565 4852 tuum
1598 4808 1710 4866 post
1741 4807 1788 4850 te
1820 4797 1874 4850 in

252 4877 688 4967 .genemtionihus
731 4911 924 4947 eorum.
972 4892 1118 4946 Nihil
1162 4892 1304 4945 aliud
1353 4906 1381 4942 a
1413 4890 1564 4944 vobis
1613 4890 1871 4956 requiro,

284 5003 442 5058 quam
470 4987 824 5041 obedientiam
865 4997 1145 5055 gratumve
1170 4984 1404 5036 animum
1432 5024 1446 5043 ,
1479 4992 1536 5036 rt
1556 4997 1655 5052 ego
1694 4982 1873 5036 omnia

285 5095 634 5150 quascumque
655 5079 920 5148 pollicitus
944 5094 1062 5132 sum
1090 5093 1250 5147 opere
1285 5075 1586 5144 complebo.

357 5173 411 5227 4.
437 5172 655 5242 Insuper
683 5173 864 5225 volens
891 5185 985 5225 cos
1025 5171 1110 5240 qui
1143 5185 1206 5224 ex
1240 5170 1357 5238 ipso
1402 5168 1652 5224 uascituri
1690 5176 1874 5228 erant.

288 5264 612 5332 peculiarem
651 5279 804 5317 suum
857 5261 1033 5316 facere
1073 5261 1325 5330 populum
1356 5277 1368 5330 ;
1398 5271 1455 5312 ut
1504 5269 1686 5327 postea
1713 5301 1726 5322 ,
1753 5275 1877 5314 cum

289 5354 572 5411 multitudo
625 5361 1028 5424 pr0pagarctur.
1069 5367 1174 5404 non
1207 5366 1265 5404 se
1301 5349 1545 5420 gentibus
1579 5349 1682 5402 illis
1707 5392 1719 5410 ,
1748 5366 1880 5417 qua-

290 5464 408 5503 rum
439 5446 792 5500 hereditatem
819 5451 1139 5511 occupatura
1161 5453 1274 5494 erat
1300 5481 1312 5500 ,
1345 5441 1720 5494 cmumisceret
1753 5455 1767 5496 ;
1794 5440 1896 5492 iii--

291 5551 594 5608 superque,
642 5537 763 5605 quia
817 5533 1112 5587 secundum
1168 5532 1566 5600 praedictionem
1622 5545 1771 5584 suam
1824 5531 1877 5583 in

301 5626 528 5700 Egypto
553 5628 796 5682 servituri
824 5635 996 5689 erant;
1025 5635 1079 5678 ut
1110 5640 1176 5679 ne
1200 5625 1442 5693 gentibus
1463 5623 1879 5677 commisceren-

357 5777 374 5813 ⁸
399 5778 452 5830 ln
476 5778 860 5846 Dibliislegilut‘,
884 5787 927 5831 et
942 5792 1026 5833 ero
1041 5780 1110 5831 eis
1133 5779 1181 5828 in
1211 5786 1377 5829 Deum.

1249 408 1315 463 IN
1353 404 1504 462 CAP.
1545 396 1709 456 XVII.
1737 390 1984 451 GENES.
2028 388 2258 445 llOMlL.
2304 385 2546 442 XXXIX.

3410 377 3518 434 360

1919 517 2003 560 tur
2042 508 2092 562 in
2124 506 2391 578 .Egypto,
2423 505 2886 561 circumcisionem
2915 545 2930 569 ,
2959 503 3096 574 signi
3139 503 3340 572 gratia,
3368 503 3516 574 justo

1921 599 2160 669 pra‘cipit
2205 608 2260 653 et
2297 599 2467 669 inquit
2497 615 2509 650 :
2545 595 2631 652 10.
2664 594 2781 651 Hoc
2824 605 2900 651 est
2942 603 3300 650 testamentum
3331 596 3348 627 ¹
3379 594 3519 664 quod

1920 692 2139 746 servabis
2163 693 2293 744 inter
2312 707 2391 746 me
2423 699 2470 745 et
2497 706 2606 757 vos,
2626 700 2672 744 et
2700 691 2837 744 inter
2863 706 3030 745 semen
3061 699 3201 744 tuum
3231 699 3344 759 post
3373 699 3423 743 te
3460 693 3519 746 in

1921 784 2328 854 generationibus
2372 784 2596 837 illorum.
2649 780 3053 838 Circumcidetur
3093 783 3148 836 in
3189 782 3326 838 vobis
3367 798 3524 837 omne

1922 872 2280 927 masculinum.
2315 874 2401 928 Η.
2432 873 2814 928 Circumcidetis
2841 890 3044 928 carnem
3075 875 3310 944 prceptttii
3340 875 3515 929 vestri.

1925 962 2128 1018 Deinde
2167 971 2223 1018 ut
2263 963 2451 1019 doceat
2491 974 2546 1020 et
2572 965 2694 1020 illos
2739 973 2797 1020 et
2837 980 3024 1020 omnes
3067 981 3193 1031 nos,
3223 980 3387 1036 quare
3415 964 3521 1020 hoc

1924 1055 2258 1125 praeceperit,
2285 1064 2342 1112 et
2365 1071 2423 1111 se
2454 1072 2562 1110 non
2595 1057 2816 1112 alterius
2839 1057 3138 1127 cujuspiam
3167 1057 3336 1128 gratia
3366 1057 3418 1113 id
3447 1056 3522 1112 fa-

1925 1161 2049 1200 cere
2069 1188 2083 1211 ,
2105 1161 2266 1216 quam
2294 1156 2356 1201 ut
2393 1157 2538 1202 esset
2564 1149 2865 1218 assignatus
2891 1157 2946 1200 et
2970 1148 3070 1204 sibi
3094 1157 3406 1218 segregatus
3426 1163 3524 1218 po-

1926 1240 2105 1308 pulus.
2135 1240 2343 1309 inquit,
2377 1239 2444 1293 Et
2473 1241 2565 1293 erit
2587 1240 2864 1311 insignum
2895 1241 3177 1294 testamenti
3201 1241 3333 1295 inter
3369 1256 3450 1293 me
3477 1247 3527 1293 et

1928 1347 2034 1385 vos.
2077 1330 2146 1385 Et
2175 1340 2357 1400 postea
2402 1333 2564 1385 etiam
2590 1331 2656 1386 de
2687 1340 2930 1401 tempore
2955 1333 3214 1402 imperat,
3246 1346 3354 1402 quo
3395 1345 3528 1386 con-

1929 1424 2110 1477 veniat
2137 1424 2239 1480 hoc
2262 1423 2397 1477 fieri.
2429 1424 2516 1478 12.
2544 1421 2756 1477 Puellus
2776 1424 2932 1489 enim,
2959 1424 3162 1492 inquit,
3190 1432 3304 1476 octo
3329 1423 3527 1476 dierum

1930 1517 2317 1570 circumcidetur
2331 1515 2485 1580 vobis,
2509 1525 2556 1568 et
2583 1515 2879 1569 vernaculus
2901 1555 2917 1580 ,
2941 1525 2989 1569 et
3011 1516 3271 1584 emptitius
3298 1529 3318 1569 :
3346 1523 3394 1568 et
3417 1530 3529 1568 om-

1933 1626 2020 1664 nes
2045 1609 2099 1663 in
2123 1625 2345 1674 summa,
2376 1621 2430 1662 ut
2458 1611 2528 1663 ita
2555 1611 2721 1664 dicam
2746 1650 2761 1670 ,
2782 1612 2868 1680 qui
2896 1611 3037 1678 apud
3061 1626 3146 1665 vos
3172 1619 3308 1674 sunt,
3338 1610 3433 1664 hoc
3457 1612 3529 1664 si-

1932 1716 2088 1771 gnum
2133 1700 2426 1769 suscipient.
2454 1700 2540 1753 H.
2573 1698 2636 1752 Et
2668 1700 2895 1769 quisquis
2921 1717 3021 1754 non
3065 1700 3453 1754 circumcidctur
3476 1700 3531 1753 in

1935 1791 2017 1846 die
2070 1791 2336 1846 constituto
2359 1834 2376 1856 ,
2423 1789 2662 1861 perdetur
2705 1807 2724 1844 :
2774 1791 2897 1860 quia
2955 1800 3307 1844 testamentum
3359 1808 3530 1846 meum
3559 1783 3572 1797 °

1937 1883 2240 1954 dissipavit;
2291 1885 2412 1954 quia
2466 1893 2830 1956 transgressus
2877 1894 3000 1950 est,
3055 1885 3268 1953 inquit,
3324 1899 3529 1954 ιιι-ωαξ-

1938 1984 2108 2045 ptum.

1970 2069 2073 2124 Cnr
2085 2069 2716 2127 circumcisionemludteis
2733 2065 3025 2138 imposuerit
3040 2063 3535 2123 Deus.Circumcisio

1941 2157 2071 2211 nihil
2094 2159 2279 2212 animat
2303 2161 2500 2229 confert
2525 2159 2662 2212 boni.
2685 2187 2756 2198 —-
2786 2159 2921 2212 Vide
2951 2157 3269 2227 sapientiam
3298 2157 3534 2220 Domini,

1940 2249 2209 2315 quomodo
2225 2265 2347 2304 cum
2364 2251 2528 2305 sciret
2544 2249 2881 2320 imperfectas
2895 2260 2946 2304 et
2969 2264 3162 2319 pravas
3180 2264 3370 2304 eorum
3386 2263 3541 2305 men-

1935 2349 2024 2395 'tes
2047 2340 2270 2404 futuras,
2289 2343 2499 2412 signum
2518 2343 2943 2398 circumcisionis
2962 2343 3111 2412 quasi
3135 2341 3347 2397 frenum
3370 2343 3544 2411 quod-

1943 2431 2066 2486 dam
2097 2433 2380 2502 imposuit,
2397 2423 2478 2487 ‘ad
2513 2434 2800 2490 indomitos
2821 2450 3010 2491 eorum
3034 2436 3264 2505 impetus
3280 2435 3542 2490 cohiben-

1945 2523 2064 2584 dus.
2092 2533 2148 2579 ut
2174 2543 2240 2580 ne
2259 2526 2505 2595 gentibus
2527 2526 3020 2582 commiscerentur.
3046 2525 3175 2580 Nam
3198 2526 3320 2595 quia
3341 2525 3545 2580 sciebat

1946 2629 2132 2670 eorum
2149 2616 2442 2678 lasciviam.
2476 2625 2531 2670 et
2549 2631 2664 2678 eos.
2695 2617 2818 2672 licet
2837 2617 3090 2672 inliuities
3117 2619 3370 2684 monitos,
3395 2624 3455 2672 ut
3473 2615 3546 2670 ab

1949 2705 2134 2761 illicito
2156 2708 2354 2776 impetu
2373 2707 2699 2762 abstinerent
2719 2749 2734 2772 ,
2765 2707 3076 2763 obedituros
3107 2723 3210 2762 non
3228 2721 3348 2763 esse
3377 2724 3391 2760 :
3424 2707 3547 2763 ideo

1948 2796 2074 2851 dato
2097 2799 2177 2852 eis
2195 2807 2450 2868 perpetuo
2472 2799 2791 2862 memoriali,
2822 2799 3003 2867 injecit
3023 2799 3101 2853 eis
3121 2798 3546 2855 circumcisionis

1950 2888 2181 2957 signum,
2213 2890 2363 2958 quasi
2391 2889 2664 2943 vinculum
2693 2888 2983 2958 quoddam,
3015 2889 3269 2960 deditque
3292 2891 3372 2946 eis
3398 2889 3560 2961 leges-

1951 2988 2006 3034 et
2031 2980 2261 3049 regulas,
2295 2979 2430 3035 ultra
2458 2995 2594 3051 quas
2621 2982 2849 3036 transire
2877 2985 2956 3036 eis
2986 2996 3092 3036 non
3126 2982 3330 3045 liceret,
3363 2993 3420 3036 ut
3450 2997 3546 3037 sus

1951 3080 2110 3140 gente
2133 3073 2370 3127 contenti
2396 3081 2596 3136 essent.
2627 3081 2682 3126 et
2706 3073 2856 3126 nullo
2878 3073 3042 3128 modo
3066 3087 3189 3129 cum
3219 3075 3466 3146 gentibus
3491 3075 3562 3132 se

1953 3161 2400 3226 commiscerent;
2437 3161 2530 3217 sed
2559 3163 2876 3232 patriarchze
2912 3178 3097 3219 semen
3150 3165 3551 3237 impermixtum

1957 3261 2199 3307 maneret
2225 3261 2283 3306 ut
2309 3253 2387 3308 sic
2415 3261 2472 3308 et
2513 3255 2773 3323 promissa
2816 3255 2868 3309 in
2895 3255 2975 3310 eis
2999 3256 3259 3326 compleri
3311 3268 3553 3326 possent.

1960 3343 2026 3398 Et
2050 3345 2504 3413 quemadmodum
2529 3347 2610 3398 vir
2633 3346 2826 3415 aliquis
2855 3357 3158 3418 temperans
3185 3359 3240 3404 et
3272 3349 3430 3418 lenis,
3458 3365 3558 3406 an-

1958 3434 2134 3489 cillam
2179 3434 2384 3491 habens
2433 3435 2764 3506 petulantem
2791 3480 2805 3501 ,
2840 3438 3099 3493 terminos
3141 3451 3196 3495 et
3240 3442 3454 3512 regulas
3483 3443 3558 3498 illi

1959 3524 2086 3590 dat,
2112 3541 2179 3580 ne
2218 3540 2471 3595 umquam
2502 3534 2653 3581 extra
2676 3526 2936 3582 vestibula
2969 3528 3214 3598 prodeat,
3239 3547 3410 3603 neque
3435 3547 3558 3587 cum

1962 3621 2406 3689 praetereuntibus
2432 3623 2733 3686 conveniat,
2763 3622 2871 3677 imo
2899 3638 3303 3693 nonnumquam
3336 3624 3561 3690 pedibus

1962 3711 2251 3780 compedes
2285 3711 2467 3778 addit,
2501 3721 2558 3767 ut
2589 3713 2666 3767 sic
2710 3713 2852 3769 illius
2894 3715 3360 3785 intemperantiam
3397 3730 3556 3771 coer—

1965 3819 2088 3859 cere
2113 3804 2288 3860 valeat
2319 3821 2332 3858 :
2363 3805 2432 3859 ita
2462 3815 2516 3861 et
2543 3806 2804 3876 benignus
2835 3807 3092 3868 Dominus
3136 3809 3564 3864 circumcisinnis

1967 3894 2174 3964 signum
2215 3896 2362 3950 carni
2386 3911 2572 3950 eorum
2618 3896 2845 3960 indidit,
2868 3897 3020 3967 quasi
3047 3898 3270 3967 pedibus
3290 3899 3562 3954 vinetilum

1968 3985 2256 4055 quoddam,
2287 3998 2345 4040 ut
2364 3986 2716 4042 domesticum
2740 3986 3000 4044 habentes
3027 3987 3263 4058 signum,
3294 4005 3400 4044 non
3428 3990 3568 4044 ultra

1969 4077 2211 4133 doctrina
2254 4078 2479 4134 aliorum
2511 4093 2646 4148 opus
2677 4079 2955 4134 haberent.
2986 4080 3142 4149 Atqui
3173 4079 3363 4149 ingrati
3389 4081 3569 4135 insen-

1972 4170 2182 4238 satique
2227 4167 2400 4224 Judzei
2455 4169 2620 4224 etiam
2672 4184 2811 4224 nunc
2837 4210 2852 4235 ,
2879 4185 3000 4223 cmn
3050 4178 3264 4239 tempus
3301 4185 3406 4224 non
3450 4180 3567 4234 est,

1971 4261 2437 4316 circumcisionem
2476 4275 2694 4316 servare
2745 4261 2958 4323 volunt.
2992 4261 3360 4331 puerilemque
3391 4260 3575 4315 decla-

1973 4363 2094 4407 rant
2123 4363 2379 4408 mentem.
2411 4353 2578 4423 Cujus
2605 4352 2749 4407 euim
2775 4350 2852 4406 rei
2872 4353 3042 4422 gratia
3065 4394 3080 4416 ,
3107 4349 3194 4406 die
3234 4351 3364 4407 mihi
3388 4392 3401 4414 ,
3431 4366 3574 4405 nunc

1973 4444 2280 4499 circumcidi
2311 4445 2538 4498 volunt?
2562 4443 2694 4497 Nam
2748 4453 2874 4499 tunc
2902 4444 3118 4513 quidem
3144 4489 3158 4509 ,
3181 4453 3243 4499 ut
3287 4459 3356 4498 ne
3396 4444 3576 4514 impiis

1975 4535 2080 4590 illis
2104 4536 2352 4605 gentibus
2371 4551 2431 4593 se
2449 4538 2886 4602 commiscerent,
2917 4537 3019 4592 hoc
3045 4537 3096 4591 in
3127 4535 3392 4591 mandatis
3416 4552 3574 4593 acce-

1976 4638 2168 4697 perant
2201 4647 2213 4680 :
2241 4643 2383 4682 nunc
2407 4638 2585 4683 autem
2626 4643 2722 4697 per
2747 4628 2839 4682 Dei
2869 4629 3096 4698 gratiam
3124 4629 3374 4684 omnibus
3402 4629 3469 4684 ad
3498 4630 3580 4684 lu-

1977 4734 2092 4774 eem
2122 4721 2362 4774 veritatis
2387 4720 2631 4776 adductis
2650 4761 2664 4784 ,
2691 4735 2812 4790 quae
2859 4720 3283 4775 circumcisiouis
3325 4721 3525 4776 utilitas
3552 4721 3576 4775 2

1980 4811 2246 4880 Numquid
2287 4813 2352 4865 ad
2385 4813 2579 4866 animm
2605 4812 2903 4866 libertatem
2943 4811 3142 4882 aliquid
3166 4814 3376 4868 oonfert
3400 4813 3580 4867 carnis

1980 4903 2286 4973 depositio?
2313 4902 2428 4957 Non
2451 4903 2738 4957 audierunt
2760 4903 3042 4958 manifeste
3079 4906 3241 4958 Deum
3264 4905 3532 4960 dicentem
3562 4923 3574 4957 :

1986 4995 2049 5048 Et
2079 4997 2170 5048 erit
2227 4996 2279 5048 in
2326 4995 2528 5064 signum
2559 4996 2885 5048 testamenti:
2921 4996 3070 5064 quasi
3119 4995 3579 5050 demonstrantem

1984 5085 2129 5153 ipsos
2155 5087 2224 5140 ob
2252 5086 2472 5139 multam
2503 5085 2805 5140 socordiam
2843 5086 2932 5140 tali
2972 5087 3126 5155 signo
3151 5087 3475 5156 indiguisse?
3505 5086 3581 5140 Ita

1984 5178 2125 5229 enim
2157 5187 2212 5231 et
2253 5178 2309 5231 in
2353 5175 2599 5230 humanis
2628 5177 2790 5231 rebus
2836 5192 3236 5246 nonnumquam
3275 5179 3386 5231 ficri
3419 5178 3578 5232 solet.

1985 5269 2210 5334 Quando
2245 5284 2348 5326 non
2382 5269 2640 5323 habemus
2662 5269 2925 5338 aliquibus
2949 5270 3130 5334 tidem,
3154 5284 3403 5324 curamus
3431 5279 3488 5324 ut
3516 5271 3585 5324 ah

1989 5361 2118 5430 ipsis
2156 5361 2363 5427 signum
2413 5361 2652 5429 pignoris
2689 5359 2808 5413 loco
2865 5362 3184 5428 recipiamus
3214 5379 3226 5417 ε
3256 5363 3502 5417 similiter
3531 5372 3588 5417 et

1989 5453 2226 5504 omnium
2281 5452 2534 5503 Domitius
2584 5451 2759 5504 sciens
2801 5451 3037 5520 ipsorum
3084 5453 3246 5506 animi
3280 5453 3587 5506 inconstan-

1992 5545 2147 5606 tiam,
2185 5544 2284 5597 hoc
2313 5544 2379 5595 ab
2405 5544 2482 5595 eis
2521 5544 2730 5612 signum
2781 5555 2961 5612 petere
2993 5545 3195 5600 voluit:
3225 5560 3331 5600 non
3363 5558 3418 5600 nt
3439 5560 3583 5600 sem-

2053 5712 2068 5741 ί
2108 5717 2224 5774 ιόῖι.
2262 5713 2618 5774 testamcnttutt._
2655 5705 2730 5754 hic
2771 5705 2974 5774 intelligi
3010 5705 3180 5774 debet,
3202 5710 3394 5768 pactum
3415 5701 3590 5764 (indas,

1992 5774 2129 5837 cujus
2149 5772 2342 5834 signum
2367 5776 2417 5819 et
2434 5767 2704 5832 symbolum
2729 5776 2833 5819 erat
2855 5767 3181 5818 circumcisio.
