4058 6424
480 429 580 487 367

470 554 570 612 per
596 549 810 596 maneat
830 539 1040 611 signum
1063 539 1163 594 hoc
1186 578 1203 606 ,
1220 537 1313 595 sed
1343 550 1399 592 ut
1420 548 1698 609 postquam
1723 537 1938 608 antiqua
1963 535 2055 589 illa

477 633 638 687 linem
681 632 1006 702 acceperint,
1032 639 1088 686 et
1115 630 1249 701 signi
1278 644 1408 685 usus
1433 628 1723 684 auferatur.
1753 626 1886 683 Nam
1919 629 2057 683 sicut

470 724 562 796 qui
590 726 799 795 signum
822 730 1108 796 expetunt‘,
1135 733 1189 778 et
1209 723 1399 794 pignus
1424 721 1668 792 accipere
1700 720 1907 785 volunt,
1934 732 2056 773 cum

471 815 742 885 negotium
790 816 1077 887 perfectum
1120 812 1314 877 fuerit,
1342 823 1468 869 tunc
1500 822 1554 867 et
1578 811 1787 881 signum
1820 809 2006 865 tollunt
2040 825 2054 863 :
2083 885 2087 888 .

471 909 542 961 its
565 909 725 963 etiam
754 909 842 964 hic
863 922 982 963 eum
1007 949 1020 964 .
1061 915 1119 961 ut
1162 906 1387 976 papilius
1408 903 1497 960 ille
1525 911 1675 959 ortus
1695 919 1724 956 a
1754 900 2055 972 patriarcha

468 1001 786 1070 conspicuos
836 1000 988 1054 llerct
1013 1039 1028 1062 ,
1073 999 1280 1069 signum
1325 996 1428 1052 hoc
1474 995 1613 1066 apud
1649 996 1786 1049 vos‘
1818 992 2060 1048 introdu-

467 1098 612 1143 ctum
634 1089 725 1154 sit,
753 1090 1038 1159 oportebat
1053 1098 1330 1160 postquam
1348 1094 1534 1158 gentes
1554 1083 1659 1139 illa:
1687 1092 1906 1154 propter
1924 1097 2056 1154 quas

466 1181 675 1249 signum
724 1181 1007 1251 accepistis
1029 1221 1047 1248 ,
1081 1179 1271 1251 partim
1301 1177 1493 1234 deleta:
1524 1187 1648 1232 sunt
1672 1217 1688 1243 ,
1719 1176 1908 1246 partim
1937 1184 2055 1244 poet

465 1271 588 1326 illos
609 1270 676 1326 ad
708 1273 944 1326 veritatis
966 1272 1135 1326 lucem
1152 1278 1491 1326 accesserunt
1515 1311 1530 1334 ,
1561 1283 1666 1323 non
1685 1271 1797 1338 jam
1825 1268 2052 1338 amplius

464 1361 693 1432 propria:
724 1362 1076 1432 improbitatis
1119 1360 1370 1416 indicium
1396 1360 1772 1423 circumferre,
1803 1359 1898 1414 sed
1925 1359 2056 1413 lihe-

464 1465 555 1507 ros
580 1466 732 1518 esse.
757 1462 812 1508 et
853 1452 919 1507 ad
950 1453 1227 1522 pristinam
1260 1453 1588 1507 nobilitatem
1619 1451 1814 1506 redire.
1869 1447 2052 1520 Cogita

464 1544 609 1599 enim
659 1543 913 1599 eximium
947 1543 1096 1598 illum
1125 1543 1481 1614 patriarcham
1505 1584 1520 1608 ,
1552 1543 1859 1613 priusquam
1911 1540 2054 1594 acci-

464 1643 616 1702 peret
643 1635 1068 1690 circumcisionis
1108 1634 1414 1689 mandatum
1458 1632 1771 1702 (nonaginta
1818 1631 1960 1686 enim
1997 1639 2051 1685 et

462 1740 655 1781 novem
680 1741 941 1781 annorum
969 1735 1084 1781 erat
1108 1725 1321 1795 quando
1365 1725 1469 1780 hoc
1495 1724 1544 1779 ei
1571 1721 1894 1793 praeceptum
1922 1721 2046 1792 est).

460 1825 735 1886 acceptum
758 1816 920 1871 fuisse
942 1817 1073 1877 Deo.
1102 1824 1157 1870 et
1179 1816 1480 1872 sexcenties
1502 1830 1532 1870 a
1563 1815 1788 1868 Domino
1813 1813 2052 1869 celebra-

461 1919 592 1962 tum.
622 1907 820 1976 thuia
847 1907 1155 1977 propediem
1174 1907 1553 1977 promissiones
1568 1916 1721 1962 erant
1742 1906 2045 1976 implendas,

461 1997 866 2068 uasciturusque
895 1997 1038 2053 Isaac
1062 2038 1078 2066 ,
1101 2007 1156 2052 et
1181 1997 1480 2068 augendum
1509 2012 1676 2068 genus
1694 2038 1710 2063 ,
1741 2007 1794 2051 et
1824 1996 2046 2066 patriar-

457 2086 574 2141 chte
613 2087 981 2158 emigrandum
1028 2099 1143 2142 erat
1171 2104 1236 2141 ex
1264 2087 1364 2142 hac
1397 2088 1502 2141 vita
1523 2127 1540 2152 ,
1570 2097 1694 2141 tunc
1719 2088 1931 2142 demum
1957 2102 2050 2141 ac-

459 2179 585 2247 cipit
615 2178 921 2233 tnandatnm
968 2177 1396 2234 circumcisionis
1416 2219 1431 2243 ,
1463 2186 1517 2231 et
1540 2177 1591 2230 in
1621 2177 1707 2230 tali
1737 2187 1894 2233 aetate
1937 2179 2048 2231 cir-

456 2267 796 2332 cumciditur,
817 2276 874 2321 ut
899 2267 1128 2337 posteris
1149 2267 1395 2320 omnibus
1421 2266 1506 2319 lex
1528 2266 1769 2335 quadam
1787 2275 1841 2321 et
1865 2267 2046 2338 regula

459 2357 649 2412 tierent
674 2373 736 2412 es
766 2373 886 2427 quae
917 2356 1213 2427 patriarcha
1245 2358 1389 2425 prior
1412 2355 1630 2411 fecerat.

525 2447 581 2502 5.
617 2446 685 2502 Et
729 2458 787 2501 ut
832 2446 1108 2502 evidenter
1140 2446 1357 2501 discatis
1383 2487 1400 2514 ,
1429 2445 1648 2514 dilecti,
1676 2447 1778 2502 hoc
1822 2447 1951 2502 nihil
1981 2447 2046 2502 ad

454 2535 646 2592 animat
669 2537 914 2592 virtutem
931 2536 1256 2601 conducere,
1279 2551 1345 2591 ex
1362 2536 1429 2591 iis
1442 2552 1560 2606 qua:
1585 2535 1724 2591 facta
1739 2546 1862 2590 sunt
1881 2537 2048 2592 νὶἀιϊὶ

453 2636 649 2698 potest.
677 2629 785 2682 Cur
803 2629 943 2683 enim
966 2629 1058 2692 ait,
1086 2627 1211 2683 Octo
1234 2630 1428 2683 dierum
1447 2629 1617 2701 infans
1643 2630 2052 2685 circumcidctur.’

455 2717 690 2790 Tempus
706 2718 983 2774 deﬁnitum
1004 2735 1124 2776 csse
1143 2736 1173 2774 a
1195 2720 1424 2790 benigno
1443 2720 1550 2775 Deo
1567 2721 1773 2774 duabus
1792 2720 1859 2776 de
1873 2722 2047 2774 causis

459 2811 652 2881 opinor
680 2828 696 2866 :
725 2826 830 2866 una
853 2853 868 2875 .
899 2821 955 2866 ut
985 2812 1038 2866 in
1067 2822 1228 2868 aetate
1257 2811 1533 2867 immatura
1575 2812 1782 2867 facilius
1809 2827 2042 2869 circum-

454 2900 674 2956 eisiouis
707 2902 758 2956 in
787 2917 951 2957 carne
977 2902 1275 2957 molestiam
1318 2901 1461 2958 terre
1488 2911 1699 2971 posset;
1728 2903 1831 2957 alia
1873 2913 1930 2957 ut
1954 2919 2042 2960 re-

454 2989 556 3045 bus
584 2989 714 3062 ipsis
747 2990 1076 3047 disceremus
1105 2991 1156 3046 id
1181 2993 1377 3048 animte
1407 2992 1539 3048 nihil
1577 2993 1904 3059 conducere,
1948 2995 2042 3050 sed

453 3077 557 3136 hoc
586 3078 700 3135 licri
726 3080 863 3151 signi
890 3083 1079 3151 gratia.
1110 3082 1248 3136 Puer
1271 3083 1414 3137 enim
1445 3083 1793 3151 immaturus,
1825 3099 1946 3140 cum
1976 3100 2040 3141 ea

456 3187 580 3242 qua:
604 3169 739 3228 ﬁunt
768 3173 999 3244 ignorat,
1025 3188 1198 3240 neque
1222 3188 1439 3230 sensum
1463 3188 1650 3229 eorum
1673 3175 1853 3238 habet,
1885 3192 2044 3246 quam

456 3260 584 3317 inde
625 3263 678 3316 in
717 3265 895 3318 anima
938 3278 1031 3317 sua
1072 3265 1350 3318 utilitatem
1390 3264 1632 3334 accipere
1672 3265 1912 3335 poterit?
1951 3265 2042 3321 Illa

454 3352 600 3409 enim
634 3361 760 3409 sunt
787 3367 911 3408 vere
939 3353 1074 3408 bona
1101 3367 1263 3421 Opera
1293 3352 1518 3416 animae,
1550 3368 1670 3422 qua:
1695 3368 1762 3407 ex
1785 3354 2046 3409 electione

457 3444 609 3497 tlunt.
640 3441 845 3498 Animte
873 3443 1016 3498 enim
1039 3442 1234 3497 bonum
1261 3457 1394 3512 opus
1425 3451 1508 3498 est
1537 3443 1782 3497 virtutem
1809 3445 2007 3513 eligere
2027 3487 2042 3508 ,

454 3541 510 3588 et
531 3533 786 3586 malitiam
806 3531 1020 3603 fugere;
1043 3533 1235 3587 anima:
1255 3532 1454 3586 bonum
1475 3547 1607 3601 opus
1628 3544 1731 3599 est,
1754 3550 1858 3587 non
1886 3533 2046 3588 modo

455 3638 564 3678 non
596 3624 746 3693 plura
768 3638 928 3693 quam
958 3633 1170 3693 oportet
1195 3623 1576 3692 concupiscere
1599 3665 1615 3688 ,
1649 3623 1740 3677 sed
1777 3625 1936 3678 etiam
1963 3623 2044 3678 l'a-

455 3713 682 3767 cultates
720 3712 957 3767 tribuere
1001 3711 1399 3780 indigentibus;
1449 3713 1641 3769 anima:
1680 3714 1874 3767 bonum
1913 3729 2046 3782 opus

457 3813 540 3856 ost
562 3842 579 3868 ,
612 3817 718 3855 non
742 3801 1010 3857 addictum
1048 3815 1168 3856 esse
1213 3801 1370 3857 rebus
1414 3802 1765 3873 priescutibus
1785 3843 1798 3867 ,
1831 3803 1926 3858 sed
1955 3820 2046 3859 eas

461 3894 676 3962 quidem
705 3893 980 3960 despicere
999 3934 1016 3958 ,
1049 3891 1254 3948 futuras
1290 3902 1469 3948 autem
1498 3895 1752 3948 continuo
1784 3895 1836 3948 in
1866 3895 2047 3949 animo

458 3984 677 4039 habere.
703 3984 759 4038 ln
789 3999 947 4039 carne
970 3999 1098 4038 vero
1126 3983 1336 4054 signum
1365 3985 1630 4053 accipere,
1657 3986 1816 4054 quale
1845 3987 2042 4040 bonum

458 4089 592 4143 opus
633 4073 833 4126 fuerit?
863 4073 1057 4128 Verum
1103 4073 1292 4140 ingrati
1337 4073 1410 4127 illi
1453 4081 1509 4127 et
1544 4075 1809 4129 'inscnsati
1834 4075 2002 4129 Judaei
2033 4117 2046 4140 ,

460 4164 701 4234 quamvis
722 4164 831 4232 jam
855 4163 1085 4217 illuxerit
1108 4165 1325 4229 veritas,
1354 4163 1528 4217 adhuc
1555 4164 1607 4217 in
1630 4167 1816 4218 umbra
1841 4165 2050 4233 sedent,

460 4265 513 4311 et
543 4256 790 4325 quamvis
821 4255 898 4308 sol
918 4254 1137 4324 justitia:
1159 4252 1436 4319 allulserit,
1464 4255 1554 4323 qui
1576 4253 1712 4309 lucis
1737 4271 1846 4309 sua:
1871 4255 2051 4310 radios

461 4346 692 4416 undique
716 4346 912 4410 emisit,
935 4346 1109 4398 adhuc
1137 4345 1446 4400 lucernarite
1471 4346 1574 4400 luci
1602 4356 1728 4402 sunt
1750 4348 1942 4402 addicti
1965 4366 1979 4414 ;
2001 4358 2055 4404 et

459 4438 700 4507 quamvis
749 4439 817 4491 sit
862 4447 1071 4504 tempus
1116 4445 1171 4489 ut
1212 4435 1384 4490 solido
1421 4445 1706 4506 pascantur
1749 4438 1904 4502 cibo,
1954 4440 2051 4508 ipsi

461 4530 637 4584 adhuc
658 4531 789 4583 lacte
821 4530 1166 4593 nutriuntur;
1194 4542 1367 4596 neque
1388 4528 1596 4581 beatum
1623 4529 1839 4582 Paulum
1868 4532 2052 4585 audire

461 4620 646 4674 Volunt
666 4619 979 4674 clamantem
998 4633 1043 4673 e!
1066 4619 1328 4672 dicentem
1347 4616 1415 4671 de
1435 4618 1726 4686 patriarcha
1747 4618 1842 4674 εΕι
1857 4622 2054 4690 signum

464 4710 654 4780 accepit
679 4708 1100 4772 circumcisionis,
1125 4708 1442 4777 signaculum
1455 4707 1675 4776 justitisc
1696 4709 1817 4775 ﬁdei
1840 4726 1954 4778 qui?
1981 4721 2054 4765 est

465 4801 516 4852 in
540 4799 789 4869 praeputia
817 4797 1002 4868 (Rom.
1033 4797 1086 4852 4.
1113 4798 1170 4851 ll
1200 4798 1238 4865 ).
1273 4795 1404 4850 Vide
1423 4798 1690 4866 quomodo
1714 4808 1936 4868 utraque
1957 4817 2054 4856 nos

467 4891 667 4956 docuit,
700 4899 754 4945 et
779 4891 951 4959 ipsum
980 4890 1252 4957 accepisse
1277 4889 1411 4958 signi
1436 4889 1553 4943 loco
1572 4891 2052 4955 circumcisionem,

469 4993 671 5038 etcum
721 4985 1062 5052 prteputiatus
1107 4989 1224 5036 erat
1248 5023 1263 5046 ,
1288 4981 1545 5049 justitiam
1583 4997 1703 5051 quae
1740 4993 1822 5036 est
1859 4998 1923 5037 ea
1954 4983 2056 5038 llde

467 5073 785 5128 ostendisse.
813 5071 943 5126 Nam
973 5086 1037 5124 ne
1068 5071 1399 5139 impudenter
1419 5069 1633 5124 Judazus
1655 5069 1799 5124 dicat
1830 5090 1842 5125 :
1870 5071 2056 5126 Nonne

469 5165 806 5222 circumcisio
850 5163 899 5217 ei
937 5162 1196 5232 justitiam
1240 5162 1582 5216 conciliavit?
1626 5163 1824 5217 idcirco
1872 5165 2056 5220 beatus

477 5259 564 5312 ille
589 5258 654 5311 ad
681 5256 844 5326 pedes
873 5253 1179 5310 Gamalielis
1211 5253 1450 5309 eruditus
1479 5253 1629 5324 (Act.
1664 5255 1752 5308 εἰ.
1783 5257 1890 5324 5),
1922 5265 1974 5310 et
2005 5257 2056 5311 in

473 5351 588 5420 lege
629 5346 866 5417 apprime
913 5345 1182 5400 institutus
1203 5387 1217 5407 ,
1251 5344 1419 5413 inquit
1452 5365 1466 5399 :
1495 5343 1572 5399 Ne
1606 5346 1799 5411 putetis
1823 5386 1838 5410 ,
1883 5347 2055 5416 impos

472 5441 659 5494 dentes
683 5436 873 5502 Judaei,
903 5435 1356 5490 circomcisioncm
1381 5435 1476 5502 ipsi
1499 5434 1696 5503 aliquid
1717 5434 1781 5487 ad
1800 5435 2058 5503 justitiam

473 5529 762 5586 contulisse
789 5545 803 5582 :
826 5541 950 5581 nam
979 5540 1099 5579 cum
1121 5524 1211 5576 illo
1237 5533 1472 5592 tempore
1499 5524 1739 5592 prteputii
1771 5525 1926 5578 tidem
1951 5540 2059 5594 pra:

541 5687 556 5718 ⁸
592 5686 753 5742 savil.,
795 5683 865 5734 ita
898 5684 1042 5735 etiam
1090 5681 1187 5747 hic,
1228 5691 1355 5745 cum,
1394 5684 1444 5726 ut
1480 5678 1854 5747 distingueretur
1899 5695 2059 5731 semen

470 5747 697 5800 Abrchw,
732 5754 772 5795 ct
798 5758 888 5794 non
911 5758 1020 5795 cum
1042 5742 1255 5804 gentibus
1281 5743 1577 5799 iutsct':'t’!ttr.
1607 5742 1792 5804 signia"
1818 5743 1902 5791 hoc
1928 5758 2054 5807 (lpus

472 5822 572 5859 1'03.

1198 426 1257 482 S.
1296 423 1573 483 JOANNIS
1611 420 2081 481 CHRYSOSTOIII
2122 421 2441 480 ARCHIEP.
2481 425 3014 483 CONSTANTINOP.

3656 433 3764 491 368

2162 549 2221 590 se
2247 533 2408 591 ferret
2431 577 2447 600 ,
2493 537 2693 593 audivit
2725 557 2738 594 :
2771 538 2996 594 Credidit
3025 549 3192 595 autem
3227 542 3499 616 Abraham
3523 541 3634 598 Deo
3655 584 3673 610 ,
3713 556 3763 600 α

2161 635 2449 695 reputatum
2481 638 2554 683 cst
2580 631 2625 683 ei
2649 631 2701 684 in
2716 632 2972 703 justitiam
3004 622 3194 704 (Rom.
3227 633 3281 687 4.
3311 635 3346 689 3
3365 636 3406 703 ).
3437 634 3569 690 Cum
3600 636 3764 706 igitur

2162 725 2308 772 esset
2341 717 2452 788 jam
2485 719 2661 788 justus
2703 721 2774 775 ob
2812 722 2966 776 suam
3013 725 3065 777 in
3099 723 3266 780 Deum
3319 724 3480 779 iidem
3506 767 3522 790 ,
3551 735 3677 782 tunc
3707 729 3762 784 in

2162 807 2371 877 signum
2401 808 2862 866 circumcisionem
2899 815 3106 884 accepit
3137 831 3151 868 :
3179 825 3236 869 et
3278 815 3504 886 primum
3544 818 3759 887 quidem

2163 899 2365 953 nomini
2393 900 2510 970 ejus
2539 901 2690 956 litera
2717 901 2954 968 additur,
2981 905 3180 961 deinde
3208 918 3387 962 autem
3418 909 3762 964 circumcisio

2163 989 2488 1058 imperatur:
2520 1007 2626 1061 quo
2645 993 2878 1047 ostendit
2907 993 3049 1049 Deus
3073 1010 3134 1050 se
3153 996 3223 1050 ob
3253 999 3472 1052 multam
3505 1000 3758 1056 virtutem

2154 1079 2356 1149 justum
2381 1083 2723 1150 peculiariter
2746 1084 3030 1154 adoptasse
3053 1125 3068 1152 ,
3098 1095 3151 1142 et
3177 1096 3399 1158 propter
3425 1090 3568 1144 illtnn
3597 1093 3757 1146 etiam

2159 1185 2254 1226 eos
2279 1173 2367 1240 qui
2396 1187 2460 1226 ex
2488 1188 2556 1228 eo
2580 1175 2830 1229 nascituri
2861 1185 3033 1231 erant.
3063 1177 3129 1232 Et
3155 1180 3601 1248 quemadmodum
3634 1199 3758 1237 cum

2159 1263 2280 1331 quis
2308 1278 2527 1318 servum
2572 1269 2994 1335 comparaverit,
3038 1284 3233 1324 nomen
3264 1271 3380 1338 ejus
3421 1281 3473 1324 et
3514 1271 3753 1325 habitum

2158 1366 2302 1422 swpe
2333 1354 2599 1419 immutat,
2625 1359 2912 1427 omniaque
2941 1358 3089 1424 facit,
3120 1371 3176 1412 ut
3196 1361 3397 1415 sciatur
3427 1362 3591 1430 ipsius
3612 1377 3754 1424 esse,

2159 1458 2222 1499 ac
2246 1446 2346 1500 sub
2386 1447 2542 1514 cujus
2567 1447 2635 1500 sit
2664 1447 2937 1503 dominatu
2967 1465 3079 1519 prtc
3099 1465 3161 1506 se
3190 1450 3322 1505 ierat
3356 1467 3368 1500 τ
3403 1452 3474 1506 ita
3506 1453 3755 1505 nimirum

2155 1547 2212 1592 et
2239 1539 2477 1593 omnium
2509 1540 2795 1607 Dominus,
2822 1541 2971 1611 quasi
2998 1541 3222 1612 posthac
3249 1557 3498 1610 separare
3527 1559 3621 1598 eos
3658 1560 3754 1596 vo-

2158 1630 2274 1684 lens
2315 1629 2383 1683 ab
2412 1630 2531 1684 aliis
2557 1630 2858 1686 hominibus
2878 1674 2892 1692 .
2920 1632 3126 1702 adjecta
3155 1632 3368 1702 quidem
3402 1634 3550 1687 litera
3578 1634 3756 1689 decla-

2155 1720 2290 1774 ravit
2312 1721 2456 1774 illum
2480 1721 2762 1776 multorum
2788 1723 3099 1792 populorum
3126 1723 3242 1778 fore
3267 1737 3504 1793 patrem;
3527 1725 3757 1778 circum-

2155 1811 2355 1865 cisioue
2382 1819 2560 1866 autem
2579 1812 2694 1880 ejus
2718 1814 2967 1882 p0polum
2996 1813 3306 1868 distinctum
3331 1813 3462 1877 tore,
3491 1823 3547 1869 et
3570 1828 3755 1871 semen

2154 1915 2219 1956 ex
2245 1916 2310 1955 eo
2332 1901 2654 1955 nasciturum
2676 1902 2744 1956 ah
2762 1902 2879 1956 aliis
2898 1903 3145 1972 gentibus
3165 1911 3577 1974 sequestratum.
3600 1903 3756 1968 Quod

2155 1995 2198 2047 si
2241 2001 2297 2048 et
2343 1993 2417 2048 illi
2446 1994 2516 2048 ob
2559 1994 2853 2048 caecitatem
2900 2009 3051 2050 suam
3091 1993 3272 2050 adhuc.
3300 2009 3518 2050 servare
3570 1996 3758 2049 volunt

2154 2084 2332 2137 carnis
2357 2084 2842 2149 circumcisionem,
2875 2099 2981 2138 non
3000 2083 3279 2140 audientes
3309 2086 3501 2140 iterum
3524 2084 3747 2139 Paulum

2154 2173 2416 2228 dicentem
2438 2190 2451 2227 :
2472 2173 2533 2227 Si
2543 2174 2978 2235 circumcidimini,
2996 2173 3226 2229 Christus
3238 2175 3365 2228 nihil
3387 2174 3520 2228 vobis
3533 2175 3758 2244 proderit

2155 2262 2368 2333 (ϐαιτερ.
2401 2263 2454 2318 5.
2485 2262 2558 2333 2)
2592 2264 2756 2335 (nam
2796 2272 3015 2333 propter
3053 2263 3168 2320 htec
3209 2264 3423 2318 advenit
3453 2265 3709 2321 Dominus
3735 2305 3753 2326 .

2155 2364 2211 2406 ιιι
2240 2352 2419 2406 omnia
2448 2351 2537 2406 illa
2565 2351 2797 2414 tolleret.
2829 2363 2989 2423 atque
3017 2353 3136 2408 ideo
3164 2361 3329 2408 totam
3361 2355 3530 2423 legem
3565 2353 3754 2419 imple-

2153 2444 2250 2509 vit,
2285 2451 2342 2496 ut
2363 2442 2494 2513 legis
2521 2442 2826 2498 observatio
2857 2445 3014 2497 linem
3035 2442 3257 2498 haberet
3286 2460 3300 2500 :
3325 2442 3521 2497 idcirco
3542 2442 3756 2498 dicebat

2155 2533 2341 2588 beatus
2362 2530 2554 2586 Paulus
2581 2547 2597 2585 :
2623 2531 2934 2600 Quicumque
2953 2533 3006 2586 in
3025 2532 3515 2604 legejustiﬁcmnini,
3540 2549 3571 2583 a
3590 2533 3756 2602 gratia

2145 2625 2411 2679 cxcidistis
2438 2621 2602 2697 [Ποία.
2633 2640 2682 2678 υ.
2715 2621 2852 2697 4]);
2899 2638 3085 2678 verum
3128 2637 3228 2677 nos
3267 2638 3550 2694 parcamus
3598 2623 3757 2677 beato

2153 2714 2298 2779 huic,
2321 2723 2376 2769 et
2390 2729 2496 2769 non
2516 2713 2869 2769 niauutactam
2886 2713 3351 2769 circumcisionem
3371 2713 3750 2781 suscipiamus.

2157 2808 2294 2862 Dicit
2315 2807 2462 2863 enim
2481 2848 2497 2872 ,
2527 2806 2594 2860 In
2620 2823 2717 2876 quo
2751 2806 3034 2859 circumcisi
3075 2806 3193 2858 estis
3226 2805 3607 2858 circumcisione
3648 2821 3752 2857 nats

2153 2900 2468 2968 manufacta,
2512 2899 2566 2953 in
2590 2897 2958 2967 despoliationc
2987 2906 3311 2967 peccatorum
3340 2897 3509 2949 carnis
3527 2936 3542 2959 .
3574 2897 3627 2949 in
3653 2898 3732 2948 cir

2151 2989 2454 3044 cumcisione
2477 2989 2666 3045 Christi
2690 2993 2709 3059 (
2729 2990 2922 3044 Coloss.
2955 2988 3009 3043 2.
3040 2990 3100 3043 il
3124 2989 3164 3058 ).
3199 2988 3401 3044 Deinde
3423 2988 3626 3043 docens
3655 3003 3728 3042 no

2153 3080 2464 3151 diligentius
2509 3079 2634 3149 quid
2666 3080 2735 3132 sit
2777 3079 3041 3147 ejusmodi
3111 3078 3482 3140 circumcisio,
3530 3077 3703 3132 subdit
3741 3099 3754 3132 :

2152 3173 2445 3245 Conseputti
2496 3175 2541 3227 ei
2567 3175 2621 3226 in
2660 3172 2907 3242 baptismo
2939 3168 3115 3243 (Ibid.
3167 3187 3216 3224 υ.
3265 3170 3385 3239 12).
3429 3169 3577 3226 Sicut
3609 3171 3754 3225 enim

2155 3265 2272 3319 illos
2295 3262 2712 3319 circumcisionis
2742 3262 2952 3331 signum
2976 3261 3044 3314 ah
3087 3261 3205 3314 aliis
3231 3260 3476 3330 gentibus
3505 3275 3753 3331 segrega-

2152 3354 2275 3418 hat,
2301 3363 2356 3408 et
2379 3352 2779 3408 demonstrabat
2803 3365 2898 3406 eos
2945 3351 3287 3420 peculiariter
3324 3350 3390 3404 ad
3419 3351 3585 3406 Deum
3629 3366 3754 3421 pcr-

2154 3445 2324 3499 tinere
2367 3460 2381 3498 :
2413 3441 2574 3496 simili
2605 3441 2765 3494 modo
2791 3442 2953 3496 etiam
2994 3441 3133 3510 apud
3161 3456 3260 3495 nos
3298 3443 3632 3496 circumcisio
3660 3458 3756 3511 per

2154 3534 2474 3603 baptismum
2499 3532 2881 3587 evidentiorem
2900 3531 3023 3585 facit
3049 3532 3442 3600 separationem
3471 3541 3525 3586 et
3547 3531 3754 3586 discre-

2151 3624 2351 3678 tionem
2380 3621 2612 3677 ﬁdelium
2641 3632 2693 3676 et
2722 3621 3034 3677 inﬁdelium.
3070 3621 3206 3677 Dicit
3231 3624 3374 3677 enim
3406 3641 3418 3674 :
3459 3621 3638 3693 Inqtto
3657 3625 3756 3676 circ
3819 3672 3828 3680 .

2153 3715 2361 3768 cumcisi
2372 3715 2488 3768 estis
2503 3713 2880 3766 circumcisione
2891 3729 2989 3766 non
3004 3712 3311 3780 manufacta.
3333 3712 3385 3764 in
3397 3712 3758 3780 despoliationc

2156 3817 2473 3878 peccatorum
2491 3806 2679 3859 carnis.
2716 3804 2847 3859 Nam
2877 3805 2928 3859 id
2956 3805 3098 3874 quod
3129 3804 3235 3859 illic
3251 3814 3506 3872 operator
3524 3805 3754 3858 circum-

2154 3900 2288 3953 cisio
2308 3898 2361 3952 in
2378 3897 2766 3967 depositionem
2786 3896 3092 3962 carnis,boc
3121 3896 3208 3951 hic
3243 3897 3352 3964 agit
3383 3897 3676 3966 haptismus
3704 3898 3756 3949 iu

2155 3990 2544 4059 depositionem
2589 3997 2949 4058 peccatorum.
3015 3987 3176 4058 Igitur
3217 3988 3306 4057 qui
3370 3987 3536 4041 semel
3580 3989 3758 4042 carnis

2158 4091 2373 4150 peccata
2419 4078 2696 4144 exuimus,
2739 4089 2793 4133 et
2833 4095 3022 4149 puram
3070 4079 3236 4132 induti
3278 4075 3464 4132 sumus
3511 4088 3713 4131 vestem
3740 4119 3756 4136 .

2158 4183 2487 4233 maneamus,
2519 4168 2722 4234 dilecti,
2753 4170 2804 4222 in
2832 4170 3079 4237 puritate.
3105 4179 3157 4221 et
3182 4167 3552 4222 affectionibus
3576 4168 3757 4222 carnis

2159 4261 2464 4329 superiores
2478 4259 2597 4313 iacti
2614 4261 2859 4312 virtutem
2882 4259 3265 4327 amplcxemnr.
3289 4257 3348 4310 Et
3369 4257 3461 4325 qui
3478 4256 3576 4311 sub
3591 4258 3758 4323 gratia

2160 4365 2375 4415 sumus,
2404 4364 2526 4404 eum
2545 4350 2632 4419 qui
2659 4351 2711 4403 in
2733 4351 2876 4419 lege,
2912 4351 3018 4402 imo
3043 4358 3166 4402 ante
3192 4348 3364 4416 legem
3396 4347 3511 4411 fuit,
3541 4350 3762 4401 temule-

2160 4458 2322 4497 mur:
2355 4450 2413 4496 ut
2440 4454 2562 4495 cum
2588 4441 2809 4510 vestigia
2829 4441 2946 4508 ejus
2985 4439 3256 4508 sequendo
3300 4439 3465 4492 vitam
3513 4445 3756 4492 nostram

2161 4532 2458 4587 rexerimus
2481 4572 2506 4595 ,Α
2547 4545 2852 4585 mereamur
2891 4530 2942 4584 in
2993 4531 3133 4583 illius
3171 4531 3319 4583 sinus
3356 4543 3661 4591 occurrere,
3707 4541 3763 4584 et

2161 4621 2501 4690 sempiternis
2544 4619 2644 4673 irui
2673 4619 2859 4684 bonis,
2899 4621 3064 4691 gratia
3102 4629 3157 4673 et
3198 4619 3520 4687 benignitate
3551 4619 3762 4675 Domini

2163 4711 2329 4764 nostri
2359 4709 2484 4763 Jesu
2509 4705 2742 4773 Christi,
2771 4722 2893 4761 cum
2926 4722 3031 4776 quo
3063 4707 3228 4770 Patri,
3251 4715 3308 4762 et
3330 4705 3551 4776 Spiritui
3575 4719 3764 4763 sancto

2163 4800 2232 4855 sit
2260 4799 2449 4868 gloria,
2474 4799 2754 4866 imperium
2777 4807 2832 4851 et
2869 4799 3038 4852 honor
3057 4836 3072 4863 ,
3112 4810 3254 4852 nunc
3278 4805 3335 4852 et
3361 4812 3593 4868 semper,
3623 4807 3678 4852 et
3709 4801 3764 4853 in

2161 4892 2352 4948 sarcula
2379 4889 2715 4946 surculorum.
2745 4893 2936 4945 Amen.

2741 5024 3021 5080 llOMlLIA
3061 5024 3174 5079 XL.

2165 5137 2232 5190 Et
2277 5138 2406 5189 dixit
2449 5135 2589 5189 Deus
2635 5136 2854 5189 Abraluc
2879 5153 2898 5190 :
2940 5135 3073 5190 Sara
3103 5152 3235 5189 ua'or
3261 5145 3348 5189 tua
3377 5153 3477 5190 non
3505 5139 3763 5191 vocabitur

2261 5229 2413 5289 Sara.
2446 5229 2532 5281 sed
2562 5227 2723 5281 Sarra
2755 5230 2847 5280 erit
2878 5245 3056 5281 nomen
3089 5229 3199 5298 ejus
3224 5227 3385 5299 (Gen.
3412 5230 3497 5284 l7.
3530 5231 3598 5284 15
3619 5233 3660 5300 ).

2243 5322 2293 5373 l.
2329 5321 2438 5388 Age
2472 5319 2728 5387 reliquias
2766 5318 3029 5373 licstcrnte
3071 5335 3269 5374 illellSﬂ‘.
3295 5322 3446 5375 vobis
3493 5336 3763 5391 propona-

2170 5427 2308 5475 mus,
2341 5421 2393 5463 ct
2421 5410 2580 5464 linem
2616 5411 2774 5463 hodie
2805 5412 3139 5478 imponamus
3164 5413 3423 5474 sermoni,
3459 5414 3565 5466 imo
3594 5415 3764 5469 bene-

2169 5503 2387 5557 diCIioui
2430 5511 2483 5554 et
2515 5501 2852 5569 promissioni
2892 5517 3049 5571 quam
3099 5501 3222 5556 fecit
3250 5505 3619 5559 universorum
3662 5505 3766 5558 Do-

2170 5596 2346 5648 minus
2377 5592 2713 5661 patriarelne.
2762 5593 2958 5647 Verum
2997 5595 3219 5649 audiens
3245 5597 3497 5664 reliquias
3524 5612 3726 5652 mensa:
3746 5639 3762 5661 ,

2171 5701 2238 5740 ne
2267 5685 2392 5754 quid
2421 5683 2673 5737 sensibile
2696 5685 2984 5752 suspiceris
3008 5703 3020 5737 :
3052 5701 3224 5755 neque
3249 5688 3390 5740 enim
3419 5687 3605 5756 quales
3641 5701 3765 5744 sunt

2172 5777 2470 5830 eduliornm
2517 5775 2880 5841 Sensihilinm,
2931 5777 3062 5832 talos
3109 5779 3460 5848 spiritualium
3502 5783 3596 5835 reli
3623 5782 3760 5849 .tliJP.
