4058 6426
293 443 411 500 369

292 556 418 613 Illae
481 558 625 614 enim
653 571 775 612 cum
828 552 1032 624 frigida:
1079 550 1229 605 facta:
1274 546 1468 601 fuerint
1495 588 1507 609 ,
1538 545 1676 599 haud
1726 557 1906 614 parem

290 651 637 721 voluptatem
659 644 1088 706 convivatoribus
1113 648 1400 711 prtestant:
1432 654 1553 692 nam
1575 639 1621 690 si
1648 636 1714 690 ad
1744 650 1905 689 unum

288 753 393 797 aut
442 745 676 800 alterum
702 742 847 796 diem
874 736 1073 791 fuerint
1100 741 1383 787 reservata:
1403 771 1418 795 ,
1450 729 1665 783 inutiles
1686 725 1906 781 omnino

289 832 443 889 fiunt
466 856 478 890 :
508 834 621 888 ista
641 846 769 886 vero
784 843 890 883 non
911 826 1085 881 solum
1104 824 1149 879 si
1172 823 1223 877 in
1244 837 1402 877 unum
1422 831 1477 875 et
1496 819 1720 873 alterum
1738 816 1903 880 diem,

286 925 395 979 sed
466 934 523 979 et
572 921 855 994 quantovis
903 926 1144 986 tempore
1200 913 1403 969 relictae
1430 910 1661 971 fuerint,
1723 919 1907 976 parem

286 1015 567 1071 exhibent
592 1012 894 1073 utilitatem,
916 1006 1270 1073 eamdemque
1288 1002 1517 1057 afferunt
1541 999 1865 1068 voluptatem
1885 1012 1905 1053 ε

283 1106 503 1160 divina:
547 1104 691 1160 enim
716 1109 840 1157 sunt
866 1109 920 1153 et
962 1094 1299 1167 spirituales,
1352 1105 1525 1161 neque
1551 1088 1723 1142 ullum
1765 1087 1847 1142 eis
1875 1101 1907 1140 a

287 1208 551 1268 tempore
580 1200 963 1251 nocumentum
1002 1188 1286 1249 imminet,
1322 1182 1417 1239 sed
1440 1180 1680 1253 quotidie
1708 1194 1905 1235 novum

290 1288 546 1357 vigorem
586 1286 1054 1344 afferunt,eteos
1080 1276 1173 1348 qui
1218 1276 1323 1331 illis
1366 1272 1468 1327 frui
1495 1268 1905 1337 volunt,.multa

288 1378 531 1447 implent
559 1375 758 1430 lzetitia.
790 1370 1025 1428 Proinde
1045 1369 1168 1439 quia
1198 1366 1320 1421 talis
1341 1365 1528 1419 harum
1559 1360 1905 1432 reliquiarum

289 1468 383 1520 vis
412 1477 515 1530 est,
544 1482 639 1536 age
664 1463 915 1518 alacriter
939 1469 997 1516 et
1024 1474 1123 1513 vos
1153 1471 1403 1526 magnam
1429 1453 1552 1509 inde
1580 1450 1904 1522 voluptatem

287 1559 529 1622 auferte,
562 1570 765 1625 nosque
792 1554 1016 1608 fidentes
1036 1563 1223 1605 earum
1242 1546 1515 1611 efficacia,
1544 1557 1906 1615 proponamus

287 1664 400 1704 eas
432 1660 627 1703 vestrae
664 1644 894 1701 caritati.
947 1642 1145 1697 Verum
1172 1648 1229 1693 ut
1272 1638 1423 1692 vobis
1464 1651 1642 1692 sermo
1673 1636 1764 1690 ille
1790 1650 1905 1689 ma-

290 1739 553 1794 nifestior
570 1737 825 1801 videatur,
844 1748 1022 1805 opera:
1040 1733 1267 1802 pretium
1283 1728 1441 1783 fuerit
1456 1726 1764 1782 meminisse
1784 1724 1906 1780 ﬁnis

293 1831 422 1886 beri
459 1830 723 1884 dictorum
748 1868 764 1894 ,
798 1835 855 1880 ut
893 1826 972 1880 sic
1013 1823 1261 1879 ordinem
1287 1835 1351 1875 ac
1391 1820 1585 1875 seriem
1630 1816 1903 1888 assequuti

289 1922 600 1977 doctrinam
623 1920 962 1989 attingamus.
988 1916 1111 1971 Heri
1134 1922 1460 1985 praeceptum
1481 1910 1904 1966 circumcisiouis

286 2013 623 2069 adduximus
647 2012 699 2067 in
727 2010 977 2075 medium,
1006 2017 1060 2063 ct
1087 2006 1286 2061 dictum
1315 2003 1444 2058 illud
1473 2004 1563 2057 Dei
1580 2002 1644 2057 ad
1673 2002 1902 2072 patriar-

288 2104 460 2159 cliam
493 2120 507 2157 :
541 2101 939 2157 Circumcidetur
979 2113 1126 2152 omne
1181 2095 1517 2149 masculinum
1561 2104 1813 2159 vestrum,
1858 2100 1905 2147 et

290 2193 397 2247 crit
424 2195 475 2247 in
508 2196 707 2263 signant
743 2189 1024 2244 testamenti
1053 2188 1183 2240 inter
1230 2202 1307 2239 me
1331 2193 1378 2239 et
1410 2201 1515 2238 vos.
1550 2182 1617 2237 Et
1648 2200 1773 2255 puer
1791 2192 1905 2237 octo

291 2285 500 2336 dierum
536 2281 945 2336 circumcidetur.
981 2278 1046 2331 Et
1068 2279 1155 2347 qui
1191 2293 1293 2331 non
1331 2276 1657 2329 circumcisus
1700 2275 1853 2344 fuerit
1883 2314 1903 2340 ,

300 2374 490 2443 peribit
531 2373 706 2425 anima
744 2371 861 2433 illa,
887 2371 1007 2440 quia
1036 2368 1389 2422 testamentum
1423 2383 1589 2421 meum
1617 2366 1901 2439 dissipavit.

294 2463 377 2518 Ibi
402 2478 707 2518 Sermonem
741 2461 1008 2514 linivimus
1036 2459 1087 2512 in
1109 2457 1535 2513 circumcisionis
1564 2466 1898 2528 argumento;

289 2563 354 2607 et
388 2568 453 2605 ne
476 2552 815 2607 multitudine
840 2551 1104 2605 dictorum
1126 2558 1356 2602 vestram
1379 2548 1732 2604 obrueremus
1744 2564 1899 2604 men-

293 2653 427 2710 tem,
461 2645 727 2698 noluimus
772 2643 905 2697 ultra
932 2639 1202 2710 progredi.
1230 2639 1414 2707 Neque
1435 2639 1579 2693 enim
1603 2638 1704 2695 hoc
1725 2638 1902 2694 solum

288 2750 567 2801 curamus,
593 2743 649 2787 ut
670 2733 832 2786 tnttlta
854 2730 1117 2795 dicamus,
1139 2738 1192 2783 et
1213 2738 1395 2798 postea
1416 2728 1785 2793 abscedamus,
1806 2728 1900 2783 sed

291 2825 464 2878 uestri
506 2823 772 2878 sermonis
815 2820 1114 2875 doctrinam
1160 2819 1352 2872 vestris
1405 2817 1607 2873 viribus
1657 2819 1902 2888 cupimus

287 2932 415 2970 csse
439 2915 797 2985 adtequatam,
825 2921 880 2965 ut
905 2911 1080 2970 fructu
1105 2909 1355 2979 qquiam
1377 2924 1444 2963 ex
1467 2908 1623 2963 dictis
1646 2919 1899 2980 percepto

286 3009 513 3063 domum
546 3004 776 3059 redeatis
800 3018 1010 3059 omnes.
1054 3005 1170 3071 Age
1213 3002 1373 3071 igitur
1398 3000 1467 3056 ad
1507 3016 1569 3056 ea
1595 3017 1714 3071 quae
1756 3002 1899 3057 dicta

287 3107 417 3155 sunt
437 3138 455 3164 ,
499 3095 851 3165 adjungamus
887 3100 943 3149 et
971 3092 1175 3163 reliqua
1205 3108 1219 3145 :
1248 3101 1306 3146 ut
1332 3091 1604 3146 videamus
1632 3101 1750 3161 post
1786 3092 1896 3146 cir-

291 3188 643 3245 cumcisionis
667 3193 1017 3256 przeceptum,
1046 3184 1173 3254 quid
1204 3183 1464 3253 benignus
1494 3183 1636 3236 Deus
1666 3182 1895 3251 patriar-

288 3286 412 3338 cha:
436 3282 681 3352 loquatur
710 3290 763 3336 et
790 3284 1073 3349 proponat.
1098 3277 1186 3332 I5.
1220 3276 1289 3329 Et
1327 3275 1456 3330 dixit
1476 3314 1492 3339 ,
1523 3274 1717 3345 inquit,
1751 3274 1891 3329 Deus

292 3374 510 3428 Abt-altat
533 3388 552 3427 :
583 3370 719 3427 Sara
740 3386 871 3424 κτον
896 3379 983 3422 tua
1009 3385 1109 3422 non
1130 3367 1263 3422 ultra
1292 3366 1549 3420 vocabitur
1578 3366 1780 3420 nomine
1802 3381 1896 3419 suo

291 3466 427 3522 Sara
447 3506 463 3531 ,
498 3463 587 3518 sed
617 3463 780 3517 Sarra
804 3460 898 3515 erit
926 3476 1107 3514 nomen
1130 3460 1238 3530 ejus
1268 3458 1364 3529 (a).
1409 3456 1890 3524 Quemadmodum,

292 3556 498 3627 inquit,
545 3554 817 3609 elemento
848 3551 941 3605 tibi
984 3549 1171 3605 addito
1219 3548 1559 3619 signiﬁcavi,
1588 3559 1640 3603 te
1684 3555 1891 3617 patrem

292 3648 527 3713 futurum
550 3646 835 3700 multarum
858 3642 1095 3715 gentium
1125 3659 1139 3695 :
1169 3640 1239 3695 ita
1270 3648 1329 3695 et
1352 3640 1499 3695 Sarte
1526 3640 1770 3695 similiter
1798 3656 1893 3711 ap-

291 3755 431 3809 pono
453 3739 681 3801 literam,
712 3745 768 3790 ut
788 3735 962 3790 discas
979 3747 1123 3787 nunc
1148 3740 1356 3802 tempus
1381 3730 1591 3796 adesse,
1619 3740 1677 3784 ut
1702 3730 1831 3786 olim
1857 3746 1915 3803 a,

286 3847 374 3886 me
401 3830 657 3900 promissa
683 3828 1020 3897 impleantur.
1047 3825 1155 3879 Erit
1180 3825 1338 3892 enim,
1366 3825 1556 3894 inquit,
1579 3837 1758 3878 nomen
1778 3824 1890 3894 ejus

288 3926 469 3979 Sarra.
517 3923 605 3977 I6.
632 3919 938 3975 Benedicam
963 3926 1131 3971 autent
1168 3933 1279 3970 eam
1302 3957 1318 3982 ,
1359 3925 1409 3969 et
1447 3914 1577 3969 dabo
1614 3915 1702 3969 tibi
1742 3931 1804 3968 ex
1828 3931 1889 3969 ea

287 4017 484 4084 ﬁlium,
516 4022 563 4069 et
585 4011 875 4067 benedicant
897 4009 1077 4075 illum,
1110 4018 1156 4062 et
1181 4008 1276 4063 erit
1312 4008 1365 4059 in
1387 4017 1583 4077 gentem
1604 4048 1618 4069 ,
1666 4017 1711 4060 et
1748 4023 1886 4077 reges

283 4107 506 4177 gentium
540 4121 601 4158 ea:
646 4120 704 4157 eo
733 4103 956 4156 exibunt.
991 4100 1195 4155 Idcirco
1235 4098 1382 4168 prius
1422 4098 1632 4152 literam
1674 4097 1842 4166 atljeci
1865 4135 1899 4164 ,-

284 4207 342 4254 ut
366 4199 503 4254 scias
528 4196 751 4250 omnino
783 4196 957 4249 futura
988 4182 1113 4247 es'se
1142 4208 1260 4260 qua:
1285 4208 1316 4246 a
1346 4206 1434 4246 me
1465 4191 1605 4247 dicta
1631 4202 1774 4245 sunt.
1806 4191 1885 4247 Ne

284 4290 439 4361 igitur
466 4288 531 4343 ad
562 4287 924 4341 infirmitatem
954 4293 1157 4338 natura:
1186 4292 1437 4353 spectans
1458 4323 1473 4347 ,
1504 4283 1741 4337 animum
1783 4283 1882 4339 de-

281 4379 506 4450 sponde,
534 4382 629 4432 sed
659 4377 833 4447 potius
857 4374 922 4428 ad
953 4374 1161 4429 virtutis
1189 4388 1323 4427 mea:
1354 4372 1775 4442 magnitudinem
1804 4391 1879 4429 re-

279 4469 532 4539 spiciens,
567 4466 725 4520 fidem
755 4464 889 4518 habe
918 4464 981 4517 iis
1008 4477 1128 4531 qua:
1155 4478 1185 4516 a
1218 4476 1303 4516 me
1322 4461 1461 4515 dicta
1485 4472 1628 4517 sunt.
1659 4462 1881 4517 Benedi-

188 4626 193 4631 ἢ
279 4576 392 4613 cam
420 4559 562 4614 enim
587 4574 697 4611 eum
716 4596 733 4622 ,
756 4564 803 4609 et
829 4553 958 4607 dabo
989 4553 1077 4606 tibi
1106 4564 1169 4605 ex
1193 4569 1251 4605 ea
1286 4553 1481 4620 ﬁlium,
1523 4563 1569 4606 et
1590 4554 1880 4608 benedicam

279 4651 446 4715 illum,
476 4659 523 4703 et
560 4649 652 4701 erit
678 4648 730 4700 in
756 4655 947 4716 gentes,
976 4654 1021 4697 ct
1048 4661 1188 4715 reges
1216 4644 1423 4697 exibunt
1447 4660 1511 4698 ea:
1530 4661 1607 4699 eo.
1635 4645 1877 4701 Excede-

282 4746 407 4799 hant
434 4744 720 4797 humanam
748 4749 991 4793 naturam
1019 4738 1311 4807 promissa:
1342 4747 1396 4791 ct
1420 4737 1643 4805 perinde
1669 4738 1785 4801 fuit,
1814 4754 1877 4794 ac

277 4840 321 4893 si
350 4837 542 4906 aliquis
574 4833 913 4903 polliceretur
951 4846 1013 4883 cx
1043 4829 1310 4898 lapidibus
1341 4828 1588 4884 homines
1614 4846 1673 4885 se
1704 4834 1872 4885 factu-

278 4944 415 4983 rum.
445 4927 585 4982 Nihil
611 4926 753 4980 enim
780 4942 809 4977 a
840 4923 1107 4992 lapidibus
1133 4921 1485 4986 differebant,
1516 4932 1774 4991 quantum
1806 4924 1872 4977 ad

276 5021 675 5093 generationem
705 5016 897 5072 attinet
924 5013 1007 5087 (b).
1025 5056 1038 5081 ,
1058 5022 1110 5069 et
1136 5012 1435 5083 patriarcha
1458 5028 1569 5082 pra:
1594 5024 1872 5071 senectute

338 5208 413 5271 (α)
448 5206 726 5256 Inllebrteo
745 5212 859 5253 ante
906 5201 1222 5252 mutationem
1264 5198 1493 5257 nominis,
1538 5202 1867 5264 1w,Surai,

276 5281 674 5339 vocabatur;post
696 5278 1009 5329 mutationem
1024 5282 1208 5329 autem,
1233 5275 1372 5331 me,
1397 5282 1536 5325 Sara.
1554 5277 1869 5336 septuaginta

278 5362 395 5398 vero
416 5349 740 5419 Ιειιετιιικξςεεεν
760 5361 908 5419 μέτει»
936 5347 1233 5419 evomunt:
1260 5350 1318 5419 si
1334 5343 1577 5419 (intimo
1600 5374 1619 5409 ρ
1642 5350 1868 5419 mulatio-

276 5424 388 5476 nem
415 5408 541 5476 illam
558 5408 775 5457 iudicant
801 5408 936 5476 :3in
961 5408 1133 5476 factum
1159 5412 1235 5476 est
1272 5412 1325 5452 ut
1346 5408 1709 5476 (tiirysostomus
1732 5418 1869 5474 pum-

275 5473 400 5522 Verit
421 5471 633 5520 achlitum
647 5483 675 5517 a
700 5478 800 5519 Deo
824 5469 973 5519 fitisse
995 5469 1172 5517 nomini
1197 5473 1322 5515 Sane
1345 5469 1664 5521 elementum.
1693 5469 1748 5520 Αἰ
1769 5485 1866 5521 non

275 5534 485 5583 additum
506 5532 807 5583 elementum
838 5532 943 5587 fuit,
968 5532 1055 5580 sed
1081 5535 1316 5577 mutatum
1338 5531 1357 5569 9
1380 5534 1427 5581 in
1449 5538 1503 5584 τι,

338 5604 409 5665 (b)
440 5603 655 5668 _0ra_torio
679 5615 832 5661 more,
858 5602 936 5651 vel
962 5600 1254 5668 attentionis
1267 5604 1422 5668 lapsu,
1445 5602 1561 5668 dicit
1592 5602 1867 5668 ghrysosto-

274 5663 636 5714 mus'abrabam
658 5672 708 5712 et
729 5671 887 5713 saram
914 5664 1188 5727 nonmagis
1212 5663 1413 5717 idoneos
1431 5664 1489 5714 ad
1510 5663 1697 5727 prolem
1712 5668 1864 5715 susci.

275 5699 637 5789 ἰἓὲῗῶῖῗίῖιῒίὲ
659 5699 1198 5790 ἦῖἑέεῖᾙυὲἴιῖιέιᾟδὲέ
1212 5699 1863 5790 Ξέῶ⁸⁵ξίι⁷ἷαῖιιῖὶῖἑ⁹δῖτέῖῦἵ¹εῐ

275 5787 459 5852 potuit;
497 5799 643 5835 secus
662 5787 727 5836 de
747 5787 1027 5849 Ahrabamo,
1052 5790 1135 5851 qui
1160 5788 1325 5840 multis
1343 5787 1456 5852 post
1473 5789 1611 5841 annis
1631 5799 1723 5839 sex
1739 5787 1864 5840 ﬁlios

272 5851 483 5913 utsccplt
507 5860 570 5901 ex
594 5856 781 5901 Celata.

1369 434 1435 489 IN
1472 433 1628 488 CAP.
1665 429 1827 486 XVII.
1868 430 2113 485 C—I‘ZNES.
2160 428 2391 483 IIUMIL.
2438 428 2545 483 XL.

3515 427 3620 480 570

2012 556 2179 611 prope
2227 541 2493 610 impotens
2523 549 2641 594 erat
2664 581 2677 604 ,
2724 548 2782 593 et
2809 537 2875 591 ad
2920 536 3149 593 filiorum
3188 538 3619 607 procreationem

2013 634 2233 689 omnino
2262 633 2499 697 inutilis,
2525 642 2579 686 et
2607 631 2769 686 Sarra
2805 630 2872 685 ad
2904 630 3007 685 hoc
3032 630 3185 701 quod
3204 640 3390 684 namra
3420 629 3621 684 sterilis

2014 732 2149 789 erat,
2180 724 2457 777 laborabat
2483 732 2538 777 et
2564 712 2737 776 aetatis
2763 731 2818 775 et
2842 721 3141 777 senectutis
3167 720 3315 783 vitio.
3348 720 3626 775 Cteterum

2010 815 2184 885 justus
2206 814 2321 869 haec
2344 814 2589 880 audiens,
2614 823 2910 883 putatisque
2929 813 3058 867 olim
3088 812 3180 867 Dei
3205 812 3623 882 promissionem

2015 905 2286 975 impletam
2312 906 2366 959 in
2399 905 2621 959 lsmaele
2654 922 2668 959 :
2697 905 2821 975 quia
2851 904 2995 959 enim
3020 903 3161 959 dixit
3188 921 3201 958 :
3230 902 3344 958 Tibi
3370 915 3421 959 et
3439 905 3628 960 semini

2014 1005 2101 1049 tuo
2121 996 2251 1049 dabo
2271 998 2459 1050 terram
2487 996 2641 1061 Itane,
2670 1010 2769 1050 nec
2788 995 3036 1050 distinxit
3060 1009 3119 1051 se
3142 995 3212 1051 de
3236 995 3346 1050 lilio
3364 1011 3432 1051 ex
3457 995 3622 1052 Sarra

2013 1089 2289 1143 nascituro
2316 1088 2498 1158 loqui,
2529 1087 2621 1143 ille
2648 1087 2915 1158 cogitabat
2952 1102 3136 1143 secum
3159 1086 3272 1156 jam
3300 1086 3621 1158 promissio-

2014 1194 2112 1234 nes
2158 1179 2407 1249 impletas
2448 1193 2572 1233 esse
2605 1196 2618 1233 :
2654 1194 2797 1234 nunc
2835 1188 3015 1233 autem
3060 1177 3290 1234 audiens
3332 1178 3620 1235 Dominum

2015 1269 2184 1324 Deum
2204 1270 2494 1335 dicentem,
2526 1268 2832 1323 Benedicant
2861 1268 3098 1334 Sarram,
3125 1278 3177 1324 et
3206 1270 3338 1324 dabo
3359 1270 3449 1324 tibi
3470 1287 3533 1325 ea:
3556 1286 3619 1325 ea

2012 1360 2199 1428 ﬁlium,
2229 1369 2276 1415 et
2302 1360 2591 1414 benedicam
2624 1360 2793 1426 illum,
2814 1370 2863 1415 et
2884 1361 2979 1414 erit
2998 1360 3051 1414 in
3070 1369 3245 1431 gentes
3266 1376 3288 1425 ,'
3312 1370 3369 1416 et
3390 1361 3615 1416 iterum:

2012 1446 2100 1502 Ea:
2126 1449 2217 1504 illo
2246 1466 2387 1520 reges
2427 1451 2653 1520 gentium
2692 1448 3011 1519 egredientur
3031 1464 3193 1503 :cum
3233 1449 3466 1505 nesciret
3489 1449 3619 1519 quid

2012 1539 2216 1597 diceret
2247 1542 2462 1613 (neque
2496 1542 2640 1597 enim
2667 1542 2759 1597 Dei
2797 1542 2975 1597 verbis
3010 1542 3236 1598 credere
3274 1558 3380 1599 non
3409 1553 3620 1614 poterat

2012 1632 2095 1687 vir
2124 1642 2230 1686 tam
2258 1632 2608 1703 religiosus),
2660 1633 2728 1687 ad
2760 1647 2911 1687 suam
2960 1634 3260 1703 respiciens
3283 1644 3495 1690 :etatem
3521 1675 3536 1698 ,
3566 1646 3622 1689 et

2010 1725 2188 1783 Sarra:
2211 1726 2570 1791 sterilitatem,
2588 1741 2709 1796 quae
2737 1727 2804 1780 ad
2833 1725 2975 1780 illam
2993 1740 3162 1795 usque
3185 1735 3398 1781 aetatem
3425 1726 3620 1796 pertlu-
3652 1762 3655 1767 ι

2004 1825 2268 1881 raverat,
2295 1816 2503 1871 consilii
2550 1817 2706 1885 inaps
2752 1824 2806 1870 et
2847 1815 3236 1883 obstupescens
3276 1815 3347 1871 ob
3383 1817 3616 1886 promis-

2011 1908 2216 1965 sionem
2260 1909 2350 1963 Dei
2383 1926 2397 1963 :
2430 1909 2515 1963 I7.
2544 1906 2771 1971 Cecidit,
2807 1907 2997 1977 inquit,
3024 1907 3075 1960 in
3097 1906 3302 1975 facient,
3330 1917 3377 1960 et
3403 1908 3535 1961 risit.

2081 2001 2138 2055 2.
2168 2001 2366 2056 Videns
2396 2000 2585 2055 miram
2610 2000 3053 2069 promissionem,
3081 2007 3136 2055 et
3166 2000 3461 2069 potentiam
3493 1999 3617 2069 eius

2010 2092 2101 2162 qui
2149 2092 2470 2162 promiserat
2509 2092 2771 2161 cogitans,
2813 2090 3007 2147 Cecidit
3030 2092 3086 2144 in
3122 2091 3341 2161 facient,
3388 2100 3447 2146 et
3479 2092 3616 2157 risit,

2013 2184 2119 2240 hoc
2161 2197 2264 2250 est,
2314 2186 2589 2255 voluptate
2618 2184 2870 2254 perfusus
2912 2196 3036 2251 est;
3062 2195 3116 2241 et
3158 2185 3210 2240 in
3254 2184 3439 2241 animo
3473 2186 3620 2257 cogi-

2014 2275 2179 2339 tabat,
2211 2275 2483 2345 quomodo
2509 2276 2803 2329 secundum
2835 2276 3124 2330 humanam
3173 2277 3619 2333 consuetudinem

2014 2363 2115 2419 hoc
2142 2366 2257 2419 fieri
2290 2374 2491 2435 posset,
2529 2382 2654 2420 num
2684 2367 2999 2421 centenario
3024 2379 3341 2423 nasceretur
3371 2368 3530 2435 filius,
3556 2385 3620 2425 ac

2013 2472 2140 2510 num
2184 2457 2388 2511 sterilis
2436 2466 2491 2513 et
2535 2457 2899 2527 nonagenaria
2942 2466 3163 2527 repente
3203 2468 3397 2528 posset»
3426 2459 3619 2515 idonea

2011 2546 2125 2601 fieri
2148 2546 2214 2601 ad
2243 2555 2454 2615 partum
2488 2544 2558 2617 (υ.
2594 2548 2707 2619 I7).
2742 2547 2918 2617 Atque
2942 2562 3064 2601 cum
3105 2549 3222 2603 ha-c
3251 2548 3434 2603 animo
3474 2552 3619 2619 cogi-

2010 2646 2193 2701 tasset,
2228 2652 2333 2693 non
2365 2638 2598 2694 audebat
2636 2640 2742 2693 tale
2783 2639 3036 2709 quiddam
3084 2639 3262 2710 lingua
3306 2640 3491 2707 effari;
3520 2643 3622 2696 sed

2006 2741 2215 2799 gratum
2260 2731 2525 2786 exhibens
2560 2732 2800 2785 animum
2829 2732 3005 2786 oravit
3035 2747 3133 2802 pro
3171 2731 3397 2787 Ismaele
3418 2774 3433 2797 ,
3463 2734 3622 2804 quasi

2006 2820 2250 2875 diceret:
2283 2820 2531 2887 Domine,
2563 2821 2693 2876 satis
2724 2836 2811 2876 me
2832 2823 3144 2877 consolatus
3172 2838 3255 2888 es,
3288 2832 3344 2878 et
3370 2823 3615 2878 dolorem

2005 2926 2165 2979 quem
2195 2926 2263 2966 ex
2296 2912 2460 2980 prolis
2483 2912 2658 2982 inopia
2685 2913 2961 2982 gerebam,
2994 2913 3120 2967 dato
3151 2914 3377 2968 Ismaele
3397 2915 3448 2968 in
3477 2915 3613 2969 la-ti-

2008 3003 2135 3056 tiam
2161 3003 2391 3059 vertisti.
2418 3002 2554 3058 Nato
2574 3003 2718 3058 enim
2743 3003 2856 3067 illo,
2882 3018 3058 3073 neque
3082 3004 3135 3057 in
3162 3014 3399 3059 mentem
3430 3015 3613 3075 postea

2004 3093 2211 3162 accepi,
2260 3094 2342 3148 vel
2388 3092 2615 3163 cogitavi
2664 3092 2956 3163 aliquando
2998 3110 3029 3149 e
3072 3094 3233 3149 Sami
3281 3097 3613 3151 nasciturum

2005 3184 2134 3238 mihi
2161 3184 2354 3250 filium,
2379 3184 2474 3240 sed
2503 3199 2678 3253 neque
2705 3184 2818 3253 ipsa
2850 3185 2953 3239 hoc
2973 3186 3308 3255 exspcctavit
3335 3204 3355 3240 ξ
3385 3187 3613 3255 idecqne

2003 3278 2145 3344 Agar
2197 3274 2329 3329 mihi
2383 3274 2624 3342 tradidit,
2674 3289 2893 3330 omnem
2947 3276 3049 3331 sibi
3108 3292 3260 3346 spem
3314 3276 3609 3347 denegans.

2001 3364 2246 3434 Magnam
2292 3363 2715 3419 consolationem
2760 3365 2923 3420 ambo
2976 3366 3285 3435 accepimus
3337 3377 3467 3421 nato
3503 3370 3613 3422 filio

2000 3454 2245 3528 limaele.
2270 3454 2368 3511 llic
2392 3456 2572 3525 igitur,
2595 3456 2737 3525 quia
2767 3464 2820 3512 te
2848 3456 3006 3511 datus
3026 3466 3131 3525 est,
3151 3459 3291 3511 vivat
3315 3474 3501 3513 coram
3534 3469 3607 3525 te,

1999 3557 2057 3602 et
2081 3546 2297 3602 abunde
2344 3547 2475 3600 satis
2504 3547 2735 3602 recreati
2780 3549 2987 3603 erimus
3008 3590 3024 3615 ,
3055 3557 3110 3603 et
3139 3558 3473 3605 senectutem
3508 3566 3605 3605 no-

1997 3649 2168 3694 stram
2214 3638 2357 3693 illius
2387 3638 2493 3693 vita
2535 3638 2821 3694 solabitur.
2861 3640 3000 3708 Quid
3046 3641 3209 3711 igitur
3244 3642 3317 3696 ad
3356 3642 3473 3698 hac
3508 3642 3607 3699 ιω-

1998 3731 2191 3800 nignus
2219 3730 2519 3785 Dominus?
2538 3731 2673 3799 Quia
2701 3732 2841 3801 piam
2862 3732 2993 3803 justi
3021 3743 3263 3789 mentem
3287 3744 3436 3790 tanto
3468 3746 3607 3792 tem-

1996 3839 2127 3895 pore
2154 3824 2285 3879 satis
2315 3824 2658 3893 probaverat,
2690 3835 2747 3880 et
2784 3826 2967 3882 Sarra:
3014 3826 3209 3894 dem;
3240 3830 3366 3899 quia
3399 3831 3607 3887 viderat

1995 3925 2287 3985 utrumque
2333 3914 2465 3969 nihil
2509 3917 2610 3971 sibi
2656 3917 2725 3972 de
2765 3918 2878 3974 suis
2919 3920 3323 3988 promittentem
3362 3923 3602 3985 viribus,

1995 4006 2268 4062 Abraham
2299 4008 2517 4077 quidem
2545 4018 2768 4080 propter
2788 4021 3145 4078 senectutem,
3174 4013 3391 4069 Sarram
3421 4026 3600 4072 autem

1993 4111 2216 4171 propter
2244 4101 2583 4157 sterilitatem
2614 4113 2778 4173 atque
2804 4112 3017 4159 aetatem
3042 4146 3056 4171 ,
3084 4105 3216 4161 dicit
3240 4125 3254 4161 :
3288 4107 3440 4163 Nunc
3478 4109 3599 4179 quia

1992 4192 2214 4246 omnino
2240 4192 2393 4247 vobis
2435 4193 2537 4248 hoc
2575 4210 2697 4249 esse
2738 4194 2948 4249 videtur
2976 4195 3311 4266 impossibile
3346 4218 3359 4253 :
3400 4200 3601 4255 idcirco

1990 4283 2136 4337 enim
2165 4294 2218 4338 et
2240 4300 2339 4353 ego
2371 4284 2571 4339 tamdiu
2615 4284 2831 4351 distuli,
2863 4296 2921 4339 ut
2955 4287 3237 4341 ostendam
3272 4289 3430 4359 longe
3458 4291 3597 4345 ultra

1990 4385 2235 4429 naturam
2276 4390 2397 4431 esse
2445 4376 2645 4431 donum
2695 4376 2839 4447 quod
2886 4378 3164 4445 concedo,
3210 4380 3352 4447 quod
3394 4390 3450 4435 ct
3502 4398 3599 4436 vos

1986 4464 2184 4533 aliique
2228 4481 2417 4520 onnies
2458 4466 2543 4522 his
2583 4467 2736 4521 factis
2777 4467 2987 4522 discant
3018 4484 3104 4524 me
3130 4479 3185 4525 et
3228 4480 3436 4526 natura:
3488 4473 3597 4528 Do-

1987 4557 2192 4611 minum
2248 4571 2399 4621 esse,
2452 4567 2509 4612 et
2552 4558 2619 4612 ad
2661 4557 3043 4630 quodcumque
3089 4560 3307 4616 libuerit
3351 4580 3411 4618 ea
3474 4565 3548 4618 uti
3578 4607 3592 4629 ,

1985 4649 2262 4719 ipsamque
2283 4649 2528 4719 obsequi,
2552 4659 2603 4705 et
2621 4650 2816 4707 cedere
2834 4655 3118 4723 praceptis
3147 4656 3301 4709 meis.
3324 4656 3425 4723 Qui
3449 4657 3593 4710 enim

1984 4757 2103 4796 eam
2128 4758 2193 4796 ex
2220 4742 2387 4797 nihilo
2416 4743 2683 4811 produxi,
2710 4746 2882 4800 multo
2924 4747 3093 4815 magis
3123 4762 3244 4800 cum
3269 4747 3380 4817 jam
3419 4749 3511 4815 sit,
3540 4761 3595 4804 et

1982 4833 2263 4897 claudicet,
2299 4832 2508 4903 erigere
2537 4849 2774 4902 possum.
2808 4834 2878 4891 Ut
2906 4836 3066 4906 igitur
3095 4837 3287 4892 melius
3315 4839 3593 4893 conlidere

1983 4927 2180 4995 possis,
2227 4925 2355 4979 audi
2396 4934 2445 4980 et
2494 4928 2901 4995 expergiscere,
2934 4930 3271 4999 repulsisque
3307 4932 3593 5001 cogitatio.

1981 5016 2138 5071 nibus
2169 5016 2367 5071 mentis
2403 5026 2507 5069 tua-
2527 5057 2542 5081 ,
2573 5017 2802 5085 accipito
2846 5035 2914 5072 cx
2961 5021 3024 5074 iis
3053 5037 3173 5090 qua:
3205 5021 3295 5075 tibi
3339 5023 3590 5077 dicuntur

1980 5117 2185 5164 certum
2232 5118 2630 5177 argumentum.
2683 5110 2823 5165 Ecce
2866 5114 3009 5166 enim
3065 5112 3227 5167 Sarra
3277 5130 3416 5169 uxor
3462 5124 3585 5180 tua,

1972 5216 2137 5272 quam
2167 5210 2322 5269 putas
2350 5209 2462 5255 tum
2496 5212 2713 5271 propter
2734 5204 3096 5267 sterilitatem,
3129 5214 3239 5258 tum
3266 5216 3483 5276 propter
3504 5222 3590 5261 sc—

1979 5297 2124 5345 nimn
2151 5308 2342 5361 parere
2364 5282 2471 5348 non
2498 5310 2678 5364 posse,
2711 5295 2823 5364 ipsa
2846 5296 3021 5367 pariet
3042 5298 3135 5351 tibi
3161 5299 3329 5353 filium
3359 5302 3428 5371 (υ.
3461 5300 3585 5371 19);

1974 5391 2030 5437 ct
2076 5394 2134 5437 ut
2168 5383 2300 5438 nihil
2356 5385 2603 5449 luesitcs,
2652 5401 2781 5440 cccc
2819 5386 2916 5441 tibi
2963 5396 3018 5443 et
3067 5404 3264 5445 nomen
3323 5391 3442 5462 ejus
3490 5394 3585 5463 qui

1976 5486 2228 5529 nascetur
2262 5479 2706 5545 prmmonstrabo.
2742 5479 2875 5533 Eum
2906 5483 3048 5536 enim
3084 5486 3173 5554 qui
3208 5495 3459 5541 nascetur
3485 5502 3576 5540 vo.

1973 5568 2124 5623 cabis
2150 5567 2318 5623 Isaac.
2348 5568 2417 5624 Et
2445 5585 2634 5639 ponam
2672 5580 3025 5629 testamentum
3064 5592 3231 5632 meum
3272 5578 3342 5632 ad
3369 5596 3482 5633 eum
3528 5580 3580 5633 in

1973 5669 2327 5715 testamentum
2350 5662 2741 5730 sempiternum,
2766 5675 2812 5717 et
2832 5666 3012 5720 semini
3040 5669 3152 5738 ejus
3178 5679 3293 5741 post
3318 5686 3454 5724 eum.
3483 5671 3579 5725 llic

1970 5750 2173 5805 etenim
2204 5760 2291 5805 est
2318 5766 2475 5821 quem
2499 5753 2732 5823 primum
2765 5764 2819 5811 ct
2844 5757 2913 5811 ab
2938 5759 3091 5813 initio
3113 5760 3210 5815 tibi
3242 5762 3485 5831 promisi,
3515 5778 3579 5818 ac

1974 5842 2027 5900 in
2069 5841 2171 5898 hoc
2210 5844 2596 5915 promissioucs
2633 5862 2770 5908 metu
2812 5849 3199 5908 imnlehtmtur.
3250 5852 3481 5911 Proinde
3526 5866 3581 5912 ct
