4058 6382
515 336 611 390 371

519 472 696 526 otnnia
729 472 823 526 tibi
857 472 1116 542 praedico,
1152 487 1254 524 non
1282 472 1456 526 solum
1488 471 1628 540 quod
1659 473 1957 527 nasciturus
1983 473 2086 536 sit.

515 564 612 621 sed
633 574 687 619 et
708 563 976 635 quomodo
1002 578 1130 618 eum
1147 576 1341 615 vncarc
1361 560 1578 626 debeas,
1600 571 1759 631 atque
1786 578 1872 616 me
1892 563 1939 617 ei
1961 577 2092 616 enti-

510 658 818 710 stituturum
843 661 1214 708 testamentum
1238 668 1449 706 meum:
1474 667 1646 720 neque
1663 655 1766 708 hoc
1781 655 1974 716 solum,
1997 654 2091 708 sed

514 745 581 800 Et
611 748 787 801 semini
813 748 924 814 ejus
972 755 1082 814 post
1124 761 1256 798 eum.
1293 745 1490 800 Deinde
1532 744 1765 800 liberalis
1805 746 2086 811 Dominus,

511 839 601 905 qui
650 852 864 904 semper
909 835 1248 890 accumulare
1300 836 1435 889 solet
1487 835 1779 900 beneﬁcia,
1829 845 1882 889 et
1931 835 2090 904 longe

516 938 722 981 nostras
768 927 1031 982 excedere
1059 927 1372 996 petitiones,
1401 927 1650 996 quoniam
1691 937 1925 982 mentem
1959 927 2088 996 juSti

506 1028 771 1082 erexerat,
814 1029 867 1073 et
894 1035 988 1089 per
1027 1035 1088 1073 ea
1116 1034 1234 1088 quae
1283 1018 1543 1086 promisit,
1589 1019 1700 1071 fere
1737 1017 1988 1086 juvenem
2019 1032 2082 1071 ex

506 1124 638 1164 sene
665 1109 885 1174 fecerat,
915 1124 1143 1179 eumque
1165 1109 1254 1178 qui
1280 1117 1523 1162 mortuus
1549 1116 1684 1174 erat,
1716 1116 1772 1160 ut
1798 1108 1867 1160 ita
1888 1107 2082 1171 dicam,

504 1202 681 1258 verbis
706 1201 1038 1266 fecundarat,
1072 1200 1347 1256 beneﬁciis
1379 1216 1502 1256 eum
1539 1200 1850 1269 largissimis
1896 1213 2082 1268 prose-

500 1309 692 1362 quens,
726 1293 894 1362 inquit
921 1309 936 1346 :
963 1293 1029 1346 Et
1055 1291 1170 1346 haec
1201 1291 1438 1360 quidem,
1462 1306 1580 1359 qua:
1605 1290 1808 1343 scilicet
1837 1290 2079 1358 promisi,

498 1398 662 1450 opere
695 1381 980 1450 complebo
1012 1399 1025 1436 :
1055 1392 1109 1437 et
1137 1383 1295 1436 etiam
1336 1380 1477 1449 quod
1507 1380 1573 1433 de
1601 1379 1821 1433 Ismaele
1861 1380 2078 1447 rogasti,

499 1473 788 1527 concedam
820 1473 936 1528 tibi.
973 1474 1162 1528 Audivi
1189 1473 1333 1526 enim
1360 1474 1658 1527 orationem
1686 1483 1863 1538 tuam,
1891 1472 1982 1526 20.
2012 1471 2079 1525 Et

500 1564 731 1616 benedixi
749 1580 882 1626 eum,
912 1575 962 1616 et
978 1563 1165 1633 augebo
1187 1579 1299 1616 eum
1327 1571 1372 1615 et
1397 1562 1744 1630 multiplicabo
1770 1579 1883 1618 eum
1910 1562 2076 1627 valde,

500 1654 660 1707 valde.
687 1653 962 1707 Duodecim
987 1662 1157 1723 gentes
1180 1653 1436 1724 generabit
1456 1693 1472 1718 ,
1504 1663 1548 1705 et
1579 1653 1709 1706 dabo
1739 1670 1852 1708 eum
1879 1654 1930 1706 in
1956 1670 2079 1723 gen-

497 1755 594 1796 tem
638 1761 895 1814 magnam.
943 1744 1385 1813 Quandoquidem
1433 1746 1598 1810 enim,
1644 1743 1846 1814 inquit,
1893 1759 2075 1797 semen

501 1846 647 1888 tuum
676 1844 759 1888 est
778 1876 793 1901 ,
823 1835 901 1888 sic
929 1835 1136 1905 augebo
1161 1850 1307 1900 eum,
1335 1845 1390 1890 et
1417 1835 1781 1902 multiplicabo
1807 1835 1989 1900 valde,
2022 1847 2077 1889 ut

497 1927 776 1981 duodecim
803 1939 990 1996 gentes
1014 1943 1080 1981 ex
1109 1942 1175 1982 eo
1198 1927 1507 1996 procedant.
1534 1926 1624 1981 9-1.
1652 1927 1898 1982 Cteterum
1927 1938 2074 1980 testu-

496 2029 719 2071 ntentum
759 2034 922 2070 meum
968 2027 1184 2071 statuam
1229 2034 1344 2072 cum
1377 2015 1565 2078 Isaac,
1593 2033 1739 2086 quem
1781 2018 1870 2070 tibi
1915 2018 2076 2070 Sarra

497 2109 658 2175 pariet
680 2119 901 2176 tempore
939 2111 1053 2174 hoc,
1076 2123 1208 2160 anno
1245 2117 1493 2176 sequente.
1523 2106 1675 2173 Vide,
1699 2107 1943 2170 obsecro,
1965 2109 2070 2172 hic,

495 2197 720 2260 dilecte,
751 2197 1020 2266 quomodo
1058 2198 1235 2264 juStus
1277 2198 1326 2250 in
1361 2213 1466 2250 uno
1506 2197 1761 2265 temporis
1805 2208 2074 2253 momento

497 2287 772 2340 mercedes
806 2287 980 2341 omnis
1023 2286 1277 2354 temporis
1319 2287 1554 2354 accepit,
1583 2296 1638 2340 et
1685 2287 1961 2355 impletum
1993 2300 2075 2342 est

495 2376 623 2431 illud
654 2377 795 2445 quod
817 2376 1060 2432 Christus
1088 2377 1359 2445 discipulis
1382 2379 1494 2431 suis
1521 2379 1654 2432 dixit
1684 2397 1697 2432 :
1734 2379 1970 2448 Quisquis
1996 2397 2073 2432 re-

492 2471 694 2539 liquerit
717 2470 792 2523 vel
813 2480 1028 2540 patrem,
1062 2471 1137 2521 uel
1161 2477 1390 2530 matrem,
1419 2469 1493 2522 vel
1528 2469 1752 2533 domum,
1785 2468 1862 2522 vel
1890 2474 2073 2539 fratres

497 2569 702 2630 propter
729 2576 914 2614 nomen
943 2576 1130 2621 meum,
1162 2571 1208 2612 et
1234 2560 1317 2612 hic
1343 2560 1631 2629 centuplum
1659 2561 1900 2629 accipiet,
1930 2572 1976 2613 et
1995 2562 2069 2612 vi-

494 2661 600 2704 tam
641 2660 881 2704 teternam
926 2648 1195 2718 possidebit
1242 2647 1452 2718 (Matth.
1497 2648 1585 2703 l9.
1630 2647 1745 2719 29).
1781 2649 2071 2703 Considera

491 2744 634 2796 enim
663 2742 792 2795 mihi
821 2742 1020 2810 justum
1055 2742 1223 2804 illmu,
1253 2742 1374 2811 quia
1409 2753 1653 2811 prompte
1676 2753 1941 2812 prtecepto
1967 2742 2069 2796 Do-

491 2832 623 2886 mini
654 2831 924 2899 obcdivit,
955 2841 1010 2886 et
1046 2833 1224 2885 relicta
1253 2831 1414 2886 domo
1443 2844 1658 2900 paterna
1689 2835 1918 2902 praetulit
1940 2834 2070 2887 alie-

491 2938 614 2975 nam
646 2922 807 2976 natali
833 2940 846 2974 :
871 2922 1140 2992 quomodo
1165 2923 1414 2990 paulatim
1439 2923 1656 2977 multam
1680 2939 1787 2993 prae
1807 2939 1867 2979 se
1896 2925 2071 2980 ferens

495 3012 804 3084 patientiam
827 3054 841 3076 ,
871 3014 923 3067 in
951 3012 1216 3083 fastigium
1253 3013 1458 3068 virtutis
1495 3028 1827 3082 progressus,
1860 3015 1930 3068 ita
1958 3016 2073 3068 illu-

490 3105 618 3158 stris
636 3115 690 3159 et
716 3104 1018 3173 spectabilis
1041 3103 1210 3160 factus
1231 3113 1331 3168 est,
1352 3112 1408 3156 ut
1435 3119 1496 3157 ex
1520 3119 1584 3157 co
1608 3104 1716 3158 nati
1739 3105 2074 3160 multitudine

490 3197 652 3251 astris
679 3196 796 3250 ωειὶ
838 3196 1208 3265 adaequentur.
1241 3195 1489 3251 Fortasse
1528 3197 1570 3249 si
1600 3198 1717 3266 quis
1747 3198 1912 3266 probe
1949 3199 2074 3252 velit

490 3289 810 3358 intelligere,
843 3304 946 3344 non
977 3291 1149 3344 solum
1179 3289 1486 3360 centuplum
1527 3291 1734 3359 accepit
1776 3290 1863 3344 hic
1893 3289 2072 3359 justus

486 3379 609 3443 ille,
642 3381 735 3435 sed
774 3391 1024 3435 sexcenta
1073 3382 1256 3435 millia.
1287 3382 1440 3447 Quod
1483 3382 1526 3434 si
1557 3381 1641 3435 hic
1679 3390 1821 3435 tanta
1874 3397 2070 3436 conse-

483 3481 683 3540 quutus
700 3481 803 3535 est,
831 3473 950 3543 quis
967 3487 1145 3526 sermo
1168 3488 1386 3526 narrare
1406 3483 1603 3540 posset,
1624 3474 1816 3542 quibus
1834 3473 2072 3543 posthaec

486 3564 747 3619 fruiturus
779 3563 869 3617 ille
893 3563 1000 3616 sit?
1026 3562 1136 3616 lmo
1165 3563 1322 3617 etiam
1349 3565 1466 3624 hoc,
1498 3573 1756 3630 quantum
1784 3565 1937 3618 nobis
1957 3581 2072 3635 pos—

485 3657 660 3719 nihile,
691 3670 875 3711 sermo
901 3654 1185 3709 ostendere
1227 3655 1440 3724 poterit.
1474 3653 1697 3721 Quando
1735 3655 1877 3709 enim
1918 3655 2072 3709 audis

487 3760 674 3799 otnnes
697 3745 874 3814 justos
899 3745 966 3798 ab
997 3745 1086 3799 illo
1110 3744 1175 3798 ad
1206 3745 1306 3798 hoc
1352 3759 1519 3814 nSque
1552 3755 1793 3814 tempus,
1829 3755 1882 3799 et
1905 3762 2071 3813 usique

486 3835 552 3888 ad
582 3836 1094 3889 ronsnnnuationem
1125 3844 1423 3903 temporum
1448 3876 1461 3897 ,
1497 3835 1546 3888 id
1573 3836 1808 3889 maxime
1851 3836 1903 3889 in
1935 3838 2073 3891 votis

491 3928 708 3991 habere,
743 3936 800 3980 ut
840 3927 906 3981 ad
953 3928 1126 3981 sinum
1176 3927 1490 3995 patriarcha:
1533 3928 1866 3994 perveniant,
1913 3943 2070 3996 quem

485 4016 646 4068 aliutn
707 4014 811 4071 hoc
877 4015 1133 4085 majorem
1190 4014 1446 4070 honorem
1514 4016 1766 4070 exhibere
1823 4018 2074 4085 poteris?

491 4104 677 4159 Vidisti
749 4116 943 4175 quanta
999 4122 1087 4160 res
1146 4107 1217 4160 sit
1277 4107 1565 4175 patientia,
1621 4118 1816 4177 quanta
1870 4109 2068 4174 virtus,

488 4207 743 4266 quantum
790 4198 860 4253 sit
903 4213 1024 4254 esse
1073 4199 1416 4269 religiosum,
1474 4210 1528 4254 et
1582 4195 1790 4269 gratum
1854 4216 1963 4269 pra:
2012 4218 2076 4256 se

488 4289 628 4342 terre
667 4288 904 4342 animum
943 4303 1068 4359 erga
1113 4289 1371 4344 beneﬁcia
1412 4288 1662 4345 Domini?
1711 4291 1844 4357 Quia
1902 4291 2067 4355 enim,

487 4378 700 4444 quando
723 4378 1026 4447 oportebat,
1053 4393 1145 4431 sua
1177 4379 1374 4443 attulit,
1403 4394 1522 4432 cum
1549 4381 1836 4448 gratiarum
1863 4379 2070 4434 actione

487 4467 664 4521 nuntia
694 4466 897 4535 ferens,
923 4467 1472 4538 unnjucunda,quam
1495 4467 1801 4537 injucunda,
1831 4479 2072 4537 promer.

490 4578 552 4616 ea
599 4563 902 4616 misericors
925 4560 1066 4615 Dens
1097 4560 1281 4614 ultimo
1309 4569 1469 4629 caput
1521 4560 1780 4614 bonorum
1810 4561 2068 4629 omnium,

485 4661 539 4706 et
565 4652 615 4706 id
649 4652 790 4722 quod
813 4650 989 4722 justus
1009 4651 1243 4706 maxime
1262 4650 1692 4719 concupiscebat.
1722 4651 1944 4718 largitus
1968 4664 2068 4706 est.

487 4741 775 4796 Considera
807 4742 970 4803 enim,
997 4741 1267 4810 quomodo
1293 4742 1476 4810 viginti
1498 4750 1728 4811 quatuor
1754 4757 1923 4795 annos
1952 4758 2072 4810 pro—

491 4832 702 4886 ltavcrit
743 4832 873 4901 justi
901 4834 1172 4887 virtutem.
1217 4832 1442 4900 Quando
1472 4832 1613 4886 enim
1640 4833 1801 4886 exivit
1844 4849 1873 4885 a
1905 4833 2073 4887 Char-

491 4939 585 4977 ran
609 4963 624 4987 ,
657 4931 713 4976 et
758 4922 990 4977 obedivit
1013 4935 1283 4993 praecepto
1308 4923 1534 4984 Dotnini,
1565 4924 1894 4994 septuaginta
1919 4925 2072 4991 quin-

490 5028 593 5081 que
627 5027 885 5065 annorum
929 5022 1064 5077 erat,
1119 5013 1286 5080 inquit
1321 5029 1333 5066 :
1387 5027 1529 5066 nunc
1569 5021 1745 5067 autem
1792 5023 2068 5082 postquam

491 5101 605 5155 ltrc
648 5101 878 5164 audivit,
928 5103 1210 5170 nonaginta
1240 5112 1295 5156 et
1327 5118 1514 5157 novem
1547 5118 1718 5156 annos
1743 5113 2066 5158 excesserat.

560 5194 613 5246 5.
656 5191 868 5247 Μοναιὶε
886 5191 1183 5246 exhortatio.
1207 5223 1279 5232 -—
1301 5193 1424 5246 lla-c
1444 5193 1734 5257 audientes,
1759 5194 1959 5254 dilecti,
1984 5194 2069 5246 di-

486 5302 699 5342 scamus
725 5287 946 5340 multam
986 5286 1240 5340 exhibere
1270 5288 1597 5355 patientiam,
1621 5295 1673 5340 et
1701 5302 1984 5356 numquam
2019 5289 2070 5342 itt

488 5378 759 5434 laboribus
779 5378 1033 5432 virtutum
1057 5378 1138 5431 vel
1161 5377 1468 5445 desperare,
1503 5379 1582 5431 vel
1610 5387 1918 5444 torpescere
1938 5395 1952 5441 ;
1974 5378 2069 5431 sed

492 5470 720 5522 sciatnus
760 5467 1036 5522 Dominum
1061 5477 1298 5521 no:trnm
1332 5466 1613 5536 benignum
1636 5481 1753 5521 esse
1777 5477 1830 5522 et
1853 5468 2070 5522 muniﬁ-

489 5575 633 5620 cum,
665 5573 726 5613 ac
776 5574 872 5626 pro
893 5560 1067 5629 parvis
1092 5557 1361 5614 laboribus
1409 5573 1597 5629 magna
1641 5558 1794 5613 nobis
1847 5558 2072 5618 reddere

493 5651 729 5721 praemia,
761 5665 864 5704 non
881 5651 1052 5706 solum
1083 5652 1133 5706 in
1166 5651 1396 5705 futurum
1421 5649 1734 5704 immortalia
1759 5650 1893 5705 bona
1917 5667 2071 5722 repo-

495 5747 673 5800 nendo
699 5782 713 5806 ,
744 5741 839 5798 sed
864 5752 917 5797 et
948 5743 997 5798 in
1025 5741 1276 5814 praesenti
1307 5744 1410 5799 vita
1453 5751 1648 5798 nostra:
1695 5750 1898 5799 natura:
1929 5743 2070 5801 inﬁt-

1213 340 1267 391 S.
1309 337 1585 393 JOANNIS
1623 339 2087 398 ριιιηεοετωίι
2124 342 2438 398 ARCHIEP.
2477 344 3002 408 CONSTANTINOP.

3688 365 3789 421 572

2208 474 2444 530 tnitatem
2475 479 2655 534 multis
2685 481 3050 552 largitionibus
3064 492 3408 548 consolando.
3440 493 3784 565 Quandoqui-

2204 567 2327 620 dem
2380 570 2680 637 patriarcha
2708 575 2808 628 iste
2846 591 2949 630 non
2995 579 3332 637 mediocriter
3371 584 3648 653 interjecto
3693 587 3785 641 illo

2203 668 2439 727 tempore
2458 660 2694 716 adversis
2723 665 2882 720 rebus
2901 671 3162 739 exercitus
3178 681 3280 736 est,
3309 672 3547 742 quamvis
3572 691 3786 746 semper

2199 747 2421 804 adversa
2458 759 2877 822 temperarentur
2905 760 3191 826 prosperis.
3227 761 3606 819 Universorum
3635 768 3783 824 enim

2201 841 2340 896 Deus
2393 856 2587 900 uestra:
2613 847 2937 904 inﬁrmitatis
2983 867 3168 906 curam
3197 871 3383 923 agens,
3418 874 3523 912 non
3571 874 3786 928 semper

2199 931 2253 985 in
2283 932 2523 989 adversis
2543 952 2639 991 nos
2668 953 2886 994 manere
2915 941 3061 1004 sinit.
3110 953 3167 996 ut
3192 959 3298 997 non
3328 947 3659 1014 opprimatur
3689 966 3786 1002 no—

2193 1031 2304 1076 stra
2322 1024 2628 1082 inﬁrmitas:
2653 1028 2746 1083 sed
2767 1031 3010 1086 celeriter
3029 1044 3083 1088 et
3104 1034 3215 1102 ipse
3229 1037 3540 1104 opitulatur,
3565 1037 3787 1092 ﬁrmans

2195 1121 2432 1170 nostram
2483 1117 2835 1182 alacritatem,
2895 1131 2948 1175 et
2991 1136 3224 1177 mentem
3281 1127 3541 1181 excitans.
3592 1127 3778 1197 Neque

2193 1217 2406 1273 semper
2431 1206 2484 1259 in
2505 1208 2855 1276 prosperitate
2875 1226 2972 1265 nos
3000 1227 3116 1266 esse
3143 1213 3287 1278 sinit,
3314 1224 3460 1270 utne
3481 1216 3667 1271 ﬁamus
3696 1233 3784 1272 nc-

2191 1293 2553 1363 gligentiores,
2599 1307 2652 1351 et
2699 1298 2751 1351 in
2807 1300 3054 1353 vitiorutn
3117 1313 3293 1370 partes
3347 1304 3778 1375 transfugianms.

2195 1384 2430 1440 llumana
2461 1388 2604 1442 enim
2654 1397 2871 1455 natura,
2912 1392 3124 1460 quando
3165 1394 3388 1448 multum
3445 1411 3696 1466 prospere
3733 1398 3782 1450 ei

2188 1474 2446 1541 succedit,
2475 1490 2586 1531 sua:
2611 1477 2946 1533 obliviscitur
2967 1480 3277 1548 nobilitatis,
3301 1500 3472 1553 neque
3497 1485 3631 1539 intra
3651 1500 3782 1540 suos

2190 1564 2381 1620 limites
2407 1566 2647 1621 subsistit
2672 1587 2684 1621 :
2715 1568 2913 1623 idcirco
2932 1571 3081 1639 quasi
3107 1573 3504 1629 amantissimus
3521 1585 3672 1644 pater
3684 1576 3782 1629 ali-

2187 1657 2402 1725 quando
2446 1659 2599 1714 nobis
2639 1659 2898 1731 indulget,
2927 1663 3211 1732 aliquando
3242 1667 3484 1736 castigat,
3518 1678 3574 1721 ut
3619 1670 3782 1722 variis

2188 1746 2285 1799 viis
2312 1757 2506 1801 nostra:
2546 1751 2737 1804 anima:
2760 1753 2985 1808 salutem
3029 1765 3198 1810 curet.
3227 1757 3489 1824 Quoniam
3518 1768 3574 1814 et
3602 1762 3777 1815 medi-

2189 1850 2306 1902 cus,
2325 1837 2536 1905 quando
2562 1838 2827 1894 inlirmum
2844 1852 3012 1910 curat,
3035 1860 3206 1913 neque
3226 1862 3440 1917 semper
3469 1849 3643 1918 inepia
3675 1852 3779 1905 cibi

2187 1935 2416 1995 torquet,
2438 1944 2607 1998 neque
2621 1946 2832 1999 semper
2851 1933 2991 2001 larga
3011 1950 3193 1989 mensa
3212 1937 3310 1991 frui
3332 1938 3478 2004 sinit,
3495 1955 3561 1995 ne
3573 1942 3783 1994 voraci-

2186 2025 2264 2070 tas
2311 2018 2497 2071 febrim
2541 2020 2753 2086 pariens
2793 2033 2982 2091 augeat
3009 2026 3272 2090 tnurbum,
3301 2028 3402 2083 cibi
3435 2045 3559 2084 vero
3601 2032 3780 2100 inopia

2184 2105 2528 2161 inﬁrmiorem
2557 2125 2680 2162 cum
2724 2110 2921 2164 eiliciat
2959 2114 3088 2166 :sed
3145 2117 3454 2185 conjectans
3497 2122 3636 2189 apud
3692 2140 3776 2186 se,

2183 2206 2395 2264 quantm
2445 2201 2550 2252 sint
2602 2202 2908 2268 mgrotantis
2972 2203 3146 2270 vires,
3195 2217 3249 2261 et
3291 2208 3574 2278 diligenter
3624 2223 3783 2267 utens

2181 2297 2297 2339 arte
2357 2287 2532 2340 omnia
2599 2303 2692 2342 sua
2752 2290 2802 2344 itt
2863 2294 3096 2347 medium
3152 2295 3305 2351 affert
3359 2319 3372 2350 :
3423 2301 3668 2356 similiter
3725 2314 3783 2356 ct

2182 2376 2439 2446 benignus
2492 2379 2632 2434 Deus
2689 2383 2863 2437 sciens
2906 2385 3032 2453 quid
3090 2388 3257 2441 cuivis
3319 2391 3589 2461 expediat,
3674 2394 3780 2448 ali-

2179 2469 2392 2535 quando
2469 2471 2717 2527 concedit
2798 2473 2950 2527 nobis
3029 2478 3381 2546 prosperitate
3461 2480 3583 2542 frui.
3671 2483 3779 2537 ali-

2181 2557 2392 2624 quando
2416 2571 2594 2615 autem
2619 2563 3015 2619 exercitationis
3044 2569 3210 2636 gratia
3246 2571 3626 2627 tentationibus
3677 2590 3780 2631 nos

2182 2646 2496 2702 circumdat.
2563 2651 2694 2705 Nam
2721 2653 2765 2707 si
2794 2655 2994 2710 virtute
3025 2657 3234 2724 prtediti
3285 2670 3410 2714 sunt
3459 2663 3548 2731 qui
3596 2673 3779 2718 tenta-

2185 2736 2358 2791 tiones
2383 2741 2748 2808 experiuntur,
2775 2745 3029 2800 clariores
3050 2748 3300 2815 evadunt,
3333 2752 3774 2809 abundantiorem

2179 2826 2280 2880 sibi
2324 2842 2610 2897 supernam
2650 2834 2875 2901 gratiam
2904 2836 3250 2892 conciliantes
3280 2857 3292 2892 :
3325 2841 3367 2893 si
3397 2852 3573 2895 autem
3595 2854 3649 2898 nt
3675 2859 3778 2897 nos

2183 2927 2491 2984 peccatores
2531 2921 2656 2987 sint,
2683 2931 2737 2976 et
2775 2939 2897 2976 cum
2939 2927 3227 2993 gratiarum
3265 2929 3475 2985 actione
3523 2932 3776 2987 tentatio-

2180 3022 2275 3061 nes
2305 3007 2493 3074 ferant,
2516 3025 2730 3080 gravem
2782 3012 3059 3081 deponent
3102 3027 3438 3084 peccatorum
3481 3021 3773 3089 sarcinam,

2179 3099 2448 3168 multaque
2472 3101 2627 3154 venia
2647 3111 2700 3155 et
2727 3103 2826 3172 ipsi
2857 3105 3141 3173 potientur.
3175 3107 3300 3162 Ideo
3343 3111 3590 3176 obsecro,
3649 3129 3774 3168 cum

2180 3187 2412 3242 sciamus
2442 3190 2732 3258 potentiam
2780 3203 2834 3246 et
2859 3195 3172 3263 sapientiam
3226 3198 3413 3256 Medici
3469 3203 3771 3258 animarum

2181 3288 2504 3344 nostrarum,
2539 3298 2828 3353 numquam
2855 3287 3067 3342 curiose
3088 3288 3204 3357 ejus
3231 3287 3655 3358 dispensationes
3687 3294 3772 3346 in-

2178 3370 2472 3436 quiramus.
2499 3371 2631 3426 Cum
2659 3375 2800 3429 enim
2825 3391 2917 3430 eas
2937 3393 3089 3432 mens
3109 3387 3289 3433 nostra
3315 3380 3772 3450 comprehendere

2180 3470 2431 3530 nequeat,
2490 3462 2612 3517 hinc
2655 3465 2823 3535 magis
2846 3466 3305 3536 obstupescamus,
3330 3478 3383 3524 et
3410 3470 3772 3541 gloriﬁcemus

2179 3551 2344 3605 Deutn
2402 3569 2496 3620 pro
2533 3555 2800 3620 omnibus,
2853 3557 2995 3626 quod
3037 3559 3193 3614 talem
3251 3560 3539 3616 habeamus
3576 3561 3767 3616 Domi-

2179 3656 2323 3706 num,
2366 3643 2517 3711 cujus
2563 3645 2987 3714 dispensatioues
3025 3665 3197 3719 neque
3242 3667 3393 3706 mens
3434 3664 3636 3718 nostra,
3668 3669 3764 3709 ne-

2153 3749 2282 3800 que
2341 3733 2587 3790 humanae
2645 3749 2846 3792 natura:
2899 3741 3034 3794 ratio
3088 3757 3280 3811 capere
3336 3754 3528 3813 potest.
3583 3745 3770 3814 Neque

2178 3825 2320 3877 enim
2352 3834 2456 3878 tam
2510 3827 2646 3882 bene
2675 3829 2874 3883 scimus
2904 3831 3030 3897 quid
3083 3832 3236 3886 nobis
3291 3834 3557 3904 expediat,
3606 3851 3767 3904 quam

2181 3913 2295 3982 ipse
2321 3917 2456 3981 scit;
2487 3934 2658 3987 neque
2686 3920 2763 3973 sic
2794 3929 2972 3973 nostra
3010 3938 3108 3975 nos
3137 3938 3408 3988 curamus,
3443 3933 3500 3977 ut
3529 3922 3643 3992 ipse
3683 3941 3771 3979 sa-

2181 4003 2342 4058 lutem
2370 4019 2624 4072 nostram,
2655 4019 2708 4063 et
2727 4012 2902 4063 omnia
2933 4011 3056 4065 facit
3080 4021 3133 4066 et
3164 4014 3398 4079 molitur,
3420 4024 3476 4068 ut
3500 4014 3566 4068 ad
3599 4015 3770 4076 virtu-

2182 4103 2285 4147 tem
2319 4109 2415 4149 nos
2437 4097 2667 4160 inducat.
2696 4109 2752 4154 et
2779 4116 2808 4152 a
2834 4101 3029 4156 diaboli
3052 4103 3294 4156 manibus
3313 4103 3522 4173 eripiat.
3549 4105 3617 4159 Et
3644 4122 3766 4161 cum

2183 4183 2323 4237 videt
2357 4186 2484 4239 nihil
2509 4189 2766 4256 prodesse
2813 4190 2967 4244 nobis
3023 4194 3417 4259 prosperitates,
3456 4204 3581 4248 tunc
3633 4196 3769 4250 sicut

2178 4274 2352 4328 bonus
2377 4276 2634 4341 medicus,
2662 4278 2751 4346 qni
2795 4280 3172 4334 animadvertit
3198 4282 3470 4338 obesiores
3497 4283 3530 4336 ﬁ
3551 4285 3609 4338 -ri
3648 4301 3765 4352 eos,

2176 4380 2406 4435 quorum
2429 4383 2612 4428 curam
2637 4369 2792 4440 gerit,
2834 4380 3048 4439 propter
3069 4372 3361 4440 crapulam,
3392 4373 3458 4428 ad
3483 4376 3766 4430 sanitatem

2181 4471 2276 4525 per
2328 4458 2669 4513 sobrietatem
2715 4460 2963 4516 reducit:
2996 4461 3065 4514 ita
3118 4471 3173 4515 et
3214 4463 3440 4519 eximius
3469 4465 3766 4520 animarmn

2181 4560 2494 4604 nostrarum
2537 4547 2769 4603 Medicus
2812 4552 3068 4618 permittit
3103 4553 3372 4622 paulisper
3411 4569 3508 4609 nos
3551 4557 3765 4621 tentari,

2181 4652 2236 4696 ut
2259 4639 2551 4695 sentiamus
2575 4651 2828 4708 quantum
2856 4641 3032 4694 damni
3060 4657 3124 4697 ex
3156 4645 3505 4712 prOSperitate
3539 4661 3765 4717 accepe-

2181 4735 2348 4789 rimus
2382 4749 2396 4797 ;
2438 4740 2493 4788 et
2540 4731 2751 4801 quando
2788 4733 2932 4787 videt
2957 4733 3260 4790 reStitutam
3277 4736 3580 4802 sanitatem,
3641 4748 3766 4795 tunc

2180 4825 2337 4880 celeri
2361 4823 2513 4878 nobis
2540 4823 2776 4877 subsidio
2805 4823 3048 4882 concedit
3077 4832 3134 4878 ut
3158 4839 3185 4877 a
3209 4826 3589 4881 tentationibus
3637 4829 3769 4884 libe.

2181 4931 2380 4980 tentur,
2421 4923 2476 4967 et
2533 4928 2644 4966 suae
2690 4915 3038 4982 providentiae
3082 4932 3266 4970 curam
3307 4918 3533 4972 ubertim
3585 4920 3767 4974 decla-

2180 5016 2279 5061 rat.
2310 5006 2491 5074 Itaque
2510 5005 2611 5059 etsi
2644 5005 2807 5074 aliqui
2853 5007 3048 5062 virtute
3093 5009 3298 5079 praediti
3345 5011 3398 5064 in
3448 5013 3770 5068 tentationes

2181 5096 2439 5159 incidant,
2492 5111 2558 5149 ne
2606 5096 2915 5162 turbentur,
2964 5097 3058 5152 sed
3111 5099 3233 5153 hinc
3294 5101 3568 5155 meliorem
3615 5117 3767 5172 spem

2179 5186 2506 5256 concipiant,
2546 5186 2672 5254 quia
2730 5188 3077 5244 tentationum
3126 5189 3387 5254 incursus,
3444 5205 3768 5249 coronarum

2179 5288 2234 5334 et
2284 5278 2624 5347 prauum-um
2659 5278 2739 5331 cis
2783 5289 2909 5332 sunt
2958 5283 3200 5334 materia.
3255 5283 3406 5346 Quod
3457 5285 3498 5334 si
3538 5287 3586 5337 in
3639 5300 3767 5353 puc-

2178 5372 2310 5426 catis
2361 5385 2484 5424 cum
2525 5371 2649 5429 sint.
2700 5371 2749 5422 in
2797 5371 3020 5425 adversa
3087 5373 3356 5439 incidant,
3401 5390 3467 5429 ne
3525 5386 3768 5444 propter-

2177 5480 2239 5520 ea
2264 5463 2522 5534 gravatim
2569 5463 2758 5527 ferant,
2800 5465 3030 5520 scientes
3077 5467 3219 5521 omni
3269 5475 3504 5537 tempore
3552 5481 3766 5537 peccata

2178 5555 2412 5610 adversis
2436 5553 2665 5623 purgari,
2685 5553 2843 5609 modo
2857 5570 2977 5609 cum
2993 5557 3279 5626 gratiarum
3291 5559 3497 5615 actione
3511 5560 3767 5627 SIISt'ipiato

2179 5664 2295 5712 nitus
2316 5665 2376 5702 ea
2394 5663 2511 5716 qua:
2529 5647 2792 5701 eveniunt.
2813 5648 2960 5703 Grati
2983 5649 3124 5704 enim
3143 5648 3321 5706 fatnnli
3339 5661 3441 5716 est,
3469 5667 3571 5704 non
3593 5655 3764 5708 solum

2186 5742 2378 5817 gratias
2395 5753 2556 5805 agetc
2598 5739 3076 5812 domino,quando
3105 5741 3327 5797 ubertim
3371 5760 3464 5815 pro
3491 5741 3760 5797 sententia
