  <div class='ocr_page' id='page_1' title='image "/cluster/home/n/w/nwhite01/storage/ocr_20150623/53/ien.35556001660802/375.png"; bbox 0 0 4058 6384; ppageno 0'>
   <div class='ocr_carea' id='block_1_1' title="bbox 527 383 638 453">
    <p class='ocr_par' dir='ltr' id='par_1_1' title="bbox 527 383 638 453">
     <span class='ocr_line' id='line_1_1' title="bbox 527 383 638 453; baseline 0.018 -2"><span class='ocrx_word' id='word_1_1' title='bbox 527 383 638 453; x_wconf 68' lang='lat' dir='ltr'>S73</span> 
     </span>
    </p>
   </div>
   <div class='ocr_carea' id='block_1_2' title="bbox 534 503 2109 582">
    <p class='ocr_par' dir='ltr' id='par_1_2' title="bbox 534 503 2109 582">
     <span class='ocr_line' id='line_1_2' title="bbox 534 503 2109 582; baseline -0.006 -18"><span class='ocrx_word' id='word_1_2' title='bbox 534 511 732 582; x_wconf 84' lang='grc' dir='ltr'>ριστεῖν</span> <span class='ocrx_word' id='word_1_3' title='bbox 768 509 846 580; x_wconf 84' lang='grc' dir='ltr'>τῷ</span> <span class='ocrx_word' id='word_1_4' title='bbox 873 508 1126 578; x_wconf 80' lang='grc' dir='ltr'>δεσπότῃ,</span> <span class='ocrx_word' id='word_1_5' title='bbox 1158 505 1290 558; x_wconf 85' lang='grc' dir='ltr'>ἀλλά</span> <span class='ocrx_word' id='word_1_6' title='bbox 1327 504 1422 558; x_wconf 73' lang='grc' dir='ltr'>καὶ</span> <span class='ocrx_word' id='word_1_7' title='bbox 1467 505 1525 558; x_wconf 79' lang='grc' dir='ltr'>ἐν</span> <span class='ocrx_word' id='word_1_8' title='bbox 1558 508 1670 568; x_wconf 89' lang='grc' dir='ltr'>τοῖς</span> <span class='ocrx_word' id='word_1_9' title='bbox 1712 503 1974 567; x_wconf 83' lang='grc' dir='ltr'>ἐναντίοις</span> <span class='ocrx_word' id='word_1_10' title='bbox 2013 503 2109 573; x_wconf 76' lang='grc' dir='ltr'>τήν</span> 
     </span>
    </p>
   </div>
   <div class='ocr_carea' id='block_1_3' title="bbox 531 584 2109 663">
    <p class='ocr_par' dir='ltr' id='par_1_3' title="bbox 531 584 2109 663">
     <span class='ocr_line' id='line_1_3' title="bbox 531 584 2109 663; baseline -0.006 -17"><span class='ocrx_word' id='word_1_11' title='bbox 531 594 702 662; x_wconf 90' lang='grc' dir='ltr'>αὑτην</span> <span class='ocrx_word' id='word_1_12' title='bbox 730 590 1147 663; x_wconf 81' lang='grc' dir='ltr'>εὐγνωμοσύνην</span> <span class='ocrx_word' id='word_1_13' title='bbox 1168 587 1594 641; x_wconf 87' lang='grc' dir='ltr'>ἐπιδείκνυσθαι.</span> <span class='ocrx_word' id='word_1_14' title='bbox 1623 585 1778 639; x_wconf 80' lang='grc' dir='ltr'><strong>Οὕτω</strong></span> <span class='ocrx_word' id='word_1_15' title='bbox 1811 585 1920 655; x_wconf 83' lang='grc' dir='ltr'>γὰρ</span> <span class='ocrx_word' id='word_1_16' title='bbox 1955 585 2045 638; x_wconf 81' lang='grc' dir='ltr'>καὶ</span> <span class='ocrx_word' id='word_1_17' title='bbox 2079 584 2109 635; x_wconf 87' lang='lat'>6</span> 
     </span>
    </p>
   </div>
   <div class='ocr_carea' id='block_1_4' title="bbox 532 665 2110 747">
    <p class='ocr_par' dir='ltr' id='par_1_4' title="bbox 532 665 2110 747">
     <span class='ocr_line' id='line_1_4' title="bbox 532 665 2110 747; baseline -0.006 -18"><span class='ocrx_word' id='word_1_18' title='bbox 532 676 878 747; x_wconf 77' lang='grc' dir='ltr'>πατριάρχης</span> <span class='ocrx_word' id='word_1_19' title='bbox 902 665 1054 736; x_wconf 74' lang='grc' dir='ltr'>οὗτος</span> <span class='ocrx_word' id='word_1_20' title='bbox 1075 667 1420 740; x_wconf 73' lang='grc' dir='ltr'>εὔδυκίμησε,</span> <span class='ocrx_word' id='word_1_21' title='bbox 1453 669 1548 721; x_wconf 76' lang='grc' dir='ltr'>καὶ</span> <span class='ocrx_word' id='word_1_22' title='bbox 1569 668 1837 739; x_wconf 77' lang='grc' dir='ltr'>τοσαύτης</span> <span class='ocrx_word' id='word_1_23' title='bbox 1864 669 2014 739; x_wconf 89' lang='grc' dir='ltr'>παρά</span> <span class='ocrx_word' id='word_1_24' title='bbox 2032 667 2110 737; x_wconf 84' lang='grc' dir='ltr'>τῷ</span> 
     </span>
    </p>
   </div>
   <div class='ocr_carea' id='block_1_5' title="bbox 528 751 2109 828">
    <p class='ocr_par' dir='ltr' id='par_1_5' title="bbox 528 751 2109 828">
     <span class='ocr_line' id='line_1_5' title="bbox 528 751 2109 828; baseline -0.006 -17"><span class='ocrx_word' id='word_1_25' title='bbox 528 758 650 828; x_wconf 85' lang='grc' dir='ltr'>Θεῷ</span> <span class='ocrx_word' id='word_1_26' title='bbox 681 757 858 828; x_wconf 84' lang='grc' dir='ltr'>τυχὼν</span> <span class='ocrx_word' id='word_1_27' title='bbox 887 754 1216 826; x_wconf 72' lang='grc' dir='ltr'>παρρησίας,</span> <span class='ocrx_word' id='word_1_28' title='bbox 1261 753 1356 806; x_wconf 75' lang='grc' dir='ltr'>καὶ</span> <span class='ocrx_word' id='word_1_29' title='bbox 1379 751 1594 823; x_wconf 80' lang='grc' dir='ltr'>δωρεὰς</span> <span class='ocrx_word' id='word_1_30' title='bbox 1632 752 1845 822; x_wconf 81' lang='grc' dir='ltr'>ἐδέχετο</span> <span class='ocrx_word' id='word_1_31' title='bbox 1874 751 2109 814; x_wconf 87' lang='grc' dir='ltr'>νικώσας</span> 
     </span>
    </p>
   </div>
   <div class='ocr_carea' id='block_1_6' title="bbox 530 834 1342 908">
    <p class='ocr_par' dir='ltr' id='par_1_6' title="bbox 530 834 1342 908">
     <span class='ocr_line' id='line_1_6' title="bbox 530 834 1342 908; baseline -0.007 -15"><span class='ocrx_word' id='word_1_32' title='bbox 530 840 629 908; x_wconf 81' lang='grc' dir='ltr'>τὴν</span> <span class='ocrx_word' id='word_1_33' title='bbox 663 840 824 908; x_wconf 81' lang='grc' dir='ltr'>φύσιν</span> <span class='ocrx_word' id='word_1_34' title='bbox 847 839 946 907; x_wconf 82' lang='grc' dir='ltr'>τὴν</span> <span class='ocrx_word' id='word_1_35' title='bbox 973 834 1342 907; x_wconf 87' lang='grc' dir='ltr'>ἀνθρωπίνην.</span> 
     </span>
    </p>
   </div>
   <div class='ocr_carea' id='block_1_7' title="bbox 586 912 2109 987">
    <p class='ocr_par' dir='ltr' id='par_1_7' title="bbox 586 912 2109 987">
     <span class='ocr_line' id='line_1_7' title="bbox 586 912 2109 987; baseline -0.004 -13"><span class='ocrx_word' id='word_1_36' title='bbox 586 922 652 974; x_wconf 86' lang='grc' dir='ltr'>δ’.</span> <span class='ocrx_word' id='word_1_37' title='bbox 672 921 987 987; x_wconf 82' lang='grc' dir='ltr'>’Λναγκαῖον</span> <span class='ocrx_word' id='word_1_38' title='bbox 1004 917 1060 969; x_wconf 85' lang='grc' dir='ltr'>δὲ</span> <span class='ocrx_word' id='word_1_39' title='bbox 1074 916 1236 969; x_wconf 90' lang='grc' dir='ltr'>πάλιν</span> <span class='ocrx_word' id='word_1_40' title='bbox 1250 917 1342 969; x_wconf 76' lang='grc' dir='ltr'>ἐπὶ</span> <span class='ocrx_word' id='word_1_41' title='bbox 1355 917 1456 987; x_wconf 78' lang='grc' dir='ltr'>τὴν</span> <span class='ocrx_word' id='word_1_42' title='bbox 1471 915 1788 969; x_wconf 78' lang='grc' dir='ltr'>ἀκολουθίαν</span> <span class='ocrx_word' id='word_1_43' title='bbox 1797 912 2109 968; x_wconf 84' lang='grc' dir='ltr'>ἐπανελθεῖν</span> 
     </span>
    </p>
   </div>
   <div class='ocr_carea' id='block_1_8' title="bbox 529 996 2109 1070">
    <p class='ocr_par' dir='ltr' id='par_1_8' title="bbox 529 996 2109 1070">
     <span class='ocr_line' id='line_1_8' title="bbox 529 996 2109 1070; baseline -0.003 -15"><span class='ocrx_word' id='word_1_44' title='bbox 529 1004 624 1056; x_wconf 88' lang='grc' dir='ltr'>τοῦ</span> <span class='ocrx_word' id='word_1_45' title='bbox 646 1003 824 1070; x_wconf 85' lang='grc' dir='ltr'>λόγου,</span> <span class='ocrx_word' id='word_1_46' title='bbox 842 1002 937 1053; x_wconf 77' lang='grc' dir='ltr'>καὶ</span> <span class='ocrx_word' id='word_1_47' title='bbox 960 1001 1086 1053; x_wconf 87' lang='grc' dir='ltr'>ἰδεῖν</span> <span class='ocrx_word' id='word_1_48' title='bbox 1101 998 1196 1052; x_wconf 90' lang='grc' dir='ltr'>τοῦ</span> <span class='ocrx_word' id='word_1_49' title='bbox 1216 999 1425 1052; x_wconf 80' lang='grc' dir='ltr'>δικαίου</span> <span class='ocrx_word' id='word_1_50' title='bbox 1443 997 1540 1068; x_wconf 77' lang='grc' dir='ltr'>τήν</span> <span class='ocrx_word' id='word_1_51' title='bbox 1563 996 1830 1068; x_wconf 82' lang='grc' dir='ltr'>ὑπακοὴν,</span> <span class='ocrx_word' id='word_1_52' title='bbox 1852 998 1944 1051; x_wconf 77' lang='grc' dir='ltr'>καὶ</span> <span class='ocrx_word' id='word_1_53' title='bbox 1963 998 2109 1060; x_wconf 78' lang='grc' dir='ltr'>ὅπως</span> 
     </span>
    </p>
   </div>
   <div class='ocr_carea' id='block_1_9' title="bbox 527 1078 2108 1154">
    <p class='ocr_par' dir='ltr' id='par_1_9' title="bbox 527 1078 2108 1154">
     <span class='ocr_line' id='line_1_9' title="bbox 527 1078 2108 1154; baseline -0.003 -17"><span class='ocrx_word' id='word_1_54' title='bbox 527 1087 608 1147; x_wconf 88' lang='grc' dir='ltr'>εἰς</span> <span class='ocrx_word' id='word_1_55' title='bbox 635 1084 794 1154; x_wconf 74' lang='grc' dir='ltr'>ἔργον</span> <span class='ocrx_word' id='word_1_56' title='bbox 824 1084 1000 1153; x_wconf 83' lang='grc' dir='ltr'>ήγαγε</span> <span class='ocrx_word' id='word_1_57' title='bbox 1030 1082 1100 1135; x_wconf 92' lang='grc' dir='ltr'>τά</span> <span class='ocrx_word' id='word_1_58' title='bbox 1129 1082 1281 1152; x_wconf 86' lang='grc' dir='ltr'>παρά</span> <span class='ocrx_word' id='word_1_59' title='bbox 1319 1080 1411 1133; x_wconf 91' lang='grc' dir='ltr'>τοῦ</span> <span class='ocrx_word' id='word_1_60' title='bbox 1434 1079 1570 1135; x_wconf 94' lang='grc' dir='ltr'>Θεοῦ</span> <span class='ocrx_word' id='word_1_61' title='bbox 1603 1081 2020 1151; x_wconf 85' lang='grc' dir='ltr'>ἐπιταττόμενα,</span> <span class='ocrx_word' id='word_1_62' title='bbox 2047 1078 2108 1133; x_wconf 90' lang='grc' dir='ltr'>οὑ</span> 
     </span>
    </p>
   </div>
   <div class='ocr_carea' id='block_1_10' title="bbox 529 1161 2108 1236">
    <p class='ocr_par' dir='ltr' id='par_1_10' title="bbox 529 1161 2108 1236">
     <span class='ocr_line' id='line_1_10' title="bbox 529 1161 2108 1236; baseline -0.002 -19"><span class='ocrx_word' id='word_1_63' title='bbox 529 1164 706 1236; x_wconf 80' lang='grc' dir='ltr'>ζητῶν</span> <span class='ocrx_word' id='word_1_64' title='bbox 733 1165 825 1217; x_wconf 85' lang='grc' dir='ltr'>τὸν</span> <span class='ocrx_word' id='word_1_65' title='bbox 850 1164 1028 1231; x_wconf 89' lang='grc' dir='ltr'>λόγον,</span> <span class='ocrx_word' id='word_1_66' title='bbox 1063 1163 1181 1216; x_wconf 83' lang='grc' dir='ltr'>οὑδέ</span> <span class='ocrx_word' id='word_1_67' title='bbox 1213 1162 1444 1227; x_wconf 79' lang='grc' dir='ltr'>εὐθύνας</span> <span class='ocrx_word' id='word_1_68' title='bbox 1481 1163 1749 1227; x_wconf 88' lang='grc' dir='ltr'>ἀπαιτῶν,</span> <span class='ocrx_word' id='word_1_69' title='bbox 1777 1162 2026 1232; x_wconf 83' lang='grc' dir='ltr'>καθάπερ</span> <span class='ocrx_word' id='word_1_70' title='bbox 2057 1161 2108 1214; x_wconf 81' lang='grc' dir='ltr'>οἰ</span> 
     </span>
    </p>
   </div>
   <div class='ocr_carea' id='block_1_11' title="bbox 528 1245 2110 1319">
    <p class='ocr_par' dir='ltr' id='par_1_11' title="bbox 528 1245 2110 1319">
     <span class='ocr_line' id='line_1_11' title="bbox 528 1245 2110 1319; baseline -0.001 -17"><span class='ocrx_word' id='word_1_71' title='bbox 528 1248 712 1302; x_wconf 84' lang='grc' dir='ltr'>πολλοί</span> <span class='ocrx_word' id='word_1_72' title='bbox 730 1249 837 1300; x_wconf 92' lang='grc' dir='ltr'>τῶν</span> <span class='ocrx_word' id='word_1_73' title='bbox 861 1249 1102 1316; x_wconf 83' lang='grc' dir='ltr'>ἀνοήτων</span> <span class='ocrx_word' id='word_1_74' title='bbox 1122 1245 1332 1300; x_wconf 91' lang='grc' dir='ltr'>ποιοῦσι</span> <span class='ocrx_word' id='word_1_75' title='bbox 1356 1247 1842 1319; x_wconf 79' lang='grc' dir='ltr'>περιεργαζόμενοι</span> <span class='ocrx_word' id='word_1_76' title='bbox 1870 1247 1939 1300; x_wconf 88' lang='grc' dir='ltr'>τά</span> <span class='ocrx_word' id='word_1_77' title='bbox 1959 1245 2110 1316; x_wconf 87' lang='grc' dir='ltr'>παρά</span> 
     </span>
    </p>
   </div>
   <div class='ocr_carea' id='block_1_12' title="bbox 527 1329 2109 1398">
    <p class='ocr_par' dir='ltr' id='par_1_12' title="bbox 527 1329 2109 1398">
     <span class='ocr_line' id='line_1_12' title="bbox 527 1329 2109 1398; baseline -0.001 -15"><span class='ocrx_word' id='word_1_78' title='bbox 527 1329 622 1383; x_wconf 86' lang='grc' dir='ltr'>τοῦ</span> <span class='ocrx_word' id='word_1_79' title='bbox 644 1330 778 1384; x_wconf 83' lang='grc' dir='ltr'>Θεοῦ</span> <span class='ocrx_word' id='word_1_80' title='bbox 807 1331 1085 1398; x_wconf 85' lang='grc' dir='ltr'>γινόμενα,</span> <span class='ocrx_word' id='word_1_81' title='bbox 1119 1329 1213 1382; x_wconf 71' lang='grc' dir='ltr'>καὶ</span> <span class='ocrx_word' id='word_1_82' title='bbox 1239 1329 1522 1397; x_wconf 83' lang='grc' dir='ltr'>λέγοντες·</span> <span class='ocrx_word' id='word_1_83' title='bbox 1548 1331 1640 1392; x_wconf 73' lang='lat' dir='ltr'>El;</span> <span class='ocrx_word' id='word_1_84' title='bbox 1665 1329 1718 1382; x_wconf 91' lang='grc' dir='ltr'>τί</span> <span class='ocrx_word' id='word_1_85' title='bbox 1744 1329 1932 1395; x_wconf 78' lang='grc' dir='ltr'>τοῦτος</span> <span class='ocrx_word' id='word_1_86' title='bbox 1964 1331 2042 1392; x_wconf 73' lang='grc' dir='ltr'>εἷς</span> <span class='ocrx_word' id='word_1_87' title='bbox 2057 1329 2109 1382; x_wconf 88' lang='grc' dir='ltr'>τί</span> 
     </span>
    </p>
   </div>
   <div class='ocr_carea' id='block_1_13' title="bbox 527 1411 2110 1481">
    <p class='ocr_par' dir='ltr' id='par_1_13' title="bbox 527 1411 2110 1481">
     <span class='ocr_line' id='line_1_13' title="bbox 527 1411 2110 1481; baseline -0.001 -14"><span class='ocrx_word' id='word_1_88' title='bbox 527 1415 732 1476; x_wconf 77' lang='grc' dir='ltr'>ἐκεῖνος</span> <span class='ocrx_word' id='word_1_89' title='bbox 762 1415 856 1467; x_wconf 77' lang='grc' dir='ltr'>καί</span> <span class='ocrx_word' id='word_1_90' title='bbox 883 1413 936 1465; x_wconf 91' lang='grc' dir='ltr'>τί</span> <span class='ocrx_word' id='word_1_91' title='bbox 962 1412 1023 1465; x_wconf 81' lang='grc' dir='ltr'>τὸ</span> <span class='ocrx_word' id='word_1_92' title='bbox 1053 1411 1246 1480; x_wconf 70' lang='grc' dir='ltr'>ὄφελος</span> <span class='ocrx_word' id='word_1_93' title='bbox 1273 1413 1381 1465; x_wconf 83' lang='grc' dir='ltr'>ἀπὸ</span> <span class='ocrx_word' id='word_1_94' title='bbox 1404 1412 1497 1465; x_wconf 90' lang='grc' dir='ltr'>τοῦ</span> <span class='ocrx_word' id='word_1_95' title='bbox 1524 1412 1640 1464; x_wconf 82' lang='grc' dir='ltr'>τόδε</span> <span class='ocrx_word' id='word_1_96' title='bbox 1668 1412 1990 1481; x_wconf 80' lang='grc' dir='ltr'>γενέσθαι,ἢ</span> <span class='ocrx_word' id='word_1_97' title='bbox 2022 1411 2110 1465; x_wconf 90' lang='grc' dir='ltr'>τό·</span> 
     </span>
    </p>
   </div>
   <div class='ocr_carea' id='block_1_14' title="bbox 525 1492 2108 1565">
    <p class='ocr_par' dir='ltr' id='par_1_14' title="bbox 525 1492 2108 1565">
     <span class='ocr_line' id='line_1_14' title="bbox 525 1492 2108 1565; baseline -0.001 -18"><span class='ocrx_word' id='word_1_98' title='bbox 525 1494 614 1558; x_wconf 67' lang='lat' dir='ltr'>6s;</span> <span class='ocrx_word' id='word_1_99' title='bbox 654 1494 792 1547; x_wconf 78' lang='grc' dir='ltr'>Ἀλλ’</span> <span class='ocrx_word' id='word_1_100' title='bbox 822 1495 924 1565; x_wconf 83' lang='grc' dir='ltr'>οὐχ</span> <span class='ocrx_word' id='word_1_101' title='bbox 945 1495 973 1544; x_wconf 94' lang='lat'>6</span> <span class='ocrx_word' id='word_1_102' title='bbox 1002 1494 1206 1556; x_wconf 88' lang='grc' dir='ltr'>δίκαιος</span> <span class='ocrx_word' id='word_1_103' title='bbox 1232 1492 1426 1556; x_wconf 83' lang='grc' dir='ltr'>οὑτως·</span> <span class='ocrx_word' id='word_1_104' title='bbox 1459 1493 1596 1546; x_wconf 89' lang='grc' dir='ltr'>ἀλλά</span> <span class='ocrx_word' id='word_1_105' title='bbox 1626 1492 1872 1563; x_wconf 83' lang='grc' dir='ltr'>καθάπερ</span> <span class='ocrx_word' id='word_1_106' title='bbox 1892 1493 2108 1562; x_wconf 76' lang='grc' dir='ltr'>οἰκέτης</span> 
     </span>
    </p>
   </div>
   <div class='ocr_carea' id='block_1_15' title="bbox 527 1575 2110 1645">
    <p class='ocr_par' dir='ltr' id='par_1_15' title="bbox 527 1575 2110 1645">
     <span class='ocr_line' id='line_1_15' title="bbox 527 1575 2110 1645; baseline 0.001 -18"><span class='ocrx_word' id='word_1_107' title='bbox 527 1576 928 1644; x_wconf 77' lang='grc' dir='ltr'>φιλοδέσποτος,</span> <span class='ocrx_word' id='word_1_108' title='bbox 955 1575 1127 1637; x_wconf 81' lang='grc' dir='ltr'>οὑτως</span> <span class='ocrx_word' id='word_1_109' title='bbox 1156 1575 1299 1643; x_wconf 83' lang='grc' dir='ltr'>ἀπερ</span> <span class='ocrx_word' id='word_1_110' title='bbox 1319 1575 1386 1628; x_wconf 84' lang='grc' dir='ltr'>ἀν</span> <span class='ocrx_word' id='word_1_111' title='bbox 1413 1575 1678 1645; x_wconf 88' lang='grc' dir='ltr'>ἐπετάγη,</span> <span class='ocrx_word' id='word_1_112' title='bbox 1701 1578 1780 1638; x_wconf 89' lang='grc' dir='ltr'>εἰς</span> <span class='ocrx_word' id='word_1_113' title='bbox 1802 1575 1959 1645; x_wconf 76' lang='grc' dir='ltr'>ἔργον</span> <span class='ocrx_word' id='word_1_114' title='bbox 1980 1577 2110 1644; x_wconf 87' lang='grc' dir='ltr'>ἀγα-</span> 
     </span>
    </p>
   </div>
   <div class='ocr_carea' id='block_1_16' title="bbox 527 1657 2106 1729">
    <p class='ocr_par' dir='ltr' id='par_1_16' title="bbox 527 1657 2106 1729">
     <span class='ocr_line' id='line_1_16' title="bbox 527 1657 2106 1729; baseline 0 -17"><span class='ocrx_word' id='word_1_115' title='bbox 527 1662 644 1729; x_wconf 86' lang='grc' dir='ltr'>γεῖν</span> <span class='ocrx_word' id='word_1_116' title='bbox 672 1660 922 1721; x_wconf 77' lang='grc' dir='ltr'>ἔσπευδε,</span> <span class='ocrx_word' id='word_1_117' title='bbox 957 1660 1031 1729; x_wconf 82' lang='grc' dir='ltr'>μὴ</span> <span class='ocrx_word' id='word_1_118' title='bbox 1063 1657 1579 1728; x_wconf 76' lang='grc' dir='ltr'>περιεργαζόμενος.</span> <span class='ocrx_word' id='word_1_119' title='bbox 1631 1659 1741 1711; x_wconf 73' lang='grc' dir='ltr'>Καὶ</span> <span class='ocrx_word' id='word_1_120' title='bbox 1777 1658 1865 1712; x_wconf 82' lang='grc' dir='ltr'>ἵνα</span> <span class='ocrx_word' id='word_1_121' title='bbox 1909 1659 2106 1729; x_wconf 85' lang='grc' dir='ltr'>μάθῃς,</span> 
     </span>
    </p>
   </div>
   <div class='ocr_carea' id='block_1_17' title="bbox 529 1739 2108 1810">
    <p class='ocr_par' dir='ltr' id='par_1_17' title="bbox 529 1739 2108 1810">
     <span class='ocr_line' id='line_1_17' title="bbox 529 1739 2108 1810; baseline -0.001 -16"><span class='ocrx_word' id='word_1_122' title='bbox 529 1741 694 1795; x_wconf 79' lang='grc' dir='ltr'>ἄκουε</span> <span class='ocrx_word' id='word_1_123' title='bbox 716 1741 824 1793; x_wconf 90' lang='grc' dir='ltr'>τῶν</span> <span class='ocrx_word' id='word_1_124' title='bbox 849 1740 993 1810; x_wconf 81' lang='grc' dir='ltr'>ἐξῆς.</span> <span class='ocrx_word' id='word_1_125' title='bbox 1034 1739 1253 1810; x_wconf 82' lang='grc' dir='ltr'>Ἐπειδὴ</span> <span class='ocrx_word' id='word_1_126' title='bbox 1272 1740 1381 1810; x_wconf 76' lang='grc' dir='ltr'>γὰρ</span> <span class='ocrx_word' id='word_1_127' title='bbox 1408 1739 1506 1810; x_wconf 80' lang='grc' dir='ltr'>τὴν</span> <span class='ocrx_word' id='word_1_128' title='bbox 1535 1740 1826 1808; x_wconf 81' lang='grc' dir='ltr'>ὑπόσχεσιν</span> <span class='ocrx_word' id='word_1_129' title='bbox 1850 1741 2108 1810; x_wconf 87' lang='grc' dir='ltr'>ἐποιήσα-</span> 
     </span>
    </p>
   </div>
   <div class='ocr_carea' id='block_1_18' title="bbox 523 1821 2108 1894">
    <p class='ocr_par' dir='ltr' id='par_1_18' title="bbox 523 1821 2108 1894">
     <span class='ocr_line' id='line_1_18' title="bbox 523 1821 2108 1894; baseline -0.001 -18"><span class='ocrx_word' id='word_1_130' title='bbox 523 1840 588 1876; x_wconf 86' lang='grc' dir='ltr'>το</span> <span class='ocrx_word' id='word_1_131' title='bbox 612 1825 747 1893; x_wconf 81' lang='grc' dir='ltr'>πρὸς</span> <span class='ocrx_word' id='word_1_132' title='bbox 770 1823 930 1877; x_wconf 81' lang='grc' dir='ltr'>αὑτὸν</span> <span class='ocrx_word' id='word_1_133' title='bbox 949 1825 978 1875; x_wconf 98' lang='lat'>6</span> <span class='ocrx_word' id='word_1_134' title='bbox 1004 1823 1302 1892; x_wconf 79' lang='grc' dir='ltr'>Δεσπότης.</span> <span class='ocrx_word' id='word_1_135' title='bbox 1326 1823 1419 1874; x_wconf 74' lang='grc' dir='ltr'>καὶ</span> <span class='ocrx_word' id='word_1_136' title='bbox 1447 1821 1659 1875; x_wconf 78' lang='grc' dir='ltr'>ἐτέλεσε</span> <span class='ocrx_word' id='word_1_137' title='bbox 1683 1821 1782 1889; x_wconf 79' lang='grc' dir='ltr'>τὴν</span> <span class='ocrx_word' id='word_1_138' title='bbox 1807 1821 1954 1893; x_wconf 77' lang='grc'>[409]</span> <span class='ocrx_word' id='word_1_139' title='bbox 1973 1822 2108 1894; x_wconf 72' lang='grc' dir='ltr'>πρὸς</span> 
     </span>
    </p>
   </div>
   <div class='ocr_carea' id='block_1_19' title="bbox 524 1903 2109 1972">
    <p class='ocr_par' dir='ltr' id='par_1_19' title="bbox 524 1903 2109 1972">
     <span class='ocr_line' id='line_1_19' title="bbox 524 1903 2109 1972; baseline -0.001 -12"><span class='ocrx_word' id='word_1_140' title='bbox 524 1906 689 1960; x_wconf 81' lang='grc' dir='ltr'>αὑτὸν</span> <span class='ocrx_word' id='word_1_141' title='bbox 736 1906 993 1972; x_wconf 79' lang='grc' dir='ltr'>διάλεξιν,</span> <span class='ocrx_word' id='word_1_142' title='bbox 1040 1905 1242 1968; x_wconf 77' lang='grc' dir='ltr'>εὐθέως</span> <span class='ocrx_word' id='word_1_143' title='bbox 1298 1907 1326 1957; x_wconf 93' lang='lat'>6</span> <span class='ocrx_word' id='word_1_144' title='bbox 1379 1903 1585 1967; x_wconf 83' lang='grc' dir='ltr'>δίκαιος</span> <span class='ocrx_word' id='word_1_145' title='bbox 1628 1903 1698 1956; x_wconf 88' lang='grc' dir='ltr'>τά</span> <span class='ocrx_word' id='word_1_146' title='bbox 1751 1904 2109 1958; x_wconf 75' lang='grc' dir='ltr'>κελευσθέντα</span> 
     </span>
    </p>
   </div>
   <div class='ocr_carea' id='block_1_20' title="bbox 525 1984 2108 2059">
    <p class='ocr_par' dir='ltr' id='par_1_20' title="bbox 525 1984 2108 2059">
     <span class='ocr_line' id='line_1_20' title="bbox 525 1984 2108 2059; baseline -0.001 -18"><span class='ocrx_word' id='word_1_147' title='bbox 525 1989 786 2059; x_wconf 78' lang='grc' dir='ltr'>ἐπλήρου,</span> <span class='ocrx_word' id='word_1_148' title='bbox 815 1989 907 2041; x_wconf 73' lang='grc' dir='ltr'>καὶ</span> <span class='ocrx_word' id='word_1_149' title='bbox 928 1987 991 2039; x_wconf 76' lang='lat'>16</span> <span class='ocrx_word' id='word_1_150' title='bbox 1019 1989 1243 2056; x_wconf 90' lang='grc' dir='ltr'>σημεῖον</span> <span class='ocrx_word' id='word_1_151' title='bbox 1280 1986 1342 2037; x_wconf 82' lang='grc' dir='ltr'>τὸ</span> <span class='ocrx_word' id='word_1_152' title='bbox 1370 1986 1520 2057; x_wconf 82' lang='grc' dir='ltr'>παρά</span> <span class='ocrx_word' id='word_1_153' title='bbox 1550 1984 1644 2038; x_wconf 92' lang='grc' dir='ltr'>τοῦ</span> <span class='ocrx_word' id='word_1_154' title='bbox 1669 1985 1803 2038; x_wconf 91' lang='grc' dir='ltr'>Θεοῦ</span> <span class='ocrx_word' id='word_1_155' title='bbox 1827 1986 2108 2039; x_wconf 81' lang='grc' dir='ltr'>κελευσθὲν</span> 
     </span>
    </p>
   </div>
   <div class='ocr_carea' id='block_1_21' title="bbox 524 2067 2108 2139">
    <p class='ocr_par' dir='ltr' id='par_1_21' title="bbox 524 2067 2108 2139">
     <span class='ocr_line' id='line_1_21' title="bbox 524 2067 2108 2139; baseline -0.001 -16"><span class='ocrx_word' id='word_1_156' title='bbox 524 2070 764 2123; x_wconf 72' lang='grc' dir='ltr'>ἐπετίθει</span> <span class='ocrx_word' id='word_1_157' title='bbox 803 2069 881 2139; x_wconf 81' lang='grc' dir='ltr'>τῷ</span> <span class='ocrx_word' id='word_1_158' title='bbox 921 2071 1165 2138; x_wconf 61' lang='grc' dir='ltr'>Ἰσμαὴλ,</span> <span class='ocrx_word' id='word_1_159' title='bbox 1197 2067 1296 2138; x_wconf 79' lang='grc' dir='ltr'>τὴν</span> <span class='ocrx_word' id='word_1_160' title='bbox 1324 2068 1622 2138; x_wconf 76' lang='grc' dir='ltr'>περιτομὴν</span> <span class='ocrx_word' id='word_1_161' title='bbox 1656 2069 1815 2136; x_wconf 84' lang='grc' dir='ltr'>λέγω,</span> <span class='ocrx_word' id='word_1_162' title='bbox 1853 2072 1946 2121; x_wconf 79' lang='grc' dir='ltr'>καὶ</span> <span class='ocrx_word' id='word_1_163' title='bbox 1976 2071 2108 2121; x_wconf 79' lang='grc' dir='ltr'>πᾶσι</span> 
     </span>
    </p>
   </div>
   <div class='ocr_carea' id='block_1_22' title="bbox 524 2148 2108 2220">
    <p class='ocr_par' dir='ltr' id='par_1_22' title="bbox 524 2148 2108 2220">
     <span class='ocr_line' id='line_1_22' title="bbox 524 2148 2108 2220; baseline -0.001 -17"><span class='ocrx_word' id='word_1_164' title='bbox 524 2153 639 2213; x_wconf 83' lang='grc' dir='ltr'>τοῖς</span> <span class='ocrx_word' id='word_1_165' title='bbox 653 2151 976 2218; x_wconf 79' lang='grc' dir='ltr'>οἰκογενέσι,</span> <span class='ocrx_word' id='word_1_166' title='bbox 1000 2149 1095 2202; x_wconf 81' lang='grc' dir='ltr'>καὶ</span> <span class='ocrx_word' id='word_1_167' title='bbox 1107 2153 1220 2212; x_wconf 89' lang='grc' dir='ltr'>τοῖς</span> <span class='ocrx_word' id='word_1_168' title='bbox 1239 2150 1669 2220; x_wconf 83' lang='grc' dir='ltr'>ἀργυρωνήτοις,</span> <span class='ocrx_word' id='word_1_169' title='bbox 1688 2148 1829 2201; x_wconf 87' lang='grc' dir='ltr'>καθά</span> <span class='ocrx_word' id='word_1_170' title='bbox 1850 2149 2108 2217; x_wconf 85' lang='grc' dir='ltr'>ἐλάλησεν</span> 
     </span>
    </p>
   </div>
   <div class='ocr_carea' id='block_1_23' title="bbox 524 2229 2107 2302">
    <p class='ocr_par' dir='ltr' id='par_1_23' title="bbox 524 2229 2107 2302">
     <span class='ocr_line' id='line_1_23' title="bbox 524 2229 2107 2302; baseline -0.001 -17"><span class='ocrx_word' id='word_1_171' title='bbox 524 2231 675 2302; x_wconf 87' lang='grc' dir='ltr'>αὑτῷ</span> <span class='ocrx_word' id='word_1_172' title='bbox 697 2233 726 2284; x_wconf 90' lang='lat'>6</span> <span class='ocrx_word' id='word_1_173' title='bbox 746 2233 899 2294; x_wconf 87' lang='grc' dir='ltr'>Θεός.</span> <span class='ocrx_word' id='word_1_174' title='bbox 929 2230 1293 2302; x_wconf 81' lang='grc' dir='ltr'>Περιετέμετο</span> <span class='ocrx_word' id='word_1_175' title='bbox 1314 2229 1372 2281; x_wconf 82' lang='grc' dir='ltr'>δὲ</span> <span class='ocrx_word' id='word_1_176' title='bbox 1395 2232 1489 2283; x_wconf 77' lang='grc' dir='ltr'>καὶ</span> <span class='ocrx_word' id='word_1_177' title='bbox 1511 2230 1691 2294; x_wconf 87' lang='grc' dir='ltr'>αὑτός.</span> <span class='ocrx_word' id='word_1_178' title='bbox 1724 2232 2107 2293; x_wconf 74' lang='grc' dir='ltr'>Ἐννενήκον-</span> 
     </span>
    </p>
   </div>
   <div class='ocr_carea' id='block_1_24' title="bbox 523 2308 2106 2384">
    <p class='ocr_par' dir='ltr' id='par_1_24' title="bbox 523 2308 2106 2384">
     <span class='ocr_line' id='line_1_24' title="bbox 523 2308 2106 2384; baseline 0 -18"><span class='ocrx_word' id='word_1_179' title='bbox 523 2329 600 2366; x_wconf 76' lang='grc' dir='ltr'>τα</span> <span class='ocrx_word' id='word_1_180' title='bbox 631 2313 740 2384; x_wconf 86' lang='grc' dir='ltr'>γὰρ</span> <span class='ocrx_word' id='word_1_181' title='bbox 767 2314 863 2366; x_wconf 79' lang='grc' dir='ltr'>καί</span> <span class='ocrx_word' id='word_1_182' title='bbox 895 2311 1073 2366; x_wconf 72' lang='grc' dir='ltr'>ἐννέα</span> <span class='ocrx_word' id='word_1_183' title='bbox 1101 2310 1252 2365; x_wconf 75' lang='grc' dir='ltr'>ἐτῶν</span> <span class='ocrx_word' id='word_1_184' title='bbox 1280 2308 1379 2380; x_wconf 81' lang='grc' dir='ltr'>ἦν,</span> <span class='ocrx_word' id='word_1_185' title='bbox 1423 2313 1610 2380; x_wconf 79' lang='grc' dir='ltr'>φησὶν,</span> <span class='ocrx_word' id='word_1_186' title='bbox 1640 2313 1822 2379; x_wconf 74' lang='grc' dir='ltr'>ἡνίκα</span> <span class='ocrx_word' id='word_1_187' title='bbox 1848 2314 2106 2382; x_wconf 81' lang='grc' dir='ltr'>περιετέ-</span> 
     </span>
    </p>
   </div>
   <div class='ocr_carea' id='block_1_25' title="bbox 522 2393 2109 2464">
    <p class='ocr_par' dir='ltr' id='par_1_25' title="bbox 522 2393 2109 2464">
     <span class='ocr_line' id='line_1_25' title="bbox 522 2393 2109 2464; baseline 0 -15"><span class='ocrx_word' id='word_1_188' title='bbox 522 2412 663 2464; x_wconf 78' lang='grc' dir='ltr'>μετο</span> <span class='ocrx_word' id='word_1_189' title='bbox 690 2396 803 2462; x_wconf 76' lang='grc' dir='ltr'>τὴν</span> <span class='ocrx_word' id='word_1_190' title='bbox 832 2399 1030 2462; x_wconf 78' lang='grc' dir='ltr'>σάρκα</span> <span class='ocrx_word' id='word_1_191' title='bbox 1063 2393 1173 2464; x_wconf 82' lang='grc' dir='ltr'>τῆς</span> <span class='ocrx_word' id='word_1_192' title='bbox 1194 2395 1597 2461; x_wconf 83' lang='grc' dir='ltr'>ἀκροϐυστίας</span> <span class='ocrx_word' id='word_1_193' title='bbox 1622 2395 1828 2449; x_wconf 84' lang='grc' dir='ltr'>αὑτοῦ·</span> <span class='ocrx_word' id='word_1_194' title='bbox 1866 2396 2109 2464; x_wconf 67' lang='grc' dir='ltr'>Ἰσραὴλ</span> 
     </span>
    </p>
   </div>
   <div class='ocr_carea' id='block_1_26' title="bbox 523 2472 2109 2547">
    <p class='ocr_par' dir='ltr' id='par_1_26' title="bbox 523 2472 2109 2547">
     <span class='ocr_line' id='line_1_26' title="bbox 523 2472 2109 2547; baseline 0.001 -19"><span class='ocrx_word' id='word_1_195' title='bbox 523 2476 594 2529; x_wconf 77' lang='grc' dir='ltr'>δὲ</span> <span class='ocrx_word' id='word_1_196' title='bbox 620 2473 698 2545; x_wconf 79' lang='grc' dir='ltr'>ἦν</span> <span class='ocrx_word' id='word_1_197' title='bbox 724 2475 875 2530; x_wconf 77' lang='grc' dir='ltr'>ἐτῶν</span> <span class='ocrx_word' id='word_1_198' title='bbox 900 2474 1241 2542; x_wconf 79' lang='grc' dir='ltr'>δεκατριῶν.</span> <span class='ocrx_word' id='word_1_199' title='bbox 1265 2474 1355 2544; x_wconf 77' lang='grc' dir='ltr'>Μὴ</span> <span class='ocrx_word' id='word_1_200' title='bbox 1383 2477 1610 2547; x_wconf 81' lang='grc' dir='ltr'>νομίσῃς</span> <span class='ocrx_word' id='word_1_201' title='bbox 1633 2472 1822 2539; x_wconf 66' lang='grc' dir='ltr'>ἀτελῶς</span> <span class='ocrx_word' id='word_1_202' title='bbox 1852 2479 1981 2546; x_wconf 77' lang='grc' dir='ltr'>ἡμῖν</span> <span class='ocrx_word' id='word_1_203' title='bbox 2002 2476 2109 2529; x_wconf 92' lang='grc' dir='ltr'>τῶν</span> 
     </span>
    </p>
   </div>
   <div class='ocr_carea' id='block_1_27' title="bbox 522 2557 2108 2630">
    <p class='ocr_par' dir='ltr' id='par_1_27' title="bbox 522 2557 2108 2630">
     <span class='ocr_line' id='line_1_27' title="bbox 522 2557 2108 2630; baseline -0.001 -18"><span class='ocrx_word' id='word_1_204' title='bbox 522 2559 662 2612; x_wconf 85' lang='grc' dir='ltr'>ἐτῶν</span> <span class='ocrx_word' id='word_1_205' title='bbox 681 2560 771 2612; x_wconf 82' lang='grc' dir='ltr'>τὸν</span> <span class='ocrx_word' id='word_1_206' title='bbox 788 2558 1022 2629; x_wconf 83' lang='grc' dir='ltr'>ἀριθμὸν</span> <span class='ocrx_word' id='word_1_207' title='bbox 1040 2557 1138 2628; x_wconf 86' lang='grc' dir='ltr'>τὴν</span> <span class='ocrx_word' id='word_1_208' title='bbox 1161 2557 1199 2609; x_wconf 88' lang='grc' dir='ltr'>Γ</span> <span class='ocrx_word' id='word_1_209' title='bbox 1202 2558 1382 2630; x_wconf 72' lang='grc' dir='ltr'>ραφὴν</span> <span class='ocrx_word' id='word_1_210' title='bbox 1399 2558 1860 2628; x_wconf 90' lang='grc' dir='ltr'>ἐπισημήνασθαι·</span> <span class='ocrx_word' id='word_1_211' title='bbox 1884 2559 1998 2611; x_wconf 84' lang='grc' dir='ltr'>ἀλλ’</span> <span class='ocrx_word' id='word_1_212' title='bbox 2023 2560 2108 2611; x_wconf 89' lang='grc' dir='ltr'>ῖνα</span> 
     </span>
    </p>
   </div>
   <div class='ocr_carea' id='block_1_28' title="bbox 523 2638 2104 2711">
    <p class='ocr_par' dir='ltr' id='par_1_28' title="bbox 523 2638 2104 2711">
     <span class='ocr_line' id='line_1_28' title="bbox 523 2638 2104 2711; baseline -0.001 -17"><span class='ocrx_word' id='word_1_213' title='bbox 523 2642 619 2694; x_wconf 65' lang='grc' dir='ltr'>καὶ</span> <span class='ocrx_word' id='word_1_214' title='bbox 644 2643 706 2694; x_wconf 89' lang='grc' dir='ltr'>ἐκ</span> <span class='ocrx_word' id='word_1_215' title='bbox 732 2641 919 2694; x_wconf 88' lang='grc' dir='ltr'>τούτου</span> <span class='ocrx_word' id='word_1_216' title='bbox 947 2639 1122 2711; x_wconf 86' lang='grc' dir='ltr'>μάθῃς</span> <span class='ocrx_word' id='word_1_217' title='bbox 1144 2638 1240 2691; x_wconf 88' lang='grc' dir='ltr'>τοῦ</span> <span class='ocrx_word' id='word_1_218' title='bbox 1265 2638 1474 2690; x_wconf 89' lang='grc' dir='ltr'>δικαίου</span> <span class='ocrx_word' id='word_1_219' title='bbox 1501 2639 1597 2708; x_wconf 84' lang='grc' dir='ltr'>τὴν</span> <span class='ocrx_word' id='word_1_220' title='bbox 1620 2639 1818 2709; x_wconf 81' lang='grc' dir='ltr'>πολλὴν</span> <span class='ocrx_word' id='word_1_221' title='bbox 1842 2639 2104 2710; x_wconf 83' lang='grc' dir='ltr'>ὑπακοὴν,</span> 
     </span>
    </p>
   </div>
   <div class='ocr_carea' id='block_1_29' title="bbox 523 2719 2107 2793">
    <p class='ocr_par' dir='ltr' id='par_1_29' title="bbox 523 2719 2107 2793">
     <span class='ocr_line' id='line_1_29' title="bbox 523 2719 2107 2793; baseline -0.001 -17"><span class='ocrx_word' id='word_1_222' title='bbox 523 2723 607 2776; x_wconf 86' lang='grc' dir='ltr'>ὅτι</span> <span class='ocrx_word' id='word_1_223' title='bbox 635 2724 694 2776; x_wconf 87' lang='grc' dir='ltr'>ἐν</span> <span class='ocrx_word' id='word_1_224' title='bbox 722 2723 936 2793; x_wconf 78' lang='grc' dir='ltr'>ἐσχάτῳ</span> <span class='ocrx_word' id='word_1_225' title='bbox 964 2724 1108 2792; x_wconf 71' lang='grc' dir='ltr'>γήρᾳ</span> <span class='ocrx_word' id='word_1_226' title='bbox 1138 2719 1215 2773; x_wconf 85' lang='grc' dir='ltr'>ὣν</span> <span class='ocrx_word' id='word_1_227' title='bbox 1242 2722 1432 2790; x_wconf 83' lang='grc' dir='ltr'>πράως</span> <span class='ocrx_word' id='word_1_228' title='bbox 1460 2722 1656 2792; x_wconf 83' lang='grc' dir='ltr'>ήνεγκε</span> <span class='ocrx_word' id='word_1_229' title='bbox 1687 2723 1784 2791; x_wconf 75' lang='grc' dir='ltr'>τὴν</span> <span class='ocrx_word' id='word_1_230' title='bbox 1809 2721 2000 2790; x_wconf 84' lang='grc' dir='ltr'>ὀδύνην</span> <span class='ocrx_word' id='word_1_231' title='bbox 2021 2722 2107 2774; x_wconf 86' lang='grc' dir='ltr'>διὰ</span> 
     </span>
    </p>
   </div>
   <div class='ocr_carea' id='block_1_30' title="bbox 523 2802 2108 2873">
    <p class='ocr_par' dir='ltr' id='par_1_30' title="bbox 523 2802 2108 2873">
     <span class='ocr_line' id='line_1_30' title="bbox 523 2802 2108 2873; baseline -0.001 -15"><span class='ocrx_word' id='word_1_232' title='bbox 523 2805 586 2858; x_wconf 83' lang='grc' dir='ltr'>τὸ</span> <span class='ocrx_word' id='word_1_233' title='bbox 614 2804 709 2858; x_wconf 89' lang='grc' dir='ltr'>τοῦ</span> <span class='ocrx_word' id='word_1_234' title='bbox 740 2804 874 2856; x_wconf 85' lang='grc' dir='ltr'>Θεοῦ</span> <span class='ocrx_word' id='word_1_235' title='bbox 910 2803 1211 2871; x_wconf 90' lang='grc' dir='ltr'>ἐπίταγμα.</span> <span class='ocrx_word' id='word_1_236' title='bbox 1248 2802 1336 2854; x_wconf 78' lang='grc' dir='ltr'>διὰ</span> <span class='ocrx_word' id='word_1_237' title='bbox 1359 2802 1516 2865; x_wconf 86' lang='grc' dir='ltr'>τοῦτο</span> <span class='ocrx_word' id='word_1_238' title='bbox 1549 2805 1780 2855; x_wconf 83' lang='grc' dir='ltr'>ποιεῖται</span> <span class='ocrx_word' id='word_1_239' title='bbox 1809 2803 1905 2873; x_wconf 79' lang='grc' dir='ltr'>τὴν</span> <span class='ocrx_word' id='word_1_240' title='bbox 1931 2804 2108 2866; x_wconf 86' lang='grc' dir='ltr'>αὑτῶν</span> 
     </span>
    </p>
   </div>
   <div class='ocr_carea' id='block_1_31' title="bbox 519 2883 2110 2956">
    <p class='ocr_par' dir='ltr' id='par_1_31' title="bbox 519 2883 2110 2956">
     <span class='ocr_line' id='line_1_31' title="bbox 519 2883 2110 2956; baseline -0.001 -18"><span class='ocrx_word' id='word_1_241' title='bbox 519 2885 918 2955; x_wconf 80' lang='grc' dir='ltr'>ἀπαρίθμησιν,</span> <span class='ocrx_word' id='word_1_242' title='bbox 936 2884 1028 2936; x_wconf 59' lang='grc' dir='ltr'>καὶ⁸</span> <span class='ocrx_word' id='word_1_243' title='bbox 1044 2884 1144 2937; x_wconf 89' lang='grc' dir='ltr'>οὑκ</span> <span class='ocrx_word' id='word_1_244' title='bbox 1168 2883 1330 2945; x_wconf 83' lang='grc' dir='ltr'>αὑτὸς</span> <span class='ocrx_word' id='word_1_245' title='bbox 1355 2883 1534 2953; x_wconf 88' lang='grc' dir='ltr'>μόνος,</span> <span class='ocrx_word' id='word_1_246' title='bbox 1560 2884 1694 2937; x_wconf 85' lang='grc' dir='ltr'>ἀλλά</span> <span class='ocrx_word' id='word_1_247' title='bbox 1721 2886 1813 2937; x_wconf 80' lang='grc' dir='ltr'>καὶ</span> <span class='ocrx_word' id='word_1_248' title='bbox 1833 2889 1860 2937; x_wconf 88' lang='lat'>6</span> <span class='ocrx_word' id='word_1_249' title='bbox 1889 2885 2110 2956; x_wconf 79' lang='grc' dir='ltr'>Ἰσμαὴλ</span> 
     </span>
    </p>
   </div>
   <div class='ocr_carea' id='block_1_32' title="bbox 523 2965 2104 3035">
    <p class='ocr_par' dir='ltr' id='par_1_32' title="bbox 523 2965 2104 3035">
     <span class='ocr_line' id='line_1_32' title="bbox 523 2965 2104 3035; baseline -0.001 -14"><span class='ocrx_word' id='word_1_250' title='bbox 523 2968 620 3021; x_wconf 77' lang='grc' dir='ltr'>καὶ</span> <span class='ocrx_word' id='word_1_251' title='bbox 657 2966 855 3030; x_wconf 86' lang='grc' dir='ltr'>πάντες</span> <span class='ocrx_word' id='word_1_252' title='bbox 891 2969 939 3019; x_wconf 85' lang='grc' dir='ltr'>οἰ</span> <span class='ocrx_word' id='word_1_253' title='bbox 977 2967 1292 3034; x_wconf 84' lang='grc' dir='ltr'>οἰκογενεῖς.</span> <span class='ocrx_word' id='word_1_254' title='bbox 1340 2965 1475 3017; x_wconf 86' lang='grc' dir='ltr'>Οὑδέ</span> <span class='ocrx_word' id='word_1_255' title='bbox 1503 2965 1613 3034; x_wconf 85' lang='grc' dir='ltr'>γάρ</span> <span class='ocrx_word' id='word_1_256' title='bbox 1645 2965 1705 3018; x_wconf 84' lang='grc' dir='ltr'>τὺ</span> <span class='ocrx_word' id='word_1_257' title='bbox 1744 2966 1904 3035; x_wconf 83' lang='grc' dir='ltr'>τυχόν</span> <span class='ocrx_word' id='word_1_258' title='bbox 1938 2968 2104 3032; x_wconf 88' lang='grc' dir='ltr'>ἐστιν,</span> 
     </span>
    </p>
   </div>
   <div class='ocr_carea' id='block_1_33' title="bbox 523 3047 2108 3118">
    <p class='ocr_par' dir='ltr' id='par_1_33' title="bbox 523 3047 2108 3118">
     <span class='ocr_line' id='line_1_33' title="bbox 523 3047 2108 3118; baseline -0.001 -16"><span class='ocrx_word' id='word_1_259' title='bbox 523 3049 794 3118; x_wconf 86' lang='grc' dir='ltr'>ἀγαπητέ,</span> <span class='ocrx_word' id='word_1_260' title='bbox 835 3049 1184 3115; x_wconf 80' lang='grc' dir='ltr'>ὑγιαίνουσαν</span> <span class='ocrx_word' id='word_1_261' title='bbox 1237 3047 1416 3117; x_wconf 85' lang='grc' dir='ltr'>σάρκα</span> <span class='ocrx_word' id='word_1_262' title='bbox 1461 3047 1752 3116; x_wconf 80' lang='grc' dir='ltr'>ἀποτεμεῖν</span> <span class='ocrx_word' id='word_1_263' title='bbox 1797 3050 1889 3101; x_wconf 68' lang='grc' dir='ltr'>καὶ</span> <span class='ocrx_word' id='word_1_264' title='bbox 1927 3049 2108 3113; x_wconf 86' lang='grc' dir='ltr'>κακῶς</span> 
     </span>
    </p>
   </div>
   <div class='ocr_carea' id='block_1_34' title="bbox 523 3127 2107 3200">
    <p class='ocr_par' dir='ltr' id='par_1_34' title="bbox 523 3127 2107 3200">
     <span class='ocr_line' id='line_1_34' title="bbox 523 3127 2107 3200; baseline -0.001 -18"><span class='ocrx_word' id='word_1_265' title='bbox 523 3129 772 3200; x_wconf 72' lang='grc' dir='ltr'>ἔχουσαν.</span> <span class='ocrx_word' id='word_1_266' title='bbox 801 3130 865 3183; x_wconf 87' lang='grc' dir='ltr'>Εἰ</span> <span class='ocrx_word' id='word_1_267' title='bbox 901 3131 1010 3199; x_wconf 83' lang='grc' dir='ltr'>γὰρ</span> <span class='ocrx_word' id='word_1_268' title='bbox 1041 3130 1135 3183; x_wconf 76' lang='grc' dir='ltr'>καὶ</span> <span class='ocrx_word' id='word_1_269' title='bbox 1175 3127 1376 3199; x_wconf 85' lang='grc' dir='ltr'>ἰατρῶν</span> <span class='ocrx_word' id='word_1_270' title='bbox 1405 3128 1592 3190; x_wconf 84' lang='grc' dir='ltr'>παῖδες</span> <span class='ocrx_word' id='word_1_271' title='bbox 1633 3127 1792 3199; x_wconf 81' lang='grc' dir='ltr'>μέλος</span> <span class='ocrx_word' id='word_1_272' title='bbox 1820 3130 2107 3200; x_wconf 75' lang='grc' dir='ltr'>ἀρρωστῆ-</span> 
     </span>
    </p>
   </div>
   <div class='ocr_carea' id='block_1_35' title="bbox 527 3209 2104 3283">
    <p class='ocr_par' dir='ltr' id='par_1_35' title="bbox 527 3209 2104 3283">
     <span class='ocr_line' id='line_1_35' title="bbox 527 3209 2104 3283; baseline 0.002 -18"><span class='ocrx_word' id='word_1_273' title='bbox 527 3229 626 3265; x_wconf 88' lang='grc' dir='ltr'>σαν</span> <span class='ocrx_word' id='word_1_274' title='bbox 645 3212 1040 3282; x_wconf 83' lang='grc' dir='ltr'>ἀποτέμνουσιν</span> <span class='ocrx_word' id='word_1_275' title='bbox 1058 3223 1107 3275; x_wconf 76' lang='grc' dir='ltr'>ι,</span> <span class='ocrx_word' id='word_1_276' title='bbox 1131 3211 1244 3264; x_wconf 89' lang='grc' dir='ltr'>ἀλλ’</span> <span class='ocrx_word' id='word_1_277' title='bbox 1263 3211 1361 3262; x_wconf 90' lang='grc' dir='ltr'>οὑκ</span> <span class='ocrx_word' id='word_1_278' title='bbox 1390 3209 1478 3280; x_wconf 83' lang='grc' dir='ltr'>ῐση</span> <span class='ocrx_word' id='word_1_279' title='bbox 1501 3209 1710 3277; x_wconf 86' lang='grc' dir='ltr'>γίνεται</span> <span class='ocrx_word' id='word_1_280' title='bbox 1729 3210 1848 3262; x_wconf 85' lang='grc' dir='ltr'>τότε</span> <span class='ocrx_word' id='word_1_281' title='bbox 1870 3215 1900 3280; x_wconf 87' lang='grc' dir='ltr'>ή</span> <span class='ocrx_word' id='word_1_282' title='bbox 1924 3213 2104 3283; x_wconf 78' lang='grc' dir='ltr'>ὀδύνη.</span> 
     </span>
    </p>
   </div>
   <div class='ocr_carea' id='block_1_36' title="bbox 523 3290 2108 3365">
    <p class='ocr_par' dir='ltr' id='par_1_36' title="bbox 523 3290 2108 3365">
     <span class='ocr_line' id='line_1_36' title="bbox 523 3290 2108 3365; baseline -0.001 -17"><span class='ocrx_word' id='word_1_283' title='bbox 523 3295 814 3365; x_wconf 80' lang='grc' dir='ltr'>Νεκρωθέν</span> <span class='ocrx_word' id='word_1_284' title='bbox 842 3293 970 3364; x_wconf 85' lang='grc' dir='ltr'>γὰρ,</span> <span class='ocrx_word' id='word_1_285' title='bbox 998 3292 1073 3354; x_wconf 88' lang='grc' dir='ltr'>ώς</span> <span class='ocrx_word' id='word_1_286' title='bbox 1093 3293 1289 3354; x_wconf 87' lang='grc' dir='ltr'>εἰπεῖν,</span> <span class='ocrx_word' id='word_1_287' title='bbox 1317 3290 1502 3344; x_wconf 81' lang='grc' dir='ltr'>λοιπὸν</span> <span class='ocrx_word' id='word_1_288' title='bbox 1525 3291 1620 3344; x_wconf 77' lang='grc' dir='ltr'>καὶ</span> <span class='ocrx_word' id='word_1_289' title='bbox 1644 3292 1743 3360; x_wconf 80' lang='grc' dir='ltr'>τῆς</span> <span class='ocrx_word' id='word_1_290' title='bbox 1772 3291 2008 3362; x_wconf 76' lang='grc' dir='ltr'>ζωτικῆς</span> <span class='ocrx_word' id='word_1_291' title='bbox 2025 3295 2108 3347; x_wconf 86' lang='grc' dir='ltr'>δυ-</span> 
     </span>
    </p>
   </div>
   <div class='ocr_carea' id='block_1_37' title="bbox 523 3373 2106 3448">
    <p class='ocr_par' dir='ltr' id='par_1_37' title="bbox 523 3373 2106 3448">
     <span class='ocr_line' id='line_1_37' title="bbox 523 3373 2106 3448; baseline 0.001 -18"><span class='ocrx_word' id='word_1_292' title='bbox 523 3377 738 3447; x_wconf 87' lang='grc' dir='ltr'>νάμεως</span> <span class='ocrx_word' id='word_1_293' title='bbox 761 3375 1129 3446; x_wconf 74' lang='grc' dir='ltr'>ἀποπερηθέν</span> <span class='ocrx_word' id='word_1_294' title='bbox 1159 3373 1535 3443; x_wconf 83' lang='grc' dir='ltr'>ἐκτέμνουσιν.</span> <span class='ocrx_word' id='word_1_295' title='bbox 1565 3374 1826 3429; x_wconf 80' lang='grc' dir='ltr'>Ἐνταῦθα</span> <span class='ocrx_word' id='word_1_296' title='bbox 1853 3375 1910 3428; x_wconf 83' lang='grc' dir='ltr'>δέ</span> <span class='ocrx_word' id='word_1_297' title='bbox 1930 3377 2106 3448; x_wconf 79' lang='grc' dir='ltr'>γέρων</span> 
     </span>
    </p>
   </div>
   <div class='ocr_carea' id='block_1_38' title="bbox 523 3456 2107 3529">
    <p class='ocr_par' dir='ltr' id='par_1_38' title="bbox 523 3456 2107 3529">
     <span class='ocr_line' id='line_1_38' title="bbox 523 3456 2107 3529; baseline -0.003 -16"><span class='ocrx_word' id='word_1_298' title='bbox 523 3460 620 3513; x_wconf 76' lang='grc' dir='ltr'>καὶ</span> <span class='ocrx_word' id='word_1_299' title='bbox 651 3458 960 3529; x_wconf 85' lang='grc' dir='ltr'>πρεσϐύτης</span> <span class='ocrx_word' id='word_1_300' title='bbox 1013 3456 1228 3514; x_wconf 68' lang='grc' dir='ltr'>(ἑκατὸν</span> <span class='ocrx_word' id='word_1_301' title='bbox 1269 3456 1378 3527; x_wconf 89' lang='grc' dir='ltr'>γάρ</span> <span class='ocrx_word' id='word_1_302' title='bbox 1427 3456 1562 3509; x_wconf 87' lang='grc' dir='ltr'>ἐτῶν</span> <span class='ocrx_word' id='word_1_303' title='bbox 1601 3457 1884 3529; x_wconf 86' lang='grc' dir='ltr'>ἐτύγχανε)</span> <span class='ocrx_word' id='word_1_304' title='bbox 1917 3461 2107 3528; x_wconf 82' lang='grc' dir='ltr'>πράως</span> 
     </span>
    </p>
   </div>
   <div class='ocr_carea' id='block_1_39' title="bbox 521 3536 2105 3612">
    <p class='ocr_par' dir='ltr' id='par_1_39' title="bbox 521 3536 2105 3612">
     <span class='ocr_line' id='line_1_39' title="bbox 521 3536 2105 3612; baseline -0.001 -18"><span class='ocrx_word' id='word_1_305' title='bbox 521 3542 720 3612; x_wconf 71' lang='grc' dir='ltr'>ἤνεγκε</span> <span class='ocrx_word' id='word_1_306' title='bbox 762 3542 860 3611; x_wconf 79' lang='grc' dir='ltr'>τὴν</span> <span class='ocrx_word' id='word_1_307' title='bbox 901 3539 1114 3608; x_wconf 85' lang='grc' dir='ltr'>ὀδύνην,</span> <span class='ocrx_word' id='word_1_308' title='bbox 1144 3536 1278 3608; x_wconf 87' lang='grc' dir='ltr'>ὁμοῦ</span> <span class='ocrx_word' id='word_1_309' title='bbox 1316 3537 1408 3590; x_wconf 81' lang='grc' dir='ltr'>καὶ</span> <span class='ocrx_word' id='word_1_310' title='bbox 1441 3537 1534 3591; x_wconf 89' lang='grc' dir='ltr'>τοῦ</span> <span class='ocrx_word' id='word_1_311' title='bbox 1566 3539 1699 3592; x_wconf 89' lang='grc' dir='ltr'>Θεοῦ</span> <span class='ocrx_word' id='word_1_312' title='bbox 1731 3540 1791 3592; x_wconf 82' lang='grc' dir='ltr'>τὸ</span> <span class='ocrx_word' id='word_1_313' title='bbox 1827 3541 2105 3612; x_wconf 78' lang='grc' dir='ltr'>ἐπίταγμα</span> 
     </span>
    </p>
   </div>
   <div class='ocr_carea' id='block_1_40' title="bbox 523 3620 2105 3692">
    <p class='ocr_par' dir='ltr' id='par_1_40' title="bbox 523 3620 2105 3692">
     <span class='ocr_line' id='line_1_40' title="bbox 523 3620 2105 3692; baseline 0.001 -17"><span class='ocrx_word' id='word_1_314' title='bbox 523 3623 604 3685; x_wconf 85' lang='grc' dir='ltr'>εἰς</span> <span class='ocrx_word' id='word_1_315' title='bbox 627 3621 786 3692; x_wconf 66' lang='grc' dir='ltr'>ἔργον</span> <span class='ocrx_word' id='word_1_316' title='bbox 811 3624 1036 3690; x_wconf 80' lang='grc' dir='ltr'>ἀγαγεῖν</span> <span class='ocrx_word' id='word_1_317' title='bbox 1063 3620 1327 3683; x_wconf 80' lang='grc' dir='ltr'>σπεύδων,</span> <span class='ocrx_word' id='word_1_318' title='bbox 1359 3621 1453 3674; x_wconf 79' lang='grc' dir='ltr'>καὶ</span> <span class='ocrx_word' id='word_1_319' title='bbox 1479 3620 1570 3674; x_wconf 80' lang='grc' dir='ltr'>τὸν</span> <span class='ocrx_word' id='word_1_320' title='bbox 1602 3621 1714 3673; x_wconf 81' lang='grc' dir='ltr'>υἱὸν</span> <span class='ocrx_word' id='word_1_321' title='bbox 1744 3623 1837 3675; x_wconf 78' lang='grc' dir='ltr'>καὶ</span> <span class='ocrx_word' id='word_1_322' title='bbox 1868 3625 1994 3686; x_wconf 82' lang='grc' dir='ltr'>τοὺς</span> <span class='ocrx_word' id='word_1_323' title='bbox 2023 3626 2105 3677; x_wconf 79' lang='grc' dir='ltr'>οἰ-</span> 
     </span>
    </p>
   </div>
   <div class='ocr_carea' id='block_1_41' title="bbox 524 3702 2102 3774">
    <p class='ocr_par' dir='ltr' id='par_1_41' title="bbox 524 3702 2102 3774">
     <span class='ocr_line' id='line_1_41' title="bbox 524 3702 2102 3774; baseline 0.003 -18"><span class='ocrx_word' id='word_1_324' title='bbox 524 3707 765 3772; x_wconf 82' lang='grc' dir='ltr'>κογενεῖς</span> <span class='ocrx_word' id='word_1_325' title='bbox 798 3704 1043 3766; x_wconf 80' lang='grc' dir='ltr'>ἅπαντας</span> <span class='ocrx_word' id='word_1_326' title='bbox 1068 3702 1502 3774; x_wconf 84' lang='grc' dir='ltr'>προθυμοτέρους</span> <span class='ocrx_word' id='word_1_327' title='bbox 1546 3703 1931 3773; x_wconf 73' lang='grc' dir='ltr'>ἐργαζόμενος,</span> <span class='ocrx_word' id='word_1_328' title='bbox 1962 3705 2102 3760; x_wconf 82' lang='grc' dir='ltr'>ὥστε</span> 
     </span>
    </p>
   </div>
   <div class='ocr_carea' id='block_1_42' title="bbox 413 3785 2101 3860">
    <p class='ocr_par' dir='ltr' id='par_1_42' title="bbox 413 3785 2101 3860">
     <span class='ocr_line' id='line_1_42' title="bbox 413 3785 2101 3860; baseline 0.002 -20"><span class='ocrx_word' id='word_1_329' title='bbox 413 3817 420 3822; x_wconf 82' lang='grc'><strong>-</strong></span> <span class='ocrx_word' id='word_1_330' title='bbox 527 3785 604 3857; x_wconf 80' lang='grc' dir='ltr'>μὴ</span> <span class='ocrx_word' id='word_1_331' title='bbox 638 3787 924 3848; x_wconf 86' lang='grc' dir='ltr'>ἐνδοιάσαι,</span> <span class='ocrx_word' id='word_1_332' title='bbox 958 3785 1092 3840; x_wconf 87' lang='grc' dir='ltr'>ἀλλά</span> <span class='ocrx_word' id='word_1_333' title='bbox 1133 3787 1270 3855; x_wconf 87' lang='grc' dir='ltr'>μετά</span> <span class='ocrx_word' id='word_1_334' title='bbox 1296 3785 1492 3838; x_wconf 88' lang='grc' dir='ltr'>πολλοῦ</span> <span class='ocrx_word' id='word_1_335' title='bbox 1527 3788 1620 3838; x_wconf 89' lang='grc' dir='ltr'>τοῦ</span> <span class='ocrx_word' id='word_1_336' title='bbox 1643 3788 1840 3858; x_wconf 64' lang='grc' dir='ltr'>τάχους</span> <span class='ocrx_word' id='word_1_337' title='bbox 1863 3789 1924 3841; x_wconf 82' lang='grc' dir='ltr'>τὸ</span> <span class='ocrx_word' id='word_1_338' title='bbox 1955 3792 2101 3860; x_wconf 87' lang='grc' dir='ltr'>παρά</span> 
     </span>
    </p>
   </div>
   <div class='ocr_carea' id='block_1_43' title="bbox 521 3866 2101 3945">
    <p class='ocr_par' dir='ltr' id='par_1_43' title="bbox 521 3866 2101 3945">
     <span class='ocr_line' id='line_1_43' title="bbox 521 3866 2101 3945; baseline 0.003 -23"><span class='ocrx_word' id='word_1_339' title='bbox 521 3869 620 3922; x_wconf 81' lang='grc' dir='ltr'>τοῦ</span> <span class='ocrx_word' id='word_1_340' title='bbox 658 3869 792 3922; x_wconf 85' lang='grc' dir='ltr'>Θεοῦ</span> <span class='ocrx_word' id='word_1_341' title='bbox 833 3868 1170 3941; x_wconf 84' lang='grc' dir='ltr'>προσταχθὲν</span> <span class='ocrx_word' id='word_1_342' title='bbox 1218 3868 1546 3945; x_wconf 83' lang='grc' dir='ltr'>ἐπιτελέσαι.</span> <span class='ocrx_word' id='word_1_343' title='bbox 1596 3866 1745 3932; x_wconf 83' lang='grc' dir='ltr'>Εἶδες</span> <span class='ocrx_word' id='word_1_344' title='bbox 1789 3872 1910 3923; x_wconf 79' lang='grc' dir='ltr'>ὅσον</span> <span class='ocrx_word' id='word_1_345' title='bbox 1953 3874 2101 3926; x_wconf 75' lang='grc' dir='ltr'>ἐστὶν</span> 
     </span>
    </p>
   </div>
   <div class='ocr_carea' id='block_1_44' title="bbox 521 3951 2102 4021">
    <p class='ocr_par' dir='ltr' id='par_1_44' title="bbox 521 3951 2102 4021">
     <span class='ocr_line' id='line_1_44' title="bbox 521 3951 2102 4021; baseline -0.006 -16"><span class='ocrx_word' id='word_1_346' title='bbox 521 3952 662 4021; x_wconf 75' lang='grc' dir='ltr'>ἀνὴρ</span> <span class='ocrx_word' id='word_1_347' title='bbox 693 3952 965 4021; x_wconf 81' lang='grc' dir='ltr'>ἐνάρετος,</span> <span class='ocrx_word' id='word_1_348' title='bbox 993 3953 1140 4012; x_wconf 85' lang='grc' dir='ltr'>ὅπως</span> <span class='ocrx_word' id='word_1_349' title='bbox 1168 3951 1260 4004; x_wconf 76' lang='grc' dir='ltr'>καὶ</span> <span class='ocrx_word' id='word_1_350' title='bbox 1289 3951 1414 4012; x_wconf 83' lang='grc' dir='ltr'>τοὺς</span> <span class='ocrx_word' id='word_1_351' title='bbox 1435 3952 1909 4020; x_wconf 79' lang='grc' dir='ltr'>ὑπηρετουμένους</span> <span class='ocrx_word' id='word_1_352' title='bbox 1933 3953 2102 4008; x_wconf 74' lang='grc' dir='ltr'>ἅπαν-</span> 
     </span>
    </p>
   </div>
   <div class='ocr_carea' id='block_1_45' title="bbox 523 4031 2101 4108">
    <p class='ocr_par' dir='ltr' id='par_1_45' title="bbox 523 4031 2101 4108">
     <span class='ocr_line' id='line_1_45' title="bbox 523 4031 2101 4108; baseline 0.004 -25"><span class='ocrx_word' id='word_1_353' title='bbox 523 4049 622 4093; x_wconf 85' lang='grc' dir='ltr'>τας</span> <span class='ocrx_word' id='word_1_354' title='bbox 663 4033 946 4085; x_wconf 87' lang='grc' dir='ltr'>ἐπαίδευσε</span> <span class='ocrx_word' id='word_1_355' title='bbox 981 4033 1099 4084; x_wconf 80' lang='grc' dir='ltr'>κατ’</span> <span class='ocrx_word' id='word_1_356' title='bbox 1136 4033 1277 4100; x_wconf 78' lang='grc' dir='ltr'>[χνος</span> <span class='ocrx_word' id='word_1_357' title='bbox 1317 4031 1482 4085; x_wconf 85' lang='grc' dir='ltr'>αὑτοῦ</span> <span class='ocrx_word' id='word_1_358' title='bbox 1517 4032 1752 4101; x_wconf 79' lang='grc' dir='ltr'>βαίνεινς</span> <span class='ocrx_word' id='word_1_359' title='bbox 1792 4035 1964 4104; x_wconf 86' lang='grc' dir='ltr'>Ὅπερ</span> <span class='ocrx_word' id='word_1_360' title='bbox 1994 4037 2101 4108; x_wconf 78' lang='grc' dir='ltr'>γὰρ</span> 
     </span>
    </p>
   </div>
   <div class='ocr_carea' id='block_1_46' title="bbox 525 4112 2102 4185">
    <p class='ocr_par' dir='ltr' id='par_1_46' title="bbox 525 4112 2102 4185">
     <span class='ocr_line' id='line_1_46' title="bbox 525 4112 2102 4185; baseline 0.005 -21"><span class='ocrx_word' id='word_1_361' title='bbox 525 4112 651 4182; x_wconf 79' lang='grc' dir='ltr'>χθὲς</span> <span class='ocrx_word' id='word_1_362' title='bbox 685 4113 890 4181; x_wconf 77' lang='grc' dir='ltr'>ἔλεγον,</span> <span class='ocrx_word' id='word_1_363' title='bbox 931 4113 1088 4166; x_wconf 89' lang='grc' dir='ltr'>τοῦτο</span> <span class='ocrx_word' id='word_1_364' title='bbox 1116 4114 1277 4165; x_wconf 82' lang='grc' dir='ltr'>πάλιν</span> <span class='ocrx_word' id='word_1_365' title='bbox 1315 4115 1407 4166; x_wconf 75' lang='grc' dir='ltr'>καὶ</span> <span class='ocrx_word' id='word_1_366' title='bbox 1444 4114 1535 4166; x_wconf 89' lang='grc' dir='ltr'>νῦν</span> <span class='ocrx_word' id='word_1_367' title='bbox 1562 4115 1691 4185; x_wconf 84' lang='grc' dir='ltr'>ἐρῶ·</span> <span class='ocrx_word' id='word_1_368' title='bbox 1722 4117 1804 4168; x_wconf 87' lang='grc' dir='ltr'>ὃτι</span> <span class='ocrx_word' id='word_1_369' title='bbox 1832 4115 1917 4169; x_wconf 85' lang='grc' dir='ltr'>διὰ</span> <span class='ocrx_word' id='word_1_370' title='bbox 1946 4117 2102 4172; x_wconf 90' lang='grc' dir='ltr'>τοῦτο</span> 
     </span>
    </p>
   </div>
   <div class='ocr_carea' id='block_1_47' title="bbox 518 4195 2098 4268">
    <p class='ocr_par' dir='ltr' id='par_1_47' title="bbox 518 4195 2098 4268">
     <span class='ocr_line' id='line_1_47' title="bbox 518 4195 2098 4268; baseline 0.005 -22"><span class='ocrx_word' id='word_1_371' title='bbox 518 4195 708 4247; x_wconf 78' lang='grc' dir='ltr'>λοιπὸν</span> <span class='ocrx_word' id='word_1_372' title='bbox 737 4196 796 4259; x_wconf 78' lang='grc' dir='ltr'>ἐξ</span> <span class='ocrx_word' id='word_1_373' title='bbox 822 4197 1030 4248; x_wconf 90' lang='grc' dir='ltr'>ἐκείνου</span> <span class='ocrx_word' id='word_1_374' title='bbox 1061 4196 1389 4265; x_wconf 89' lang='grc' dir='ltr'>πρόσταγμα</span> <span class='ocrx_word' id='word_1_375' title='bbox 1419 4196 1608 4264; x_wconf 81' lang='grc' dir='ltr'>γέγονε</span> <span class='ocrx_word' id='word_1_376' title='bbox 1641 4198 1791 4268; x_wconf 82' lang='grc' dir='ltr'>παρὰ</span> <span class='ocrx_word' id='word_1_377' title='bbox 1817 4199 1909 4251; x_wconf 91' lang='grc' dir='ltr'>τοῦ</span> <span class='ocrx_word' id='word_1_378' title='bbox 1943 4200 2098 4265; x_wconf 83' lang='grc' dir='ltr'>Θεοῦ,</span> 
     </span>
    </p>
   </div>
   <div class='ocr_carea' id='block_1_48' title="bbox 523 4277 2100 4350">
    <p class='ocr_par' dir='ltr' id='par_1_48' title="bbox 523 4277 2100 4350">
     <span class='ocr_line' id='line_1_48' title="bbox 523 4277 2100 4350; baseline 0.004 -19"><span class='ocrx_word' id='word_1_379' title='bbox 523 4277 666 4331; x_wconf 83' lang='grc' dir='ltr'>ὥστε</span> <span class='ocrx_word' id='word_1_380' title='bbox 697 4281 754 4331; x_wconf 82' lang='grc' dir='ltr'>ἐν</span> <span class='ocrx_word' id='word_1_381' title='bbox 795 4279 960 4349; x_wconf 82' lang='grc' dir='ltr'>ἀώρῳ</span> <span class='ocrx_word' id='word_1_382' title='bbox 995 4282 1063 4350; x_wconf 75' lang='grc' dir='ltr'>τῇ</span> <span class='ocrx_word' id='word_1_383' title='bbox 1101 4279 1288 4350; x_wconf 76' lang='grc' dir='ltr'>ἡλικίᾳ</span> <span class='ocrx_word' id='word_1_384' title='bbox 1312 4278 1468 4347; x_wconf 89' lang='grc' dir='ltr'>τοῦτο</span> <span class='ocrx_word' id='word_1_385' title='bbox 1495 4281 1785 4348; x_wconf 70' lang='grc' dir='ltr'>ὑπομένειν</span> <span class='ocrx_word' id='word_1_386' title='bbox 1818 4283 1944 4346; x_wconf 78' lang='grc' dir='ltr'>τοὺς</span> <span class='ocrx_word' id='word_1_387' title='bbox 1976 4287 2100 4336; x_wconf 84' lang='grc' dir='ltr'>παῖ-</span> 
     </span>
    </p>
   </div>
   <div class='ocr_carea' id='block_1_49' title="bbox 522 4360 2097 4433">
    <p class='ocr_par' dir='ltr' id='par_1_49' title="bbox 522 4360 2097 4433">
     <span class='ocr_line' id='line_1_49' title="bbox 522 4360 2097 4433; baseline 0.004 -21"><span class='ocrx_word' id='word_1_388' title='bbox 522 4361 640 4426; x_wconf 77' lang='grc' dir='ltr'>δας,</span> <span class='ocrx_word' id='word_1_389' title='bbox 678 4362 762 4414; x_wconf 80' lang='grc' dir='ltr'>ἵνα</span> <span class='ocrx_word' id='word_1_390' title='bbox 784 4362 841 4415; x_wconf 89' lang='grc' dir='ltr'>ἐν</span> <span class='ocrx_word' id='word_1_391' title='bbox 873 4360 1200 4433; x_wconf 72' lang='grc' dir='ltr'>ἀναισθησίᾳ</span> <span class='ocrx_word' id='word_1_392' title='bbox 1221 4361 1317 4430; x_wconf 81' lang='grc' dir='ltr'>τὴν</span> <span class='ocrx_word' id='word_1_393' title='bbox 1341 4362 1578 4432; x_wconf 80' lang='grc' dir='ltr'>ἐκτομὴν</span> <span class='ocrx_word' id='word_1_394' title='bbox 1603 4361 1702 4430; x_wconf 79' lang='grc' dir='ltr'>τῆς</span> <span class='ocrx_word' id='word_1_395' title='bbox 1731 4363 1933 4433; x_wconf 79' lang='grc' dir='ltr'>σαρκὸς</span> <span class='ocrx_word' id='word_1_396' title='bbox 1965 4366 2097 4418; x_wconf 83' lang='grc' dir='ltr'>ὑπο-</span> 
     </span>
    </p>
   </div>
   <div class='ocr_carea' id='block_1_50' title="bbox 526 4443 1920 4515">
    <p class='ocr_par' dir='ltr' id='par_1_50' title="bbox 526 4443 1920 4515">
     <span class='ocr_line' id='line_1_50' title="bbox 526 4443 1920 4515; baseline 0.001 -19"><span class='ocrx_word' id='word_1_397' title='bbox 526 4445 781 4514; x_wconf 82' lang='grc' dir='ltr'>μένοντες</span> <span class='ocrx_word' id='word_1_398' title='bbox 811 4444 1080 4515; x_wconf 89' lang='grc' dir='ltr'>μηδεμίαν</span> <span class='ocrx_word' id='word_1_399' title='bbox 1110 4444 1210 4513; x_wconf 79' lang='grc' dir='ltr'>τῆς</span> <span class='ocrx_word' id='word_1_400' title='bbox 1237 4443 1428 4512; x_wconf 81' lang='grc' dir='ltr'>ὀδύνης</span> <span class='ocrx_word' id='word_1_401' title='bbox 1451 4447 1642 4513; x_wconf 88' lang='grc' dir='ltr'>πεῖραν</span> <span class='ocrx_word' id='word_1_402' title='bbox 1665 4443 1920 4498; x_wconf 76' lang='grc' dir='ltr'>λάϐωσιν.</span> 
     </span>
    </p>
   </div>
   <div class='ocr_carea' id='block_1_51' title="bbox 608 4524 2100 4597">
    <p class='ocr_par' dir='ltr' id='par_1_51' title="bbox 608 4524 2100 4597">
     <span class='ocr_line' id='line_1_51' title="bbox 608 4524 2100 4597; baseline 0.003 -19"><span class='ocrx_word' id='word_1_403' title='bbox 608 4525 766 4578; x_wconf 85' lang='grc' dir='ltr'>Ἀλλά</span> <span class='ocrx_word' id='word_1_404' title='bbox 802 4525 992 4578; x_wconf 89' lang='grc' dir='ltr'>σκόπει</span> <span class='ocrx_word' id='word_1_405' title='bbox 1026 4543 1136 4594; x_wconf 92' lang='grc' dir='ltr'>μοι,</span> <span class='ocrx_word' id='word_1_406' title='bbox 1167 4526 1436 4594; x_wconf 88' lang='grc' dir='ltr'>ἀγαπητέ,</span> <span class='ocrx_word' id='word_1_407' title='bbox 1478 4525 1571 4577; x_wconf 92' lang='grc' dir='ltr'>τοῦ</span> <span class='ocrx_word' id='word_1_408' title='bbox 1617 4524 1749 4578; x_wconf 89' lang='grc' dir='ltr'>Θεοῦ</span> <span class='ocrx_word' id='word_1_409' title='bbox 1783 4528 1881 4597; x_wconf 81' lang='grc' dir='ltr'>τὴν</span> <span class='ocrx_word' id='word_1_410' title='bbox 1915 4528 2100 4596; x_wconf 85' lang='grc' dir='ltr'>φιλαν-</span> 
     </span>
    </p>
   </div>
   <div class='ocr_carea' id='block_1_52' title="bbox 523 4607 2102 4678">
    <p class='ocr_par' dir='ltr' id='par_1_52' title="bbox 523 4607 2102 4678">
     <span class='ocr_line' id='line_1_52' title="bbox 523 4607 2102 4678; baseline 0.004 -19"><span class='ocrx_word' id='word_1_411' title='bbox 523 4607 790 4678; x_wconf 82' lang='grc' dir='ltr'>θρωπίαν,</span> <span class='ocrx_word' id='word_1_412' title='bbox 817 4609 910 4660; x_wconf 72' lang='grc' dir='ltr'>καί⁸</span> <span class='ocrx_word' id='word_1_413' title='bbox 924 4608 1022 4678; x_wconf 76' lang='grc' dir='ltr'>τὴν</span> <span class='ocrx_word' id='word_1_414' title='bbox 1043 4608 1247 4675; x_wconf 75' lang='grc' dir='ltr'>ἄφατον</span> <span class='ocrx_word' id='word_1_415' title='bbox 1273 4610 1401 4678; x_wconf 74' lang='grc' dir='ltr'>περὶ</span> <span class='ocrx_word' id='word_1_416' title='bbox 1432 4608 1577 4678; x_wconf 77' lang='grc' dir='ltr'>ἡμᾶς</span> <span class='ocrx_word' id='word_1_417' title='bbox 1603 4609 1936 4678; x_wconf 75' lang='grc' dir='ltr'>εὐεργεσίαν.</span> <span class='ocrx_word' id='word_1_418' title='bbox 1957 4612 2102 4666; x_wconf 87' lang='grc' dir='ltr'>Ἐκεῖ</span> 
     </span>
    </p>
   </div>
   <div class='ocr_carea' id='block_1_53' title="bbox 525 4688 2097 4764">
    <p class='ocr_par' dir='ltr' id='par_1_53' title="bbox 525 4688 2097 4764">
     <span class='ocr_line' id='line_1_53' title="bbox 525 4688 2097 4764; baseline 0.004 -23"><span class='ocrx_word' id='word_1_419' title='bbox 525 4690 618 4742; x_wconf 82' lang='grc' dir='ltr'>καὶ</span> <span class='ocrx_word' id='word_1_420' title='bbox 641 4689 798 4759; x_wconf 81' lang='grc' dir='ltr'>ὀδύνη</span> <span class='ocrx_word' id='word_1_421' title='bbox 818 4691 908 4742; x_wconf 85' lang='grc' dir='ltr'>καί</span> <span class='ocrx_word' id='word_1_422' title='bbox 929 4690 1090 4751; x_wconf 87' lang='grc' dir='ltr'>πόνος</span> <span class='ocrx_word' id='word_1_423' title='bbox 1111 4692 1174 4742; x_wconf 88' lang='grc' dir='ltr'>ἐκ</span> <span class='ocrx_word' id='word_1_424' title='bbox 1195 4688 1288 4743; x_wconf 88' lang='grc' dir='ltr'>τοῦ</span> <span class='ocrx_word' id='word_1_425' title='bbox 1315 4689 1621 4760; x_wconf 83' lang='grc' dir='ltr'>γινομένου,</span> <span class='ocrx_word' id='word_1_426' title='bbox 1637 4692 1730 4743; x_wconf 78' lang='grc' dir='ltr'>καί</span> <span class='ocrx_word' id='word_1_427' title='bbox 1747 4691 1898 4745; x_wconf 80' lang='grc' dir='ltr'>οὐδὲν</span> <span class='ocrx_word' id='word_1_428' title='bbox 1912 4693 2097 4764; x_wconf 72' lang='grc' dir='ltr'>ἕτερον</span> 
     </span>
    </p>
   </div>
   <div class='ocr_carea' id='block_1_54' title="bbox 523 4769 2096 4845">
    <p class='ocr_par' dir='ltr' id='par_1_54' title="bbox 523 4769 2096 4845">
     <span class='ocr_line' id='line_1_54' title="bbox 523 4769 2096 4845; baseline 0.004 -21"><span class='ocrx_word' id='word_1_429' title='bbox 523 4776 586 4826; x_wconf 85' lang='grc' dir='ltr'>ἐκ</span> <span class='ocrx_word' id='word_1_430' title='bbox 611 4774 710 4844; x_wconf 86' lang='grc' dir='ltr'>τῆς</span> <span class='ocrx_word' id='word_1_431' title='bbox 738 4774 1037 4845; x_wconf 82' lang='grc' dir='ltr'>περιτομῆς</span> <span class='ocrx_word' id='word_1_432' title='bbox 1059 4773 1248 4842; x_wconf 81' lang='grc' dir='ltr'>δφελος</span> <span class='ocrx_word' id='word_1_433' title='bbox 1267 4769 1356 4843; x_wconf 79' lang='grc' dir='ltr'>ἦν,</span> <span class='ocrx_word' id='word_1_434' title='bbox 1379 4773 1412 4843; x_wconf 82' lang='grc' dir='ltr'><strong>ἢ</strong></span> <span class='ocrx_word' id='word_1_435' title='bbox 1439 4773 1595 4827; x_wconf 88' lang='grc' dir='ltr'>τοῦτο</span> <span class='ocrx_word' id='word_1_436' title='bbox 1614 4775 1792 4844; x_wconf 85' lang='grc' dir='ltr'>μόνον,</span> <span class='ocrx_word' id='word_1_437' title='bbox 1812 4776 1870 4828; x_wconf 79' lang='grc' dir='ltr'><strong>τὸ</strong></span> <span class='ocrx_word' id='word_1_438' title='bbox 1897 4777 1981 4829; x_wconf 83' lang='grc' dir='ltr'>διά</span> <span class='ocrx_word' id='word_1_439' title='bbox 2004 4778 2096 4831; x_wconf 87' lang='grc' dir='ltr'>τοῦ</span> 
     </span>
    </p>
   </div>
   <div class='ocr_carea' id='block_1_55' title="bbox 525 4853 2092 4926">
    <p class='ocr_par' dir='ltr' id='par_1_55' title="bbox 525 4853 2092 4926">
     <span class='ocr_line' id='line_1_55' title="bbox 525 4853 2092 4926; baseline 0.004 -19"><span class='ocrx_word' id='word_1_440' title='bbox 525 4858 752 4926; x_wconf 88' lang='grc' dir='ltr'>σημείου</span> <span class='ocrx_word' id='word_1_441' title='bbox 784 4856 972 4909; x_wconf 90' lang='grc' dir='ltr'>τούτου</span> <span class='ocrx_word' id='word_1_442' title='bbox 997 4857 1309 4926; x_wconf 76' lang='grc' dir='ltr'>γνωρίμως</span> <span class='ocrx_word' id='word_1_443' title='bbox 1338 4857 1536 4919; x_wconf 71' lang='grc' dir='ltr'>αὐτοὺς</span> <span class='ocrx_word' id='word_1_444' title='bbox 1561 4853 1720 4924; x_wconf 79' lang='grc' dir='ltr'>εἶναι,</span> <span class='ocrx_word' id='word_1_445' title='bbox 1743 4859 1835 4912; x_wconf 74' lang='grc' dir='ltr'>καὶ</span> <span class='ocrx_word' id='word_1_446' title='bbox 1860 4858 1968 4911; x_wconf 77' lang='grc' dir='ltr'>τῶν</span> <span class='ocrx_word' id='word_1_447' title='bbox 1989 4861 2092 4913; x_wconf 82' lang='grc' dir='ltr'>λοι-</span> 
     </span>
    </p>
   </div>
   <div class='ocr_carea' id='block_1_56' title="bbox 523 4938 2096 5014">
    <p class='ocr_par' dir='ltr' id='par_1_56' title="bbox 523 4938 2096 5014">
     <span class='ocr_line' id='line_1_56' title="bbox 523 4938 2096 5014; baseline 0.006 -25"><span class='ocrx_word' id='word_1_448' title='bbox 523 4939 641 4990; x_wconf 85' lang='grc' dir='ltr'>πῶν</span> <span class='ocrx_word' id='word_1_449' title='bbox 681 4938 848 4992; x_wconf 85' lang='grc' dir='ltr'>ἐθνῶν</span> <span class='ocrx_word' id='word_1_450' title='bbox 877 4939 1227 5009; x_wconf 83' lang='grc' dir='ltr'>κεχωρίσθαι.</span> <span class='ocrx_word' id='word_1_451' title='bbox 1273 4939 1336 4990; x_wconf 80' lang='grc' dir='ltr'>Ἡ</span> <span class='ocrx_word' id='word_1_452' title='bbox 1365 4939 1420 4991; x_wconf 78' lang='grc' dir='ltr'>δὲ</span> <span class='ocrx_word' id='word_1_453' title='bbox 1467 4940 1706 5009; x_wconf 84' lang='grc' dir='ltr'>ήμετέρα</span> <span class='ocrx_word' id='word_1_454' title='bbox 1738 4942 2023 5013; x_wconf 80' lang='grc' dir='ltr'>περιτομὴ.</span> <span class='ocrx_word' id='word_1_455' title='bbox 2061 4945 2096 5014; x_wconf 80' lang='grc' dir='ltr'>ἡ</span> 
     </span>
    </p>
   </div>
   <div class='ocr_carea' id='block_1_57' title="bbox 520 5019 2097 5094">
    <p class='ocr_par' dir='ltr' id='par_1_57' title="bbox 520 5019 2097 5094">
     <span class='ocr_line' id='line_1_57' title="bbox 520 5019 2097 5094; baseline 0.003 -20"><span class='ocrx_word' id='word_1_456' title='bbox 520 5020 616 5074; x_wconf 83' lang='grc' dir='ltr'>τοῦ</span> <span class='ocrx_word' id='word_1_457' title='bbox 646 5021 1015 5090; x_wconf 85' lang='grc' dir='ltr'>βαπτίσματος</span> <span class='ocrx_word' id='word_1_458' title='bbox 1056 5019 1197 5086; x_wconf 87' lang='grc' dir='ltr'>λέγω</span> <span class='ocrx_word' id='word_1_459' title='bbox 1236 5019 1414 5089; x_wconf 85' lang='grc' dir='ltr'>χάρις,</span> <span class='ocrx_word' id='word_1_460' title='bbox 1453 5020 1718 5074; x_wconf 84' lang='grc' dir='ltr'>ἀνώδυνον</span> <span class='ocrx_word' id='word_1_461' title='bbox 1746 5021 1855 5092; x_wconf 75' lang='grc' dir='ltr'>ἔχει</span> <span class='ocrx_word' id='word_1_462' title='bbox 1889 5025 1985 5094; x_wconf 82' lang='grc' dir='ltr'>τὴν</span> <span class='ocrx_word' id='word_1_463' title='bbox 2016 5027 2097 5078; x_wconf 85' lang='grc' dir='ltr'>ἰα-</span> 
     </span>
    </p>
   </div>
   <div class='ocr_carea' id='block_1_58' title="bbox 519 5101 2095 5174">
    <p class='ocr_par' dir='ltr' id='par_1_58' title="bbox 519 5101 2095 5174">
     <span class='ocr_line' id='line_1_58' title="bbox 519 5101 2095 5174; baseline 0.002 -18"><span class='ocrx_word' id='word_1_464' title='bbox 519 5103 725 5173; x_wconf 84' lang='grc' dir='ltr'>τρείαν,</span> <span class='ocrx_word' id='word_1_465' title='bbox 745 5103 838 5155; x_wconf 71' lang='grc' dir='ltr'>καὶ</span> <span class='ocrx_word' id='word_1_466' title='bbox 863 5101 1067 5172; x_wconf 82' lang='grc' dir='ltr'>μυρίων</span> <span class='ocrx_word' id='word_1_467' title='bbox 1089 5101 1308 5170; x_wconf 86' lang='grc' dir='ltr'>ἀγαθῶν</span> <span class='ocrx_word' id='word_1_468' title='bbox 1329 5102 1584 5172; x_wconf 80' lang='grc' dir='ltr'>πρόξενος</span> <span class='ocrx_word' id='word_1_469' title='bbox 1606 5104 1807 5172; x_wconf 89' lang='grc' dir='ltr'>γίνεται</span> <span class='ocrx_word' id='word_1_470' title='bbox 1829 5106 1976 5174; x_wconf 74' lang='grc' dir='ltr'>ἡμῖν,</span> <span class='ocrx_word' id='word_1_471' title='bbox 2001 5105 2095 5159; x_wconf 72' lang='grc' dir='ltr'>καὶ</span> 
     </span>
    </p>
   </div>
   <div class='ocr_carea' id='block_1_59' title="bbox 520 5185 2093 5257">
    <p class='ocr_par' dir='ltr' id='par_1_59' title="bbox 520 5185 2093 5257">
     <span class='ocr_line' id='line_1_59' title="bbox 520 5185 2093 5257; baseline 0.004 -20"><span class='ocrx_word' id='word_1_472' title='bbox 520 5187 618 5255; x_wconf 79' lang='grc' dir='ltr'>τῆς</span> <span class='ocrx_word' id='word_1_473' title='bbox 639 5185 732 5238; x_wconf 88' lang='grc' dir='ltr'>τοῦ</span> <span class='ocrx_word' id='word_1_474' title='bbox 765 5185 1075 5256; x_wconf 87' lang='grc' dir='ltr'>Πνεύματος</span> <span class='ocrx_word' id='word_1_475' title='bbox 1098 5186 1243 5256; x_wconf 75' lang='grc' dir='ltr'>ἡμᾶς</span> <span class='ocrx_word' id='word_1_476' title='bbox 1266 5185 1570 5257; x_wconf 85' lang='grc' dir='ltr'>ἐμπίπλησι</span> <span class='ocrx_word' id='word_1_477' title='bbox 1594 5187 1831 5256; x_wconf 85' lang='grc' dir='ltr'>χάριτος,</span> <span class='ocrx_word' id='word_1_478' title='bbox 1855 5189 1950 5241; x_wconf 80' lang='grc' dir='ltr'>καὶ</span> <span class='ocrx_word' id='word_1_479' title='bbox 1975 5190 2093 5243; x_wconf 86' lang='grc' dir='ltr'>οὑὸἐ</span> 
     </span>
    </p>
   </div>
   <div class='ocr_carea' id='block_1_60' title="bbox 519 5268 2093 5339">
    <p class='ocr_par' dir='ltr' id='par_1_60' title="bbox 519 5268 2093 5339">
     <span class='ocr_line' id='line_1_60' title="bbox 519 5268 2093 5339; baseline 0.004 -20"><span class='ocrx_word' id='word_1_480' title='bbox 519 5268 824 5339; x_wconf 82' lang='grc' dir='ltr'>ὡρισμένον</span> <span class='ocrx_word' id='word_1_481' title='bbox 850 5268 961 5338; x_wconf 78' lang='grc' dir='ltr'>εχει</span> <span class='ocrx_word' id='word_1_482' title='bbox 985 5268 1194 5339; x_wconf 82' lang='grc' dir='ltr'>καιρὸν,</span> <span class='ocrx_word' id='word_1_483' title='bbox 1227 5268 1480 5338; x_wconf 89' lang='grc' dir='ltr'>καθάπερ</span> <span class='ocrx_word' id='word_1_484' title='bbox 1511 5271 1644 5331; x_wconf 86' lang='grc' dir='ltr'>ἐκεῖ,</span> <span class='ocrx_word' id='word_1_485' title='bbox 1666 5268 1779 5321; x_wconf 85' lang='grc' dir='ltr'>ἀλλ’</span> <span class='ocrx_word' id='word_1_486' title='bbox 1801 5270 1975 5334; x_wconf 81' lang='grc' dir='ltr'>ἔξεστι</span> <span class='ocrx_word' id='word_1_487' title='bbox 2001 5275 2093 5326; x_wconf 80' lang='grc' dir='ltr'>καὶ</span> 
     </span>
    </p>
   </div>
   <div class='ocr_carea' id='block_1_61' title="bbox 517 5349 2092 5427">
    <p class='ocr_par' dir='ltr' id='par_1_61' title="bbox 517 5349 2092 5427">
     <span class='ocr_line' id='line_1_61' title="bbox 517 5349 2092 5427; baseline 0.002 -25"><span class='ocrx_word' id='word_1_488' title='bbox 517 5351 581 5402; x_wconf 76' lang='grc' dir='ltr'>ἐν</span> <span class='ocrx_word' id='word_1_489' title='bbox 616 5349 778 5420; x_wconf 84' lang='grc' dir='ltr'>ἀώρῳ</span> <span class='ocrx_word' id='word_1_490' title='bbox 804 5350 1011 5421; x_wconf 76' lang='grc' dir='ltr'>ἡλικίᾳ,</span> <span class='ocrx_word' id='word_1_491' title='bbox 1051 5352 1147 5404; x_wconf 76' lang='grc' dir='ltr'>καὶ</span> <span class='ocrx_word' id='word_1_492' title='bbox 1175 5352 1232 5402; x_wconf 86' lang='grc' dir='ltr'>ἐν</span> <span class='ocrx_word' id='word_1_493' title='bbox 1264 5351 1423 5422; x_wconf 88' lang='grc' dir='ltr'>μέσῃ,</span> <span class='ocrx_word' id='word_1_494' title='bbox 1465 5352 1557 5403; x_wconf 78' lang='grc' dir='ltr'>καὶ</span> <span class='ocrx_word' id='word_1_495' title='bbox 1588 5353 1645 5403; x_wconf 91' lang='grc' dir='ltr'>ἐν</span> <span class='ocrx_word' id='word_1_496' title='bbox 1673 5351 1822 5422; x_wconf 84' lang='grc' dir='ltr'>αὑτῷ</span> <span class='ocrx_word' id='word_1_497' title='bbox 1844 5353 1923 5423; x_wconf 83' lang='grc' dir='ltr'>τῷ</span> <span class='ocrx_word' id='word_1_498' title='bbox 1947 5357 2092 5427; x_wconf 69' lang='grc' dir='ltr'>γήρᾳ</span> 
     </span>
    </p>
   </div>
   <div class='ocr_carea' id='block_1_62' title="bbox 520 5431 2090 5508">
    <p class='ocr_par' dir='ltr' id='par_1_62' title="bbox 520 5431 2090 5508">
     <span class='ocr_line' id='line_1_62' title="bbox 520 5431 2090 5508; baseline 0.006 -26"><span class='ocrx_word' id='word_1_499' title='bbox 520 5431 809 5501; x_wconf 71' lang='grc' dir='ltr'>γενόμενόν</span> <span class='ocrx_word' id='word_1_500' title='bbox 845 5449 966 5486; x_wconf 87' lang='grc' dir='ltr'>τινα</span> <span class='ocrx_word' id='word_1_501' title='bbox 1004 5431 1209 5502; x_wconf 86' lang='grc' dir='ltr'>ταύτην</span> <span class='ocrx_word' id='word_1_502' title='bbox 1242 5431 1497 5496; x_wconf 74' lang='grc' dir='ltr'>δέξασθαι</span> <span class='ocrx_word' id='word_1_503' title='bbox 1539 5433 1639 5503; x_wconf 77' lang='grc' dir='ltr'>τὴν</span> <span class='ocrx_word' id='word_1_504' title='bbox 1681 5435 2090 5508; x_wconf 85' lang='grc' dir='ltr'>ἀχειροποίητον</span> 
     </span>
    </p>
   </div>
   <div class='ocr_carea' id='block_1_63' title="bbox 520 5509 2090 5591">
    <p class='ocr_par' dir='ltr' id='par_1_63' title="bbox 520 5509 2090 5591">
     <span class='ocr_line' id='line_1_63' title="bbox 520 5509 2090 5591; baseline 0.005 -26"><span class='ocrx_word' id='word_1_505' title='bbox 520 5514 840 5583; x_wconf 76' lang='grc' dir='ltr'>περιτομὴν,</span> <span class='ocrx_word' id='word_1_506' title='bbox 869 5517 927 5566; x_wconf 87' lang='grc' dir='ltr'>ἐν</span> <span class='ocrx_word' id='word_1_507' title='bbox 951 5509 1106 5588; x_wconf 81' lang='grc' dir='ltr'>ᾖοὺκ</span> <span class='ocrx_word' id='word_1_508' title='bbox 1129 5513 1244 5567; x_wconf 80' lang='grc' dir='ltr'>ἐστι</span> <span class='ocrx_word' id='word_1_509' title='bbox 1268 5515 1427 5585; x_wconf 89' lang='grc' dir='ltr'>μόνον</span> <span class='ocrx_word' id='word_1_510' title='bbox 1452 5515 1758 5585; x_wconf 86' lang='grc' dir='ltr'>ὑπομεῖναι,</span> <span class='ocrx_word' id='word_1_511' title='bbox 1776 5517 1890 5571; x_wconf 83' lang='grc' dir='ltr'>ἀλλ’</span> <span class='ocrx_word' id='word_1_512' title='bbox 1912 5520 2090 5591; x_wconf 87' lang='grc' dir='ltr'>ἀμαρ-</span> 
     </span>
    </p>
   </div>
   <div class='ocr_carea' id='block_1_64' title="bbox 520 5595 2088 5675">
    <p class='ocr_par' dir='ltr' id='par_1_64' title="bbox 520 5595 2088 5675">
     <span class='ocr_line' id='line_1_64' title="bbox 520 5595 2088 5675; baseline 0.007 -27"><span class='ocrx_word' id='word_1_513' title='bbox 520 5595 777 5667; x_wconf 86' lang='grc' dir='ltr'>τημάτων</span> <span class='ocrx_word' id='word_1_514' title='bbox 807 5596 1002 5668; x_wconf 78' lang='grc' dir='ltr'>φορτία</span> <span class='ocrx_word' id='word_1_515' title='bbox 1028 5597 1348 5663; x_wconf 80' lang='grc' dir='ltr'>ἀποθέσθαι,</span> <span class='ocrx_word' id='word_1_516' title='bbox 1385 5598 1479 5652; x_wconf 77' lang='grc' dir='ltr'>καὶ</span> <span class='ocrx_word' id='word_1_517' title='bbox 1507 5599 1617 5653; x_wconf 90' lang='grc' dir='ltr'>τῶν</span> <span class='ocrx_word' id='word_1_518' title='bbox 1644 5600 1703 5654; x_wconf 74' lang='grc' dir='ltr'>ἐν</span> <span class='ocrx_word' id='word_1_519' title='bbox 1727 5604 1886 5660; x_wconf 77' lang='grc' dir='ltr'>παντί</span> <span class='ocrx_word' id='word_1_520' title='bbox 1914 5603 2088 5675; x_wconf 84' lang='grc' dir='ltr'>χρόνῳ</span> 
     </span>
    </p>
   </div>
   <div class='ocr_carea' id='block_1_65' title="bbox 582 5772 1869 5840">
    <p class='ocr_par' dir='ltr' id='par_1_65' title="bbox 582 5772 1869 5840">
     <span class='ocr_line' id='line_1_65' title="bbox 582 5772 1869 5840; baseline 0.001 -15"><span class='ocrx_word' id='word_1_521' title='bbox 582 5773 610 5803; x_wconf 82' lang='grc'><strong>⁸</strong></span> <span class='ocrx_word' id='word_1_522' title='bbox 635 5772 860 5837; x_wconf 77' lang='lat' dir='ltr'>Quinque</span> <span class='ocrx_word' id='word_1_523' title='bbox 887 5786 999 5823; x_wconf 78' lang='lat' dir='ltr'>mss.</span> <span class='ocrx_word' id='word_1_524' title='bbox 1029 5774 1344 5839; x_wconf 72' lang='grc' dir='ltr'>ἀρῤωστῆσαν</span> <span class='ocrx_word' id='word_1_525' title='bbox 1378 5777 1484 5827; x_wconf 85' lang='grc' dir='ltr'>τότε</span> <span class='ocrx_word' id='word_1_526' title='bbox 1508 5777 1869 5840; x_wconf 80' lang='grc' dir='ltr'>ἀποτέμνουσιν.</span> 
     </span>
    </p>
   </div>
   <div class='ocr_carea' id='block_1_66' title="bbox 1207 384 3049 447">
    <p class='ocr_par' dir='ltr' id='par_1_66' title="bbox 1207 384 3049 447">
     <span class='ocr_line' id='line_1_66' title="bbox 1207 384 3049 447; baseline -0.002 0"><span class='ocrx_word' id='word_1_527' title='bbox 1207 391 1264 447; x_wconf 88' lang='lat' dir='ltr'>S.</span> <span class='ocrx_word' id='word_1_528' title='bbox 1297 388 1580 446; x_wconf 77' lang='lat' dir='ltr'>JOANNIS</span> <span class='ocrx_word' id='word_1_529' title='bbox 1613 384 2107 444; x_wconf 70' lang='lat' dir='ltr'>CHRYSOSTOII</span> <span class='ocrx_word' id='word_1_530' title='bbox 2141 384 2459 444; x_wconf 76' lang='lat' dir='ltr'>ARCIIIEP.</span> <span class='ocrx_word' id='word_1_531' title='bbox 2499 387 3049 444; x_wconf 75' lang='lat' dir='ltr'>CONSTANTINOP.</span> 
     </span>
    </p>
   </div>
   <div class='ocr_carea' id='block_1_67' title="bbox 3686 387 3792 449">
    <p class='ocr_par' dir='ltr' id='par_1_67' title="bbox 3686 387 3792 449">
     <span class='ocr_line' id='line_1_67' title="bbox 3686 387 3792 449; baseline 0.009 -3"><span class='ocrx_word' id='word_1_532' title='bbox 3686 387 3792 449; x_wconf 67' lang='lat'>374</span> 
     </span>
    </p>
   </div>
   <div class='ocr_carea' id='block_1_68' title="bbox 2217 498 3795 574">
    <p class='ocr_par' dir='ltr' id='par_1_68' title="bbox 2217 498 3795 574">
     <span class='ocr_line' id='line_1_68' title="bbox 2217 498 3795 574; baseline 0.001 -19"><span class='ocrx_word' id='word_1_533' title='bbox 2217 502 2701 574; x_wconf 80' lang='grc' dir='ltr'>πλημμελημάτων</span> <span class='ocrx_word' id='word_1_534' title='bbox 2737 503 2838 574; x_wconf 81' lang='grc' dir='ltr'>τὴν</span> <span class='ocrx_word' id='word_1_535' title='bbox 2879 500 3222 570; x_wconf 75' lang='grc' dir='ltr'>συγχώρησιν</span> <span class='ocrx_word' id='word_1_536' title='bbox 3255 498 3530 570; x_wconf 82' lang='grc' dir='ltr'>εὑρέσθαι.</span> <span class='ocrx_word' id='word_1_537' title='bbox 3579 501 3795 574; x_wconf 68' lang='grc' dir='ltr'>Ἐπειδὴ</span> 
     </span>
    </p>
   </div>
   <div class='ocr_carea' id='block_1_69' title="bbox 2217 581 3798 657">
    <p class='ocr_par' dir='ltr' id='par_1_69' title="bbox 2217 581 3798 657">
     <span class='ocr_line' id='line_1_69' title="bbox 2217 581 3798 657; baseline 0.002 -20"><span class='ocrx_word' id='word_1_538' title='bbox 2217 586 2324 655; x_wconf 82' lang='grc' dir='ltr'>γὰρ</span> <span class='ocrx_word' id='word_1_539' title='bbox 2357 581 2494 639; x_wconf 77' lang='grc' dir='ltr'>εἶδεν</span> <span class='ocrx_word' id='word_1_540' title='bbox 2538 587 2566 636; x_wconf 92' lang='lat'>6</span> <span class='ocrx_word' id='word_1_541' title='bbox 2602 585 2980 654; x_wconf 74' lang='grc' dir='ltr'>φιλάνθρωπος</span> <span class='ocrx_word' id='word_1_542' title='bbox 3019 583 3150 646; x_wconf 82' lang='grc' dir='ltr'>Θεὸς</span> <span class='ocrx_word' id='word_1_543' title='bbox 3181 583 3281 653; x_wconf 81' lang='grc' dir='ltr'>τῆς</span> <span class='ocrx_word' id='word_1_544' title='bbox 3317 582 3599 649; x_wconf 87' lang='grc' dir='ltr'>ἀσθενείας</span> <span class='ocrx_word' id='word_1_545' title='bbox 3635 587 3798 657; x_wconf 87' lang='grc' dir='ltr'>ήμῶν</span> 
     </span>
    </p>
   </div>
   <div class='ocr_carea' id='block_1_70' title="bbox 2215 666 3795 740">
    <p class='ocr_par' dir='ltr' id='par_1_70' title="bbox 2215 666 3795 740">
     <span class='ocr_line' id='line_1_70' title="bbox 2215 666 3795 740; baseline 0.001 -19"><span class='ocrx_word' id='word_1_546' title='bbox 2215 669 2311 738; x_wconf 80' lang='grc' dir='ltr'>τὴν</span> <span class='ocrx_word' id='word_1_547' title='bbox 2360 667 2684 738; x_wconf 81' lang='grc' dir='ltr'>ὑπερϐολὴν,</span> <span class='ocrx_word' id='word_1_548' title='bbox 2739 668 2832 720; x_wconf 77' lang='grc' dir='ltr'>καὶ</span> <span class='ocrx_word' id='word_1_549' title='bbox 2873 669 2954 719; x_wconf 82' lang='grc' dir='ltr'>ὅτι</span> <span class='ocrx_word' id='word_1_550' title='bbox 2999 666 3191 719; x_wconf 88' lang='grc' dir='ltr'>ἀνίατα</span> <span class='ocrx_word' id='word_1_551' title='bbox 3230 666 3506 731; x_wconf 82' lang='grc' dir='ltr'>νοσοῦντες</span> <span class='ocrx_word' id='word_1_552' title='bbox 3552 669 3795 740; x_wconf 83' lang='grc' dir='ltr'>μεγάλης</span> 
     </span>
    </p>
   </div>
   <div class='ocr_carea' id='block_1_71' title="bbox 2213 758 3792 831">
    <p class='ocr_par' dir='ltr' id='par_1_71' title="bbox 2213 758 3792 831">
     <span class='ocr_line' id='line_1_71' title="bbox 2213 758 3792 831; baseline 0.001 -19"><span class='ocrx_word' id='word_1_553' title='bbox 2213 759 2445 830; x_wconf 86' lang='grc' dir='ltr'>δεόμεθα</span> <span class='ocrx_word' id='word_1_554' title='bbox 2475 759 2574 828; x_wconf 85' lang='grc' dir='ltr'>τῆς</span> <span class='ocrx_word' id='word_1_555' title='bbox 2605 760 2865 830; x_wconf 80' lang='grc' dir='ltr'>ἰατρείας,</span> <span class='ocrx_word' id='word_1_556' title='bbox 2890 758 2984 811; x_wconf 77' lang='grc' dir='ltr'>καὶ</span> <span class='ocrx_word' id='word_1_557' title='bbox 3011 758 3218 826; x_wconf 78' lang='grc' dir='ltr'>ἀφάτου</span> <span class='ocrx_word' id='word_1_558' title='bbox 3239 760 3336 830; x_wconf 83' lang='grc' dir='ltr'>τῆς</span> <span class='ocrx_word' id='word_1_559' title='bbox 3363 761 3792 831; x_wconf 80' lang='grc' dir='ltr'>φιλανθρωπίας,</span> 
     </span>
    </p>
   </div>
   <div class='ocr_carea' id='block_1_72' title="bbox 2215 838 3798 913">
    <p class='ocr_par' dir='ltr' id='par_1_72' title="bbox 2215 838 3798 913">
     <span class='ocr_line' id='line_1_72' title="bbox 2215 838 3798 913; baseline 0.002 -20"><span class='ocrx_word' id='word_1_560' title='bbox 2215 841 2514 910; x_wconf 90' lang='grc' dir='ltr'>οἰκονομῶν</span> <span class='ocrx_word' id='word_1_561' title='bbox 2546 841 2644 911; x_wconf 83' lang='grc' dir='ltr'>τὴν</span> <span class='ocrx_word' id='word_1_562' title='bbox 2683 841 2956 911; x_wconf 84' lang='grc' dir='ltr'>ήμετέραν</span> <span class='ocrx_word' id='word_1_563' title='bbox 2994 838 3288 909; x_wconf 88' lang='grc' dir='ltr'>σωτηρίαν,</span> <span class='ocrx_word' id='word_1_564' title='bbox 3339 841 3629 913; x_wconf 86' lang='grc' dir='ltr'>ἐχαρίσατο</span> <span class='ocrx_word' id='word_1_565' title='bbox 3660 843 3798 912; x_wconf 78' lang='grc' dir='ltr'>ἡμῖν</span> 
     </span>
    </p>
   </div>
   <div class='ocr_carea' id='block_1_73' title="bbox 2215 921 3793 995">
    <p class='ocr_par' dir='ltr' id='par_1_73' title="bbox 2215 921 3793 995">
     <span class='ocr_line' id='line_1_73' title="bbox 2215 921 3793 995; baseline 0 -19"><span class='ocrx_word' id='word_1_566' title='bbox 2215 924 2315 994; x_wconf 84' lang='grc' dir='ltr'>τὴν</span> <span class='ocrx_word' id='word_1_567' title='bbox 2347 924 2436 976; x_wconf 86' lang='grc' dir='ltr'>διά</span> <span class='ocrx_word' id='word_1_568' title='bbox 2465 923 2560 977; x_wconf 89' lang='grc' dir='ltr'>τοῦ</span> <span class='ocrx_word' id='word_1_569' title='bbox 2588 923 2810 995; x_wconf 83' lang='grc' dir='ltr'>λουτροῦ</span> <span class='ocrx_word' id='word_1_570' title='bbox 2849 924 2948 993; x_wconf 83' lang='grc' dir='ltr'>τῆς</span> <span class='ocrx_word' id='word_1_571' title='bbox 2981 921 3400 990; x_wconf 83' lang='grc' dir='ltr'>παλιγγενεσίας</span> <span class='ocrx_word' id='word_1_572' title='bbox 3431 925 3793 988; x_wconf 85' lang='grc' dir='ltr'>ἀνακαίνισιν,</span> 
     </span>
    </p>
   </div>
   <div class='ocr_carea' id='block_1_74' title="bbox 2216 1005 3798 1077">
    <p class='ocr_par' dir='ltr' id='par_1_74' title="bbox 2216 1005 3798 1077">
     <span class='ocr_line' id='line_1_74' title="bbox 2216 1005 3798 1077; baseline 0.001 -18"><span class='ocrx_word' id='word_1_573' title='bbox 2216 1006 2304 1060; x_wconf 83' lang='grc' dir='ltr'>ῖνα</span> <span class='ocrx_word' id='word_1_574' title='bbox 2327 1006 2651 1077; x_wconf 88' lang='grc' dir='ltr'>ἀποθέμενοι</span> <span class='ocrx_word' id='word_1_575' title='bbox 2679 1007 2769 1059; x_wconf 82' lang='lat' dir='ltr'>16v</span> <span class='ocrx_word' id='word_1_576' title='bbox 2796 1005 3023 1059; x_wconf 77' lang='grc' dir='ltr'>παλαιὸν</span> <span class='ocrx_word' id='word_1_577' title='bbox 3051 1005 3356 1076; x_wconf 77' lang='grc' dir='ltr'>ἄνθρωπον,</span> <span class='ocrx_word' id='word_1_578' title='bbox 3389 1006 3534 1059; x_wconf 85' lang='grc' dir='ltr'>τοῦτ’</span> <span class='ocrx_word' id='word_1_579' title='bbox 3564 1006 3678 1060; x_wconf 79' lang='grc' dir='ltr'>ἐστι</span> <span class='ocrx_word' id='word_1_580' title='bbox 3695 1008 3798 1072; x_wconf 87' lang='grc' dir='ltr'>τάς</span> 
     </span>
    </p>
   </div>
   <div class='ocr_carea' id='block_1_75' title="bbox 2215 1086 3798 1162">
    <p class='ocr_par' dir='ltr' id='par_1_75' title="bbox 2215 1086 3798 1162">
     <span class='ocr_line' id='line_1_75' title="bbox 2215 1086 3798 1162; baseline 0.001 -20"><span class='ocrx_word' id='word_1_581' title='bbox 2215 1086 2442 1162; x_wconf 81' lang='grc' dir='ltr'>πράξεις</span> <span class='ocrx_word' id='word_1_582' title='bbox 2478 1087 2575 1152; x_wconf 85' lang='grc' dir='ltr'>τάς</span> <span class='ocrx_word' id='word_1_583' title='bbox 2601 1089 2861 1160; x_wconf 76' lang='grc' dir='ltr'>πονηρὰς,</span> <span class='ocrx_word' id='word_1_584' title='bbox 2898 1089 2992 1142; x_wconf 74' lang='grc' dir='ltr'>καὶ</span> <span class='ocrx_word' id='word_1_585' title='bbox 3023 1089 3372 1159; x_wconf 85' lang='grc' dir='ltr'>ἐνδυσάμενοι</span> <span class='ocrx_word' id='word_1_586' title='bbox 3408 1088 3500 1143; x_wconf 76' lang='grc' dir='ltr'>τὸν</span> <span class='ocrx_word' id='word_1_587' title='bbox 3524 1089 3664 1156; x_wconf 80' lang='grc' dir='ltr'>νέον,</span> <span class='ocrx_word' id='word_1_588' title='bbox 3701 1090 3798 1144; x_wconf 83' lang='grc' dir='ltr'>ἐπὶ</span> 
     </span>
    </p>
   </div>
   <div class='ocr_carea' id='block_1_76' title="bbox 2214 1169 3794 1243">
    <p class='ocr_par' dir='ltr' id='par_1_76' title="bbox 2214 1169 3794 1243">
     <span class='ocr_line' id='line_1_76' title="bbox 2214 1169 3794 1243; baseline 0.002 -21"><span class='ocrx_word' id='word_1_589' title='bbox 2214 1170 2314 1241; x_wconf 80' lang='grc' dir='ltr'>τὴν</span> <span class='ocrx_word' id='word_1_590' title='bbox 2343 1169 2444 1240; x_wconf 83' lang='grc' dir='ltr'>τῆς</span> <span class='ocrx_word' id='word_1_591' title='bbox 2481 1169 2683 1241; x_wconf 76' lang='grc' dir='ltr'>ἀρετῆς</span> <span class='ocrx_word' id='word_1_592' title='bbox 2726 1170 2846 1224; x_wconf 79' lang='grc' dir='ltr'>ὁδὸν</span> <span class='ocrx_word' id='word_1_593' title='bbox 2886 1171 3208 1243; x_wconf 78' lang='grc' dir='ltr'>βαδίζωμεν.</span> <span class='ocrx_word' id='word_1_594' title='bbox 3251 1170 3432 1232; x_wconf 71' lang='grc' dir='ltr'>Ἀλλὰ.</span> <span class='ocrx_word' id='word_1_595' title='bbox 3466 1171 3794 1242; x_wconf 86' lang='grc' dir='ltr'>παρακαλῶ,</span> 
     </span>
    </p>
   </div>
   <div class='ocr_carea' id='block_1_77' title="bbox 2218 1251 3796 1326">
    <p class='ocr_par' dir='ltr' id='par_1_77' title="bbox 2218 1251 3796 1326">
     <span class='ocr_line' id='line_1_77' title="bbox 2218 1251 3796 1326; baseline 0.001 -21"><span class='ocrx_word' id='word_1_596' title='bbox 2218 1251 2294 1324; x_wconf 78' lang='grc' dir='ltr'>μὴ</span> <span class='ocrx_word' id='word_1_597' title='bbox 2315 1252 2423 1305; x_wconf 90' lang='grc' dir='ltr'>τῶν</span> <span class='ocrx_word' id='word_1_598' title='bbox 2444 1252 2794 1322; x_wconf 89' lang='grc' dir='ltr'>ἀγνωμόνων,</span> <span class='ocrx_word' id='word_1_599' title='bbox 2815 1253 2924 1306; x_wconf 89' lang='grc' dir='ltr'>τῶν</span> <span class='ocrx_word' id='word_1_600' title='bbox 2951 1253 3291 1324; x_wconf 85' lang='grc' dir='ltr'>ἀναισθήτων</span> <span class='ocrx_word' id='word_1_601' title='bbox 3321 1254 3537 1325; x_wconf 88' lang='grc' dir='ltr'>χείρους</span> <span class='ocrx_word' id='word_1_602' title='bbox 3557 1253 3796 1326; x_wconf 83' lang='grc' dir='ltr'>γενώμε·</span> 
     </span>
    </p>
   </div>
   <div class='ocr_carea' id='block_1_78' title="bbox 2216 1333 3796 1406">
    <p class='ocr_par' dir='ltr' id='par_1_78' title="bbox 2216 1333 3796 1406">
     <span class='ocr_line' id='line_1_78' title="bbox 2216 1333 3796 1406; baseline 0.002 -20"><span class='ocrx_word' id='word_1_603' title='bbox 2216 1335 2287 1387; x_wconf 91' lang='grc' dir='ltr'>θα</span> <span class='ocrx_word' id='word_1_604' title='bbox 2327 1333 2607 1388; x_wconf 88' lang='grc' dir='ltr'>Ἰουδαίων.</span> <span class='ocrx_word' id='word_1_605' title='bbox 2653 1334 2880 1387; x_wconf 82' lang='grc' dir='ltr'>Ἐκεῖνοι</span> <span class='ocrx_word' id='word_1_606' title='bbox 2915 1335 3014 1404; x_wconf 89' lang='grc' dir='ltr'>μὲν</span> <span class='ocrx_word' id='word_1_607' title='bbox 3035 1336 3142 1406; x_wconf 88' lang='grc' dir='ltr'>γάρ</span> <span class='ocrx_word' id='word_1_608' title='bbox 3170 1336 3450 1405; x_wconf 84' lang='grc' dir='ltr'>δεχόμενοι</span> <span class='ocrx_word' id='word_1_609' title='bbox 3478 1336 3540 1388; x_wconf 84' lang='grc' dir='ltr'>τὸ</span> <span class='ocrx_word' id='word_1_610' title='bbox 3568 1338 3796 1406; x_wconf 78' lang='grc' dir='ltr'>σημεῖον</span> 
     </span>
    </p>
   </div>
   <div class='ocr_carea' id='block_1_79' title="bbox 2217 1412 3798 1489">
    <p class='ocr_par' dir='ltr' id='par_1_79' title="bbox 2217 1412 3798 1489">
     <span class='ocr_line' id='line_1_79' title="bbox 2217 1412 3798 1489; baseline 0 -17"><span class='ocrx_word' id='word_1_611' title='bbox 2217 1414 2367 1489; x_wconf 72' lang='grc'>[410]</span> <span class='ocrx_word' id='word_1_612' title='bbox 2407 1415 2562 1469; x_wconf 87' lang='grc' dir='ltr'>τοῦτο</span> <span class='ocrx_word' id='word_1_613' title='bbox 2599 1415 2700 1485; x_wconf 82' lang='grc' dir='ltr'>τῆς</span> <span class='ocrx_word' id='word_1_614' title='bbox 2733 1417 3056 1488; x_wconf 77' lang='grc' dir='ltr'>περιτομῆς,</span> <span class='ocrx_word' id='word_1_615' title='bbox 3091 1412 3236 1488; x_wconf 75' lang='grc' dir='ltr'>εἶχον</span> <span class='ocrx_word' id='word_1_616' title='bbox 3276 1418 3466 1488; x_wconf 73' lang='grc' dir='ltr'>ἱκανὴν</span> <span class='ocrx_word' id='word_1_617' title='bbox 3495 1418 3798 1488; x_wconf 80' lang='grc' dir='ltr'>ἀσφάλειαν</span> 
     </span>
    </p>
   </div>
   <div class='ocr_carea' id='block_1_80' title="bbox 2216 1498 3798 1571">
    <p class='ocr_par' dir='ltr' id='par_1_80' title="bbox 2216 1498 3798 1571">
     <span class='ocr_line' id='line_1_80' title="bbox 2216 1498 3798 1571; baseline 0.001 -19"><span class='ocrx_word' id='word_1_618' title='bbox 2216 1500 2352 1570; x_wconf 84' lang='grc' dir='ltr'>πρὸς</span> <span class='ocrx_word' id='word_1_619' title='bbox 2380 1499 2440 1551; x_wconf 85' lang='lat'>16</span> <span class='ocrx_word' id='word_1_620' title='bbox 2466 1498 2661 1569; x_wconf 80' lang='grc' dir='ltr'>μηκέτι</span> <span class='ocrx_word' id='word_1_621' title='bbox 2691 1498 3185 1571; x_wconf 87' lang='grc' dir='ltr'>συναναμίγνυσθαι</span> <span class='ocrx_word' id='word_1_622' title='bbox 3208 1501 3322 1563; x_wconf 87' lang='grc' dir='ltr'>τοῖς</span> <span class='ocrx_word' id='word_1_623' title='bbox 3350 1499 3526 1553; x_wconf 71' lang='grc' dir='ltr'>ἔθνεσι</span> <span class='ocrx_word' id='word_1_624' title='bbox 3544 1500 3686 1554; x_wconf 89' lang='grc' dir='ltr'>κατά</span> <span class='ocrx_word' id='word_1_625' title='bbox 3704 1500 3798 1554; x_wconf 81' lang='grc' dir='ltr'>τὸν</span> 
     </span>
    </p>
   </div>
   <div class='ocr_carea' id='block_1_81' title="bbox 2214 1581 3796 1654">
    <p class='ocr_par' dir='ltr' id='par_1_81' title="bbox 2214 1581 3796 1654">
     <span class='ocr_line' id='line_1_81' title="bbox 2214 1581 3796 1654; baseline 0.001 -20"><span class='ocrx_word' id='word_1_626' title='bbox 2214 1581 2315 1652; x_wconf 85' lang='grc' dir='ltr'>τῆς</span> <span class='ocrx_word' id='word_1_627' title='bbox 2345 1581 2627 1644; x_wconf 87' lang='grc' dir='ltr'>κοινωνίας</span> <span class='ocrx_word' id='word_1_628' title='bbox 2661 1581 2836 1649; x_wconf 84' lang='grc' dir='ltr'>λόγον·</span> <span class='ocrx_word' id='word_1_629' title='bbox 2875 1582 3015 1636; x_wconf 87' lang='grc' dir='ltr'>κατά</span> <span class='ocrx_word' id='word_1_630' title='bbox 3043 1582 3152 1654; x_wconf 79' lang='grc' dir='ltr'>γὰρ</span> <span class='ocrx_word' id='word_1_631' title='bbox 3181 1582 3280 1652; x_wconf 80' lang='grc' dir='ltr'>τὴν</span> <span class='ocrx_word' id='word_1_632' title='bbox 3308 1582 3564 1637; x_wconf 80' lang='grc' dir='ltr'>ἀσέϐειαν</span> <span class='ocrx_word' id='word_1_633' title='bbox 3597 1583 3796 1636; x_wconf 82' lang='grc' dir='ltr'>πολλά-</span> 
     </span>
    </p>
   </div>
   <div class='ocr_carea' id='block_1_82' title="bbox 2215 1663 3796 1737">
    <p class='ocr_par' dir='ltr' id='par_1_82' title="bbox 2215 1663 3796 1737">
     <span class='ocr_line' id='line_1_82' title="bbox 2215 1663 3796 1737; baseline 0.002 -19"><span class='ocrx_word' id='word_1_634' title='bbox 2215 1683 2302 1729; x_wconf 90' lang='grc' dir='ltr'>κις</span> <span class='ocrx_word' id='word_1_635' title='bbox 2333 1667 2530 1729; x_wconf 81' lang='grc' dir='ltr'>αὑτοὺς</span> <span class='ocrx_word' id='word_1_636' title='bbox 2572 1665 2664 1718; x_wconf 75' lang='grc' dir='ltr'>καί</span> <span class='ocrx_word' id='word_1_637' title='bbox 2695 1665 3124 1735; x_wconf 87' lang='grc' dir='ltr'>ὑπερηκόντισαν</span> <span class='ocrx_word' id='word_1_638' title='bbox 3148 1663 3464 1737; x_wconf 80' lang='grc' dir='ltr'>ἀγνώμονες</span> <span class='ocrx_word' id='word_1_639' title='bbox 3491 1666 3796 1736; x_wconf 76' lang='grc' dir='ltr'>γεγονότες.</span> 
     </span>
    </p>
   </div>
   <div class='ocr_carea' id='block_1_83' title="bbox 2229 1745 3798 1822">
    <p class='ocr_par' dir='ltr' id='par_1_83' title="bbox 2229 1745 3798 1822">
     <span class='ocr_line' id='line_1_83' title="bbox 2229 1745 3798 1822; baseline -0.001 -21"><span class='ocrx_word' id='word_1_640' title='bbox 2229 1747 2365 1802; x_wconf 81' lang='grc' dir='ltr'>Ἀλλ’</span> <span class='ocrx_word' id='word_1_641' title='bbox 2391 1749 2551 1818; x_wconf 79' lang='grc' dir='ltr'>ἡμεῖς</span> <span class='ocrx_word' id='word_1_642' title='bbox 2575 1745 2722 1811; x_wconf 77' lang='grc' dir='ltr'>ἅπαξ</span> <span class='ocrx_word' id='word_1_643' title='bbox 2746 1747 3026 1816; x_wconf 89' lang='grc' dir='ltr'>δεχόμενοι</span> <span class='ocrx_word' id='word_1_644' title='bbox 3059 1748 3157 1822; x_wconf 78' lang='grc' dir='ltr'>τὴν</span> <span class='ocrx_word' id='word_1_645' title='bbox 3181 1747 3268 1800; x_wconf 90' lang='grc' dir='ltr'>διά</span> <span class='ocrx_word' id='word_1_646' title='bbox 3291 1748 3388 1801; x_wconf 90' lang='grc' dir='ltr'>τοῦ</span> <span class='ocrx_word' id='word_1_647' title='bbox 3419 1747 3798 1818; x_wconf 82' lang='grc' dir='ltr'>βαπτίσματος</span> 
     </span>
    </p>
   </div>
   <div class='ocr_carea' id='block_1_84' title="bbox 2214 1828 3797 1900">
    <p class='ocr_par' dir='ltr' id='par_1_84' title="bbox 2214 1828 3797 1900">
     <span class='ocr_line' id='line_1_84' title="bbox 2214 1828 3797 1900; baseline 0 -16"><span class='ocrx_word' id='word_1_648' title='bbox 2214 1831 2536 1900; x_wconf 80' lang='grc' dir='ltr'>περιτομὴν.</span> <span class='ocrx_word' id='word_1_649' title='bbox 2586 1828 2724 1898; x_wconf 88' lang='grc' dir='ltr'>μετά</span> <span class='ocrx_word' id='word_1_650' title='bbox 2753 1829 3053 1897; x_wconf 79' lang='grc' dir='ltr'>ἀσφαλείας</span> <span class='ocrx_word' id='word_1_651' title='bbox 3081 1829 3147 1883; x_wconf 83' lang='grc' dir='ltr'>τὰ</span> <span class='ocrx_word' id='word_1_652' title='bbox 3175 1829 3296 1883; x_wconf 81' lang='grc' dir='ltr'>καθ’</span> <span class='ocrx_word' id='word_1_653' title='bbox 3328 1831 3556 1893; x_wconf 68' lang='grc' dir='ltr'>ἑαυτοὺς</span> <span class='ocrx_word' id='word_1_654' title='bbox 3585 1833 3797 1884; x_wconf 86' lang='grc' dir='ltr'>οἰκονο-</span> 
     </span>
    </p>
   </div>
   <div class='ocr_carea' id='block_1_85' title="bbox 2219 1907 3800 1984">
    <p class='ocr_par' dir='ltr' id='par_1_85' title="bbox 2219 1907 3800 1984">
     <span class='ocr_line' id='line_1_85' title="bbox 2219 1907 3800 1984; baseline 0.001 -19"><span class='ocrx_word' id='word_1_655' title='bbox 2219 1915 2500 1984; x_wconf 86' lang='grc' dir='ltr'>μήσωμεν.</span> <span class='ocrx_word' id='word_1_656' title='bbox 2543 1911 2618 1964; x_wconf 81' lang='grc' dir='ltr'>Οὑ</span> <span class='ocrx_word' id='word_1_657' title='bbox 2656 1910 2799 1979; x_wconf 79' lang='grc' dir='ltr'>λέγω</span> <span class='ocrx_word' id='word_1_658' title='bbox 2837 1911 2925 1964; x_wconf 79' lang='grc' dir='ltr'>ἵνα</span> <span class='ocrx_word' id='word_1_659' title='bbox 2968 1913 3044 1982; x_wconf 77' lang='grc' dir='ltr'>μὴ</span> <span class='ocrx_word' id='word_1_660' title='bbox 3084 1910 3645 1983; x_wconf 86' lang='grc' dir='ltr'>συναναμιγνυώμεθα</span> <span class='ocrx_word' id='word_1_661' title='bbox 3683 1907 3800 1976; x_wconf 81' lang='grc' dir='ltr'>τοῖς</span> 
     </span>
    </p>
   </div>
   <div class='ocr_carea' id='block_1_86' title="bbox 2217 1994 3801 2068">
    <p class='ocr_par' dir='ltr' id='par_1_86' title="bbox 2217 1994 3801 2068">
     <span class='ocr_line' id='line_1_86' title="bbox 2217 1994 3801 2068; baseline 0 -19"><span class='ocrx_word' id='word_1_662' title='bbox 2217 1995 2445 2060; x_wconf 72' lang='grc' dir='ltr'>ἔθνεσιν,</span> <span class='ocrx_word' id='word_1_663' title='bbox 2467 1995 2590 2049; x_wconf 81' lang='grc' dir='ltr'>ἀλλ’·</span> <span class='ocrx_word' id='word_1_664' title='bbox 2608 1996 2694 2048; x_wconf 80' lang='grc' dir='ltr'>ἵνα</span> <span class='ocrx_word' id='word_1_665' title='bbox 2717 1994 2811 2048; x_wconf 72' lang='grc' dir='ltr'>ἐπὶ</span> <span class='ocrx_word' id='word_1_666' title='bbox 2834 1995 2933 2064; x_wconf 79' lang='grc' dir='ltr'>τῆς</span> <span class='ocrx_word' id='word_1_667' title='bbox 2955 1995 3161 2059; x_wconf 80' lang='grc' dir='ltr'>οίκείας</span> <span class='ocrx_word' id='word_1_668' title='bbox 3181 1994 3382 2068; x_wconf 83' lang='grc' dir='ltr'>ἀρετῆς</span> <span class='ocrx_word' id='word_1_669' title='bbox 3405 1995 3678 2066; x_wconf 79' lang='grc' dir='ltr'>μένοντες,</span> <span class='ocrx_word' id='word_1_670' title='bbox 3703 1997 3801 2050; x_wconf 72' lang='grc' dir='ltr'>καὶ</span> 
     </span>
    </p>
   </div>
   <div class='ocr_carea' id='block_1_87' title="bbox 2215 2076 3802 2149">
    <p class='ocr_par' dir='ltr' id='par_1_87' title="bbox 2215 2076 3802 2149">
     <span class='ocr_line' id='line_1_87' title="bbox 2215 2076 3802 2149; baseline 0.001 -20"><span class='ocrx_word' id='word_1_671' title='bbox 2215 2078 2441 2139; x_wconf 83' lang='grc' dir='ltr'>ἐκείνοις</span> <span class='ocrx_word' id='word_1_672' title='bbox 2468 2076 2992 2147; x_wconf 83' lang='grc' dir='ltr'>συναναμιγνύμενοι</span> <span class='ocrx_word' id='word_1_673' title='bbox 3011 2077 3260 2146; x_wconf 74' lang='grc' dir='ltr'>ἕλκωμεν</span> <span class='ocrx_word' id='word_1_674' title='bbox 3286 2078 3483 2140; x_wconf 81' lang='grc' dir='ltr'>αὐτοὺς</span> <span class='ocrx_word' id='word_1_675' title='bbox 3500 2079 3577 2141; x_wconf 88' lang='grc' dir='ltr'>εἰς</span> <span class='ocrx_word' id='word_1_676' title='bbox 3597 2077 3698 2149; x_wconf 75' lang='grc' dir='ltr'>τὴν</span> <span class='ocrx_word' id='word_1_677' title='bbox 3710 2076 3802 2131; x_wconf 56' lang='lat'>16&#39;-</span> 
     </span>
    </p>
   </div>
   <div class='ocr_carea' id='block_1_88' title="bbox 2216 2157 3800 2232">
    <p class='ocr_par' dir='ltr' id='par_1_88' title="bbox 2216 2157 3800 2232">
     <span class='ocr_line' id='line_1_88' title="bbox 2216 2157 3800 2232; baseline 0.001 -22"><span class='ocrx_word' id='word_1_678' title='bbox 2216 2158 2454 2223; x_wconf 83' lang='grc' dir='ltr'>σέϐειαν,</span> <span class='ocrx_word' id='word_1_679' title='bbox 2494 2160 2588 2212; x_wconf 79' lang='grc' dir='ltr'>καί</span> <span class='ocrx_word' id='word_1_680' title='bbox 2631 2158 2717 2211; x_wconf 84' lang='grc' dir='ltr'>διά</span> <span class='ocrx_word' id='word_1_681' title='bbox 2753 2161 2852 2228; x_wconf 80' lang='grc' dir='ltr'>τῆς</span> <span class='ocrx_word' id='word_1_682' title='bbox 2893 2157 3003 2210; x_wconf 92' lang='grc' dir='ltr'>τῶν</span> <span class='ocrx_word' id='word_1_683' title='bbox 3038 2157 3256 2225; x_wconf 88' lang='grc' dir='ltr'>ἀγαθῶν</span> <span class='ocrx_word' id='word_1_684' title='bbox 3301 2158 3478 2232; x_wconf 70' lang='grc' dir='ltr'>ἔργων</span> <span class='ocrx_word' id='word_1_685' title='bbox 3523 2159 3800 2223; x_wconf 85' lang='grc' dir='ltr'>πολιτείας</span> 
     </span>
    </p>
   </div>
   <div class='ocr_carea' id='block_1_89' title="bbox 2213 2240 3804 2313">
    <p class='ocr_par' dir='ltr' id='par_1_89' title="bbox 2213 2240 3804 2313">
     <span class='ocr_line' id='line_1_89' title="bbox 2213 2240 3804 2313; baseline 0.001 -18"><span class='ocrx_word' id='word_1_686' title='bbox 2213 2241 2560 2304; x_wconf 87' lang='grc' dir='ltr'>διδασκαλίας</span> <span class='ocrx_word' id='word_1_687' title='bbox 2586 2243 2765 2304; x_wconf 81' lang='grc' dir='ltr'>αὑτοῖς</span> <span class='ocrx_word' id='word_1_688' title='bbox 2788 2241 3040 2304; x_wconf 87' lang='grc' dir='ltr'>ὑπόθεσις</span> <span class='ocrx_word' id='word_1_689' title='bbox 3066 2240 3364 2312; x_wconf 85' lang='grc' dir='ltr'>γινώμεθα.</span> <span class='ocrx_word' id='word_1_690' title='bbox 3389 2242 3486 2296; x_wconf 89' lang='grc' dir='ltr'>Διά</span> <span class='ocrx_word' id='word_1_691' title='bbox 3510 2243 3617 2313; x_wconf 78' lang='grc' dir='ltr'>γὰρ</span> <span class='ocrx_word' id='word_1_692' title='bbox 3639 2241 3804 2296; x_wconf 87' lang='grc' dir='ltr'>τοῦτο</span> 
     </span>
    </p>
   </div>
   <div class='ocr_carea' id='block_1_90' title="bbox 2216 2324 3801 2397">
    <p class='ocr_par' dir='ltr' id='par_1_90' title="bbox 2216 2324 3801 2397">
     <span class='ocr_line' id='line_1_90' title="bbox 2216 2324 3801 2397; baseline 0.001 -21"><span class='ocrx_word' id='word_1_693' title='bbox 2216 2325 2307 2377; x_wconf 75' lang='grc' dir='ltr'>καὶ</span> <span class='ocrx_word' id='word_1_694' title='bbox 2331 2326 2360 2376; x_wconf 88' lang='lat'>6</span> <span class='ocrx_word' id='word_1_695' title='bbox 2384 2325 2559 2388; x_wconf 77' lang='grc' dir='ltr'>κοινὸς</span> <span class='ocrx_word' id='word_1_696' title='bbox 2593 2326 2844 2378; x_wconf 84' lang='grc' dir='ltr'>ἁπάντων</span> <span class='ocrx_word' id='word_1_697' title='bbox 2883 2325 3157 2395; x_wconf 77' lang='grc' dir='ltr'>Δεσπότης</span> <span class='ocrx_word' id='word_1_698' title='bbox 3190 2324 3565 2397; x_wconf 88' lang='grc' dir='ltr'>συνεχώρησεν</span> <span class='ocrx_word' id='word_1_699' title='bbox 3590 2326 3801 2395; x_wconf 78' lang='grc' dir='ltr'>ἀναμε-</span> 
     </span>
    </p>
   </div>
   <div class='ocr_carea' id='block_1_91' title="bbox 2219 2407 3802 2478">
    <p class='ocr_par' dir='ltr' id='par_1_91' title="bbox 2219 2407 3802 2478">
     <span class='ocr_line' id='line_1_91' title="bbox 2219 2407 3802 2478; baseline 0.001 -19"><span class='ocrx_word' id='word_1_700' title='bbox 2219 2407 2407 2478; x_wconf 89' lang='grc' dir='ltr'>μίχθαι</span> <span class='ocrx_word' id='word_1_701' title='bbox 2429 2409 2666 2471; x_wconf 72' lang='grc' dir='ltr'>καὶτοὺς</span> <span class='ocrx_word' id='word_1_702' title='bbox 2691 2409 2959 2476; x_wconf 78' lang='grc' dir='ltr'>πονήροὺς</span> <span class='ocrx_word' id='word_1_703' title='bbox 2985 2408 3078 2460; x_wconf 79' lang='grc' dir='ltr'>καὶ</span> <span class='ocrx_word' id='word_1_704' title='bbox 3108 2409 3235 2472; x_wconf 77' lang='grc' dir='ltr'>τοὺς</span> <span class='ocrx_word' id='word_1_705' title='bbox 3255 2409 3511 2476; x_wconf 83' lang='grc' dir='ltr'>ἀγαθοὺς,</span> <span class='ocrx_word' id='word_1_706' title='bbox 3546 2408 3640 2461; x_wconf 66' lang='grc' dir='ltr'>καὶ</span> <span class='ocrx_word' id='word_1_707' title='bbox 3669 2408 3802 2472; x_wconf 84' lang='grc' dir='ltr'>τοὺς</span> 
     </span>
    </p>
   </div>
   <div class='ocr_carea' id='block_1_92' title="bbox 2216 2489 3803 2561">
    <p class='ocr_par' dir='ltr' id='par_1_92' title="bbox 2216 2489 3803 2561">
     <span class='ocr_line' id='line_1_92' title="bbox 2216 2489 3803 2561; baseline 0.001 -19"><span class='ocrx_word' id='word_1_708' title='bbox 2216 2491 2460 2553; x_wconf 82' lang='grc' dir='ltr'>εὐσεϐεῖς</span> <span class='ocrx_word' id='word_1_709' title='bbox 2483 2492 2577 2543; x_wconf 84' lang='grc' dir='ltr'>καὶ</span> <span class='ocrx_word' id='word_1_710' title='bbox 2601 2491 2727 2551; x_wconf 82' lang='grc' dir='ltr'>τοὺς</span> <span class='ocrx_word' id='word_1_711' title='bbox 2749 2489 2986 2551; x_wconf 82' lang='grc' dir='ltr'>ἀσεϐεῖς,</span> <span class='ocrx_word' id='word_1_712' title='bbox 3015 2491 3100 2542; x_wconf 86' lang='grc' dir='ltr'>ῖνα</span> <span class='ocrx_word' id='word_1_713' title='bbox 3123 2491 3174 2541; x_wconf 87' lang='grc' dir='ltr'>οί</span> <span class='ocrx_word' id='word_1_714' title='bbox 3201 2491 3427 2561; x_wconf 75' lang='grc' dir='ltr'>πονηροὶ</span> <span class='ocrx_word' id='word_1_715' title='bbox 3446 2489 3803 2561; x_wconf 86' lang='grc' dir='ltr'>κερδαίνωσιν</span> 
     </span>
    </p>
   </div>
   <div class='ocr_carea' id='block_1_93' title="bbox 2215 2571 3802 2643">
    <p class='ocr_par' dir='ltr' id='par_1_93' title="bbox 2215 2571 3802 2643">
     <span class='ocr_line' id='line_1_93' title="bbox 2215 2571 3802 2643; baseline 0.001 -18"><span class='ocrx_word' id='word_1_716' title='bbox 2215 2572 2323 2625; x_wconf 65' lang='lat' dir='ltr'>dm)</span> <span class='ocrx_word' id='word_1_717' title='bbox 2353 2571 2462 2625; x_wconf 90' lang='grc' dir='ltr'>τῶν</span> <span class='ocrx_word' id='word_1_718' title='bbox 2494 2571 2735 2641; x_wconf 89' lang='grc' dir='ltr'>ἀγαθῶν,</span> <span class='ocrx_word' id='word_1_719' title='bbox 2771 2571 2866 2624; x_wconf 79' lang='grc' dir='ltr'>καὶ</span> <span class='ocrx_word' id='word_1_720' title='bbox 2898 2573 2947 2626; x_wconf 85' lang='grc' dir='ltr'>οί</span> <span class='ocrx_word' id='word_1_721' title='bbox 2979 2573 3037 2623; x_wconf 85' lang='grc' dir='ltr'>ἐν</span> <span class='ocrx_word' id='word_1_722' title='bbox 3070 2571 3294 2643; x_wconf 71' lang='grc' dir='ltr'>ἀσεϐείᾳ</span> <span class='ocrx_word' id='word_1_723' title='bbox 3333 2572 3414 2625; x_wconf 76' lang='grc' dir='ltr'>ἐτι</span> <span class='ocrx_word' id='word_1_724' title='bbox 3443 2572 3802 2642; x_wconf 84' lang='grc' dir='ltr'>κατεχόμενοι</span> 
     </span>
    </p>
   </div>
   <div class='ocr_carea' id='block_1_94' title="bbox 2213 2652 3804 2724">
    <p class='ocr_par' dir='ltr' id='par_1_94' title="bbox 2213 2652 3804 2724">
     <span class='ocr_line' id='line_1_94' title="bbox 2213 2652 3804 2724; baseline 0.002 -19"><span class='ocrx_word' id='word_1_725' title='bbox 2213 2654 2658 2722; x_wconf 87' lang='grc' dir='ltr'>χειραγωγῶνται</span> <span class='ocrx_word' id='word_1_726' title='bbox 2683 2652 2819 2723; x_wconf 80' lang='grc' dir='ltr'>πρὸς</span> <span class='ocrx_word' id='word_1_727' title='bbox 2855 2654 2954 2722; x_wconf 82' lang='grc' dir='ltr'>τὴν</span> <span class='ocrx_word' id='word_1_728' title='bbox 2983 2653 3282 2708; x_wconf 82' lang='grc' dir='ltr'>εὐσέϐειαν.</span> <span class='ocrx_word' id='word_1_729' title='bbox 3319 2655 3483 2707; x_wconf 84' lang='grc' dir='ltr'>Οὑδὲν</span> <span class='ocrx_word' id='word_1_730' title='bbox 3520 2654 3629 2724; x_wconf 83' lang='grc' dir='ltr'>γὰρ</span> <span class='ocrx_word' id='word_1_731' title='bbox 3654 2653 3804 2708; x_wconf 81' lang='grc' dir='ltr'>οὕτω</span> 
     </span>
    </p>
   </div>
   <div class='ocr_carea' id='block_1_95' title="bbox 2215 2735 3801 2807">
    <p class='ocr_par' dir='ltr' id='par_1_95' title="bbox 2215 2735 3801 2807">
     <span class='ocr_line' id='line_1_95' title="bbox 2215 2735 3801 2807; baseline 0.001 -19"><span class='ocrx_word' id='word_1_732' title='bbox 2215 2735 2292 2805; x_wconf 78' lang='grc' dir='ltr'>τῷ</span> <span class='ocrx_word' id='word_1_733' title='bbox 2312 2735 2429 2804; x_wconf 83' lang='grc' dir='ltr'>Θεῷ</span> <span class='ocrx_word' id='word_1_734' title='bbox 2454 2735 2932 2806; x_wconf 82' lang='grc' dir='ltr'>περισπούδαστον,</span> <span class='ocrx_word' id='word_1_735' title='bbox 2955 2735 3030 2797; x_wconf 90' lang='grc' dir='ltr'>ώς</span> <span class='ocrx_word' id='word_1_736' title='bbox 3059 2736 3302 2805; x_wconf 88' lang='grc' dir='ltr'>σωτηρία</span> <span class='ocrx_word' id='word_1_737' title='bbox 3328 2736 3524 2807; x_wconf 71' lang='grc' dir='ltr'>ψυχῆς.</span> <span class='ocrx_word' id='word_1_738' title='bbox 3559 2736 3652 2806; x_wconf 77' lang='grc' dir='ltr'>Μὴ</span> <span class='ocrx_word' id='word_1_739' title='bbox 3682 2739 3801 2790; x_wconf 83' lang='grc' dir='ltr'>τοί-</span> 
     </span>
    </p>
   </div>
   <div class='ocr_carea' id='block_1_96' title="bbox 2216 2815 3802 2888">
    <p class='ocr_par' dir='ltr' id='par_1_96' title="bbox 2216 2815 3802 2888">
     <span class='ocr_line' id='line_1_96' title="bbox 2216 2815 3802 2888; baseline 0 -18"><span class='ocrx_word' id='word_1_740' title='bbox 2216 2833 2311 2870; x_wconf 92' lang='grc' dir='ltr'>νυν</span> <span class='ocrx_word' id='word_1_741' title='bbox 2345 2816 2658 2887; x_wconf 88' lang='grc' dir='ltr'>ἀμελῶμεν,</span> <span class='ocrx_word' id='word_1_742' title='bbox 2697 2815 3021 2886; x_wconf 86' lang='grc' dir='ltr'>παρακαλῶ,</span> <span class='ocrx_word' id='word_1_743' title='bbox 3068 2817 3204 2887; x_wconf 85' lang='grc' dir='ltr'>μήτε</span> <span class='ocrx_word' id='word_1_744' title='bbox 3242 2817 3470 2882; x_wconf 75' lang='grc' dir='ltr'>ἑαυτῶν,</span> <span class='ocrx_word' id='word_1_745' title='bbox 3514 2818 3649 2888; x_wconf 85' lang='grc' dir='ltr'>μήτε</span> <span class='ocrx_word' id='word_1_746' title='bbox 3687 2818 3802 2871; x_wconf 90' lang='grc' dir='ltr'>τῶν</span> 
     </span>
    </p>
   </div>
   <div class='ocr_carea' id='block_1_97' title="bbox 2216 2897 3801 2968">
    <p class='ocr_par' dir='ltr' id='par_1_97' title="bbox 2216 2897 3801 2968">
     <span class='ocr_line' id='line_1_97' title="bbox 2216 2897 3801 2968; baseline 0 -17"><span class='ocrx_word' id='word_1_747' title='bbox 2216 2898 2460 2967; x_wconf 89' lang='grc' dir='ltr'>πλησίον·</span> <span class='ocrx_word' id='word_1_748' title='bbox 2487 2900 2696 2951; x_wconf 86' lang='grc' dir='ltr'>ἐαυτῶν</span> <span class='ocrx_word' id='word_1_749' title='bbox 2729 2900 2848 2968; x_wconf 82' lang='grc' dir='ltr'>μὲν,</span> <span class='ocrx_word' id='word_1_750' title='bbox 2883 2898 2972 2952; x_wconf 85' lang='grc' dir='ltr'>διὰ</span> <span class='ocrx_word' id='word_1_751' title='bbox 3000 2897 3094 2950; x_wconf 89' lang='grc' dir='ltr'>τοῦ</span> <span class='ocrx_word' id='word_1_752' title='bbox 3125 2898 3194 2952; x_wconf 73' lang='grc' dir='ltr'>τὰ</span> <span class='ocrx_word' id='word_1_753' title='bbox 3225 2899 3344 2952; x_wconf 87' lang='grc' dir='ltr'>καθ’</span> <span class='ocrx_word' id='word_1_754' title='bbox 3373 2901 3598 2963; x_wconf 82' lang='grc' dir='ltr'>ἐαυτοὺς</span> <span class='ocrx_word' id='word_1_755' title='bbox 3622 2899 3801 2962; x_wconf 86' lang='grc' dir='ltr'>οὑτως</span> 
     </span>
    </p>
   </div>
   <div class='ocr_carea' id='block_1_98' title="bbox 2213 2981 3801 3053">
    <p class='ocr_par' dir='ltr' id='par_1_98' title="bbox 2213 2981 3801 3053">
     <span class='ocr_line' id='line_1_98' title="bbox 2213 2981 3801 3053; baseline 0.002 -18"><span class='ocrx_word' id='word_1_756' title='bbox 2213 2985 2534 3053; x_wconf 86' lang='grc' dir='ltr'>οἰκονομεῖν,</span> <span class='ocrx_word' id='word_1_757' title='bbox 2558 2982 2633 3045; x_wconf 90' lang='grc' dir='ltr'>ώς</span> <span class='ocrx_word' id='word_1_758' title='bbox 2659 2983 2806 3035; x_wconf 87' lang='grc' dir='ltr'>δοκεῖ</span> <span class='ocrx_word' id='word_1_759' title='bbox 2828 2981 2905 3051; x_wconf 81' lang='grc' dir='ltr'>τῷ</span> <span class='ocrx_word' id='word_1_760' title='bbox 2932 2981 3070 3050; x_wconf 85' lang='grc' dir='ltr'>Θεῷ·</span> <span class='ocrx_word' id='word_1_761' title='bbox 3093 2981 3200 3034; x_wconf 90' lang='grc' dir='ltr'>τῶν</span> <span class='ocrx_word' id='word_1_762' title='bbox 3215 2982 3270 3034; x_wconf 85' lang='grc' dir='ltr'>δὲ</span> <span class='ocrx_word' id='word_1_763' title='bbox 3297 2983 3542 3053; x_wconf 92' lang='grc' dir='ltr'>πλησίον,</span> <span class='ocrx_word' id='word_1_764' title='bbox 3564 2983 3630 3035; x_wconf 75' lang='grc' dir='ltr'>ἶν’</span> <span class='ocrx_word' id='word_1_765' title='bbox 3653 2983 3801 3038; x_wconf 80' lang='grc' dir='ltr'>οὕτω</span> 
     </span>
    </p>
   </div>
   <div class='ocr_carea' id='block_1_99' title="bbox 2214 3062 3800 3136">
    <p class='ocr_par' dir='ltr' id='par_1_99' title="bbox 2214 3062 3800 3136">
     <span class='ocr_line' id='line_1_99' title="bbox 2214 3062 3800 3136; baseline 0.001 -17"><span class='ocrx_word' id='word_1_766' title='bbox 2214 3064 2518 3134; x_wconf 83' lang='grc' dir='ltr'>λάμπωμεν</span> <span class='ocrx_word' id='word_1_767' title='bbox 2539 3065 2595 3115; x_wconf 86' lang='grc' dir='ltr'>ἐν</span> <span class='ocrx_word' id='word_1_768' title='bbox 2621 3065 2811 3134; x_wconf 82' lang='grc' dir='ltr'>ἀρετῇ,</span> <span class='ocrx_word' id='word_1_769' title='bbox 2834 3062 2974 3115; x_wconf 80' lang='grc' dir='ltr'>ὥστε</span> <span class='ocrx_word' id='word_1_770' title='bbox 3003 3063 3098 3116; x_wconf 76' lang='grc' dir='ltr'>καὶ</span> <span class='ocrx_word' id='word_1_771' title='bbox 3125 3062 3399 3131; x_wconf 85' lang='grc' dir='ltr'>σιγώντων</span> <span class='ocrx_word' id='word_1_772' title='bbox 3421 3065 3575 3134; x_wconf 82' lang='grc' dir='ltr'>ήμῶν</span> <span class='ocrx_word' id='word_1_773' title='bbox 3604 3067 3800 3136; x_wconf 76' lang='grc' dir='ltr'>ἱκανὴν</span> 
     </span>
    </p>
   </div>
   <div class='ocr_carea' id='block_1_100' title="bbox 2215 3146 3800 3220">
    <p class='ocr_par' dir='ltr' id='par_1_100' title="bbox 2215 3146 3800 3220">
     <span class='ocr_line' id='line_1_100' title="bbox 2215 3146 3800 3220; baseline 0.003 -21"><span class='ocrx_word' id='word_1_774' title='bbox 2215 3149 2358 3217; x_wconf 78' lang='grc' dir='ltr'>ἐχειν</span> <span class='ocrx_word' id='word_1_775' title='bbox 2381 3146 2728 3200; x_wconf 88' lang='grc' dir='ltr'>διδασκαλίαν</span> <span class='ocrx_word' id='word_1_776' title='bbox 2749 3148 2872 3209; x_wconf 77' lang='grc' dir='ltr'>τοὺς</span> <span class='ocrx_word' id='word_1_777' title='bbox 2910 3148 2991 3210; x_wconf 89' lang='grc' dir='ltr'>εἰς</span> <span class='ocrx_word' id='word_1_778' title='bbox 3026 3149 3170 3216; x_wconf 78' lang='grc' dir='ltr'>ἡμᾶς</span> <span class='ocrx_word' id='word_1_779' title='bbox 3198 3148 3459 3218; x_wconf 85' lang='grc' dir='ltr'>ὁρῶντας.</span> <span class='ocrx_word' id='word_1_780' title='bbox 3476 3149 3688 3220; x_wconf 82' lang='grc' dir='ltr'>’Ὠσπερ</span> <span class='ocrx_word' id='word_1_781' title='bbox 3703 3146 3800 3205; x_wconf 84' lang='grc' dir='ltr'>οῦν</span> 
     </span>
    </p>
   </div>
   <div class='ocr_carea' id='block_1_101' title="bbox 2215 3227 3796 3301">
    <p class='ocr_par' dir='ltr' id='par_1_101' title="bbox 2215 3227 3796 3301">
     <span class='ocr_line' id='line_1_101' title="bbox 2215 3227 3796 3301; baseline 0.001 -19"><span class='ocrx_word' id='word_1_782' title='bbox 2215 3229 2459 3300; x_wconf 89' lang='grc' dir='ltr'>ἐνάρετοι</span> <span class='ocrx_word' id='word_1_783' title='bbox 2494 3227 2644 3290; x_wconf 74' lang='grc' dir='ltr'>ὄντες</span> <span class='ocrx_word' id='word_1_784' title='bbox 2693 3227 2762 3280; x_wconf 90' lang='grc' dir='ltr'>τά</span> <span class='ocrx_word' id='word_1_785' title='bbox 2807 3228 3036 3298; x_wconf 85' lang='grc' dir='ltr'>μέγιστα</span> <span class='ocrx_word' id='word_1_786' title='bbox 3086 3229 3180 3283; x_wconf 86' lang='grc' dir='ltr'>καὶ</span> <span class='ocrx_word' id='word_1_787' title='bbox 3219 3230 3372 3283; x_wconf 74' lang='grc' dir='ltr'>αὐτοὶ</span> <span class='ocrx_word' id='word_1_788' title='bbox 3405 3231 3796 3301; x_wconf 88' lang='grc' dir='ltr'>κερδανοῦμεν,</span> 
     </span>
    </p>
   </div>
   <div class='ocr_carea' id='block_1_102' title="bbox 2215 3307 3796 3383">
    <p class='ocr_par' dir='ltr' id='par_1_102' title="bbox 2215 3307 3796 3383">
     <span class='ocr_line' id='line_1_102' title="bbox 2215 3307 3796 3383; baseline 0.001 -19"><span class='ocrx_word' id='word_1_789' title='bbox 2215 3311 2310 3364; x_wconf 62' lang='grc' dir='ltr'>καί¹</span> <span class='ocrx_word' id='word_1_790' title='bbox 2332 3314 2454 3373; x_wconf 76' lang='grc' dir='ltr'>τοὺς</span> <span class='ocrx_word' id='word_1_791' title='bbox 2486 3307 2743 3373; x_wconf 84' lang='grc' dir='ltr'>ἀπίστους</span> <span class='ocrx_word' id='word_1_792' title='bbox 2762 3309 3138 3380; x_wconf 84' lang='grc' dir='ltr'>ώφελήσομεν,</span> <span class='ocrx_word' id='word_1_793' title='bbox 3161 3310 3353 3375; x_wconf 82' lang='grc' dir='ltr'>οὑτως,</span> <span class='ocrx_word' id='word_1_794' title='bbox 3375 3313 3422 3364; x_wconf 86' lang='grc' dir='ltr'>εἰ</span> <span class='ocrx_word' id='word_1_795' title='bbox 3445 3312 3796 3383; x_wconf 74' lang='grc' dir='ltr'>ρᾳθυμήσαι-</span> 
     </span>
    </p>
   </div>
   <div class='ocr_carea' id='block_1_103' title="bbox 2217 3391 3795 3464">
    <p class='ocr_par' dir='ltr' id='par_1_103' title="bbox 2217 3391 3795 3464">
     <span class='ocr_line' id='line_1_103' title="bbox 2217 3391 3795 3464; baseline 0.001 -19"><span class='ocrx_word' id='word_1_796' title='bbox 2217 3409 2336 3464; x_wconf 91' lang='grc' dir='ltr'>μεν,</span> <span class='ocrx_word' id='word_1_797' title='bbox 2385 3393 2478 3445; x_wconf 77' lang='grc' dir='ltr'>καὶ</span> <span class='ocrx_word' id='word_1_798' title='bbox 2513 3391 2666 3445; x_wconf 79' lang='grc' dir='ltr'>αὑτοὶ</span> <span class='ocrx_word' id='word_1_799' title='bbox 2700 3391 2903 3463; x_wconf 86' lang='grc' dir='ltr'>πολλὴν</span> <span class='ocrx_word' id='word_1_800' title='bbox 2950 3392 3367 3463; x_wconf 87' lang='grc' dir='ltr'>ὑποστησόμεθα</span> <span class='ocrx_word' id='word_1_801' title='bbox 3406 3394 3507 3463; x_wconf 81' lang='grc' dir='ltr'>τὴν</span> <span class='ocrx_word' id='word_1_802' title='bbox 3548 3393 3795 3463; x_wconf 83' lang='grc' dir='ltr'>κόλασιν,</span> 
     </span>
    </p>
   </div>
   <div class='ocr_carea' id='block_1_104' title="bbox 2213 3473 3796 3545">
    <p class='ocr_par' dir='ltr' id='par_1_104' title="bbox 2213 3473 3796 3545">
     <span class='ocr_line' id='line_1_104' title="bbox 2213 3473 3796 3545; baseline 0.001 -17"><span class='ocrx_word' id='word_1_803' title='bbox 2213 3476 2305 3528; x_wconf 78' lang='grc' dir='ltr'>καὶ</span> <span class='ocrx_word' id='word_1_804' title='bbox 2338 3475 2544 3544; x_wconf 80' lang='grc' dir='ltr'>ἑτέροις</span> <span class='ocrx_word' id='word_1_805' title='bbox 2574 3473 2871 3527; x_wconf 87' lang='grc' dir='ltr'>σκανδάλου</span> <span class='ocrx_word' id='word_1_806' title='bbox 2915 3474 3168 3537; x_wconf 87' lang='grc' dir='ltr'>ὑπόθεσις</span> <span class='ocrx_word' id='word_1_807' title='bbox 3202 3473 3563 3545; x_wconf 87' lang='grc' dir='ltr'>γενησόμεθα.</span> <span class='ocrx_word' id='word_1_808' title='bbox 3604 3476 3796 3531; x_wconf 73' lang='grc' dir='ltr'>Καθάο</span> 
     </span>
    </p>
   </div>
   <div class='ocr_carea' id='block_1_105' title="bbox 2212 3557 3795 3631">
    <p class='ocr_par' dir='ltr' id='par_1_105' title="bbox 2212 3557 3795 3631">
     <span class='ocr_line' id='line_1_105' title="bbox 2212 3557 3795 3631; baseline 0.003 -20"><span class='ocrx_word' id='word_1_809' title='bbox 2212 3576 2315 3631; x_wconf 90' lang='grc' dir='ltr'>περ</span> <span class='ocrx_word' id='word_1_810' title='bbox 2350 3559 2460 3628; x_wconf 73' lang='grc' dir='ltr'>γὰρ</span> <span class='ocrx_word' id='word_1_811' title='bbox 2491 3557 2589 3627; x_wconf 82' lang='grc' dir='ltr'>τὴν</span> <span class='ocrx_word' id='word_1_812' title='bbox 2617 3557 2817 3628; x_wconf 81' lang='grc' dir='ltr'>ἀρετὴν</span> <span class='ocrx_word' id='word_1_813' title='bbox 2851 3558 3124 3627; x_wconf 88' lang='grc' dir='ltr'>μετιόντες</span> <span class='ocrx_word' id='word_1_814' title='bbox 3151 3558 3312 3629; x_wconf 79' lang='grc' dir='ltr'>διπλῇ</span> <span class='ocrx_word' id='word_1_815' title='bbox 3341 3560 3432 3614; x_wconf 79' lang='grc' dir='ltr'>τὸν</span> <span class='ocrx_word' id='word_1_816' title='bbox 3460 3561 3652 3630; x_wconf 86' lang='grc' dir='ltr'>μισθὸν</span> <span class='ocrx_word' id='word_1_817' title='bbox 3684 3578 3795 3616; x_wconf 80' lang='grc' dir='ltr'>πα·-</span> 
     </span>
    </p>
   </div>
   <div class='ocr_carea' id='block_1_106' title="bbox 2211 3637 3795 3713">
    <p class='ocr_par' dir='ltr' id='par_1_106' title="bbox 2211 3637 3795 3713">
     <span class='ocr_line' id='line_1_106' title="bbox 2211 3637 3795 3713; baseline 0.003 -20"><span class='ocrx_word' id='word_1_818' title='bbox 2211 3641 2281 3713; x_wconf 89' lang='grc' dir='ltr'>ρά</span> <span class='ocrx_word' id='word_1_819' title='bbox 2318 3640 2413 3693; x_wconf 87' lang='grc' dir='ltr'>τοῦ</span> <span class='ocrx_word' id='word_1_820' title='bbox 2461 3638 2595 3692; x_wconf 87' lang='grc' dir='ltr'>Θεοῦ</span> <span class='ocrx_word' id='word_1_821' title='bbox 2635 3639 3014 3710; x_wconf 89' lang='grc' dir='ltr'>καρπούμεθα,</span> <span class='ocrx_word' id='word_1_822' title='bbox 3048 3641 3142 3694; x_wconf 74' lang='grc' dir='ltr'>καὶ</span> <span class='ocrx_word' id='word_1_823' title='bbox 3173 3640 3315 3712; x_wconf 84' lang='grc' dir='ltr'>ὑπὲρ</span> <span class='ocrx_word' id='word_1_824' title='bbox 3349 3637 3425 3696; x_wconf 82' lang='grc' dir='ltr'>ὧν</span> <span class='ocrx_word' id='word_1_825' title='bbox 3468 3643 3536 3696; x_wconf 83' lang='grc' dir='ltr'>ἂν</span> <span class='ocrx_word' id='word_1_826' title='bbox 3586 3643 3795 3713; x_wconf 88' lang='grc' dir='ltr'>ταύτην</span> 
     </span>
    </p>
   </div>
   <div class='ocr_carea' id='block_1_107' title="bbox 2212 3714 3792 3796">
    <p class='ocr_par' dir='ltr' id='par_1_107' title="bbox 2212 3714 3792 3796">
     <span class='ocr_line' id='line_1_107' title="bbox 2212 3714 3792 3796; baseline 0.001 -19"><span class='ocrx_word' id='word_1_827' title='bbox 2212 3723 2508 3795; x_wconf 89' lang='grc' dir='ltr'>μετίωμεν,</span> <span class='ocrx_word' id='word_1_828' title='bbox 2552 3722 2644 3774; x_wconf 75' lang='grc' dir='ltr'>καὶ</span> <span class='ocrx_word' id='word_1_829' title='bbox 2689 3721 2831 3791; x_wconf 83' lang='grc' dir='ltr'>ὑπὲρ</span> <span class='ocrx_word' id='word_1_830' title='bbox 2884 3714 2958 3774; x_wconf 82' lang='grc' dir='ltr'>ὧν</span> <span class='ocrx_word' id='word_1_831' title='bbox 2997 3723 3123 3786; x_wconf 84' lang='grc' dir='ltr'>τοὺς</span> <span class='ocrx_word' id='word_1_832' title='bbox 3163 3722 3390 3793; x_wconf 89' lang='grc' dir='ltr'>πλησίον</span> <span class='ocrx_word' id='word_1_833' title='bbox 3430 3724 3792 3796; x_wconf 82' lang='grc' dir='ltr'>ἐφελκώμεθα</span> 
     </span>
    </p>
   </div>
   <div class='ocr_carea' id='block_1_108' title="bbox 2209 3803 3791 3879">
    <p class='ocr_par' dir='ltr' id='par_1_108' title="bbox 2209 3803 3791 3879">
     <span class='ocr_line' id='line_1_108' title="bbox 2209 3803 3791 3879; baseline 0.003 -21"><span class='ocrx_word' id='word_1_834' title='bbox 2209 3808 2289 3869; x_wconf 90' lang='grc' dir='ltr'>εἰς</span> <span class='ocrx_word' id='word_1_835' title='bbox 2321 3804 2419 3875; x_wconf 79' lang='grc' dir='ltr'>τὴν</span> <span class='ocrx_word' id='word_1_836' title='bbox 2451 3805 2550 3874; x_wconf 80' lang='grc' dir='ltr'>τῆς</span> <span class='ocrx_word' id='word_1_837' title='bbox 2576 3803 2778 3874; x_wconf 82' lang='grc' dir='ltr'>ἀρετῆς</span> <span class='ocrx_word' id='word_1_838' title='bbox 2817 3805 3122 3858; x_wconf 85' lang='grc' dir='ltr'>κοινωνίαν·</span> <span class='ocrx_word' id='word_1_839' title='bbox 3158 3806 3250 3858; x_wconf 87' lang='grc' dir='ltr'>τὸν</span> <span class='ocrx_word' id='word_1_840' title='bbox 3284 3806 3444 3859; x_wconf 80' lang='grc' dir='ltr'>αὑτὸν</span> <span class='ocrx_word' id='word_1_841' title='bbox 3476 3807 3540 3878; x_wconf 76' lang='grc' dir='ltr'>δή</span> <span class='ocrx_word' id='word_1_842' title='bbox 3584 3808 3791 3879; x_wconf 82' lang='grc' dir='ltr'>τρόπον</span> 
     </span>
    </p>
   </div>
   <div class='ocr_carea' id='block_1_109' title="bbox 2208 3881 3786 3959">
    <p class='ocr_par' dir='ltr' id='par_1_109' title="bbox 2208 3881 3786 3959">
     <span class='ocr_line' id='line_1_109' title="bbox 2208 3881 3786 3959; baseline 0.001 -19"><span class='ocrx_word' id='word_1_843' title='bbox 2208 3889 2300 3940; x_wconf 79' lang='grc' dir='ltr'>καὶ</span> <span class='ocrx_word' id='word_1_844' title='bbox 2329 3887 2420 3939; x_wconf 80' lang='grc' dir='ltr'>ἐπὶ</span> <span class='ocrx_word' id='word_1_845' title='bbox 2452 3886 2548 3954; x_wconf 84' lang='grc' dir='ltr'>τῆς</span> <span class='ocrx_word' id='word_1_846' title='bbox 2578 3887 2797 3948; x_wconf 80' lang='grc' dir='ltr'>κακίας,</span> <span class='ocrx_word' id='word_1_847' title='bbox 2827 3886 2925 3956; x_wconf 84' lang='grc' dir='ltr'>οὑχ</span> <span class='ocrx_word' id='word_1_848' title='bbox 2951 3887 3104 3957; x_wconf 85' lang='grc' dir='ltr'>-ὑπὲρ</span> <span class='ocrx_word' id='word_1_849' title='bbox 3142 3881 3216 3940; x_wconf 78' lang='grc' dir='ltr'>ὧν</span> <span class='ocrx_word' id='word_1_850' title='bbox 3257 3889 3653 3959; x_wconf 79' lang='grc' dir='ltr'>ἡμαρτήκαμεν</span> <span class='ocrx_word' id='word_1_851' title='bbox 3691 3909 3786 3944; x_wconf 83' lang='grc' dir='ltr'>κο-</span> 
     </span>
    </p>
   </div>
   <div class='ocr_carea' id='block_1_110' title="bbox 2207 3964 3786 4042">
    <p class='ocr_par' dir='ltr' id='par_1_110' title="bbox 2207 3964 3786 4042">
     <span class='ocr_line' id='line_1_110' title="bbox 2207 3964 3786 4042; baseline 0.003 -20"><span class='ocrx_word' id='word_1_852' title='bbox 2207 3969 2480 4040; x_wconf 75' lang='grc' dir='ltr'>λαζόμεθά</span> <span class='ocrx_word' id='word_1_853' title='bbox 2509 3968 2686 4038; x_wconf 85' lang='grc' dir='ltr'>μόνον,</span> <span class='ocrx_word' id='word_1_854' title='bbox 2720 3968 2836 4021; x_wconf 83' lang='grc' dir='ltr'>ἀλλ’</span> <span class='ocrx_word' id='word_1_855' title='bbox 2861 3969 3000 4040; x_wconf 83' lang='grc' dir='ltr'>ὑπὲρ</span> <span class='ocrx_word' id='word_1_856' title='bbox 3021 3964 3095 4022; x_wconf 81' lang='grc' dir='ltr'>ὧν</span> <span class='ocrx_word' id='word_1_857' title='bbox 3126 3971 3219 4023; x_wconf 74' lang='grc' dir='ltr'>καὶ</span> <span class='ocrx_word' id='word_1_858' title='bbox 3251 3971 3466 4042; x_wconf 85' lang='grc' dir='ltr'>ἐτέρους</span> <span class='ocrx_word' id='word_1_859' title='bbox 3495 3973 3786 4027; x_wconf 76' lang='grc' dir='ltr'>ὑποσκελίο</span> 
     </span>
    </p>
   </div>
   <div class='ocr_carea' id='block_1_111' title="bbox 2209 4050 3789 4120">
    <p class='ocr_par' dir='ltr' id='par_1_111' title="bbox 2209 4050 3789 4120">
     <span class='ocr_line' id='line_1_111' title="bbox 2209 4050 3789 4120; baseline 0.004 -17"><span class='ocrx_word' id='word_1_860' title='bbox 2209 4052 2393 4120; x_wconf 78' lang='grc' dir='ltr'>ζομεν.</span> <span class='ocrx_word' id='word_1_861' title='bbox 2432 4050 2589 4103; x_wconf 79' lang='grc' dir='ltr'>Ἀλλά</span> <span class='ocrx_word' id='word_1_862' title='bbox 2618 4050 2690 4120; x_wconf 75' lang='grc' dir='ltr'>μὴ</span> <span class='ocrx_word' id='word_1_863' title='bbox 2715 4050 2923 4118; x_wconf 88' lang='grc' dir='ltr'>γένοιτο</span> <span class='ocrx_word' id='word_1_864' title='bbox 2952 4051 3061 4103; x_wconf 89' lang='grc' dir='ltr'>τῶν</span> <span class='ocrx_word' id='word_1_865' title='bbox 3091 4053 3323 4106; x_wconf 83' lang='grc' dir='ltr'>ἐνταῦθά</span> <span class='ocrx_word' id='word_1_866' title='bbox 3345 4071 3467 4107; x_wconf 89' lang='grc' dir='ltr'>τινα</span> <span class='ocrx_word' id='word_1_867' title='bbox 3500 4056 3789 4110; x_wconf 86' lang='grc' dir='ltr'>συνιόντων</span> 
     </span>
    </p>
   </div>
   <div class='ocr_carea' id='block_1_112' title="bbox 2207 4131 3786 4210">
    <p class='ocr_par' dir='ltr' id='par_1_112' title="bbox 2207 4131 3786 4210">
     <span class='ocr_line' id='line_1_112' title="bbox 2207 4131 3786 4210; baseline 0.004 -25"><span class='ocrx_word' id='word_1_868' title='bbox 2207 4133 2445 4186; x_wconf 88' lang='grc' dir='ltr'>τοιοῦτον</span> <span class='ocrx_word' id='word_1_869' title='bbox 2469 4132 2740 4200; x_wconf 83' lang='grc' dir='ltr'>γενέσθαι,</span> <span class='ocrx_word' id='word_1_870' title='bbox 2769 4131 2904 4185; x_wconf 89' lang='grc' dir='ltr'>ἀλλά</span> <span class='ocrx_word' id='word_1_871' title='bbox 2933 4135 3139 4197; x_wconf 78' lang='grc' dir='ltr'>πάντας</span> <span class='ocrx_word' id='word_1_872' title='bbox 3163 4136 3309 4204; x_wconf 77' lang='grc' dir='ltr'>ἡμᾶς</span> <span class='ocrx_word' id='word_1_873' title='bbox 3337 4138 3472 4205; x_wconf 74' lang='grc' dir='ltr'>πρὸς</span> <span class='ocrx_word' id='word_1_874' title='bbox 3499 4138 3786 4210; x_wconf 75' lang='grc' dir='ltr'>οἰκοδομὴν</span> 
     </span>
    </p>
   </div>
   <div class='ocr_carea' id='block_1_113' title="bbox 2208 4214 3788 4290">
    <p class='ocr_par' dir='ltr' id='par_1_113' title="bbox 2208 4214 3788 4290">
     <span class='ocr_line' id='line_1_113' title="bbox 2208 4214 3788 4290; baseline 0.004 -22"><span class='ocrx_word' id='word_1_875' title='bbox 2208 4215 2315 4268; x_wconf 89' lang='grc' dir='ltr'>τῶν</span> <span class='ocrx_word' id='word_1_876' title='bbox 2342 4214 2594 4284; x_wconf 84' lang='grc' dir='ltr'>ὁρώντων</span> <span class='ocrx_word' id='word_1_877' title='bbox 2621 4214 2710 4266; x_wconf 84' lang='grc' dir='ltr'>τὸν</span> <span class='ocrx_word' id='word_1_878' title='bbox 2741 4216 2947 4267; x_wconf 76' lang='grc' dir='ltr'>ἑαυτῶν</span> <span class='ocrx_word' id='word_1_879' title='bbox 2975 4216 3090 4285; x_wconf 79' lang='grc' dir='ltr'>βίον</span> <span class='ocrx_word' id='word_1_880' title='bbox 3119 4215 3334 4280; x_wconf 81' lang='grc' dir='ltr'>ἰθύνειν,</span> <span class='ocrx_word' id='word_1_881' title='bbox 3363 4220 3448 4270; x_wconf 85' lang='grc' dir='ltr'>ἵνα</span> <span class='ocrx_word' id='word_1_882' title='bbox 3469 4220 3788 4290; x_wconf 85' lang='grc' dir='ltr'>δυνηθῶμεν</span> 
     </span>
    </p>
   </div>
   <div class='ocr_carea' id='block_1_114' title="bbox 2211 4296 3786 4372">
    <p class='ocr_par' dir='ltr' id='par_1_114' title="bbox 2211 4296 3786 4372">
     <span class='ocr_line' id='line_1_114' title="bbox 2211 4296 3786 4372; baseline 0.003 -21"><span class='ocrx_word' id='word_1_883' title='bbox 2211 4296 2350 4368; x_wconf 88' lang='grc' dir='ltr'>μετά</span> <span class='ocrx_word' id='word_1_884' title='bbox 2394 4297 2702 4367; x_wconf 76' lang='grc' dir='ltr'>παρρησίας</span> <span class='ocrx_word' id='word_1_885' title='bbox 2756 4297 2944 4365; x_wconf 83' lang='grc' dir='ltr'>στῆναι</span> <span class='ocrx_word' id='word_1_886' title='bbox 3002 4299 3091 4350; x_wconf 82' lang='grc' dir='ltr'>ἐπὶ</span> <span class='ocrx_word' id='word_1_887' title='bbox 3128 4297 3222 4350; x_wconf 90' lang='grc' dir='ltr'>τοῦ</span> <span class='ocrx_word' id='word_1_888' title='bbox 3254 4299 3492 4370; x_wconf 88' lang='grc' dir='ltr'>βήματος</span> <span class='ocrx_word' id='word_1_889' title='bbox 3532 4301 3621 4354; x_wconf 85' lang='grc' dir='ltr'>τοῦ</span> <span class='ocrx_word' id='word_1_890' title='bbox 3651 4305 3786 4372; x_wconf 85' lang='grc' dir='ltr'>Χρι·</span> 
     </span>
    </p>
   </div>
   <div class='ocr_carea' id='block_1_115' title="bbox 2208 4379 3786 4454">
    <p class='ocr_par' dir='ltr' id='par_1_115' title="bbox 2208 4379 3786 4454">
     <span class='ocr_line' id='line_1_115' title="bbox 2208 4379 3786 4454; baseline 0.003 -21"><span class='ocrx_word' id='word_1_891' title='bbox 2208 4379 2357 4444; x_wconf 87' lang='grc' dir='ltr'>στοῦ,</span> <span class='ocrx_word' id='word_1_892' title='bbox 2404 4379 2500 4432; x_wconf 74' lang='grc' dir='ltr'>καὶ</span> <span class='ocrx_word' id='word_1_893' title='bbox 2543 4379 2651 4430; x_wconf 88' lang='grc' dir='ltr'>τῶν</span> <span class='ocrx_word' id='word_1_894' title='bbox 2677 4381 3004 4449; x_wconf 71' lang='grc' dir='ltr'>ἀπορρήτων</span> <span class='ocrx_word' id='word_1_895' title='bbox 3035 4382 3258 4433; x_wconf 87' lang='grc' dir='ltr'>ἐκείνων</span> <span class='ocrx_word' id='word_1_896' title='bbox 3287 4382 3508 4450; x_wconf 88' lang='grc' dir='ltr'>ἀγαθῶν</span> <span class='ocrx_word' id='word_1_897' title='bbox 3542 4383 3786 4454; x_wconf 71' lang='grc' dir='ltr'>ἀξιωθῆ-</span> 
     </span>
    </p>
   </div>
   <div class='ocr_carea' id='block_1_116' title="bbox 2205 4454 3784 4534">
    <p class='ocr_par' dir='ltr' id='par_1_116' title="bbox 2205 4454 3784 4534">
     <span class='ocr_line' id='line_1_116' title="bbox 2205 4454 3784 4534; baseline 0.003 -20"><span class='ocrx_word' id='word_1_898' title='bbox 2205 4479 2315 4524; x_wconf 90' lang='grc' dir='ltr'>ναι,</span> <span class='ocrx_word' id='word_1_899' title='bbox 2355 4454 2431 4514; x_wconf 80' lang='grc' dir='ltr'>ὧν</span> <span class='ocrx_word' id='word_1_900' title='bbox 2471 4460 2683 4529; x_wconf 85' lang='grc' dir='ltr'>γένοιτο</span> <span class='ocrx_word' id='word_1_901' title='bbox 2716 4461 2923 4524; x_wconf 88' lang='grc' dir='ltr'>πάντας</span> <span class='ocrx_word' id='word_1_902' title='bbox 2963 4463 3110 4530; x_wconf 79' lang='grc' dir='ltr'>ἡμᾶς</span> <span class='ocrx_word' id='word_1_903' title='bbox 3153 4464 3447 4533; x_wconf 83' lang='grc' dir='ltr'>ἐπιτυχεῖν,</span> <span class='ocrx_word' id='word_1_904' title='bbox 3481 4466 3661 4534; x_wconf 85' lang='grc' dir='ltr'>χάριτι</span> <span class='ocrx_word' id='word_1_905' title='bbox 3689 4467 3784 4520; x_wconf 79' lang='grc' dir='ltr'>καὶ</span> 
     </span>
    </p>
   </div>
   <div class='ocr_carea' id='block_1_117' title="bbox 2207 4541 3784 4617">
    <p class='ocr_par' dir='ltr' id='par_1_117' title="bbox 2207 4541 3784 4617">
     <span class='ocr_line' id='line_1_117' title="bbox 2207 4541 3784 4617; baseline 0.004 -22"><span class='ocrx_word' id='word_1_906' title='bbox 2207 4543 2588 4614; x_wconf 75' lang='grc' dir='ltr'>φιλανθρωπίᾳ</span> <span class='ocrx_word' id='word_1_907' title='bbox 2619 4541 2711 4594; x_wconf 85' lang='grc' dir='ltr'>τοῦ</span> <span class='ocrx_word' id='word_1_908' title='bbox 2735 4541 2934 4612; x_wconf 79' lang='grc' dir='ltr'>Κυρίου</span> <span class='ocrx_word' id='word_1_909' title='bbox 2969 4544 3127 4614; x_wconf 88' lang='grc' dir='ltr'>ήμῶν</span> <span class='ocrx_word' id='word_1_910' title='bbox 3165 4545 3338 4616; x_wconf 84' lang='grc' dir='ltr'>Ἰησοῦ</span> <span class='ocrx_word' id='word_1_911' title='bbox 3365 4548 3623 4616; x_wconf 86' lang='grc' dir='ltr'>Χριστοῦ,</span> <span class='ocrx_word' id='word_1_912' title='bbox 3661 4548 3784 4617; x_wconf 87' lang='grc' dir='ltr'>μεθ’</span> 
     </span>
    </p>
   </div>
   <div class='ocr_carea' id='block_1_118' title="bbox 2205 4622 3779 4702">
    <p class='ocr_par' dir='ltr' id='par_1_118' title="bbox 2205 4622 3779 4702">
     <span class='ocr_line' id='line_1_118' title="bbox 2205 4622 3779 4702; baseline 0.003 -21"><span class='ocrx_word' id='word_1_913' title='bbox 2205 4622 2265 4681; x_wconf 79' lang='grc' dir='ltr'>οῦ</span> <span class='ocrx_word' id='word_1_914' title='bbox 2297 4627 2376 4696; x_wconf 83' lang='grc' dir='ltr'>τῷ</span> <span class='ocrx_word' id='word_1_915' title='bbox 2420 4628 2592 4695; x_wconf 80' lang='grc' dir='ltr'>Πατρὶ</span> <span class='ocrx_word' id='word_1_916' title='bbox 2619 4627 2736 4695; x_wconf 76' lang='grc' dir='ltr'>ἅμα</span> <span class='ocrx_word' id='word_1_917' title='bbox 2766 4626 2843 4695; x_wconf 83' lang='grc' dir='ltr'>τῷ</span> <span class='ocrx_word' id='word_1_918' title='bbox 2883 4628 3022 4697; x_wconf 86' lang='grc' dir='ltr'>ἀγίῳ</span> <span class='ocrx_word' id='word_1_919' title='bbox 3067 4627 3342 4699; x_wconf 88' lang='grc' dir='ltr'>Πνεύματι</span> <span class='ocrx_word' id='word_1_920' title='bbox 3377 4630 3522 4695; x_wconf 82' lang='grc' dir='ltr'>δόξα,</span> <span class='ocrx_word' id='word_1_921' title='bbox 3557 4631 3779 4702; x_wconf 89' lang='grc' dir='ltr'>κράτος,</span> 
     </span>
    </p>
   </div>
   <div class='ocr_carea' id='block_1_119' title="bbox 2205 4706 3778 4778">
    <p class='ocr_par' dir='ltr' id='par_1_119' title="bbox 2205 4706 3778 4778">
     <span class='ocr_line' id='line_1_119' title="bbox 2205 4706 3778 4778; baseline 0.005 -16"><span class='ocrx_word' id='word_1_922' title='bbox 2205 4707 2357 4778; x_wconf 81' lang='grc' dir='ltr'>τιμὴ.</span> <span class='ocrx_word' id='word_1_923' title='bbox 2389 4706 2483 4760; x_wconf 89' lang='grc' dir='ltr'>νῦν</span> <span class='ocrx_word' id='word_1_924' title='bbox 2515 4708 2606 4760; x_wconf 87' lang='grc' dir='ltr'>καί</span> <span class='ocrx_word' id='word_1_925' title='bbox 2630 4709 2752 4772; x_wconf 78' lang='grc' dir='ltr'>ἀεὶ,</span> <span class='ocrx_word' id='word_1_926' title='bbox 2791 4709 2884 4762; x_wconf 82' lang='grc' dir='ltr'>καὶ</span> <span class='ocrx_word' id='word_1_927' title='bbox 2918 4711 2997 4772; x_wconf 91' lang='grc' dir='ltr'>εἰς</span> <span class='ocrx_word' id='word_1_928' title='bbox 3023 4711 3148 4774; x_wconf 79' lang='grc' dir='ltr'>τοὺς</span> <span class='ocrx_word' id='word_1_929' title='bbox 3185 4710 3386 4777; x_wconf 83' lang='grc' dir='ltr'>αἰῶνας</span> <span class='ocrx_word' id='word_1_930' title='bbox 3414 4715 3521 4768; x_wconf 86' lang='grc' dir='ltr'>τῶν</span> <span class='ocrx_word' id='word_1_931' title='bbox 3545 4714 3778 4772; x_wconf 83' lang='grc' dir='ltr'>αἰώνων.</span> 
     </span>
    </p>
   </div>
   <div class='ocr_carea' id='block_1_120' title="bbox 2219 4791 2410 4863">
    <p class='ocr_par' dir='ltr' id='par_1_120' title="bbox 2219 4791 2410 4863">
     <span class='ocr_line' id='line_1_120' title="bbox 2219 4791 2410 4863; baseline 0.01 -21"><span class='ocrx_word' id='word_1_932' title='bbox 2219 4791 2410 4863; x_wconf 72' lang='grc' dir='ltr'>Ἀμήν.</span> 
     </span>
    </p>
   </div>
   <div class='ocr_carea' id='block_1_121' title="bbox 2763 4933 3180 4992">
    <p class='ocr_par' dir='ltr' id='par_1_121' title="bbox 2763 4933 3180 4992">
     <span class='ocr_line' id='line_1_121' title="bbox 2763 4933 3180 4992; baseline 0.014 -7"><span class='ocrx_word' id='word_1_933' title='bbox 2763 4933 3005 4987; x_wconf 82' lang='grc' dir='ltr'>ΟΜΙΛΙΔ</span> <span class='ocrx_word' id='word_1_934' title='bbox 3047 4936 3180 4992; x_wconf 80' lang='lat' dir='ltr'>MA&#39;.</span> 
     </span>
    </p>
   </div>
   <div class='ocr_carea' id='block_1_122' title="bbox 2206 5100 3778 5185">
    <p class='ocr_par' dir='ltr' id='par_1_122' title="bbox 2206 5100 3778 5185">
     <span class='ocr_line' id='line_1_122' title="bbox 2206 5100 3778 5185; baseline 0.039 -43"><span class='ocrx_word' id='word_1_935' title='bbox 2206 5101 2395 5185; x_wconf 49' lang='grc' dir='ltr'>’,οξυη</span> <span class='ocrx_word' id='word_1_936' title='bbox 2417 5100 2518 5185; x_wconf 42' lang='grc' dir='ltr'>’δέ</span> <span class='ocrx_word' id='word_1_937' title='bbox 2545 5103 2577 5156; x_wconf 80' lang='grc' dir='ltr'>δ</span> <span class='ocrx_word' id='word_1_938' title='bbox 2623 5103 2766 5185; x_wconf 65' lang='grc' dir='ltr'>Θεὸς</span> <span class='ocrx_word' id='word_1_939' title='bbox 2796 5103 2890 5185; x_wconf 51' lang='grc' dir='ltr'>,τῷ</span> <span class='ocrx_word' id='word_1_940' title='bbox 2934 5106 3196 5185; x_wconf 59' lang='grc' dir='ltr'>Ἇξραίῖμ,</span> <span class='ocrx_word' id='word_1_941' title='bbox 3226 5109 3383 5185; x_wconf 46' lang='grc' dir='ltr'>πρὸς</span> <span class='ocrx_word' id='word_1_942' title='bbox 3417 5110 3658 5185; x_wconf 37' lang='grc' dir='ltr'>τῆκδρυΐ</span> <span class='ocrx_word' id='word_1_943' title='bbox 3700 5113 3778 5185; x_wconf 50' lang='grc' dir='ltr'>τῇ</span> 
     </span>
    </p>
   </div>
   <div class='ocr_carea' id='block_1_123' title="bbox 2269 5173 3777 5254">
    <p class='ocr_par' dir='ltr' id='par_1_123' title="bbox 2269 5173 3777 5254">
     <span class='ocr_line' id='line_1_123' title="bbox 2269 5173 3777 5254; baseline 0.014 -34"><span class='ocrx_word' id='word_1_944' title='bbox 2269 5173 2518 5251; x_wconf 73' lang='grc' dir='ltr'>Μαμϐρῆ</span> <span class='ocrx_word' id='word_1_945' title='bbox 2537 5211 2553 5235; x_wconf 96' lang='grc'>,</span> <span class='ocrx_word' id='word_1_946' title='bbox 2584 5173 2921 5254; x_wconf 54' lang='grc' dir='ltr'>καθειμένου</span> <span class='ocrx_word' id='word_1_947' title='bbox 2953 5173 3147 5254; x_wconf 60' lang='grc' dir='ltr'>αὑτοῦ</span> <span class='ocrx_word' id='word_1_948' title='bbox 3172 5173 3279 5232; x_wconf 70' lang='grc' dir='ltr'>ἐπί</span> <span class='ocrx_word' id='word_1_949' title='bbox 3309 5173 3422 5250; x_wconf 79' lang='grc' dir='ltr'>τῆς</span> <span class='ocrx_word' id='word_1_950' title='bbox 3661 5173 3777 5254; x_wconf 67' lang='grc' dir='ltr'>τῆξ</span> 
     </span>
    </p>
   </div>
   <div class='ocr_carea' id='block_1_124' title="bbox 2269 5244 3138 5317">
    <p class='ocr_par' dir='ltr' id='par_1_124' title="bbox 2269 5244 3138 5317">
     <span class='ocr_line' id='line_1_124' title="bbox 2269 5244 3138 5317; baseline 0.007 -23"><span class='ocrx_word' id='word_1_951' title='bbox 2269 5244 2508 5309; x_wconf 75' lang='grc' dir='ltr'>σκηνῆς</span> <span class='ocrx_word' id='word_1_952' title='bbox 2534 5244 2720 5296; x_wconf 79' lang='grc' dir='ltr'>αὐτοῦ</span> <span class='ocrx_word' id='word_1_953' title='bbox 2742 5247 3138 5317; x_wconf 80' lang='grc' dir='ltr'>μεσημϐρίας.</span> 
     </span>
    </p>
   </div>
   <div class='ocr_carea' id='block_1_125' title="bbox 2268 5362 3774 5446">
    <p class='ocr_par' dir='ltr' id='par_1_125' title="bbox 2268 5362 3774 5446">
     <span class='ocr_line' id='line_1_125' title="bbox 2268 5362 3774 5446; baseline 0.013 -33"><span class='ocrx_word' id='word_1_954' title='bbox 2268 5368 2334 5416; x_wconf 85' lang='grc' dir='ltr'>α’.</span> <span class='ocrx_word' id='word_1_955' title='bbox 2367 5362 2538 5446; x_wconf 73' lang='grc' dir='ltr'>Ὀκνῶ</span> <span class='ocrx_word' id='word_1_956' title='bbox 2571 5364 2664 5417; x_wconf 76' lang='grc' dir='ltr'>καὶ</span> <span class='ocrx_word' id='word_1_957' title='bbox 2691 5363 2992 5435; x_wconf 87' lang='grc' dir='ltr'>ἀναδύομαι</span> <span class='ocrx_word' id='word_1_958' title='bbox 3016 5370 3252 5441; x_wconf 75' lang='grc' dir='ltr'>σήμερον</span> <span class='ocrx_word' id='word_1_959' title='bbox 3275 5372 3412 5442; x_wconf 84' lang='grc' dir='ltr'>πρὸς</span> <span class='ocrx_word' id='word_1_960' title='bbox 3439 5371 3538 5444; x_wconf 79' lang='grc' dir='ltr'>τὴν</span> <span class='ocrx_word' id='word_1_961' title='bbox 3565 5378 3663 5446; x_wconf 85' lang='grc' dir='ltr'>τῆς</span> <span class='ocrx_word' id='word_1_962' title='bbox 3693 5377 3774 5432; x_wconf 74' lang='grc' dir='ltr'>δι-</span> 
     </span>
    </p>
   </div>
   <div class='ocr_carea' id='block_1_126' title="bbox 2195 5444 3773 5524">
    <p class='ocr_par' dir='ltr' id='par_1_126' title="bbox 2195 5444 3773 5524">
     <span class='ocr_line' id='line_1_126' title="bbox 2195 5444 3773 5524; baseline 0.011 -28"><span class='ocrx_word' id='word_1_963' title='bbox 2195 5444 2488 5508; x_wconf 85' lang='grc' dir='ltr'>δασκαλίας</span> <span class='ocrx_word' id='word_1_964' title='bbox 2525 5446 2805 5517; x_wconf 80' lang='grc' dir='ltr'>ἐξήγησιν.</span> <span class='ocrx_word' id='word_1_965' title='bbox 2855 5449 3024 5504; x_wconf 86' lang='grc' dir='ltr'>Ὅταν</span> <span class='ocrx_word' id='word_1_966' title='bbox 3070 5451 3178 5523; x_wconf 80' lang='grc' dir='ltr'>γὰρ</span> <span class='ocrx_word' id='word_1_967' title='bbox 3212 5455 3486 5524; x_wconf 85' lang='grc' dir='ltr'>ἐννοήσω,</span> <span class='ocrx_word' id='word_1_968' title='bbox 3527 5444 3773 5513; x_wconf 24' lang='grc' dir='ltr'>ὄτι-καθ’</span> 
     </span>
    </p>
   </div>
   <div class='ocr_carea' id='block_1_127' title="bbox 2195 5529 3769 5609">
    <p class='ocr_par' dir='ltr' id='par_1_127' title="bbox 2195 5529 3769 5609">
     <span class='ocr_line' id='line_1_127' title="bbox 2195 5529 3769 5609; baseline 0.011 -32"><span class='ocrx_word' id='word_1_969' title='bbox 2195 5529 2430 5598; x_wconf 77' lang='grc' dir='ltr'>ἑκάστην</span> <span class='ocrx_word' id='word_1_970' title='bbox 2454 5529 2666 5599; x_wconf 79' lang='grc' dir='ltr'>ἡμέραν</span> <span class='ocrx_word' id='word_1_971' title='bbox 2713 5530 2868 5600; x_wconf 85' lang='grc' dir='ltr'>ήμῶν</span> <span class='ocrx_word' id='word_1_972' title='bbox 2915 5533 3248 5603; x_wconf 85' lang='grc' dir='ltr'>ἐνηχούντων</span> <span class='ocrx_word' id='word_1_973' title='bbox 3273 5575 3287 5599; x_wconf 92' lang='grc'>,</span> <span class='ocrx_word' id='word_1_974' title='bbox 3324 5539 3728 5609; x_wconf 84' lang='grc' dir='ltr'>παραινούντων</span> <span class='ocrx_word' id='word_1_975' title='bbox 3752 5582 3769 5606; x_wconf 89' lang='grc'>,</span> 
     </span>
    </p>
   </div>
   <div class='ocr_carea' id='block_1_128' title="bbox 2196 5609 3770 5690">
    <p class='ocr_par' dir='ltr' id='par_1_128' title="bbox 2196 5609 3770 5690">
     <span class='ocr_line' id='line_1_128' title="bbox 2196 5609 3770 5690; baseline 0.01 -29"><span class='ocrx_word' id='word_1_976' title='bbox 2196 5609 2603 5678; x_wconf 83' lang='grc' dir='ltr'>παρατιθέντων</span> <span class='ocrx_word' id='word_1_977' title='bbox 2621 5612 2749 5682; x_wconf 86' lang='grc' dir='ltr'>ὑμῖν</span> <span class='ocrx_word' id='word_1_978' title='bbox 2768 5612 2865 5682; x_wconf 86' lang='grc' dir='ltr'>τὴν</span> <span class='ocrx_word' id='word_1_979' title='bbox 2894 5615 3268 5687; x_wconf 77' lang='grc' dir='ltr'>πνευματικὴν</span> <span class='ocrx_word' id='word_1_980' title='bbox 3288 5620 3486 5690; x_wconf 89' lang='grc' dir='ltr'>ταύτην</span> <span class='ocrx_word' id='word_1_981' title='bbox 3506 5622 3770 5690; x_wconf 81' lang='grc' dir='ltr'>ἑστίασιν,</span> 
     </span>
    </p>
   </div>
   <div class='ocr_carea' id='block_1_129' title="bbox 2193 5694 3772 5777">
    <p class='ocr_par' dir='ltr' id='par_1_129' title="bbox 2193 5694 3772 5777">
     <span class='ocr_line' id='line_1_129' title="bbox 2193 5694 3772 5777; baseline 0.009 -31"><span class='ocrx_word' id='word_1_982' title='bbox 2193 5694 2374 5748; x_wconf 80' lang='grc' dir='ltr'>πολλοὶ</span> <span class='ocrx_word' id='word_1_983' title='bbox 2403 5695 2510 5747; x_wconf 89' lang='grc' dir='ltr'>τῶν</span> <span class='ocrx_word' id='word_1_984' title='bbox 2540 5695 2769 5749; x_wconf 84' lang='grc' dir='ltr'>ἐνταῦθα</span> <span class='ocrx_word' id='word_1_985' title='bbox 2800 5701 3281 5770; x_wconf 85' lang='grc' dir='ltr'>παραγενομένων,</span> <span class='ocrx_word' id='word_1_986' title='bbox 3312 5705 3408 5757; x_wconf 72' lang='grc' dir='ltr'>καὶ</span> <span class='ocrx_word' id='word_1_987' title='bbox 3433 5707 3772 5777; x_wconf 86' lang='grc' dir='ltr'>μετεχόντων</span> 
     </span>
    </p>
   </div>
   <div class='ocr_carea' id='block_1_130' title="bbox 2191 5778 3768 5860">
    <p class='ocr_par' dir='ltr' id='par_1_130' title="bbox 2191 5778 3768 5860">
     <span class='ocr_line' id='line_1_130' title="bbox 2191 5778 3768 5860; baseline 0.003 -26"><span class='ocrx_word' id='word_1_988' title='bbox 2191 5778 2288 5848; x_wconf 81' lang='grc' dir='ltr'>τῆς</span> <span class='ocrx_word' id='word_1_989' title='bbox 2325 5780 2695 5851; x_wconf 85' lang='grc' dir='ltr'>πνευματικῆς</span> <span class='ocrx_word' id='word_1_990' title='bbox 2736 5781 2941 5854; x_wconf 82' lang='grc' dir='ltr'>ταύτης</span> <span class='ocrx_word' id='word_1_991' title='bbox 2986 5781 3330 5850; x_wconf 84' lang='grc' dir='ltr'>διδασκαλίας</span> <span class='ocrx_word' id='word_1_992' title='bbox 3368 5789 3460 5843; x_wconf 77' lang='grc' dir='ltr'>καὶ</span> <span class='ocrx_word' id='word_1_993' title='bbox 3499 5789 3612 5858; x_wconf 43' lang='grc' dir='ltr'>τῆς·</span> <span class='ocrx_word' id='word_1_994' title='bbox 3641 5807 3768 5860; x_wconf 72' lang='grc' dir='ltr'>φρι-</span> 
     </span>
    </p>
   </div>
  </div>
