4058 6416
243 415 365 471 373

242 528 445 585 omnia
494 525 789 584 succedunt
815 541 830 590 ;
862 524 956 580 sed
977 533 1031 578 et
1051 523 1094 578 si
1115 523 1164 576 in
1186 508 1449 587 adversis,
1468 521 1710 576 eamdem
1732 531 1866 591 grati

240 621 431 676 animi
455 619 902 692 significationem
927 618 1037 670 det.
1061 613 1149 668 Sic
1170 614 1313 666 enim
1340 611 1636 680 patriarcha
1676 612 1765 664 ille
1782 625 1870 662 ce-

242 712 426 767 lebris
448 721 510 768 et
525 710 745 767 illustris
769 708 886 770 fuit,
908 716 962 761 et
980 714 1178 761 tantam
1200 703 1339 774 apud
1370 704 1536 757 Deum
1553 702 1782 754 obtinuit
1803 700 1867 752 li-

243 801 484 858 dociam
515 845 529 868 ,
583 817 645 856 ac
687 800 833 855 dona
892 797 1098 867 accepit
1153 813 1272 866 qua:
1349 809 1539 864 supra.
1578 794 1866 848 humanam

244 906 381 950 sunt
416 904 688 949 naturain.

320 989 381 1041 ι.
428 986 541 1042 Sed
571 1001 751 1055 opem:
784 986 1012 1055 pretium
1036 995 1118 1040 est
1148 993 1205 1038 ut
1224 983 1290 1039 ad
1322 984 1621 1039 institutum
1652 991 1862 1034 sermo-

245 1095 381 1135 nem
412 1077 725 1143 redeamus,
743 1088 797 1132 et
820 1079 1095 1132 videamus
1104 1076 1232 1147 justi
1251 1075 1634 1138 obedientiam,
1656 1082 1710 1127 et
1730 1084 1863 1140 quo-

247 1171 427 1225 modo
460 1169 645 1226 fecerit
672 1169 811 1238 quod
854 1186 883 1224 a
916 1170 1024 1223 Deo
1056 1170 1375 1249 imperatum
1422 1176 1537 1231 est,
1573 1181 1678 1219 non
1709 1177 1859 1232 quaa-

245 1276 386 1316 rens
438 1277 681 1326 causam,
737 1277 911 1331 neque
940 1262 1201 1314 rationem
1233 1259 1476 1329 exigens,
1525 1256 1665 1311 sicut
1707 1252 1859 1307 multi

243 1353 581 1422 insipientes
609 1351 833 1416 faciunt,
862 1351 931 1406 de
958 1351 1022 1405 iis
1049 1366 1169 1421 qua:
1198 1350 1339 1404 Deus
1368 1355 1624 1418 operatur
1647 1344 1859 1399 curiose

240 1452 582 1513 querentes,
609 1452 664 1497 et
689 1442 959 1498 dicentes:
988 1442 1165 1510 Quare
1193 1442 1317 1508 hoc,
1344 1448 1399 1495 et
1417 1454 1584 1510 quare
1611 1436 1777 1493 illud?
1801 1444 1860 1490 et

243 1550 377 1603 qua:
410 1531 560 1601 hinc,
594 1535 679 1590 vel
702 1550 822 1604 qua:
854 1533 1001 1587 illinc
1031 1533 1233 1588 utilitas
1279 1530 1593 1586 enascitur?
1636 1532 1701 1584 At
1748 1544 1854 1584 non

242 1627 316 1682 ad
358 1643 486 1683 eum
515 1626 732 1682 modum
777 1627 900 1682 fecit
931 1627 1108 1697 justus
1140 1625 1261 1690 ille;
1310 1625 1406 1680 sed
1462 1625 1599 1679 sicut
1626 1623 1854 1677 famulus

242 1718 485 1789 diligens
512 1718 811 1783 dominum,
841 1732 1194 1789 quaecumque
1222 1715 1567 1787 prmcepisset
1627 1714 1852 1781 implere

241 1810 481 1874 studuit,
514 1808 645 1864 nihil
676 1809 898 1864 ulterius
923 1819 1266 1880 percontans.
1302 1808 1367 1861 Et
1394 1816 1453 1862 ut
1492 1807 1689 1870 discas,
1725 1804 1851 1859 audi

242 1920 372 1974 qua:
415 1914 731 1973 sequuntur.
774 1902 1063 1972 Postquam
1117 1901 1260 1957 enim
1315 1900 1572 1954 Dominus
1622 1898 1851 1969 promis-

241 1997 459 2050 sionem
480 1995 528 2049 ei
552 1992 777 2064 ft-cit(v.
807 1992 933 2060 ἓξ),
963 2002 1017 2048 et
1036 1991 1648 2061 complcvitsermonem
1667 2004 1845 2056 suum,

240 2089 429 2141 statim
441 2086 621 2155 justus
645 2101 765 2154 qum
784 2085 1037 2153 imperata
1064 2081 1275 2136 fuerunt
1300 2082 1542 2151 perfecit,
1565 2092 1618 2135 et
1636 2080 1844 2150 signum

242 2178 349 2231 hoc
371 2176 512 2247 quod
544 2192 573 2229 a
606 2176 713 2231 Deo
742 2184 860 2229 erat
884 2174 1089 2241 datum,
1116 2170 1304 2227 indidit
1334 2172 1546 2227 lsmaeli
1594 2171 1677 2243 (υ.
1705 2171 1795 2239 25)
1826 2210 1843 2235 ,

238 2268 711 2324 circumcisionem
730 2266 870 2331 dico,
896 2276 951 2321 et
974 2266 1223 2329 onmihus
1250 2265 1549 2320 vernaculis
1574 2273 1628 2318 et
1653 2262 1844 2332 empti-

241 2360 354 2422 tiis,
386 2360 523 2414 sicut
546 2359 795 2428 loquutus
818 2367 901 2411 est
924 2357 971 2412 ei
996 2357 1151 2411 Deus.
1175 2355 1536 2410 Circumcisus
1556 2365 1640 2409 est
1664 2364 1843 2407 autem

237 2462 298 2505 et
319 2452 452 2523 ipse.
482 2451 554 2504 2i
614 2447 906 2520 Nonaginta
931 2448 1074 2505 enim
1102 2458 1148 2501 et
1176 2464 1351 2501 novem
1387 2462 1643 2499 annorum
1684 2453 1793 2498 erat
1823 2482 1839 2507 ,

237 2543 436 2615 inquit,
471 2543 673 2611 quando
719 2540 1033 2595 circumcidit
1073 2556 1276 2593 carnem
1323 2523 1563 2609 pra’putii
1611 2538 1721 2602 sui;
1745 2536 1837 2591 25.

239 2633 435 2689 Isntael
460 2647 627 2687 autem
655 2640 763 2685 erat
790 2648 1042 2685 annorum
1069 2629 1325 2684 tredecim.
1352 2627 1431 2684 Ne
1462 2638 1616 2697 putes
1637 2628 1840 2697 absque

237 2741 397 2779 causa
428 2724 757 2793 Seripturam
784 2735 1083 2791 preponere
1129 2719 1283 2791 nobis
1333 2733 1612 2773 numerum
1663 2733 1838 2772 anno-

238 2831 357 2870 rum
388 2834 398 2867 :
433 2814 527 2869 sed
551 2826 608 2868 ut
628 2811 1146 2881 exhocdiscasjusti
1172 2824 1418 2880 magnam
1450 2809 1833 2873 obedientiam,

237 2908 378 2979 quod
406 2924 527 2963 cum
546 2908 654 2976 jam
687 2907 738 2961 in
768 2904 1038 2974 decrepita
1065 2912 1211 2959 esset
1231 2912 1409 2968 aetate,
1442 2902 1635 2957 leniter
1659 2900 1837 2954 tulerit

236 2999 478 3053 dolorem
504 3004 722 3067 propter
749 3002 1073 3065 praeceptum
1098 2994 1206 3059 Dei,
1243 3003 1523 3061 propterea
1540 2991 1661 3045 facit
1688 2991 1833 3044 illam

236 3088 719 3155 enumerationem,
752 3096 806 3143 et
824 3103 928 3141 nou
961 3086 1076 3155 ipse
1103 3086 1297 3149 solum,
1325 3083 1419 3139 sed
1468 3092 1522 3138 et
1541 3081 1753 3145 lsmael,
1781 3091 1836 3136 et

238 3199 427 3239 omnes
455 3180 731 3237 vernaculi
760 3178 1242 3234 circumciduntur.
1276 3175 1465 3246 Neque
1485 3176 1588 3229 hoc
1611 3188 1832 3243 parvum

236 3286 290 3333 et
313 3277 430 3331 leve
460 3275 637 3331 fuerit.
666 3273 782 3328 Non
814 3271 957 3327 enim
981 3270 1120 3326 idem
1156 3276 1261 3335 est,
1293 3268 1590 3330 carissime,
1613 3281 1832 3321 carnem

235 3384 444 3431 sanam,
474 3376 528 3421 et
577 3365 717 3420 male
759 3363 1045 3418 habentem
1076 3376 1283 3417 secare.
1318 3359 1451 3415 Nam
1491 3359 1591 3414 etsi
1638 3358 1833 3413 medici

236 3473 450 3529 quoque
472 3456 711 3511 membra
744 3453 985 3508 morbida
1007 3451 1293 3521 aliquando
1320 3450 1583 3513 incidunt,
1638 3459 1694 3503 at
1724 3464 1830 3503 non

233 3557 319 3605 est
346 3547 537 3603 similis
557 3545 729 3601 dolor.
762 3544 1079 3599 Emortuom
1111 3542 1255 3598 enim
1287 3542 1611 3606 membrum,
1658 3550 1715 3595 ut
1760 3541 1831 3594 ita

232 3640 431 3706 dicam,
455 3638 568 3706 jam
612 3648 668 3693 et
691 3637 839 3691 vitali
864 3635 1177 3707 operatione
1198 3634 1511 3689 destitutum
1545 3644 1669 3688 tunc
1696 3635 1833 3689 inci-

234 3732 386 3788 dunt.
420 3731 518 3785 llic
554 3738 732 3785 autem
758 3743 923 3785 senex
955 3738 1010 3782 et
1054 3727 1358 3796 decrepitus
1385 3727 1638 3797 (centum
1686 3727 1829 3781 enim

235 3838 495 3879 annorum
522 3825 676 3889 erat)
702 3822 994 3876 cruciatum
1017 3822 1207 3875 leniter
1231 3819 1369 3884 tulit,
1421 3819 1579 3874 simul
1608 3828 1661 3874 et
1692 3834 1831 3889 pra:-

234 3925 446 3985 ceptum
476 3914 571 3969 Dei
595 3913 821 3981 implere
847 3913 1055 3979 volens,
1113 3923 1164 3967 et
1197 3913 1360 3965 ﬁlimn
1407 3922 1461 3967 et
1517 3912 1832 3967 vernaculos

237 4020 427 4061 onmes
455 4004 815 4074 promptiores
848 4002 1103 4067 reddens,
1129 4012 1184 4056 ut
1214 4018 1281 4057 ne
1301 4010 1703 4066 cunctarentur,
1735 4002 1829 4057 sed

238 4111 424 4167 magna
453 4096 732 4149 alacritate
776 4094 866 4148 Dei
915 4103 1238 4163 praeceptum
1284 4090 1590 4162 implerent.
1640 4092 1830 4147 Vidisti

236 4200 427 4257 quanta
456 4202 543 4243 res
582 4188 652 4241 sit
682 4188 761 4240 vir
783 4196 1043 4256 prtestans
1098 4186 1311 4251 virtute,
1354 4186 1625 4256 quomodo
1670 4188 1830 4240 mini-

237 4287 375 4336 stras
396 4295 587 4335 omnes
612 4282 803 4335 doceat
824 4289 881 4333 ut
908 4295 1002 4333 sua
1027 4280 1245 4347 vestigia
1272 4278 1590 4349 sequantur?
1615 4279 1747 4332 Nam
1779 4278 1829 4333 id

236 4372 374 4441 quod
421 4372 535 4427 heri
565 4371 828 4437 dicebam,
857 4368 959 4424 ltoc
986 4370 1112 4423 item
1141 4379 1193 4423 et
1232 4385 1373 4423 nunc
1418 4370 1538 4423 dico
1568 4386 1581 4421 :
1615 4379 1832 4439 prepter

240 4464 339 4517 hoc
362 4463 472 4517 fere
502 4478 566 4516 ex
600 4463 693 4515 illo
719 4460 807 4516 die
838 4470 1163 4531 Praeceptum
1187 4460 1352 4515 fuisse
1380 4476 1407 4512 a
1435 4461 1564 4526 Deo,
1616 4471 1670 4513 ut
1724 4462 1827 4513 im-

239 4566 439 4609 matura
471 4563 629 4607 a~late
651 4553 753 4607 hoc
781 4552 1022 4607 subirent
1048 4551 1223 4622 pueri,
1279 4566 1385 4619 quo
1415 4552 1618 4620 absque
1664 4567 1826 4605 sensu

237 4654 287 4698 et
316 4644 499 4697 dolore
526 4643 840 4697 incisionem
871 4642 1051 4697 carnis
1078 4641 1302 4696 ferrent.

308 4736 476 4790 Brevis
517 4736 912 4789 circumcisiont's
963 4751 1078 4787 cum
1142 4736 1441 4803 baptismate
1488 4736 1826 4804 comparatio.

239 4826 371 4881 Licet
403 4827 705 4881 Christianis
731 4828 860 4879 inter
883 4835 1053 4896 gentes
1108 4827 1293 4880 versari
1319 4828 1589 4897 quomodo.
1620 4858 1691 4869 --
1723 4828 1828 4882 Ve-

241 4934 352 4972 rum
379 4916 659 4971 considera
689 4916 778 4969 Dei
809 4916 1211 4985 benignitatem,
1260 4926 1314 4969 et
1357 4918 1678 4970 ineffabilem
1711 4917 1828 4985 ejus

238 5024 358 5079 erga
391 5025 489 5063 nos
516 5007 943 5063 beneﬁcentiam.
1001 5008 1086 5060 Illa
1116 5008 1257 5061 enim
1288 5008 1624 5061 circumcisio
1671 5006 1829 5059 dolo-

242 5093 280 5155 r.
300 5117 348 5155 m
379 5099 564 5155 habuit
588 5111 640 5154 et
667 5099 924 5164 laborem,
960 5108 1013 5152 et
1041 5099 1181 5153 nulla
1214 5099 1314 5151 alia
1330 5114 1394 5152 ex
1417 5098 1830 5153 circumcisione

241 5194 332 5251 fuit
359 5196 577 5256 utilitas,
596 5208 753 5262 quam
777 5192 1032 5254 haecsola,
1050 5191 1191 5261 quod
1214 5207 1277 5246 ex
1298 5191 1397 5245 hoe
1415 5193 1564 5261 signo
1590 5192 1828 5261 dignosci

243 5298 476 5357 possent,
507 5296 563 5341 et
588 5287 656 5340 ab
682 5286 801 5339 aliis
822 5284 1071 5354 gentibus
1095 5294 1563 5353 sequestrarentur
1587 5300 1601 5346 ;
1647 5294 1826 5337 nostra

242 5390 412 5434 autem
444 5376 802 5440 circumcisio,
833 5377 914 5430 vel
947 5374 1303 5443 baptismatis,
1350 5375 1582 5444 inquam,
1618 5374 1786 5443 gratia
1811 5414 1823 5437 ,

243 5472 555 5528 medicinam
584 5468 743 5522 habet
771 5468 901 5523 citra
924 5466 1187 5531 dolorem,
1249 5468 1638 5537 inuumeraque
1690 5466 1827 5520 bona

243 5564 391 5618 nobis
420 5560 596 5627 affert,
620 5559 851 5630 Spiritus
879 5560 1047 5613 sancti
1076 5559 1243 5628 gratia
1278 5573 1375 5611 nos
1404 5559 1609 5626 implet,
1633 5568 1687 5613 et
1714 5558 1831 5611 nul—

244 5656 344 5709 lum
366 5652 647 5709 deﬁnitum
679 5650 841 5706 habet
865 5660 1077 5720 tempus
1096 5651 1236 5705 sicut
1258 5650 1368 5704 illic
1389 5668 1400 5702 :
1423 5650 1516 5705 sed
1548 5651 1672 5705 licet
1697 5659 1747 5705 et
1775 5652 1827 5706 in

243 5747 426 5817 prima,
456 5752 514 5799 et
543 5745 596 5799 in
624 5743 823 5811 media,
852 5750 908 5799 et
930 5743 983 5797 in
1012 5743 1193 5797 ultima
1221 5751 1379 5797 :etate
1410 5742 1547 5797 hanc
1572 5758 1679 5796 non
1709 5759 1827 5797 ma-

243 5836 503 5895 nufactam
531 5832 993 5891 circumcisionem
1025 5833 1285 5904 recipere,
1318 5833 1369 5889 in
1397 5849 1501 5905 qua
1528 5848 1633 5889 non
1662 5834 1825 5889 susti-

1269 407 1334 464 IN
1373 408 1525 463 CAP.
1568 408 1756 464 XVIII.
1799 407 2046 467 GENES.
2091 407 2325 463 IIOMIL.
2371 407 2505 462 XLI.

3483 410 3590 467 374

1983 530 2138 574 netnr
2167 521 2337 585 labor,
2383 520 2476 574 sed
2505 530 2846 590 peccatorum
2893 520 3237 589 deponuntur
3280 536 3484 587 onera,
3528 535 3584 576 et

1982 615 2228 668 remissio
2259 616 2529 669 invenitur
2558 616 2799 669 onmium
2826 625 3189 682 peccatorum,
3221 631 3343 685 qua:
3366 632 3463 685 per
3492 628 3577 671 to-

1979 714 2084 758 tam
2113 705 2277 759 vitam
2307 715 2627 793 gesta‘sunt.
2660 705 2869 775 Quippe
2895 720 3018 759 cum
3050 706 3311 775 benignus
3332 706 3473 760 Deus
3501 707 3583 759 vi-

1974 794 2053 847 dit
2079 809 2297 862 gravem
2318 804 2555 848 nostram
2585 794 2972 859 inﬁrmitatem,
3007 810 3072 849 ac
3097 810 3193 849 nos
3217 795 3586 850 incurabiliter

1972 899 2319 959 a-grotantes,
2342 903 2555 945 summa
2584 888 2826 959 indigere
2856 889 3145 954 medicina,
3192 898 3354 959 atque
3393 888 3584 944 ineffa-

1972 979 2063 1034 bili
2095 979 2462 1051 benignitate:
2488 988 2726 1035 nostram
2750 996 2946 1036 curans
2963 981 3217 1048 salutem,
3252 981 3476 1052 largitus
3497 992 3581 1036 est

1970 1072 2125 1127 nobis
2156 1086 2252 1140 per
2280 1071 2552 1130 lavacrum
2593 1071 3018 1142 regenerationis
3049 1072 3488 1126 innovationem:
3524 1081 3581 1125 ut

1968 1163 2217 1232 deposito
2243 1163 2465 1219 homine
2487 1172 2695 1231 vetere,
2719 1162 2820 1218 hoc
2850 1172 2955 1230 est,
3012 1164 3267 1234 operibus
3288 1164 3465 1231 malis,
3525 1174 3580 1219 et

1966 1253 2141 1308 induti
2168 1269 2389 1319 novum,
2433 1254 2488 1310 in
2517 1255 2603 1309 via
2626 1254 2839 1310 virtutis
2870 1255 3203 1311 incedamus.
3240 1255 3437 1310 Verum
3469 1255 3574 1310 ite—

1965 1362 2085 1401 rum
2111 1361 2229 1411 oro,
2258 1362 2327 1401 ne
2352 1346 2652 1402 deteriores
2700 1347 2870 1403 simus
2916 1348 3140 1418 ingratis
3180 1356 3235 1403 et
3283 1348 3573 1403 insensatis

1962 1436 2184 1493 Judteis.
2217 1438 2293 1493 Illi
2313 1442 2456 1494 enim
2486 1439 2843 1510 suscipientes
2872 1440 3298 1495 circumcisionis
3318 1440 3573 1510 signacu-

1962 1531 2094 1596 lum,
2124 1532 2254 1586 satis
2298 1532 2398 1587 sibi
2428 1537 2714 1598 cavebant,
2741 1547 2811 1588 ne
2855 1531 2994 1588 ulfra
3044 1548 3166 1588 cum
3215 1534 3463 1603 gentibus
3509 1547 3572 1587 se

1961 1623 2273 1690 miscerent,
2302 1632 2560 1694 quantum
2591 1624 2657 1678 ad
2681 1625 3086 1680 communionis
3107 1625 3370 1679 rationem
3399 1624 3568 1694 perti-

1960 1725 2087 1772 net:
2118 1724 2376 1786 quantum
2402 1726 2584 1773 autem
2606 1716 2672 1772 ad
2708 1717 3060 1787 impietatem,
3113 1731 3260 1787 smpe
3318 1717 3439 1770 illos
3483 1716 3567 1770 in-

1956 1810 2095 1881 grati
2125 1810 2473 1879 superabant.
2504 1809 2614 1865 Nos
2662 1825 2793 1865 vero
2836 1825 2958 1864 cum
3010 1809 3180 1864 semel
3229 1808 3570 1876 suscepimus

1960 1902 2205 1970 baptismi
2243 1902 2729 1967 circumcisionem,
2783 1912 2940 1957 caute
2971 1910 3193 1971 tuteque
3223 1910 3406 1955 nostra
3454 1899 3567 1954 dis-

1958 2007 2265 2061 pensenius.
2300 1992 2415 2047 Non
2446 1992 2678 2048 dixerim
2703 2009 2808 2046 non
2842 1993 3006 2047 licere
3052 1993 3209 2047 nobis
3231 1991 3435 2047 versari
3489 1990 3565 2046 in-

1958 2094 2038 2139 ter
2061 2094 2253 2155 gentes
2287 2101 2300 2139 :
2327 2086 2423 2139 sed
2450 2084 2504 2139 in
2540 2084 2753 2154 proliria
2780 2085 2935 2139 nobis
2968 2086 3175 2159 virtute
3226 2092 3511 2139 manentes
3542 2124 3561 2151 ,

1954 2176 2022 2235 ita
2051 2192 2173 2231 cum
2207 2176 2311 2231 illis
2340 2177 2794 2231 commisceantur
2816 2220 2829 2241 ,
2874 2185 2934 2231 ut
2960 2177 3030 2230 ad
3056 2177 3198 2248 piam
3231 2192 3326 2232 eos
3354 2185 3564 2246 pertra-

1954 2267 2144 2319 hamus
2179 2264 2517 2335 religionem,
2567 2281 2632 2321 ac
2660 2283 2755 2335 per
2785 2267 3049 2321 bonorum
3103 2282 3326 2336 operum
3382 2278 3562 2320 exem-

1952 2358 2098 2426 plum
2120 2341 2381 2410 doctrinae
2412 2357 2493 2411 eis
2509 2367 2758 2413 auctores
2783 2358 2974 2412 simus.
3006 2358 3077 2413 Ea
3105 2356 3248 2412 enim
3278 2357 3347 2411 de
3389 2370 3551 2411 causa

1948 2448 2250 2502 communis
2298 2448 2541 2502 omnium
2584 2449 2845 2504 Dominus
2887 2448 3131 2518 permisit
3156 2447 3315 2503 simul
3352 2448 3559 2502 versari

1948 2539 2119 2592 bonus
2137 2547 2191 2593 et
2216 2538 2410 2605 malos,
2442 2540 2563 2609 pios
2590 2551 2645 2594 et
2673 2538 2892 2608 impius,
2948 2547 3005 2592 ut
3038 2538 3164 2592 boni
3218 2536 3557 2592 Iucrifaeiant

1948 2631 2142 2696 malos,
2167 2640 2221 2684 et
2263 2630 2354 2700 qui
2407 2630 2458 2685 in
2484 2631 2685 2684 malitia
2733 2630 2909 2685 adhuc
2934 2630 3264 2697 detinentur,
3298 2629 3558 2683 tnauudu-

1943 2734 2131 2775 eantur
2156 2720 2222 2776 ad
2248 2722 2521 2791 pietatem.
2555 2721 2698 2776 Nihil
2741 2722 2885 2776 enim
2934 2721 3070 2777 adeo
3110 2721 3355 2776 studiose
3398 2727 3556 2774 curat

1947 2815 2109 2880 Deus,
2139 2825 2195 2868 ut
2223 2814 2453 2869 salutem
2482 2814 2808 2869 animarmn.
2838 2813 3075 2869 Proinde
3096 2813 3347 2877 obsecro,
3374 2827 3442 2867 ne
3467 2828 3557 2866 cu-

1943 2923 2056 2962 ram
2082 2907 2403 2975 abjiciamus
2435 2923 2608 2975 neque
2643 2906 2833 2971 nostri,
2880 2921 3054 2975 neque
3084 2906 3333 2959 aliorum.
3379 2905 3555 2972 Quan-

1945 3010 2054 3054 ttnn
2082 3000 2148 3053 ad
2180 3016 2281 3055 nos
2304 3000 2518 3064 attinet,
2549 3000 2622 3053 ita
2673 2999 3018 3053 instituamus
3070 2998 3232 3051 vitam
3258 3039 3274 3062 ,
3325 3006 3383 3051 ut
3437 2997 3553 3052 Deo

1941 3090 2195 3159 placitum
2218 3099 2304 3144 est
2332 3104 2346 3141 :
2379 3098 2641 3159 quantum
2671 3097 2850 3143 autem
2871 3087 2937 3141 ad
2966 3088 3294 3156 proximum,
3344 3088 3424 3143 sic
3470 3087 3553 3142 lu-

1939 3198 2160 3238 ceamus
2190 3182 2500 3244 virtutibus,
2528 3190 2586 3235 ut
2614 3181 2777 3235 etiam
2805 3179 3098 3233 silentibus
3126 3178 3309 3243 nobis,
3357 3192 3551 3232 omnes

1938 3285 2202 3345 quotquot
2232 3290 2331 3329 nos
2376 3273 2559 3329 vident
2599 3273 2731 3327 satis
2772 3271 3091 3326 doceantur.
3141 3269 3275 3325 Nam
3323 3271 3464 3324 sicut
3502 3270 3549 3324 si

1938 3366 2136 3421 virtute
2159 3365 2366 3434 pnediti
2385 3367 2574 3427 sinms,
2599 3363 2831 3416 maxima
2864 3374 2917 3417 et
2940 3362 3041 3431 ipsi
3068 3361 3396 3417 lucrabitnur
3424 3400 3439 3426 ,
3490 3369 3548 3416 et

1939 3457 2250 3514 inﬁdelibus
2278 3456 2397 3511 usui
2420 3457 2622 3510 erimus
2650 3473 2663 3508 :
2694 3455 2766 3507 ita
2797 3454 2841 3507 si
2873 3454 3211 3523 negligentes
3238 3450 3498 3506 fuerimus
3527 3490 3544 3514 ,

1937 3559 1991 3603 et
2013 3549 2113 3618 ipsi
2144 3563 2392 3618 magnam
2422 3546 2661 3602 feremus
2689 3560 2926 3614 poenam,
2958 3555 3013 3600 et
3033 3542 3381 3598 aliisoceasio
3398 3557 3548 3596 sean-

1936 3640 2044 3696 dali
2063 3640 2286 3695 erimus.
2310 3640 2459 3693 Sicut
2485 3639 2628 3693 enim
2651 3637 2899 3691 virtutem
2929 3635 3222 3705 amplexati
3265 3634 3536 3703 duplicem

1938 3734 2246 3788 mercedem
2275 3748 2304 3786 a
2339 3732 2449 3787 Deo
2479 3731 2795 3800 acc-pimus,
2841 3738 2951 3782 tum
2979 3727 3122 3798 quod
3154 3727 3255 3795 ipsi
3288 3727 3544 3779 virtutem

1936 3836 2311 3887 exerceamus,
2338 3832 2446 3877 ttttn
2465 3821 2607 3891 quod
2631 3821 2767 3874 alios
2788 3820 2853 3873 ad
2873 3819 3085 3874 virtutis
3104 3818 3540 3872 connnunionem

1939 3916 2352 3970 trahamuszita
2397 3917 2440 3970 si
2473 3915 2525 3968 in
2573 3914 2812 3984 nequitia
2858 3929 3174 3978 versemur,
3217 3927 3322 3965 non
3369 3912 3543 3966 solum

1940 4010 2190 4078 punimur
2220 4006 2364 4078 quod
2416 4006 2513 4075 ipsi
2559 4006 2923 4077 peccavimus,
2980 4004 3077 4059 sed
3130 4014 3185 4057 et
3228 4003 3368 4071 quod
3424 4001 3545 4055 aliis

1936 4100 2192 4154 seandalo
2223 4098 2442 4152 fuimus.
2481 4097 2682 4152 Verum
2712 4097 2856 4150 absit
2886 4106 2944 4149 ut
2972 4096 3168 4163 aliquis
3213 4109 3402 4148 eorum
3453 4095 3542 4162 qtti

1937 4191 2025 4245 llic
2050 4201 2199 4255 sunt,
2223 4191 2275 4243 in
2305 4190 2610 4258 ltujusmodi
2636 4198 2778 4243 statu
2806 4196 3074 4250 versetur,
3104 4184 3197 4240 sed
3222 4202 3321 4238 nos
3351 4198 3544 4238 omnes

1936 4281 2003 4336 ad
2025 4280 2400 4335 mdiﬁcandum
2423 4295 2516 4335 eos
2535 4280 2624 4348 qui
2650 4294 2747 4332 nos
2763 4277 2966 4343 vident,
2986 4278 3152 4330 vitam
3177 4275 3542 4341 instituamus,

1938 4384 1993 4429 ut
2019 4374 2289 4443 possimus
2327 4388 2517 4440 magna
2548 4371 2738 4425 ﬁducia
2785 4379 2934 4424 stare
2962 4367 3106 4438 apud
3137 4366 3369 4420 tribunal
3397 4363 3548 4419 Chri-

1935 4467 2024 4532 sti,
2051 4476 2104 4520 et
2122 4464 2407 4521 ineﬁ'abilia
2432 4465 2519 4517 illa
2546 4465 2681 4517 bona
2709 4462 2969 4531 consequi
2999 4478 3011 4513 :
3037 4476 3157 4531 qua:
3186 4460 3342 4513 nobis
3368 4458 3542 4513 omni-

1937 4559 2039 4614 bus
2068 4560 2462 4623 concedantur,
2496 4557 2664 4627 gratia
2693 4566 2749 4609 et
2770 4555 3101 4625 benignitate
3130 4551 3340 4605 Domini
3374 4551 3541 4605 nostri

1934 4651 2063 4707 Jesn
2091 4652 2315 4716 Christi,
2362 4667 2484 4705 cum
2527 4666 2634 4719 quo
2686 4648 2830 4703 Patri
2880 4656 2934 4702 et
2985 4656 3175 4702 sancto
3209 4644 3431 4714 Spiritui
3474 4645 3545 4698 sit

1935 4744 2128 4814 gloria,
2155 4743 2328 4797 honor
2357 4752 2411 4796 et
2442 4742 2752 4811 imperittm,
2784 4754 2927 4794 nunc
2954 4747 3266 4808 ctsemper,
3293 4748 3350 4794 et
3371 4737 3547 4791 insae-

1936 4835 2053 4889 cula
2078 4835 2419 4889 seculorum.
2452 4835 2645 4887 Amm.

2516 4963 2795 5018 IIOMILIA
2828 4963 2965 5018 XLI.

1937 5076 2190 5148 Apparuit
2235 5087 2402 5129 autem
2452 5076 2584 5128 Unus
2642 5076 2857 5127 Abrahw
2892 5072 3030 5142 apud
3072 5088 3311 5138 quercum
3372 5070 3541 5124 Mom-

2010 5170 2094 5222 bre
2118 5211 2132 5233 ,
2160 5168 2364 5221 sedente
2397 5169 2507 5236 ipso
2534 5168 2600 5218 ad
2629 5169 2840 5237 jnnuunt
2872 5162 3187 5216 tabernaculi
3226 5162 3307 5215 sui
3334 5158 3546 5215 meridie

2012 5260 2180 5331 (Cen.
2215 5260 2302 5317 18.
2336 5258 2427 5326 1).

2012 5373 2064 5426 1.
2093 5370 2513 5427 Cunctabundus
2554 5371 2733 5431 hodie,
2766 5383 2863 5423 nec
2894 5367 3185 5421 admodum
3234 5366 3427 5420 alacris
3475 5363 3543 5419 ad

1937 5462 2237 5518 docendum
2273 5456 2748 5528 enarrandnmque
2791 5458 3010 5513 accedo.
3047 5456 3181 5513 Nam
3210 5471 3333 5510 cum
3365 5466 3547 5511 tuente

1940 5563 2151 5624 reputo,
2174 5554 2327 5607 nobis
2343 5553 2581 5623 quotidie
2601 5551 3066 5615 concionantibus,
3104 5546 3543 5608 admonentibus.

1938 5656 1993 5703 et
2021 5645 2297 5715 Spirituale
2327 5644 2430 5700 hoc
2460 5643 2611 5697 vobis
2640 5642 2944 5697 convivium
2969 5638 3381 5711 opponentibus,
3411 5640 3549 5691 mul-

1942 5748 2024 5793 tos
2077 5753 2142 5792 ex
2185 5738 2267 5792 his
2296 5738 2427 5806 ipsis
2478 5736 2569 5805 qui
2596 5735 2814 5802 adsunt,
2857 5743 2911 5790 et
2942 5732 3235 5804 spiritualis
3262 5727 3422 5800 hujus
3446 5728 3545 5783 do-

1944 5832 2154 5900 ctrintr,
2181 5848 2244 5888 ac
2274 5829 2565 5888 tremendas
2594 5826 2952 5900 terribilisque
2984 5841 3187 5884 mense
3226 5836 3354 5883 sunt
3373 5817 3544 5893 parti-
