  <div class='ocr_page' id='page_1' title='image "/cluster/home/n/w/nwhite01/storage/ocr_20150623/53/ien.35556001660802/377.png"; bbox 0 0 4058 6390; ppageno 0'>
   <div class='ocr_carea' id='block_1_1' title="bbox 535 321 656 410">
    <p class='ocr_par' dir='ltr' id='par_1_1' title="bbox 535 321 656 410">
     <span class='ocr_line' id='line_1_1' title="bbox 535 321 656 410; baseline 0.008 -2"><span class='ocrx_word' id='word_1_1' title='bbox 535 321 656 410; x_wconf 66' lang='lat' dir='ltr'><strong>&#39;37s</strong></span> 
     </span>
    </p>
   </div>
   <div class='ocr_carea' id='block_1_2' title="bbox 543 453 2125 534">
    <p class='ocr_par' dir='ltr' id='par_1_2' title="bbox 543 453 2125 534">
     <span class='ocr_line' id='line_1_2' title="bbox 543 453 2125 534; baseline -0.009 -16"><span class='ocrx_word' id='word_1_2' title='bbox 543 463 714 534; x_wconf 80' lang='lat' dir='ltr'><strong>clpes,</strong></span> <span class='ocrx_word' id='word_1_3' title='bbox 753 467 897 516; x_wconf 80' lang='lat' dir='ltr'><strong>totos</strong></span> <span class='ocrx_word' id='word_1_4' title='bbox 916 457 1034 514; x_wconf 89' lang='lat' dir='ltr'><strong>dies</strong></span> <span class='ocrx_word' id='word_1_5' title='bbox 1065 458 1117 512; x_wconf 91' lang='lat' dir='ltr'><strong>in</strong></span> <span class='ocrx_word' id='word_1_6' title='bbox 1141 455 1440 527; x_wconf 76' lang='lat' dir='ltr'><strong>spectandis</strong></span> <span class='ocrx_word' id='word_1_7' title='bbox 1465 454 1604 509; x_wconf 89' lang='lat' dir='ltr'><strong>ludis</strong></span> <span class='ocrx_word' id='word_1_8' title='bbox 1640 453 1978 523; x_wconf 74' lang='lat' dir='ltr'><strong>equestribus</strong></span> <span class='ocrx_word' id='word_1_9' title='bbox 2007 467 2125 522; x_wconf 88' lang='lat' dir='ltr'><strong>per-</strong></span> 
     </span>
    </p>
   </div>
   <div class='ocr_carea' id='block_1_3' title="bbox 545 540 2130 620">
    <p class='ocr_par' dir='ltr' id='par_1_3' title="bbox 545 540 2130 620">
     <span class='ocr_line' id='line_1_3' title="bbox 545 540 2130 620; baseline -0.006 -17"><span class='ocrx_word' id='word_1_10' title='bbox 545 553 710 615; x_wconf 84' lang='lat' dir='ltr'><strong>dere,</strong></span> <span class='ocrx_word' id='word_1_11' title='bbox 763 559 822 607; x_wconf 85' lang='lat' dir='ltr'><strong>et</strong></span> <span class='ocrx_word' id='word_1_12' title='bbox 872 549 1090 620; x_wconf 90' lang='lat' dir='ltr'><strong>perinde</strong></span> <span class='ocrx_word' id='word_1_13' title='bbox 1135 556 1294 617; x_wconf 89' lang='lat' dir='ltr'><strong>atque</strong></span> <span class='ocrx_word' id='word_1_14' title='bbox 1348 546 1393 599; x_wconf 98' lang='lat' dir='ltr'><strong>si</strong></span> <span class='ocrx_word' id='word_1_15' title='bbox 1453 559 1558 600; x_wconf 91' lang='lat' dir='ltr'><strong>non</strong></span> <span class='ocrx_word' id='word_1_16' title='bbox 1599 542 1951 607; x_wconf 87' lang='lat' dir='ltr'><strong>doceremns,</strong></span> <span class='ocrx_word' id='word_1_17' title='bbox 1999 540 2130 596; x_wconf 82' lang='lat' dir='ltr'><strong>nihil</strong></span> 
     </span>
    </p>
   </div>
   <div class='ocr_carea' id='block_1_4' title="bbox 545 635 2128 710">
    <p class='ocr_par' dir='ltr' id='par_1_4' title="bbox 545 635 2128 710">
     <span class='ocr_line' id='line_1_4' title="bbox 545 635 2128 710; baseline -0.006 -15"><span class='ocrx_word' id='word_1_18' title='bbox 545 640 830 709; x_wconf 76' lang='lat' dir='ltr'><strong>proiicere,</strong></span> <span class='ocrx_word' id='word_1_19' title='bbox 853 640 948 696; x_wconf 84' lang='lat' dir='ltr'><strong>sed</strong></span> <span class='ocrx_word' id='word_1_20' title='bbox 983 638 1132 710; x_wconf 87' lang='lat' dir='ltr'><strong>quasi</strong></span> <span class='ocrx_word' id='word_1_21' title='bbox 1149 635 1529 692; x_wconf 75' lang='lat' dir='ltr'><strong>consuetudini</strong></span> <span class='ocrx_word' id='word_1_22' title='bbox 1564 636 1793 704; x_wconf 78' lang='lat' dir='ltr'><strong>cuipiam</strong></span> <span class='ocrx_word' id='word_1_23' title='bbox 1814 635 2128 698; x_wconf 77' lang='lat' dir='ltr'><strong>servientes,</strong></span> 
     </span>
    </p>
   </div>
   <div class='ocr_carea' id='block_1_5' title="bbox 546 727 2133 795">
    <p class='ocr_par' dir='ltr' id='par_1_5' title="bbox 546 727 2133 795">
     <span class='ocr_line' id='line_1_5' title="bbox 546 727 2133 795; baseline -0.003 -11"><span class='ocrx_word' id='word_1_24' title='bbox 546 733 593 786; x_wconf 85' lang='lat' dir='ltr'><strong>si</strong></span> <span class='ocrx_word' id='word_1_25' title='bbox 638 741 840 786; x_wconf 82' lang='lat' dir='ltr'><strong>tantmn</strong></span> <span class='ocrx_word' id='word_1_26' title='bbox 877 737 1076 785; x_wconf 90' lang='lat' dir='ltr'><strong>annuat</strong></span> <span class='ocrx_word' id='word_1_27' title='bbox 1101 728 1179 783; x_wconf 89' lang='lat' dir='ltr'><strong>eis</strong></span> <span class='ocrx_word' id='word_1_28' title='bbox 1209 727 1475 792; x_wconf 80' lang='lat' dir='ltr'><strong>diabolus,</strong></span> <span class='ocrx_word' id='word_1_29' title='bbox 1515 735 1619 781; x_wconf 70' lang='lat' dir='ltr'><strong>sua</strong></span> <span class='ocrx_word' id='word_1_30' title='bbox 1639 737 1828 795; x_wconf 82' lang='lat' dir='ltr'><strong>sponte</strong></span> <span class='ocrx_word' id='word_1_31' title='bbox 1853 739 2133 780; x_wconf 79' lang='lat' dir='ltr'><strong>accurrere</strong></span> 
     </span>
    </p>
   </div>
   <div class='ocr_carea' id='block_1_6' title="bbox 547 816 2128 893">
    <p class='ocr_par' dir='ltr' id='par_1_6' title="bbox 547 816 2128 893">
     <span class='ocr_line' id='line_1_6' title="bbox 547 816 2128 893; baseline -0.004 -19"><span class='ocrx_word' id='word_1_32' title='bbox 547 821 618 876; x_wconf 86' lang='lat' dir='ltr'><strong>ad</strong></span> <span class='ocrx_word' id='word_1_33' title='bbox 645 823 804 893; x_wconf 89' lang='lat' dir='ltr'><strong>impia</strong></span> <span class='ocrx_word' id='word_1_34' title='bbox 834 822 919 877; x_wconf 87' lang='lat' dir='ltr'><strong>illa</strong></span> <span class='ocrx_word' id='word_1_35' title='bbox 965 819 1290 890; x_wconf 87' lang='lat' dir='ltr'><strong>spectacula,</strong></span> <span class='ocrx_word' id='word_1_36' title='bbox 1322 829 1374 874; x_wconf 93' lang='lat' dir='ltr'><strong>et</strong></span> <span class='ocrx_word' id='word_1_37' title='bbox 1415 819 1621 888; x_wconf 80' lang='lat' dir='ltr'><strong>seipsos</strong></span> <span class='ocrx_word' id='word_1_38' title='bbox 1665 819 1890 873; x_wconf 84' lang='lat' dir='ltr'><strong>libenter</strong></span> <span class='ocrx_word' id='word_1_39' title='bbox 1916 816 2128 885; x_wconf 66' lang='lat' dir='ltr'><strong>maligni</strong></span> 
     </span>
    </p>
   </div>
   <div class='ocr_carea' id='block_1_7' title="bbox 548 905 2138 980">
    <p class='ocr_par' dir='ltr' id='par_1_7' title="bbox 548 905 2138 980">
     <span class='ocr_line' id='line_1_7' title="bbox 548 905 2138 980; baseline -0.003 -16"><span class='ocrx_word' id='word_1_40' title='bbox 548 911 806 966; x_wconf 71' lang='lat' dir='ltr'><strong>dzemonis</strong></span> <span class='ocrx_word' id='word_1_41' title='bbox 845 910 1137 980; x_wconf 82' lang='lat' dir='ltr'><strong>illaqueare</strong></span> <span class='ocrx_word' id='word_1_42' title='bbox 1166 910 1391 976; x_wconf 70' lang='lat' dir='ltr'><strong>retibus,</strong></span> <span class='ocrx_word' id='word_1_43' title='bbox 1418 918 1473 963; x_wconf 90' lang='lat' dir='ltr'><strong>et</strong></span> <span class='ocrx_word' id='word_1_44' title='bbox 1496 923 1667 977; x_wconf 89' lang='lat' dir='ltr'><strong>neque</strong></span> <span class='ocrx_word' id='word_1_45' title='bbox 1687 915 1923 961; x_wconf 87' lang='lat' dir='ltr'><strong>nostram</strong></span> <span class='ocrx_word' id='word_1_46' title='bbox 1949 905 2138 959; x_wconf 87' lang='lat' dir='ltr'><strong>admo-</strong></span> 
     </span>
    </p>
   </div>
   <div class='ocr_carea' id='block_1_8' title="bbox 549 995 2130 1070">
    <p class='ocr_par' dir='ltr' id='par_1_8' title="bbox 549 995 2130 1070">
     <span class='ocr_line' id='line_1_8' title="bbox 549 995 2130 1070; baseline -0.006 -15"><span class='ocrx_word' id='word_1_47' title='bbox 549 1001 829 1067; x_wconf 87' lang='lat' dir='ltr'><strong>nitionem,</strong></span> <span class='ocrx_word' id='word_1_48' title='bbox 882 1016 1055 1070; x_wconf 90' lang='lat' dir='ltr'><strong>neque</strong></span> <span class='ocrx_word' id='word_1_49' title='bbox 1104 1000 1396 1069; x_wconf 89' lang='lat' dir='ltr'><strong>periculum</strong></span> <span class='ocrx_word' id='word_1_50' title='bbox 1439 998 1633 1067; x_wconf 87' lang='lat' dir='ltr'><strong>ipsum,</strong></span> <span class='ocrx_word' id='word_1_51' title='bbox 1681 1012 1855 1067; x_wconf 84' lang='lat' dir='ltr'><strong>neque</strong></span> <span class='ocrx_word' id='word_1_52' title='bbox 1890 995 2130 1050; x_wconf 91' lang='lat' dir='ltr'><strong>inutilem</strong></span> 
     </span>
    </p>
   </div>
   <div class='ocr_carea' id='block_1_9' title="bbox 549 1088 2130 1160">
    <p class='ocr_par' dir='ltr' id='par_1_9' title="bbox 549 1088 2130 1160">
     <span class='ocr_line' id='line_1_9' title="bbox 549 1088 2130 1160; baseline -0.004 -14"><span class='ocrx_word' id='word_1_53' title='bbox 549 1092 716 1160; x_wconf 86' lang='lat' dir='ltr'><strong>ipsam</strong></span> <span class='ocrx_word' id='word_1_54' title='bbox 740 1091 1216 1160; x_wconf 76' lang='lat' dir='ltr'><strong>frequentatione</strong></span> <span class='ocrx_word' id='word_1_55' title='bbox 1244 1089 1503 1145; x_wconf 64' lang='lat' dir='ltr'><strong>doctrinae</strong></span> <span class='ocrx_word' id='word_1_56' title='bbox 1530 1088 1649 1143; x_wconf 91' lang='lat' dir='ltr'><strong>loco</strong></span> <span class='ocrx_word' id='word_1_57' title='bbox 1676 1089 1756 1143; x_wconf 88' lang='lat' dir='ltr'><strong>eis</strong></span> <span class='ocrx_word' id='word_1_58' title='bbox 1778 1103 1899 1142; x_wconf 88' lang='lat' dir='ltr'><strong>esse</strong></span> <span class='ocrx_word' id='word_1_59' title='bbox 1922 1101 2080 1158; x_wconf 86' lang='lat' dir='ltr'><strong>posse</strong></span> <span class='ocrx_word' id='word_1_60' title='bbox 2115 1103 2130 1140; x_wconf 88' lang='lat'><strong>:</strong></span> 
     </span>
    </p>
   </div>
   <div class='ocr_carea' id='block_1_10' title="bbox 547 1176 2133 1252">
    <p class='ocr_par' dir='ltr' id='par_1_10' title="bbox 547 1176 2133 1252">
     <span class='ocr_line' id='line_1_10' title="bbox 547 1176 2133 1252; baseline -0.001 -21"><span class='ocrx_word' id='word_1_61' title='bbox 547 1195 655 1251; x_wconf 86' lang='lat' dir='ltr'><strong>quo</strong></span> <span class='ocrx_word' id='word_1_62' title='bbox 682 1196 813 1251; x_wconf 85' lang='lat' dir='ltr'><strong>ergo</strong></span> <span class='ocrx_word' id='word_1_63' title='bbox 837 1182 1060 1252; x_wconf 82' lang='lat' dir='ltr'><strong>posthac</strong></span> <span class='ocrx_word' id='word_1_64' title='bbox 1082 1181 1261 1235; x_wconf 77' lang='lat' dir='ltr'><strong>atiimo</strong></span> <span class='ocrx_word' id='word_1_65' title='bbox 1303 1178 1602 1233; x_wconf 84' lang='lat' dir='ltr'><strong>doctrinam</strong></span> <span class='ocrx_word' id='word_1_66' title='bbox 1652 1177 1950 1246; x_wconf 86' lang='lat' dir='ltr'><strong>impertiam</strong></span> <span class='ocrx_word' id='word_1_67' title='bbox 2005 1176 2133 1230; x_wconf 86' lang='lat' dir='ltr'><strong>viris</strong></span> 
     </span>
    </p>
   </div>
   <div class='ocr_carea' id='block_1_11' title="bbox 549 1269 2134 1339">
    <p class='ocr_par' dir='ltr' id='par_1_11' title="bbox 549 1269 2134 1339">
     <span class='ocr_line' id='line_1_11' title="bbox 549 1269 2134 1339; baseline -0.002 -11"><span class='ocrx_word' id='word_1_68' title='bbox 549 1287 620 1328; x_wconf 85' lang='lat' dir='ltr'><strong>ex</strong></span> <span class='ocrx_word' id='word_1_69' title='bbox 643 1272 802 1328; x_wconf 88' lang='lat' dir='ltr'><strong>dictis</strong></span> <span class='ocrx_word' id='word_1_70' title='bbox 821 1273 1016 1327; x_wconf 82' lang='lat' dir='ltr'><strong>nostris</strong></span> <span class='ocrx_word' id='word_1_71' title='bbox 1052 1272 1182 1327; x_wconf 87' lang='lat' dir='ltr'><strong>nihil</strong></span> <span class='ocrx_word' id='word_1_72' title='bbox 1209 1272 1340 1328; x_wconf 91' lang='lat' dir='ltr'><strong>lucri</strong></span> <span class='ocrx_word' id='word_1_73' title='bbox 1373 1271 1549 1326; x_wconf 78' lang='lat' dir='ltr'><strong>facere</strong></span> <span class='ocrx_word' id='word_1_74' title='bbox 1570 1269 1946 1339; x_wconf 73' lang='lat' dir='ltr'><strong>cupientibus?</strong></span> <span class='ocrx_word' id='word_1_75' title='bbox 1973 1269 2040 1323; x_wconf 83' lang='lat' dir='ltr'><strong>Et</strong></span> <span class='ocrx_word' id='word_1_76' title='bbox 2066 1284 2134 1325; x_wconf 85' lang='lat' dir='ltr'><strong>ne</strong></span> 
     </span>
    </p>
   </div>
   <div class='ocr_carea' id='block_1_12' title="bbox 550 1357 2134 1432">
    <p class='ocr_par' dir='ltr' id='par_1_12' title="bbox 550 1357 2134 1432">
     <span class='ocr_line' id='line_1_12' title="bbox 550 1357 2134 1432; baseline -0.003 -15"><span class='ocrx_word' id='word_1_77' title='bbox 550 1363 781 1417; x_wconf 88' lang='lat' dir='ltr'><strong>mireris.</strong></span> <span class='ocrx_word' id='word_1_78' title='bbox 809 1363 1080 1432; x_wconf 88' lang='lat' dir='ltr'><strong>Siquidem</strong></span> <span class='ocrx_word' id='word_1_79' title='bbox 1111 1371 1167 1416; x_wconf 91' lang='lat' dir='ltr'><strong>et</strong></span> <span class='ocrx_word' id='word_1_80' title='bbox 1190 1362 1442 1432; x_wconf 74' lang='lat' dir='ltr'><strong>agricola,</strong></span> <span class='ocrx_word' id='word_1_81' title='bbox 1467 1375 1587 1414; x_wconf 93' lang='lat' dir='ltr'><strong>eu</strong></span> <span class='ocrx_word' id='word_1_82' title='bbox 1615 1368 1734 1428; x_wconf 80' lang='lat' dir='ltr'><strong>post</strong></span> <span class='ocrx_word' id='word_1_83' title='bbox 1758 1357 1954 1413; x_wconf 87' lang='lat' dir='ltr'><strong>multos</strong></span> <span class='ocrx_word' id='word_1_84' title='bbox 1981 1359 2134 1413; x_wconf 80' lang='lat' dir='ltr'><strong>labo-</strong></span> 
     </span>
    </p>
   </div>
   <div class='ocr_carea' id='block_1_13' title="bbox 548 1449 2132 1521">
    <p class='ocr_par' dir='ltr' id='par_1_13' title="bbox 548 1449 2132 1521">
     <span class='ocr_line' id='line_1_13' title="bbox 548 1449 2132 1521; baseline 0.001 -15"><span class='ocrx_word' id='word_1_85' title='bbox 548 1468 636 1509; x_wconf 88' lang='lat' dir='ltr'><strong>res</strong></span> <span class='ocrx_word' id='word_1_86' title='bbox 661 1463 715 1508; x_wconf 85' lang='lat' dir='ltr'><strong>et</strong></span> <span class='ocrx_word' id='word_1_87' title='bbox 735 1469 1003 1508; x_wconf 69' lang='lat' dir='ltr'><strong>aerumnas</strong></span> <span class='ocrx_word' id='word_1_88' title='bbox 1029 1453 1266 1509; x_wconf 83' lang='lat' dir='ltr'><strong>sterilem</strong></span> <span class='ocrx_word' id='word_1_89' title='bbox 1301 1451 1444 1506; x_wconf 81' lang='lat' dir='ltr'><strong>videt</strong></span> <span class='ocrx_word' id='word_1_90' title='bbox 1468 1465 1674 1520; x_wconf 87' lang='lat' dir='ltr'><strong>agrum,</strong></span> <span class='ocrx_word' id='word_1_91' title='bbox 1721 1465 1894 1520; x_wconf 88' lang='lat' dir='ltr'><strong>neque</strong></span> <span class='ocrx_word' id='word_1_92' title='bbox 1918 1449 2132 1521; x_wconf 88' lang='lat' dir='ltr'><strong>dignam</strong></span> 
     </span>
    </p>
   </div>
   <div class='ocr_carea' id='block_1_14' title="bbox 548 1541 2135 1612">
    <p class='ocr_par' dir='ltr' id='par_1_14' title="bbox 548 1541 2135 1612">
     <span class='ocr_line' id='line_1_14' title="bbox 548 1541 2135 1612; baseline -0.001 -13"><span class='ocrx_word' id='word_1_93' title='bbox 548 1545 820 1601; x_wconf 83' lang='lat' dir='ltr'><strong>laboribus</strong></span> <span class='ocrx_word' id='word_1_94' title='bbox 847 1545 1148 1601; x_wconf 78' lang='lat' dir='ltr'><strong>mercedem</strong></span> <span class='ocrx_word' id='word_1_95' title='bbox 1193 1543 1528 1608; x_wconf 86' lang='lat' dir='ltr'><strong>reddentem,</strong></span> <span class='ocrx_word' id='word_1_96' title='bbox 1575 1541 1789 1612; x_wconf 89' lang='lat' dir='ltr'><strong>segnior</strong></span> <span class='ocrx_word' id='word_1_97' title='bbox 1824 1543 1890 1596; x_wconf 87' lang='lat' dir='ltr'><strong>ad</strong></span> <span class='ocrx_word' id='word_1_98' title='bbox 1929 1543 2135 1612; x_wconf 89' lang='lat' dir='ltr'><strong>jacien-</strong></span> 
     </span>
    </p>
   </div>
   <div class='ocr_carea' id='block_1_15' title="bbox 548 1634 2131 1704">
    <p class='ocr_par' dir='ltr' id='par_1_15' title="bbox 548 1634 2131 1704">
     <span class='ocr_line' id='line_1_15' title="bbox 548 1634 2131 1704; baseline -0.002 -13"><span class='ocrx_word' id='word_1_99' title='bbox 548 1637 676 1691; x_wconf 91' lang='lat' dir='ltr'><strong>dum</strong></span> <span class='ocrx_word' id='word_1_100' title='bbox 705 1651 907 1699; x_wconf 85' lang='lat' dir='ltr'><strong>semen,</strong></span> <span class='ocrx_word' id='word_1_101' title='bbox 937 1650 1042 1689; x_wconf 92' lang='lat' dir='ltr'><strong>non</strong></span> <span class='ocrx_word' id='word_1_102' title='bbox 1064 1635 1174 1704; x_wconf 90' lang='lat' dir='ltr'><strong>pari</strong></span> <span class='ocrx_word' id='word_1_103' title='bbox 1203 1634 1479 1689; x_wconf 86' lang='lat' dir='ltr'><strong>alacritate</strong></span> <span class='ocrx_word' id='word_1_104' title='bbox 1502 1635 1877 1704; x_wconf 74' lang='lat' dir='ltr'><strong>agriculturam</strong></span> <span class='ocrx_word' id='word_1_105' title='bbox 1895 1645 2131 1690; x_wconf 80' lang='lat' dir='ltr'><strong>exercet.</strong></span> 
     </span>
    </p>
   </div>
   <div class='ocr_carea' id='block_1_16' title="bbox 548 1722 2138 1796">
    <p class='ocr_par' dir='ltr' id='par_1_16' title="bbox 548 1722 2138 1796">
     <span class='ocr_line' id='line_1_16' title="bbox 548 1722 2138 1796; baseline -0.001 -15"><span class='ocrx_word' id='word_1_106' title='bbox 548 1728 609 1781; x_wconf 76' lang='lat' dir='ltr'><strong>Et</strong></span> <span class='ocrx_word' id='word_1_107' title='bbox 631 1726 866 1781; x_wconf 85' lang='lat' dir='ltr'><strong>medicus</strong></span> <span class='ocrx_word' id='word_1_108' title='bbox 887 1725 1072 1780; x_wconf 88' lang='lat' dir='ltr'><strong>videns</strong></span> <span class='ocrx_word' id='word_1_109' title='bbox 1095 1725 1360 1796; x_wconf 76' lang='lat' dir='ltr'><strong>inﬁrmum</strong></span> <span class='ocrx_word' id='word_1_110' title='bbox 1382 1725 1494 1780; x_wconf 82' lang='lat' dir='ltr'><strong>suis</strong></span> <span class='ocrx_word' id='word_1_111' title='bbox 1509 1724 1773 1780; x_wconf 82' lang='lat' dir='ltr'><strong>mandatis</strong></span> <span class='ocrx_word' id='word_1_112' title='bbox 1797 1741 1904 1780; x_wconf 91' lang='lat' dir='ltr'><strong>non</strong></span> <span class='ocrx_word' id='word_1_113' title='bbox 1929 1722 2138 1781; x_wconf 76' lang='lat' dir='ltr'><strong>obtem-</strong></span> 
     </span>
    </p>
   </div>
   <div class='ocr_carea' id='block_1_17' title="bbox 548 1816 2134 1887">
    <p class='ocr_par' dir='ltr' id='par_1_17' title="bbox 548 1816 2134 1887">
     <span class='ocr_line' id='line_1_17' title="bbox 548 1816 2134 1887; baseline 0.001 -16"><span class='ocrx_word' id='word_1_114' title='bbox 548 1832 757 1886; x_wconf 83' lang='lat' dir='ltr'><strong>perare,</strong></span> <span class='ocrx_word' id='word_1_115' title='bbox 801 1817 896 1872; x_wconf 87' lang='lat' dir='ltr'><strong>sed</strong></span> <span class='ocrx_word' id='word_1_116' title='bbox 939 1827 1213 1872; x_wconf 89' lang='lat' dir='ltr'><strong>vacantem</strong></span> <span class='ocrx_word' id='word_1_117' title='bbox 1251 1816 1489 1887; x_wconf 88' lang='lat' dir='ltr'><strong>quotidie</strong></span> <span class='ocrx_word' id='word_1_118' title='bbox 1516 1817 1582 1872; x_wconf 92' lang='lat' dir='ltr'><strong>iis</strong></span> <span class='ocrx_word' id='word_1_119' title='bbox 1609 1832 1726 1886; x_wconf 67' lang='lat' dir='ltr'><strong>quae</strong></span> <span class='ocrx_word' id='word_1_120' title='bbox 1764 1819 2009 1872; x_wconf 86' lang='lat' dir='ltr'><strong>morbum</strong></span> <span class='ocrx_word' id='word_1_121' title='bbox 2035 1834 2134 1873; x_wconf 91' lang='lat' dir='ltr'><strong>au-</strong></span> 
     </span>
    </p>
   </div>
   <div class='ocr_carea' id='block_1_18' title="bbox 547 1907 2132 1978">
    <p class='ocr_par' dir='ltr' id='par_1_18' title="bbox 547 1907 2132 1978">
     <span class='ocr_line' id='line_1_18' title="bbox 547 1907 2132 1978; baseline 0 -16"><span class='ocrx_word' id='word_1_122' title='bbox 547 1918 692 1978; x_wconf 88' lang='lat' dir='ltr'><strong>gent,</strong></span> <span class='ocrx_word' id='word_1_123' title='bbox 727 1923 1096 1977; x_wconf 62' lang='lat' dir='ltr'><strong>u&#39;epenumero</strong></span> <span class='ocrx_word' id='word_1_124' title='bbox 1125 1909 1179 1963; x_wconf 91' lang='lat' dir='ltr'><strong>in</strong></span> <span class='ocrx_word' id='word_1_125' title='bbox 1215 1923 1311 1963; x_wconf 87' lang='lat' dir='ltr'><strong>sua</strong></span> <span class='ocrx_word' id='word_1_126' title='bbox 1338 1907 1484 1962; x_wconf 91' lang='lat' dir='ltr'><strong>illum</strong></span> <span class='ocrx_word' id='word_1_127' title='bbox 1524 1907 1839 1977; x_wconf 69' lang='lat' dir='ltr'><strong>aegritudine</strong></span> <span class='ocrx_word' id='word_1_128' title='bbox 1865 1908 2132 1978; x_wconf 67' lang='lat' dir='ltr'><strong>relinquit,</strong></span> 
     </span>
    </p>
   </div>
   <div class='ocr_carea' id='block_1_19' title="bbox 552 1999 2138 2070">
    <p class='ocr_par' dir='ltr' id='par_1_19' title="bbox 552 1999 2138 2070">
     <span class='ocr_line' id='line_1_19' title="bbox 552 1999 2138 2070; baseline 0.003 -19"><span class='ocrx_word' id='word_1_129' title='bbox 552 2010 608 2053; x_wconf 92' lang='lat' dir='ltr'><strong>nt</strong></span> <span class='ocrx_word' id='word_1_130' title='bbox 635 2000 964 2068; x_wconf 77' lang='lat' dir='ltr'><strong>experientia</strong></span> <span class='ocrx_word' id='word_1_131' title='bbox 996 2000 1109 2068; x_wconf 90' lang='lat' dir='ltr'><strong>ipsa</strong></span> <span class='ocrx_word' id='word_1_132' title='bbox 1149 2008 1324 2053; x_wconf 90' lang='lat' dir='ltr'><strong>utatur</strong></span> <span class='ocrx_word' id='word_1_133' title='bbox 1366 1999 1641 2069; x_wconf 89' lang='lat' dir='ltr'><strong>magistra,</strong></span> <span class='ocrx_word' id='word_1_134' title='bbox 1682 2009 1738 2053; x_wconf 92' lang='lat' dir='ltr'><strong>ut</strong></span> <span class='ocrx_word' id='word_1_135' title='bbox 1771 2014 1835 2054; x_wconf 88' lang='lat' dir='ltr'><strong>ea</strong></span> <span class='ocrx_word' id='word_1_136' title='bbox 1877 2015 1998 2070; x_wconf 75' lang='lat' dir='ltr'><strong>qua:</strong></span> <span class='ocrx_word' id='word_1_137' title='bbox 2037 2001 2138 2056; x_wconf 82' lang='lat' dir='ltr'><strong>sibi</strong></span> 
     </span>
    </p>
   </div>
   <div class='ocr_carea' id='block_1_20' title="bbox 551 2087 2137 2159">
    <p class='ocr_par' dir='ltr' id='par_1_20' title="bbox 551 2087 2137 2159">
     <span class='ocr_line' id='line_1_20' title="bbox 551 2087 2137 2159; baseline 0.005 -21"><span class='ocrx_word' id='word_1_138' title='bbox 551 2090 756 2156; x_wconf 84' lang='lat' dir='ltr'><strong>prosint</strong></span> <span class='ocrx_word' id='word_1_139' title='bbox 793 2089 1012 2143; x_wconf 88' lang='lat' dir='ltr'><strong>ediscat.</strong></span> <span class='ocrx_word' id='word_1_140' title='bbox 1052 2087 1310 2142; x_wconf 89' lang='lat' dir='ltr'><strong>Similiter</strong></span> <span class='ocrx_word' id='word_1_141' title='bbox 1342 2097 1396 2142; x_wconf 92' lang='lat' dir='ltr'><strong>et</strong></span> <span class='ocrx_word' id='word_1_142' title='bbox 1443 2088 1532 2158; x_wconf 89' lang='lat' dir='ltr'><strong>qui</strong></span> <span class='ocrx_word' id='word_1_143' title='bbox 1584 2087 1895 2156; x_wconf 66' lang='lat' dir='ltr'><strong>disciplinas</strong></span> <span class='ocrx_word' id='word_1_144' title='bbox 1940 2104 2137 2159; x_wconf 88' lang='lat' dir='ltr'><strong>pueros</strong></span> 
     </span>
    </p>
   </div>
   <div class='ocr_carea' id='block_1_21' title="bbox 549 2179 2138 2251">
    <p class='ocr_par' dir='ltr' id='par_1_21' title="bbox 549 2179 2138 2251">
     <span class='ocr_line' id='line_1_21' title="bbox 549 2179 2138 2251; baseline 0.004 -19"><span class='ocrx_word' id='word_1_145' title='bbox 549 2180 763 2245; x_wconf 74' lang='lat' dir='ltr'><strong>docent,</strong></span> <span class='ocrx_word' id='word_1_146' title='bbox 791 2181 1034 2234; x_wconf 76' lang='lat' dir='ltr'><strong>videntes</strong></span> <span class='ocrx_word' id='word_1_147' title='bbox 1087 2180 1204 2233; x_wconf 88' lang='lat' dir='ltr'><strong>illos</strong></span> <span class='ocrx_word' id='word_1_148' title='bbox 1259 2179 1435 2249; x_wconf 86' lang='lat' dir='ltr'><strong>priora</strong></span> <span class='ocrx_word' id='word_1_149' title='bbox 1485 2193 1761 2248; x_wconf 85' lang='lat' dir='ltr'><strong>respuere,</strong></span> <span class='ocrx_word' id='word_1_150' title='bbox 1808 2191 1863 2235; x_wconf 91' lang='lat' dir='ltr'><strong>et</strong></span> <span class='ocrx_word' id='word_1_151' title='bbox 1905 2182 2138 2251; x_wconf 87' lang='lat' dir='ltr'><strong>abjicere</strong></span> 
     </span>
    </p>
   </div>
   <div class='ocr_carea' id='block_1_22' title="bbox 549 2269 2136 2339">
    <p class='ocr_par' dir='ltr' id='par_1_22' title="bbox 549 2269 2136 2339">
     <span class='ocr_line' id='line_1_22' title="bbox 549 2269 2136 2339; baseline 0.003 -16"><span class='ocrx_word' id='word_1_152' title='bbox 549 2284 736 2323; x_wconf 84' lang='lat' dir='ltr'><strong>eorum</strong></span> <span class='ocrx_word' id='word_1_153' title='bbox 765 2284 882 2338; x_wconf 79' lang='lat' dir='ltr'><strong>qua:</strong></span> <span class='ocrx_word' id='word_1_154' title='bbox 910 2278 1066 2322; x_wconf 85' lang='lat' dir='ltr'><strong>antea</strong></span> <span class='ocrx_word' id='word_1_155' title='bbox 1094 2269 1270 2323; x_wconf 78' lang='lat' dir='ltr'><strong>edocti</strong></span> <span class='ocrx_word' id='word_1_156' title='bbox 1292 2278 1417 2323; x_wconf 79' lang='lat' dir='ltr'><strong>sum</strong></span> <span class='ocrx_word' id='word_1_157' title='bbox 1442 2273 1774 2332; x_wconf 84' lang='lat' dir='ltr'><strong>memoriam,</strong></span> <span class='ocrx_word' id='word_1_158' title='bbox 1808 2283 1953 2339; x_wconf 67' lang='lat' dir='ltr'><strong>saepe</strong></span> <span class='ocrx_word' id='word_1_159' title='bbox 1979 2289 2136 2328; x_wconf 78' lang='lat' dir='ltr'><strong>aver-</strong></span> 
     </span>
    </p>
   </div>
   <div class='ocr_carea' id='block_1_23' title="bbox 547 2357 2135 2428">
    <p class='ocr_par' dir='ltr' id='par_1_23' title="bbox 547 2357 2135 2428">
     <span class='ocr_line' id='line_1_23' title="bbox 547 2357 2135 2428; baseline 0.003 -16"><span class='ocrx_word' id='word_1_160' title='bbox 547 2367 736 2412; x_wconf 87' lang='lat' dir='ltr'><strong>santur</strong></span> <span class='ocrx_word' id='word_1_161' title='bbox 753 2401 767 2422; x_wconf 91' lang='lat'><strong>,</strong></span> <span class='ocrx_word' id='word_1_162' title='bbox 795 2359 874 2413; x_wconf 90' lang='lat' dir='ltr'><strong>sic</strong></span> <span class='ocrx_word' id='word_1_163' title='bbox 897 2357 1272 2428; x_wconf 71' lang='lat' dir='ltr'><strong>negligentiam</strong></span> <span class='ocrx_word' id='word_1_164' title='bbox 1303 2373 1488 2413; x_wconf 84' lang='lat' dir='ltr'><strong>eorum</strong></span> <span class='ocrx_word' id='word_1_165' title='bbox 1514 2359 1830 2426; x_wconf 80' lang='lat' dir='ltr'><strong>corteeturi,</strong></span> <span class='ocrx_word' id='word_1_166' title='bbox 1853 2370 1907 2416; x_wconf 89' lang='lat' dir='ltr'><strong>et</strong></span> <span class='ocrx_word' id='word_1_167' title='bbox 1925 2361 1993 2416; x_wconf 91' lang='lat' dir='ltr'><strong>ad</strong></span> <span class='ocrx_word' id='word_1_168' title='bbox 2020 2379 2135 2417; x_wconf 85' lang='lat' dir='ltr'><strong>ma-</strong></span> 
     </span>
    </p>
   </div>
   <div class='ocr_carea' id='block_1_24' title="bbox 546 2449 1211 2519">
    <p class='ocr_par' dir='ltr' id='par_1_24' title="bbox 546 2449 1211 2519">
     <span class='ocr_line' id='line_1_24' title="bbox 546 2449 1211 2519; baseline 0.003 -17"><span class='ocrx_word' id='word_1_169' title='bbox 546 2451 634 2519; x_wconf 88' lang='lat' dir='ltr'><strong>jus</strong></span> <span class='ocrx_word' id='word_1_170' title='bbox 656 2449 887 2504; x_wconf 78' lang='lat' dir='ltr'><strong>studium</strong></span> <span class='ocrx_word' id='word_1_171' title='bbox 921 2449 1211 2505; x_wconf 75' lang='lat' dir='ltr'><strong>reduczuri.</strong></span> 
     </span>
    </p>
   </div>
   <div class='ocr_carea' id='block_1_25' title="bbox 625 2542 2132 2616">
    <p class='ocr_par' dir='ltr' id='par_1_25' title="bbox 625 2542 2132 2616">
     <span class='ocr_line' id='line_1_25' title="bbox 625 2542 2132 2616; baseline 0.003 -19"><span class='ocrx_word' id='word_1_172' title='bbox 625 2542 912 2597; x_wconf 65' lang='lat' dir='ltr'><strong>Saculares</strong></span> <span class='ocrx_word' id='word_1_173' title='bbox 952 2543 1152 2596; x_wconf 75' lang='lat' dir='ltr'><strong>labores</strong></span> <span class='ocrx_word' id='word_1_174' title='bbox 1199 2559 1314 2596; x_wconf 86' lang='lat' dir='ltr'><strong>cunt</strong></span> <span class='ocrx_word' id='word_1_175' title='bbox 1361 2542 1709 2613; x_wconf 88' lang='lat' dir='ltr'><strong>spiritualibus</strong></span> <span class='ocrx_word' id='word_1_176' title='bbox 1751 2558 2132 2616; x_wconf 81' lang='lat' dir='ltr'><strong>comparantur.</strong></span> 
     </span>
    </p>
   </div>
   <div class='ocr_carea' id='block_1_26' title="bbox 553 2631 2134 2705">
    <p class='ocr_par' dir='ltr' id='par_1_26' title="bbox 553 2631 2134 2705">
     <span class='ocr_line' id='line_1_26' title="bbox 553 2631 2134 2705; baseline 0.005 -19"><span class='ocrx_word' id='word_1_177' title='bbox 553 2631 674 2686; x_wconf 80' lang='lat' dir='ltr'><strong>Non</strong></span> <span class='ocrx_word' id='word_1_178' title='bbox 695 2631 966 2700; x_wconf 76' lang='lat' dir='ltr'><strong>fraudatur</strong></span> <span class='ocrx_word' id='word_1_179' title='bbox 986 2633 1229 2698; x_wconf 78' lang='lat' dir='ltr'><strong>mercede,</strong></span> <span class='ocrx_word' id='word_1_180' title='bbox 1244 2636 1330 2701; x_wconf 82' lang='lat' dir='ltr'><strong>qui</strong></span> <span class='ocrx_word' id='word_1_181' title='bbox 1348 2635 1602 2689; x_wconf 86' lang='lat' dir='ltr'><strong>auditores</strong></span> <span class='ocrx_word' id='word_1_182' title='bbox 1625 2651 1724 2688; x_wconf 91' lang='lat' dir='ltr'><strong>non</strong></span> <span class='ocrx_word' id='word_1_183' title='bbox 1748 2637 1921 2705; x_wconf 68' lang='lat' dir='ltr'><strong>ﬂectit.</strong></span> <span class='ocrx_word' id='word_1_184' title='bbox 1941 2666 2011 2678; x_wconf 91' lang='lat'><strong><em>—</em></strong></span> <span class='ocrx_word' id='word_1_185' title='bbox 2030 2637 2134 2694; x_wconf 78' lang='lat' dir='ltr'><strong>Ve-</strong></span> 
     </span>
    </p>
   </div>
   <div class='ocr_carea' id='block_1_27' title="bbox 469 2715 2136 2798">
    <p class='ocr_par' dir='ltr' id='par_1_27' title="bbox 469 2715 2136 2798">
     <span class='ocr_line' id='line_1_27' title="bbox 469 2715 2136 2798; baseline 0.004 -23"><span class='ocrx_word' id='word_1_186' title='bbox 469 2715 474 2721; x_wconf 68' lang='grc'>’</span> <span class='ocrx_word' id='word_1_187' title='bbox 551 2733 850 2778; x_wconf 83' lang='lat' dir='ltr'><strong>rutntamen</strong></span> <span class='ocrx_word' id='word_1_188' title='bbox 867 2724 1096 2793; x_wconf 74' lang='lat' dir='ltr'><strong>agricola</strong></span> <span class='ocrx_word' id='word_1_189' title='bbox 1108 2723 1323 2793; x_wconf 89' lang='lat' dir='ltr'><strong>qnidctn</strong></span> <span class='ocrx_word' id='word_1_190' title='bbox 1338 2724 1526 2778; x_wconf 91' lang='lat' dir='ltr'><strong>merito</strong></span> <span class='ocrx_word' id='word_1_191' title='bbox 1543 2727 1756 2795; x_wconf 82' lang='lat' dir='ltr'><strong>segnior</strong></span> <span class='ocrx_word' id='word_1_192' title='bbox 1773 2741 1917 2796; x_wconf 77' lang='lat' dir='ltr'><strong>sa-pe</strong></span> <span class='ocrx_word' id='word_1_193' title='bbox 1936 2729 2136 2798; x_wconf 79' lang='lat' dir='ltr'><strong>evadit,</strong></span> 
     </span>
    </p>
   </div>
   <div class='ocr_carea' id='block_1_28' title="bbox 549 2813 2137 2889">
    <p class='ocr_par' dir='ltr' id='par_1_28' title="bbox 549 2813 2137 2889">
     <span class='ocr_line' id='line_1_28' title="bbox 549 2813 2137 2889; baseline 0.007 -26"><span class='ocrx_word' id='word_1_194' title='bbox 549 2813 671 2882; x_wconf 87' lang='lat' dir='ltr'><strong>quia</strong></span> <span class='ocrx_word' id='word_1_195' title='bbox 701 2813 844 2866; x_wconf 90' lang='lat' dir='ltr'><strong>videt</strong></span> <span class='ocrx_word' id='word_1_196' title='bbox 859 2813 1111 2866; x_wconf 90' lang='lat' dir='ltr'><strong>damnum</strong></span> <span class='ocrx_word' id='word_1_197' title='bbox 1147 2827 1302 2866; x_wconf 86' lang='lat' dir='ltr'><strong>suum</strong></span> <span class='ocrx_word' id='word_1_198' title='bbox 1336 2814 1509 2882; x_wconf 84' lang='lat' dir='ltr'><strong>majus</strong></span> <span class='ocrx_word' id='word_1_199' title='bbox 1541 2815 1676 2878; x_wconf 77' lang='lat' dir='ltr'><strong>ﬁeri,</strong></span> <span class='ocrx_word' id='word_1_200' title='bbox 1723 2827 1905 2886; x_wconf 90' lang='lat' dir='ltr'><strong>utpote</strong></span> <span class='ocrx_word' id='word_1_201' title='bbox 1927 2820 2017 2889; x_wconf 93' lang='lat' dir='ltr'><strong>qui</strong></span> <span class='ocrx_word' id='word_1_202' title='bbox 2057 2820 2137 2875; x_wconf 72' lang='lat' dir='ltr'><strong>la-</strong></span> 
     </span>
    </p>
   </div>
   <div class='ocr_carea' id='block_1_29' title="bbox 552 2902 2139 2970">
    <p class='ocr_par' dir='ltr' id='par_1_29' title="bbox 552 2902 2139 2970">
     <span class='ocr_line' id='line_1_29' title="bbox 552 2902 2139 2970; baseline 0.006 -15"><span class='ocrx_word' id='word_1_203' title='bbox 552 2903 735 2956; x_wconf 86' lang='lat' dir='ltr'><strong>borem</strong></span> <span class='ocrx_word' id='word_1_204' title='bbox 763 2912 1073 2970; x_wconf 86' lang='lat' dir='ltr'><strong>ctsnmptus</strong></span> <span class='ocrx_word' id='word_1_205' title='bbox 1101 2902 1257 2966; x_wconf 86' lang='lat' dir='ltr'><strong>lerat,</strong></span> <span class='ocrx_word' id='word_1_206' title='bbox 1280 2912 1336 2957; x_wconf 90' lang='lat' dir='ltr'><strong>et</strong></span> <span class='ocrx_word' id='word_1_207' title='bbox 1378 2905 1638 2959; x_wconf 79' lang='lat' dir='ltr'><strong>fructibus</strong></span> <span class='ocrx_word' id='word_1_208' title='bbox 1661 2906 1998 2963; x_wconf 89' lang='lat' dir='ltr'><strong>destituatur.</strong></span> <span class='ocrx_word' id='word_1_209' title='bbox 2030 2910 2139 2965; x_wconf 75' lang='lat' dir='ltr'><strong>Ile-</strong></span> 
     </span>
    </p>
   </div>
   <div class='ocr_carea' id='block_1_30' title="bbox 550 2995 2134 3072">
    <p class='ocr_par' dir='ltr' id='par_1_30' title="bbox 550 2995 2134 3072">
     <span class='ocr_line' id='line_1_30' title="bbox 550 2995 2134 3072; baseline 0.006 -25"><span class='ocrx_word' id='word_1_210' title='bbox 550 2996 704 3048; x_wconf 88' lang='lat' dir='ltr'><strong>dicus</strong></span> <span class='ocrx_word' id='word_1_211' title='bbox 752 3005 927 3049; x_wconf 91' lang='lat' dir='ltr'><strong>autem</strong></span> <span class='ocrx_word' id='word_1_212' title='bbox 958 3010 1062 3048; x_wconf 90' lang='lat' dir='ltr'><strong>non</strong></span> <span class='ocrx_word' id='word_1_213' title='bbox 1095 2995 1358 3050; x_wconf 88' lang='lat' dir='ltr'><strong>immerito</strong></span> <span class='ocrx_word' id='word_1_214' title='bbox 1397 3011 1596 3067; x_wconf 73' lang='lat' dir='ltr'><strong>tegi-um</strong></span> <span class='ocrx_word' id='word_1_215' title='bbox 1650 3015 1791 3069; x_wconf 62' lang='lat' dir='ltr'><strong>saepe</strong></span> <span class='ocrx_word' id='word_1_216' title='bbox 1842 3002 2134 3072; x_wconf 88' lang='lat' dir='ltr'><strong>relinquit:</strong></span> 
     </span>
    </p>
   </div>
   <div class='ocr_carea' id='block_1_31' title="bbox 549 3086 2140 3157">
    <p class='ocr_par' dir='ltr' id='par_1_31' title="bbox 549 3086 2140 3157">
     <span class='ocr_line' id='line_1_31' title="bbox 549 3086 2140 3157; baseline 0.006 -18"><span class='ocrx_word' id='word_1_217' title='bbox 549 3100 748 3152; x_wconf 88' lang='lat' dir='ltr'><strong>corpus</strong></span> <span class='ocrx_word' id='word_1_218' title='bbox 790 3086 934 3139; x_wconf 91' lang='lat' dir='ltr'><strong>enim</strong></span> <span class='ocrx_word' id='word_1_219' title='bbox 967 3095 1048 3139; x_wconf 85' lang='lat' dir='ltr'><strong>est</strong></span> <span class='ocrx_word' id='word_1_220' title='bbox 1075 3086 1215 3154; x_wconf 89' lang='lat' dir='ltr'><strong>quod</strong></span> <span class='ocrx_word' id='word_1_221' title='bbox 1240 3094 1476 3152; x_wconf 85' lang='lat' dir='ltr'><strong>curatur,</strong></span> <span class='ocrx_word' id='word_1_222' title='bbox 1508 3097 1562 3140; x_wconf 89' lang='lat' dir='ltr'><strong>et</strong></span> <span class='ocrx_word' id='word_1_223' title='bbox 1592 3097 1809 3157; x_wconf 83' lang='lat' dir='ltr'><strong>propter</strong></span> <span class='ocrx_word' id='word_1_224' title='bbox 1835 3090 1936 3146; x_wconf 90' lang='lat' dir='ltr'><strong>hoc</strong></span> <span class='ocrx_word' id='word_1_225' title='bbox 1961 3093 2140 3148; x_wconf 81' lang='lat' dir='ltr'><strong>dimit-</strong></span> 
     </span>
    </p>
   </div>
   <div class='ocr_carea' id='block_1_32' title="bbox 552 3175 2140 3246">
    <p class='ocr_par' dir='ltr' id='par_1_32' title="bbox 552 3175 2140 3246">
     <span class='ocr_line' id='line_1_32' title="bbox 552 3175 2140 3246; baseline 0.005 -17"><span class='ocrx_word' id='word_1_226' title='bbox 552 3177 650 3241; x_wconf 91' lang='lat' dir='ltr'><strong>tit,</strong></span> <span class='ocrx_word' id='word_1_227' title='bbox 675 3189 731 3229; x_wconf 91' lang='lat' dir='ltr'><strong>ut</strong></span> <span class='ocrx_word' id='word_1_228' title='bbox 759 3175 961 3229; x_wconf 88' lang='lat' dir='ltr'><strong>doloris</strong></span> <span class='ocrx_word' id='word_1_229' title='bbox 987 3176 1225 3229; x_wconf 84' lang='lat' dir='ltr'><strong>accessio</strong></span> <span class='ocrx_word' id='word_1_230' title='bbox 1253 3177 1305 3228; x_wconf 91' lang='lat' dir='ltr'><strong>in</strong></span> <span class='ocrx_word' id='word_1_231' title='bbox 1331 3175 1502 3229; x_wconf 89' lang='lat' dir='ltr'><strong>morbi</strong></span> <span class='ocrx_word' id='word_1_232' title='bbox 1525 3192 1743 3232; x_wconf 90' lang='lat' dir='ltr'><strong>sensum</strong></span> <span class='ocrx_word' id='word_1_233' title='bbox 1769 3179 1947 3246; x_wconf 85' lang='lat' dir='ltr'><strong>ducat,</strong></span> <span class='ocrx_word' id='word_1_234' title='bbox 1982 3191 2036 3236; x_wconf 92' lang='lat' dir='ltr'><strong>et</strong></span> <span class='ocrx_word' id='word_1_235' title='bbox 2059 3184 2140 3238; x_wconf 89' lang='lat' dir='ltr'><strong>sic</strong></span> 
     </span>
    </p>
   </div>
   <div class='ocr_carea' id='block_1_33' title="bbox 551 3265 2135 3341">
    <p class='ocr_par' dir='ltr' id='par_1_33' title="bbox 551 3265 2135 3341">
     <span class='ocr_line' id='line_1_33' title="bbox 551 3265 2135 3341; baseline 0.005 -21"><span class='ocrx_word' id='word_1_236' title='bbox 551 3266 762 3321; x_wconf 83' lang='lat' dir='ltr'><strong>tandem</strong></span> <span class='ocrx_word' id='word_1_237' title='bbox 785 3265 1101 3320; x_wconf 84' lang='lat' dir='ltr'><strong>medicinam</strong></span> <span class='ocrx_word' id='word_1_238' title='bbox 1128 3279 1232 3319; x_wconf 92' lang='lat' dir='ltr'><strong>non</strong></span> <span class='ocrx_word' id='word_1_239' title='bbox 1261 3275 1498 3334; x_wconf 83' lang='lat' dir='ltr'><strong>respuat.</strong></span> <span class='ocrx_word' id='word_1_240' title='bbox 1525 3266 1774 3336; x_wconf 75' lang='lat' dir='ltr'><strong>Magister</strong></span> <span class='ocrx_word' id='word_1_241' title='bbox 1798 3281 1979 3326; x_wconf 88' lang='lat' dir='ltr'><strong>autem</strong></span> <span class='ocrx_word' id='word_1_242' title='bbox 2004 3273 2135 3341; x_wconf 92' lang='lat' dir='ltr'><strong>ludi,</strong></span> 
     </span>
    </p>
   </div>
   <div class='ocr_carea' id='block_1_34' title="bbox 548 3353 2136 3432">
    <p class='ocr_par' dir='ltr' id='par_1_34' title="bbox 548 3353 2136 3432">
     <span class='ocr_line' id='line_1_34' title="bbox 548 3353 2136 3432; baseline 0.009 -28"><span class='ocrx_word' id='word_1_243' title='bbox 548 3371 616 3407; x_wconf 84' lang='lat' dir='ltr'><strong>eo</strong></span> <span class='ocrx_word' id='word_1_244' title='bbox 641 3353 782 3424; x_wconf 88' lang='lat' dir='ltr'><strong>quod</strong></span> <span class='ocrx_word' id='word_1_245' title='bbox 811 3363 989 3409; x_wconf 81' lang='lat' dir='ltr'><strong>tenera</strong></span> <span class='ocrx_word' id='word_1_246' title='bbox 1016 3362 1140 3408; x_wconf 78' lang='lat' dir='ltr'><strong>sinit</strong></span> <span class='ocrx_word' id='word_1_247' title='bbox 1165 3363 1342 3419; x_wconf 73' lang='lat' dir='ltr'><strong>aetate,</strong></span> <span class='ocrx_word' id='word_1_248' title='bbox 1375 3355 1572 3410; x_wconf 88' lang='lat' dir='ltr'><strong>utiliter</strong></span> <span class='ocrx_word' id='word_1_249' title='bbox 1599 3373 1994 3430; x_wconf 87' lang='lat' dir='ltr'><strong>nonnumquam</strong></span> <span class='ocrx_word' id='word_1_250' title='bbox 2027 3365 2136 3432; x_wconf 85' lang='lat' dir='ltr'><strong>pla-</strong></span> 
     </span>
    </p>
   </div>
   <div class='ocr_carea' id='block_1_35' title="bbox 548 3444 2138 3517">
    <p class='ocr_par' dir='ltr' id='par_1_35' title="bbox 548 3444 2138 3517">
     <span class='ocr_line' id='line_1_35' title="bbox 548 3444 2138 3517; baseline 0.007 -18"><span class='ocrx_word' id='word_1_251' title='bbox 548 3448 630 3517; x_wconf 87' lang='lat' dir='ltr'><strong>gis</strong></span> <span class='ocrx_word' id='word_1_252' title='bbox 661 3461 854 3516; x_wconf 87' lang='lat' dir='ltr'><strong>pueros</strong></span> <span class='ocrx_word' id='word_1_253' title='bbox 886 3447 1130 3515; x_wconf 89' lang='lat' dir='ltr'><strong>castigat.</strong></span> <span class='ocrx_word' id='word_1_254' title='bbox 1192 3444 1387 3500; x_wconf 80' lang='lat' dir='ltr'><strong>Verum</strong></span> <span class='ocrx_word' id='word_1_255' title='bbox 1429 3462 1527 3501; x_wconf 89' lang='lat' dir='ltr'><strong>nos</strong></span> <span class='ocrx_word' id='word_1_256' title='bbox 1558 3447 1715 3503; x_wconf 84' lang='lat' dir='ltr'><strong>hodie</strong></span> <span class='ocrx_word' id='word_1_257' title='bbox 1761 3462 1983 3506; x_wconf 90' lang='lat' dir='ltr'><strong>cunctos</strong></span> <span class='ocrx_word' id='word_1_258' title='bbox 2015 3454 2138 3510; x_wconf 87' lang='lat' dir='ltr'><strong>illos</strong></span> 
     </span>
    </p>
   </div>
   <div class='ocr_carea' id='block_1_36' title="bbox 549 3538 2140 3617">
    <p class='ocr_par' dir='ltr' id='par_1_36' title="bbox 549 3538 2140 3617">
     <span class='ocr_line' id='line_1_36' title="bbox 549 3538 2140 3617; baseline 0.008 -25"><span class='ocrx_word' id='word_1_259' title='bbox 549 3548 898 3607; x_wconf 82' lang='lat' dir='ltr'><strong>superantes,</strong></span> <span class='ocrx_word' id='word_1_260' title='bbox 950 3538 1052 3591; x_wconf 83' lang='lat' dir='ltr'><strong>hoc</strong></span> <span class='ocrx_word' id='word_1_261' title='bbox 1102 3553 1320 3608; x_wconf 78' lang='lat' dir='ltr'><strong>agemus</strong></span> <span class='ocrx_word' id='word_1_262' title='bbox 1365 3548 1423 3593; x_wconf 88' lang='lat' dir='ltr'><strong>ut</strong></span> <span class='ocrx_word' id='word_1_263' title='bbox 1461 3550 1742 3608; x_wconf 84' lang='lat' dir='ltr'><strong>paternum</strong></span> <span class='ocrx_word' id='word_1_264' title='bbox 1786 3561 1909 3611; x_wconf 78' lang='lat' dir='ltr'><strong>erga</strong></span> <span class='ocrx_word' id='word_1_265' title='bbox 1959 3546 2140 3617; x_wconf 67' lang='lat' dir='ltr'><strong>lapsos</strong></span> 
     </span>
    </p>
   </div>
   <div class='ocr_carea' id='block_1_37' title="bbox 548 3628 2138 3708">
    <p class='ocr_par' dir='ltr' id='par_1_37' title="bbox 548 3628 2138 3708">
     <span class='ocr_line' id='line_1_37' title="bbox 548 3628 2138 3708; baseline 0.006 -26"><span class='ocrx_word' id='word_1_266' title='bbox 548 3643 789 3682; x_wconf 84' lang='lat' dir='ltr'><strong>amorem</strong></span> <span class='ocrx_word' id='word_1_267' title='bbox 815 3628 1166 3692; x_wconf 66' lang='lat' dir='ltr'><strong>deelart-mus,</strong></span> <span class='ocrx_word' id='word_1_268' title='bbox 1199 3638 1248 3683; x_wconf 88' lang='lat' dir='ltr'><strong>et</strong></span> <span class='ocrx_word' id='word_1_269' title='bbox 1290 3629 1597 3694; x_wconf 87' lang='lat' dir='ltr'><strong>doceamus,</strong></span> <span class='ocrx_word' id='word_1_270' title='bbox 1630 3631 1676 3685; x_wconf 90' lang='lat' dir='ltr'><strong>si</strong></span> <span class='ocrx_word' id='word_1_271' title='bbox 1717 3633 1770 3685; x_wconf 92' lang='lat' dir='ltr'><strong>in</strong></span> <span class='ocrx_word' id='word_1_272' title='bbox 1823 3634 1910 3688; x_wconf 93' lang='lat' dir='ltr'><strong>illa</strong></span> <span class='ocrx_word' id='word_1_273' title='bbox 1967 3639 2138 3708; x_wconf 84' lang='lat' dir='ltr'><strong>negli-</strong></span> 
     </span>
    </p>
   </div>
   <div class='ocr_carea' id='block_1_38' title="bbox 550 3711 2137 3790">
    <p class='ocr_par' dir='ltr' id='par_1_38' title="bbox 550 3711 2137 3790">
     <span class='ocr_line' id='line_1_38' title="bbox 550 3711 2137 3790; baseline 0.007 -15"><span class='ocrx_word' id='word_1_274' title='bbox 550 3722 724 3790; x_wconf 78' lang='lat' dir='ltr'><strong>gentia</strong></span> <span class='ocrx_word' id='word_1_275' title='bbox 755 3721 1086 3785; x_wconf 84' lang='lat' dir='ltr'><strong>manserint,</strong></span> <span class='ocrx_word' id='word_1_276' title='bbox 1118 3736 1211 3775; x_wconf 88' lang='lat' dir='ltr'><strong>eos</strong></span> <span class='ocrx_word' id='word_1_277' title='bbox 1251 3721 1370 3774; x_wconf 88' lang='lat' dir='ltr'><strong>imle</strong></span> <span class='ocrx_word' id='word_1_278' title='bbox 1396 3711 1652 3790; x_wconf 67' lang='lat' dir='ltr'><strong>majorém</strong></span> <span class='ocrx_word' id='word_1_279' title='bbox 1677 3725 2137 3786; x_wconf 71' lang='lat' dir='ltr'><strong>condemnatioiiis</strong></span> 
     </span>
    </p>
   </div>
   <div class='ocr_carea' id='block_1_39' title="bbox 549 3809 2135 3888">
    <p class='ocr_par' dir='ltr' id='par_1_39' title="bbox 549 3809 2135 3888">
     <span class='ocr_line' id='line_1_39' title="bbox 549 3809 2135 3888; baseline 0.006 -24"><span class='ocrx_word' id='word_1_280' title='bbox 549 3827 762 3864; x_wconf 84' lang='lat' dir='ltr'><strong>causam</strong></span> <span class='ocrx_word' id='word_1_281' title='bbox 816 3810 1106 3864; x_wconf 88' lang='lat' dir='ltr'><strong>habituros.</strong></span> <span class='ocrx_word' id='word_1_282' title='bbox 1164 3809 1296 3864; x_wconf 84' lang='lat' dir='ltr'><strong>Nam</strong></span> <span class='ocrx_word' id='word_1_283' title='bbox 1344 3813 1574 3880; x_wconf 75' lang='lat' dir='ltr'><strong>agricola</strong></span> <span class='ocrx_word' id='word_1_284' title='bbox 1613 3815 1826 3882; x_wconf 87' lang='lat' dir='ltr'><strong>quidem</strong></span> <span class='ocrx_word' id='word_1_285' title='bbox 1863 3833 1969 3873; x_wconf 85' lang='lat' dir='ltr'><strong>non</strong></span> <span class='ocrx_word' id='word_1_286' title='bbox 2025 3822 2135 3888; x_wconf 90' lang='lat' dir='ltr'><strong>pari</strong></span> 
     </span>
    </p>
   </div>
   <div class='ocr_carea' id='block_1_40' title="bbox 551 3902 2137 3969">
    <p class='ocr_par' dir='ltr' id='par_1_40' title="bbox 551 3902 2137 3969">
     <span class='ocr_line' id='line_1_40' title="bbox 551 3902 2137 3969; baseline 0.008 -16"><span class='ocrx_word' id='word_1_287' title='bbox 551 3902 825 3955; x_wconf 88' lang='lat' dir='ltr'><strong>alacritate</strong></span> <span class='ocrx_word' id='word_1_288' title='bbox 846 3902 1114 3965; x_wconf 88' lang='lat' dir='ltr'><strong>seminat,</strong></span> <span class='ocrx_word' id='word_1_289' title='bbox 1144 3902 1386 3969; x_wconf 83' lang='lat' dir='ltr'><strong>cogitans</strong></span> <span class='ocrx_word' id='word_1_290' title='bbox 1416 3912 1659 3969; x_wconf 86' lang='lat' dir='ltr'><strong>sumptus</strong></span> <span class='ocrx_word' id='word_1_291' title='bbox 1685 3904 1945 3962; x_wconf 86' lang='lat' dir='ltr'><strong>hactenus</strong></span> <span class='ocrx_word' id='word_1_292' title='bbox 1975 3912 2137 3966; x_wconf 84' lang='lat' dir='ltr'><strong>luisse</strong></span> 
     </span>
    </p>
   </div>
   <div class='ocr_carea' id='block_1_41' title="bbox 553 3993 2139 4056">
    <p class='ocr_par' dir='ltr' id='par_1_41' title="bbox 553 3993 2139 4056">
     <span class='ocr_line' id='line_1_41' title="bbox 553 3993 2139 4056; baseline 0.006 -9"><span class='ocrx_word' id='word_1_293' title='bbox 553 3994 768 4049; x_wconf 89' lang='lat' dir='ltr'><strong>inutiles</strong></span> <span class='ocrx_word' id='word_1_294' title='bbox 798 4012 810 4048; x_wconf 89' lang='lat'><strong>:</strong></span> <span class='ocrx_word' id='word_1_295' title='bbox 840 4008 936 4048; x_wconf 90' lang='lat' dir='ltr'><strong>nos</strong></span> <span class='ocrx_word' id='word_1_296' title='bbox 959 4006 1137 4048; x_wconf 91' lang='lat' dir='ltr'><strong>autem</strong></span> <span class='ocrx_word' id='word_1_297' title='bbox 1170 3993 1238 4048; x_wconf 88' lang='lat' dir='ltr'><strong>ab</strong></span> <span class='ocrx_word' id='word_1_298' title='bbox 1267 3993 1367 4049; x_wconf 78' lang='lat' dir='ltr'><strong>bac</strong></span> <span class='ocrx_word' id='word_1_299' title='bbox 1409 4009 1534 4048; x_wconf 90' lang='lat' dir='ltr'><strong>cura</strong></span> <span class='ocrx_word' id='word_1_300' title='bbox 1565 3994 1715 4049; x_wconf 87' lang='lat' dir='ltr'><strong>liberi</strong></span> <span class='ocrx_word' id='word_1_301' title='bbox 1766 4012 1970 4052; x_wconf 83' lang='lat' dir='ltr'><strong>sumus.</strong></span> <span class='ocrx_word' id='word_1_302' title='bbox 2005 4000 2139 4056; x_wconf 84' lang='lat' dir='ltr'><strong>Nam</strong></span> 
     </span>
    </p>
   </div>
   <div class='ocr_carea' id='block_1_42' title="bbox 556 4083 2137 4160">
    <p class='ocr_par' dir='ltr' id='par_1_42' title="bbox 556 4083 2137 4160">
     <span class='ocr_line' id='line_1_42' title="bbox 556 4083 2137 4160; baseline 0.006 -23"><span class='ocrx_word' id='word_1_303' title='bbox 556 4086 678 4138; x_wconf 89' lang='lat' dir='ltr'><strong>licet</strong></span> <span class='ocrx_word' id='word_1_304' title='bbox 711 4083 859 4152; x_wconf 88' lang='lat' dir='ltr'><strong>jacto</strong></span> <span class='ocrx_word' id='word_1_305' title='bbox 883 4084 1143 4153; x_wconf 88' lang='lat' dir='ltr'><strong>spirituali</strong></span> <span class='ocrx_word' id='word_1_306' title='bbox 1183 4085 1388 4140; x_wconf 83' lang='lat' dir='ltr'><strong>semine</strong></span> <span class='ocrx_word' id='word_1_307' title='bbox 1408 4125 1422 4149; x_wconf 91' lang='lat'><strong>,</strong></span> <span class='ocrx_word' id='word_1_308' title='bbox 1450 4086 1519 4140; x_wconf 85' lang='lat' dir='ltr'><strong>ob</strong></span> <span class='ocrx_word' id='word_1_309' title='bbox 1546 4086 1846 4143; x_wconf 88' lang='lat' dir='ltr'><strong>auditorum</strong></span> <span class='ocrx_word' id='word_1_310' title='bbox 1877 4091 2137 4160; x_wconf 88' lang='lat' dir='ltr'><strong>ignaviam</strong></span> 
     </span>
    </p>
   </div>
   <div class='ocr_carea' id='block_1_43' title="bbox 551 4175 2137 4245">
    <p class='ocr_par' dir='ltr' id='par_1_43' title="bbox 551 4175 2137 4245">
     <span class='ocr_line' id='line_1_43' title="bbox 551 4175 2137 4245; baseline 0.007 -16"><span class='ocrx_word' id='word_1_311' title='bbox 551 4175 780 4229; x_wconf 89' lang='lat' dir='ltr'><strong>l&#39;ruetnm</strong></span> <span class='ocrx_word' id='word_1_312' title='bbox 808 4190 912 4228; x_wconf 91' lang='lat' dir='ltr'><strong>non</strong></span> <span class='ocrx_word' id='word_1_313' title='bbox 936 4175 1228 4244; x_wconf 82' lang='lat' dir='ltr'><strong>capiamus,</strong></span> <span class='ocrx_word' id='word_1_314' title='bbox 1255 4177 1490 4245; x_wconf 84' lang='lat' dir='ltr'><strong>perlecta</strong></span> <span class='ocrx_word' id='word_1_315' title='bbox 1537 4175 1690 4234; x_wconf 91' lang='lat' dir='ltr'><strong>nobis</strong></span> <span class='ocrx_word' id='word_1_316' title='bbox 1734 4189 1908 4236; x_wconf 88' lang='lat' dir='ltr'><strong>tamen</strong></span> <span class='ocrx_word' id='word_1_317' title='bbox 1963 4183 2137 4240; x_wconf 82' lang='lat' dir='ltr'><strong>futura</strong></span> 
     </span>
    </p>
   </div>
   <div class='ocr_carea' id='block_1_44' title="bbox 552 4267 2133 4343">
    <p class='ocr_par' dir='ltr' id='par_1_44' title="bbox 552 4267 2133 4343">
     <span class='ocr_line' id='line_1_44' title="bbox 552 4267 2133 4343; baseline 0.006 -24"><span class='ocrx_word' id='word_1_318' title='bbox 552 4282 761 4320; x_wconf 89' lang='lat' dir='ltr'><strong>merces</strong></span> <span class='ocrx_word' id='word_1_319' title='bbox 794 4283 808 4321; x_wconf 90' lang='lat'><strong>:</strong></span> <span class='ocrx_word' id='word_1_320' title='bbox 834 4268 1112 4336; x_wconf 87' lang='lat' dir='ltr'><strong>pecuniam</strong></span> <span class='ocrx_word' id='word_1_321' title='bbox 1156 4267 1298 4321; x_wconf 92' lang='lat' dir='ltr'><strong>enim</strong></span> <span class='ocrx_word' id='word_1_322' title='bbox 1328 4267 1694 4323; x_wconf 83' lang='lat' dir='ltr'><strong>concreditam</strong></span> <span class='ocrx_word' id='word_1_323' title='bbox 1742 4273 2095 4341; x_wconf 86' lang='lat' dir='ltr'><strong>expendimus</strong></span> <span class='ocrx_word' id='word_1_324' title='bbox 2117 4317 2133 4343; x_wconf 86' lang='lat'><strong>,</strong></span> 
     </span>
    </p>
   </div>
   <div class='ocr_carea' id='block_1_45' title="bbox 549 4358 2136 4434">
    <p class='ocr_par' dir='ltr' id='par_1_45' title="bbox 549 4358 2136 4434">
     <span class='ocr_line' id='line_1_45' title="bbox 549 4358 2136 4434; baseline 0.006 -22"><span class='ocrx_word' id='word_1_325' title='bbox 549 4367 606 4426; x_wconf 80' lang='lat' dir='ltr'><strong>et</strong></span> <span class='ocrx_word' id='word_1_326' title='bbox 636 4358 941 4413; x_wconf 88' lang='lat' dir='ltr'><strong>mandatum</strong></span> <span class='ocrx_word' id='word_1_327' title='bbox 980 4359 1187 4413; x_wconf 90' lang='lat' dir='ltr'><strong>Domini</strong></span> <span class='ocrx_word' id='word_1_328' title='bbox 1220 4359 1556 4428; x_wconf 80' lang='lat' dir='ltr'><strong>implevimus</strong></span> <span class='ocrx_word' id='word_1_329' title='bbox 1589 4370 1881 4417; x_wconf 64' lang='lat' dir='ltr'><strong>:czeterum</strong></span> <span class='ocrx_word' id='word_1_330' title='bbox 1914 4367 2136 4434; x_wconf 86' lang='lat' dir='ltr'><strong>posthac</strong></span> 
     </span>
    </p>
   </div>
   <div class='ocr_carea' id='block_1_46' title="bbox 551 4447 2134 4518">
    <p class='ocr_par' dir='ltr' id='par_1_46' title="bbox 551 4447 2134 4518">
     <span class='ocr_line' id='line_1_46' title="bbox 551 4447 2134 4518; baseline 0.006 -19"><span class='ocrx_word' id='word_1_331' title='bbox 551 4449 821 4501; x_wconf 87' lang='lat' dir='ltr'><strong>auditores</strong></span> <span class='ocrx_word' id='word_1_332' title='bbox 873 4449 1132 4501; x_wconf 88' lang='lat' dir='ltr'><strong>rationem</strong></span> <span class='ocrx_word' id='word_1_333' title='bbox 1176 4447 1400 4501; x_wconf 79' lang='lat' dir='ltr'><strong>reddent</strong></span> <span class='ocrx_word' id='word_1_334' title='bbox 1436 4449 1484 4502; x_wconf 93' lang='lat' dir='ltr'><strong>ei</strong></span> <span class='ocrx_word' id='word_1_335' title='bbox 1530 4449 1618 4518; x_wconf 89' lang='lat' dir='ltr'><strong>qui</strong></span> <span class='ocrx_word' id='word_1_336' title='bbox 1666 4452 1968 4506; x_wconf 85' lang='lat' dir='ltr'><strong>concredita</strong></span> <span class='ocrx_word' id='word_1_337' title='bbox 2013 4471 2134 4510; x_wconf 83' lang='lat' dir='ltr'><strong>eum</strong></span> 
     </span>
    </p>
   </div>
   <div class='ocr_carea' id='block_1_47' title="bbox 553 4538 2142 4609">
    <p class='ocr_par' dir='ltr' id='par_1_47' title="bbox 553 4538 2142 4609">
     <span class='ocr_line' id='line_1_47' title="bbox 553 4538 2142 4609; baseline 0.004 -15"><span class='ocrx_word' id='word_1_338' title='bbox 553 4556 714 4594; x_wconf 89' lang='lat' dir='ltr'><strong>usura</strong></span> <span class='ocrx_word' id='word_1_339' title='bbox 751 4539 1072 4609; x_wconf 84' lang='lat' dir='ltr'><strong>repetiturus</strong></span> <span class='ocrx_word' id='word_1_340' title='bbox 1121 4538 1452 4594; x_wconf 68' lang='lat' dir='ltr'><strong>est.&#39;Verum</strong></span> <span class='ocrx_word' id='word_1_341' title='bbox 1480 4539 1584 4594; x_wconf 90' lang='lat' dir='ltr'><strong>hoc</strong></span> <span class='ocrx_word' id='word_1_342' title='bbox 1627 4556 1725 4595; x_wconf 88' lang='lat' dir='ltr'><strong>nos</strong></span> <span class='ocrx_word' id='word_1_343' title='bbox 1755 4557 1859 4597; x_wconf 85' lang='lat' dir='ltr'><strong>non</strong></span> <span class='ocrx_word' id='word_1_344' title='bbox 1886 4546 2142 4600; x_wconf 88' lang='lat' dir='ltr'><strong>conside-</strong></span> 
     </span>
    </p>
   </div>
   <div class='ocr_carea' id='block_1_48' title="bbox 552 4631 2142 4701">
    <p class='ocr_par' dir='ltr' id='par_1_48' title="bbox 552 4631 2142 4701">
     <span class='ocr_line' id='line_1_48' title="bbox 552 4631 2142 4701; baseline 0.003 -16"><span class='ocrx_word' id='word_1_345' title='bbox 552 4646 752 4694; x_wconf 85' lang='lat' dir='ltr'><strong>ramus,</strong></span> <span class='ocrx_word' id='word_1_346' title='bbox 780 4645 875 4684; x_wconf 87' lang='lat' dir='ltr'><strong>nos</strong></span> <span class='ocrx_word' id='word_1_347' title='bbox 899 4639 1046 4686; x_wconf 87' lang='lat' dir='ltr'><strong>extra</strong></span> <span class='ocrx_word' id='word_1_348' title='bbox 1084 4631 1336 4684; x_wconf 89' lang='lat' dir='ltr'><strong>damnum</strong></span> <span class='ocrx_word' id='word_1_349' title='bbox 1361 4646 1502 4696; x_wconf 84' lang='lat' dir='ltr'><strong>esse,</strong></span> <span class='ocrx_word' id='word_1_350' title='bbox 1532 4642 1586 4685; x_wconf 92' lang='lat' dir='ltr'><strong>et</strong></span> <span class='ocrx_word' id='word_1_351' title='bbox 1613 4633 1752 4700; x_wconf 82' lang='lat' dir='ltr'><strong>quod</strong></span> <span class='ocrx_word' id='word_1_352' title='bbox 1784 4645 2023 4689; x_wconf 87' lang='lat' dir='ltr'><strong>nostruut</strong></span> <span class='ocrx_word' id='word_1_353' title='bbox 2055 4646 2142 4701; x_wconf 72' lang='lat' dir='ltr'><strong>est</strong></span> 
     </span>
    </p>
   </div>
   <div class='ocr_carea' id='block_1_49' title="bbox 555 4723 2136 4797">
    <p class='ocr_par' dir='ltr' id='par_1_49' title="bbox 555 4723 2136 4797">
     <span class='ocr_line' id='line_1_49' title="bbox 555 4723 2136 4797; baseline 0.003 -21"><span class='ocrx_word' id='word_1_354' title='bbox 555 4723 778 4792; x_wconf 89' lang='lat' dir='ltr'><strong>implere</strong></span> <span class='ocrx_word' id='word_1_355' title='bbox 811 4741 826 4777; x_wconf 90' lang='lat'><strong>:</strong></span> <span class='ocrx_word' id='word_1_356' title='bbox 854 4723 947 4797; x_wconf 78' lang='lat' dir='ltr'><strong>sed</strong></span> <span class='ocrx_word' id='word_1_357' title='bbox 975 4724 1218 4776; x_wconf 77' lang='lat' dir='ltr'><strong>Volumus</strong></span> <span class='ocrx_word' id='word_1_358' title='bbox 1249 4731 1306 4774; x_wconf 92' lang='lat' dir='ltr'><strong>ut</strong></span> <span class='ocrx_word' id='word_1_359' title='bbox 1334 4731 1387 4775; x_wconf 86' lang='lat' dir='ltr'><strong>et</strong></span> <span class='ocrx_word' id='word_1_360' title='bbox 1429 4738 1521 4775; x_wconf 84' lang='lat' dir='ltr'><strong>vos</strong></span> <span class='ocrx_word' id='word_1_361' title='bbox 1551 4739 1618 4777; x_wconf 83' lang='lat' dir='ltr'><strong>ex</strong></span> <span class='ocrx_word' id='word_1_362' title='bbox 1655 4723 2004 4780; x_wconf 84' lang='lat' dir='ltr'><strong>dinumeratis</strong></span> <span class='ocrx_word' id='word_1_363' title='bbox 2041 4744 2136 4796; x_wconf 90' lang='lat' dir='ltr'><strong>pe-</strong></span> 
     </span>
    </p>
   </div>
   <div class='ocr_carea' id='block_1_50' title="bbox 551 4812 2136 4886">
    <p class='ocr_par' dir='ltr' id='par_1_50' title="bbox 551 4812 2136 4886">
     <span class='ocr_line' id='line_1_50' title="bbox 551 4812 2136 4886; baseline 0.005 -22"><span class='ocrx_word' id='word_1_364' title='bbox 551 4815 721 4866; x_wconf 85' lang='lat' dir='ltr'><strong>cuniis</strong></span> <span class='ocrx_word' id='word_1_365' title='bbox 753 4815 972 4866; x_wconf 90' lang='lat' dir='ltr'><strong>multum</strong></span> <span class='ocrx_word' id='word_1_366' title='bbox 1019 4812 1378 4882; x_wconf 83' lang='lat' dir='ltr'><strong>negotiemini,</strong></span> <span class='ocrx_word' id='word_1_367' title='bbox 1429 4823 1484 4867; x_wconf 92' lang='lat' dir='ltr'><strong>ut</strong></span> <span class='ocrx_word' id='word_1_368' title='bbox 1511 4831 1578 4868; x_wconf 90' lang='lat' dir='ltr'><strong>ne</strong></span> <span class='ocrx_word' id='word_1_369' title='bbox 1620 4813 1832 4870; x_wconf 80' lang='lat' dir='ltr'><strong>obnoxii</strong></span> <span class='ocrx_word' id='word_1_370' title='bbox 1859 4817 1974 4871; x_wconf 88' lang='lat' dir='ltr'><strong>silis</strong></span> <span class='ocrx_word' id='word_1_371' title='bbox 2005 4835 2136 4886; x_wconf 88' lang='lat' dir='ltr'><strong>sup-</strong></span> 
     </span>
    </p>
   </div>
   <div class='ocr_carea' id='block_1_51' title="bbox 555 4902 2124 4981">
    <p class='ocr_par' dir='ltr' id='par_1_51' title="bbox 555 4902 2124 4981">
     <span class='ocr_line' id='line_1_51' title="bbox 555 4902 2124 4981; baseline 0.004 -26"><span class='ocrx_word' id='word_1_372' title='bbox 555 4903 710 4981; x_wconf 78' lang='lat' dir='ltr'><strong>plicio</strong></span> <span class='ocrx_word' id='word_1_373' title='bbox 746 4902 885 4971; x_wconf 86' lang='lat' dir='ltr'><strong>quod</strong></span> <span class='ocrx_word' id='word_1_374' title='bbox 916 4904 1009 4955; x_wconf 91' lang='lat' dir='ltr'><strong>luit</strong></span> <span class='ocrx_word' id='word_1_375' title='bbox 1038 4904 1122 4955; x_wconf 87' lang='lat' dir='ltr'><strong>ille</strong></span> <span class='ocrx_word' id='word_1_376' title='bbox 1151 4907 1236 4970; x_wconf 87' lang='lat' dir='ltr'><strong>qui</strong></span> <span class='ocrx_word' id='word_1_377' title='bbox 1268 4903 1518 4956; x_wconf 89' lang='lat' dir='ltr'><strong>talentum</strong></span> <span class='ocrx_word' id='word_1_378' title='bbox 1542 4903 1856 4966; x_wconf 89' lang='lat' dir='ltr'><strong>recondidit,</strong></span> <span class='ocrx_word' id='word_1_379' title='bbox 1884 4915 1938 4959; x_wconf 89' lang='lat' dir='ltr'><strong>et</strong></span> <span class='ocrx_word' id='word_1_380' title='bbox 1963 4906 2124 4960; x_wconf 33' lang='lat' dir='ltr'><strong>domi-</strong></span> 
     </span>
    </p>
   </div>
   <div class='ocr_carea' id='block_1_52' title="bbox 552 4993 2138 5064">
    <p class='ocr_par' dir='ltr' id='par_1_52' title="bbox 552 4993 2138 5064">
     <span class='ocr_line' id='line_1_52' title="bbox 552 4993 2138 5064; baseline 0.004 -18"><span class='ocrx_word' id='word_1_381' title='bbox 552 4994 726 5046; x_wconf 88' lang='lat' dir='ltr'><strong>nicam</strong></span> <span class='ocrx_word' id='word_1_382' title='bbox 759 4993 1034 5062; x_wconf 86' lang='lat' dir='ltr'><strong>pecuniam</strong></span> <span class='ocrx_word' id='word_1_383' title='bbox 1078 5009 1181 5044; x_wconf 85' lang='lat' dir='ltr'><strong>non</strong></span> <span class='ocrx_word' id='word_1_384' title='bbox 1207 4994 1376 5046; x_wconf 87' lang='lat' dir='ltr'><strong>solum</strong></span> <span class='ocrx_word' id='word_1_385' title='bbox 1413 5010 1517 5046; x_wconf 87' lang='lat' dir='ltr'><strong>non</strong></span> <span class='ocrx_word' id='word_1_386' title='bbox 1551 4993 1934 5064; x_wconf 87' lang='lat' dir='ltr'><strong>multiplicavit,</strong></span> <span class='ocrx_word' id='word_1_387' title='bbox 1965 4997 2056 5051; x_wconf 88' lang='lat' dir='ltr'><strong>sed</strong></span> <span class='ocrx_word' id='word_1_388' title='bbox 2083 5007 2138 5052; x_wconf 85' lang='lat' dir='ltr'><strong>et</strong></span> 
     </span>
    </p>
   </div>
   <div class='ocr_carea' id='block_1_53' title="bbox 551 5081 2136 5152">
    <p class='ocr_par' dir='ltr' id='par_1_53' title="bbox 551 5081 2136 5152">
     <span class='ocr_line' id='line_1_53' title="bbox 551 5081 2136 5152; baseline 0.004 -18"><span class='ocrx_word' id='word_1_389' title='bbox 551 5085 719 5152; x_wconf 84' lang='lat' dir='ltr'><strong>ipsam</strong></span> <span class='ocrx_word' id='word_1_390' title='bbox 765 5084 816 5136; x_wconf 92' lang='lat' dir='ltr'><strong>in</strong></span> <span class='ocrx_word' id='word_1_391' title='bbox 848 5093 983 5136; x_wconf 78' lang='lat' dir='ltr'><strong>terra</strong></span> <span class='ocrx_word' id='word_1_392' title='bbox 1013 5081 1232 5137; x_wconf 79' lang='lat' dir='ltr'><strong>defodit.</strong></span> <span class='ocrx_word' id='word_1_393' title='bbox 1261 5082 1416 5138; x_wconf 81' lang='lat' dir='ltr'><strong>Tales</strong></span> <span class='ocrx_word' id='word_1_394' title='bbox 1457 5093 1600 5149; x_wconf 90' lang='lat' dir='ltr'><strong>sunt,</strong></span> <span class='ocrx_word' id='word_1_395' title='bbox 1627 5085 1716 5152; x_wconf 91' lang='lat' dir='ltr'><strong>qui</strong></span> <span class='ocrx_word' id='word_1_396' title='bbox 1738 5084 1991 5140; x_wconf 80' lang='lat' dir='ltr'><strong>doctrina:</strong></span> <span class='ocrx_word' id='word_1_397' title='bbox 2016 5104 2136 5140; x_wconf 74' lang='lat' dir='ltr'><strong>scr-</strong></span> 
     </span>
    </p>
   </div>
   <div class='ocr_carea' id='block_1_54' title="bbox 551 5173 2138 5246">
    <p class='ocr_par' dir='ltr' id='par_1_54' title="bbox 551 5173 2138 5246">
     <span class='ocr_line' id='line_1_54' title="bbox 551 5173 2138 5246; baseline 0.003 -21"><span class='ocrx_word' id='word_1_398' title='bbox 551 5190 736 5238; x_wconf 78' lang='lat' dir='ltr'><strong>nmnes</strong></span> <span class='ocrx_word' id='word_1_399' title='bbox 785 5174 1003 5227; x_wconf 85' lang='lat' dir='ltr'><strong>audiunt</strong></span> <span class='ocrx_word' id='word_1_400' title='bbox 1052 5173 1349 5245; x_wconf 84' lang='lat' dir='ltr'><strong>(talentum</strong></span> <span class='ocrx_word' id='word_1_401' title='bbox 1398 5176 1540 5228; x_wconf 90' lang='lat' dir='ltr'><strong>enim</strong></span> <span class='ocrx_word' id='word_1_402' title='bbox 1591 5175 1690 5229; x_wconf 85' lang='lat' dir='ltr'><strong>hoc</strong></span> <span class='ocrx_word' id='word_1_403' title='bbox 1719 5188 1870 5230; x_wconf 89' lang='lat' dir='ltr'><strong>vocat</strong></span> <span class='ocrx_word' id='word_1_404' title='bbox 1897 5186 1951 5231; x_wconf 92' lang='lat' dir='ltr'><strong>et</strong></span> <span class='ocrx_word' id='word_1_405' title='bbox 1977 5193 2138 5246; x_wconf 85' lang='lat' dir='ltr'><strong>pecu-</strong></span> 
     </span>
    </p>
   </div>
   <div class='ocr_carea' id='block_1_55' title="bbox 554 5265 2135 5338">
    <p class='ocr_par' dir='ltr' id='par_1_55' title="bbox 554 5265 2135 5338">
     <span class='ocr_line' id='line_1_55' title="bbox 554 5265 2135 5338; baseline 0.001 -18"><span class='ocrx_word' id='word_1_406' title='bbox 554 5265 761 5338; x_wconf 87' lang='lat' dir='ltr'><strong>niam),</strong></span> <span class='ocrx_word' id='word_1_407' title='bbox 815 5282 982 5333; x_wconf 75' lang='lat' dir='ltr'><strong>neque</strong></span> <span class='ocrx_word' id='word_1_408' title='bbox 1024 5280 1237 5335; x_wconf 86' lang='lat' dir='ltr'><strong>operam</strong></span> <span class='ocrx_word' id='word_1_409' title='bbox 1285 5267 1412 5320; x_wconf 92' lang='lat' dir='ltr'><strong>dant</strong></span> <span class='ocrx_word' id='word_1_410' title='bbox 1468 5276 1524 5320; x_wconf 93' lang='lat' dir='ltr'><strong>ut</strong></span> <span class='ocrx_word' id='word_1_411' title='bbox 1563 5265 1790 5320; x_wconf 79' lang='lat' dir='ltr'><strong>fructum</strong></span> <span class='ocrx_word' id='word_1_412' title='bbox 1830 5268 2054 5321; x_wconf 80' lang='lat' dir='ltr'><strong>allerant</strong></span> <span class='ocrx_word' id='word_1_413' title='bbox 2080 5279 2135 5321; x_wconf 92' lang='lat' dir='ltr'><strong>et</strong></span> 
     </span>
    </p>
   </div>
   <div class='ocr_carea' id='block_1_56' title="bbox 551 5355 2131 5427">
    <p class='ocr_par' dir='ltr' id='par_1_56' title="bbox 551 5355 2131 5427">
     <span class='ocr_line' id='line_1_56' title="bbox 551 5355 2131 5427; baseline 0.001 -19"><span class='ocrx_word' id='word_1_414' title='bbox 551 5357 776 5422; x_wconf 78' lang='lat' dir='ltr'><strong>multum</strong></span> <span class='ocrx_word' id='word_1_415' title='bbox 840 5355 1194 5424; x_wconf 81' lang='lat' dir='ltr'><strong>ncgotientur.</strong></span> <span class='ocrx_word' id='word_1_416' title='bbox 1245 5356 1348 5410; x_wconf 89' lang='lat' dir='ltr'><strong>Sed</strong></span> <span class='ocrx_word' id='word_1_417' title='bbox 1413 5355 1547 5410; x_wconf 76' lang='lat' dir='ltr'><strong>forte</strong></span> <span class='ocrx_word' id='word_1_418' title='bbox 1599 5356 1789 5410; x_wconf 78' lang='lat' dir='ltr'><strong>dixerit</strong></span> <span class='ocrx_word' id='word_1_419' title='bbox 1830 5357 2131 5427; x_wconf 88' lang='lat' dir='ltr'><strong>quispiam,</strong></span> 
     </span>
    </p>
   </div>
   <div class='ocr_carea' id='block_1_57' title="bbox 552 5446 2131 5522">
    <p class='ocr_par' dir='ltr' id='par_1_57' title="bbox 552 5446 2131 5522">
     <span class='ocr_line' id='line_1_57' title="bbox 552 5446 2131 5522; baseline 0.001 -21"><span class='ocrx_word' id='word_1_420' title='bbox 552 5449 852 5522; x_wconf 85' lang='lat' dir='ltr'><strong>parabolam</strong></span> <span class='ocrx_word' id='word_1_421' title='bbox 889 5447 1044 5502; x_wconf 88' lang='lat' dir='ltr'><strong>istam</strong></span> <span class='ocrx_word' id='word_1_422' title='bbox 1096 5447 1411 5501; x_wconf 85' lang='lat' dir='ltr'><strong>talentorum</strong></span> <span class='ocrx_word' id='word_1_423' title='bbox 1459 5446 1525 5501; x_wconf 90' lang='lat' dir='ltr'><strong>dc</strong></span> <span class='ocrx_word' id='word_1_424' title='bbox 1567 5447 1872 5502; x_wconf 81' lang='lat' dir='ltr'><strong>doctoribus</strong></span> <span class='ocrx_word' id='word_1_425' title='bbox 1901 5466 2020 5504; x_wconf 84' lang='lat' dir='ltr'><strong>esse</strong></span> <span class='ocrx_word' id='word_1_426' title='bbox 2045 5449 2131 5502; x_wconf 88' lang='lat' dir='ltr'><strong>di-</strong></span> 
     </span>
    </p>
   </div>
   <div class='ocr_carea' id='block_1_58' title="bbox 552 5537 2129 5610">
    <p class='ocr_par' dir='ltr' id='par_1_58' title="bbox 552 5537 2129 5610">
     <span class='ocr_line' id='line_1_58' title="bbox 552 5537 2129 5610; baseline 0.003 -18"><span class='ocrx_word' id='word_1_427' title='bbox 552 5549 712 5601; x_wconf 79' lang='lat' dir='ltr'><strong>ctam.</strong></span> <span class='ocrx_word' id='word_1_428' title='bbox 743 5539 794 5593; x_wconf 71' lang='grc' dir='ltr'><strong>ιιι</strong></span> <span class='ocrx_word' id='word_1_429' title='bbox 824 5554 922 5610; x_wconf 86' lang='lat' dir='ltr'><strong>ego</strong></span> <span class='ocrx_word' id='word_1_430' title='bbox 950 5554 1160 5610; x_wconf 91' lang='lat' dir='ltr'><strong>quoque</strong></span> <span class='ocrx_word' id='word_1_431' title='bbox 1185 5538 1371 5595; x_wconf 80' lang='lat' dir='ltr'><strong>lateor.</strong></span> <span class='ocrx_word' id='word_1_432' title='bbox 1407 5537 1602 5593; x_wconf 82' lang='lat' dir='ltr'><strong>Verum</strong></span> <span class='ocrx_word' id='word_1_433' title='bbox 1629 5539 1673 5592; x_wconf 88' lang='lat' dir='ltr'><strong>si</strong></span> <span class='ocrx_word' id='word_1_434' title='bbox 1702 5539 1987 5610; x_wconf 88' lang='lat' dir='ltr'><strong>diligenter</strong></span> <span class='ocrx_word' id='word_1_435' title='bbox 2011 5557 2129 5597; x_wconf 88' lang='lat' dir='ltr'><strong>eam</strong></span> 
     </span>
    </p>
   </div>
   <div class='ocr_carea' id='block_1_59' title="bbox 551 5631 2128 5702">
    <p class='ocr_par' dir='ltr' id='par_1_59' title="bbox 551 5631 2128 5702">
     <span class='ocr_line' id='line_1_59' title="bbox 551 5631 2128 5702; baseline 0.003 -16"><span class='ocrx_word' id='word_1_436' title='bbox 551 5631 886 5699; x_wconf 81' lang='lat' dir='ltr'><strong>scrutcmini,</strong></span> <span class='ocrx_word' id='word_1_437' title='bbox 924 5631 1102 5688; x_wconf 86' lang='lat' dir='ltr'><strong>scietis</strong></span> <span class='ocrx_word' id='word_1_438' title='bbox 1140 5631 1415 5688; x_wconf 89' lang='lat' dir='ltr'><strong>doctorum</strong></span> <span class='ocrx_word' id='word_1_439' title='bbox 1445 5631 1657 5701; x_wconf 87' lang='lat' dir='ltr'><strong>quidem</strong></span> <span class='ocrx_word' id='word_1_440' title='bbox 1699 5633 1932 5688; x_wconf 85' lang='lat' dir='ltr'><strong>otticium</strong></span> <span class='ocrx_word' id='word_1_441' title='bbox 1974 5650 2128 5702; x_wconf 88' lang='lat' dir='ltr'><strong>esse,</strong></span> 
     </span>
    </p>
   </div>
   <div class='ocr_carea' id='block_1_60' title="bbox 543 5722 2124 5798">
    <p class='ocr_par' dir='ltr' id='par_1_60' title="bbox 543 5722 2124 5798">
     <span class='ocr_line' id='line_1_60' title="bbox 543 5722 2124 5798; baseline -0.003 -17"><span class='ocrx_word' id='word_1_442' title='bbox 543 5722 890 5781; x_wconf 83' lang='lat' dir='ltr'><strong>dinumerare</strong></span> <span class='ocrx_word' id='word_1_443' title='bbox 911 5723 1186 5794; x_wconf 86' lang='lat' dir='ltr'><strong>pecuniam</strong></span> <span class='ocrx_word' id='word_1_444' title='bbox 1217 5739 1231 5778; x_wconf 87' lang='lat'><strong>:</strong></span> <span class='ocrx_word' id='word_1_445' title='bbox 1259 5722 1352 5779; x_wconf 84' lang='lat' dir='ltr'><strong>sed</strong></span> <span class='ocrx_word' id='word_1_446' title='bbox 1384 5737 1477 5778; x_wconf 85' lang='lat' dir='ltr'><strong>vos</strong></span> <span class='ocrx_word' id='word_1_447' title='bbox 1499 5737 1603 5778; x_wconf 92' lang='lat' dir='ltr'><strong>non</strong></span> <span class='ocrx_word' id='word_1_448' title='bbox 1633 5722 1804 5778; x_wconf 90' lang='lat' dir='ltr'><strong>solum</strong></span> <span class='ocrx_word' id='word_1_449' title='bbox 1831 5723 2124 5798; x_wconf 83' lang='lat' dir='ltr'><strong>depositam</strong></span> 
     </span>
    </p>
   </div>
   <div class='ocr_carea' id='block_1_61' title="bbox 1297 338 3114 402">
    <p class='ocr_par' dir='ltr' id='par_1_61' title="bbox 1297 338 3114 402">
     <span class='ocr_line' id='line_1_61' title="bbox 1297 338 3114 402; baseline -0.004 0"><span class='ocrx_word' id='word_1_450' title='bbox 1297 346 1354 402; x_wconf 91' lang='lat' dir='ltr'><strong>S.</strong></span> <span class='ocrx_word' id='word_1_451' title='bbox 1391 343 1670 402; x_wconf 71' lang='lat' dir='ltr'><strong>JOANNIS</strong></span> <span class='ocrx_word' id='word_1_452' title='bbox 1702 339 2180 399; x_wconf 72' lang='lat' dir='ltr'><strong>CllllYSOSTOMI</strong></span> <span class='ocrx_word' id='word_1_453' title='bbox 2220 338 2537 395; x_wconf 75' lang='lat' dir='ltr'><strong>ARCIIIEP.</strong></span> <span class='ocrx_word' id='word_1_454' title='bbox 2575 338 3114 396; x_wconf 74' lang='lat' dir='ltr'><strong>CONSTANTINUI‘.</strong></span> 
     </span>
    </p>
   </div>
   <div class='ocr_carea' id='block_1_62' title="bbox 3724 345 3832 407">
    <p class='ocr_par' dir='ltr' id='par_1_62' title="bbox 3724 345 3832 407">
     <span class='ocr_line' id='line_1_62' title="bbox 3724 345 3832 407; baseline -0.028 -7"><span class='ocrx_word' id='word_1_455' title='bbox 3724 345 3832 407; x_wconf 74' lang='lat'><strong>376</strong></span> 
     </span>
    </p>
   </div>
   <div class='ocr_carea' id='block_1_63' title="bbox 2244 448 3833 530">
    <p class='ocr_par' dir='ltr' id='par_1_63' title="bbox 2244 448 3833 530">
     <span class='ocr_line' id='line_1_63' title="bbox 2244 448 3833 530; baseline 0.003 -26"><span class='ocrx_word' id='word_1_456' title='bbox 2244 448 2556 516; x_wconf 86' lang='lat' dir='ltr'><strong>custodire,</strong></span> <span class='ocrx_word' id='word_1_457' title='bbox 2610 449 2706 505; x_wconf 72' lang='lat' dir='ltr'><strong>sed</strong></span> <span class='ocrx_word' id='word_1_458' title='bbox 2753 451 2915 506; x_wconf 86' lang='lat' dir='ltr'><strong>etiam</strong></span> <span class='ocrx_word' id='word_1_459' title='bbox 2963 450 3220 521; x_wconf 80' lang='lat' dir='ltr'><strong>negotiari</strong></span> <span class='ocrx_word' id='word_1_460' title='bbox 3282 451 3509 530; x_wconf 77' lang='lat' dir='ltr'><strong>debetis.</strong></span> <span class='ocrx_word' id='word_1_461' title='bbox 3564 453 3716 522; x_wconf 86' lang='lat' dir='ltr'><strong>Quod</strong></span> <span class='ocrx_word' id='word_1_462' title='bbox 3773 467 3833 510; x_wconf 93' lang='lat' dir='ltr'><strong>ut</strong></span> 
     </span>
    </p>
   </div>
   <div class='ocr_carea' id='block_1_64' title="bbox 2237 538 3830 610">
    <p class='ocr_par' dir='ltr' id='par_1_64' title="bbox 2237 538 3830 610">
     <span class='ocr_line' id='line_1_64' title="bbox 2237 538 3830 610; baseline 0.004 -18"><span class='ocrx_word' id='word_1_463' title='bbox 2237 538 2444 606; x_wconf 79' lang='lat' dir='ltr'><strong>discas,</strong></span> <span class='ocrx_word' id='word_1_464' title='bbox 2475 554 2654 608; x_wconf 66' lang='lat' dir='ltr'><strong>opera-</strong></span> <span class='ocrx_word' id='word_1_465' title='bbox 2680 542 2908 610; x_wconf 87' lang='lat' dir='ltr'><strong>pretium</strong></span> <span class='ocrx_word' id='word_1_466' title='bbox 2929 540 3092 597; x_wconf 80' lang='lat' dir='ltr'><strong>fuerit</strong></span> <span class='ocrx_word' id='word_1_467' title='bbox 3127 557 3246 596; x_wconf 88' lang='lat' dir='ltr'><strong>eam</strong></span> <span class='ocrx_word' id='word_1_468' title='bbox 3273 543 3325 596; x_wconf 92' lang='lat' dir='ltr'><strong>in</strong></span> <span class='ocrx_word' id='word_1_469' title='bbox 3353 543 3585 598; x_wconf 88' lang='lat' dir='ltr'><strong>medium</strong></span> <span class='ocrx_word' id='word_1_470' title='bbox 3610 544 3830 601; x_wconf 77' lang='lat' dir='ltr'><strong>aliene.</strong></span> 
     </span>
    </p>
   </div>
   <div class='ocr_carea' id='block_1_65' title="bbox 2239 629 3832 706">
    <p class='ocr_par' dir='ltr' id='par_1_65' title="bbox 2239 629 3832 706">
     <span class='ocr_line' id='line_1_65' title="bbox 2239 629 3832 706; baseline 0.005 -24"><span class='ocrx_word' id='word_1_471' title='bbox 2239 629 2618 701; x_wconf 74' lang='lat' dir='ltr'><strong>Paterfamilias</strong></span> <span class='ocrx_word' id='word_1_472' title='bbox 2663 633 2870 701; x_wconf 82' lang='lat' dir='ltr'><strong>quidam</strong></span> <span class='ocrx_word' id='word_1_473' title='bbox 2887 672 2902 694; x_wconf 89' lang='lat'><strong>,</strong></span> <span class='ocrx_word' id='word_1_474' title='bbox 2954 631 3143 702; x_wconf 86' lang='lat' dir='ltr'><strong>inquit,</strong></span> <span class='ocrx_word' id='word_1_475' title='bbox 3209 649 3414 706; x_wconf 82' lang='lat' dir='ltr'><strong>peregre</strong></span> <span class='ocrx_word' id='word_1_476' title='bbox 3466 636 3792 705; x_wconf 77' lang='lat' dir='ltr'><strong>proﬁciscens</strong></span> <span class='ocrx_word' id='word_1_477' title='bbox 3813 674 3832 698; x_wconf 87' lang='lat'><strong>.</strong></span> 
     </span>
    </p>
   </div>
   <div class='ocr_carea' id='block_1_66' title="bbox 2238 723 3831 798">
    <p class='ocr_par' dir='ltr' id='par_1_66' title="bbox 2238 723 3831 798">
     <span class='ocr_line' id='line_1_66' title="bbox 2238 723 3831 798; baseline 0.005 -24"><span class='ocrx_word' id='word_1_478' title='bbox 2238 723 2425 776; x_wconf 73' lang='lat' dir='ltr'><strong>uocauit</strong></span> <span class='ocrx_word' id='word_1_479' title='bbox 2449 737 2616 776; x_wconf 76' lang='lat' dir='ltr'><strong>seruos</strong></span> <span class='ocrx_word' id='word_1_480' title='bbox 2637 739 2775 788; x_wconf 86' lang='lat' dir='ltr'><strong>suos,</strong></span> <span class='ocrx_word' id='word_1_481' title='bbox 2806 723 3012 798; x_wconf 73' lang='lat' dir='ltr'><strong>adedit</strong></span> <span class='ocrx_word' id='word_1_482' title='bbox 3035 726 3124 779; x_wconf 83' lang='lat' dir='ltr'><strong>uni</strong></span> <span class='ocrx_word' id='word_1_483' title='bbox 3143 727 3344 795; x_wconf 84' lang='lat' dir='ltr'><strong>quidem</strong></span> <span class='ocrx_word' id='word_1_484' title='bbox 3371 727 3561 783; x_wconf 87' lang='lat' dir='ltr'><strong>talenta</strong></span> <span class='ocrx_word' id='word_1_485' title='bbox 3588 728 3831 798; x_wconf 78' lang='lat' dir='ltr'><strong>quinque,</strong></span> 
     </span>
    </p>
   </div>
   <div class='ocr_carea' id='block_1_67' title="bbox 2239 811 3835 876">
    <p class='ocr_par' dir='ltr' id='par_1_67' title="bbox 2239 811 3835 876">
     <span class='ocr_line' id='line_1_67' title="bbox 2239 811 3835 876; baseline 0.006 -14"><span class='ocrx_word' id='word_1_486' title='bbox 2239 811 2330 864; x_wconf 83' lang='lat' dir='ltr'><strong>alii</strong></span> <span class='ocrx_word' id='word_1_487' title='bbox 2380 821 2550 866; x_wconf 79' lang='lat' dir='ltr'><strong>au&#39;em</strong></span> <span class='ocrx_word' id='word_1_488' title='bbox 2588 813 2712 876; x_wconf 88' lang='lat' dir='ltr'><strong>duo,</strong></span> <span class='ocrx_word' id='word_1_489' title='bbox 2759 814 2850 867; x_wconf 87' lang='lat' dir='ltr'><strong>alii</strong></span> <span class='ocrx_word' id='word_1_490' title='bbox 2894 830 3010 868; x_wconf 75' lang='lat' dir='ltr'><strong>vero</strong></span> <span class='ocrx_word' id='word_1_491' title='bbox 3051 831 3225 869; x_wconf 85' lang='lat' dir='ltr'><strong>unum.</strong></span> <span class='ocrx_word' id='word_1_492' title='bbox 3258 816 3387 871; x_wconf 79' lang='lat' dir='ltr'><strong>Post</strong></span> <span class='ocrx_word' id='word_1_493' title='bbox 3415 819 3629 872; x_wconf 85' lang='lat' dir='ltr'><strong>multum</strong></span> <span class='ocrx_word' id='word_1_494' title='bbox 3663 831 3835 874; x_wconf 66' lang='lat' dir='ltr'><strong>(autem</strong></span> 
     </span>
    </p>
   </div>
   <div class='ocr_carea' id='block_1_68' title="bbox 2237 904 3840 976">
    <p class='ocr_par' dir='ltr' id='par_1_68' title="bbox 2237 904 3840 976">
     <span class='ocr_line' id='line_1_68' title="bbox 2237 904 3840 976; baseline 0.009 -24"><span class='ocrx_word' id='word_1_495' title='bbox 2237 909 2454 969; x_wconf 86' lang='lat' dir='ltr'><strong>tempus.</strong></span> <span class='ocrx_word' id='word_1_496' title='bbox 2497 919 2613 956; x_wconf 75' lang='lat' dir='ltr'><strong>cum</strong></span> <span class='ocrx_word' id='word_1_497' title='bbox 2662 904 2942 960; x_wconf 80' lang='lat' dir='ltr'><strong>advenisset</strong></span> <span class='ocrx_word' id='word_1_498' title='bbox 2991 905 3118 976; x_wconf 83' lang='lat' dir='ltr'><strong>ipse,</strong></span> <span class='ocrx_word' id='word_1_499' title='bbox 3157 918 3397 962; x_wconf 62' lang='lat' dir='ltr'><strong>renuunt</strong></span> <span class='ocrx_word' id='word_1_500' title='bbox 3442 911 3572 965; x_wconf 76' lang='lat' dir='ltr'><strong>aerei</strong></span> <span class='ocrx_word' id='word_1_501' title='bbox 3599 926 3618 965; x_wconf 92' lang='lat'><strong><em>:</em></strong></span> <span class='ocrx_word' id='word_1_502' title='bbox 3647 921 3696 966; x_wconf 90' lang='lat' dir='ltr'><strong>et</strong></span> <span class='ocrx_word' id='word_1_503' title='bbox 3748 911 3840 966; x_wconf 82' lang='lat' dir='ltr'><strong>ille</strong></span> 
     </span>
    </p>
   </div>
   <div class='ocr_carea' id='block_1_69' title="bbox 2237 991 3836 1065">
    <p class='ocr_par' dir='ltr' id='par_1_69' title="bbox 2237 991 3836 1065">
     <span class='ocr_line' id='line_1_69' title="bbox 2237 991 3836 1065; baseline 0.008 -23"><span class='ocrx_word' id='word_1_504' title='bbox 2237 991 2437 1058; x_wconf 82' lang='lat' dir='ltr'><strong>quidem</strong></span> <span class='ocrx_word' id='word_1_505' title='bbox 2465 994 2553 1061; x_wconf 83' lang='lat' dir='ltr'><strong>qui</strong></span> <span class='ocrx_word' id='word_1_506' title='bbox 2596 1004 2859 1062; x_wconf 86' lang='lat' dir='ltr'><strong>acceperat</strong></span> <span class='ocrx_word' id='word_1_507' title='bbox 2894 995 3112 1065; x_wconf 70' lang='lat' dir='ltr'><strong>quinque</strong></span> <span class='ocrx_word' id='word_1_508' title='bbox 3136 998 3348 1064; x_wconf 81' lang='lat' dir='ltr'><strong>talenta,</strong></span> <span class='ocrx_word' id='word_1_509' title='bbox 3382 1001 3589 1054; x_wconf 86' lang='lat' dir='ltr'><strong>accessit</strong></span> <span class='ocrx_word' id='word_1_510' title='bbox 3617 1002 3793 1055; x_wconf 86' lang='lat' dir='ltr'><strong>dicens</strong></span> <span class='ocrx_word' id='word_1_511' title='bbox 3814 1015 3836 1056; x_wconf 89' lang='lat'><strong><em>:</em></strong></span> 
     </span>
    </p>
   </div>
   <div class='ocr_carea' id='block_1_70' title="bbox 2235 1079 3838 1161">
    <p class='ocr_par' dir='ltr' id='par_1_70' title="bbox 2235 1079 3838 1161">
     <span class='ocr_line' id='line_1_70' title="bbox 2235 1079 3838 1161; baseline 0.008 -27"><span class='ocrx_word' id='word_1_512' title='bbox 2235 1079 2475 1146; x_wconf 83' lang='lat' dir='ltr'><strong>Domine,</strong></span> <span class='ocrx_word' id='word_1_513' title='bbox 2505 1084 2724 1154; x_wconf 82' lang='lat' dir='ltr'><strong>quinque</strong></span> <span class='ocrx_word' id='word_1_514' title='bbox 2746 1086 2932 1138; x_wconf 84' lang='lat' dir='ltr'><strong>talenta</strong></span> <span class='ocrx_word' id='word_1_515' title='bbox 2969 1087 3225 1142; x_wconf 83' lang='lat' dir='ltr'><strong>tradidisti</strong></span> <span class='ocrx_word' id='word_1_516' title='bbox 3252 1089 3398 1156; x_wconf 71' lang='lat' dir='ltr'><strong>mihi,</strong></span> <span class='ocrx_word' id='word_1_517' title='bbox 3421 1106 3534 1145; x_wconf 87' lang='lat' dir='ltr'><strong>ecce</strong></span> <span class='ocrx_word' id='word_1_518' title='bbox 3546 1093 3652 1145; x_wconf 84' lang='lat' dir='ltr'><strong>alia</strong></span> <span class='ocrx_word' id='word_1_519' title='bbox 3695 1093 3838 1161; x_wconf 81' lang='lat' dir='ltr'><strong>quin-</strong></span> 
     </span>
    </p>
   </div>
   <div class='ocr_carea' id='block_1_71' title="bbox 2237 1173 3834 1250">
    <p class='ocr_par' dir='ltr' id='par_1_71' title="bbox 2237 1173 3834 1250">
     <span class='ocr_line' id='line_1_71' title="bbox 2237 1173 3834 1250; baseline 0.008 -26"><span class='ocrx_word' id='word_1_520' title='bbox 2237 1187 2334 1239; x_wconf 83' lang='lat' dir='ltr'><strong>que</strong></span> <span class='ocrx_word' id='word_1_521' title='bbox 2360 1173 2547 1226; x_wconf 88' lang='lat' dir='ltr'><strong>talenta</strong></span> <span class='ocrx_word' id='word_1_522' title='bbox 2579 1174 2960 1243; x_wconf 84' lang='lat' dir='ltr'><strong>superlucratus</strong></span> <span class='ocrx_word' id='word_1_523' title='bbox 2986 1194 3100 1230; x_wconf 89' lang='lat' dir='ltr'><strong>sunt</strong></span> <span class='ocrx_word' id='word_1_524' title='bbox 3143 1179 3368 1250; x_wconf 71' lang='lat' dir='ltr'><strong>(Matth.</strong></span> <span class='ocrx_word' id='word_1_525' title='bbox 3395 1181 3488 1236; x_wconf 81' lang='grc'><strong>25.</strong></span> <span class='ocrx_word' id='word_1_526' title='bbox 3514 1181 3602 1236; x_wconf 79' lang='grc' dir='ltr'><strong>Η.</strong></span> <span class='ocrx_word' id='word_1_527' title='bbox 3629 1183 3715 1238; x_wconf 78' lang='grc'><strong>15.</strong></span> <span class='ocrx_word' id='word_1_528' title='bbox 3745 1183 3834 1238; x_wconf 73' lang='grc' dir='ltr'><strong>ω.</strong></span> 
     </span>
    </p>
   </div>
   <div class='ocr_carea' id='block_1_72' title="bbox 2239 1261 3838 1341">
    <p class='ocr_par' dir='ltr' id='par_1_72' title="bbox 2239 1261 3838 1341">
     <span class='ocr_line' id='line_1_72' title="bbox 2239 1261 3838 1341; baseline 0.005 -25"><span class='ocrx_word' id='word_1_529' title='bbox 2239 1261 2364 1328; x_wconf 83' lang='grc'><strong>20).</strong></span> <span class='ocrx_word' id='word_1_530' title='bbox 2397 1263 2584 1334; x_wconf 76' lang='lat' dir='ltr'><strong>Magna</strong></span> <span class='ocrx_word' id='word_1_531' title='bbox 2617 1265 2756 1319; x_wconf 82' lang='lat' dir='ltr'><strong>servi</strong></span> <span class='ocrx_word' id='word_1_532' title='bbox 2793 1266 2964 1335; x_wconf 90' lang='lat' dir='ltr'><strong>gratia</strong></span> <span class='ocrx_word' id='word_1_533' title='bbox 2993 1276 3048 1322; x_wconf 91' lang='lat' dir='ltr'><strong>et</strong></span> <span class='ocrx_word' id='word_1_534' title='bbox 3077 1269 3333 1337; x_wconf 87' lang='lat' dir='ltr'><strong>probitas,</strong></span> <span class='ocrx_word' id='word_1_535' title='bbox 3379 1271 3526 1341; x_wconf 90' lang='lat' dir='ltr'><strong>larga</strong></span> <span class='ocrx_word' id='word_1_536' title='bbox 3555 1273 3715 1328; x_wconf 89' lang='lat' dir='ltr'><strong>etiam</strong></span> <span class='ocrx_word' id='word_1_537' title='bbox 3737 1274 3838 1326; x_wconf 82' lang='lat' dir='ltr'><strong>do-</strong></span> 
     </span>
    </p>
   </div>
   <div class='ocr_carea' id='block_1_73' title="bbox 2239 1355 3839 1432">
    <p class='ocr_par' dir='ltr' id='par_1_73' title="bbox 2239 1355 3839 1432">
     <span class='ocr_line' id='line_1_73' title="bbox 2239 1355 3839 1432; baseline 0.004 -22"><span class='ocrx_word' id='word_1_538' title='bbox 2239 1355 2368 1410; x_wconf 87' lang='lat' dir='ltr'><strong>mini</strong></span> <span class='ocrx_word' id='word_1_539' title='bbox 2406 1355 2722 1428; x_wconf 81' lang='lat' dir='ltr'><strong>benignitas.</strong></span> <span class='ocrx_word' id='word_1_540' title='bbox 2758 1358 2822 1412; x_wconf 88' lang='lat' dir='ltr'><strong>Et</strong></span> <span class='ocrx_word' id='word_1_541' title='bbox 2865 1359 2992 1429; x_wconf 91' lang='lat' dir='ltr'><strong>quid</strong></span> <span class='ocrx_word' id='word_1_542' title='bbox 3024 1360 3190 1415; x_wconf 73' lang='lat' dir='ltr'><strong>dicit?</strong></span> <span class='ocrx_word' id='word_1_543' title='bbox 3233 1360 3399 1432; x_wconf 83' lang='lat' dir='ltr'><strong>Euge,</strong></span> <span class='ocrx_word' id='word_1_544' title='bbox 3433 1379 3575 1416; x_wconf 79' lang='lat' dir='ltr'><strong>seru</strong></span> <span class='ocrx_word' id='word_1_545' title='bbox 3620 1365 3752 1419; x_wconf 89' lang='lat' dir='ltr'><strong>bone</strong></span> <span class='ocrx_word' id='word_1_546' title='bbox 3788 1373 3839 1417; x_wconf 79' lang='lat' dir='ltr'><strong>ct</strong></span> 
     </span>
    </p>
   </div>
   <div class='ocr_carea' id='block_1_74' title="bbox 2238 1446 3838 1522">
    <p class='ocr_par' dir='ltr' id='par_1_74' title="bbox 2238 1446 3838 1522">
     <span class='ocr_line' id='line_1_74' title="bbox 2238 1446 3838 1522; baseline 0.004 -23"><span class='ocrx_word' id='word_1_547' title='bbox 2238 1446 2426 1514; x_wconf 69' lang='lat' dir='ltr'><strong>ﬁdelis,</strong></span> <span class='ocrx_word' id='word_1_548' title='bbox 2456 1463 2610 1516; x_wconf 85' lang='lat' dir='ltr'><strong>super</strong></span> <span class='ocrx_word' id='word_1_549' title='bbox 2637 1463 2801 1518; x_wconf 88' lang='lat' dir='ltr'><strong>pauca</strong></span> <span class='ocrx_word' id='word_1_550' title='bbox 2828 1450 2973 1519; x_wconf 76' lang='lat' dir='ltr'><strong>fuisti</strong></span> <span class='ocrx_word' id='word_1_551' title='bbox 2994 1449 3182 1520; x_wconf 77' lang='lat' dir='ltr'><strong>ﬁdelis,</strong></span> <span class='ocrx_word' id='word_1_552' title='bbox 3214 1467 3367 1522; x_wconf 83' lang='lat' dir='ltr'><strong>super</strong></span> <span class='ocrx_word' id='word_1_553' title='bbox 3392 1453 3551 1506; x_wconf 82' lang='lat' dir='ltr'><strong>multa</strong></span> <span class='ocrx_word' id='word_1_554' title='bbox 3577 1465 3625 1507; x_wconf 89' lang='lat' dir='ltr'><strong>te</strong></span> <span class='ocrx_word' id='word_1_555' title='bbox 3650 1455 3838 1508; x_wconf 84' lang='lat' dir='ltr'><strong>consti-</strong></span> 
     </span>
    </p>
   </div>
   <div class='ocr_carea' id='block_1_75' title="bbox 2240 1537 3833 1614">
    <p class='ocr_par' dir='ltr' id='par_1_75' title="bbox 2240 1537 3833 1614">
     <span class='ocr_line' id='line_1_75' title="bbox 2240 1537 3833 1614; baseline 0.006 -24"><span class='ocrx_word' id='word_1_556' title='bbox 2240 1545 2379 1590; x_wconf 86' lang='lat' dir='ltr'><strong>tuam</strong></span> <span class='ocrx_word' id='word_1_557' title='bbox 2399 1552 2420 1591; x_wconf 89' lang='lat'><strong><em>:</em></strong></span> <span class='ocrx_word' id='word_1_558' title='bbox 2439 1537 2699 1609; x_wconf 80' lang='lat' dir='ltr'><strong>ingredere</strong></span> <span class='ocrx_word' id='word_1_559' title='bbox 2725 1540 2777 1593; x_wconf 89' lang='lat' dir='ltr'><strong>in</strong></span> <span class='ocrx_word' id='word_1_560' title='bbox 2801 1541 3045 1612; x_wconf 83' lang='lat' dir='ltr'><strong>gaudium</strong></span> <span class='ocrx_word' id='word_1_561' title='bbox 3066 1543 3257 1595; x_wconf 83' lang='lat' dir='ltr'><strong>domini</strong></span> <span class='ocrx_word' id='word_1_562' title='bbox 3282 1543 3356 1595; x_wconf 90' lang='lat' dir='ltr'><strong>tui</strong></span> <span class='ocrx_word' id='word_1_563' title='bbox 3374 1542 3584 1613; x_wconf 61' lang='lat' dir='ltr'><strong>(Matth.</strong></span> <span class='ocrx_word' id='word_1_564' title='bbox 3602 1544 3693 1600; x_wconf 88' lang='grc'><strong>25.</strong></span> <span class='ocrx_word' id='word_1_565' title='bbox 3715 1544 3833 1614; x_wconf 81' lang='grc'><strong>21).</strong></span> 
     </span>
    </p>
   </div>
   <div class='ocr_carea' id='block_1_76' title="bbox 2240 1627 3834 1704">
    <p class='ocr_par' dir='ltr' id='par_1_76' title="bbox 2240 1627 3834 1704">
     <span class='ocr_line' id='line_1_76' title="bbox 2240 1627 3834 1704; baseline 0.005 -23"><span class='ocrx_word' id='word_1_566' title='bbox 2240 1627 2528 1695; x_wconf 85' lang='lat' dir='ltr'><strong>Quoniam,</strong></span> <span class='ocrx_word' id='word_1_567' title='bbox 2557 1629 2747 1700; x_wconf 88' lang='lat' dir='ltr'><strong>inquit,</strong></span> <span class='ocrx_word' id='word_1_568' title='bbox 2779 1633 2830 1685; x_wconf 90' lang='lat' dir='ltr'><strong>in</strong></span> <span class='ocrx_word' id='word_1_569' title='bbox 2855 1631 2918 1696; x_wconf 82' lang='lat' dir='ltr'><strong>iis</strong></span> <span class='ocrx_word' id='word_1_570' title='bbox 2947 1647 3064 1701; x_wconf 76' lang='lat' dir='ltr'><strong>qua:</strong></span> <span class='ocrx_word' id='word_1_571' title='bbox 3104 1631 3198 1686; x_wconf 90' lang='lat' dir='ltr'><strong>tibi</strong></span> <span class='ocrx_word' id='word_1_572' title='bbox 3221 1632 3424 1688; x_wconf 89' lang='lat' dir='ltr'><strong>credita</strong></span> <span class='ocrx_word' id='word_1_573' title='bbox 3445 1643 3592 1702; x_wconf 89' lang='lat' dir='ltr'><strong>sunt,</strong></span> <span class='ocrx_word' id='word_1_574' title='bbox 3621 1645 3834 1704; x_wconf 89' lang='lat' dir='ltr'><strong>gratum</strong></span> 
     </span>
    </p>
   </div>
   <div class='ocr_carea' id='block_1_77' title="bbox 2245 1721 3836 1795">
    <p class='ocr_par' dir='ltr' id='par_1_77' title="bbox 2245 1721 3836 1795">
     <span class='ocr_line' id='line_1_77' title="bbox 2245 1721 3836 1795; baseline 0.003 -21"><span class='ocrx_word' id='word_1_575' title='bbox 2245 1735 2355 1789; x_wconf 75' lang='lat' dir='ltr'><strong>prte</strong></span> <span class='ocrx_word' id='word_1_576' title='bbox 2385 1731 2438 1775; x_wconf 89' lang='lat' dir='ltr'><strong>te</strong></span> <span class='ocrx_word' id='word_1_577' title='bbox 2462 1721 2629 1775; x_wconf 87' lang='lat' dir='ltr'><strong>tulisti</strong></span> <span class='ocrx_word' id='word_1_578' title='bbox 2655 1722 2916 1788; x_wconf 91' lang='lat' dir='ltr'><strong>animum,</strong></span> <span class='ocrx_word' id='word_1_579' title='bbox 2940 1723 3132 1792; x_wconf 86' lang='lat' dir='ltr'><strong>dignus</strong></span> <span class='ocrx_word' id='word_1_580' title='bbox 3175 1739 3236 1780; x_wconf 88' lang='lat' dir='ltr'><strong>es</strong></span> <span class='ocrx_word' id='word_1_581' title='bbox 3275 1724 3362 1779; x_wconf 92' lang='lat' dir='ltr'><strong>cui</strong></span> <span class='ocrx_word' id='word_1_582' title='bbox 3404 1734 3459 1778; x_wconf 91' lang='lat' dir='ltr'><strong>et</strong></span> <span class='ocrx_word' id='word_1_583' title='bbox 3491 1725 3693 1795; x_wconf 83' lang='lat' dir='ltr'><strong>majora</strong></span> <span class='ocrx_word' id='word_1_584' title='bbox 3721 1736 3836 1780; x_wconf 81' lang='lat' dir='ltr'><strong>tra-</strong></span> 
     </span>
    </p>
   </div>
   <div class='ocr_carea' id='block_1_78' title="bbox 2241 1808 3832 1886">
    <p class='ocr_par' dir='ltr' id='par_1_78' title="bbox 2241 1808 3832 1886">
     <span class='ocr_line' id='line_1_78' title="bbox 2241 1808 3832 1886; baseline 0.003 -24"><span class='ocrx_word' id='word_1_585' title='bbox 2241 1808 2455 1863; x_wconf 92' lang='lat' dir='ltr'><strong>dantur.</strong></span> <span class='ocrx_word' id='word_1_586' title='bbox 2495 1808 2715 1865; x_wconf 80' lang='lat' dir='ltr'><strong>Accessit</strong></span> <span class='ocrx_word' id='word_1_587' title='bbox 2743 1822 2911 1865; x_wconf 87' lang='lat' dir='ltr'><strong>autem</strong></span> <span class='ocrx_word' id='word_1_588' title='bbox 2949 1821 2996 1866; x_wconf 88' lang='lat' dir='ltr'><strong>et</strong></span> <span class='ocrx_word' id='word_1_589' title='bbox 3042 1813 3129 1882; x_wconf 82' lang='lat' dir='ltr'><strong>qui</strong></span> <span class='ocrx_word' id='word_1_590' title='bbox 3181 1813 3285 1866; x_wconf 87' lang='lat' dir='ltr'><strong>duo</strong></span> <span class='ocrx_word' id='word_1_591' title='bbox 3318 1812 3508 1868; x_wconf 86' lang='lat' dir='ltr'><strong>talenta</strong></span> <span class='ocrx_word' id='word_1_592' title='bbox 3541 1825 3832 1886; x_wconf 83' lang='lat' dir='ltr'><strong>acceperat,</strong></span> 
     </span>
    </p>
   </div>
   <div class='ocr_carea' id='block_1_79' title="bbox 2243 1899 3839 1960">
    <p class='ocr_par' dir='ltr' id='par_1_79' title="bbox 2243 1899 3839 1960">
     <span class='ocr_line' id='line_1_79' title="bbox 2243 1899 3839 1960; baseline 0.004 -7"><span class='ocrx_word' id='word_1_593' title='bbox 2243 1899 2414 1954; x_wconf 86' lang='lat' dir='ltr'><strong>dicens</strong></span> <span class='ocrx_word' id='word_1_594' title='bbox 2442 1920 2461 1956; x_wconf 86' lang='lat'><strong><em>:</em></strong></span> <span class='ocrx_word' id='word_1_595' title='bbox 2490 1899 2678 1956; x_wconf 84' lang='lat' dir='ltr'><strong>Nonne</strong></span> <span class='ocrx_word' id='word_1_596' title='bbox 2709 1902 2812 1956; x_wconf 80' lang='lat' dir='ltr'><strong>duo</strong></span> <span class='ocrx_word' id='word_1_597' title='bbox 2840 1903 3030 1957; x_wconf 87' lang='lat' dir='ltr'><strong>talenta</strong></span> <span class='ocrx_word' id='word_1_598' title='bbox 3058 1904 3183 1957; x_wconf 76' lang='lat' dir='ltr'><strong>milii</strong></span> <span class='ocrx_word' id='word_1_599' title='bbox 3212 1905 3467 1959; x_wconf 87' lang='lat' dir='ltr'><strong>tradidisti</strong></span> <span class='ocrx_word' id='word_1_600' title='bbox 3486 1905 3512 1958; x_wconf 87' lang='lat'><strong>.’</strong></span> <span class='ocrx_word' id='word_1_601' title='bbox 3557 1904 3693 1960; x_wconf 82' lang='lat' dir='ltr'><strong>Ecce</strong></span> <span class='ocrx_word' id='word_1_602' title='bbox 3731 1908 3839 1960; x_wconf 83' lang='lat' dir='ltr'><strong>alia</strong></span> 
     </span>
    </p>
   </div>
   <div class='ocr_carea' id='block_1_80' title="bbox 2245 1992 3840 2069">
    <p class='ocr_par' dir='ltr' id='par_1_80' title="bbox 2245 1992 3840 2069">
     <span class='ocr_line' id='line_1_80' title="bbox 2245 1992 3840 2069; baseline 0.008 -24"><span class='ocrx_word' id='word_1_603' title='bbox 2245 1992 2346 2046; x_wconf 82' lang='lat' dir='ltr'><strong>duo</strong></span> <span class='ocrx_word' id='word_1_604' title='bbox 2375 1993 2599 2047; x_wconf 86' lang='lat' dir='ltr'><strong>lucratus</strong></span> <span class='ocrx_word' id='word_1_605' title='bbox 2639 2011 2752 2048; x_wconf 83' lang='lat' dir='ltr'><strong>sunt</strong></span> <span class='ocrx_word' id='word_1_606' title='bbox 2793 1996 3000 2065; x_wconf 80' lang='lat' dir='ltr'><strong>insuper</strong></span> <span class='ocrx_word' id='word_1_607' title='bbox 3029 1995 3205 2067; x_wconf 84' lang='lat' dir='ltr'><strong>(Ibid.</strong></span> <span class='ocrx_word' id='word_1_608' title='bbox 3239 2013 3288 2051; x_wconf 77' lang='grc' dir='ltr'><strong>υ.</strong></span> <span class='ocrx_word' id='word_1_609' title='bbox 3314 1995 3444 2069; x_wconf 85' lang='grc'><strong>22).</strong></span> <span class='ocrx_word' id='word_1_610' title='bbox 3469 1997 3654 2068; x_wconf 80' lang='lat' dir='ltr'><strong>Magna</strong></span> <span class='ocrx_word' id='word_1_611' title='bbox 3680 1999 3840 2069; x_wconf 76' lang='lat' dir='ltr'><strong>lmjns</strong></span> 
     </span>
    </p>
   </div>
   <div class='ocr_carea' id='block_1_81' title="bbox 2243 2085 3836 2156">
    <p class='ocr_par' dir='ltr' id='par_1_81' title="bbox 2243 2085 3836 2156">
     <span class='ocr_line' id='line_1_81' title="bbox 2243 2085 3836 2156; baseline 0.005 -19"><span class='ocrx_word' id='word_1_612' title='bbox 2243 2099 2456 2155; x_wconf 90' lang='lat' dir='ltr'><strong>quoque</strong></span> <span class='ocrx_word' id='word_1_613' title='bbox 2477 2085 2618 2140; x_wconf 89' lang='lat' dir='ltr'><strong>circa</strong></span> <span class='ocrx_word' id='word_1_614' title='bbox 2650 2087 2897 2155; x_wconf 89' lang='lat' dir='ltr'><strong>pecunias</strong></span> <span class='ocrx_word' id='word_1_615' title='bbox 2922 2087 3124 2142; x_wconf 91' lang='lat' dir='ltr'><strong>domini</strong></span> <span class='ocrx_word' id='word_1_616' title='bbox 3159 2089 3240 2143; x_wconf 87' lang='lat' dir='ltr'><strong>sui</strong></span> <span class='ocrx_word' id='word_1_617' title='bbox 3262 2105 3389 2144; x_wconf 88' lang='lat' dir='ltr'><strong>cura</strong></span> <span class='ocrx_word' id='word_1_618' title='bbox 3412 2098 3468 2144; x_wconf 89' lang='lat' dir='ltr'><strong>et</strong></span> <span class='ocrx_word' id='word_1_619' title='bbox 3495 2089 3836 2156; x_wconf 85' lang='lat' dir='ltr'><strong>sollicitudo;</strong></span> 
     </span>
    </p>
   </div>
   <div class='ocr_carea' id='block_1_82' title="bbox 2247 2176 3840 2253">
    <p class='ocr_par' dir='ltr' id='par_1_82' title="bbox 2247 2176 3840 2253">
     <span class='ocr_line' id='line_1_82' title="bbox 2247 2176 3840 2253; baseline 0.006 -23"><span class='ocrx_word' id='word_1_620' title='bbox 2247 2176 2386 2230; x_wconf 89' lang='lat' dir='ltr'><strong>unde</strong></span> <span class='ocrx_word' id='word_1_621' title='bbox 2410 2176 2678 2233; x_wconf 88' lang='lat' dir='ltr'><strong>eteadem</strong></span> <span class='ocrx_word' id='word_1_622' title='bbox 2707 2194 2825 2248; x_wconf 77' lang='lat' dir='ltr'><strong>qua:</strong></span> <span class='ocrx_word' id='word_1_623' title='bbox 2849 2180 3096 2249; x_wconf 89' lang='lat' dir='ltr'><strong>superior</strong></span> <span class='ocrx_word' id='word_1_624' title='bbox 3139 2181 3364 2237; x_wconf 88' lang='lat' dir='ltr'><strong>meritus</strong></span> <span class='ocrx_word' id='word_1_625' title='bbox 3414 2193 3516 2237; x_wconf 89' lang='lat' dir='ltr'><strong>est.</strong></span> <span class='ocrx_word' id='word_1_626' title='bbox 3561 2182 3630 2238; x_wconf 84' lang='lat' dir='ltr'><strong>Et</strong></span> <span class='ocrx_word' id='word_1_627' title='bbox 3671 2200 3840 2253; x_wconf 85' lang='lat' dir='ltr'><strong>quare</strong></span> 
     </span>
    </p>
   </div>
   <div class='ocr_carea' id='block_1_83' title="bbox 2244 2265 3840 2344">
    <p class='ocr_par' dir='ltr' id='par_1_83' title="bbox 2244 2265 3840 2344">
     <span class='ocr_line' id='line_1_83' title="bbox 2244 2265 3840 2344; baseline 0.006 -24"><span class='ocrx_word' id='word_1_628' title='bbox 2244 2265 2334 2321; x_wconf 90' lang='lat' dir='ltr'><strong>ille</strong></span> <span class='ocrx_word' id='word_1_629' title='bbox 2353 2268 2442 2336; x_wconf 89' lang='lat' dir='ltr'><strong>qui</strong></span> <span class='ocrx_word' id='word_1_630' title='bbox 2465 2267 2571 2322; x_wconf 92' lang='lat' dir='ltr'><strong>duo</strong></span> <span class='ocrx_word' id='word_1_631' title='bbox 2591 2269 2766 2323; x_wconf 89' lang='lat' dir='ltr'><strong>attulit</strong></span> <span class='ocrx_word' id='word_1_632' title='bbox 2787 2270 3003 2337; x_wconf 90' lang='lat' dir='ltr'><strong>talenta,</strong></span> <span class='ocrx_word' id='word_1_633' title='bbox 3027 2271 3272 2328; x_wconf 90' lang='lat' dir='ltr'><strong>eumdem</strong></span> <span class='ocrx_word' id='word_1_634' title='bbox 3297 2275 3642 2344; x_wconf 88' lang='lat' dir='ltr'><strong>consequitur</strong></span> <span class='ocrx_word' id='word_1_635' title='bbox 3663 2275 3840 2329; x_wconf 72' lang='lat' dir='ltr'><strong>borio-</strong></span> 
     </span>
    </p>
   </div>
   <div class='ocr_carea' id='block_1_84' title="bbox 2245 2357 3838 2431">
    <p class='ocr_par' dir='ltr' id='par_1_84' title="bbox 2245 2357 3838 2431">
     <span class='ocr_line' id='line_1_84' title="bbox 2245 2357 3838 2431; baseline 0.008 -21"><span class='ocrx_word' id='word_1_636' title='bbox 2245 2370 2380 2422; x_wconf 90' lang='lat' dir='ltr'><strong>rem,</strong></span> <span class='ocrx_word' id='word_1_637' title='bbox 2410 2372 2570 2428; x_wconf 89' lang='lat' dir='ltr'><strong>quem</strong></span> <span class='ocrx_word' id='word_1_638' title='bbox 2603 2357 2689 2413; x_wconf 90' lang='lat' dir='ltr'><strong>ille</strong></span> <span class='ocrx_word' id='word_1_639' title='bbox 2704 2360 2793 2428; x_wconf 91' lang='lat' dir='ltr'><strong>qui</strong></span> <span class='ocrx_word' id='word_1_640' title='bbox 2818 2361 3008 2415; x_wconf 89' lang='lat' dir='ltr'><strong>talenta</strong></span> <span class='ocrx_word' id='word_1_641' title='bbox 3033 2362 3268 2431; x_wconf 87' lang='lat' dir='ltr'><strong>quinque</strong></span> <span class='ocrx_word' id='word_1_642' title='bbox 3290 2361 3580 2419; x_wconf 69' lang='lat' dir='ltr'><strong>attulerat?</strong></span> <span class='ocrx_word' id='word_1_643' title='bbox 3605 2364 3798 2420; x_wconf 79' lang='lat' dir='ltr'><strong>Merito</strong></span> <span class='ocrx_word' id='word_1_644' title='bbox 3824 2386 3838 2422; x_wconf 91' lang='lat'><strong>:</strong></span> 
     </span>
    </p>
   </div>
   <div class='ocr_carea' id='block_1_85' title="bbox 2245 2449 3843 2525">
    <p class='ocr_par' dir='ltr' id='par_1_85' title="bbox 2245 2449 3843 2525">
     <span class='ocr_line' id='line_1_85' title="bbox 2245 2449 3843 2525; baseline 0.006 -23"><span class='ocrx_word' id='word_1_645' title='bbox 2245 2449 2603 2504; x_wconf 89' lang='lat' dir='ltr'><strong>accretionem</strong></span> <span class='ocrx_word' id='word_1_646' title='bbox 2640 2450 2784 2504; x_wconf 92' lang='lat' dir='ltr'><strong>enim</strong></span> <span class='ocrx_word' id='word_1_647' title='bbox 2813 2458 2869 2505; x_wconf 88' lang='lat' dir='ltr'><strong>et</strong></span> <span class='ocrx_word' id='word_1_648' title='bbox 2917 2450 3342 2508; x_wconf 88' lang='lat' dir='ltr'><strong>imminutionem</strong></span> <span class='ocrx_word' id='word_1_649' title='bbox 3392 2469 3499 2508; x_wconf 89' lang='lat' dir='ltr'><strong>non</strong></span> <span class='ocrx_word' id='word_1_650' title='bbox 3544 2455 3628 2508; x_wconf 90' lang='lat' dir='ltr'><strong>vel</strong></span> <span class='ocrx_word' id='word_1_651' title='bbox 3679 2457 3843 2525; x_wconf 89' lang='lat' dir='ltr'><strong>hujus</strong></span> 
     </span>
    </p>
   </div>
   <div class='ocr_carea' id='block_1_86' title="bbox 2245 2539 3842 2612">
    <p class='ocr_par' dir='ltr' id='par_1_86' title="bbox 2245 2539 3842 2612">
     <span class='ocr_line' id='line_1_86' title="bbox 2245 2539 3842 2612; baseline 0.005 -18"><span class='ocrx_word' id='word_1_652' title='bbox 2245 2540 2549 2611; x_wconf 85' lang='lat' dir='ltr'><strong>diligentia,</strong></span> <span class='ocrx_word' id='word_1_653' title='bbox 2578 2539 2660 2595; x_wconf 91' lang='lat' dir='ltr'><strong>vel</strong></span> <span class='ocrx_word' id='word_1_654' title='bbox 2683 2539 2824 2595; x_wconf 88' lang='lat' dir='ltr'><strong>illius</strong></span> <span class='ocrx_word' id='word_1_655' title='bbox 2859 2542 3182 2612; x_wconf 87' lang='lat' dir='ltr'><strong>negligentia</strong></span> <span class='ocrx_word' id='word_1_656' title='bbox 3203 2543 3353 2609; x_wconf 77' lang='lat' dir='ltr'><strong>fecit,</strong></span> <span class='ocrx_word' id='word_1_657' title='bbox 3385 2545 3480 2600; x_wconf 85' lang='lat' dir='ltr'><strong>sed</strong></span> <span class='ocrx_word' id='word_1_658' title='bbox 3504 2548 3842 2602; x_wconf 81' lang='lat' dir='ltr'><strong>concredita-</strong></span> 
     </span>
    </p>
   </div>
   <div class='ocr_carea' id='block_1_87' title="bbox 2245 2631 3843 2705">
    <p class='ocr_par' dir='ltr' id='par_1_87' title="bbox 2245 2631 3843 2705">
     <span class='ocr_line' id='line_1_87' title="bbox 2245 2631 3843 2705; baseline 0.004 -18"><span class='ocrx_word' id='word_1_659' title='bbox 2245 2648 2365 2687; x_wconf 87' lang='lat' dir='ltr'><strong>rutn</strong></span> <span class='ocrx_word' id='word_1_660' title='bbox 2391 2632 2601 2688; x_wconf 91' lang='lat' dir='ltr'><strong>modus.</strong></span> <span class='ocrx_word' id='word_1_661' title='bbox 2627 2631 2761 2687; x_wconf 81' lang='lat' dir='ltr'><strong>Nam</strong></span> <span class='ocrx_word' id='word_1_662' title='bbox 2787 2634 2928 2702; x_wconf 91' lang='lat' dir='ltr'><strong>quod</strong></span> <span class='ocrx_word' id='word_1_663' title='bbox 2958 2634 3025 2688; x_wconf 90' lang='lat' dir='ltr'><strong>ad</strong></span> <span class='ocrx_word' id='word_1_664' title='bbox 3075 2635 3403 2703; x_wconf 84' lang='lat' dir='ltr'><strong>diligentiam</strong></span> <span class='ocrx_word' id='word_1_665' title='bbox 3429 2640 3640 2705; x_wconf 83' lang='lat' dir='ltr'><strong>attinet,</strong></span> <span class='ocrx_word' id='word_1_666' title='bbox 3677 2639 3843 2694; x_wconf 88' lang='lat' dir='ltr'><strong>ambo</strong></span> 
     </span>
    </p>
   </div>
   <div class='ocr_carea' id='block_1_88' title="bbox 2247 2723 3841 2795">
    <p class='ocr_par' dir='ltr' id='par_1_88' title="bbox 2247 2723 3841 2795">
     <span class='ocr_line' id='line_1_88' title="bbox 2247 2723 3841 2795; baseline 0.005 -19"><span class='ocrx_word' id='word_1_667' title='bbox 2247 2738 2401 2793; x_wconf 81' lang='lat' dir='ltr'><strong>pares</strong></span> <span class='ocrx_word' id='word_1_668' title='bbox 2425 2723 2675 2790; x_wconf 85' lang='lat' dir='ltr'><strong>luerunt;</strong></span> <span class='ocrx_word' id='word_1_669' title='bbox 2721 2723 2945 2794; x_wconf 79' lang='lat' dir='ltr'><strong>proinde</strong></span> <span class='ocrx_word' id='word_1_670' title='bbox 2985 2731 3040 2780; x_wconf 91' lang='lat' dir='ltr'><strong>et</strong></span> <span class='ocrx_word' id='word_1_671' title='bbox 3084 2726 3326 2782; x_wconf 86' lang='lat' dir='ltr'><strong>eamdem</strong></span> <span class='ocrx_word' id='word_1_672' title='bbox 3351 2731 3841 2795; x_wconf 69' lang='lat' dir='ltr'><strong>remunerationem</strong></span> 
     </span>
    </p>
   </div>
   <div class='ocr_carea' id='block_1_89' title="bbox 2245 2814 2562 2869">
    <p class='ocr_par' dir='ltr' id='par_1_89' title="bbox 2245 2814 2562 2869">
     <span class='ocr_line' id='line_1_89' title="bbox 2245 2814 2562 2869; baseline 0.006 -2"><span class='ocrx_word' id='word_1_673' title='bbox 2245 2814 2384 2867; x_wconf 90' lang='lat' dir='ltr'><strong>nacti</strong></span> <span class='ocrx_word' id='word_1_674' title='bbox 2420 2823 2562 2869; x_wconf 90' lang='lat' dir='ltr'><strong>sunt.</strong></span> 
     </span>
    </p>
   </div>
   <div class='ocr_carea' id='block_1_90' title="bbox 2306 2902 3843 2981">
    <p class='ocr_par' dir='ltr' id='par_1_90' title="bbox 2306 2902 3843 2981">
     <span class='ocr_line' id='line_1_90' title="bbox 2306 2902 3843 2981; baseline 0.008 -26"><span class='ocrx_word' id='word_1_675' title='bbox 2306 2902 2362 2956; x_wconf 74' lang='grc'><strong>2.</strong></span> <span class='ocrx_word' id='word_1_676' title='bbox 2391 2903 2584 2958; x_wconf 82' lang='lat' dir='ltr'><strong>Verum</strong></span> <span class='ocrx_word' id='word_1_677' title='bbox 2609 2903 2749 2959; x_wconf 88' lang='lat' dir='ltr'><strong>alius</strong></span> <span class='ocrx_word' id='word_1_678' title='bbox 2783 2905 2875 2959; x_wconf 90' lang='lat' dir='ltr'><strong>ille</strong></span> <span class='ocrx_word' id='word_1_679' title='bbox 2916 2905 3046 2960; x_wconf 90' lang='lat' dir='ltr'><strong>nibil</strong></span> <span class='ocrx_word' id='word_1_680' title='bbox 3103 2907 3210 2962; x_wconf 87' lang='lat' dir='ltr'><strong>tale</strong></span> <span class='ocrx_word' id='word_1_681' title='bbox 3264 2906 3463 2963; x_wconf 79' lang='lat' dir='ltr'><strong>iecerat</strong></span> <span class='ocrx_word' id='word_1_682' title='bbox 3491 2908 3625 2964; x_wconf 86' lang='lat' dir='ltr'><strong>:sed</strong></span> <span class='ocrx_word' id='word_1_683' title='bbox 3670 2912 3843 2981; x_wconf 74' lang='lat' dir='ltr'><strong>quid?</strong></span> 
     </span>
    </p>
   </div>
   <div class='ocr_carea' id='block_1_91' title="bbox 2244 2995 3838 3069">
    <p class='ocr_par' dir='ltr' id='par_1_91' title="bbox 2244 2995 3838 3069">
     <span class='ocr_line' id='line_1_91' title="bbox 2244 2995 3838 3069; baseline 0.004 -19"><span class='ocrx_word' id='word_1_684' title='bbox 2244 2995 2504 3056; x_wconf 76' lang='lat' dir='ltr'><strong>AcceSsit,</strong></span> <span class='ocrx_word' id='word_1_685' title='bbox 2531 2995 2714 3049; x_wconf 88' lang='lat' dir='ltr'><strong>dicens</strong></span> <span class='ocrx_word' id='word_1_686' title='bbox 2741 3012 2756 3049; x_wconf 88' lang='lat'><strong>:</strong></span> <span class='ocrx_word' id='word_1_687' title='bbox 2780 2996 3001 3066; x_wconf 83' lang='lat' dir='ltr'><strong>Cognoui</strong></span> <span class='ocrx_word' id='word_1_688' title='bbox 3036 3007 3103 3063; x_wconf 91' lang='lat' dir='ltr'><strong>te,</strong></span> <span class='ocrx_word' id='word_1_689' title='bbox 3130 2997 3268 3068; x_wconf 85' lang='lat' dir='ltr'><strong>quod</strong></span> <span class='ocrx_word' id='word_1_690' title='bbox 3308 3009 3541 3056; x_wconf 79' lang='lat' dir='ltr'><strong>austeras</strong></span> <span class='ocrx_word' id='word_1_691' title='bbox 3568 3001 3720 3056; x_wconf 75' lang='lat' dir='ltr'><strong>homo</strong></span> <span class='ocrx_word' id='word_1_692' title='bbox 3745 3004 3838 3069; x_wconf 85' lang='lat' dir='ltr'><strong>sis,</strong></span> 
     </span>
    </p>
   </div>
   <div class='ocr_carea' id='block_1_92' title="bbox 2247 3087 3840 3164">
    <p class='ocr_par' dir='ltr' id='par_1_92' title="bbox 2247 3087 3840 3164">
     <span class='ocr_line' id='line_1_92' title="bbox 2247 3087 3840 3164; baseline 0.007 -25"><span class='ocrx_word' id='word_1_693' title='bbox 2247 3099 2432 3140; x_wconf 85' lang='lat' dir='ltr'><strong>metens</strong></span> <span class='ocrx_word' id='word_1_694' title='bbox 2454 3087 2539 3141; x_wconf 85' lang='lat' dir='ltr'><strong>ubi</strong></span> <span class='ocrx_word' id='word_1_695' title='bbox 2566 3103 2667 3140; x_wconf 90' lang='lat' dir='ltr'><strong>non</strong></span> <span class='ocrx_word' id='word_1_696' title='bbox 2702 3089 2980 3154; x_wconf 87' lang='lat' dir='ltr'><strong>seminasti,</strong></span> <span class='ocrx_word' id='word_1_697' title='bbox 3011 3098 3057 3142; x_wconf 86' lang='lat' dir='ltr'><strong>et</strong></span> <span class='ocrx_word' id='word_1_698' title='bbox 3077 3105 3388 3161; x_wconf 78' lang='lat' dir='ltr'><strong>congregans</strong></span> <span class='ocrx_word' id='word_1_699' title='bbox 3409 3092 3493 3145; x_wconf 84' lang='lat' dir='ltr'><strong>ubi</strong></span> <span class='ocrx_word' id='word_1_700' title='bbox 3518 3109 3618 3147; x_wconf 86' lang='lat' dir='ltr'><strong>non</strong></span> <span class='ocrx_word' id='word_1_701' title='bbox 3638 3097 3840 3164; x_wconf 85' lang='lat' dir='ltr'><strong>sparsi-</strong></span> 
     </span>
    </p>
   </div>
   <div class='ocr_carea' id='block_1_93' title="bbox 2245 3178 3837 3241">
    <p class='ocr_par' dir='ltr' id='par_1_93' title="bbox 2245 3178 3837 3241">
     <span class='ocr_line' id='line_1_93' title="bbox 2245 3178 3837 3241; baseline 0.006 -10"><span class='ocrx_word' id='word_1_702' title='bbox 2245 3179 2362 3232; x_wconf 89' lang='lat' dir='ltr'><strong>sti:</strong></span> <span class='ocrx_word' id='word_1_703' title='bbox 2390 3188 2434 3232; x_wconf 88' lang='lat' dir='ltr'><strong>et</strong></span> <span class='ocrx_word' id='word_1_704' title='bbox 2489 3186 2712 3232; x_wconf 84' lang='lat' dir='ltr'><strong>metuens</strong></span> <span class='ocrx_word' id='word_1_705' title='bbox 2755 3178 2858 3231; x_wconf 90' lang='lat' dir='ltr'><strong>abii</strong></span> <span class='ocrx_word' id='word_1_706' title='bbox 2901 3187 2949 3232; x_wconf 89' lang='lat' dir='ltr'><strong>et</strong></span> <span class='ocrx_word' id='word_1_707' title='bbox 2996 3181 3246 3235; x_wconf 72' lang='lat' dir='ltr'><strong>occultavi</strong></span> <span class='ocrx_word' id='word_1_708' title='bbox 3292 3183 3532 3236; x_wconf 85' lang='lat' dir='ltr'><strong>talentum</strong></span> <span class='ocrx_word' id='word_1_709' title='bbox 3574 3183 3626 3237; x_wconf 90' lang='lat' dir='ltr'><strong>in</strong></span> <span class='ocrx_word' id='word_1_710' title='bbox 3678 3196 3837 3241; x_wconf 85' lang='lat' dir='ltr'><strong>terra.</strong></span> 
     </span>
    </p>
   </div>
   <div class='ocr_carea' id='block_1_94' title="bbox 2245 3268 3843 3342">
    <p class='ocr_par' dir='ltr' id='par_1_94' title="bbox 2245 3268 3843 3342">
     <span class='ocr_line' id='line_1_94' title="bbox 2245 3268 3843 3342; baseline -0.001 -20"><span class='ocrx_word' id='word_1_711' title='bbox 2245 3268 2380 3323; x_wconf 84' lang='lat' dir='ltr'><strong>Ecce</strong></span> <span class='ocrx_word' id='word_1_712' title='bbox 2406 3270 2557 3324; x_wconf 76' lang='lat' dir='ltr'><strong>habes</strong></span> <span class='ocrx_word' id='word_1_713' title='bbox 2583 3269 2714 3339; x_wconf 86' lang='lat' dir='ltr'><strong>quod</strong></span> <span class='ocrx_word' id='word_1_714' title='bbox 2753 3278 2895 3322; x_wconf 91' lang='lat' dir='ltr'><strong>tuum</strong></span> <span class='ocrx_word' id='word_1_715' title='bbox 2935 3277 3006 3323; x_wconf 86' lang='lat' dir='ltr'><strong>est</strong></span> <span class='ocrx_word' id='word_1_716' title='bbox 3035 3268 3211 3341; x_wconf 89' lang='lat' dir='ltr'><strong>(Ibid.</strong></span> <span class='ocrx_word' id='word_1_717' title='bbox 3243 3287 3290 3323; x_wconf 78' lang='grc' dir='ltr'><strong>ο.</strong></span> <span class='ocrx_word' id='word_1_718' title='bbox 3336 3272 3426 3327; x_wconf 71' lang='grc'><strong>24.</strong></span> <span class='ocrx_word' id='word_1_719' title='bbox 3457 3273 3586 3342; x_wconf 84' lang='grc'><strong>25).</strong></span> <span class='ocrx_word' id='word_1_720' title='bbox 3613 3275 3659 3330; x_wconf 89' lang='grc'>0</span> <span class='ocrx_word' id='word_1_721' title='bbox 3684 3277 3843 3332; x_wconf 85' lang='lat' dir='ltr'><strong>mali-</strong></span> 
     </span>
    </p>
   </div>
   <div class='ocr_carea' id='block_1_95' title="bbox 2247 3358 3838 3429">
    <p class='ocr_par' dir='ltr' id='par_1_95' title="bbox 2247 3358 3838 3429">
     <span class='ocr_line' id='line_1_95' title="bbox 2247 3358 3838 3429; baseline 0.005 -16"><span class='ocrx_word' id='word_1_722' title='bbox 2247 3361 2372 3413; x_wconf 87' lang='lat' dir='ltr'><strong>tiam</strong></span> <span class='ocrx_word' id='word_1_723' title='bbox 2419 3358 2632 3413; x_wconf 78' lang='lat' dir='ltr'><strong>famuli!</strong></span> <span class='ocrx_word' id='word_1_724' title='bbox 2679 3375 2712 3412; x_wconf 89' lang='grc' dir='ltr'><strong>ο</strong></span> <span class='ocrx_word' id='word_1_725' title='bbox 2751 3373 3012 3413; x_wconf 90' lang='lat' dir='ltr'><strong>summam</strong></span> <span class='ocrx_word' id='word_1_726' title='bbox 3063 3360 3488 3429; x_wconf 87' lang='lat' dir='ltr'><strong>improbitatem!</strong></span> <span class='ocrx_word' id='word_1_727' title='bbox 3515 3380 3621 3419; x_wconf 84' lang='lat' dir='ltr'><strong>non</strong></span> <span class='ocrx_word' id='word_1_728' title='bbox 3659 3366 3838 3422; x_wconf 89' lang='lat' dir='ltr'><strong>solum</strong></span> 
     </span>
    </p>
   </div>
   <div class='ocr_carea' id='block_1_96' title="bbox 2246 3450 3844 3530">
    <p class='ocr_par' dir='ltr' id='par_1_96' title="bbox 2246 3450 3844 3530">
     <span class='ocr_line' id='line_1_96' title="bbox 2246 3450 3844 3530; baseline 0.006 -26"><span class='ocrx_word' id='word_1_729' title='bbox 2246 3450 2378 3504; x_wconf 91' lang='lat' dir='ltr'><strong>nihil</strong></span> <span class='ocrx_word' id='word_1_730' title='bbox 2432 3450 2730 3520; x_wconf 80' lang='lat' dir='ltr'><strong>negotiatus</strong></span> <span class='ocrx_word' id='word_1_731' title='bbox 2778 3460 2860 3505; x_wconf 90' lang='lat' dir='ltr'><strong>est</strong></span> <span class='ocrx_word' id='word_1_732' title='bbox 2905 3465 2974 3505; x_wconf 84' lang='lat' dir='ltr'><strong>ex</strong></span> <span class='ocrx_word' id='word_1_733' title='bbox 3014 3451 3212 3505; x_wconf 89' lang='lat' dir='ltr'><strong>talento</strong></span> <span class='ocrx_word' id='word_1_734' title='bbox 3241 3452 3342 3506; x_wconf 90' lang='lat' dir='ltr'><strong>sibi</strong></span> <span class='ocrx_word' id='word_1_735' title='bbox 3386 3454 3739 3530; x_wconf 81' lang='lat' dir='ltr'><strong>credito,_sed</strong></span> <span class='ocrx_word' id='word_1_736' title='bbox 3783 3465 3844 3513; x_wconf 87' lang='lat' dir='ltr'><strong>et</strong></span> 
     </span>
    </p>
   </div>
   <div class='ocr_carea' id='block_1_97' title="bbox 2247 3541 3841 3609">
    <p class='ocr_par' dir='ltr' id='par_1_97' title="bbox 2247 3541 3841 3609">
     <span class='ocr_line' id='line_1_97' title="bbox 2247 3541 3841 3609; baseline 0.005 -16"><span class='ocrx_word' id='word_1_737' title='bbox 2247 3555 2341 3609; x_wconf 91' lang='lat' dir='ltr'><strong>pro</strong></span> <span class='ocrx_word' id='word_1_738' title='bbox 2367 3541 2567 3594; x_wconf 88' lang='lat' dir='ltr'><strong>talento</strong></span> <span class='ocrx_word' id='word_1_739' title='bbox 2608 3541 3003 3595; x_wconf 54' lang='lat' dir='ltr'><strong>accusationem</strong></span> <span class='ocrx_word' id='word_1_740' title='bbox 3033 3541 3230 3596; x_wconf 91' lang='lat' dir='ltr'><strong>attulit.</strong></span> <span class='ocrx_word' id='word_1_741' title='bbox 3262 3541 3334 3596; x_wconf 89' lang='lat' dir='ltr'><strong>Ita</strong></span> <span class='ocrx_word' id='word_1_742' title='bbox 3378 3544 3520 3598; x_wconf 90' lang='lat' dir='ltr'><strong>enim</strong></span> <span class='ocrx_word' id='word_1_743' title='bbox 3549 3546 3687 3601; x_wconf 89' lang='lat' dir='ltr'><strong>solet</strong></span> <span class='ocrx_word' id='word_1_744' title='bbox 3716 3562 3841 3601; x_wconf 83' lang='lat' dir='ltr'><strong>ma-</strong></span> 
     </span>
    </p>
   </div>
   <div class='ocr_carea' id='block_1_98' title="bbox 2245 3630 3840 3701">
    <p class='ocr_par' dir='ltr' id='par_1_98' title="bbox 2245 3630 3840 3701">
     <span class='ocr_line' id='line_1_98' title="bbox 2245 3630 3840 3701; baseline 0.006 -17"><span class='ocrx_word' id='word_1_745' title='bbox 2245 3631 2388 3694; x_wconf 84' lang='lat' dir='ltr'><strong>litia;</strong></span> <span class='ocrx_word' id='word_1_746' title='bbox 2420 3631 2735 3686; x_wconf 88' lang='lat' dir='ltr'><strong>oblenebrat</strong></span> <span class='ocrx_word' id='word_1_747' title='bbox 2777 3630 3039 3686; x_wconf 87' lang='lat' dir='ltr'><strong>rationem</strong></span> <span class='ocrx_word' id='word_1_748' title='bbox 3070 3641 3125 3685; x_wconf 92' lang='lat' dir='ltr'><strong>et</strong></span> <span class='ocrx_word' id='word_1_749' title='bbox 3163 3647 3284 3687; x_wconf 89' lang='lat' dir='ltr'><strong>eum</strong></span> <span class='ocrx_word' id='word_1_750' title='bbox 3314 3634 3404 3701; x_wconf 90' lang='lat' dir='ltr'><strong>qui</strong></span> <span class='ocrx_word' id='word_1_751' title='bbox 3435 3635 3599 3689; x_wconf 87' lang='lat' dir='ltr'><strong>semel</strong></span> <span class='ocrx_word' id='word_1_752' title='bbox 3626 3651 3657 3688; x_wconf 92' lang='lat' dir='ltr'><strong>a</strong></span> <span class='ocrx_word' id='word_1_753' title='bbox 3690 3647 3840 3692; x_wconf 81' lang='lat' dir='ltr'><strong>recta</strong></span> 
     </span>
    </p>
   </div>
   <div class='ocr_carea' id='block_1_99' title="bbox 2244 3719 3840 3792">
    <p class='ocr_par' dir='ltr' id='par_1_99' title="bbox 2244 3719 3840 3792">
     <span class='ocr_line' id='line_1_99' title="bbox 2244 3719 3840 3792; baseline 0.006 -18"><span class='ocrx_word' id='word_1_754' title='bbox 2244 3719 2326 3774; x_wconf 87' lang='lat' dir='ltr'><strong>via</strong></span> <span class='ocrx_word' id='word_1_755' title='bbox 2357 3731 2440 3774; x_wconf 90' lang='lat' dir='ltr'><strong>est</strong></span> <span class='ocrx_word' id='word_1_756' title='bbox 2489 3735 2728 3783; x_wconf 80' lang='lat' dir='ltr'><strong>aversus,</strong></span> <span class='ocrx_word' id='word_1_757' title='bbox 2787 3721 2838 3773; x_wconf 93' lang='lat' dir='ltr'><strong>in</strong></span> <span class='ocrx_word' id='word_1_758' title='bbox 2885 3723 3173 3790; x_wconf 65' lang='lat' dir='ltr'><strong>praecipitia</strong></span> <span class='ocrx_word' id='word_1_759' title='bbox 3216 3722 3451 3792; x_wconf 89' lang='lat' dir='ltr'><strong>conjicit.</strong></span> <span class='ocrx_word' id='word_1_760' title='bbox 3497 3723 3622 3779; x_wconf 56' lang='lat' dir='ltr'><strong>llaec</strong></span> <span class='ocrx_word' id='word_1_761' title='bbox 3655 3735 3840 3784; x_wconf 86' lang='lat' dir='ltr'><strong>autem</strong></span> 
     </span>
    </p>
   </div>
   <div class='ocr_carea' id='block_1_100' title="bbox 2243 3809 3838 3880">
    <p class='ocr_par' dir='ltr' id='par_1_100' title="bbox 2243 3809 3838 3880">
     <span class='ocr_line' id='line_1_100' title="bbox 2243 3809 3838 3880; baseline 0.006 -17"><span class='ocrx_word' id='word_1_762' title='bbox 2243 3810 2420 3864; x_wconf 84' lang='lat' dir='ltr'><strong>omnia</strong></span> <span class='ocrx_word' id='word_1_763' title='bbox 2448 3809 2514 3864; x_wconf 90' lang='lat' dir='ltr'><strong>de</strong></span> <span class='ocrx_word' id='word_1_764' title='bbox 2541 3810 2808 3880; x_wconf 89' lang='lat' dir='ltr'><strong>magistris</strong></span> <span class='ocrx_word' id='word_1_765' title='bbox 2828 3810 2969 3864; x_wconf 88' lang='lat' dir='ltr'><strong>dicta</strong></span> <span class='ocrx_word' id='word_1_766' title='bbox 2999 3819 3143 3877; x_wconf 91' lang='lat' dir='ltr'><strong>sunt,</strong></span> <span class='ocrx_word' id='word_1_767' title='bbox 3183 3821 3238 3864; x_wconf 87' lang='lat' dir='ltr'><strong>ut</strong></span> <span class='ocrx_word' id='word_1_768' title='bbox 3267 3811 3459 3866; x_wconf 86' lang='lat' dir='ltr'><strong>talenta</strong></span> <span class='ocrx_word' id='word_1_769' title='bbox 3487 3812 3588 3867; x_wconf 87' lang='lat' dir='ltr'><strong>sibi</strong></span> <span class='ocrx_word' id='word_1_770' title='bbox 3608 3829 3838 3872; x_wconf 83' lang='lat' dir='ltr'><strong>concre-</strong></span> 
     </span>
    </p>
   </div>
   <div class='ocr_carea' id='block_1_101' title="bbox 2242 3902 3839 3973">
    <p class='ocr_par' dir='ltr' id='par_1_101' title="bbox 2242 3902 3839 3973">
     <span class='ocr_line' id='line_1_101' title="bbox 2242 3902 3839 3973; baseline 0.003 -17"><span class='ocrx_word' id='word_1_771' title='bbox 2242 3903 2350 3956; x_wconf 92' lang='lat' dir='ltr'><strong>dita</strong></span> <span class='ocrx_word' id='word_1_772' title='bbox 2379 3917 2485 3956; x_wconf 93' lang='lat' dir='ltr'><strong>non</strong></span> <span class='ocrx_word' id='word_1_773' title='bbox 2510 3902 2860 3965; x_wconf 90' lang='lat' dir='ltr'><strong>abscondant,</strong></span> <span class='ocrx_word' id='word_1_774' title='bbox 2889 3902 2982 3955; x_wconf 90' lang='lat' dir='ltr'><strong>sed</strong></span> <span class='ocrx_word' id='word_1_775' title='bbox 3014 3903 3157 3955; x_wconf 86' lang='lat' dir='ltr'><strong>muni</strong></span> <span class='ocrx_word' id='word_1_776' title='bbox 3193 3902 3460 3973; x_wconf 85' lang='lat' dir='ltr'><strong>diligentia</strong></span> <span class='ocrx_word' id='word_1_777' title='bbox 3487 3903 3696 3960; x_wconf 85' lang='lat' dir='ltr'><strong>discere</strong></span> <span class='ocrx_word' id='word_1_778' title='bbox 3736 3921 3839 3962; x_wconf 88' lang='lat' dir='ltr'><strong>cu-</strong></span> 
     </span>
    </p>
   </div>
   <div class='ocr_carea' id='block_1_102' title="bbox 2246 3991 3837 4063">
    <p class='ocr_par' dir='ltr' id='par_1_102' title="bbox 2246 3991 3837 4063">
     <span class='ocr_line' id='line_1_102' title="bbox 2246 3991 3837 4063; baseline 0.004 -20"><span class='ocrx_word' id='word_1_779' title='bbox 2246 3992 2511 4061; x_wconf 77' lang='lat' dir='ltr'><strong>pientibus</strong></span> <span class='ocrx_word' id='word_1_780' title='bbox 2557 4000 2848 4060; x_wconf 89' lang='lat' dir='ltr'><strong>apponant.</strong></span> <span class='ocrx_word' id='word_1_781' title='bbox 2892 3991 3087 4045; x_wconf 82' lang='lat' dir='ltr'><strong>Verum</strong></span> <span class='ocrx_word' id='word_1_782' title='bbox 3125 3992 3379 4061; x_wconf 88' lang='lat' dir='ltr'><strong>deinceps</strong></span> <span class='ocrx_word' id='word_1_783' title='bbox 3403 3992 3526 4046; x_wconf 91' lang='lat' dir='ltr'><strong>audi</strong></span> <span class='ocrx_word' id='word_1_784' title='bbox 3555 4032 3569 4057; x_wconf 94' lang='lat'><strong>,</strong></span> <span class='ocrx_word' id='word_1_785' title='bbox 3598 3993 3794 4050; x_wconf 89' lang='lat' dir='ltr'><strong>dilecte</strong></span> <span class='ocrx_word' id='word_1_786' title='bbox 3819 4036 3837 4063; x_wconf 92' lang='lat'><strong>,</strong></span> 
     </span>
    </p>
   </div>
   <div class='ocr_carea' id='block_1_103' title="bbox 2244 4081 3840 4151">
    <p class='ocr_par' dir='ltr' id='par_1_103' title="bbox 2244 4081 3840 4151">
     <span class='ocr_line' id='line_1_103' title="bbox 2244 4081 3840 4151; baseline 0.003 -15"><span class='ocrx_word' id='word_1_787' title='bbox 2244 4097 2310 4136; x_wconf 77' lang='lat' dir='ltr'><strong>ex</strong></span> <span class='ocrx_word' id='word_1_788' title='bbox 2342 4081 2705 4150; x_wconf 88' lang='lat' dir='ltr'><strong>indignatione</strong></span> <span class='ocrx_word' id='word_1_789' title='bbox 2726 4095 2848 4148; x_wconf 86' lang='lat' dir='ltr'><strong>erga</strong></span> <span class='ocrx_word' id='word_1_790' title='bbox 2874 4082 3042 4146; x_wconf 89' lang='lat' dir='ltr'><strong>illttttt,</strong></span> <span class='ocrx_word' id='word_1_791' title='bbox 3070 4081 3341 4151; x_wconf 84' lang='lat' dir='ltr'><strong>quomodo</strong></span> <span class='ocrx_word' id='word_1_792' title='bbox 3369 4082 3530 4136; x_wconf 86' lang='lat' dir='ltr'><strong>etiam</strong></span> <span class='ocrx_word' id='word_1_793' title='bbox 3559 4083 3840 4141; x_wconf 74' lang='lat' dir='ltr'><strong>auditores</strong></span> 
     </span>
    </p>
   </div>
   <div class='ocr_carea' id='block_1_104' title="bbox 2244 4172 3838 4244">
    <p class='ocr_par' dir='ltr' id='par_1_104' title="bbox 2244 4172 3838 4244">
     <span class='ocr_line' id='line_1_104' title="bbox 2244 4172 3838 4244; baseline 0.003 -18"><span class='ocrx_word' id='word_1_794' title='bbox 2244 4173 2322 4226; x_wconf 78' lang='lat' dir='ltr'><strong>rei</strong></span> <span class='ocrx_word' id='word_1_795' title='bbox 2351 4173 2600 4238; x_wconf 82' lang='lat' dir='ltr'><strong>evadant,</strong></span> <span class='ocrx_word' id='word_1_796' title='bbox 2633 4181 2688 4226; x_wconf 82' lang='lat' dir='ltr'><strong>et.</strong></span> <span class='ocrx_word' id='word_1_797' title='bbox 2716 4187 2822 4224; x_wconf 90' lang='lat' dir='ltr'><strong>non</strong></span> <span class='ocrx_word' id='word_1_798' title='bbox 2868 4172 3038 4224; x_wconf 90' lang='lat' dir='ltr'><strong>solum</strong></span> <span class='ocrx_word' id='word_1_799' title='bbox 3081 4173 3171 4225; x_wconf 86' lang='lat' dir='ltr'><strong>illa</strong></span> <span class='ocrx_word' id='word_1_800' title='bbox 3223 4183 3532 4241; x_wconf 87' lang='lat' dir='ltr'><strong>repetantur</strong></span> <span class='ocrx_word' id='word_1_801' title='bbox 3556 4191 3675 4244; x_wconf 69' lang='lat' dir='ltr'><strong>qua:</strong></span> <span class='ocrx_word' id='word_1_802' title='bbox 3698 4191 3838 4231; x_wconf 82' lang='lat' dir='ltr'><strong>eun-</strong></span> 
     </span>
    </p>
   </div>
   <div class='ocr_carea' id='block_1_105' title="bbox 2243 4265 3836 4335">
    <p class='ocr_par' dir='ltr' id='par_1_105' title="bbox 2243 4265 3836 4335">
     <span class='ocr_line' id='line_1_105' title="bbox 2243 4265 3836 4335; baseline 0.002 -15"><span class='ocrx_word' id='word_1_803' title='bbox 2243 4266 2444 4324; x_wconf 85' lang='lat' dir='ltr'><strong>credita</strong></span> <span class='ocrx_word' id='word_1_804' title='bbox 2472 4273 2612 4328; x_wconf 90' lang='lat' dir='ltr'><strong>sunt,</strong></span> <span class='ocrx_word' id='word_1_805' title='bbox 2647 4265 2744 4319; x_wconf 88' lang='lat' dir='ltr'><strong>sed</strong></span> <span class='ocrx_word' id='word_1_806' title='bbox 2770 4272 2961 4318; x_wconf 91' lang='lat' dir='ltr'><strong>etcum</strong></span> <span class='ocrx_word' id='word_1_807' title='bbox 2994 4279 3151 4318; x_wconf 88' lang='lat' dir='ltr'><strong>usura</strong></span> <span class='ocrx_word' id='word_1_808' title='bbox 3178 4265 3512 4320; x_wconf 82' lang='lat' dir='ltr'><strong>exactionem</strong></span> <span class='ocrx_word' id='word_1_809' title='bbox 3543 4267 3836 4335; x_wconf 81' lang='lat' dir='ltr'><strong>patiantur.</strong></span> 
     </span>
    </p>
   </div>
   <div class='ocr_carea' id='block_1_106' title="bbox 2241 4355 3835 4427">
    <p class='ocr_par' dir='ltr' id='par_1_106' title="bbox 2241 4355 3835 4427">
     <span class='ocr_line' id='line_1_106' title="bbox 2241 4355 3835 4427; baseline 0.003 -18"><span class='ocrx_word' id='word_1_810' title='bbox 2241 4356 2377 4423; x_wconf 88' lang='lat' dir='ltr'><strong>Quid</strong></span> <span class='ocrx_word' id='word_1_811' title='bbox 2413 4357 2573 4425; x_wconf 89' lang='lat' dir='ltr'><strong>igitur</strong></span> <span class='ocrx_word' id='word_1_812' title='bbox 2621 4355 2749 4409; x_wconf 91' lang='lat' dir='ltr'><strong>dicit</strong></span> <span class='ocrx_word' id='word_1_813' title='bbox 2799 4355 2874 4408; x_wconf 91' lang='lat' dir='ltr'><strong>illi</strong></span> <span class='ocrx_word' id='word_1_814' title='bbox 2920 4355 3203 4409; x_wconf 76' lang='lat' dir='ltr'><strong>dominus?</strong></span> <span class='ocrx_word' id='word_1_815' title='bbox 3232 4355 3389 4409; x_wconf 72' lang='lat' dir='ltr'><strong>Serve</strong></span> <span class='ocrx_word' id='word_1_816' title='bbox 3407 4371 3622 4427; x_wconf 78' lang='lat' dir='ltr'><strong>nequam</strong></span> <span class='ocrx_word' id='word_1_817' title='bbox 3651 4359 3670 4426; x_wconf 91' lang='lat'><strong>(</strong></span> <span class='ocrx_word' id='word_1_818' title='bbox 3693 4356 3835 4414; x_wconf 87' lang='lat' dir='ltr'><strong>Ibid.</strong></span> 
     </span>
    </p>
   </div>
   <div class='ocr_carea' id='block_1_107' title="bbox 2243 4445 3838 4520">
    <p class='ocr_par' dir='ltr' id='par_1_107' title="bbox 2243 4445 3838 4520">
     <span class='ocr_line' id='line_1_107' title="bbox 2243 4445 3838 4520; baseline 0.004 -21"><span class='ocrx_word' id='word_1_819' title='bbox 2243 4463 2290 4499; x_wconf 80' lang='grc' dir='ltr'><strong>υ.</strong></span> <span class='ocrx_word' id='word_1_820' title='bbox 2321 4446 2452 4516; x_wconf 84' lang='grc'><strong>26).</strong></span> <span class='ocrx_word' id='word_1_821' title='bbox 2497 4445 2778 4502; x_wconf 89' lang='lat' dir='ltr'><strong>Terribilis</strong></span> <span class='ocrx_word' id='word_1_822' title='bbox 2809 4445 3121 4515; x_wconf 89' lang='lat' dir='ltr'><strong>indignatio,</strong></span> <span class='ocrx_word' id='word_1_823' title='bbox 3174 4455 3228 4499; x_wconf 90' lang='lat' dir='ltr'><strong>et</strong></span> <span class='ocrx_word' id='word_1_824' title='bbox 3277 4445 3438 4501; x_wconf 75' lang='lat' dir='ltr'><strong>minas</strong></span> <span class='ocrx_word' id='word_1_825' title='bbox 3469 4449 3708 4504; x_wconf 88' lang='lat' dir='ltr'><strong>valentes</strong></span> <span class='ocrx_word' id='word_1_826' title='bbox 3739 4466 3838 4520; x_wconf 87' lang='lat' dir='ltr'><strong>per</strong></span> 
     </span>
    </p>
   </div>
   <div class='ocr_carea' id='block_1_108' title="bbox 2243 4536 3839 4611">
    <p class='ocr_par' dir='ltr' id='par_1_108' title="bbox 2243 4536 3839 4611">
     <span class='ocr_line' id='line_1_108' title="bbox 2243 4536 3839 4611; baseline 0.001 -18"><span class='ocrx_word' id='word_1_827' title='bbox 2243 4553 2301 4593; x_wconf 85' lang='lat' dir='ltr'><strong>se</strong></span> <span class='ocrx_word' id='word_1_828' title='bbox 2328 4538 2622 4606; x_wconf 85' lang='lat' dir='ltr'><strong>percellere</strong></span> <span class='ocrx_word' id='word_1_829' title='bbox 2670 4536 2926 4590; x_wconf 89' lang='lat' dir='ltr'><strong>animtttn.</strong></span> <span class='ocrx_word' id='word_1_830' title='bbox 2979 4537 3206 4601; x_wconf 85' lang='lat' dir='ltr'><strong>Sciebas,</strong></span> <span class='ocrx_word' id='word_1_831' title='bbox 3235 4539 3422 4606; x_wconf 85' lang='lat' dir='ltr'><strong>inquit,</strong></span> <span class='ocrx_word' id='word_1_832' title='bbox 3467 4541 3604 4611; x_wconf 78' lang='lat' dir='ltr'><strong>quod</strong></span> <span class='ocrx_word' id='word_1_833' title='bbox 3647 4553 3839 4595; x_wconf 82' lang='lat' dir='ltr'><strong>metant</strong></span> 
     </span>
    </p>
   </div>
   <div class='ocr_carea' id='block_1_109' title="bbox 2245 4627 3839 4698">
    <p class='ocr_par' dir='ltr' id='par_1_109' title="bbox 2245 4627 3839 4698">
     <span class='ocr_line' id='line_1_109' title="bbox 2245 4627 3839 4698; baseline 0.003 -17"><span class='ocrx_word' id='word_1_834' title='bbox 2245 4628 2326 4681; x_wconf 83' lang='lat' dir='ltr'><strong>ubi</strong></span> <span class='ocrx_word' id='word_1_835' title='bbox 2378 4644 2481 4681; x_wconf 83' lang='lat' dir='ltr'><strong>non</strong></span> <span class='ocrx_word' id='word_1_836' title='bbox 2521 4627 2782 4690; x_wconf 82' lang='lat' dir='ltr'><strong>seminavi,</strong></span> <span class='ocrx_word' id='word_1_837' title='bbox 2836 4636 2883 4679; x_wconf 88' lang='lat' dir='ltr'><strong>et</strong></span> <span class='ocrx_word' id='word_1_838' title='bbox 2934 4643 3230 4698; x_wconf 84' lang='lat' dir='ltr'><strong>congregem</strong></span> <span class='ocrx_word' id='word_1_839' title='bbox 3283 4629 3367 4681; x_wconf 85' lang='lat' dir='ltr'><strong>ubi</strong></span> <span class='ocrx_word' id='word_1_840' title='bbox 3419 4646 3520 4682; x_wconf 87' lang='lat' dir='ltr'><strong>non</strong></span> <span class='ocrx_word' id='word_1_841' title='bbox 3565 4631 3839 4698; x_wconf 84' lang='lat' dir='ltr'><strong>dispersi:</strong></span> 
     </span>
    </p>
   </div>
   <div class='ocr_carea' id='block_1_110' title="bbox 2244 4718 3836 4789">
    <p class='ocr_par' dir='ltr' id='par_1_110' title="bbox 2244 4718 3836 4789">
     <span class='ocr_line' id='line_1_110' title="bbox 2244 4718 3836 4789; baseline 0.003 -17"><span class='ocrx_word' id='word_1_842' title='bbox 2244 4718 2502 4789; x_wconf 87' lang='lat' dir='ltr'><strong>oportebat</strong></span> <span class='ocrx_word' id='word_1_843' title='bbox 2545 4718 2698 4788; x_wconf 78' lang='lat' dir='ltr'><strong>igitur</strong></span> <span class='ocrx_word' id='word_1_844' title='bbox 2735 4726 2781 4770; x_wconf 85' lang='lat' dir='ltr'><strong>te</strong></span> <span class='ocrx_word' id='word_1_845' title='bbox 2826 4718 3091 4787; x_wconf 84' lang='lat' dir='ltr'><strong>pecuniam</strong></span> <span class='ocrx_word' id='word_1_846' title='bbox 3135 4734 3296 4771; x_wconf 87' lang='lat' dir='ltr'><strong>meam</strong></span> <span class='ocrx_word' id='word_1_847' title='bbox 3333 4719 3654 4774; x_wconf 83' lang='lat' dir='ltr'><strong>dinumerare</strong></span> <span class='ocrx_word' id='word_1_848' title='bbox 3689 4737 3836 4776; x_wconf 85' lang='lat' dir='ltr'><strong>men-</strong></span> 
     </span>
    </p>
   </div>
   <div class='ocr_carea' id='block_1_111' title="bbox 2242 4809 3838 4881">
    <p class='ocr_par' dir='ltr' id='par_1_111' title="bbox 2242 4809 3838 4881">
     <span class='ocr_line' id='line_1_111' title="bbox 2242 4809 3838 4881; baseline 0.003 -18"><span class='ocrx_word' id='word_1_849' title='bbox 2242 4810 2388 4863; x_wconf 85' lang='lat' dir='ltr'><strong>sariis</strong></span> <span class='ocrx_word' id='word_1_850' title='bbox 2407 4849 2424 4872; x_wconf 94' lang='lat'><strong>,</strong></span> <span class='ocrx_word' id='word_1_851' title='bbox 2467 4819 2514 4862; x_wconf 90' lang='lat' dir='ltr'><strong>et</strong></span> <span class='ocrx_word' id='word_1_852' title='bbox 2564 4825 2655 4879; x_wconf 86' lang='lat' dir='ltr'><strong>ego</strong></span> <span class='ocrx_word' id='word_1_853' title='bbox 2689 4825 2802 4862; x_wconf 87' lang='lat' dir='ltr'><strong>cum</strong></span> <span class='ocrx_word' id='word_1_854' title='bbox 2851 4809 3115 4874; x_wconf 78' lang='lat' dir='ltr'><strong>uenissem,</strong></span> <span class='ocrx_word' id='word_1_855' title='bbox 3166 4824 3281 4861; x_wconf 87' lang='lat' dir='ltr'><strong>cum</strong></span> <span class='ocrx_word' id='word_1_856' title='bbox 3306 4813 3500 4880; x_wconf 75' lang='lat' dir='ltr'><strong>[tenore</strong></span> <span class='ocrx_word' id='word_1_857' title='bbox 3525 4812 3838 4881; x_wconf 87' lang='lat' dir='ltr'><strong>repetiissens</strong></span> 
     </span>
    </p>
   </div>
   <div class='ocr_carea' id='block_1_112' title="bbox 2239 4899 3836 4968">
    <p class='ocr_par' dir='ltr' id='par_1_112' title="bbox 2239 4899 3836 4968">
     <span class='ocr_line' id='line_1_112' title="bbox 2239 4899 3836 4968; baseline 0.005 -16"><span class='ocrx_word' id='word_1_858' title='bbox 2239 4899 2405 4953; x_wconf 87' lang='lat' dir='ltr'><strong>illam.</strong></span> <span class='ocrx_word' id='word_1_859' title='bbox 2431 4900 2714 4954; x_wconf 83' lang='lat' dir='ltr'><strong>Pecuniam</strong></span> <span class='ocrx_word' id='word_1_860' title='bbox 2747 4911 2899 4953; x_wconf 74' lang='lat' dir='ltr'><strong>Vocat</strong></span> <span class='ocrx_word' id='word_1_861' title='bbox 2919 4901 3128 4968; x_wconf 88' lang='lat' dir='ltr'><strong>eloquia</strong></span> <span class='ocrx_word' id='word_1_862' title='bbox 3157 4901 3407 4968; x_wconf 87' lang='lat' dir='ltr'><strong>pretiosa,</strong></span> <span class='ocrx_word' id='word_1_863' title='bbox 3441 4905 3836 4961; x_wconf 81' lang='lat' dir='ltr'><strong>nummularius</strong></span> 
     </span>
    </p>
   </div>
   <div class='ocr_carea' id='block_1_113' title="bbox 2243 4991 3833 5066">
    <p class='ocr_par' dir='ltr' id='par_1_113' title="bbox 2243 4991 3833 5066">
     <span class='ocr_line' id='line_1_113' title="bbox 2243 4991 3833 5066; baseline 0.006 -23"><span class='ocrx_word' id='word_1_864' title='bbox 2243 5000 2418 5044; x_wconf 90' lang='lat' dir='ltr'><strong>autem</strong></span> <span class='ocrx_word' id='word_1_865' title='bbox 2463 5007 2555 5045; x_wconf 86' lang='lat' dir='ltr'><strong>vos</strong></span> <span class='ocrx_word' id='word_1_866' title='bbox 2605 4993 2695 5061; x_wconf 93' lang='lat' dir='ltr'><strong>qui</strong></span> <span class='ocrx_word' id='word_1_867' title='bbox 2728 4992 3017 5061; x_wconf 85' lang='lat' dir='ltr'><strong>suscipitis.</strong></span> <span class='ocrx_word' id='word_1_868' title='bbox 3049 4991 3220 5047; x_wconf 84' lang='lat' dir='ltr'><strong>Tuum</strong></span> <span class='ocrx_word' id='word_1_869' title='bbox 3252 4993 3467 5062; x_wconf 89' lang='lat' dir='ltr'><strong>quidem</strong></span> <span class='ocrx_word' id='word_1_870' title='bbox 3494 4994 3686 5062; x_wconf 78' lang='lat' dir='ltr'><strong>fuerat,</strong></span> <span class='ocrx_word' id='word_1_871' title='bbox 3718 4999 3833 5066; x_wconf 89' lang='lat' dir='ltr'><strong>ait,</strong></span> 
     </span>
    </p>
   </div>
   <div class='ocr_carea' id='block_1_114' title="bbox 2244 5084 3831 5156">
    <p class='ocr_par' dir='ltr' id='par_1_114' title="bbox 2244 5084 3831 5156">
     <span class='ocr_line' id='line_1_114' title="bbox 2244 5084 3831 5156; baseline 0.006 -20"><span class='ocrx_word' id='word_1_872' title='bbox 2244 5091 2445 5137; x_wconf 88' lang='lat' dir='ltr'><strong>tantum</strong></span> <span class='ocrx_word' id='word_1_873' title='bbox 2475 5084 2836 5149; x_wconf 88' lang='lat' dir='ltr'><strong>dinumerare,</strong></span> <span class='ocrx_word' id='word_1_874' title='bbox 2890 5100 3066 5138; x_wconf 81' lang='lat' dir='ltr'><strong>meum</strong></span> <span class='ocrx_word' id='word_1_875' title='bbox 3096 5094 3272 5138; x_wconf 91' lang='lat' dir='ltr'><strong>autem</strong></span> <span class='ocrx_word' id='word_1_876' title='bbox 3295 5096 3540 5156; x_wconf 79' lang='lat' dir='ltr'><strong>repetere</strong></span> <span class='ocrx_word' id='word_1_877' title='bbox 3587 5088 3656 5142; x_wconf 88' lang='lat' dir='ltr'><strong>ab</strong></span> <span class='ocrx_word' id='word_1_878' title='bbox 3687 5090 3794 5144; x_wconf 88' lang='lat' dir='ltr'><strong>illis</strong></span> <span class='ocrx_word' id='word_1_879' title='bbox 3815 5131 3831 5155; x_wconf 97' lang='lat'><strong>,</strong></span> 
     </span>
    </p>
   </div>
   <div class='ocr_carea' id='block_1_115' title="bbox 2243 5161 3841 5246">
    <p class='ocr_par' dir='ltr' id='par_1_115' title="bbox 2243 5161 3841 5246">
     <span class='ocr_line' id='line_1_115' title="bbox 2243 5161 3841 5246; baseline 0.005 -20"><span class='ocrx_word' id='word_1_880' title='bbox 2243 5188 2349 5227; x_wconf 90' lang='lat' dir='ltr'><strong>non</strong></span> <span class='ocrx_word' id='word_1_881' title='bbox 2400 5173 2573 5228; x_wconf 75' lang='lat' dir='ltr'><strong>Solum</strong></span> <span class='ocrx_word' id='word_1_882' title='bbox 2617 5161 2976 5241; x_wconf 85' lang='lat' dir='ltr'><strong>diuumerata,</strong></span> <span class='ocrx_word' id='word_1_883' title='bbox 3016 5173 3111 5230; x_wconf 87' lang='lat' dir='ltr'><strong>sed</strong></span> <span class='ocrx_word' id='word_1_884' title='bbox 3135 5185 3187 5229; x_wconf 83' lang='lat' dir='ltr'><strong>et</strong></span> <span class='ocrx_word' id='word_1_885' title='bbox 3226 5190 3462 5230; x_wconf 87' lang='lat' dir='ltr'><strong>usuram.</strong></span> <span class='ocrx_word' id='word_1_886' title='bbox 3493 5177 3715 5246; x_wconf 82' lang='lat' dir='ltr'><strong>Videtis,</strong></span> <span class='ocrx_word' id='word_1_887' title='bbox 3747 5181 3841 5233; x_wconf 88' lang='lat' dir='ltr'><strong>di-</strong></span> 
     </span>
    </p>
   </div>
   <div class='ocr_carea' id='block_1_116' title="bbox 2241 5265 3829 5342">
    <p class='ocr_par' dir='ltr' id='par_1_116' title="bbox 2241 5265 3829 5342">
     <span class='ocr_line' id='line_1_116' title="bbox 2241 5265 3829 5342; baseline 0.004 -21"><span class='ocrx_word' id='word_1_888' title='bbox 2241 5266 2386 5327; x_wconf 85' lang='lat' dir='ltr'><strong>lecti.</strong></span> <span class='ocrx_word' id='word_1_889' title='bbox 2413 5270 2643 5332; x_wconf 73' lang='lat' dir='ltr'><strong>quantus</strong></span> <span class='ocrx_word' id='word_1_890' title='bbox 2673 5267 2726 5320; x_wconf 93' lang='lat' dir='ltr'><strong>in</strong></span> <span class='ocrx_word' id='word_1_891' title='bbox 2749 5265 2906 5322; x_wconf 85' lang='lat' dir='ltr'><strong>dictis</strong></span> <span class='ocrx_word' id='word_1_892' title='bbox 2935 5276 3128 5322; x_wconf 91' lang='lat' dir='ltr'><strong>terror.</strong></span> <span class='ocrx_word' id='word_1_893' title='bbox 3159 5268 3298 5336; x_wconf 89' lang='lat' dir='ltr'><strong>Quid</strong></span> <span class='ocrx_word' id='word_1_894' title='bbox 3329 5285 3458 5339; x_wconf 87' lang='lat' dir='ltr'><strong>ergo</strong></span> <span class='ocrx_word' id='word_1_895' title='bbox 3494 5271 3693 5338; x_wconf 92' lang='lat' dir='ltr'><strong>dicent,</strong></span> <span class='ocrx_word' id='word_1_896' title='bbox 3739 5274 3829 5342; x_wconf 86' lang='lat' dir='ltr'><strong>qni</strong></span> 
     </span>
    </p>
   </div>
   <div class='ocr_carea' id='block_1_117' title="bbox 2239 5358 3831 5430">
    <p class='ocr_par' dir='ltr' id='par_1_117' title="bbox 2239 5358 3831 5430">
     <span class='ocr_line' id='line_1_117' title="bbox 2239 5358 3831 5430; baseline 0.005 -19"><span class='ocrx_word' id='word_1_897' title='bbox 2239 5358 2542 5412; x_wconf 87' lang='lat' dir='ltr'><strong>concredita</strong></span> <span class='ocrx_word' id='word_1_898' title='bbox 2580 5373 2798 5413; x_wconf 81' lang='lat' dir='ltr'><strong>servare</strong></span> <span class='ocrx_word' id='word_1_899' title='bbox 2834 5358 3128 5430; x_wconf 85' lang='lat' dir='ltr'><strong>negligant,</strong></span> <span class='ocrx_word' id='word_1_900' title='bbox 3154 5361 3366 5430; x_wconf 90' lang='lat' dir='ltr'><strong>quando</strong></span> <span class='ocrx_word' id='word_1_901' title='bbox 3384 5363 3544 5417; x_wconf 90' lang='lat' dir='ltr'><strong>etiam</strong></span> <span class='ocrx_word' id='word_1_902' title='bbox 3572 5380 3730 5418; x_wconf 90' lang='lat' dir='ltr'><strong>usura</strong></span> <span class='ocrx_word' id='word_1_903' title='bbox 3759 5365 3831 5420; x_wconf 89' lang='lat' dir='ltr'><strong>ab</strong></span> 
     </span>
    </p>
   </div>
   <div class='ocr_carea' id='block_1_118' title="bbox 2239 5449 2692 5519">
    <p class='ocr_par' dir='ltr' id='par_1_118' title="bbox 2239 5449 2692 5519">
     <span class='ocr_line' id='line_1_118' title="bbox 2239 5449 2692 5519; baseline 0 -15"><span class='ocrx_word' id='word_1_904' title='bbox 2239 5449 2318 5504; x_wconf 88' lang='lat' dir='ltr'><strong>eis</strong></span> <span class='ocrx_word' id='word_1_905' title='bbox 2363 5451 2650 5519; x_wconf 87' lang='lat' dir='ltr'><strong>requiritur</strong></span> <span class='ocrx_word' id='word_1_906' title='bbox 2669 5451 2692 5504; x_wconf 73' lang='grc'><strong>2</strong></span> 
     </span>
    </p>
   </div>
   <div class='ocr_carea' id='block_1_119' title="bbox 2314 5539 3828 5611">
    <p class='ocr_par' dir='ltr' id='par_1_119' title="bbox 2314 5539 3828 5611">
     <span class='ocr_line' id='line_1_119' title="bbox 2314 5539 3828 5611; baseline 0.006 -16"><span class='ocrx_word' id='word_1_907' title='bbox 2314 5539 2484 5595; x_wconf 85' lang='lat' dir='ltr'><strong>Usura</strong></span> <span class='ocrx_word' id='word_1_908' title='bbox 2515 5557 2608 5594; x_wconf 89' lang='lat' dir='ltr'><strong>cur</strong></span> <span class='ocrx_word' id='word_1_909' title='bbox 2633 5541 2906 5611; x_wconf 78' lang='lat' dir='ltr'><strong>prohibita.</strong></span> <span class='ocrx_word' id='word_1_910' title='bbox 2951 5571 3008 5582; x_wconf 97' lang='lat'><strong>—</strong></span> <span class='ocrx_word' id='word_1_911' title='bbox 3036 5543 3102 5598; x_wconf 84' lang='lat' dir='ltr'><strong>Et</strong></span> <span class='ocrx_word' id='word_1_912' title='bbox 3139 5543 3261 5599; x_wconf 85' lang='lat' dir='ltr'><strong>vide</strong></span> <span class='ocrx_word' id='word_1_913' title='bbox 3306 5543 3690 5601; x_wconf 82' lang='lat' dir='ltr'><strong>humanitatem</strong></span> <span class='ocrx_word' id='word_1_914' title='bbox 3725 5550 3828 5604; x_wconf 81' lang='lat' dir='ltr'><strong>Do-</strong></span> 
     </span>
    </p>
   </div>
   <div class='ocr_carea' id='block_1_120' title="bbox 2239 5631 3827 5710">
    <p class='ocr_par' dir='ltr' id='par_1_120' title="bbox 2239 5631 3827 5710">
     <span class='ocr_line' id='line_1_120' title="bbox 2239 5631 3827 5710; baseline 0.004 -23"><span class='ocrx_word' id='word_1_915' title='bbox 2239 5632 2388 5687; x_wconf 90' lang='lat' dir='ltr'><strong>mini.</strong></span> <span class='ocrx_word' id='word_1_916' title='bbox 2421 5631 2475 5686; x_wconf 91' lang='lat' dir='ltr'><strong>lu</strong></span> <span class='ocrx_word' id='word_1_917' title='bbox 2503 5632 2586 5686; x_wconf 89' lang='lat' dir='ltr'><strong>his</strong></span> <span class='ocrx_word' id='word_1_918' title='bbox 2608 5632 2951 5688; x_wconf 86' lang='lat' dir='ltr'><strong>sensibilibus</strong></span> <span class='ocrx_word' id='word_1_919' title='bbox 2995 5635 3234 5704; x_wconf 83' lang='lat' dir='ltr'><strong>pecuniis</strong></span> <span class='ocrx_word' id='word_1_920' title='bbox 3273 5634 3545 5706; x_wconf 88' lang='lat' dir='ltr'><strong>prohibuit</strong></span> <span class='ocrx_word' id='word_1_921' title='bbox 3595 5653 3662 5691; x_wconf 89' lang='lat' dir='ltr'><strong>ue</strong></span> <span class='ocrx_word' id='word_1_922' title='bbox 3705 5643 3827 5710; x_wconf 80' lang='lat' dir='ltr'><strong>quis</strong></span> 
     </span>
    </p>
   </div>
   <div class='ocr_carea' id='block_1_121' title="bbox 2242 5724 3822 5797">
    <p class='ocr_par' dir='ltr' id='par_1_121' title="bbox 2242 5724 3822 5797">
     <span class='ocr_line' id='line_1_121' title="bbox 2242 5724 3822 5797; baseline 0.003 -18"><span class='ocrx_word' id='word_1_923' title='bbox 2242 5739 2454 5779; x_wconf 83' lang='lat' dir='ltr'><strong>usuram</strong></span> <span class='ocrx_word' id='word_1_924' title='bbox 2485 5724 2766 5796; x_wconf 88' lang='lat' dir='ltr'><strong>acciperet.</strong></span> <span class='ocrx_word' id='word_1_925' title='bbox 2805 5725 3002 5792; x_wconf 85' lang='lat' dir='ltr'><strong>Quare,</strong></span> <span class='ocrx_word' id='word_1_926' title='bbox 3038 5734 3094 5781; x_wconf 89' lang='lat' dir='ltr'><strong>et</strong></span> <span class='ocrx_word' id='word_1_927' title='bbox 3116 5725 3187 5782; x_wconf 91' lang='lat' dir='ltr'><strong>ob</strong></span> <span class='ocrx_word' id='word_1_928' title='bbox 3227 5741 3387 5797; x_wconf 82' lang='lat' dir='ltr'><strong>quam</strong></span> <span class='ocrx_word' id='word_1_929' title='bbox 3412 5729 3667 5785; x_wconf 74' lang='lat' dir='ltr'><strong>causam?</strong></span> <span class='ocrx_word' id='word_1_930' title='bbox 3687 5731 3822 5796; x_wconf 78' lang='lat' dir='ltr'><strong>Quia</strong></span> 
     </span>
    </p>
   </div>
  </div>
