4058 6380
205 399 314 458 375

207 515 344 586 κτῆς
384 526 487 568 και
530 512 768 584 φοϐερᾶς
808 506 1120 582 τραπέζης,
1170 506 1263 561 ἐπὶ
1301 505 1401 568 τὰς
1441 502 1804 575 ίπποδρομίας

205 594 621 667 διημερεύουσι.
655 592 752 649 καὶ
780 593 933 647 οὐδὲν
949 592 1132 651 αὑτοῖς
1159 588 1320 643 πλέον
1343 588 1452 642 ἀπὸ
1479 588 1578 656 τῆς
1607 586 1807 657 ἡμετέ-

207 695 309 751 ρας
341 677 645 748 γεγένηται
676 675 934 744 σπουδῆς,
971 671 1108 726 ἀλλά
1137 671 1391 742 καθάπερ
1419 670 1678 740 συνηθείᾳ
1700 668 1806 721 τινὶ

208 760 366 834 [ιιι]
388 760 772 823 δουλεύοντες,
808 757 1031 812 ἐπειδάν
1071 756 1236 828 νεύσῃ
1276 757 1436 827 μόνον
1459 757 1490 808 6
1522 753 1803 815 διάϐολος,

207 843 516 914 αὐτόματοι
536 843 854 897 σπεύδουσιν
869 842 964 894 £111
981 842 1050 895 τὰ
1066 840 1361 911 παράνομα
1378 839 1559 891 ἐκεῖνα
1577 837 1805 906 θέατρα,

207 927 301 980 καὶ
340 927 574 988 ἑαυτοὺς
631 926 848 987 ἑκόντες
892 926 1005 986 τοῖς
1035 922 1270 984 δικτύοις
1311 919 1673 973 ὑποϐάλλουσι
1709 916 1806 971 τοῦ

208 1007 459 1079 πονηροῦ
484 1008 757 1078 δαίμονος,
783 1008 876 1061 καὶ
901 1005 1026 1059 οὔτε
1053 1005 1297 1076 ἡμετέρα
1323 1003 1594 1060 νουθεσία.
1623 1000 1745 1053 οὕτε
1769 1003 1803 1071 ἡ

209 1092 380 1160 πεῖρα
411 1090 574 1160 αὑτὴ,
609 1090 702 1143 καὶ
737 1089 799 1142 τδ
825 1090 1083 1161 ἀνόνητον
1120 1088 1219 1156 τῆς
1250 1089 1368 1139 ἐκεῖ
1391 1084 1695 1157 διατριϐῆς,
1731 1084 1809 1135 δι-

209 1172 515 1234 δασκαλίας
543 1173 726 1234 αὑτοῖς
756 1171 1015 1233 ὑπόθεσις
1043 1170 1234 1238 γέγονε
1255 1184 1269 1199 °
1296 1169 1426 1240 ποίᾳ
1453 1168 1639 1220 λοιπὸν
1670 1183 1804 1237 προ-

212 1255 388 1326 θυμία
440 1255 502 1307 τὰ
548 1255 648 1323 τῆς
698 1253 1046 1315 διδασκαλίας
1085 1253 1377 1322 ποιήσαιμι
1425 1249 1564 1321 πρὸς
1609 1249 1808 1320 ἄνδρας

209 1339 370 1392 οὐδὲν
405 1338 708 1409 κερδαίνειν
737 1336 1091 1405 βουλομένους
1127 1337 1191 1389 ἐκ
1225 1336 1332 1389 τῶν
1369 1335 1499 1405 παρ’
1531 1331 1690 1403 ⁴ἡμῶν
1728 1330 1808 1382 λε-

212 1419 497 1490 γομένωνς
546 1418 653 1472 Καὶ
711 1417 785 1487 μὴ
839 1417 1143 1489 θαυμάσῃς.
1201 1417 1356 1470 Ἐπεὶ
1409 1417 1505 1470 καὶ
1539 1414 1805 1486 γηπόνος,

213 1502 440 1556 ἐπειδάν
489 1501 574 1573 ῖδῃ
624 1501 760 1570 μετά
791 1502 987 1562 πόνους
1029 1499 1253 1559 πολλοὺς
1294 1498 1389 1552 καὶ
1434 1495 1809 1566 ταλαιπωρίας

213 1584 413 1652 ἀγονυν
442 1583 736 1653 γινομένην
764 1583 864 1654 τὴν
897 1583 1020 1652 γῆν,
1059 1584 1151 1636 καὶ
1177 1583 1277 1636 οὑκ
1308 1580 1468 1653 ἀξίαν
1492 1579 1600 1632 τῶν
1629 1579 1808 1630 πόνων

212 1666 315 1737 τὴν
347 1664 580 1736 ἀμοιϐὴν
609 1665 1012 1736 παρεχομένην,
1034 1665 1395 1735 ὀκνηρότερος
1426 1663 1638 1730 γίνεται
1680 1659 1810 1728 περὶ

212 1749 316 1820 τὴν
350 1747 460 1800 τῶν
489 1749 821 1817 σπερμάτων
845 1747 1171 1817 καταϐολὴν.
1199 1747 1294 1800 καὶ
1317 1747 1418 1800 οὑκ
1438 1745 1516 1798 ἔτι
1541 1742 1681 1814 μετὰ
1706 1741 1808 1810 τῆς

214 1830 391 1900 αὑτῆς
449 1828 756 1900 προθυμίας
815 1829 918 1899 τῆς
965 1833 1236 1899 γεωργίας
1283 1828 1644 1882 καθάπτεται.
1697 1822 1809 1878 Καὶ

219 1911 406 1983 ἰατρὸς
445 1911 503 1964 δέ
532 1911 750 1965 ἐπειδὰν
789 1911 875 1984 ἴδῃ
913 1912 1009 1964 τὸν
1055 1911 1338 1984 ἄρρωστον
1380 1911 1456 1983 μὴ
1485 1909 1808 1980 πειθόμενον

214 1991 386 2047 αὑτοῦ
412 1995 525 2054 τοῖς
556 1994 948 2064 ἐπιτάγμασιν,
980 1994 1116 2048 ἀλλά
1143 1995 1241 2066 τὴν
1276 1996 1430 2048 νόσον
1463 1993 1650 2058 αὔξειν
1684 1993 1807 2046 καθ’

215 2076 458 2145 εκάστην
480 2075 884 2145 ἐπιτηδεύοντα,
919 2077 1180 2140 πολλάκις
1202 2077 1424 2147 ἀφίησιν
1451 2078 1810 2147 ἐναπομεῖναι

215 2163 284 2231 τῇ
324 2159 485 2230 νόσῳ,
516 2160 604 2212 ἴνα
635 2158 773 2230 αὑτὴ
793 2161 827 2230 ὴ
853 2162 1018 2232 πεῖρα
1047 2160 1369 2229 διδάσκαλος
1405 2159 1554 2230 αὑτῷ
1582 2161 1808 2229 γένηται

214 2242 329 2296 τῶν
357 2241 768 2314 συμφερόντων.
796 2242 908 2296 Καὶ
933 2243 984 2296 οί
1005 2243 1074 2298 τά
1106 2244 1408 2316 μαθήματα
1439 2245 1495 2298 δέ
1528 2246 1655 2306 τοὺς
1683 2247 1809 2296 παῖ-

215 2327 316 2389 δας
353 2325 799 2390 ἐκπαιδεύοντες,
832 2327 1052 2380 ἐπειδάν
1106 2327 1257 2380 ἴδωσι
1304 2327 1372 2380 τά
1406 2328 1648 2396 πρότερα
1673 2329 1810 2379 ἀπο⁴

218 2410 512 2474 πτύοντας.
533 2410 627 2463 καὶ
651 2409 749 2480 τὴν
773 2411 994 2480 μνήμην
1015 2408 1124 2462 τῶν
1149 2410 1247 2480 ῆδη
1277 2409 1542 2463 δοθέντων
1572 2409 1811 2462 ἀποϐάλ-

217 2493 430 2556 λοντας,
456 2491 716 2556 πολλάκις
743 2492 1177 2562 ἀποστρέφονται
1201 2492 1300 2563 τὴν
1325 2505 1350 2532 ι
1376 2492 1649 2563 ρᾳθυμίαν
1668 2493 1813 2563 διορ-

219 2575 473 2644 θούμενοι
494 2616 510 2636 .
543 2574 639 2629 καὶ
695 2573 830 2643 πρὸς
864 2573 1097 2645 σπουδὴν
1147 2574 1368 2628 πλείονα
1420 2575 1806 2643 ἐπανάγοντες.

237 2657 370 2711 Ἀλλ’
391 2657 422 2708 ό
453 2659 552 2726 μὲν
580 2658 818 2727 γηπόνος
837 2657 1062 2720 είκότως
1078 2659 1437 2729 ὀκνηρότερος
1459 2659 1666 2726 γίνεται
1685 2659 1810 2712 πολ-

214 2742 397 2805 λάκις,
429 2739 620 2811 ἐπειδὴ
644 2735 784 2793 οἶδεν
816 2741 897 2792 ὅτι
924 2741 994 2792 τά
1017 2745 1118 2808 τῆς
1147 2740 1351 2811 ζημίας
1374 2741 1521 2812 αὐτῷ
1549 2743 1812 2795 tunsus-

217 2843 331 2887 ται,
361 2828 492 2879 ὃταν
516 2827 607 2878 τὸν
645 2826 744 2894 μὲν
777 2825 940 2877 πόνον
973 2826 1068 2878 καὶ
1115 2827 1214 2897 τὴν
1245 2827 1490 2898 δαπάνην
1525 2827 1771 2897 ὑπομένῃ
1791 2868 1806 2888 ,

218 2910 331 2964 τῶν
369 2910 426 2962 δέ
474 2908 704 2978 καρπῶν
744 2903 1138 2979 ἀποστερῆται.
1187 2908 1290 2962 Καὶ
1341 2912 1368 2963 6
1401 2911 1584 2981 ἰατρὸς
1624 2910 1680 2963 δὲ
1709 2911 1810 2963 οὑκ

219 2992 525 3054 ἀπεικότως
549 2989 868 3043 καταλείπει
890 2992 1150 3055 πολλάκις
1179 2993 1270 3044 τὸν
1305 2993 1618 3063 ἄρρωστον·
1652 2995 1810 3062 σῶμα

220 3077 331 3146 γάρ
373 3077 491 3127 ἐστι
518 3074 578 3126 τὸ
624 3073 1078 3144 θεραπευόμενον,
1112 3077 1206 3130 καὶ
1251 3075 1340 3128 διά
1370 3075 1530 3128 τοῦτο
1558 3076 1807 3146 ἀφίησιν,

223 3159 307 3210 ἵνα
335 3159 369 3227 ἠ
398 3156 500 3226 τῆς
531 3153 725 3224 ὀδύνης
754 3157 1005 3220 ἐπίτασις
1034 3159 1428 3230 παρασκευάσῃ
1454 3161 1533 3220 είς
1554 3158 1809 3230 αἴσθησιν

217 3239 317 3309 τῆς
340 3241 496 3290 νόσου
527 3237 700 3290 ἐλθεῖν
725 3238 817 3290 καὶ
839 3237 984 3290 οὕτω
1004 3240 1104 3309 τὴν
1126 3240 1367 3308 ἰατρείαν
1387 3240 1806 3305 καταδέξασθαι.

221 3321 332 3375 Καὶ
355 3322 383 3372 ό
413 3319 523 3372 τῶν
572 3319 777 3371 παίδων
813 3319 1130 3384 διδάσκαλος
1153 3321 1240 3374 διά
1265 3321 1324 3374 τὸ
1355 3322 1544 3385 ἀτελὲς
1572 3324 1670 3392 τῆς
1688 3323 1808 3393 ἡλι-

220 3401 344 3464 κίας
375 3401 762 3472 συμφερόντως
793 3400 1056 3466 πολλάκις
1084 3403 1182 3465 τάς
1211 3402 1426 3472 πληγάς
1457 3406 1806 3458 ἐπανατείνε-

218 3501 305 3538 ται
328 3486 442 3546 τοῖς
468 3485 678 3536 παισίν.
705 3483 845 3536 Ἀλλ’
863 3485 1026 3554 ἡμεῖς
1052 3487 1294 3556 σήμερον
1311 3487 1533 3550 τούτους
1560 3488 1810 3552 ἅπαντας

221 3564 721 3636 ὑπερϐαλλόμενοι,
777 3567 1310 3636 παρασκευαζόμεθα
1354 3571 1625 3642 πατρικὴν
1669 3572 1813 3641 φιλο-

222 3650 482 3721 στοργίαν
527 3649 655 3720 περὶ
694 3650 820 3712 τοὺς
869 3651 1193 3714 ἐπταικότας
1250 3653 1657 3717 ἐπιδείξασθαι,
1714 3657 1811 3708 καὶ

217 3731 429 3797 διδάξαι
451 3732 648 3795 αὐτοὺς
671 3732 776 3791 ὅτι.
799 3734 847 3784 εί
877 3733 1187 3802 ἐπιμένοιεν
1211 3735 1270 3784 ἐν
1292 3738 1358 3805 τῇ
1379 3737 1517 3806 αὐτῇ
1542 3737 1807 3807 ῥᾳθυμίᾳ,

220 3813 380 3866 τοῦτο
426 3813 561 3866 αὑτὸ
610 3813 857 3881 μείζονος
908 3817 1086 3877 αὑτοῖς
1142 3817 1518 3887 κατακρίσεως
1554 3818 1812 3881 ὑπόθεσις

221 3897 394 3950 ἐσται.
436 3897 494 3948 '0
523 3897 620 3966 μέν
652 3897 760 3967 γάρ
800 3898 1034 3966 γηπόνος
1077 3899 1136 3950 οὑ
1176 3900 1312 3968 μετά
1343 3902 1441 3969 τῆς
1473 3903 1646 3971 αὑτῆς
1679 3921 1812 3974 προ-

223 3977 421 4043 θυμίας
441 3977 770 4032 καταϐάλλει
791 3979 860 4032 τά
881 3980 1193 4050 σπέρματα,
1221 3983 1320 4051 τὴν
1343 3983 1590 4054 δαπάνην
1614 3987 1810 4038 ἐννοῶν

223 4061 343 4127 εικῆ
381 4061 475 4114 καὶ
508 4061 684 4130 μάτην
735 4060 834 4130 ἠδη
879 4064 1281 4133 γεγενημένην⁸
1325 4069 1485 4135 ἡμεῖς
1515 4068 1572 4120 δὲ
1605 4069 1811 4137 ταύτης

221 4142 621 4213 ἀπηλλάγμεθα
663 4142 764 4211 τῆς
806 4143 1065 4209 ἀγωνίας.
1111 4146 1230 4198 Κᾶν
1259 4149 1370 4218 γὰρ
1410 4150 1812 4214 καταϐαλόντες

222 4227 315 4280 τὸν
343 4227 546 4296 σπόρον
566 4225 754 4279 τοῦτον
773 4226 866 4278 τὸν
891 4230 1279 4296 πνευματικὸν,
1303 4232 1390 4286 διὰ
1416 4235 1514 4303 τὴν
1537 4236 1810 4304 ρᾳθυμίαν

222 4309 332 4361 τῶν
361 4309 665 4362 ἀκουόντων
683 4309 773 4360 τὸν
805 4310 1014 4380 καρπὸν
1046 4312 1120 4382 μὴ
1144 4313 1450 4383 δεχώμεθα,
1472 4319 1606 4386 ἡμῖν
1631 4319 1812 4389 ἀπηρ-

223 4391 478 4460 τισμένος
514 4390 544 4442 6
567 4391 756 4460 μισθὸς
787 4391 969 4444 ἔσται·
1003 4393 1062 4444 τὸ
1099 4394 1208 4464 γάρ
1246 4398 1608 4466 ὲμπιστευθὲν
1642 4402 1814 4472 ἀργύ-

227 4489 342 4543 ριον
367 4472 762 4541 κατεϐάλομεν,
789 4475 883 4525 καὶ
914 4475 972 4526 τὸ
990 4476 1280 4545 ἐπιταχθὲν
1309 4481 1462 4548 παρὰ
1482 4483 1576 4534 τοῦ
1609 4485 1813 4536 Δεσπό-

222 4571 318 4606 του
360 4555 440 4616 είς
488 4555 648 4624 ἔργον
682 4556 990 4626 ἠγάγομεν·
1039 4557 1224 4611 λοιπὸν
1274 4564 1386 4624 τοῖς
1441 4563 1735 4634 ἀκηκοόσιν
1783 4568 1812 4619 6

222 4636 380 4703 λόγος
426 4637 563 4707 πρὸς
598 4639 802 4690 ἐκεῖνόν
836 4641 952 4692 ἐστι
996 4641 1086 4694 τὸν
1143 4641 1405 4712 μέλλοντα
1452 4645 1592 4715 μετά
1636 4649 1812 4700 τόκων

224 4722 476 4772 ἀπαιτεῖν
494 4720 563 4772 τά
589 4721 1020 4790 καταϐληθέντα.
1049 4725 1189 4776 Ἀλλ’
1217 4726 1277 4778 οὑ
1298 4727 1455 4780 τοῦτο
1480 4729 1810 4800 σκοποῦμεν,

224 4804 306 4854 ὅτι
338 4803 499 4871 ἡμεῖς
534 4801 688 4864 ἐκτός
717 4804 882 4872 ἐσμεν
909 4806 1007 4874 τῆς
1033 4805 1258 4876 ζημίας,
1284 4811 1458 4864 καὶτὸ
1487 4813 1697 4866 ἑαυτῶν
1718 4832 1814 4867 πε-

224 4884 618 4954 πληριὶικαμεν,
654 4884 789 4937 ἀλλά
830 4885 1130 4956 βουλόμεθα
1161 4892 1255 4944 καὶ
1287 4894 1431 4963 ὑμᾶς
1475 4896 1675 4965 πολλὴν
1703 4899 1812 4950 τῶν

225 4966 680 5051 καταϐληθέντων
701 4969 800 5051 τὴν
834 4973 1219 5040 πραγματείαν
1240 4977 1592 5046 ποιήσασθαι,
1625 4980 1712 5033 ἵνα
1736 4980 1812 5051 μὴ

223 5051 291 5132 τῇ
321 5048 563 5132 τιμωρία
598 5049 781 5132 ἐκείνῃ
812 5051 1104 5106 ὑπεύθυνοι
1142 5056 1393 5128 γένησθε,
1424 5060 1490 5130 ἢν
1519 5048 1812 5132 ὑπέμεινεν

226 5131 431 5192 ἐκεῖνος
454 5131 482 5182 6
521 5131 581 5182 τὸ
611 5131 871 5184 τάλαντον
895 5135 1248 5203 καταχώσας,
1283 5141 1375 5193 καὶ
1409 5143 1469 5195 τὸ
1497 5143 1814 5198 δεσποτικὸν

226 5210 488 5281 ἀργύριον
512 5213 574 5264 οὑ
608 5213 769 5281 μόνον
797 5216 856 5267 οὑ
885 5215 1348 5284 πολυπλασιάσας,
1376 5221 1527 5294 [419]
1552 5225 1687 5278 ἀλλά
1721 5231 1813 5282 καὶ¹

226 5294 551 5363 κατορύξας.
581 5295 821 5350 Τοιοῦτοί
846 5300 982 5350 εἰσιν
997 5301 1048 5352 οἰ
1071 5301 1160 5352 τὸν
1173 5303 1329 5370 λόγον
1347 5306 1447 5375 τῆς
1465 5306 1812 5374 διδασκαλίας

226 5378 502 5463 δεχόμενοι
535 5379 815 5463 (τάλαντον
849 5384 956 5452 γάρ
996 5385 1089 5436 καὶ
1118 5385 1380 5459 ἀργύριον
1411 5389 1569 5443 τοῦτο
1595 5393 1810 5463 καλεῖ),

225 5460 320 5511 καὶ
350 5460 410 5511 οὑ
442 5460 833 5525 σπουδάζοντες
861 5469 1303 5538 καρποφορῆσαι,
1340 5475 1435 5526 καὶ
1478 5475 1680 5546 πολλὴν
1712 5460 1812 5548 τὴν

227 5545 607 5635 πραγματείαν
631 5548 1145 5635 ποιήσασθαιςΑλΥ
1171 5555 1298 5618 ίσως
1323 5558 1465 5611 εἴποι
1489 5577 1572 5622 τις
1597 5561 1683 5625 ἂν,
1713 5545 1812 5635 τῆν

228 5626 541 5693 παραϐολὴν
572 5626 774 5696 ταύτην
810 5631 908 5702 τὴν
938 5633 1045 5685 τῶν
1087 5635 1365 5690 ταλάντων
1411 5643 1538 5712 περὶ
1583 5643 1691 5694 τῶν
1729 5626 1810 5696 δί-

227 5707 508 5760 δασκάλων
550 5711 820 5781 εἰρῆσθαι.
885 5716 1056 5782 Κάγὼ
1093 5718 1251 5771 τοῦτό
1299 5707 1496 5791 φημιῇ
1531 5725 1672 5777 Ἀλλ’
1715 5727 1809 5779 ἐὰν

228 5791 540 5877 ἐπέλθωμεν
576 5797 746 5865 αὑτὴν
781 5797 1023 5868 ἀκριϐῶς
1046 5840 1059 5862 ,
1088 5803 1295 5855 εἴσεσοε
1335 5807 1414 5858 ὅτι
1445 5809 1494 5859 οἱ
1529 5810 1627 5877 μὲν
1666 5811 1810 5866 διδά-

299 5884 322 5912 .
353 5872 502 5924 SIVII.
531 5881 582 5924 ει
603 5883 704 5926 tres
726 5893 837 5926 mss.
867 5882 1091 5937 πολλάκις
1113 5885 1440 5946 ἐπιστρέφουσι
1460 5872 1556 5944 τήν.

1245 391 1310 446 IN
1348 390 1503 447 CAP.
1546 385 1712 444 XVIII
1754 383 2000 442 GENES.
2047 388 2278 445 IIOMIL.
2315 390 2452 444 XLI.

3401 387 3507 446 376

1918 500 2105 555 σκαλοι
2134 503 2236 572 τῆς
2269 502 2579 572 καταϐολῆς
2617 502 2778 571 μόνον
2810 500 3099 555 ὑπεύθυνοι
3123 502 3509 574 τυγχάνουσιν,

1916 584 2078 655 ὑμεῖς
2109 585 2166 640 δέ
2190 587 2252 639 οὑ
2288 587 2446 657 μόνον
2473 587 2574 657 τῆς
2597 585 2845 656 φυλακῆς
2885 585 2995 638 τῶν
3019 585 3508 656 καταϐληθέντων,

1915 668 2051 722 ἀλλά
2076 670 2171 723 καὶ
2191 669 2292 740 τῆς
2312 670 2718 742 πραγματείας.
2742 670 2856 723 Καὶ
2878 669 2962 723 ἵνα
2987 669 3187 741 μάθῃς,
3213 671 3512 738 ἀναγκαῖον

1915 751 2085 822 αὑτὴν
2124 753 2205 815 εἰς
2235 753 2398 821 μέσον
2428 755 2675 821 ἀγαγεῖν.
2698 751 3143 820 Οίκοδεσπότης
3167 770 3292 817 τις,
3319 755 3510 822 φησὶν,

1914 834 2242 904 ἀποδημῶν
2269 834 2527 890 ἐκάλεσε
2551 836 2692 902 τοὺς
2716 835 2906 901 ίδίους
2935 833 3216 900 δούλους.
3245 836 3346 888 καὶ
3367 835 3512 888 ἐδω-

1915 934 2026 970 κεν
2059 912 2108 984 ᾦ
2131 918 2251 986 μὲν
2287 919 2467 973 πέντε
2502 920 2805 984 τάλαντα,
2842 916 2889 981 ᾧ
2926 917 2995 969 δὲ
3042 919 3152 971 δύο
3174 959 3189 980 ,
3228 911 3278 984 ᾧ
3315 917 3385 970 δὲ
3416 917 3510 974 ἓν.

1913 1003 2078 1055 Μετὰ
2108 997 2174 1054 δὲ
2202 1003 2427 1071 χρόνον
2474 1002 2966 1072 παραγενομένου
3001 1001 3189 1056 αὐτοῦ
3229 1001 3424 1070 ἦλθον
3455 1003 3512 1054 οῖ

1915 1082 2123 1137 δοῦλοι
2143 1103 2157 1117 ·
2181 1087 2275 1138 καὶ
2296 1089 2329 1138 ό
2369 1086 2441 1138 τὰ
2471 1087 2652 1138 πέντε
2683 1084 2952 1138 τάλαντα
2977 1083 3181 1138 λαϐὼν
3202 1081 3514 1153 προσῆλθε

1914 1166 2143 1235 λέγων·
2186 1168 2385 1234 Κύριε,
2437 1168 2617 1221 πέντε
2663 1165 2934 1220 τάλαντά
2977 1183 3078 1237 μοι
3125 1165 3375 1230 ἔδωκας,
3421 1164 3513 1216 ιδε

1916 1253 2077 1306 ἄλλα
2105 1253 2285 1306 πέντε
2317 1253 2584 1306 τάλαντα
2613 1253 2912 1321 ἐκέρδησα
2938 1253 3032 1304 ἐπ’
3066 1252 3292 1317 αὐτοῖς.
3335 1251 3514 1321 Πολλὴ

1916 1334 2009 1388 τοῦ
2043 1335 2256 1388 οίκέτου
2300 1338 2333 1407 ή
2385 1336 2774 1406 εὐγνωμοσύνη
2804 1377 2820 1400 ,
2865 1334 3091 1406 δαψιλὴς
3118 1336 3152 1404 ἡ
3193 1334 3289 1387 τοῦ
3317 1333 3514 1386 δεσπό-

1915 1435 2010 1470 του
2043 1417 2449 1488 φιλανθρωπία.
2488 1419 2553 1470 Τί
2581 1418 2694 1488 γάρ
2729 1435 2925 1486 φησινς
2961 1413 3073 1476 Εὖ.
3106 1416 3293 1470 δοῦλε
3330 1415 3514 1484 ἀγαθέ

1916 1501 2012 1554 καὶ
2048 1501 2227 1554 πιστέ
2254 1518 2268 1533 ·
2310 1503 2409 1554 ἐπὶ
2453 1502 2628 1569 ὀλίγα
2659 1497 2736 1569 ἧς
2771 1501 3008 1565 πιστιίς,
3035 1499 3133 1552 ἐπὶ
3164 1499 3412 1552 πολλῶν
3438 1514 3516 1551 σε

1916 1583 2309 1649 καταστήσω’
2350 1584 2591 1638 εἷσελθε
2632 1586 2721 1648 είς
2758 1581 2874 1648 τὴν
2922 1583 3118 1650 χαρὰν
3147 1581 3255 1634 τοῦ
3300 1582 3520 1647 κυρίου

1917 1681 2054 1718 σου.
2099 1665 2338 1736 Ἐπειδὴ,
2371 1667 2505 1735 φησὶ
2528 1707 2543 1727 ,
2573 1666 2775 1736 πολλὴν
2800 1665 3009 1728 ἐδειξας
3042 1666 3102 1717 ἐν
3133 1666 3249 1727 τοῖς
3287 1663 3386 1734 ἤδη
3417 1680 3515 1715 πι-

1917 1745 2193 1800 στευθεῖσι
2229 1747 2331 1818 τὴν
2377 1749 2834 1820 εὐγνωμοσύνην,
2875 1747 3024 1811 ἄξιος
3072 1741 3124 1799 εἷ
3156 1747 3251 1799 καὶ
3291 1745 3522 1800 πλείονα

1917 1829 2350 1900 ἐγχειρισθῆναι.
2386 1830 2704 1898 Προσῆλθε
2725 1830 2794 1885 δὲ
2830 1830 2927 1882 καί
2951 1833 2985 1883 ό
3017 1828 3089 1881 τὰ
3108 1829 3218 1882 δύο
3247 1826 3515 1881 τάλαντα

1915 1912 2201 1980 εἰληφὼς.
2227 1913 2424 1982 λέγων
2444 1929 2456 1941 °
2479 1914 2628 1981 Οὐχί
2667 1913 2777 1967 δύο
2803 1910 3074 1966 τάλαντὰ
3097 1929 3198 1981 μοι
3246 1911 3518 1979 παρέδωσο

1917 2012 2028 2060 κας
2048 2012 2069 2058 ;
2090 1995 2213 2050 Ἴδε
2239 1995 2402 2049 ἄλλα
2427 1996 2538 2050 δύο
2559 1997 2826 2050 τάλαντα
2846 1994 3147 2063 ἐκέρδησα
3168 1993 3259 2047 ἐπ’
3279 1993 3508 2058 αὐτοῖς.

1919 2078 2097 2148 Πολλὴ
2125 2079 2221 2131 καὶ
2245 2078 2437 2131 τούτου
2468 2081 2502 2148 ἠ
2532 2080 2663 2148 περί
2699 2078 2770 2130 τὰ
2799 2077 3096 2130 δεσποτικὰ
3131 2079 3388 2148 χρήματα
3420 2074 3516 2127 εὑ-

1917 2177 2056 2225 νοια,
2087 2147 2174 2214 διὸ
2205 2161 2300 2214 καὶ
2333 2160 2444 2212 τῶν
2478 2147 2660 2214 αὑτῶν
2695 2157 2943 2224 ἀξιοῦται
2973 2159 3053 2230 τῷ
3097 2147 3371 2230 προτέρῳ.
3404 2159 3517 2211 Καὶ

1917 2243 2061 2305 τίνος
2116 2242 2304 2294 ἐνεκεν
2349 2241 2443 2294 δύο
2485 2241 2870 2312 προσενεγκὼν
2918 2243 3158 2299 τάλαντα
3203 2243 3301 2310 τῆς
3341 2241 3513 2309 αὑτῆς

1918 2325 2112 2394 ἐκείνῳ
2159 2325 2239 2394 τῷ
2274 2325 2342 2377 τά
2375 2325 2537 2378 πέντε
2562 2326 2983 2393 ,προσαγαγόντι
3021 2325 3266 2391 ἀξιοῦται
3310 2326 3515 2394 τιμῆςς

1921 2407 2160 2470 Είκότως
2179 2424 2196 2440 ο
2217 2408 2307 2460 τὸν
2339 2408 2436 2477 μὲν
2463 2407 2570 2478 γάρ
2595 2402 2935 2477 πλεονασμὸν
2972 2408 3068 2460 καὶ
3093 2407 3190 2478 τὴν
3217 2407 3515 2461 ἐλάττωσιν

1918 2491 2016 2558 οὑχ
2049 2491 2083 2558 ἡ
2113 2487 2307 2541 τούτου
2337 2489 2572 2559 σπουδὴ,
2592 2489 2715 2542 οὑδέ
2741 2492 2776 2560 η
2798 2491 3007 2542 ἐκείνου
3029 2489 3271 2560 ῥᾳθυμία
3293 2488 3520 2559 πεποίηο

1919 2588 2034 2636 κεν,
2065 2570 2180 2624 ἀλλ’
2213 2573 2248 2641 ἡ
2277 2569 2386 2623 τῶν
2411 2571 2886 2640 ὲμπιστευθέντων
2929 2572 3184 2641 ποσότης.
3219 2570 3300 2623 Τά
3330 2572 3518 2640 μέντοι

1918 2653 2018 2722 τῆς
2055 2654 2294 2723 σπουδῆς
2329 2654 2419 2705 ίσα
2447 2654 2543 2705 καὶ
2573 2652 2724 2724 παρὰ
2755 2653 2944 2705 τούτου
2965 2693 2980 2715 ,
3021 2653 3112 2707 καὶ⁵
3138 2652 3270 2722 παρ’
3305 2651 3517 2705 ἐκείνω

1919 2737 2330 2805 εἰσενήνεκται⁶
2366 2736 2452 2789 διὰ
2481 2735 2641 2788 τοῦτο
2677 2737 2770 2788 καὶ
2801 2737 2899 2805 τῆς
2928 2736 3165 2807 ἀμοιϐῆς
3207 2737 3306 2807 τῆς
3345 2734 3520 2804 αὐτῆς

1920 2820 2270 2888 ἀπήλαυσαν.

1991 2991 2058 3060 β’.
2093 2991 2234 3042 Ἀλλ’
2256 2992 2284 3043 ό
2309 2991 2496 3060 ἕτερος
2526 2988 2678 3041 οὐδὲν
2712 2987 2954 3041 τοιοῦτον
2991 2987 3322 3060 διεπράξατο
3342 3006 3355 3020 ·
3381 2990 3518 3044 ἀλλὰ

1917 3074 2008 3135 τί;
2065 3072 2344 3143 Προσῆλθε
2378 3072 2552 3140 λέγων
2573 3089 2588 3103 ο
2624 3073 2852 3139 Ἕγνων
2895 3087 2990 3134 σε,
3030 3072 3119 3125 ὅτι
3159 3074 3431 3140 σκληρὸς
3464 3071 3525 3127 εῖ

1918 3156 2231 3222 ἄνθρωπος
2248 3192 2263 3218 ,
2290 3153 2530 3223 θερίζὶυν
2570 3153 2724 3207 ὅπου
2753 3157 2866 3208 οὐκ
2897 3155 3208 3224 ἔσπειρας,
3237 3157 3336 3209 καί
3364 3175 3520 3213 συν·-

1918 3236 2079 3304 ἁγων
2112 3237 2253 3290 ὅθεν
2282 3239 2354 3290 οὐ
2386 3236 2860 3304 διεσκόρπισας·
2909 3239 3007 3292 καί
3055 3242 3362 3308 φοϐηθεὶς,
3400 3243 3517 3296 ἀπ-

1917 3319 2113 3371 ελθὼν
2139 3318 2379 3385 ἔκρυψα
2416 3319 2482 3370 τὸ
2517 3318 2821 3372 τάλαντον
2849 3320 2920 3372 ἐν
2938 3320 3012 3389 τῇ
3039 3321 3139 3391 τῇ.
3179 3322 3329 3377 Ἰδοὺ
3355 3325 3522 3391 ἔχεις

1917 3400 1983 3452 τὸ
2029 3402 2167 3454 σόν.
2216 3401 2281 3452 Ὢ
2323 3401 2494 3454 κακία
2539 3401 2789 3454 οίκέτουί
2835 3401 2882 3454 ὣ
2913 3405 3313 3475 ἀγνωμοσύνης
3348 3407 3521 3478 ὑπερ-

1920 3481 2052 3552 ϐολὴ
2078 3521 2092 3542 ,
2134 3483 2195 3534 οὑ
2227 3483 2386 3552 μόνον
2428 3482 2512 3534 ὃτι
2553 3484 2708 3536 οὐδὲν
2739 3485 3039 3555 εἰργάσατο
3068 3487 3162 3540 ἐπὶ
3202 3487 3281 3557 τῷ
3306 3489 3516 3542 δοθέντι

1919 3564 2070 3634 αὑτῷ
2100 3564 2350 3635 ταλάντῳ
2372 3605 2387 3628 ,
2427 3564 2544 3616 ἀλλ’
2573 3565 2656 3619 ὅτι
2703 3569 2797 3619 καὶ
2832 3569 2951 3621 ἀντὶ
2980 3568 3248 3622 ταλάντου
3282 3587 3520 3641 κατηγο-

1922 3647 2044 3716 ρίαν
2088 3646 2466 3718 προσήνεγκεί
2513 3648 2768 3702 Τοιοῦτον
2797 3651 2908 3721 γὰρ
2947 3653 2980 3722 ἡ
3024 3653 3277 3722 πονηρία·
3334 3658 3523 3708 σκοτοῖ

1918 3731 2010 3781 τὸν
2040 3731 2321 3800 λογισμὸν,
2359 3732 2454 3785 καὶ
2491 3732 2633 3784 κατά
2668 3734 2932 3803 κρημνῶν
2959 3738 3105 3787 ποιεῖ
3129 3736 3395 3807 φέρεσθαι
3423 3737 3520 3791 τὸν

1922 3812 2068 3877 ἀπαξ
2098 3813 2196 3879 τῆς
2237 3813 2452 3876 εὑθείας
2483 3815 2830 3884 ἐκτραπέντα
2863 3816 3004 3872 ὁδοῦ.
3039 3818 3227 3871 Ταῦτα
3251 3819 3308 3872 δὲ
3340 3820 3520 3874 πάντα

1922 3897 2051 3965 περὶ
2079 3896 2187 3946 τῶν
2217 3895 2561 3950 διδασκάλων
2593 3897 2836 3967 εἴρηται,
2865 3898 3005 3952 ὥστε
3043 3899 3118 3971 μὴ
3172 3901 3520 3974 ἀποκρύπτε⁸

1923 3978 2047 4029 σθαι
2080 3977 2148 4028 τά
2193 3979 2657 4047 ἐμπιστευθέντα,
2702 3980 2842 4032 ἀλλά
2876 3983 3015 4051 μετά
3060 3983 3242 4053 πάσης
3280 3985 3520 4053 σπουδῆς

1923 4059 2284 4129 παρατιθέναι
2327 4063 2438 4123 τοῖς
2483 4062 2968 4132 μαθητευομένοις.
3017 4064 3157 4116 Ἀλλ’
3199 4066 3363 4118 ἀκουε
3406 4067 3520 4118 λοι-

1922 4142 2044 4202 πὸν,
2077 4142 2329 4212 ἀγαπητὲ
2355 4182 2369 4203 ,
2402 4144 2462 4195 ἐκ
2508 4144 2606 4213 τῆς
2650 4145 2788 4213 πρὸς
2820 4148 3029 4198 ἐκεῖνον
3061 4149 3514 4220 ἀγανακτήσεως,

1920 4226 2068 4286 ὅπως
2096 4225 2191 4277 καὶ
2228 4227 2278 4277 οἱ
2328 4227 2760 4298 μαθητευόμενοι
2798 4229 3094 4283 ὑπεύθυνοι
3121 4231 3385 4297 γίνονται,
3421 4236 3516 4286 καὶ

1921 4309 2020 4360 οὑκ
2067 4310 2250 4362 ἐκεῖνα
2314 4309 2474 4378 μόνον
2533 4311 2892 4366 ἀπαιτοῦνται
2945 4313 3016 4366 τά
3079 4315 3516 4385 καταϐληθέντα,

1924 4392 2058 4445 ἀλλὰ
2085 4395 2179 4445 καὶ
2204 4395 2339 4463 μετά
2358 4394 2452 4447 τοῦ
2475 4395 2635 4448 τόκου
2686 4397 2786 4464 τὴν
2816 4396 3042 4466 μέθοδον
3072 4399 3427 4467 ὑπομένουσι.
3452 4403 3517 4456 Τί

1921 4470 2014 4526 οὖν
2069 4492 2201 4544 φησι
2256 4477 2393 4547 πρὸς
2452 4478 2616 4530 αὑτὸν
2673 4481 2701 4530 ό
2745 4479 3044 4548 δεσπότης;
3077 4480 3230 4553 [415]
3284 4484 3522 4554 Πονηρὲ

1923 4556 2128 4610 δοῦλε.
2159 4559 2370 4628 Φοϐερά
2415 4559 2870 4630 ὴάγανάκτησις,
2911 4562 3070 4632 ἱκανὴ
3098 4566 3444 4635 καταπλῆξαι
3486 4570 3514 4636 ἡ

1924 4640 2145 4708 ἀπειλή.
2193 4642 2261 4693 El
2303 4641 2508 4710 ᾕδεις,
2572 4645 2768 4714 φησὶν,
2816 4645 2903 4698 ὅτι
2958 4647 3154 4716 θερίζὶιι
3200 4647 3354 4702 ὅπου
3404 4653 3518 4703 οὐκ

1922 4722 2197 4792 ἔσπειρα,
2215 4725 2312 4777 καὶ
2336 4725 2580 4796 συνάγω
2604 4727 2757 4781 ὅπου
2775 4730 2846 4782 οὑ
2858 4728 2893 4781 δ
2898 4732 3280 4797 ιεσκόρπισα,
3297 4733 3418 4786 ἔδει
3442 4751 3521 4786 σε

1923 4806 2285 4859 καταϐαλεῖν
2301 4808 2366 4860 τὸ
2384 4809 2670 4877 ἀργύριόν
2695 4828 2816 4879 μου
2844 4811 2939 4862 ἐπὶ
2969 4814 3110 4878 τοὺς
3135 4815 3514 4882 τραπεζῖτας,

1921 4888 2022 4940 καί
2060 4888 2404 4956 ἑγὼ-ἐλθὼν
2445 4893 2596 4959 μετὰ
2641 4895 2822 4946 τόκου
2865 4895 3154 4962 ἀπῄτησα
3204 4895 3282 4948 ἂν
3326 4900 3516 4950 αιίτόο

1921 4970 2185 5041 ἀργύριον
2219 4973 2395 5041 λέγων
2441 4975 2510 5027 τὰ
2555 4975 2711 5043 λόγια
2750 4976 2817 5029 τά
2852 4977 3044 5047 τίμια,
3094 4979 3427 5047 τραπεζίτας
3459 4981 3518 5032 δὲ

1923 5053 2066 5122 ὑμᾶς
2099 5053 2283 5106 καλῶν
2329 5059 2454 5120 τοὺς
2482 5058 2936 5129 ὑποδεχομένους.
2967 5061 3066 5112 Σὸν
3099 5061 3200 5131 μὲν
3225 5057 3314 5131 ἦν,
3355 5063 3514 5132 φησὶ,

1921 5135 2251 5189 καταϐαλεῖν
2299 5139 2481 5209 μόνον,
2539 5141 2670 5211 ἐμὸν
2731 5142 2788 5196 δὲ
2845 5139 2914 5213 ἦν
2977 5143 3038 5195 τὸ
3092 5146 3224 5213 παρ’
3287 5145 3519 5197 ἐκείνων

1921 5219 2260 5288 ἀπαιτῆσαι,
2315 5223 2389 5294 μὴ
2437 5225 2595 5294 μόνον
2641 5226 2710 5279 τά
2750 5227 3196 5295 καταϐληθέντα,
3242 5227 3379 5281 ἀλλά
3416 5229 3516 5282 καὶ

1921 5302 2012 5354 τὸν
2067 5304 2206 5376 ὑπὲρ
2253 5305 2460 5360 τούτων
2512 5309 2688 5362 τόκον.
2729 5309 2957 5378 Ὀρᾶτε,
3011 5310 3291 5378 ἀγαπητοὶ
3319 5351 3332 5373 ,
3391 5311 3512 5375 πῶς

1923 5385 2092 5449 πολὺς
2137 5390 2165 5440 6
2210 5389 2373 5457 φόϐος
2417 5391 2525 5444 τῶν
2569 5393 2896 5463 εἰρημένων.
2941 5391 3005 5444 Τί
3053 5393 3118 5446 ἂν
3164 5390 3258 5446 οὖν
3305 5395 3514 5448 είποιεν

1921 5468 1972 5518 οἱ
2003 5470 2099 5521 καὶ
2129 5469 2227 5539 τῆς
2260 5473 2504 5543 φυλακῆς
2533 5476 2642 5528 τῶν
2667 5475 3116 5545 καταϐληθέντων
3151 5478 3506 5546 ἀμελοῦντες,

1919 5551 2052 5604 ὃταν
2091 5555 2183 5606 καὶ
2208 5555 2299 5606 τὸν
2329 5555 2471 5628 ὑπὲρ
2502 5559 2707 5612 τούτων
2742 5560 2898 5613 τόκον
2927 5559 3324 5630 μεθοδεύωνται
3350 5578 3364 5625 ;

1993 5635 2103 5688 Καὶ
2147 5637 2248 5708 δρα
2288 5638 2702 5711 φιλανθρωπίαν
2751 5645 3046 5701 Δεσπάτου.
3088 5646 3214 5700 Ἐπὶ
3261 5647 3358 5713 μὲν
3397 5632 3534 5698 τῶν⁸

1921 5719 2222 5787 χρημάτων
2251 5723 2360 5774 τῶν
2387 5725 2659 5794 αἰσθητῶν
2688 5728 3032 5798 ἀπηγόρευσε
3064 5728 3153 5782 τὸν
3184 5731 3341 5782 τόκον
3368 5730 3508 5798 λαμ-

1923 5800 2130 5853 ϐάνειν.
2162 5803 2319 5866 Τίνος
2342 5807 2548 5870 ἕνεκεν,
2573 5811 2667 5861 καὶ
2689 5810 2776 5862 διὰ
2797 5812 2845 5863 τί
2867 5829 2882 5874 ;
2907 5811 3023 5864 ’Ότι
3046 5813 3304 5884 ἑκάτερος
3324 5813 3506 5865 αὑτῶν

1921 5881 2118 5952 πολλὴν
2159 5888 2407 5943 ἐντεῦθεν
2435 5892 2696 5962 ὑπομένει
2740 5895 2836 5965 τὴν
2865 5895 3090 5967 βλάϐην.
3124 5881 3229 5951 τος
3274 5899 3371 5970 μὲν
3395 5898 3507 5969 γὰρ
