4058 6434
217 382 314 439 377

222 509 447 564 uterque
475 502 667 561 magno
696 487 892 542 damno
917 479 1164 536 afficitur.
1195 477 1326 531 Nam
1354 473 1564 527 debitor
1579 467 1803 564 quidem

216 557 398 653 inepia
467 557 753 638 atteritur,
802 572 1038 629 creditor
1092 577 1268 620 autem
1315 576 1515 631 angens
1562 557 1811 618 divitias,

220 647 561 745 peccatorum
588 666 886 724 accumulat
907 663 1005 718 sibi
1037 657 1452 715 multitudinem.
1487 649 1716 705 Proinde
1745 647 1814 700 ab

225 742 379 819 initio
412 761 535 815 olim
564 758 759 811 .ludaeis
784 749 1137 809 crassioribus
1162 747 1264 799 tale
1294 742 1441 798 dedit
1468 747 1813 809 prteeeptum,

219 855 447 908 dicens:
478 847 598 903 Non
633 843 951 916 [tenet-aberis
1002 838 1150 908 fratri
1198 845 1286 888 tuo
1339 843 1385 886 et
1445 831 1676 900 proximo
1728 836 1816 878 tuo

221 945 411 1009 (Deut.
443 940 534 994 23.
569 939 694 1005 111).
728 936 839 1002 Qua
885 932 1045 1000 igitur
1073 923 1415 982 excusatione
1465 919 1610 987 digiti
1657 925 1816 972 erunt

223 1035 308 1102 qui
358 1030 558 1085 Judzeis
610 1035 735 1082 sunt
775 1020 1198 1081 inhumaniores,
1244 1024 1299 1068 et
1357 1020 1477 1082 post
1511 1009 1733 1078 gratiam
1763 1015 1815 1060 et

227 1095 428 1174 tantam
469 1132 498 1170 a
536 1117 761 1169 Domino
800 1111 1178 1179 benignitatem
1231 1101 1571 1157 inveniuntur
1623 1097 1686 1148 iis
1727 1095 1816 1164 qui

226 1211 324 1262 sub
350 1211 468 1276 lege
496 1205 707 1259 fuerunt
738 1201 1036 1260 inferiores,
1082 1196 1188 1248 imo
1212 1188 1457 1260 pejores?
1489 1187 1542 1240 In
1566 1187 1816 1252 spiritua-

229 1300 366 1352 lihus
396 1273 536 1351 enim
582 1295 932 1360 repetiturum
977 1302 1034 1340 se
1075 1283 1332 1354 promittit
1364 1291 1570 1332 usuras.
1602 1273 1818 1342 Quare?

228 1389 362 1454 Quia
391 1383 662 1440 contrario
712 1394 929 1449 prorsus
976 1375 1134 1429 modo
1184 1386 1244 1425 se
1294 1370 1488 1422 habent
1528 1364 1819 1433 spiritualis

233 1492 416 1538 usura,
445 1485 497 1530 et
519 1472 806 1529 sensibilis.
851 1470 960 1523 lllic
1006 1467 1146 1521 enim
1204 1464 1249 1516 is
1301 1477 1334 1514 a
1383 1473 1489 1528 quo
1533 1457 1821 1525 requiritur

231 1581 441 1631 severe,
496 1564 670 1618 subito
720 1563 771 1614 in
829 1569 1120 1613 extremam
1163 1553 1393 1620 impiam
1430 1548 1706 1603 defertur:
1735 1546 1820 1600 hic

232 1667 410 1709 autem
443 1657 487 1708 is
515 1671 543 1706 a
569 1670 674 1723 qtto
700 1652 948 1720 exigitur,
970 1647 1181 1718 quando
1212 1652 1418 1714 gratum
1446 1641 1680 1693 animum
1711 1653 1821 1706 pra:

234 1759 293 1797 se
347 1743 552 1807 tulerit,
592 1753 790 1810 quanto
841 1739 1093 1805 majorem
1145 1748 1358 1787 usuram
1407 1730 1626 1794 afferet,
1676 1737 1826 1781 tanto

238 1834 449 1903 largiori
505 1832 708 1886 fruetur
769 1830 968 1883 etelesti
1023 1824 1474 1881 remuneratione.
1524 1822 1819 1887 Quocirca,

236 1924 438 1990 dilecti,
463 1939 584 1978 cum
612 1923 760 1976 vobis
788 1919 1092 1974 concredita
1121 1914 1653 1976 dinumeraverimus,
1676 1910 1825 1964 vobis

239 2014 598 2070 necessarium
631 2014 733 2066 erit
774 2011 1038 2078 duplicem
1070 2007 1261 2060 afferre
1301 2005 1536 2057 laborem
1589 2011 1641 2054 et
1696 2000 1826 2068 vigi-
1867 2051 1869 2053 ,

242 2104 482 2165 lantiam,
538 2109 647 2154 tum
693 2100 829 2168 quod
866 2097 1195 2150 dinumerata
1221 2091 1565 2146 custodienda
1589 2100 1734 2152 sunt,
1768 2095 1826 2141 ut

243 2192 345 2247 lixa
373 2200 622 2246 maneant
651 2208 665 2244 :
700 2199 810 2242 tum
840 2187 979 2257 quod
1011 2185 1340 2255 operandum
1373 2192 1430 2235 111
1455 2193 1505 2234 et
1530 2181 1647 2233 aliis
1672 2193 1825 2232 com-

243 2283 599 2347 tnuniccntur,
632 2290 683 2335 ct
714 2281 910 2334 multos
952 2280 1003 2332 in
1037 2279 1171 2330 viam
1215 2275 1421 2328 virtutis
1449 2275 1699 2326 inducant
1731 2289 1745 2323 :
1773 2280 1828 2323 ut

244 2374 484 2428 bifariam
513 2373 662 2426 vobis
690 2373 891 2425 lucrum
929 2379 1218 2430 accrescat,
1247 2359 1357 2419 tum
1400 2380 1493 2433 pro
1520 2363 1692 2416 salute
1727 2376 1824 2414 ve-

243 2471 376 2528 stra,
407 2472 517 2515 tum
552 2476 647 2530 pro
669 2461 892 2514 aliorum
926 2459 1167 2512 utilitate.
1199 2456 1350 2524 Quod
1378 2457 1419 2508 si
1448 2455 1547 2508 hoe
1576 2453 1825 2517 feceritis,

243 2561 297 2606 et
326 2567 424 2606 nos
449 2551 683 2606 reddetis
709 2551 892 2605 beatos
939 2567 952 2602 :
984 2547 1167 2600 Beatus
1187 2549 1336 2610 enim,
1373 2547 1562 2613 inquit,
1589 2544 1675 2612 qui
1708 2543 1828 2595 dicit

243 2643 467 2695 inaures
504 2643 814 2694 audientium
876 2639 1198 2710 (Eccli.25.
1261 2638 1357 2707 19)
1389 2648 1477 2690 :et
1525 2636 1724 2690 facit-tis
1775 2643 1832 2686 ut

246 2731 441 2800 largior
472 2731 623 2784 vobis
647 2731 760 2784 11ωο
789 2730 1076 2798 Spiritualis
1097 2739 1394 2797 apponatur
1434 2743 1637 2780 mensa.
1673 2727 1832 2793 Igitur

245 2821 440 2876 fratres
464 2832 669 2873 vestros
692 2821 854 2874 nolite
882 2820 1168 2889 negligere,
1197 2834 1366 2886 neque
1397 2820 1568 2871 Solum
1597 2826 1832 2885 spectate

245 2927 364 2981 qua:
391 2912 455 2965 ad
483 2927 576 2966 vos
603 2912 826 2966 attinent
861 2930 871 2964 :
896 2912 987 2966 sed
1016 2911 1300 2980 unicuique
1326 2926 1450 2963 cura
1474 2912 1541 2963 sit
1567 2909 1833 2977 quomodo

249 3004 548 3072 proximum
572 3018 727 3059 suum
765 3019 795 3056 θ
841 3003 1034 3056 diaboli
1067 3003 1305 3054 faucibus
1327 3003 1536 3068 eripiat,
1568 3011 1620 3052 et
1645 2999 1714 3052 ab
1738 3000 1834 3051 1111-

249 3094 346 3163 piis
369 3093 471 3147 illis
492 3094 807 3162 spectaculis
835 3094 884 3146 in
909 3094 1189 3146 ecclesiam
1214 3092 1463 3156 adducat,
1491 3090 1835 3144 monstrando

246 3185 296 3238 ei
330 3183 732 3237 multalenitatc
759 3194 814 3236 et
859 3183 1262 3237 mansuetudine
1305 3192 1415 3235 tum
1463 3182 1644 3236 damni
1692 3183 1832 3252 quod

250 3274 392 3329 illinc
425 3274 523 3329 fert
552 3274 889 3342 gravitatem,
925 3283 1035 3327 tum
1068 3273 1329 3327 bonorum
1376 3289 1494 3343 qua:
1527 3275 1612 3329 hic
1641 3293 1828 3332 coice-

248 3362 450 3417 duntur
500 3363 967 3432 magnitudinem:
1009 3372 1193 3417 etnon
1242 3365 1413 3417 solum
1467 3367 1631 3419 semel
1676 3375 1834 3435 atque

251 3453 441 3508 iterum
468 3455 569 3507 hoc
594 3452 770 3516 facite,
801 3454 894 3508 sed
926 3468 1155 3523 semper.
1180 3454 1310 3508 Nam
1341 3455 1441 3509 etsi
1474 3455 1631 3510 hodie
1658 3458 1836 3511 verbis

253 3543 358 3595 tuis
411 3558 515 3594 non
553 3541 904 3610 obtemperat,
965 3552 1146 3610 postea
1190 3543 1578 3611 obtemperabit
1633 3562 1644 3596 :
1693 3555 1746 3600 et
1789 3547 1834 3599 si

254 3649 423 3701 neque
448 3631 683 3687 secundo
710 3634 1013 3686 admoncoti
1063 3633 1452 3701 obtemperabit
1477 3674 1492 3698 ,
1526 3636 1719 3688 iterum
1753 3645 1834 3688 ta-

251 3739 372 3777 tnen
398 3733 447 3778 te
476 3724 658 3778 videns
682 3733 978 3792 urgentem,
1004 3723 1140 3777 forte
1164 3725 1464 3786 erubescet,
1495 3736 1547 3778 et
1576 3727 1836 3781 reveritus

252 3823 394 3866 tuam
423 3829 627 3878 curam,
677 3829 705 3866 a
749 3815 1060 3882 perniciosis
1110 3814 1213 3868 illis
1243 3799 1547 3868 abstinebit.
1581 3816 1648 3870 Et
1677 3834 1834 3870 num-

251 3918 408 3972 quatn
456 3903 862 3967 dieas:Setnel,
906 3913 957 3958 et
993 3905 1217 3970 iterum,
1262 3916 1316 3959 et
1365 3907 1519 3960 tertio
1560 3917 1615 3962 et
1640 3909 1836 3978 srepius

253 3994 467 4058 monui,
500 4005 553 4047 et
600 3994 728 4046 nihil
763 3993 983 4060 profeci.
1042 3995 1117 4049 Ne
1158 4011 1377 4050 monere
1423 3998 1681 4054 desinas:
1711 4016 1834 4054 nam

251 4091 447 4151 quanto
473 4084 640 4151 magis
671 4092 724 4137 ttt
755 4087 1210 4151 perseveraveris,
1251 4095 1397 4139 tanto
1421 4089 1584 4156 tnagis
1615 4100 1666 4142 et
1690 4107 1834 4144 mer-

249 4188 340 4227 ces
371 4174 462 4228 tibi
510 4185 734 4228 crescet.
792 4174 905 4228 Non
956 4175 1146 4229 videtis
1197 4187 1392 4244 quanta
1421 4182 1656 4232 omnium
1698 4181 1836 4233 lleus

253 4277 350 4315 nos
379 4264 632 4331 patientia
656 4265 866 4330 tolerat,
897 4278 944 4319 et
976 4267 1497 4335 quomodoquotidie
1522 4271 1836 4338 negligimus

249 4354 619 4424 obtemperare
658 4357 772 4425 ejus
824 4357 1109 4424 mandatis,
1158 4366 1212 4411 et
1256 4375 1427 4427 neque
1467 4361 1545 4414 sic
1582 4372 1756 4415 cessat
1806 4377 1832 4414 a

205 4440 210 4445 ’
251 4459 377 4499 cura
436 4439 638 4510 nostra,
673 4447 768 4499 sed
797 4448 974 4500 omnia
1028 4463 1120 4500 sua
1153 4451 1474 4516 suppeditat,
1504 4453 1671 4504 solem
1706 4453 1833 4506 oriri

249 4545 419 4602 curat,
447 4536 651 4604 pluvias
689 4538 954 4603 concedit,
979 4538 1188 4606 aliaque
1210 4539 1421 4592 omnia?
1455 4541 1622 4594 Simili
1676 4543 1836 4596 modo

251 4631 305 4678 et
337 4639 434 4678 nos
459 4639 583 4696 erga
615 4624 803 4680 fratres
834 4637 1043 4680 nostros
1073 4628 1208 4681 bene
1253 4628 1451 4694 allecti,
1508 4647 1694 4700 magna
1722 4641 1834 4685 uta-

252 4728 372 4766 mur
397 4713 694 4782 diligentia,
741 4725 792 4768 et
840 4718 1177 4770 obluctemur
1207 4720 1439 4787 maligno
1469 4721 1541 4772 illi
1581 4722 1833 4789 daemonii,

251 4811 308 4855 ιιι
331 4802 513 4858 irritos
551 4803 667 4872 ejus
709 4805 962 4860 faciamus
999 4818 1242 4862 conatus.
1288 4810 1416 4862 Nam
1450 4811 1493 4864 si
1524 4813 1715 4881 singuli
1745 4816 1832 4883 qui

250 4890 460 4956 adsunt,
503 4907 664 4944 ttmnn
710 4893 1017 4949 lucrifacere
1065 4907 1296 4963 possent,
1357 4899 1526 4966 cogita
1579 4915 1831 4968 quantam

251 4979 658 5036 nobislmtitiam
707 4984 938 5038 Ecclesia
980 4986 1315 5040 multitudine
1361 4987 1590 5041 filiorum
1617 5006 1832 5046 suorum

249 5073 550 5127 ostenderet
606 5090 624 5130 :
665 5083 720 5128 et
768 5065 1010 5130 diabolus
1056 5078 1491 5145 confunderetur,
1546 5083 1730 5137 videns
1779 5086 1833 5139 in

252 5173 444 5214 \annm
494 5173 548 5215 et
591 5163 784 5219 frustra
838 5168 1053 5220 extendi
1112 5183 1205 5222 sua
1254 5170 1405 5224 retia.
1453 5172 1602 5237 Quod
1649 5177 1692 5227 si
1735 5177 1836 5231 hoc

251 5247 504 5317 feceritis,
546 5255 771 5309 audietis
817 5265 872 5311 et
916 5272 1009 5311 vos
1057 5259 1107 5311 in
1154 5259 1242 5314 die
1295 5260 1385 5313 illo
1437 5277 1450 5311 :
1495 5262 1656 5332 Euge,
1698 5283 1836 5320 serve

247 5339 374 5394 bone
414 5353 460 5394 ct
480 5345 666 5410 ﬁdelis,
693 5347 745 5398 in
775 5364 935 5417 pauca
975 5349 1118 5418 fuisti
1165 5352 1351 5418 ﬁdelis,
1391 5370 1546 5420 supra
1593 5355 1748 5408 multa
1789 5368 1836 5412 te

245 5436 564 5488 constituam.
1364 5487 1404 5514 ,,

316 5524 368 5577 3.
408 5525 670 5580 Caeterum
703 5530 837 5583 bona
867 5545 961 5600 spe
986 5547 1103 5587 sum
1134 5549 1226 5587 vos
1251 5534 1348 5588 hoc
1378 5534 1605 5589 facturos
1634 5554 1646 5589 :
1679 5539 1834 5593 video

245 5615 385 5668 cuitu
417 5617 589 5671 vultus
620 5629 845 5686 vestros,
876 5631 928 5676 et
958 5624 1318 5692 conjecturam
1347 5639 1500 5678 sumo
1523 5643 1614 5680 vos
1641 5629 1829 5683 admo-

243 5707 502 5761 nitionem
535 5721 767 5765 nostram
812 5728 998 5784 magna
1027 5707 1295 5786 voluptate
1327 5719 1596 5788 accepisse
1620 5759 1634 5784 ,
1673 5733 1831 5794 atque

1193 365 1258 420 IN
1296 361 1448 419 CAP.
1496 357 1677 413 XVlll.
1718 352 1964 409 GENES.
2009 350 2235 407 HOMIL.
2271 348 2404 406 XLI.

3418 339 3524 392 ἳτὸ

1927 461 2052 518 hinc
2091 479 2250 532 spero
2295 478 2420 524 vos,
2452 460 2591 531 quod
2623 468 2856 514 vestrum
2888 457 3078 524 fuerit,
3109 456 3361 512 facturos.
3394 455 3528 510 Pro-

1924 554 2048 609 inde
2079 554 2215 608 hanc
2258 552 2676 606 admonitionem
2717 551 2804 604 hic
2833 548 3086 602 finiamus
3115 565 3128 601 :
3161 559 3532 616 pr0ponamus

1925 653 2105 698 autem
2134 643 2286 697 vobis
2317 652 2531 697 tenuem
2574 655 2811 696 nostram
2842 655 2904 693 ac
2934 653 3225 709 pauperem
3255 650 3524 696 mensam,

1924 745 1980 790 ut
2006 751 2125 790 cum
2147 734 2358 790 solitam
2388 735 2700 803 acceperitis
2722 733 3038 794 doctrinam,
3066 730 3284 784 domum
3325 741 3526 782 conce-

1923 827 2082 882 datis.
2116 827 2305 896 Operaa
2326 826 2555 896 pretiu‘m
2582 825 2723 879 enim
2756 823 2915 878 fuerit
2941 831 2994 876 et
3018 821 3174 876 hodie
3205 822 3256 875 in
3286 820 3520 873 medium

1924 919 2116 972 afferre
2148 918 2500 987 patriarcham
2525 917 2814 979 Abraham,
2840 923 2898 967 111
2926 915 3146 967 diseatis
3175 923 3426 982 quantam
3451 910 3522 963 ab

1925 1010 2281 1078 hospitalitate
2321 1008 2622 1062 mercedem
2664 1007 2946 1076 acceperit.
2984 1006 3006 1058 1
3046 1003 3231 1073 (Caput
3279 1001 3386 1071 18).
3415 1000 3523 1068 Ap-

1925 1104 2095 1170 paruit
2123 1103 2168 1153 ei
2192 1110 2356 1154 autem
2385 1100 2521 1152 Deus
2539 1141 2554 1164 ,
2589 1099 2758 1166 inquit
2781 1139 2794 1163 ,
2825 1097 2963 1167 apud
2989 1111 3228 1165 quercum
3255 1094 3524 1157 ,Mambre,

1925 1195 2124 1248 sedente
2148 1193 2258 1260 ipso
2281 1191 2349 1244 ad
2365 1193 2583 1261 januam
2612 1189 2921 1242 tabernaculi
2944 1188 3024 1241 sui
3045 1186 3271 1239 meridie.
3301 1184 3520 1254 Singula

1927 1285 2085 1339 verba
2104 1284 2386 1353 diligenter
2401 1284 2752 1346 excutiamus,
2769 1292 2819 1336 et
2836 1289 3024 1349 aperto
3040 1280 3314 1340 thesauro,
3338 1289 3528 1330 omnes

1927 1379 1978 1430 in
2025 1393 2091 1430 eo
2127 1377 2360 1455 latentes.
2395 1375 2606 1429 divitias
2653 1373 2942 1428 discamus.
2975 1371 3152 1437 Quare
3193 1370 3272 1421 sic
3302 1381 3531 1422 exorsus

1927 1479 2026 1530 est.
2059 1469 2309 1539 Apparuit
2339 1477 2508 1520 autem
2538 1467 2583 1520 ei
2606 1466 2782 1519 Dens?
2805 1465 2995 1534 Specta
3030 1461 3238 1516 Domini
3281 1460 3528 1528 benigni-

1930 1567 2112 1625 tatem,
2136 1568 2189 1612 ct
2214 1558 2495 1613 considera
2524 1557 2702 1610 famuli
2726 1567 2933 1624 gratum
2957 1553 3214 1607 animum.
3237 1551 3526 1619 Postquam

1928 1650 2069 1702 enim
2097 1647 2341 1717 superius
2361 1645 2604 1715 apparuit
2632 1645 2706 1711 ei,
2728 1655 2782 1698 et
2803 1653 2999 1713 prmter
3020 1649 3213 1696 cmtera
3241 1640 3400 1694 etiam
3431 1639 3532 1692 cir-

1929 1737 2268 1793 cumcisionis
2296 1737 2602 1790 mandatum
2643 1734 2896 1804 prtrcepit
2924 1751 2936 1784 :
2970 1732 3197 1785 eximius
3225 1739 3403 1784 autem
3429 1729 3529 1781 iste

1931 1832 2011 1884 vir
2041 1844 2254 1898 semper
2273 1845 2390 1897 qum
2420 1844 2450 1883 a
2485 1828 2592 1881 Deo
2622 1834 2887 1896 prcecepta
2919 1811 3065 1878 erant
3092 1823 3378 1891 diligenter
3401 1835 3526 1889 per-

1933 1921 2089 1976 ficere
2113 1962 2127 1985 ,
2163 1920 2361 1988 rejecta
2403 1918 2548 1970 omni
2597 1931 2778 1982 mora,
2814 1914 3019 1968 curavit
3053 1922 3148 1968 :ct
3185 1909 3531 1966 circmncisus

1931 2021 2013 2065 est
2063 2011 2202 2078 ip<e,
2237 2008 2464 2077 implens
2497 2006 2803 2059 mandatum
2837 2005 2963 2068 Dei,
3006 2013 3060 2056 et
3102 2001 3378 2057 lsmaelem
3421 2000 3529 2052 cir-

1932 2101 2204 2161 eumcidit,
2237 2109 2290 2153 ct
2319 2098 2634 2151 vernaculos
2669 2110 2894 2161 omnes,
2921 2103 2978 2148 et
3005 2095 3055 2148 in
3098 2107 3305 2147 summa
3334 2092 3526 2145 miram

1932 2191 2220 2245 declaravit
2245 2189 2602 2243 obedientiam
2626 2207 2637 2240 :
2660 2188 2849 2241 iterum
2876 2186 2922 2240 ei
2955 2194 3194 2254 apparet.
3215 2183 3358 2236 Talis
3384 2182 3529 2235 enim

1932 2291 2014 2336 est
2042 2282 2299 2333 Dominus
2321 2289 2522 2341 noster,
2548 2286 2605 2330 ut
2633 2278 2675 2330 si
2708 2277 2921 2344 quando
2958 2274 3153 2328 viderit
3183 2289 3280 2326 nos
3309 2272 3362 2324 in
3391 2272 3535 2340 prio-

1935 2371 2079 2425 ribus
2105 2379 2306 2440 gratos,
2334 2369 2635 2422 accumulet
2661 2367 2917 2421 beneficia
2938 2407 2954 2431 ,
2985 2373 3039 2420 et
3066 2381 3354 2433 numquam
3383 2379 3410 2415 a
3439 2378 3535 2417 sua

1936 2461 2280 2516 beneficentia
2322 2459 2576 2522 desistat,
2615 2472 2964 2512 remunerans
2999 2455 3364 2510 obedientium
3409 2468 3535 2523 gra—

1937 2562 2046 2605 tum
2077 2551 2408 2620 obsequium.
2443 2549 2668 2617 Propter
2713 2549 2815 2601 hoc
2864 2549 3022 2616 igitur
3044 2587 3059 2610 ,
3105 2545 3227 2615 quia
3260 2545 3492 2598 obedivit
3518 2583 3534 2607 ,

1936 2646 2126 2698 iterum
2157 2643 2406 2712 apparuit
2425 2640 2495 2695 ei.
2525 2641 2637 2706 Qua
2665 2640 2732 2693 de
2757 2654 2915 2692 causa
2946 2639 3023 2693 sic
3053 2653 3210 2692 orsus
3236 2645 3319 2691 est
3347 2636 3537 2690 beatus

1937 2735 2111 2788 Moses
2140 2751 2152 2785 :
2183 2733 2434 2802 Apparuit
2466 2740 2635 2783 autent
2662 2733 2705 2783 ei
2750 2729 2884 2782 Deus
2918 2729 3058 2797 apud
3093 2744 3330 2796 quercum
3363 2726 3538 2777 Mam-

1937 2826 2041 2891 bre,
2075 2826 2276 2879 sedente
2299 2841 2356 2877 eo
2380 2825 2447 2875 ad
2453 2824 2671 2892 januam
2699 2820 3007 2873 tabernaculi
3037 2821 3115 2871 sui
3147 2819 3373 2871 meridie.
3396 2817 3538 2871 Con-

1937 2916 2110 2970 sidera
2136 2956 2149 2978 ,
2182 2929 2279 2967 oro
2303 2956 2318 2980 ,
2352 2913 2437 2966 hic
2463 2913 2715 2965 virtutem
2742 2911 2890 2978 justi.
2937 2908 3158 2962 Sedente
3181 2949 3194 2969 ,
3230 2908 3395 2976 inquit
3423 2949 3434 2967 ,
3468 2905 3538 2956 ad

1939 3011 2074 3076 fores
2102 3005 2411 3058 tabernaculi
2456 3003 2556 3056 sui.
2593 3002 2894 3068 Tantopere
2933 2998 3155 3051 curabat
3198 2997 3538 3065 h05pitalita-

1939 3104 2068 3159 tem,
2102 3103 2160 3148 ut
2189 3094 2354 3148 nollet
2385 3093 2653 3161 hospitum
2685 3090 3023 3144 venationem
3050 3086 3282 3156 cuipiam
3312 3085 3539 3139 familia-

1939 3189 2076 3241 rium
2097 3187 2432 3242 committere
2458 3205 2470 3240 :
2518 3184 2612 3240 sed
2635 3191 2902 3238 trecentos
2919 3182 3102 3236 decem
3121 3188 3176 3233 et
3191 3189 3314 3233 octo
3335 3178 3541 3240 habens

1939 3279 2285 3344 vernaculos,
2329 3277 2490 3330 homo
2530 3290 2695 3330 senex
2750 3283 2804 3328 et
2845 3288 2986 3327 nunc
3036 3271 3323 3340 decrepitce
3367 3270 3542 3324 aetatis

1944 3368 2329 3439 (ceutenarius
2372 3365 2514 3420 enim
2553 3375 2667 3419 erat
2700 3363 2740 3433 ),
2774 3361 2912 3431 apud
2947 3361 3163 3431 januant
3205 3359 3444 3415 sedebat.
3475 3359 3541 3413 Et

1943 3460 2027 3513 hic
2056 3457 2269 3528 quidem
2313 3457 2413 3510 hoc
2440 3471 2650 3510 summo
2679 3455 2858 3509 studio
2882 3453 3101 3507 curabat
3122 3494 3137 3517 ,
3169 3461 3221 3505 et
3253 3466 3424 3520 neque
3454 3465 3542 3504 se-

1942 3559 2128 3605 nectus
2155 3549 2228 3602 illi
2256 3548 2532 3601 obstaculo
2557 3557 2692 3609 erat,
2722 3560 2894 3614 neque
2919 3559 3030 3598 sua:
3057 3542 3250 3613 quietis
3276 3557 3427 3607 cura,
3447 3557 3542 3595 ne-

1939 3658 2043 3712 que
2085 3643 2224 3696 intus
2262 3655 2423 3709 super
2464 3640 2659 3694 lectum
2699 3637 3075 3700 recumbebat,
3107 3636 3200 3690 sed
3245 3635 3310 3689 ad
3342 3636 3540 3689 ostium

1940 3731 2162 3787 sedebat
2189 3750 2202 3786 :
2234 3731 2324 3784 alii
2349 3740 2526 3784 autem
2555 3720 2699 3798 saepe
2729 3743 2834 3782 non
2861 3728 3032 3782 solum
3065 3735 3270 3780 tantum
3301 3726 3536 3781 studium

1940 3839 2046 3877 non
2078 3822 2353 3886 adhibent,
2383 3821 2476 3875 sed
2520 3833 2574 3875 et
2601 3821 2754 3889 plane
2784 3818 3073 3880 diversum.
3103 3829 3158 3873 et
3187 3819 3376 3872 horum
3407 3832 3540 3871 con-

1941 3928 2153 3984 gressus
2182 3913 2387 3983 fugiunt
2413 3920 2466 3965 et
2495 3912 2717 3975 evitant,
2745 3921 2802 3964 ut
2824 3925 2890 3964 ne
2921 3911 3071 3964 inviti
3101 3921 3359 3981 cogantur
3387 3911 3541 3964 exci-

1944 4020 2090 4073 pere.
2122 4004 2318 4058 Verum
2357 4019 2462 4057 non
2486 4001 2661 4070 justus
2700 4003 2788 4056 ille
2835 4003 2905 4054 ita
2934 4003 3122 4071 agebat
3148 4043 3164 4067 ,
3193 4002 3286 4056 sed
3317 4001 3543 4056 sedebat

1941 4096 2007 4149 ad
2051 4095 2266 4164 jannam
2297 4095 2539 4147 meridie.
2576 4093 2709 4147 lliuc
2737 4094 2880 4147 enim
2914 4093 3085 4162 major
3109 4092 3445 4162 hospitalitas
3488 4103 3547 4148 et

1943 4187 2116 4238 virtus
2154 4184 2270 4253 ejus
2313 4184 2542 4245 ducitur,
2576 4183 2716 4252 quod
2747 4184 2796 4236 in
2827 4183 3050 4237 meridie
3080 4183 3183 4237 hoc
3221 4182 3439 4237 faceret.
3476 4182 3546 4238 Et

1943 4277 2134 4329 merito
2172 4275 2386 4344 quidem
2413 4293 2426 4328 :
2450 4275 2572 4344 quia
2601 4276 2744 4328 enim
2776 4276 2998 4340 sciebat,
3026 4290 3139 4338 eos,
3172 4275 3259 4342 qui
3301 4275 3541 4343 peregri-

1943 4380 2071 4418 nare
2114 4372 2374 4432 coguntnr
2399 4405 2413 4430 ,
2445 4379 2512 4417 eo
2546 4366 2777 4417 maxime
2819 4373 3060 4433 tempore
3099 4364 3338 4432 indigere
3374 4379 3501 4418 cura
3525 4405 3542 4430 ,

1943 4466 2151 4525 tempus
2179 4455 2280 4508 hoc
2310 4455 2559 4508 idoneum
2583 4456 2834 4523 eligebat,
2863 4466 2919 4508 et
2949 4455 3143 4509 sedens
3167 4470 3262 4510 eos
3288 4457 3376 4524 qui
3405 4472 3544 4526 pra:-

1943 4548 2170 4600 teribant
2188 4545 2498 4610 venabatur,
2514 4546 2744 4614 quietem
2767 4545 2866 4599 sibi
2888 4545 3090 4599 ducens
3117 4546 3420 4601 ministrare
3441 4547 3546 4601 via-

1944 4637 2148 4690 toribus
2184 4654 2197 4688 :
2227 4644 2282 4689 et.
2322 4650 2416 4688 eos
2440 4637 2528 4704 qui
2563 4635 2741 4690 calore
2767 4636 3081 4697 acstuabant.
3104 4637 3204 4689 sub
3233 4645 3426 4691 tectum
3456 4637 3544 4692 in-

1943 4727 2225 4779 troducere
2267 4726 2548 4790 studebat,
2583 4741 2690 4778 non
2733 4725 2945 4779 curiose
2990 4725 3276 4794 explorans
3315 4741 3411 4781 eos
3451 4727 3545 4796 qui

1943 4818 2280 4886 prmteribant
2304 4859 2320 4882 ,
2353 4832 2525 4885 neque
2554 4818 2833 4886 requirens
2861 4833 2927 4870 an
2963 4819 3107 4883 noti,
3142 4818 3224 4872 vel
3266 4819 3427 4888 ignoti
3459 4834 3546 4873 es~

1942 4916 2082 4960 sent.
2116 4907 2299 4976 Neque
2325 4908 2467 4960 enim
2511 4908 2884 4976 hospitalitatis
2917 4908 3075 4962 fuerit
3120 4909 3403 4978 diligenter
3428 4911 3543 4963 sin-

1939 5000 2057 5067 gula
2090 4997 2434 5067 perscrutari.
2462 4997 2562 5051 sed
2589 4999 2836 5052 omnibus
2867 5000 3188 5068 simpliciter
3215 5016 3367 5054 suam
3397 5016 3546 5055 com-

1940 5091 2213 5144 municare
2254 5089 2653 5159 benignitatem,
2673 5100 2725 5144 et
2754 5092 2870 5158 quia
2892 5091 3265 5162 hospitalitatis
3291 5108 3546 5163 sagenam

1941 5180 2299 5247 espanderat,
2343 5180 2538 5232 meruit
2584 5190 2638 5233 et
2681 5181 3053 5235 universorum
3089 5183 3375 5236 Dominum
3422 5198 3546 5239 cum

1941 5269 2141 5336 auge'is
2201 5269 2312 5322 suis
2361 5269 2651 5338 suscipere.
2688 5270 2986 5340 Eapropter
3031 5272 3228 5327 Paulus
3273 5273 3486 5329 dicebat
3528 5291 3543 5326 :

1948 5357 2324 5425 llospitalitatis
2352 5375 2413 5411 ne
2455 5360 2816 5413 obliviscamini
2846 5376 2863 5414 :
2895 5377 2985 5430 per
3014 5363 3145 5416 ltuitc
3177 5365 3310 5416 enim
3338 5364 3546 5433 quidam

1942 5449 2095 5501 nescii
2120 5491 2133 5512 ,
2164 5449 2368 5518 angelos
2396 5461 2692 5520 exceperunt
2721 5451 2940 5519 hospitio
2971 5453 2988 5523 (
3015 5453 3169 5507 Hebr.
3208 5456 3293 5509 i3.
3319 5455 3376 5525 Ξ)
3402 5473 3413 5506 :
3446 5470 3543 5526 pa-

1943 5542 2229 5598 triarehum
2275 5545 2495 5597 omnino
2547 5545 2841 5598 insinuans.
2871 5548 3043 5614 Atque
3068 5546 3136 5599 ob
3163 5546 3265 5600 hoc
3302 5548 3546 5601 Christus

1941 5633 2152 5687 dicebat
2185 5652 2195 5686 :
2232 5634 2330 5700 Qui
2369 5638 2644 5704 susceperit
2683 5653 2843 5690 unum
2871 5655 2932 5691 ea:
2973 5639 3050 5692 Itis
3081 5639 3336 5704 minimis,
3369 5640 3420 5692 in
3448 5657 3544 5694 no-

1945 5726 2078 5777 mine
2105 5742 2229 5793 meo,
2258 5742 2334 5778 me
2359 5728 2565 5790 suscipit
2595 5727 2805 5798 (Matth.
2847 5728 2932 5782 18.
2960 5729 3037 5800 5).
3070 5729 3380 5795 Audiamus,
3405 5729 3541 5783 dile-
