4058 6388
510 404 615 462 ’5ῗεῖ

505 512 599 575 eti,
624 517 677 564 et
696 504 927 574 hospitio
947 497 1215 570 excepturi
1242 499 1257 528 ⁸
1291 507 1577 563 numquam
1598 487 2085 561 quzeramns,Quis,

505 611 559 654 et
590 597 745 654 unde.
774 596 907 651 Nam
945 592 988 648 si
1017 586 1316 661 patriarcha
1352 586 1408 639 in
1435 583 1670 652 rogando
1700 580 1888 632 fuisset
1914 578 2090 632 curio-

506 707 633 758 sns,
662 689 800 743 forte
829 691 1118 756 peccasset:
1144 679 1250 734 Sed
1278 676 1513 737 sciebat,
1547 671 1755 741 inquis,
1796 670 2086 758 advenien-

507 783 638 833 tittm
664 777 993 846 dignitatem.
1017 769 1167 826 Unde
1212 771 1312 820 hoc
1342 765 1432 820 tibi
1467 762 1664 831 liquet?
1695 757 1970 826 Quomodo
1996 770 2088 808 au-

507 881 618 926 tem
645 872 687 924 si
719 870 789 922 ita
822 875 983 928 esset,
1017 858 1351 916 admirationi
1381 854 1602 910 luisset?
1628 853 1809 920 Neque
1843 850 1985 904 etaim
2013 848 2090 902 sic

506 960 818 1017 admirabile
861 956 1045 1010 fuisset
1072 993 1086 1008 .
1116 953 1161 1008 si
1189 945 1526 1019 suscipiendo
1557 944 1793 1014 hospites
1829 937 2091 994 curiosius

508 1053 840 1119 explorasset
866 1046 954 1114 qui
985 1051 1186 1103 essent,
1217 1041 1354 1093 sicut
1383 1051 1520 1090 nunc
1545 1049 1669 1088 cum
1697 1032 1948 1101 ignorans
1975 1028 2092 1097 qui-

510 1117 632 1194 nam
673 1135 1019 1196 advenerim,
1055 1140 1198 1183 tanta
1243 1126 1515 1180 alacritate
1553 1133 1607 1177 et
1647 1123 1849 1175 honore
1891 1117 2093 1171 accedit

508 1228 656 1297 quasi
688 1239 875 1278 servus
920 1223 984 1275 ad
1027 1219 1305 1279 dominos,
1338 1215 1554 1282 suisque
1596 1211 1775 1264 verbis
1813 1220 2093 1278 propemo-

507 1320 631 1371 dum
656 1315 862 1369 vincula
894 1312 1091 1382 injicit,
1120 1318 1174 1362 et
1202 1307 1463 1375 supplicat
1494 1305 1570 1358 eis
1591 1343 1607 1366 ,
1637 1313 1691 1354 ut
1720 1316 1787 1354 ne
1829 1305 2048 1352 renuant
2072 1333 2089 1359 ,

510 1424 682 1478 neque
708 1421 767 1462 se
791 1405 1021 1459 maximo
1045 1402 1242 1454 damno
1276 1397 1529 1450 afﬁciant.
1550 1392 1763 1448 Sciebat
1791 1390 1933 1443 enim
1965 1386 2091 1455 quid

510 1489 740 1556 faceret:
778 1504 990 1565 propter
1037 1491 1139 1546 hoc
1163 1504 1355 1557 magno
1382 1501 1504 1540 cum
1533 1483 1722 1537 ardore
1752 1480 1977 1533 fructum
2003 1491 2096 1531 cn-

513 1588 722 1655 piosum
764 1582 1105 1655 percipiebat.
1140 1579 1242 1635 Sed
1284 1578 1561 1630 audiamus
1602 1571 1759 1626 verba
1815 1567 2092 1637 scriptoris

511 1679 674 1746 ip-ius
698 1716 714 1740 ,
747 1684 801 1728 ut
838 1676 1015 1726 videas
1044 1672 1096 1724 in
1138 1678 1372 1723 extrema
1409 1673 1622 1720 senecta
1663 1660 1953 1731 juvenilcm
1981 1659 2094 1710 ala-

510 1771 772 1830 critatem,
814 1777 866 1818 et
903 1776 1083 1816 senem
1129 1759 1278 1828 quasi
1327 1756 1578 1825 juvenem
1621 1751 2009 1811 exsultantem,
2039 1755 2093 1800 et

520 1867 788 1925 putantem
817 1869 874 1908 se
918 1853 1184 1905 invenisse
1219 1849 1529 1902 thesaurum
1569 1844 1881 1911 quemdam,
1915 1839 2092 1905 hospi-

511 1959 620 2000 tum
639 1959 827 2015 nempe
846 1943 1152 1997 adventum.
1170 1940 1224 1992 2.
1249 1938 1466 1992 Eteoelis
1487 1945 1672 1997 autem,
1699 1933 1885 2001 inquit,
1911 1931 2089 1993 oculis,

511 2037 650 2102 ridit,
672 2047 717 2088 et
732 2050 842 2088 ecce
865 2045 962 2087 tres
980 2033 1072 2084 viri
1087 2039 1323 2084 steterunt
1345 2043 1499 2096 supra
1525 2041 1637 2079 eum
1661 2039 1678 2076 :
1702 2034 1747 2077 et
1773 2033 1824 2074 ut
1850 2022 1990 2083 vidit,
2016 2037 2090 2073 oc-

510 2129 667 2180 currit
685 2130 736 2178 in
761 2141 1020 2179 occursum
1044 2124 1115 2175 eis
1141 2123 1202 2174 ab
1227 2121 1352 2172 ostio
1374 2115 1679 2171 tabernaculi
1704 2116 1802 2167 sui.
1817 2112 2013 2175 Currit,
2041 2121 2093 2163 et

510 2221 652 2272 Volat
678 2233 841 2273 senex
864 2235 877 2268 ε
912 2216 1040 2268 vidit
1076 2214 1218 2268 enim
1245 2210 1479 2281 praedam
1501 2223 1657 2274 quam
1681 2205 1969 2258 venabatur
1989 2244 2004 2263 ,
2041 2212 2094 2254 et

510 2308 650 2361 nulla
711 2304 1029 2360 inﬁrmitatis
1073 2317 1183 2356 sine
1236 2301 1445 2354 ratione
1500 2296 1712 2355 habita,
1745 2294 1811 2347 ad
1855 2297 2093 2344 venatio-

510 2413 632 2450 nem
661 2397 894 2449 cucnrrit
923 2410 938 2448 :
971 2408 1075 2446 non
1109 2390 1311 2444 vocavit
1343 2386 1587 2446 famulos.
1619 2399 1789 2453 neque
1815 2382 2093 2450 imperavit

509 2501 694 2554 puero,
727 2484 959 2552 nihilque
996 2479 1301 2535 rusticitatis
1343 2493 1514 2546 neque
1542 2475 1758 2529 desidiae
1786 2477 1980 2540 prm’se
2013 2481 2093 2522 tu-

509 2579 589 2640 lit,
617 2576 708 2631 sed
730 2579 840 2644 ipse
864 2573 1128 2629 cucurrit:
1157 2571 1305 2641 quasi
1328 2570 1546 2629 diceret,
1576 2567 1788 2635 Magnus
1813 2565 2094 2618 thesaurus

508 2678 589 2720 cst
610 2709 625 2729 ,
657 2681 844 2736 magna
886 2665 1206 2735 negotiatio:
1239 2677 1331 2731 per
1366 2658 1737 2723 memetipsum
1779 2655 1914 2708 hanc
1946 2669 2090 2707 mer-

508 2773 629 2811 cem
662 2757 857 2810 inferre
885 2756 1076 2819 debeo,
1106 2770 1171 2808 ne
1197 2753 1436 2806 elabatur
1464 2749 1590 2802 mihi
1625 2755 1827 2799 tantum
1859 2746 2087 2798 lucrum.

513 2849 578 2902 Et
605 2849 716 2902 Itzrc
760 2847 980 2903 faciebat
1009 2850 1202 2915 justus,
1229 2845 1470 2898 homines
1499 2842 1753 2896 obscuros
1783 2849 1835 2893 et
1865 2841 2093 2893 viatores

509 2941 782 3008 suscipere
810 2954 869 2993 se
891 2939 1219 2992 existimans.

580 3031 632 3083 4.
664 3030 743 3082 Ad
772 3029 1156 3098 hospitalitatem
1184 3027 1427 3078 hortatur.
1462 3022 1662 3076 Laudat
1701 3019 2090 3090 hospitalitatem

513 3120 748 3179 Abrahc,
780 3119 920 3170 illam
945 3115 1248 3170 a'nmlationi
1274 3123 1455 3166 nostra:
1483 3128 1784 3180 proponens.
1815 3140 1884 3149 —
1917 3110 2093 3163 Iliaca-

519 3224 640 3263 mtts
665 3218 717 3262 et
749 3223 864 3271 nos,
902 3221 963 3261 ac
994 3205 1264 3259 imitemur
1299 3203 1428 3272 justi
1460 3203 1729 3254 virtutem.
1764 3200 1894 3252 Nam
1921 3201 1962 3252 si
1991 3197 2094 3251 hoc

514 3298 793 3353 fecerimus
812 3338 825 3359 ,
853 3295 1140 3349 verisimile
1166 3302 1248 3347 est
1284 3303 1336 3345 et
1376 3306 1473 3344 nos
1515 3288 1801 3358 aliquando
1831 3288 2090 3356 ejusmodi

511 3389 688 3457 praula
734 3387 1027 3456 potitnros;
1061 3384 1167 3436 imo
1194 3396 1405 3448 semper
1443 3378 1806 3445 assequimur,
1837 3377 1882 3429 si
1921 3386 2093 3428 atten-

507 3480 702 3533 dimus.
729 3476 810 3530 0b
836 3475 981 3528 illam
1010 3474 1152 3526 ettim
1181 3485 1397 3524 causam
1424 3470 1683 3536 benignus
1723 3468 2003 3527 Dominus,
2032 3475 2093 3519 ut

509 3585 578 3623 ne
608 3569 672 3620 ad
700 3567 856 3620 talem
884 3563 1266 3630 benignitatem
1292 3574 1480 3628 segnes
1510 3559 1695 3618 simus,
1721 3572 1892 3624 neque
1919 3557 2093 3609 curio-

507 3659 620 3712 sius
660 3673 752 3710 cos
782 3656 870 3724 qtti
912 3653 1198 3708 adveniunt
1228 3660 1548 3712 scrutemur,
1580 3647 1746 3715 inquit
1776 3663 1790 3698 :
1821 3645 1920 3709 Qui
1945 3662 2087 3698 arce-

511 3749 638 3815 perit
668 3761 822 3797 unum
851 3760 912 3797 e1:
950 3743 1026 3794 his
1064 3740 1281 3793 minimis
1325 3740 1376 3790 in
1408 3739 1605 3788 nomine
1643 3751 1770 3799 meo,
1802 3750 1878 3785 me
1913 3735 2093 3800 accipit

511 3837 734 3906 (Matth.
767 3837 851 3889 18.
880 3835 955 3902 5).
984 3833 1060 3886 Nc
1104 3832 1260 3901 igitur
1301 3830 1364 3882 ad
1409 3830 1664 3881 vilitatem
1721 3827 2091 3894 prattcreuntis

511 3935 740 3996 spectes,
773 3939 941 3993 neque
967 3939 1029 3976 ex
1064 3923 1128 3974 iis
1155 3937 1271 3989 qure
1295 3918 1442 3972 vides
1468 3918 1626 3971 vilem
1653 3931 1771 3970 esse
1798 3927 1965 3983 putes,
1997 3914 2088 3966 5rd

511 4017 683 4086 cogita
738 4027 788 4068 te.
851 4030 945 4082 per
1006 4013 1220 4078 ipsum,
1271 4009 1554 4062 Dominum
1607 4004 1751 4058 tuum
1798 4007 2085 4074 suscipere.

511 4105 735 4171 Quando
764 4105 906 4156 enim
941 4110 1158 4168 propter
1185 4101 1298 4167 ejus
1339 4112 1531 4151 nomen
1563 4095 1913 4149 ministerium
1945 4104 2091 4147 tuum

513 4196 566 4248 in
596 4195 740 4246 illum
768 4189 1073 4246 exhibueris
1097 4230 1112 4252 ,
1145 4188 1444 4240 mercedem
1475 4186 1703 4253 accipies
1724 4225 1739 4245 ,
1780 4199 1842 4236 ac
1873 4184 1915 4236 si
1948 4183 2093 4236 illum

513 4282 857 4348 suscepisses.
893 4281 1040 4339 Esto,
1064 4279 1133 4329 sit
1171 4277 1328 4329 deses
1356 4285 1407 4328 et
1439 4273 1833 4343 ttegligcutioris
1857 4273 1978 4326 vita:
2005 4273 2095 4340 qui

514 4385 600 4426 tua
635 4373 819 4425 Irnitur
865 4372 1223 4438 benignitate,
1253 4384 1357 4420 non
1400 4366 1468 4418 sit
1515 4367 1603 4419 tibi
1648 4365 1761 4433 ejus
1811 4365 1886 4418 rei
1918 4380 2044 4418 cura
2079 4383 2092 4417 ε

514 4465 669 4530 plena
696 4463 838 4514 cnim
862 4461 952 4516 tibi
978 4471 1033 4514 et
1061 4459 1290 4528 perlecta
1324 4471 1529 4511 merces
1555 4456 1785 4518 dabitur,
1814 4457 1862 4506 in
1889 4455 2094 4508 Domini

518 4553 772 4605 honorent
819 4551 917 4603 hoc
957 4550 1200 4612 facienti,
1233 4559 1286 4600 et
1311 4547 1534 4600 imitanti
1578 4545 1892 4612 patriarcha:
1935 4543 2098 4595 \irtu-

523 4652 648 4695 tem.
688 4639 748 4692 Et
777 4651 827 4691 ut
858 4639 997 4700 vidit,
1033 4638 1218 4706 inquit.
1264 4637 1478 4688 accurrit
1520 4636 1570 4686 in
1614 4649 1874 4685 occursum
1922 4634 1991 4684 eis
2037 4631 2096 4683 ab

516 4734 642 4785 ostio
665 4730 986 4783 tabernaculi.
1017 4731 1156 4782 Bene
1186 4740 1236 4780 et
1269 4727 1368 4780 hoc
1409 4727 1656 4787 verbum,
1683 4724 1908 4777 Accurrit
1928 4764 1940 4781 ,
1966 4737 2099 4791 qua-

516 4822 657 4888 drat,
683 4834 738 4876 ut
754 4823 927 4876 discas
944 4837 1036 4874 cos
1051 4822 1196 4889 quasi
1226 4820 1434 4887 ignotos
1456 4817 1792 4886 prattcriisse.
1813 4824 1984 4868 etnon
2006 4827 2099 4866 sua

519 4924 710 4981 sponte
740 4913 803 4964 ad
836 4911 1233 4965 tabernaculum
1260 4909 1491 4961 venisse.
1524 4907 1842 4974 Proptetea,
1873 4920 1940 4956 ne
1971 4903 2097 4956 Sub-

525 5005 810 5071 terfugeret
833 5017 954 5056 eum
982 5003 1253 5069 spirituale
1296 4999 1393 5052 hoc
1426 4999 1630 5050 lucrum
1650 5037 1663 5060 ,
1686 4994 1774 5065 qui
1820 5003 2063 5048 scnnerat
2084 5034 2099 5056 ,

522 5094 852 5151 ine-ument,
877 5101 932 5145 et
956 5091 1291 5145 cctttenatius
1312 5097 1446 5152 erat,
1475 5086 1790 5146 accurrit,et
1817 5100 1972 5139 cursu
1995 5082 2104 5135 ala-

519 5184 762 5238 critatcm
776 5183 1023 5238 declarat.
1047 5182 1108 5234 Et
1126 5181 1439 5248 conspicatus
1449 5194 1552 5238 eos,
1575 5177 1763 5246 inquit,
1779 5176 2017 5228 adorabat
2031 5191 2106 5226 su-

531 5288 624 5340 per
635 5283 840 5334 terram,
864 5273 913 5326 3.
936 5281 979 5324 et
1005 5273 1130 5324 dixit
1150 5287 1168 5323 :
1194 5269 1430 5332 Domine,
1457 5267 1501 5321 si
1529 5268 1691 5319 iuveni
1706 5266 1918 5337 gratiam
1939 5279 2108 5316 coram

524 5375 598 5426 te,
628 5380 686 5414 ne
707 5373 930 5416 transeas
968 5378 1159 5414 servum
1200 5373 1358 5413 tuum.
1388 5361 1440 5412 4.
1467 5359 1708 5411 Sumatur
1732 5373 1851 5409 sane
1878 5371 2029 5422 aqua,
2061 5365 2105 5406 et

526 5453 688 5503 favent
739 5454 884 5519 pedes
914 5461 1100 5504 vestros
1119 5492 1131 5510 .
1166 5462 1210 5502 ct
1237 5447 1603 5518 refrigeramini
1643 5447 1732 5497 sub
1761 5444 1958 5504 arbore,
1985 5446 2036 5495 ὅ.
2062 5452 2107 5495 et

512 5541 766 5608 accipiam
796 5561 970 5609 panem
991 5585 1004 5606 ,
1051 5553 1094 5595 et
1124 5541 1419 5603 comedetis,
1449 5547 1496 5591 et
1521 5537 1724 5606 posthac
1759 5536 2073 5605 praterihitis
2094 5575 2106 5595 ,

522 5735 552 5783 ἀ
588 5677 600 5704 ⁸
642 5682 687 5721 tn
711 5676 849 5726 Savil.
889 5685 936 5726 et
961 5687 1162 5741 quatuor
1188 5683 1290 5726 Mss.
1318 5675 1393 5722 ha:
1420 5685 1580 5722 tores.
1611 5670 1807 5728 hortatio
1829 5669 2073 5730 excepturi
2095 5709 2106 5729 ,

561 5745 716 5782 esurit.

561 5745 716 5782 εδιιηι.

1251 388 1308 444 S.
1349 381 1628 442 JOANNIS
1662 375 2144 436 CIIRYSOSTOMI
2186 372 2501 432 ARCHIEP.
2542 370 3078 429 CONSTANTINOP.

3679 369 3784 425 380

2195 486 2340 554 cujus
2368 483 2533 552 gratia
2560 482 2846 535 declinastis
2866 481 2933 535 ad
2958 497 3155 534 servum
3181 489 3416 534 vestrum.
3453 479 3626 532 Verba
3657 480 3786 548 justi

2194 573 2435 626 sublimia
2467 572 2620 625 valde
2655 581 2794 625 sunt.
2823 571 3006 641 Neque
3038 579 3238 624 tantum
3279 568 3614 634 miraculum,
3644 571 3786 638 quod

2193 676 2288 715 cos
2316 661 2632 730 susceperit,
2663 670 2914 729 quantum
2960 659 3099 728 quod
3139 674 3258 712 cum
3300 667 3442 712 tanta
3469 658 3746 713 alacritate
3769 699 3787 723 ,

2193 759 2249 804 et
2267 750 2464 814 studio,
2492 761 2543 804 et
2574 766 2678 804 non
2702 758 2899 804 attenta
2925 758 3016 802 aut
3043 764 3156 811 sua,
3177 758 3269 802 aut
3291 763 3500 813 eorum,
3519 748 3606 817 qui
3627 748 3791 802 adve-

2196 851 2386 895 nerant
2409 881 2424 905 ,
2455 849 2610 894 :etate
2639 858 2656 892 :
2687 855 2807 893 nam
2855 840 3095 892 fortassis
3136 839 3453 894 videbantur
3490 839 3588 909 ipsi
3624 838 3788 908 juve-

2195 945 2329 994 nes;
2367 945 2537 1000 neqne
2575 929 2893 984 existimavit
2925 928 3174 983 sufficere
3213 938 3268 982 ut
3309 929 3486 983 verbis
3513 927 3794 983 dumtaxat

2194 1020 2568 1074 adhortaretur
2597 1062 2610 1084 ,
2643 1020 2934 1084 Adorabat,
2971 1018 3158 1086 inquit,
3201 1034 3353 1087 super
3376 1028 3559 1070 terram
3586 1034 3607 1072 :
3635 1020 3789 1088 quasi

2194 1111 2496 1178 supplicans
2521 1152 2535 1175 ,
2565 1119 2620 1164 et
2659 1108 2926 1162 efﬁcacem
2965 1107 3389 1161 exhortationem
3441 1108 3689 1169 alierens,
3733 1116 3792 1162 ut

2196 1216 2264 1255 ne
2292 1210 2567 1270 putaretur
2586 1201 2943 1270 perfunctorie
2968 1197 3261 1253 adhortari.
3283 1199 3347 1251 Et
3376 1197 3574 1251 idcirco
3601 1197 3788 1251 divina

2197 1290 2469 1359 Scriptura
2494 1300 2796 1344 monstrans
2822 1291 2974 1343 nobis
2996 1289 3121 1356 justi
3154 1289 3401 1342 virtutem
3436 1287 3784 1352 inell'ahilem,

2197 1383 2396 1452 inquit.
2422 1379 2676 1434 Adorabat
2715 1396 2866 1447 super
2895 1389 3101 1438 terram,
3131 1388 3181 1430 et
3229 1379 3482 1446 gestibus,
3514 1386 3562 1429 et
3612 1377 3791 1430 verbis

2196 1487 2444 1540 maguum
2499 1470 2790 1534 fervorem,
2840 1469 3106 1536 egregiam
3163 1467 3325 1520 animi
3391 1465 3786 1530 humilitatem,

2196 1578 2457 1616 smumam
2493 1560 2902 1628 hoSpitalitatem
2947 1567 3000 1612 et
3029 1558 3344 1610 immensam
3372 1555 3786 1610 sollicitudinem

2194 1652 2517 1706 declarabat.
2553 1650 2762 1704 Etcum
2795 1651 3090 1708 adorasset.
3121 1650 3312 1717 inquit,
3339 1649 3466 1700 dixit
3497 1649 3786 1711 :_Domine,

2195 1744 2239 1796 si
2265 1743 2430 1796 inueni
2460 1741 2673 1811 gratiam
2703 1757 2872 1794 coram
2904 1750 2981 1801 te,
3007 1756 3069 1792 ne
3089 1749 3356 1808 prteterms
3386 1755 3584 1791 servum
3620 1749 3784 1792 tuum.

2199 1834 2327 1900 QnEs
2354 1849 2447 1902 pro
2475 1832 2733 1902 dignitate
2780 1831 3070 1883 laudaverit
3108 1828 3310 1897 justum
3360 1828 3541 1881 hunc?
3569 1828 3648 1883 vel
3680 1843 3790 1897 quo

2199 1919 2352 1996 pacto
2393 1941 2514 1979 eum
2541 1925 2660 1993 quis
2689 1923 2980 1978 innumeris
3009 1923 3169 1974 etiam
3209 1921 3360 1974 labiis
3387 1920 3634 1989 praedicet
3653 1921 3679 1972 ἲ
3703 1919 3792 1972 lti-

2200 2032 2324 2071 cere
2352 2016 2517 2078 enim,
2542 2012 2778 2074 Domine,
2812 2027 2914 2064 non
2945 2011 3137 2064 insoliti
3172 2018 3252 2064 est
3288 2024 3415 2062 ttstts
3439 2025 3454 2074 ;
3483 2008 3662 2064 dicere
3686 2023 3789 2063 an-

2199 2118 2326 2168 tem.
2357 2106 2417 2161 Si
2446 2106 2612 2159 inveni
2638 2105 2851 2175 gratiam
2880 2103 2930 2155 in
2976 2103 3137 2155 oculis
3169 2102 3288 2166 tuis,
3318 2100 3419 2154 hoc
3443 2109 3524 2156 est
3551 2099 3788 2154 admira-

2199 2197 2322 2251 bile.
2357 2197 2700 2256 Benellcium,
2732 2193 2920 2261 inquit,
2951 2192 3069 2256 das,
3098 2208 3202 2244 non
3233 2191 3454 2260 accipis.
3481 2190 3616 2245 Vere
3643 2192 3788 2245 cniut

2199 2287 2498 2356 bujusmodi
2546 2301 2633 2340 res
2682 2284 3012 2353 hospitalitas
3059 2292 3175 2350 est,
3226 2298 3329 2349 qua
3378 2282 3545 2350 magis
3596 2283 3793 2353 accipit

2198 2393 2354 2446 quam
2382 2377 2491 2439 dat,
2524 2377 2612 2444 qui
2660 2376 2802 2428 illam
2836 2383 3076 2443 prompte
3103 2383 3156 2428 et
3185 2374 3430 2426 alacriter
3459 2383 3691 2427 exercet.
3724 2377 3792 2428 At

2199 2483 2266 2522 ne
2292 2469 2410 2535 quis
2438 2467 2738 2520 auditorum
2779 2465 2904 2534 justi
2941 2466 3185 2517 virtutem
3219 2464 3483 2527 minuens,
3515 2463 3791 2518 existimet

2196 2573 2316 2612 eum
2344 2572 2567 2625 gnarum
2607 2557 2791 2624 quales
2823 2556 2895 2608 illi
2929 2556 3140 2616 fuerint,
3179 2555 3290 2608 ba‘c
3321 2555 3592 2623 loquutum
3619 2569 3742 2609 esse
3769 2572 3782 2604 :

2197 2662 2371 2716 neque
2395 2646 2558 2708 enim,
2580 2655 2636 2698 ut
2661 2660 2803 2713 sa-pe
2824 2645 2981 2697 etiam
3011 2646 3210 2698 dictum
3239 2652 3338 2705 est,
3359 2659 3604 2712 magnum
3630 2645 3788 2711 quid-

2137 2733 2143 2738 ⁷
2195 2735 2317 2789 dam
2342 2736 2447 2789 tale
2465 2734 2668 2799 fuisset,
2702 2737 2743 2786 si
2777 2735 2953 2787 sciens
2979 2733 3197 2786 dixisset
3228 2750 3242 2796 ;
3271 2733 3363 2786 sed
3395 2733 3708 2787 admirabile
3735 2744 3790 2789 ct

2197 2828 2513 2895 stupcmlum
2543 2837 2646 2890 est,
2673 2841 2791 2879 cum
2814 2826 2960 2893 quasi
2986 2824 3228 2878 homines
3254 2825 3633 2893 alloqucntem,
3659 2828 3785 2880 talia

2199 2917 2359 2971 verba
2392 2917 2554 2984 loqui.
2581 2916 2655 2968 Ne
2678 2915 2956 2968 admireris
2981 2924 3177 2975 autem,
3197 2914 3332 2983 quod
3358 2929 3477 2968 cum
3504 2923 3612 2968 tres
3632 2930 3792 2970 exce-

2199 3010 2354 3076 perit,
2378 3007 2440 3058 ad
2475 3021 2631 3059 unum
2661 3022 2718 3058 sc
2746 3014 3025 3058 converter
3048 3015 3066 3056 t
3088 3007 3285 3072 justus,
3314 3005 3520 3072 dicens,
3550 3004 3788 3062 Domine.

2198 3098 2462 3152 Fortassis
2490 3099 2629 3151 enim
2675 3113 2808 3149 unus
2848 3097 3104 3150 illustrior
3130 3098 3338 3150 caeteris
3363 3097 3651 3166 apparebat
3675 3139 3689 3160 ,
3718 3097 3786 3152 ad

2197 3205 2352 3257 quem
2397 3187 2818 3242 exhortationem
2871 3201 3020 3239 suam
3068 3189 3349 3240 convertit.
3373 3186 3573 3241 Deinde
3607 3198 3787 3242 autem

2198 3293 2319 3330 cum
2345 3277 2699 3344 progreditur,
2726 3291 3059 3330 communem
3091 3276 3215 3329 facit
3240 3292 3540 3330 sermonem
3566 3318 3580 3338 ,
3614 3288 3667 3330 et
3694 3279 3780 3332 in-

2198 3367 2309 3434 quit
2334 3385 2347 3417 ;
2371 3366 2615 3419 Sumatur
2634 3381 2784 3434 aqua,
2812 3375 2857 3417 et
2879 3365 3043 3417 lavent
3071 3367 3220 3434 pedes
3247 3375 3430 3419 vestros
3449 3382 3467 3419 :
3489 3376 3543 3420 et
3574 3368 3788 3433 iterum,

2199 3457 2587 3528 Refrigeramiui
2611 3461 2701 3511 sub
2726 3456 2922 3521 arbore,
2943 3466 2990 3510 et
3017 3458 3282 3510 comedetis
3311 3475 3509 3526 partem,
3535 3469 3578 3510 et
3611 3469 3787 3526 postea

2197 3549 2492 3612 transibitis,
2529 3548 2672 3616 cujus
2701 3547 2863 3617 gratia
2890 3546 3176 3600 declinastis
3201 3548 3269 3598 ad
3296 3565 3504 3616 puerum
3543 3560 3785 3601 vestrum.

2199 3638 2359 3691 Vides
2401 3637 2668 3707 quonmdo
2711 3639 2958 3706 ignorans
2994 3639 3082 3707 qui
3124 3639 3224 3691 sint
3250 3679 3265 3702 ,
3295 3641 3443 3700 quasi
3486 3639 3792 3695 hominibus

2198 3729 2418 3796 loquens
2449 3728 2862 3788 transeuntibus,
2895 3727 2963 3779 ita
2996 3729 3260 3781 communi
3290 3728 3661 3782 exhortatione
3684 3731 3789 3782 uti-

2199 3829 2303 3880 tur,
2348 3819 2510 3872 semel
2556 3827 2714 3886 atque
2749 3820 2937 3871 iterum
2981 3833 3189 3872 servum
3221 3835 3278 3873 se
3309 3821 3544 3872 vocans?
3571 3822 3633 3872 lit
3667 3820 3792 3875 vide

2197 3907 2464 3976 quomodo
2517 3907 2755 3974 przedicit
2800 3917 2853 3960 et
2896 3922 3094 3961 meusm
3137 3923 3246 3961 sua:
3295 3909 3603 3962 tenuitatem
3637 3951 3652 3973 ,
3681 3911 3792 3961 imo

2197 3997 2444 4051 lautitias.
2490 3997 2764 4062 Sumatur,
2799 3999 2998 4067 inquit,
3043 4016 3203 4066 aqua,
3237 4009 3280 4051 et
3309 4002 3471 4052 latrent
3517 4002 3666 4069 pedes
3711 4018 3795 4054 uc-

2196 4101 2325 4142 stros
2349 4132 2364 4152 ,
2408 4101 2452 4142 et
2495 4091 2861 4160 refrigerantini
2903 4093 2994 4143 sub
3031 4092 3226 4144 arbore.
3256 4093 3388 4159 Quia
3419 4095 3561 4148 enim
3592 4095 3791 4162 fatigati

2197 4183 2348 4243 estis,
2372 4190 2425 4233 et
2449 4183 2670 4234 multum
2701 4183 2892 4235 tulistis
2912 4192 3122 4246 a‘stnm,
3147 4183 3267 4237 ideo
3294 4199 3390 4237 oro
3408 4201 3473 4238 ne
3503 4196 3793 4254 prarterca-

2206 4272 2271 4323 tis
2301 4287 2512 4325 servum
2543 4284 2799 4325 vestrum.
2828 4274 2962 4327 Num
2993 4277 3133 4327 enim
3160 4292 3406 4345 magnum
3435 4278 3684 4345 quiddam
3708 4289 3793 4332 est

2204 4362 2253 4414 id
2281 4361 2420 4430 quod
2455 4375 2555 4430 ego
2593 4362 2864 4415 exhibeo?
2904 4366 3105 4432 Aquam
3143 4365 3291 4417 vobis
3325 4366 3493 4419 solum
3538 4379 3793 4434 prmstare

2203 4467 2439 4519 possum,
2473 4468 2573 4519 qua
2615 4453 2734 4505 lotis
2775 4453 2996 4520 pcdibns
3025 4455 3217 4507 vestris
3247 4453 3345 4506 sub
3371 4455 3560 4508 arbore
3602 4455 3792 4524 fatiga-

2203 4541 2399 4593 tionem
2433 4541 2729 4606 deponatis.
2766 4541 2985 4609 Insuper
3028 4551 3081 4595 et
3122 4557 3320 4596 mensa:
3361 4544 3489 4597 dicit
3531 4547 3788 4613 speciem.

2204 4630 2278 4684 Ne
2307 4630 2530 4697 putetis,
2561 4631 2723 4699 inquit
2750 4672 2764 4693 ,
2791 4647 2875 4684 me
2901 4631 3178 4699 splendida
3208 4633 3357 4686 vobis
3386 4637 3790 4702 appositurum,

2205 4721 2287 4773 vel
2308 4720 2766 4772 condimentorum
2792 4721 3173 4784 diversitatem,
3203 4723 3284 4776 vel
3315 4725 3658 4790 Opsoniornm
3699 4742 3793 4776 va—

2207 4811 2445 4862 rietatem
2481 4828 2492 4860 :
2525 4825 2711 4875 panem
2750 4811 3058 4874 comedetis,
3089 4824 3141 4866 et
3181 4814 3258 4868 sic
3285 4813 3617 4881 Transibitis,
3647 4819 3794 4884 cujus

2207 4903 2371 4972 gratia
2392 4903 2677 4954 decliuastis
2699 4903 2764 4953 ad
2792 4919 2989 4954 servum
3020 4913 3253 4956 vestrum.

2281 4994 2331 5046 5.
2380 4993 2562 5045 Vidisti
2593 4994 2859 5061 quomodo
2905 4995 3063 5045 variis
3106 4995 3274 5046 utitur
3319 4995 3512 5059 modis,
3545 4997 3793 5064 precibus

2211 5085 2422 5139 vincere
2450 5093 2847 5151 praetereuntes,
2876 5093 2928 5134 ct
2953 5085 3210 5151 gestibus,
3237 5095 3290 5138 et
3313 5087 3507 5148 verbis,
3535 5097 3586 5140 et
3608 5090 3794 5155 quavis

2211 5177 2417 5228 ratione
2451 5173 2717 5226 attrahere
2751 5188 2843 5226 eos
2872 5173 3089 5226 volens?
3118 5173 3350 5227 Primum
3397 5177 3558 5242 enim,
3602 5177 3791 5245 inquit,

2213 5266 2469 5328 adoravit,
2499 5265 2692 5318 deinde
2713 5264 2959 5317 dominos
2985 5274 3159 5327 vocat,
3183 5277 3234 5318 et
3255 5283 3311 5319 se
3343 5267 3512 5335 ipsum
3543 5284 3755 5322 servum
3778 5287 3792 5329 ;

2215 5365 2396 5425 postea
2427 5357 2552 5409 dicit
2575 5371 2692 5424 quae.
2737 5354 2839 5407 illis
2865 5354 3197 5408 exhibiturus
3236 5356 3323 5419 sit,
3371 5370 3664 5411 extenuans
3704 5374 3792 5411 res

2214 5455 2269 5499 ct
2297 5446 2443 5498 nihili
2465 5460 2583 5499 esse
2605 5445 2924 5512 signiﬁcans.
2951 5445 3036 5497 Ait
3057 5446 3220 5507 enim,
3248 5448 3449 5513 Aquam
3473 5449 3607 5500 banc
3631 5448 3795 5500 omni-

2219 5538 2314 5590 bus
2339 5536 2633 5603 eXpositam
2674 5534 2842 5587 habeo
2871 5534 2934 5587 ad
2979 5534 3229 5589 lavandos
3272 5537 3451 5604 pedes,
3485 5547 3538 5591 et
3580 5553 3792 5606 panem,

2219 5638 2271 5682 ct
2293 5637 2489 5680 tectum
2517 5626 2583 5677 ab
2612 5627 2819 5678 arbore.
2849 5625 2924 5681 Nc
2950 5628 3328 5695 parvifeceritis
3350 5645 3525 5683 meum
3561 5630 3796 5683 taberna-

2222 5721 2417 5779 culum,
2470 5732 2534 5770 ne
2565 5717 2912 5784 despcxeritis
2957 5729 3303 5784 senectutem,
3348 5735 3410 5771 ne.
3455 5722 3686 5773 renuatis
3728 5720 3795 5771 ad
