4058 6386
363 367 459 422 5⁸³1

359 481 480 552 νῆν,
510 476 586 547 μὴ
617 473 903 545 ὑπερίδητέ
938 471 1088 545 [418]
1123 491 1225 544 μου
1252 473 1315 526 :6
1344 473 1546 547 γῆρας,
1588 472 1662 545 μὴ
1696 473 2030 545 ἀνανεύσητε

362 565 500 638 πρὸς
528 565 627 633 τὴν
654 563 793 636 ἐμὴν
822 563 1188 635 παράκλησιν.
1226 558 1355 615 Οἶδα
1381 563 1516 631 ὅσην
1561 561 1890 631 ὑπεμείνατε
1938 581 2034 616 τα-

359 650 689 722 λαιπωρίαν,
726 651 1059 722 στοχάζομαι
1110 648 1206 702 τοῦ
1239 649 1519 711 καύσωνος
1566 646 1664 718 τήν
1717 647 1911 717 φλόγα,
1946 649 2034 703 διὰ

354 739 516 794 τοῦτο
544 739 798 811 ἀνεθῆναι
831 739 1025 811 μικρὸν
1063 738 1210 808 ὑμᾶς
1243 737 1524 808 βούλομαι.
1555 737 1712 798 Ποῖος
1737 738 1920 808 πατὴρ
1947 755 2034 806 φι-

356 827 647 898 λόστοργος
698 827 833 898 πρὸς
879 825 1043 878 παῖδα
1070 837 1094 866 ⁸
1132 827 1400 896 τοσαύτην
1427 824 1494 877 ἂν
1539 823 1850 887 ἐπεδείξατο
1883 824 2031 892 φιλο-

354 911 653 982 φροσύνην,
680 913 811 982 ὅσην
830 904 984 974 οὗτος
1015 911 1150 982 πρὸς
1178 912 1304 975 τοὺς
1329 910 1578 979 ἀγνῶτας
1599 907 1694 963 καὶ
1721 908 1924 974 ξένους,
1943 909 2034 961 καὶ

355 997 655 1067 οὐδαμόθεν
711 996 862 1065 αὐτῷ
916 997 1054 1062 τέως
1096 997 1446 1069 γνωρίμουςς
1500 995 1641 1048 Ἀλλ’
1677 996 1867 1067 ἐπειδὴ
1897 994 2034 1065 μετὰ

355 1084 597 1155 σπουδῆς
624 1083 896 1155 προσῆλθε
937 1083 1032 1138 καὶ
1067 1083 1259 1137 πολλοῦ
1293 1082 1387 1136 τοῦ
1432 1082 1588 1136 τόνου
1610 1121 1624 1147 ,
1678 1082 1906 1153 ἐπέτυχε
1935 1082 2035 1152 τῆς

355 1170 553 1240 ἄγρας.
573 1172 664 1224 καὶ
690 1169 790 1242 τὴν
817 1170 991 1242 θήραν
1020 1170 1152 1224 είσω
1172 1170 1281 1222 τῶν
1300 1168 1534 1223 δικτύων
1561 1168 1748 1223 λαϐεῖν
1767 1167 2029 1239 ἠδυνήθη.

357 1256 467 1310 Καί
493 1253 691 1321 εἷπον,
734 1258 920 1326 φησὶν,
950 1257 1116 1310 Οὕτω
1165 1255 1518 1326 ποιήσομεν,
1569 1255 1722 1311 καθὰ
1766 1256 2029 1324 ειρηκας.

371 1341 818 1412 Ἀνεζωπύρησεν
846 1343 875 1395 6
903 1341 1234 1413 πρεσϐύτης.
1281 1343 1370 1396 Ἐν
1392 1341 1573 1413 χερσὶ,
1605 1342 1792 1412 φησὶν,
1816 1341 1924 1411 ἔχω
1942 1341 2035 1394 τὸν

357 1426 652 1497 θησαυρὸν,
682 1425 777 1478 τοῦ
808 1426 1034 1480 πλούτου
1067 1427 1410 1499 ἐπελαϐόμην
1429 1468 1444 1489 ,
1478 1427 1824 1497 ἐπελαθόμην
1850 1426 2035 1480 λοιπὸν

355 1511 449 1565 τοῦ
476 1512 681 1583 γήρως.
735 1513 848 1567 Καὶ
903 1515 1004 1586 ὅρα
1056 1515 1219 1568 αὐτὸν
1247 1515 1388 1568 πάνυ
1428 1513 1764 1584 γαννύμενον
1796 1511 1874 1584 τῷ
1897 1514 2038 1585 πρά-

353 1614 545 1668 γματι,
579 1599 674 1652 καὶ
713 1601 995 1670 μονονουχὶ
1021 1599 1346 1667 σκιρτῶντα,
1372 1598 1466 1651 καὶ
1487 1598 1741 1672 καθάπερ
1771 1600 1840 1653 τὰ
1866 1600 2036 1673 μυρία

353 1686 536 1753 ἁγαθά
567 1688 628 1739 ἐν
674 1690 795 1748 ταῖς
828 1685 1015 1755 χερσὶν
1074 1686 1492 1756 ἐπιφερόμενον,
1532 1687 1705 1751 οὕτως
1749 1688 2032 1759 ἡδόμενον.

354 1772 463 1827 Καὶ
492 1771 802 1826 ἔσπευσεν
838 1770 1105 1841 Ἀϐραὰμ,
1136 1771 1321 1842 φησὶν,
1358 1771 1457 1825 ἐπὶ
1476 1770 1592 1840 τὴν
1612 1774 1873 1840 σκηνήν.
1907 1775 2038 1826 ’Ὠσ-

351 1875 481 1929 περ,
514 1859 678 1922 ήνίκα
719 1857 812 1912 ἐπὶ
844 1858 946 1929 τὴν
994 1857 1167 1930 θήραν
1224 1857 1403 1911 αὑτῶν
1435 1858 1709 1926 ἐπείγετο,
1766 1860 2037 1929 ἐμήνυσεν

353 1944 521 1998 αὑτοῦ
575 1946 668 1998 τὸν
723 1944 877 1998 τόνον
917 1944 1010 1998 καὶ
1063 1943 1163 2015 τὴν
1224 1943 1538 2015 προθυμίαν
1587 1945 1622 2014 ή
1670 1943 1788 1997 θεία
1820 1944 2034 2016 Γραφὴ,

354 2035 605 2098 εἰποῦσα,
651 2034 1072 2104 Προσέδριιμεν
1114 2036 1202 2098 είς
1229 2033 1611 2102 συνάντησιν
1636 2035 1859 2102 αὐτοῖς,
1896 2036 2040 2092 οῦτω

355 2121 449 2174 καὶ
485 2121 581 2174 νῦν
603 2119 792 2188 ἐπειδὴ
823 2116 930 2173 εἶδε
962 2123 1091 2184 τοὺς
1125 2120 1346 2190 ἀνδρας,
1381 2122 1475 2173 καὶ⁵
1513 2121 1876 2192 κατώρθωσεν
1900 2125 2039 2194 ὅπερ

355 2205 643 2276 ἐπεθύμει,
666 2205 790 2258 οὑδέ
811 2204 986 2268 οὕτως
1017 2196 1200 2275 ἵστησι
1248 2204 1348 2276 τὴν
1378 2205 1713 2277 προθυμίαν,
1742 2207 1879 2263 ἀλλά
1909 2209 2038 2282 θερ·

356 2293 586 2366 μότερον
634 2293 796 2347 πάλιν
843 2291 1180 2346 ἐπιδείκνυσι
1206 2291 1297 2345 τὸν
1322 2291 1503 2364 ἔρωτα
1525 2335 1540 2360 ,
1573 2294 1695 2348 ούδέ
1739 2295 1925 2368 ἐπειδὴ
1979 2299 2038 2351 ἐν

356 2377 626 2450 ἀσφαλείᾳ
659 2377 874 2447 γέγονε,
917 2377 1105 2432 λοιπὸν
1136 2376 1510 2450 ρᾳθυμότερος
1557 2381 1815 2452 κατέστη.
1859 2383 2039 2454 Ὅπερ

353 2463 616 2528 πολλάκις
646 2465 808 2535 ἡμεῖς
838 2463 1206 2535 ὑπομένομεν,
1254 2463 1349 2517 καὶ
1397 2465 1550 2534 παρὰ
1597 2466 1697 2536 μὲν
1733 2465 1833 2537 τὴν
1863 2468 2038 2539 ἀρχὴν

347 2551 525 2605 ἐνίοτε
555 2552 758 2622 πολλὴν
802 2550 1230 2619 ἐπιδεικνύμεθα
1278 2550 1380 2620 τὴν
1427 2551 1695 2621 σπουδήν⁹
1731 2553 1952 2606 ἐπειδὰν
1980 2554 2038 2607 δέ

349 2638 448 2692 τοῦ
472 2638 795 2710 πράγματος
816 2637 969 2699 ἐντὸς
988 2634 1301 2707 γενώμεθα,
1325 2637 1388 2691 ού
1412 2637 1505 2692 τὸν
1535 2637 1647 2691 ἴσον
1676 2638 1837 2694 πόνον
1857 2639 2038 2708 είσφέ-

257 2741 260 2744 ’
354 2742 543 2796 ρομεν.
593 2725 736 2779 Ἀλλ’
763 2724 862 2794 οὐχ
885 2725 915 2776 6
944 2723 1152 2787 δίκαιος
1177 2722 1371 2789 οὕτως,
1387 2722 1523 2777 ἀλλὰ
1543 2723 1631 2790 τί;
1665 2723 1836 2777 Πάλιν
1869 2725 2034 2778 σπεύ-

353 2813 432 2867 δει
457 2813 552 2867 καὶ
573 2811 854 2881 ἐπείγεται
870 2810 966 2864 καὶ
985 2808 1168 2880 τρέχει
1189 2810 1218 2860 6
1243 2809 1570 2880 γεγηρακὼς
1596 2811 1690 2864 ἐπὶ
1713 2812 1812 2883 τὴν
1833 2814 2039 2886 σκηνὴν

355 2896 493 2967 πρὸς
522 2896 762 2966 Σάρῤαν,
786 2893 894 2948 Καί
917 2888 1088 2945 εἶπεν
1107 2891 1265 2961 αὐτῇ
1283 2909 1297 2922 °
1320 2891 1620 2959 Σπεῦσον,
1644 2895 1742 2948 καί
1761 2895 2039 2963 φύρασον

354 2982 488 3052 τρία
529 2982 716 3051 μέτρα
754 2979 1382 3049 σεμιδάλεως-..Σκόπει
1416 2980 1535 3045 πῶς
1573 2982 1668 3038 καὶ
1691 2981 1789 3053 τὴν
1823 2983 2039 3055 Σάρραν

354 3069 612 3122 κοινωνὸν
641 3067 908 3137 λαμϐάνει
942 3068 1042 3137 τῆς
1083 3065 1276 3136 θήρας,
1311 3067 1406 3119 καὶ
1446 3067 1564 3131 πῶς
1601 3069 1773 3139 αὐτὴν
1823 3069 2038 3136 ἐξεπαί-

352 3158 508 3210 δευσε
532 3151 731 3226 ζηλοῦν
757 3150 923 3205 αὑτοῦ
949 3151 1048 3222 τήν
1073 3153 1294 3222 ἀρετήν.
1331 3153 1440 3206 Καὶ
1472 3153 1580 3224 γὰρ
1612 3153 1874 3223 κάκείνην
1897 3171 2040 3226 παρ-

352 3243 499 3314 ορμᾷ
536 3239 612 3312 μὴ
643 3238 903 3311 ῥαθύμως
923 3241 991 3308 τῇ
1012 3238 1174 3308 χρείᾳ
1191 3238 1532 3305 προσελθεῖν,
1551 3239 1707 3305 ἀλλά,
1732 3241 2037 3308 Σπεῦσον,

354 3328 506 3400 φησί.
543 3329 656 3399 Τῆς
692 3325 937 3397 μεγάλης
967 3324 1305 3394 ἐπετύχομεν
1332 3325 1746 3395 πραγματείας,
1784 3328 1859 3399 μὴ
1905 3330 2040 3383 ἀπο-

353 3411 601 3482 λέσωμεν
631 3410 724 3464 τὸν
762 3407 1057 3480 θησαυρὸν,
1095 3407 1231 3460 ἀλλά
1262 3407 1562 3473 Σπεῦσον,
1605 3409 1705 3463 καί
1759 3413 2040 3480 φύρασον

347 3500 487 3568 τρία
510 3497 700 3568 μέτρα
725 3494 1114 3564 σεμιδάλεως.
1177 3492 1399 3564 Ἐπειδὴ
1444 3494 1550 3565 γὰρ
1576 3494 1691 3565 ᾔδει
1717 3497 1811 3550 τοῦ
1842 3515 2040 3571 κατορ-

353 3584 606 3654 θώματος
635 3583 696 3636 τὺ
737 3581 964 3653 μέγεθος
991 3621 1006 3645 ,
1056 3578 1310 3632 ἐϐούλετο
1361 3579 1617 3633 κοινωνὸν
1664 3580 1774 3634 τῶν
1831 3583 2038 3652 μισθῶν

353 3673 654 3744 λαμϐάνειν
680 3673 774 3724 καὶ
807 3669 914 3723 τῶν
948 3668 1270 3723 ἀντιδόσεων
1299 3668 1394 3722 καὶ
1418 3667 1516 3739 τὴν
1543 3668 1639 3722 τοῦ
1669 3668 1787 3740 βίου
1812 3673 2040 3742 γενομέ·

354 3780 452 3832 νην
484 3758 634 3828 αύτῷ
654 3756 931 3811 κοινωνόν.
962 3754 1063 3807 Διά
1091 3755 1145 3807 τί
1175 3753 1306 3825 γὰρ,
1340 3755 1463 3808 είπέ
1505 3772 1630 3825 μοι,
1666 3757 1841 3812 οὐδενὶ
1871 3759 1899 3798 δ
1929 3760 2038 3813 τῶν

354 3847 656 3904 παιδισκῶν
680 3844 838 3899 τοῦτο
865 3843 1151 3910 ἐπέταξεν,
1174 3841 1311 3896 ἀλλά
1335 3845 1400 3914 τῇ
1432 3845 1652 3911 γυναικὶ
1680 3848 1743 3916 τῇ
1767 3847 2038 3919 προϐεϐη-

354 3936 518 4007 aula;
557 3934 908 4003 ἐννενήκοντα
941 3931 1048 4001 7&9
1068 3930 1206 3983 ἐτῶν
1243 3929 1537 3999 ἐτύγχανεν
1592 3926 1746 3986 οὖσα.
1796 3934 1907 3988 Καὶ
1936 3936 2037 3989 ούκ

352 4022 606 4080 ἀνανεύει
634 4023 667 4091 ἡ
694 4019 882 4092 Σάρρα
913 4017 1050 4091 1:96;
1085 4017 1144 4070 :6
1175 4017 1478 4087 ἐπίταγμα,
1515 4017 1650 4071 ἀλλά
1668 4019 1767 4089 τήν
1797 4021 1923 4090 ¹ῐσην
1945 4024 2038 4076 καὶ

352 4111 494 4184 αὑτὴ
521 4109 830 4179 προθυμίαν
857 4106 1121 4175 εἰσφέρει.
1157 4105 1530 4158 Ἀκουέτωσαν
1577 4104 1802 4177 ἄνδρες,
1843 4109 2039 4162 ἀκουέ-

351 4217 536 4254 τωσαν
568 4198 828 4266 γυναῖκες
855 4213 868 4226 ·
900 4194 1094 4264 ἄνδρες
1123 4192 1224 4264 μέν
1253 4186 1367 4257 οὖν,
1417 4193 1504 4246 ἵνα
1527 4194 1670 4248 οὔτω
1697 4195 1798 4259 τάς
1829 4198 2038 4255 ἑαυτῶν

355 4286 638 4348 συνοίκους
669 4280 1082 4345 ἐκπαιδεύωσιν,
1112 4279 1335 4333 ἐπειδὰν
1363 4282 1734 4351 πνευματικόν
1764 4301 1816 4336 τι
1846 4286 2036 4357 κέρδος

354 4373 712 4448 παρεμπέσῃ.
742 4371 818 4442 μὴ
843 4368 931 4423 διά
952 4368 1060 4421 τῶν
1084 4365 1311 4420 οίκετῶν
1335 4366 1492 4421 τοῦτο
1526 4368 1788 4440 πληροῦν,
1811 4370 1946 4427 ἀλλά
1969 4375 2036 4428 δι’

354 4460 566 4516 ἐαυτῶν
593 4461 813 4514 ᾶπαντα
844 4453 1302 4526 διαπράττεσθαι·
1338 4455 1596 4523 γυναῖκες
1616 4454 1693 4520 δέ,
1734 4456 1820 4510 ῐνα
1867 4459 2036 4513 σπεύ-

352 4549 486 4603 δωσι
538 4546 816 4600 κοινωνεῖν
847 4546 962 4606 τοῖς
989 4541 1219 4613 ἀνδράσι
1249 4541 1360 4594 τῶν
1385 4541 1646 4597 τοιούτων
1678 4545 2039 4618 κατορθωμά-

354 4653 485 4698 των,
509 4633 607 4688 καὶ
641 4632 718 4705 μὴ
747 4629 1181 4701 ἐπαισχύνωνται
1203 4628 1302 4700 τήν
1334 4627 1658 4698 φιλοξενίαν,
1706 4632 1801 4685 καὶ
1828 4631 1927 4704 τὴν
1958 4636 2038 4700 είς

355 4723 576 4785 τούτους
606 4717 926 4790 θεραπείαν,
951 4716 1090 4771 ἀλλά
1126 4715 1502 4788 μιμείσθωσαν
1547 4717 1646 4788 τὴν
1693 4718 1910 4791 Σάρραν
1939 4721 2038 4794 τὴν

357 4807 679 4883 πρεσϐῦτιν,
703 4807 801 4876 τὴν
826 4807 884 4858 ἐν
907 4804 1094 4876 ἡλικίᾳ
1121 4803 1349 4876 τοιαύτῃ
1369 4806 1551 4857 πονεῖν
1575 4805 2036 4881 καταδεχομένην,

358 4899 455 4954 καλ⁵
483 4895 552 4950 τὰ
576 4895 686 4949 τῶν
717 4891 1019 4946 παιδισκῶν
1057 4890 1195 4962 ἔργα
1243 4891 1530 4945 ἐπιτελεῖν.

440 4985 580 5038 Ἀλλ’
597 4980 713 5036 οἶδα
728 4983 810 5034 ὅτι
832 4981 888 5052 μ
899 4982 914 5033 ί
926 4979 983 5050 9]
1000 4979 1173 5043 οὐδεὶς
1185 4978 1435 5044 ἀνέξεται
1447 4979 1558 5034 τῶν
1573 4981 1704 5052 παρ’
1722 4982 1878 5053 ἡμῶν
1892 4984 2040 5054 λεγο-

359 5073 560 5147 μένων.
579 5071 694 5124 Νῦν
715 5069 825 5140 γὰρ
849 5071 882 5139 ή
891 5070 982 5138 μίν
999 5067 1095 5121 ἀπ’
1118 5067 1368 5131 ἐναντίας
1385 5066 1572 5141 ἐκείνῃ
1583 5068 1782 5134 πάντες
1803 5070 2040 5140 βαδίζειν

357 5161 693 5228 ἐπείγονται,
706 5158 802 5212 καὶ
817 5155 986 5227 πολλὴ
1001 5157 1034 5226 ἡ
1051 5155 1277 5226 βλακεία
1287 5157 1408 5220 ταῖς
1420 5155 1657 5225 γυναιξὶ,
1676 5158 1814 5230 καὶή
1834 5161 2039 5233 σπουδὴ

358 5250 496 5322 πρὸς
525 5247 617 5302 τὸν
646 5245 851 5317 κόσμον
879 5244 988 5298 τῶν
1021 5244 1272 5314 ἱματίων,
1304 5244 1432 5316 περὶ
1451 5244 1551 5298 ’τὰ
1600 5246 1799 5318 χρυσία
1831 5248 1925 5301 καὶ
1971 5249 2041 5303 τά

356 5335 718 5409 περιδέρραια
735 5333 828 5386 καὶ
849 5332 944 5386 τὸν
964 5330 1160 5398 ἔξωθεν
1181 5331 1586 5404 καλλωπισμὸν,
1612 5335 1706 5388 καὶ
1733 5337 1833 5406 τῆς
1863 5336 2042 5408 ψυχῆς

356 5423 586 5495 οὐδεμία
609 5422 853 5493 πρόνοια.
906 5420 1016 5473 Καὶ
1045 5419 1166 5472 ούδέ
1221 5418 1434 5484 Παῦλος
1487 5420 1670 5475 αὑτῶν
1703 5422 2041 5480 καθικνεῖται

361 5511 502 5583 βοῶν
531 5509 626 5564 καὶ
647 5509 820 5578 λέγων
843 5525 859 5541 ο
882 5507 979 5577 Μὴ
1012 5507 1084 5561 ἐν
1111 5507 1475 5576 πλέγμασιν,
1504 5507 1543 5576 ἢ
1575 5507 1805 5577 χρυσῷ,
1836 5509 1874 5578 ἢ
1895 5521 2046 5581 μορ.

355 5601 644 5672 ταρίταις.
668 5598 708 5667 ἢ
731 5597 1024 5669 ἱματισμῷ
1049 5596 1390 5651 πολυτελεῖ.
1413 5598 1554 5668 Ὅρα
1569 5597 1670 5668 τὴν
1689 5598 2041 5674 οὐρανομήκη

351 5689 559 5758 ταύτην
600 5686 799 5759 ψυχὴν,
852 5685 972 5750 πῶς
1017 5685 1118 5739 οὐκ
1173 5684 1424 5757 ἐνόμισεν
1459 5685 1683 5756 αίσχρὸν
1717 5686 1866 5758 αύτῷ
1896 5683 2037 5744 εἶναι

490 5810 641 5859 Savll.
671 5813 722 5857 et
752 5807 926 5858 Morel.
949 5807 1066 5918 πρὸς
1100 5808 1266 5856 παῖδα.
1303 5806 1376 5857 Ex
1422 5821 1538 5857 mss.
1581 5809 1661 5857 am
1694 5809 1800 5879 περὶ
1847 5813 2035 5876 παῖδας,

490 5873 551 5918 II:
583 5872 772 5918 παῖδας.
838 5869 868 5909 b
896 5869 986 5918 Mal
1012 5884 1059 5918 m
1084 5871 1258 5918 leaere
1303 5867 1518 5918 οὐδεμία.
1559 5870 1622 5918 de
1670 5869 1864 5918 anelllis
1904 5879 2035 5918 enim

353 5873 438 5922 ,ης
485 5873 551 5928 ,ῖς
583 5872 772 5927 παῖδας,
838 5869 868 5909 b
896 5867 1061 5934 Malm!
1084 5871 1258 5933 legere
1303 5867 1518 5934 οὐδεμία,
1559 5870 1622 5920 de
1670 5867 1864 5922 ancillis
1904 5867 2036 5926 enirii

355 5935 574 6000 ‘oquitur
597 5934 992 5994 Chrysostomus.
1029 5932 1162 5981 linrr;

1199 356 1270 414 ‘S.
1299 357 1584 415 JOANNIS
1610 355 2100 416 CHRYSOSTOMI
2131 359 2450 420 ARCHIEP.
2491 363 3036 423 CONSTANTINOP.

3705 367 3814 424 σεε

2139 473 2301 546 μέχρι
2324 477 2511 532 τούτου
2537 479 2628 533 τὸν
2646 479 2802 548 λόγον
2829 477 3181 550 ποιήσασθαι,
3196 475 3290 532 καὶ
3304 477 3396 531 ἐπὶ
3411 474 3822 549 ἐμπλεγμάτων

2135 558 2483 628 παραινέσαι.
2529 561 2766 624 Είκότως
2789 578 2802 592 ·
2852 562 3003 614 πᾶσα
3040 560 3147 632 7&9
3177 557 3326 628 αὐτῷ
3367 560 3402 629 ἡ
3435 558 3638 629 σπουδὴ
3685 559 3816 630 περὶ

2133 640 2232 711 τὴν
2256 639 2357 710 τῆς
2377 640 2556 712 ψυχῆς
2580 643 2901 713 ἐπιμέλειαν
2929 637 3018 712 ἦν.
3065 643 3217 696 Ἐπεὶ
3243 635 3337 696 οὖν
3361 635 3500 694 οἶδεν
3528 642 3610 694 ὅτι
3641 639 3819 694 ταῦτα

2136 721 2372 788 μάλιστα
2403 723 2500 793 τῆς
2531 723 2708 796 ψυχῆς
2762 724 2854 778 τὸν
2904 722 3120 794 ὄλεθρον
3164 723 3483 796 ἐργάζεται,
3517 722 3606 775 διὰ
3657 721 3820 776 τοῦτο

2132 802 2285 856 οὐδὲν
2307 807 2660 877 παρῃτήσατο
2678 807 2788 860 τῶν
2811 805 3196 878 προσηκόντων
3223 808 3304 869 είς
3325 803 3672 859 διδασκαλίαν
3696 806 3819 869 ταῖς

2132 884 2303 938 ταῦτα
2324 886 2634 951 νοσούσαις·
2663 888 2803 943 ἀλλά
2829 905 2995 962 φησιν
3017 927 3032 953 ,
3060 889 3109 940 εί
3141 887 3319 958 βούλει
3350 887 3696 959 κοσμεῖσθαι,
3724 885 3820 940 τδν

2133 963 2304 1036 ἀληθῆ
2343 967 2550 1038 κοσμοῦ
2584 969 2810 1040 κόσμον,
2862 969 2923 1024 δν
2972 970 3176 1041 πρέπει
3231 970 3479 1039 γυναιξὶν
3531 967 3816 1023 εὐσεϐέσιο

2131 1049 2244 1124 τοῖς
2271 1049 2500 1117 ἀγαθοῖς
2523 1051 2704 1122 ἐργοις
2734 1052 2965 1123 κοσμοῦ.
2997 1044 3168 1116 Οὗτος
3200 1052 3300 1122 τῆς
3329 1052 3509 1124 ψυχῆς
3539 1055 3568 1106 ὀ
3589 1052 3817 1122 κόσμος.

2133 1123 2286 1194 οὗτος
2317 1133 2572 1203 οὐδεμίαν
2603 1136 2764 1206 παρὰ
2809 1135 2918 1190 τῶν
2947 1134 3150 1204 ἐξωθεν
3195 1123 3537 1204 κατάγνωσιν
3577 1135 3818 1205 δέχεται,

2133 1211 2322 1266 τοῦτον
2370 1214 2547 1279 οὐδεὶς
2591 1217 2932 1288 ἀποσυλῆσαι
2992 1219 3318 1290 δυνήσεται,
3363 1211 3517 1282 οὗτος
3545 1217 3822 1279 ἀνάλωτος

2140 1293 2298 1372 μένε-ι
2320 1295 2605 1372 διηνεκῶς.
2641 1299 2776 1372 ’Δπδ
2802 1300 2910 1371 7&9
2928 1299 3252 1372 τοῦμκόσμου
3277 1301 3467 1372 τούτου
3499 1299 3593 1372 τοῦ
3620 1299 3821 1372 ἐξωθεν

2140 1364 2322 1434 μυρία
2361 1364 2607 1420 τίκτεται
2639 1364 2824 1423 κακάί
2877 1364 2970 1421 καὶ
2997 1364 3163 1423 οὔπω
3181 1370 3326 1438 λέγω
3369 1370 3468 1440 τὴν
3512 1369 3612 1441 τῆς
3637 1364 3818 1440 φυχῆς

2135 1443 2332 1516 λύμην,
2347 1447 2446 1518 τήν
2460 1447 2706 1502 ἐντεῦθεν
2727 1450 3005 1522 φυομένην
3028 1451 3368 1517 ἀλαζονείαν,
3387 1453 3487 1523 τήν
3517 1452 3822 1524 ὑπεροψίαν

2135 1526 2234 1598 τὴν
2289 1530 2431 1583 κατά
2463 1530 2572 1584 τῶν
2606 1531 2856 1602 πλησίον,
2888 1535 2984 1587 τοῦ
3034 1535 3381 1606 φρονήματος
3403 1535 3504 1605 τὴν
3539 1535 3820 1600 ἀπόνοιαν,

2134 1613 2236 1682 τῆς
2263 1610 2448 1684 ψυχῆς
2487 1615 2586 1685 τήν
2612 1615 2930 1687 διαφθορὰν,
2961 1617 3072 1671 τῶν
3101 1617 3306 1688 ἡδονῶν
3329 1617 3438 1671 τῶν
3470 1617 3688 1671 ἀτόπων
3726 1616 3822 1671 τὸν

2136 1692 2302 1764 ἐσμόν
2319 1711 2333 1726 ο
2365 1694 2480 1748 ἀλλ’
2513 1696 2596 1749 δτι
2622 1696 2717 1750 καὶ
2749 1697 2955 1761 ἀλωτὸς
2987 1709 3009 1738 ο
3038 1700 3067 1752 6
3088 1699 3289 1770 κόσμος
3312 1694 3463 1763 οὗτος
3479 1698 3574 1752 καὶ
3592 1695 3821 1752 οἰκετῶν

2136 1778 2512 1845 κακουργίαις,
2548 1779 2640 1830 καὶ
2669 1777 2884 1850 λῃστῶν
2921 1781 3113 1852 ἐφόδῳ,
3180 1783 3274 1836 καὶ
3307 1781 3658 1851 συκοφαντῶν
3699 1782 3821 1834 ἐπι-

2137 1855 2380 1922 ϐουλαῖς,
2415 1860 2511 1914 καὶ
2546 1861 2714 1932 μυρία
2747 1861 2814 1917 ἄν
2834 1879 2918 1926 τις
2949 1863 3100 1932 εὖροι
3129 1864 3378 1918 ἐντεῦθεν
3401 1866 3649 1933 φυόμενα
3673 1863 3822 1916 κακά

2137 1935 2230 1990 καὶ
2256 1938 2449 2007 ἀηδίας
2472 1942 2759 2012 διηνεκεῖς.
2796 1943 2934 1996 Ἀλλ’
2960 1945 3059 2014 οὑχ
3095 1947 3128 2015 η
3164 1946 3350 2018 Σάρρα
3379 1944 3604 2017 τοιαύτη
3629 1961 3644 1977 ·
3683 1944 3822 1999 ἀλλά

2135 2020 2228 2073 τὸν
2250 2021 2428 2100 ἀληθῆ
2460 2026 2667 2096 κόσμον
2693 2027 2957 2096 ἐκέκτητο
2976 2043 2989 2056 ·
3014 2027 3126 2082 δι’δ
3156 2029 3251 2082 καὶ
3266 2028 3393 2093 ἀξία
3419 2026 3514 2082 τοῦ
3543 2026 3820 2100 πατριάρ-

2137 2116 2232 2170 χου
2258 2099 2347 2173 ἦν,
2377 2106 2470 2157 καὶ
2490 2107 2741 2177 καθάπερ
2781 2109 2988 2172 ἐκεῖνος
3012 2109 3243 2162 ἐσπευσε
3259 2109 3354 2163 καὶ
3368 2109 3462 2162 ἐπὶ
3489 2108 3586 2180 τὴν
3614 2099 3823 2182 σκηνήν

2137 2185 2393 2258 ἔδραμεν,
2433 2189 2575 2243 οῦτω
2607 2191 2701 2244 καὶ
2733 2192 2914 2261 ἐκείνη
2949 2193 3087 2264 μετά
3121 2192 3359 2263 σπουδῆς
3415 2192 3478 2247 :6
3528 2193 3822 2263 ἐπιωχθέν

2137 2268 2397 2344 ἐπλήρου,
2439 2271 2536 2324 καὶ
2569 2269 2742 2347 ἐφύρα
2804 2272 2932 2342 τρία
2969 2273 3158 2343 ’μέτρα
3194 2271 3543 2343 σεμιδάλεως.
3597 2273 3822 2343 Ἐπειδὴ

2136 2348 2246 2420 γὰρ
2277 2353 2425 2420 τρεῖς
2447 2349 2586 2422 ἦσαν
2623 2353 2673 2406 οί
2711 2355 3150 2425 παραγεγονότες
3170 2393 3185 2414 .
3209 2355 3336 2427 τρία
3367 2355 3540 2426 μέτρα
3568 2354 3823 2408 ἐκέλευσε

2137 2432 2462 2501 φυραθῆναι,
2489 2432 2630 2487 ὥστε
2666 2433 2859 2488 θᾶττον
2885 2435 3089 2505 φθάσαι
3125 2435 3256 2499 τοὺς
3291 2436 3508 2506 ἄρτους.
3538 2437 3649 2490 Καὶ
3664 2434 3822 2490 τοῦτο

2135 2513 2530 2584 διαταξάμενος
2555 2517 2637 2578 είς
2671 2517 2770 2580 τάς
2799 2517 2926 2584 βοῦς
2951 2518 3116 2572 πάλιν
3139 2517 3300 2580 αὐτὸς
3335 2516 3590 2587 ἔδραμεν.
3627 2517 3693 2570 ἀ
3729 2517 3825 2584 76-

2139 2614 2323 2668 ροντος
2354 2597 2567 2668 νεότης,
2607 2597 2653 2650 ὣ
2680 2597 2862 2668 ψυχῆς
2887 2599 3040 2662 τόνος
3063 2612 3078 2628 '
3119 2600 3300 2669 τρέχει
3321 2599 3414 2653 ἐπῖ⁸
3439 2598 3536 2663 τὰς
3563 2598 3710 2669 βοῦς,
3728 2601 3826 2654 καὶ

2135 2677 2234 2731 ούκ
2255 2677 2448 2748 ἀφίησί
2485 2696 2605 2732 τινα
2631 2680 2740 2733 τῶν
2763 2680 2987 2734 οίκετῶν
3017 2681 3302 2748 ἀπελθεῖν,
3339 2681 3428 2735 διά
3472 2683 3692 2736 πάντων
3714 2683 3828 2736 δει-

2136 2761 2268 2824 κνὺς
2291 2765 2404 2825 τοῖς
2434 2763 2868 2834 παραγεγονόσιν
2887 2803 2901 2824 ,
2947 2764 3081 2834 δσης
3119 2764 3321 2833 ἡδονῆς
3351 2761 3672 2835 ἐπληρώθη,
3726 2766 3826 2818 καὶ

2135 2842 2284 2906 ὅπως
2335 2844 2475 2913 μέγα
2506 2861 2560 2898 τι
2608 2847 2823 2914 ἡγεῖται
2851 2845 2952 2915 τὴν
3000 2844 3180 2900 αὐτῶν
3220 2844 3523 2916 παρουσίαν
3545 2884 3561 2909 ,
3609 2844 3706 2899 καὶ
3741 2846 3825 2900 ότι

2137 2923 2410 2996 θησαυρὸν
2455 2922 2595 2980 εῖναι
2644 2928 2704 2980 :6
2731 2929 2964 2998 πρᾶγμα
3014 2927 3246 2997 νομίζει.
3296 2928 3405 2982 Καὶ
3432 2927 3634 2990 ἔλαϐε,
3663 2927 3823 2998 φησὶ,

2131 3007 2468 3075 μοσχάριον
2503 3009 2743 3063 ἁπαλόν
2766 3009 2868 3065 καί
2916 3011 3141 3065 καλόν.
3189 3009 3362 3073 Αὐτὸς
3396 3010 3462 3063 δι’
3504 3011 3697 3065 ἐαυτοῦ
3725 3012 3826 3083 τήν

2136 3088 2366 3162 ἐκλογὴν
2401 3094 2713 3160 ἐποιήσατο,
2748 3095 2845 3148 καὶ
2871 3092 2933 3147 :6
2964 3092 3251 3147 κάλλιστον
3300 3092 3411 3146 τῶν
3441 3093 3613 3147 ὄντων
3643 3094 3826 3148 λαϐὼν

2136 3171 2317 3225 δίδωσι
2346 3172 2423 3243 τῷ
2446 3175 2616 3241 παιδὶ,
2652 3178 2903 3230 κάκεῖνον
2925 3175 3265 3246 κατεπείγων
3287 3174 3364 3247 μὴ
3384 3174 3669 3246 μελλῆσαι,
3685 3176 3827 3232 ἀλλὰ

2138 3253 2338 3324 πολλὴν
2374 3256 2473 3328 τὴν
2504 3258 2739 3328 σπουδὴν
2768 3258 3164 3325 ἐπιδείξασθαι.

2209 3343 2284 3399 ς’.
2323 3337 2522 3391 Σκόπει
2555 3337 2675 3402 πῶς
2703 3339 2880 3394 πάντα
2910 3340 3049 3410 μετά
3097 3342 3317 3411 τάχους,
3351 3339 3486 3409 μετὰ
3515 3337 3828 3412 προθυμίας

2137 3414 2388 3488 ζεούσης,
2419 3419 2557 3489 μετά
2583 3420 2916 3492 ίλαρότητος,
2943 3421 3084 3492 μετά
3112 3424 3306 3495 χαρᾶς,
3330 3422 3470 3494 μετά
3491 3421 3696 3489 πολλῆς
3721 3422 3824 3494 τῆς

2138 3498 2405 3569 θυμηδίας
2433 3501 2660 3568 γίνεται.
2687 3503 2797 3556 Καί
2817 3503 3117 3572 ἐτάχυνεν
3138 3508 3171 3558 ὁ
3200 3503 3340 3570 παῖς
3355 3503 3533 3558 τοῦτο
3548 3503 3824 3572 ποιῆσαι,

2485 3681 2579 3717 του
2600 3681 2834 3719 ισταται.
2865 3681 2972 3719 ιεαι
2999 3681 3333 3720 λασωνβοῠ

2136 3745 2232 3798 καί
2255 3745 2322 3797 τὸ
2338 3745 2678 3815 μοσχάριον
2693 3747 2726 3801 6
2749 3748 3020 3816 ἐποίησε,
3050 3749 3392 3816 παρέθηκεν
3413 3746 3635 3813 αὐτοῖς.
3651 3747 3826 3812 Αύτδς

2135 3825 2203 3877 δι’
2232 3825 2428 3880 ἐαυτοῦ
2459 3827 2640 3881 πάντα
2669 3829 2814 3882 ποιεῖ
2835 3830 2928 3882 καὶ
2958 3828 3320 3901 παρατίθησι.
3362 3829 3473 3884 Καὶ
3515 3828 3636 3883 ούδέ
3672 3828 3826 3895 ἄξιον

2137 3907 2326 3961 ἑαυτὸν
2355 3908 2573 3979 ἐνόμισε
2603 3909 2696 3963 τοῦ
2722 3910 3164 3981 συγκαθεσθῆναι
3205 3913 3414 3975 αὐτοῖς,
3450 3910 3566 3965 ἀλλ’
3593 3910 3824 3966 ἐκείνων

2135 3989 2425 4045 ἐσθιόντων
2459 3993 2818 4063 παρειστήκει
2842 3992 3006 4058 αὐτὸς
3033 3993 3138 4047 ὑπὸ
3163 3993 3225 4046 τὸ
3249 3992 3488 4063 δένδρον.
3519 3993 3584 4046 Ὦ
3610 3992 3825 4062 φιλοξε-

2135 4071 2252 4138 νίας
2292 4073 2543 4144 μέγεθος,
2595 4074 2746 4148 [420]
2798 4075 2845 4128 ὣ
2899 4073 3397 4148 ταπεινοφροσύνης
3449 4074 3747 4146 ὑπερϐολὴ,
3775 4075 3826 4129 ὦ

2137 4154 2383 4222 φιλοθέου
2409 4156 2634 4228 γνώμης
2661 4156 2946 4220 ἐπίτασιςί
2979 4157 3340 4227 παρειστήκει
3361 4157 3391 4208 6
3424 4156 3823 4227 ἐκατονταέτης

2136 4230 2288 4300 οὗτος
2306 4237 2594 4310 ἄνθρωπος
2621 4238 2910 4292 ἐσθιόντων
2935 4237 3135 4291 αὐτῶν.
3181 4237 3338 4305 Ἐμοὶ
3383 4236 3548 4299 δοκεῖ,
3593 4236 3699 4290 ὑπὸ
3722 4236 3827 4294 τοῦ

2137 4318 2303 4372 πόθου
2328 4320 2524 4374 πολλοῦ
2553 4321 2647 4375 καὶ
2668 4322 2768 4392 τῆς
2784 4320 3115 4393 προθυμίας.
3134 4319 3229 4374 καὶ
3255 4319 3353 4389 τῆς
3372 4317 3656 4384 ἀσθενείας
3672 4319 3823 4376 ἀνώ-

2136 4418 2293 4473 τερον
2323 4402 2485 4456 αύτδν
2511 4403 2633 4456 τότε
2670 4402 3017 4473 γεγενῆσθαι,
3042 4403 3136 4456 καὶ
3159 4402 3312 4471 ίσχύν
3324 4418 3445 4454 τινα
3470 4401 3819 4472 προσλαϐεῖν.

2137 4482 2308 4538 Εῖωθε
2324 4484 2432 4554 γὰρ
2457 4483 2714 4548 πολλάκις
2732 4485 2764 4555 ή
2782 4484 2881 4554 τῆς
2901 4483 3080 4553 ψυχῆς
3096 4481 3392 4553 προθυμία,
3411 4481 3630 4536 ἐπειδὰν
3645 4480 3823 4554 ιρρω.

2185 4504 2308 4538 ιωυε
2324 4504 2432 4548 γαρ
2457 4504 2714 4548 ποΑΑακις
2732 4504 2764 4548 η
2782 4504 2881 4548 της
2901 4504 3080 4548 ψυχης
3096 4504 3392 4548 προσυμια,

2139 4565 2277 4638 μένη
2299 4561 2355 4637 ᾗ,
2381 4567 2540 4638 νικᾷν
2571 4565 2665 4619 τοῦ
2702 4563 2949 4634 σώματος
2982 4565 3084 4634 τὴν
3105 4563 3412 4619 ἀσθένειαν.
3437 4562 3691 4633 Είστήκει
3709 4565 3821 4618 τοί-

2135 4667 2231 4705 νυν
2253 4651 2284 4702 ό
2303 4648 2651 4719 πατριάρχης
2678 4646 2931 4717 καθάπερ
2958 4644 3195 4716 οίκέτης,
3225 4644 3490 4714 μεγίστην
3503 4642 3668 4715 τιμὴν
3691 4643 3826 4698 ταύο

2135 4749 2236 4802 την
2268 4731 2592 4802 ἡγούμενος,
2624 4727 2718 4782 τοῦ
2772 4726 3173 4798 καταξιωθῆναι
3225 4725 3675 4798 ὑπηρετήσασθαι
3706 4728 3824 4793 τοῖς

2137 4811 2393 4883 παροῦσι,
2422 4812 2517 4865 καὶ
2543 4811 2634 4864 τὸν
2655 4809 2763 4863 ἀπὸ
2783 4811 2881 4879 τῆς
2900 4807 3208 4880 ὁδοιπορίας
3234 4807 3479 4876 κάματον
3512 4805 3691 4860 αὐτῶν
3716 4824 3823 4862 πα-

2139 4891 2578 4965 ραμυθήσασθαι.
2605 4887 2760 4954 Εἶδες
2784 4890 2885 4960 ὅση
2927 4889 3021 4943 τοῦ
3068 4889 3278 4944 δικαίου
3313 4890 3348 4960 ή
3382 4887 3690 4958 φιλοξενίας
3725 4891 3820 4963 Μὴ

2135 4977 2243 5049 7&9
2264 4975 2328 5046 δὴ
2356 4975 2514 5029 τοῦτο
2537 4973 2751 5037 σκόπει,
2775 4973 2857 5025 ὅτι
2885 4972 3084 5044 ἀρτους
3110 4970 3392 5042 παρέθηκε
3417 4971 3511 5023 καὶ
3538 4971 3599 5024 :6
3617 4973 3823 5043 μοσχάρ

2142 5077 2279 5132 ριον,
2313 5058 2428 5112 ἀλλ’
2458 5059 2635 5111 ἐκεῖνο
2673 5053 2927 5124 λογίζου,
2966 5053 3085 5125 μεθ’
3127 5054 3261 5124 ὅσης
3300 5052 3492 5124 τιμῆς,
3535 5052 3655 5122 μεθ’
3685 5055 3822 5128 ὅσης

2136 5142 2640 5216 ταπεινοφροσύνης
2692 5139 2764 5194 τά
2808 5139 2911 5210 τῆς
2963 5136 3269 5208 φιλοξενίας
3320 5133 3707 5216 ἐπεδείκνυτο*
3755 5139 3818 5192 οὐ

2139 5226 2391 5296 καθάπερ
2412 5215 2467 5278 οί
2498 5223 2701 5287 πολλοὶ,
2727 5221 2833 5276 κάν
2855 5216 3127 5290 ποιήσωσι
3155 5216 3288 5270 ποτέ
3310 5233 3362 5271 τι
3385 5215 3648 5280 τοιοῦτον.
3673 5217 3821 5289 μέγα

2140 5307 2398 5379 φρονοῦσι
2453 5305 2596 5361 κατὰ
2647 5303 2755 5357 τῶν
2784 5299 3208 5371 ὑποδεχθέντων,
3263 5300 3357 5353 καὶ
3419 5299 3678 5365 πολλάκις
3722 5304 3820 5357 καὶ

2143 5390 2484 5462 ὑπερορῶσιν
2538 5386 2719 5441 αὐτῶν
2757 5384 2846 5438 διά
2871 5382 2970 5455 τὴν
3002 5380 3286 5453 φθάσασαν
3305 5382 3387 5462 είς
3416 5380 3613 5445 αὐτοὺς
3656 5380 3818 5453 θεραο

2146 5461 2325 5527 πείάν.
2347 5470 2517 5525 Τοῦτο
2534 5469 2590 5523 δέ
2619 5467 2803 5539 ὅμοιόν
2831 5469 2946 5520 ἐστι
2963 5464 3040 5536 τῷ
3061 5480 3185 5518 τινα
3203 5461 3430 5516 πλοῦτον
3448 5463 3820 5531 συναγαγόντα

2141 5556 2237 5608 καὶ
2271 5553 2657 5626 περιφέροντα,
2691 5551 2757 5603 ἐκ
2791 5548 2902 5602 τῶν
2941 5546 3140 5618 χειρῶν
3178 5546 3394 5600 ἅπαντα
3419 5544 3570 5614 ῥῖψαι
3599 5544 3670 5626 τὰ
3693 5543 3821 5626 συλ-

2141 5623 2383 5705 λεγέντα.
2422 5623 2481 5688 '0
2504 5633 2614 5703 7&9
2638 5631 2775 5704 μετά
2795 5631 3050 5692 ἀπονοίας
3078 5646 3130 5682 τι
3145 5627 3534 5705 ἐργαζόμενος,
3554 5625 3648 5679 καὶ
3676 5623 3822 5679 οὕτω

2150 5703 2321 5773 ποιῶν
2345 5719 2420 5783 ώς
2453 5703 2706 5789 παρέχων
2740 5715 2940 5786 μᾶλλον
2963 5713 2996 5782 η
3025 5705 3335 5780 λαμϐάνων,
3361 5708 3461 5760 οὐκ
3489 5703 3628 5760 οἶδεν
3652 5705 3681 5760 ὃ
3701 5705 3820 5789 δια-

2144 5803 2445 5873 πράττεται
2467 5817 2480 5832 ·
2504 5786 2769 5854 διάήτοῦτο
2789 5795 3053 5850 ἀπόλλυσι
3082 5790 3281 5847 καὶτὸν
3307 5791 3371 5844 ἐκ
3392 5789 3580 5843 τούτου
3604 5786 3820 5860 μισθόν.

2208 5938 2232 5966 °
2260 5934 2385 5986 Tres
2424 5947 2538 5984 mss.
2583 5931 2835 5988 εὐάλωτος.
