4058 6386
218 416 307 473 3‘1
1240 406 1305 463 lN
1345 407 1498 462 CAP.
1545 404 1727 463 XVIII.
1768 403 2007 461 GENES.
2058 403 2286 460 llOMll..
2333 403 2467 459 XLI.
3452 402 3571 459 δεῖ

214 528 639 586 exhortationem
658 539 851 580 meam.
879 522 1001 579 Scio
1025 529 1279 592 quantum
1300 520 1524 576 tuleritis
1547 519 1804 583 laborem,

214 621 456 691 conjecto
486 630 715 692 quantus
756 617 825 673 sit
850 615 1046 671 caloris
1072 622 1235 668 cestus
1266 630 1279 667 :
1306 622 1589 683 propterea
1620 611 1808 681 paulu-

216 717 321 771 lum
347 729 447 770 vos
496 726 744 769 recreare
771 709 913 764 volo.
950 707 1081 775 Quis
1108 714 1258 776 pater
1287 706 1424 759 ﬁlios
1466 718 1594 760 suos
1624 713 1812 759 tenere

212 805 461 876 diligens,
490 810 692 858 tantam
720 800 843 855 ﬁliis
870 797 1089 853 exhibet
1118 796 1525 866 benignitatem,
1559 801 1815 864 quantam

215 898 298 953 ille
327 896 530 968 ignotis
555 905 610 950 et
643 892 957 965 peregrinis,
990 899 1044 945 et
1089 903 1380 959 numquam
1407 886 1507 941 sibi
1552 883 1815 956 cognitis?

216 988 410 1043 Verum
443 986 568 1057 quia
622 1000 818 1055 magna
866 984 1141 1038 alacritate
1195 979 1456 1049 processit
1492 991 1555 1034 ac
1594 985 1816 1033 conten-

211 1080 376 1145 tione,
425 1086 748 1146 asseqnutus
779 1084 862 1131 est
905 1074 1265 1136 venationem,
1305 1080 1360 1126 et
1398 1068 1636 1140 praedam
1675 1069 1815 1123 intra

211 1173 342 1226 retia
385 1170 712 1227 concludere
756 1172 946 1239 potuit.
980 1166 1045 1223 Et
1087 1167 1344 1231 dixerunt,
1375 1164 1583 1236 inquit:
1614 1163 1707 1220 Sic
1733 1165 1816 1234 {a-

211 1264 415 1329 ciemus,
447 1270 501 1316 ut
540 1260 735 1315 dixisti.
768 1258 924 1315 Senis
966 1257 1228 1314 excitatus
1258 1266 1341 1312 est
1360 1254 1614 1325 juvenilis
1639 1254 1811 1324 vigor.

210 1351 266 1407 In
306 1353 578 1415 manibus,
611 1350 803 1421 inquit,
833 1348 1007 1404 habeo
1036 1348 1365 1411 thesaurum,
1415 1346 1630 1401 divitias
1658 1360 1814 1400 asse-

211 1452 409 1513 quutus
440 1458 582 1510 sum,
628 1441 920 1497 senectutis
959 1439 1265 1495 obliviscar.
1298 1438 1365 1493 Et
1405 1436 1524 1491 vide
1561 1450 1687 1491 eum
1716 1450 1815 1491 ex-

211 1533 501 1589 sultantem
526 1533 579 1587 in
620 1546 807 1603 opere,
853 1540 905 1586 et
945 1530 1094 1602 quasi
1125 1544 1236 1600 prae
1276 1528 1471 1599 gaudio
1500 1528 1812 1591 saltantem,

213 1616 623 1695 perindedatque
647 1624 815 1679 multa
847 1623 983 1677 bona
1016 1622 1069 1677 in
1095 1622 1351 1677 manibus
1381 1619 1617 1688 afl’erret,
1653 1621 1723 1675 ita
1757 1634 1816 1675 se

210 1713 593 1771 oblectantem.
620 1713 674 1770 6.
705 1713 769 1769 Et
809 1714 1081 1784 festinavit,
1118 1712 1310 1783 inquit,
1341 1711 1598 1766 Abraham
1636 1712 1690 1765 in
1731 1722 1816 1765 ta-

210 1802 558 1867 bernaculum.
592 1803 762 1866 Sicut,
801 1802 1016 1873 quando
1053 1802 1120 1857 ad
1146 1802 1488 1857 venationem
1517 1802 1813 1857 contende-

212 1894 323 1960 bat,
360 1894 682 1965 significavit
732 1894 849 1964 ejus
894 1893 1226 1949 alacritatem
1267 1903 1324 1950 et
1354 1894 1592 1949 laborem
1631 1894 1813 1949 divina

212 1983 511 2054 Scriptura,
535 1982 720 2039 dicens
752 2001 765 2039 :
800 1983 1031 2039 Accurrit
1052 1993 1219 2037 autem
1245 1984 1297 2037 in
1320 2000 1582 2037 occursum
1604 2000 1814 2038 eorum:

214 2075 284 2129 ita
317 2084 372 2130 et
394 2089 535 2130 nunc
560 2074 683 2145 quia
713 2075 843 2131 vidit
872 2076 1037 2141 viros,
1066 2084 1121 2130 et
1147 2075 1196 2129 id
1224 2074 1366 2145 quod
1393 2076 1612 2143 optabat
1632 2076 1811 2143 perfe-

212 2167 302 2233 cit,
339 2181 513 2237 neque
554 2166 632 2223 sic
672 2165 741 2222 ab
778 2166 1051 2221 alacritate
1094 2164 1339 2230 desiStit;
1373 2164 1466 2221 sed
1503 2168 1673 2235 magis
1706 2164 1814 2220 fer-

212 2265 428 2311 ventem
454 2255 691 2312 declaiat
732 2271 993 2320 amorem,
1041 2270 1214 2325 neque
1249 2256 1372 2326 quia
1405 2270 1623 2310 securus
1672 2266 1807 2323 erat,

215 2347 336 2403 ideo
366 2347 813 2419 ﬁtnegligentior.
844 2346 898 2403 ld
926 2347 1068 2416 quod
1099 2348 1253 2401 nobis
1278 2345 1586 2417 frequenter
1610 2348 1810 2413 evenit,

217 2448 275 2495 et
302 2439 565 2509 principio
595 2438 754 2493 valde
793 2437 1015 2493 studiosi
1060 2452 1284 2492 sumus:
1313 2437 1526 2508 quando
1550 2446 1730 2493 autem
1761 2438 1813 2493 in

214 2530 488 2601 negotium
526 2538 744 2585 ventum
790 2539 895 2595 est,
946 2543 1053 2583 non
1096 2544 1193 2599 par
1239 2529 1472 2585 studium
1518 2528 1811 2586 aﬁ‘erimus.

218 2621 414 2678 Verum
443 2624 621 2694 justus
664 2637 773 2678 non
803 2623 902 2689 sic,
954 2622 1047 2677 sed
1075 2622 1245 2691 quid?
1279 2621 1475 2677 lterum
1506 2623 1721 2678 festinat
1761 2633 1815 2678 et

216 2722 487 2782 properat,
516 2721 571 2767 et
594 2714 926 2768 eurritscnio
948 2711 1222 2767 confectus
1244 2713 1295 2767 in
1323 2714 1722 2769 tabernaculum
1747 2715 1812 2768 ad

213 2803 448 2869 Sarram,
482 2800 548 2856 Et
578 2802 708 2857 dixit
746 2804 794 2857 ei
822 2818 840 2856 :
868 2802 1128 2869 Accelera,
1159 2813 1205 2858 et
1240 2804 1395 2858 misce
1418 2814 1518 2858 tres
1551 2821 1813 2859 mensuras

214 2896 414 2949 simile.
440 2896 734 2951 Considera
757 2894 1027 2965 quomodo
1063 2905 1119 2949 et
1152 2896 1369 2952 Sarram
1394 2897 1691 2952 venationis
1721 2912 1812 2953 so-

210 2984 352 3039 ciam
380 2986 626 3051 assumit,
652 2995 707 3040 et
729 2984 999 3055 quomodo
1024 3000 1145 3040 eam
1169 2985 1364 3051 erudit,
1390 2996 1448 3041 ut
1474 3001 1625 3041 suam
1646 2988 1809 3044 imite-

216 3084 299 3128 tur
328 3075 599 3129 virtutem.
632 3075 845 3130 Etenim
893 3084 946 3130 et
978 3075 1122 3128 illam
1156 3073 1342 3130 incitat
1375 3090 1443 3130 ne
1486 3076 1666 3131 ofﬁcio
1712 3091 1812 3131 suo

212 3166 547 3236 negligenter
586 3163 857 3236 fungatur,
903 3164 1020 3233 sed,
1056 3164 1313 3233 Accelera,
1348 3166 1537 3236 inquit.
1570 3165 1811 3237 Magnam

213 3257 628 3327 negotiationem
672 3257 946 3327 assequuti
995 3271 1203 3323 sumus,
1254 3271 1321 3312 ne
1366 3257 1655 3327 perdamus
1695 3257 1813 3313 the-

213 3361 451 3413 saurum,
491 3346 585 3401 sed
611 3346 866 3413 Accelera,
900 3356 946 3401 et
987 3348 1139 3401 misce
1164 3355 1264 3401 lres
1292 3362 1554 3403 mensuras
1603 3349 1806 3403 similae.

215 3438 479 3505 Quoniam
507 3438 715 3492 sciebat
743 3436 868 3491 boni
908 3436 1086 3507 operis
1127 3437 1569 3507 magnitudinem,
1603 3438 1813 3494 volebat

214 3532 337 3586 vita:
372 3545 483 3587 suae
525 3532 727 3588 sociam
768 3532 932 3587 etiam
982 3530 1342 3586 retribuendte
1390 3532 1655 3587 mercedis
1693 3548 1814 3588 esse

213 3625 545 3693 participem.
579 3623 755 3692 Quare
797 3624 962 3688 enim,
1002 3623 1090 3679 dic
1140 3622 1291 3690 mihi,
1325 3624 1453 3679 nulli
1496 3625 1810 3679 ancillarum

216 3718 320 3771 hoc
357 3718 629 3788 prmcepit,
663 3716 756 3772 sed
786 3717 938 3771 uxori
966 3726 1070 3770 tam
1102 3724 1367 3785 provecta:
1406 3717 1617 3771 aetatis?
1647 3733 1813 3772 nona-

210 3812 357 3881 ginta
392 3811 538 3866 euim
592 3824 855 3864 annorum
906 3816 1043 3862 erat.
1095 3807 1211 3862 Non
1256 3817 1515 3879 repugnat
1562 3808 1815 3868 mandato

211 3904 393 3969 Sarra,
430 3902 526 3958 sed
568 3918 751 3972 parem
774 3902 934 3957 etiam
972 3902 1085 3969 ipsa
1125 3900 1457 3955 alacritatem
1496 3899 1671 3955 afl‘ert.
1702 3902 1813 3955 Au-

212 3995 361 4049 diant
385 3995 505 4059 viri,
533 3994 750 4048 audiant
778 3992 1032 4046 mulieres
1058 4010 1070 4045 :
1100 3991 1197 4045 viri
1226 3990 1465 4060 quidem,
1497 3992 1657 4045 utsic
1688 4006 1812 4047 suas

212 4088 624 4143 contubernales
672 4085 943 4152 erudiant,
988 4094 1043 4138 ut
1080 4084 1123 4138 si
1165 4082 1383 4153 quando
1426 4083 1703 4152 spirituale
1730 4084 1813 4139 lu-

209 4192 363 4235 crum
389 4178 607 4243 incidat,
655 4192 723 4232 ne
754 4191 850 4247 per
877 4176 1101 4231 famulos
1130 4174 1232 4229 hoc
1263 4174 1562 4244 perﬁciant,
1592 4176 1685 4230 sed
1718 4191 1816 4245 per

211 4270 420 4339 seipsos
446 4268 645 4323 faciant
671 4267 851 4322 omnia
879 4284 891 4331 ;
919 4267 1169 4323 mulieres
1212 4276 1413 4334 autem,
1460 4274 1517 4321 ut
1557 4266 1811 4349 festinent

209 4361 394 4430 juvare
435 4360 579 4413 viros
613 4359 666 4413 in
699 4366 806 4413 tam
850 4357 1005 4412 bonis
1049 4358 1324 4428 operibus,
1373 4364 1427 4413 et
1470 4371 1576 4413 non
1614 4358 1811 4413 erube-

212 4459 366 4508 scant
385 4450 800 4520 hospitalitatem
832 4449 887 4503 in
914 4448 1120 4518 aliquos
1145 4464 1420 4514 exercere,
1444 4448 1653 4520 illisque
1683 4465 1813 4504 con-

209 4557 403 4614 gruum
434 4541 675 4612 praebere
712 4541 1066 4595 ministerium
1096 4558 1108 4594 :
1138 4540 1234 4596 sed
1266 4540 1541 4595 imitentur
1587 4540 1807 4596 Sarram

211 4634 468 4700 vetulam,
498 4634 551 4688 in
580 4642 723 4689 tanta
753 4641 970 4690 senecta
992 4633 1228 4688 laborem
1259 4633 1487 4690 libenter
1517 4635 1809 4706 suscipien-

213 4737 344 4791 tem,
367 4734 421 4780 et
443 4724 761 4779 famularum
782 4739 942 4793 opera
973 4724 1363 4793 perﬁcientem.

286 4818 557 4873 Invenitur
580 4819 633 4871 in
656 4828 895 4872 ornatum
924 4818 1213 4873 mulierum.
1242 4850 1311 4859 —
1342 4820 1536 4875 Verum
1563 4822 1675 4877 seio
1700 4823 1814 4879 fore

215 4923 272 4967 ut
300 4912 478 4968 nullus
510 4910 646 4966 ferat
674 4926 736 4966 ea
763 4926 885 4981 qua:
925 4925 953 4963 a
992 4910 1148 4967 nobis
1172 4911 1443 4967 dicuntur.
1476 4912 1630 4969 Nunc
1671 4916 1813 4969 enim

214 5021 405 5062 omnes
432 5006 586 5074 plane
615 5004 885 5059 contraria
911 5005 993 5058 ria
1025 5004 1297 5069 incedunt,
1327 5015 1381 5060 et
1427 5005 1591 5060 multa
1624 5008 1813 5061 mulie-

212 5114 334 5153 rum
371 5106 453 5151 est
498 5095 771 5162 mollities,
822 5111 1090 5165 omneque
1148 5097 1383 5152 studium
1428 5097 1480 5150 in
1529 5097 1675 5151 cultu
1726 5114 1815 5152 ve-

213 5192 398 5255 stium,
429 5190 481 5243 in
522 5188 700 5243 aureis
737 5189 1077 5245 ornamentis
1124 5200 1178 5244 et
1223 5188 1511 5243 monilibus
1540 5198 1697 5257 atque
1726 5205 1793 5245 ex

214 5292 372 5336 terno
392 5289 608 5345 ornatu,
635 5280 828 5333 anima:
858 5294 984 5334 vero
1013 5279 1155 5334 nulla
1186 5288 1269 5334 est
1293 5293 1441 5333 cura.
1470 5278 1654 5349 Neque
1682 5280 1818 5333 Pau-

215 5374 299 5428 ltts
326 5386 419 5427 eas
443 5380 765 5435 commovet,
808 5369 994 5426 dicens
1019 5388 1030 5422 :
1064 5368 1184 5425 Non
1214 5371 1266 5423 in
1292 5370 1511 5424 crinibus
1543 5371 1705 5435 tortis,
1739 5372 1816 5425 vel

209 5478 363 5524 llul'O,
396 5463 473 5516 uel
495 5462 804 5529 iitargaiitis,
828 5462 905 5515 vel
928 5472 1223 5531 sumptuosa
1252 5469 1379 5515 veste
1406 5460 1483 5530 (1.
1506 5460 1637 5515 Tim.
1659 5462 1716 5535 ἓξ
1735 5464 1814 5529 9].

219 5557 351 5611 Vide
382 5556 618 5608 animam
657 5552 793 5607 hanc
826 5554 1001 5621 ipsum
1048 5553 1239 5607 czelum
1280 5555 1647 5624 attingcutem,
1680 5572 1815 5626 quo-

219 5648 379 5703 modo
406 5661 510 5713 non
534 5646 737 5715 putavit
760 5644 1033 5715 indignum
1060 5659 1119 5701 se
1145 5655 1197 5701 et
1219 5646 1343 5709 vile,
1371 5647 1530 5701 etiam
1554 5646 1620 5703 de
1646 5650 1814 5717 capil-

218 5742 395 5793 lorum
423 5738 752 5791 ornamentis
794 5736 1108 5792 admonere.
1140 5737 1327 5793 Merito
1355 5756 1364 5790 :
1392 5754 1551 5793 omne
1595 5740 1737 5794 enim
1767 5742 1814 5795 ei

220 5827 457 5883 studium
483 5837 597 5883 erat
628 5828 676 5882 in
714 5828 1001 5884 excolenda
1031 5830 1224 5883 anima.
1257 5828 1388 5897 Quia
1427 5828 1585 5899 igitur
1614 5832 1814 5887 sciebat

1928 517 2042 573 hmc
2066 518 2296 573 maxime
2319 518 2514 572 anima:
2540 510 2829 587 perniciem
2861 531 3139 587 generare,
3168 517 3290 573 ideo
3316 534 3424 573 non
3463 536 3550 576 re-

1922 608 2054 679 fugit
2080 609 2167 662 illa
2201 608 2393 664 afferre
2423 624 2543 679 quae
2572 608 2965 663 conveniebant
3002 608 3071 663 ad
3101 608 3407 665 docendum
3435 625 3537 665 eas

1920 714 2041 770 quae
2067 700 2159 754 illo
2181 700 2368 755 morbo
2390 699 2738 764 laborabant;
2769 698 2864 754 sed
2891 700 3062 769 inquit
3097 718 3111 755 :
3140 699 3197 756 Si
3221 701 3302 754 vis
3322 700 3533 764 ornari,

1923 805 2050 845 vero
2079 798 2131 845 te
2160 800 2353 845 ornatu
2378 791 2514 856 cole,
2538 806 2696 861 quem
2722 790 2879 846 decet
2905 792 3162 847 mulieres
3189 792 3304 862 pias
3333 810 3347 847 :
3379 792 3537 849 bonis

1924 892 1975 938 te
1996 883 2251 953 operibus
2278 897 2435 938 orna.
2465 882 2563 938 Hic
2601 884 2797 938 anima:
2842 884 3019 940 cultus
3058 894 3163 951 est,
3197 884 3285 940 hic
3312 899 3343 940 a
3373 886 3535 940 nullis

1922 976 2162 1031 externis
2192 975 2602 1039 condemnatur.
2630 975 2775 1033 hunc
2817 977 2993 1033 nullus
3022 976 3326 1049 depraedari
3374 988 3528 1048 pote-

1924 1068 2016 1136 rit,
2052 1067 2138 1123 hic
2162 1077 2425 1139 perpetuo
2453 1078 2635 1124 manet
2667 1078 2813 1123 tutus
2843 1078 2897 1125 et
2925 1070 3150 1139 integer.
3187 1071 3229 1125 Λ
3257 1072 3406 1126 cultu
3432 1086 3529 1125 au-

1926 1168 2033 1217 tem
2073 1168 2299 1216 externo
2336 1160 2618 1216 innumera
2648 1162 2896 1216 oriuntur
2935 1162 3072 1215 mala
3106 1163 3383 1217 :nondmn
3413 1163 3545 1218 dico

1922 1253 2117 1307 animae
2147 1261 2489 1318 nocumenta,
2534 1254 2897 1324 arrogantiam
2929 1270 3050 1324 qua:
3098 1255 3225 1311 inde
3265 1257 3528 1322 nascitur,

1924 1340 2235 1411 despectum
2277 1343 2529 1411 proximi,
2578 1342 2772 1397 fastum
2818 1343 3309 1414 spiritus,‘anim:e
3345 1362 3534 1402 corru-

1924 1432 2186 1501 ptionem,
2214 1432 2553 1503 voluptatum
2583 1434 2889 1489 illicitarum
2939 1450 3204 1502 examen;
3246 1435 3363 1492 sed.
3384 1437 3541 1493 facile

1924 1521 2174 1591 diripitur
2207 1523 2298 1577 ille
2332 1524 2507 1579 cultus
2544 1533 2599 1579 et
2630 1522 2957 1580 famulorum
2989 1526 3325 1596 malignitate
3361 1528 3531 1583 latro-

1926 1627 2163 1682 numque
2193 1612 2421 1679 insidiis,
2453 1629 2664 1670 necnon
2706 1616 3163 1687 sycophantarum
3209 1618 3528 1687 calumniis;

1924 1714 1981 1759 et
2022 1704 2228 1760 inﬁnita
2269 1707 2407 1761 mala
2460 1706 2706 1763 invenire
2756 1708 2810 1763 in
2856 1723 2924 1765 eo
2957 1709 3101 1776 licet,
3145 1727 3211 1767 ac
3248 1722 3534 1784 perpetuas

1924 1796 2328 1853 amaritudines.
2357 1798 2519 1867 Atqui
2550 1797 2711 1854 Sarra
2737 1800 2858 1856 talis
2889 1815 2996 1856 non
3034 1814 3190 1869 erat;
3222 1804 3317 1860 sed
3348 1821 3534 1861 verum

1926 1887 2236 1957 possidebat
2265 1897 2513 1944 ornatum
2539 1908 2552 1945 :
2576 1888 2699 1946 ideo
2723 1899 2778 1947 et
2803 1891 2961 1961 digna
2987 1891 3084 1947 fuit
3107 1894 3412 1963 patriarcha
3438 1914 3451 1950 :
3480 1907 3537 1951 et

1924 1978 2063 2032 sicut
2101 1978 2192 2033 ille
2226 1977 2523 2045 festinavit,
2552 1988 2607 2035 et
2643 1980 2699 2035 in
2741 1981 3142 2038 tabernaculum
3175 1986 3432 2051 cucurrit,
3460 1986 3533 2039 ita

1923 2077 1976 2123 et
2021 2068 2134 2137 ipsa
2176 2084 2371 2139 magno
2411 2070 2588 2125 studio
2636 2070 2763 2125 fecit
2804 2087 2925 2141 quae
2956 2072 3215 2143 imperata
3260 2085 3435 2141 erant,
3481 2087 3537 2132 et

1926 2160 2141 2215 miscuit
2174 2168 2281 2215 tres
2333 2176 2614 2216 mensuras
2654 2162 2865 2217 similzn.
2908 2163 3038 2217 Nam
3068 2166 3191 2234 quia
3233 2174 3343 2220 tres
3372 2178 3533 2222 erant

1922 2252 2013 2320 qui
2049 2252 2401 2318 advenerant,
2434 2263 2541 2307 tres
2574 2267 2854 2309 mensuras
2877 2254 3041 2324 jussit
3083 2256 3322 2321 misceri,
3370 2266 3429 2311 ut
3454 2258 3529 2312 ei-

1926 2342 2029 2396 tius
2055 2357 2220 2412 panes
2258 2352 2595 2413 pararentur.
2627 2343 2697 2398 Et
2724 2354 2780 2399 ut
2810 2344 3220 2415 hoc-praecepit,
3261 2347 3329 2401 ad
3362 2347 3531 2403 boves

1924 2434 2037 2503 ipse
2085 2434 2278 2490 iterum
2320 2437 2555 2490 cucurrit
2594 2434 2663 2508 (υ.
2711 2436 2789 2507 7).
2820 2437 2865 2492 0
2916 2439 3062 2493 senis
3086 2438 3462 2508 juventutem!
3504 2458 3537 2496 ο

1921 2524 2116 2580 anima:
2152 2525 2426 2595 vigorem!
2459 2526 2631 2580 currit
2674 2525 2743 2579 ad
2788 2525 2975 2594 boves,
3010 2537 3065 2583 et
3116 2545 3222 2582 non
3266 2531 3532 2599 permittit

1922 2617 2153 2687 aliquem
2183 2617 2500 2672 famulorum
2530 2633 2596 2673 eo
2618 2633 2875 2688 pergere:
2898 2634 2994 2689 per
3016 2620 3197 2674 omnia
3223 2629 3539 2678 monstrans

1924 2709 1987 2763 iis
2017 2709 2107 2779 qui
2149 2708 2498 2775 advenerant,
2529 2720 2729 2780 quanta
2775 2710 3047 2780 voluptate
3087 2712 3339 2781 pet-fusus
3366 2724 3533 2779 esset,

1923 2809 1975 2855 et
2002 2801 2186 2870 quanti
2222 2799 2427 2855 faceret
2455 2816 2644 2855 eorum
2678 2802 3043 2871 praesentiam,
3074 2817 3239 2872 seque
3271 2803 3415 2859 hunc
3438 2821 3537 2874 pro

1925 2891 2177 2946 thesauro
2201 2892 2399 2946 habere
2426 2891 2711 2946 honorem.
2746 2891 2809 2945 Et
2840 2894 3058 2962 accepit,
3088 2894 3278 2962 inquit,
3315 2896 3530 2950 vitulum

1926 2984 2164 3037 tenellam
2193 2993 2239 3037 et
2297 2984 2504 3037 bonum.
2563 2984 2678 3053 Ipse
2726 2999 2818 3053 per
2860 2985 3210 3053 semetipsum
3264 2986 3536 3042 delectqu

1924 3073 2069 3137 fecit,
2102 3084 2157 3129 et
2183 3074 2444 3143 Optimum
2482 3075 2570 3143 qui
2606 3074 2794 3126 aderat
2818 3084 3097 3142 acceptum
3148 3090 3319 3145 puero
3345 3076 3493 3132 dedit
3516 3119 3530 3141 ,

1926 3178 1979 3221 et
2029 3168 2175 3221 illum
2225 3182 2438 3237 quoque
2466 3174 2642 3237 urget,
2678 3175 2736 3221 ut
2784 3167 2902 3221 sine
2954 3183 3103 3221 inora
3126 3177 3384 3237 quantum
3420 3170 3537 3226 fieri

1925 3267 2101 3326 potest
2124 3268 2467 3326 approperet.
3158 3315 3162 3321 ,

1995 3350 2049 3404 6.
2091 3349 2475 3405 Animadverte
2514 3350 2785 3419 quomodo
2830 3350 3007 3403 omnia
3054 3366 3176 3404 cum
3227 3350 3531 3415 velocitate,

1922 3456 2045 3495 cum
2070 3442 2299 3498 ferventi
2328 3443 2627 3509 alacritate,
2662 3457 2785 3496 cum
2824 3442 3114 3508 hilaritate,
3160 3457 3284 3497 cum
3314 3444 3534 3515 gaudio,

1921 3548 2044 3587 cum
2094 3548 2285 3603 magna
2308 3532 2644 3602 jucunditate
2686 3532 2835 3592 ﬁant.
2892 3531 2956 3586 Et
2990 3534 3245 3603 festinavit
3281 3551 3408 3603 puer
3443 3536 3537 3590 hoc

1925 3625 2114 3691 facere.
2153 3621 2339 3692 Neque
2366 3622 2452 3676 hic
2473 3636 2638 3677 senex
2665 3622 2913 3691 quiescit,
2948 3622 3043 3678 sed
3070 3624 3265 3678 iterum
3291 3624 3343 3679 in
3373 3626 3537 3679 mini-

1922 3715 2019 3768 stri
2046 3714 2291 3769 ordinem
2317 3714 2526 3769 transit.
2559 3714 2611 3770 8.
2647 3713 2715 3768 Et
2736 3725 2789 3768 ut
2810 3715 3005 3785 accepit
3036 3716 3277 3786 butyrum
3306 3727 3354 3771 et
3379 3717 3460 3771 lac
3489 3730 3537 3772 et

1922 3806 2155 3873 vitulum,
2188 3823 2337 3875 quem
2380 3815 2711 3873 mactaverat,
2745 3808 2985 3877 apposuit
3028 3808 3151 3861 illis.
3184 3808 3278 3863 Sic
3310 3824 3404 3879 per
3446 3826 3537 3866 se-

1924 3899 2211 3967 metipsum
2254 3900 2434 3952 omnia
2466 3898 2593 3954 facit
2637 3910 2691 3954 et
2734 3900 2974 3968 apponit.
3007 3899 3077 3954 Et
3105 3916 3282 3972 neque
3312 3900 3533 3973 dignum

1924 3991 2275 4061 semetipsum
2303 3992 2516 4046 censuit
2546 3992 2637 4061 qui
2668 3992 2977 4047 consideret
3007 4007 3129 4048 cum
3158 3995 3259 4059 eis,
3299 3996 3395 4051 sed
3429 3998 3535 4053 illis

1923 4082 2333 4137 comedentibus
2367 4081 2619 4137 adstabat
2646 4082 2763 4151 ipse
2794 4082 2895 4137 sub
2924 4084 3141 4139 arborei
3184 4083 3231 4139 Ο
3262 4088 3535 4162 magnitu:

1922 4172 2103 4227 dinem
2148 4172 2561 4242 hospitalitatis!
2605 4186 2639 4229 ο
2678 4173 2997 4229 humilitatis
3042 4176 3456 4234 excellentiam!
3503 4202 3535 4235 υ

1925 4274 2159 4319 mentem
2187 4264 2478 4320 admodum
2525 4265 2860 4335 religiosam!
2895 4266 3143 4322 adstabat
3185 4272 3532 4327 centenarius

1924 4361 2085 4415 homo
2112 4361 2518 4417 cemedentibus
2550 4360 2677 4415 illis.
2704 4360 2833 4415 Mihi
2861 4360 3074 4416 videtur
3100 4370 3227 4417 tunc
3255 4378 3369 4434 pra:
3397 4381 3531 4435 gau-

1922 4453 2011 4507 dio
2027 4452 2411 4521 alacritateque
2443 4451 2631 4517 multa,
2664 4451 3031 4508 imbecillitate
3055 4467 3150 4507 sua
3175 4453 3345 4509 factus
3373 4471 3531 4526 supe-

1925 4546 2053 4608 rior,
2104 4554 2159 4599 et
2198 4544 2365 4599 robur
2390 4544 2662 4615 quoddam
2703 4545 2999 4615 accepisse.
3033 4545 3190 4617 Saepe
3220 4549 3364 4603 enim
3395 4565 3529 4604 con-

1924 4637 2103 4693 suevit
2144 4638 2396 4693 alacritas
2442 4636 2659 4703 animze,
2708 4638 2752 4692 si
2791 4639 3007 4708 quando
3050 4640 3305 4696 roborata
3350 4642 3530 4706 fuerit,

1924 4729 2138 4784 vincere
2160 4728 2405 4797 corporis
2434 4728 2882 4785 imbecillitatem.
2912 4727 3100 4785 Stabat
3124 4731 3284 4802 igitur
3306 4734 3529 4804 patriar-

1924 4818 2023 4875 cha
2051 4819 2203 4888 quasi
2232 4818 2486 4885 famulus,
2521 4819 2623 4873 hoc
2650 4834 2863 4875 summo
2905 4821 3097 4876 honori
3132 4821 3358 4888 habens,
3389 4828 3532 4895 quod

1926 4911 2283 4977 przcsentibus
2308 4910 2657 4977 ministraret,
2698 4921 2752 4967 et
2798 4911 3067 4968 solaretur
3094 4915 3305 4970 itineris
3344 4932 3535 4972 eorum

1926 5003 2185 5059 laborem.
2235 5003 2427 5059 Vidisti
2479 5016 2679 5075 quanta
2725 5005 2859 5075 justi
2910 5004 3298 5076 hospitalitas?
3349 5008 3537 5079 Neque

1925 5096 2065 5149 enim
2097 5096 2198 5151 hoc
2222 5095 2395 5151 solum
2416 5096 2724 5164 considera,
2754 5096 2898 5168 quod
2918 5112 3084 5169 panes
3116 5104 3456 5169 proposuerit
3474 5114 3527 5157 et

1926 5187 2193 5242 vitulum:
2225 5187 2320 5243 sed
2373 5186 2500 5242 illud
2546 5188 2756 5258 cogita,
2804 5192 2925 5241 cum
2980 5198 3183 5257 quanto
3228 5190 3434 5247 honore
3481 5203 3535 5246 et

1926 5286 2125 5346 quanta
2152 5278 2414 5333 modestia
2457 5278 2694 5333 exhibita
2742 5280 2809 5333 sit
2841 5278 3198 5349 hospitalitas.
3244 5281 3358 5336 Non
3398 5284 3538 5339 sicut

1928 5369 2103 5437 multi,
2128 5370 2218 5440 qui
2250 5368 2444 5439 siquid
2491 5370 2597 5425 tale
2635 5368 2881 5435 fecerint,
2916 5371 3234 5439 superhiunt
3270 5382 3323 5426 et
3350 5374 3535 5441 tlespi-

1926 5462 2073 5515 ciunt
2118 5471 2395 5529 susceptos
2438 5460 2702 5530 hospites,
2736 5475 2803 5515 eo
2834 5461 2979 5531 quod
3025 5464 3383 5518 ministerium
3431 5466 3539 5521 illis

1927 5552 2233 5608 exhibeant.
2267 5552 2380 5607 Hoc
2410 5562 2590 5608 autem
2623 5552 2848 5622 perinde
2877 5562 2980 5619 est,
3016 5569 3079 5608 ac
3109 5556 3152 5610 si
3182 5554 3301 5623 quis
3324 5556 3537 5611 divitias

1926 5653 2216 5714 eongreget
2252 5653 2307 5698 et
2348 5644 2699 5699 circumferat
2726 5663 2738 5697 :
2769 5654 2823 5699 et
2866 5660 2987 5700 cum
3026 5646 3325 5717 collegerit,
3356 5650 3536 5701 omnia

1928 5738 2085 5791 simul
2120 5752 2149 5791 e
2175 5737 2421 5791 manilms
2448 5736 2714 5805 projiciat.
2752 5739 3007 5808 Quisquis
3040 5740 3188 5795 enim
3233 5756 3354 5794 cum
3388 5757 3539 5796 arro-

1932 5832 2111 5901 gantia
2160 5840 2410 5901 Operatur
2448 5830 2748 5900 quidpiam,
2811 5842 2862 5885 et
2914 5833 2990 5885 sic
3047 5832 3171 5887 facit
3225 5837 3374 5903 quasi
3419 5835 3537 5903 plus
