4058 6388
498 354 602 408 5δὸ

494 468 757 536 pra~heret
785 481 941 536 quant
967 466 1248 535 acciperet,
1279 468 1449 522 nescit
1475 469 1598 538 quid
1626 466 1782 522 faciat
1811 485 1823 520 τ
1851 466 2072 538 proinde

495 569 547 611 et
575 557 898 623 mercedem,
922 574 1039 627 qum
1068 557 1190 612 hinc
1220 559 1547 627 proveniret,
1571 558 1850 629 disperdit.
1884 560 2075 613 Verum

495 650 666 719 justus
698 649 788 704 ille
825 651 1000 704 sciens
1044 631 1170 718 quid
1224 660 1553 718 operaretur,
1608 665 1701 720 per
1742 649 1917 704 omnia
1963 664 2079 720 quas

495 741 739 808 faciebat,
769 739 1080 795 ostendebat
1108 740 1435 796 alacritatem
1465 742 1677 796 mentis.
1712 741 1779 796 Et
1803 753 2078 810 postquam

496 831 712 898 largiter
739 840 793 885 et
819 844 1006 898 magna
1035 829 1304 886 hilaritate
1332 831 1614 903 seminavit
1640 830 2075 900 hospitalitatem,

494 920 674 973 statim
719 927 773 973 et
802 917 1106 987 manipulos
1143 920 1445 974 uberrimos
1472 921 1712 976 messuit.
1743 920 1875 974 Nam
1903 921 1989 974 ubi
2014 934 2072 974 ea

495 1024 612 1077 qua:
642 1025 706 1063 ex
755 1024 812 1063 se
861 1018 1016 1063 erant
1063 1009 1320 1079 implevit,
1353 1018 1406 1065 et
1444 1010 1577 1064 nihil
1609 1011 1975 1081 praetermisit,
2015 1025 2077 1063 ac

496 1102 652 1154 linem
679 1109 1019 1170 acceperunt,
1043 1117 1160 1171 qua:
1182 1101 1248 1154 ad
1277 1101 1690 1172 hospitalitatem
1720 1103 2072 1174 pertinebant,

494 1190 868 1262 declarataque
894 1191 991 1246 fuit
1011 1191 1138 1261 justi
1162 1193 1328 1246 virtus
1359 1210 1370 1245 :
1408 1203 1534 1248 tunc
1569 1193 1784 1249 demum
1819 1203 1874 1248 ut
1905 1193 2076 1249 disce-

494 1292 576 1336 ret
623 1281 797 1350 justus
850 1293 1169 1352 quantorum
1215 1293 1267 1338 ct
1318 1286 1550 1354 qualium
1610 1287 1866 1341 bonorum
1918 1302 2073 1340 causa

493 1374 648 1428 fuerit
693 1373 1045 1443 hospitalitas,
1085 1375 1393 1430 manifestat
1437 1391 1496 1431 se
1533 1377 1576 1431 is
1623 1377 1713 1445 qui
1757 1376 2072 1442 advenerat,

495 1477 651 1534 atque
687 1467 939 1534 paulatim
976 1467 1177 1536 justum
1214 1483 1326 1522 suae
1363 1467 1777 1537 magnitudinem
1824 1470 2075 1538 potentia!

494 1557 670 1610 docet.
703 1556 834 1611 Nam
866 1557 955 1611 ubi
982 1557 1107 1611 vidit
1137 1573 1256 1611 eum
1289 1565 1518 1612 stantem
1549 1558 1687 1627 apud
1716 1575 1990 1628 quercmn,
2023 1569 2076 1614 et

497 1647 688 1700 stando
731 1663 976 1717 magnum
1036 1648 1294 1703 honorem
1348 1658 1404 1703 et
1458 1651 1809 1704 ministerium
1860 1651 2071 1718 afferre,

492 1738 627 1792 dixit
667 1738 713 1792 ei
743 1756 754 1790 :
787 1738 841 1792 9.
879 1738 976 1792 Ubi
1021 1748 1092 1792 est
1139 1739 1302 1795 Sarra
1342 1757 1470 1794 πέτοι-
1516 1742 1638 1793 tua?
1668 1742 1857 1797 Statim
1897 1752 2073 1798 autem

492 1844 587 1895 per
613 1829 1083 1899 interrogationem
1125 1831 1478 1885 subindicavit
1523 1833 1570 1886 ei
1616 1847 1675 1888 se
1722 1849 1826 1887 non
1860 1848 1980 1889 esse
2009 1850 2073 1888 ex

491 1918 797 1988 vulgaribus
818 1920 1070 1990 aliquem,
1106 1929 1289 1990 utpote
1317 1922 1405 1991 qui
1429 1931 1480 1976 et
1508 1923 1686 1976 uxoris
1715 1924 1854 1977 illius
1881 1940 2071 1980 nomen

495 2012 681 2065 sciret.
732 2012 827 2066 Ille
883 2019 1060 2066 autem
1107 2013 1312 2082 inquit:
1345 2013 1477 2066 Ecce
1520 2016 1579 2070 in
1618 2015 1958 2069 tabernaculo.
2007 2016 2074 2071 Et

491 2102 613 2168 quia
655 2102 857 2166 statim,
893 2109 1159 2170 tamquam
1189 2103 1350 2169 Deus,
1383 2104 1710 2172 pollicitnrus
1741 2115 1853 2159 erat
1884 2108 1930 2159 ei
1958 2123 2076 2184 qua:

489 2206 649 2260 supra
691 2200 932 2246 naturam
962 2200 1137 2259 erant,
1168 2203 1384 2262 propter
1415 2193 1516 2249 hoc
1543 2203 1596 2249 ct
1622 2195 1850 2251 dicendo
1877 2213 2072 2252 nomen

491 2281 665 2335 Sarra:
705 2281 1021 2351 significavit
1059 2298 1215 2353 supra
1263 2284 1532 2340 hominem
1577 2301 1695 2342 esse
1733 2302 1853 2342 eum
1885 2291 1971 2359 qui
2022 2289 2074 2344 in

493 2371 890 2426 tabernaculum
919 2373 1036 2442 ejus
1065 2371 1375 2428 divertcrat.
1408 2375 1493 2429 I0.
1523 2374 1790 2430 Revertens
1817 2378 1967 2442 enim,
1998 2380 2076 2434 in-

490 2461 624 2528 quit,
657 2463 848 2514 veniam
890 2463 956 2514 ad
988 2472 1036 2516 te
1061 2463 1332 2517 secundum
1376 2475 1571 2534 tempus
1611 2466 1705 2518 hoc
1739 2467 1791 2520 in
1829 2469 1997 2533 horas,
2031 2479 2078 2523 et

493 2549 688 2604 habebit
714 2551 879 2619 filium
909 2550 1071 2606 Sarra
1094 2568 1222 2606 uxor
1243 2562 1346 2606 tua.
1379 2554 1518 2608 Ecce
1553 2553 1932 2624 hospitalitatis
1964 2560 2075 2612 fru-

494 2649 634 2705 ctus,
665 2655 789 2694 ecce
819 2640 1112 2696 alacritatis
1147 2644 1288 2696 illius
1315 2643 1465 2699 mira:
1495 2660 1722 2711 merces,
1768 2662 1891 2702 ecce
1931 2648 2076 2703 Iaho-

499 2745 617 2785 rum
645 2730 816 2784 Sarrae
857 2733 1255 2787 retributiones.
1291 2733 1394 2786 Illa
1432 2745 1619 2795 autem,
1664 2737 1852 2806 inquit,
1887 2740 2076 2792 audivit

485 2823 639 2887 juxta
669 2823 849 2875 ostium
871 2823 1198 2890 tabernaculi,
1222 2834 1360 2877 stans
1390 2834 1499 2893 post
1521 2827 1666 2880 illud.
1703 2829 1786 2882 12.
1813 2827 1880 2881 Et
1906 2839 1959 2882 ut
1985 2831 2079 2882 hoc

492 2914 702 2980 audivit,
731 2915 839 2967 risit
865 2931 1051 2978 secum,
1095 2916 1305 2971 (lieens:
1337 2915 1576 2970 Nondum
1608 2919 1807 2989 quidem
1833 2921 1954 2973 mihi
1980 2921 2076 2989 fuit

493 3020 648 3071 usque
672 3019 842 3069 nunc;
873 3005 1104 3057 dominus
1131 3013 1297 3058 autem
1325 3022 1460 3059 meus
1481 3023 1649 3060 senex.
1681 3008 1747 3061 Et
1777 3017 1831 3062 ut
1859 3017 2079 3064 excusa

496 3095 673 3149 divina
703 3096 975 3166 Scriptura
1004 3097 1241 3164 Sarram,
1267 3098 1412 3165 prius
1441 3098 1782 3167 significavit:
1803 3100 1884 3154 il.
1918 3101 2080 3154 Abra-

499 3187 617 3239 ham
644 3195 810 3240 autem
850 3195 896 3240 et
940 3187 1102 3241 Sarra
1126 3189 1377 3256 progressi
1404 3198 1545 3241 erant
1577 3189 1628 3241 in
1658 3179 1829 3244 diebus
1863 3192 1988 3245 suis.
2018 3193 2082 3246 Et

498 3291 670 3345 neque.
710 3275 810 3330 hoc
843 3283 1090 3330 contenta
1127 3276 1310 3345 adjicit
1339 3294 1351 3330 :
1382 3276 1446 3329 Et
1487 3277 1736 3332 desierant
1768 3278 1944 3334 Sarra:
1970 3282 2080 3350 ﬁeri

493 3361 776 3420 muliebria.
825 3366 1105 3423 Arefaetus
1151 3375 1288 3434 erat,
1337 3369 1525 3438 inquit,
1583 3369 1731 3438 fons,
1783 3385 2080 3429 excmcatus

492 3458 699 3524 oculus,
734 3457 946 3512 oflicina
995 3459 1107 3527 ipsa
1148 3467 1262 3513 erat
1308 3458 1509 3514 inutilis
1548 3458 1704 3514 facta.
1735 3461 1816 3516 Ad
1842 3479 1959 3532 qua:
1997 3481 2077 3520 re-

493 3551 726 3619 spiciens
770 3549 952 3616 Sarra,
998 3549 1262 3620 cogitabat
1302 3550 1442 3620 apud
1479 3553 1819 3623 semetipsam
1868 3563 2078 3612 aetatem

500 3654 654 3694 suam
699 3649 752 3694 et
780 3647 1107 3694 senectutem
1145 3640 1458 3709 patriarchae
1487 3641 1556 3714 (υ.
1588 3642 1700 3712 12).
1726 3643 1924 3698 Verum
1953 3646 2078 3700 dum

501 3731 589 3784 illa
619 3731 754 3784 intra
787 3731 1182 3785 tabernaculum
1207 3732 1278 3785 ita
1317 3733 1531 3803 cogitat,
1561 3732 1605 3788 is
1635 3735 1725 3805 qui
1762 3737 1864 3790 scit
1888 3752 2078 3792 arcana

494 3820 710 3892 mentis,
734 3819 1102 3878 demonstrare
1131 3821 1313 3880 volens
1341 3832 1394 3881 et
1419 3823 1630 3885 virtutis
1671 3841 1782 3884 sate
1808 3829 2080 3887 excellen.

497 3915 644 3978 tiam,
691 3923 747 3968 et
795 3908 926 3968 nihil
975 3915 1242 3968 occultum
1288 3930 1347 3970 se
1389 3916 1574 3982 latere,
1631 3919 1760 3972 dicit
1807 3921 2078 3976 Abrahre:

494 4005 583 4058 13.
619 4002 722 4058 Cur
765 4004 877 4057 risit
923 4004 1087 4059 Sarra
1112 4006 1252 4074 apud
1298 4007 1538 4074 seipsum,
1571 4007 1740 4062 dicens
1770 4025 1789 4062 :
1818 4008 2084 4082 Numquid

494 4111 606 4148 vere
625 4095 864 4164 pariam?
889 4111 980 4165 ego
1005 4105 1175 4150 autem
1202 4097 1363 4150 senui.
1393 4096 1520 4152 Ηωο
1543 4099 1684 4153 enim
1713 4100 1800 4154 illa
1826 4101 1964 4172 apud
1993 4117 2082 4158 se-

495 4185 775 4254 metipsam
831 4185 1117 4255 cogitabat.
1175 4185 1264 4240 M.
1321 4185 1463 4240 Num
1507 4188 1833 4259 impossibile,
1890 4193 2079 4264 inquit,

494 4274 634 4343 apud
672 4273 832 4328 Deum
860 4275 1102 4329 verbum?
1130 4275 1270 4331 Ecce
1298 4278 1578 4334 manifeste
1602 4279 1832 4349 seipsum
1859 4281 2076 4353 detegit.

495 4367 610 4422 Non
656 4367 823 4432 scitis,
865 4366 1055 4436 inquit,
1100 4381 1207 4434 me,
1248 4377 1451 4424 natura:
1495 4369 1753 4426 Dominus
1791 4387 1910 4428 cum
1951 4375 2072 4441 sim,

498 4458 677 4512 omnia
720 4471 878 4527 posse
919 4457 1133 4526 quando
1178 4459 1421 4536 voluero,
1467 4466 1522 4514 et
1567 4473 1830 4517 mortuam
1873 4479 2081 4535 quoque

500 4547 710 4601 vulvam
762 4545 1042 4602 fecundam
1086 4557 1141 4603 et
1185 4550 1356 4618 partui
1397 4549 1640 4605 idoneam
1692 4551 1904 4609 facere?
1940 4555 2080 4610 Nunt

497 4637 839 4707 impossibile,
905 4638 1111 4708 inquit,
1178 4639 1319 4709 apud
1375 4639 1540 4695 Deum
1603 4643 1838 4714 aliquid?
1896 4645 2083 4702 Nonne

503 4728 680 4781 ontiiia
733 4728 867 4782 facio
914 4737 968 4783 et
1009 4728 1365 4783 transformo?
1412 4746 1592 4786 nonne
1632 4735 1756 4788 vitae
1796 4743 1850 4788 et
1896 4738 2084 4791 mortis

501 4807 820 4887 potestatem
867 4819 1074 4873 habeo?
1103 4818 1156 4872 Ν
1163 4837 1247 4873 nm
1273 4822 1578 4891 impossibile
1617 4833 1689 4878 est
1723 4826 1918 4894 aliquid
1943 4830 2082 4896 apud

503 4907 709 4961 Deum?
738 4908 925 4964 Nonne
961 4911 1106 4977 prius
1146 4909 1244 4964 hoc
1292 4913 1557 4981 pollicitus
1594 4915 1753 4969 sum?
1793 4916 1929 4971 Num
1986 4934 2080 4989 po-

503 5007 608 5049 test
640 4997 908 5066 quidpiam
938 5013 965 5050 a
995 5014 1079 5054 me
1112 4999 1310 5055 dictum
1338 5018 1442 5056 non
1481 5004 1534 5058 in
1571 5018 1705 5073 Opus
1727 5007 1912 5062 exire?
1941 5011 2077 5064 Audi

502 5087 681 5156 igitur,
714 5087 852 5156 quod
882 5087 946 5141 In
978 5093 1314 5159 temporehoc
1341 5104 1562 5148 revertar
1581 5097 1648 5149 ad
1674 5107 1720 5150 te
1750 5098 1802 5151 in
1828 5099 2000 5167 horas,
2036 5114 2081 5156 et

502 5181 593 5233 erit
634 5179 808 5233 Same
837 5180 996 5249 filius.
1045 5181 1327 5253 Postquam
1373 5198 1686 5259 reverterok
1714 5190 1902 5260 inquit,
1949 5203 2081 5247 tem-

501 5285 631 5339 pore
661 5271 779 5335 hoc,
815 5279 938 5326 tunc
965 5273 1096 5328 sciet
1119 5290 1178 5330 re
1208 5276 1318 5344 ipsa
1356 5277 1517 5330 Sarra
1545 5279 1687 5347 quod
1718 5295 1888 5349 neque
1919 5297 2078 5340 sene-

499 5371 619 5412 ctus
641 5360 689 5414 ei
710 5361 982 5416 obstacqu
1011 5362 1192 5430 fuerit,
1218 5380 1391 5434 neque
1421 5369 1670 5424 sterilitas
1700 5388 1712 5424 :
1743 5372 1835 5426 sed
1859 5374 2079 5430 verbum

501 5463 681 5502 meum
713 5465 816 5502 non
843 5452 1036 5520 poterit
1057 5453 1262 5507 irritum
1286 5456 1455 5520 reddi,
1489 5467 1540 5511 et
1568 5471 1747 5527 partus
1769 5477 1885 5518 eam
1916 5467 2075 5524 doce-

499 5538 578 5592 bit
604 5553 786 5593 eorum
818 5557 932 5610 qua:
962 5558 990 5596 a
1021 5559 1106 5599 me
1129 5544 1270 5600 dicta
1313 5557 1436 5600 sunt
1473 5553 1783 5617 potentiam.
1812 5555 2077 5614 Cteterum

501 5639 559 5681 ut
586 5629 672 5682 illa
707 5630 924 5698 audivit,
956 5649 1126 5703 neque
1147 5636 1236 5689 illa
1260 5652 1379 5706 qua:
1405 5642 1659 5709 cogitaret
1687 5660 1811 5700 esse
1832 5655 2078 5716 przescnti

500 5724 727 5789 occulta,
770 5721 853 5776 IS.
906 5723 1118 5795 Negavit
1159 5728 1366 5784 dicens:
1400 5729 1517 5786 Non
1564 5735 1670 5788 risi.
1712 5736 1892 5794 Timor
1937 5744 2076 5799 enim

1211 354 1263 409 S.
1306 354 1582 412 JOANNIS
1619 350 2089 410 CIIRYSOSTOMI
2132 353 2446 412 ARCIIIEP.
2489 356 3021 417 CONSTANTINOP.

3673 366 3776 423 383

2188 482 2532 526 concusserat
2571 473 2688 544 ejus
2730 485 2985 532 mentem.
3031 476 3320 548 Propterea
3361 477 3635 552 Scriptura
3678 482 3781 538 hoc

2188 568 2356 614 totum
2399 561 2692 618 inﬁrmitati
2733 565 2850 635 ejus
2891 567 3128 624 tribuens
3167 568 3356 640 inquit,
3401 569 3603 626 Timore
3644 575 3780 627 enim

2186 652 2451 718 perterrita
2486 653 2606 724 fuit.
2649 654 2843 710 Verum
2884 659 3183 727 patriarcha
3215 661 3344 718 dicit
3379 662 3429 718 ei
3453 678 3470 720 :
3496 662 3638 729 Non,
3690 671 3781 721 sed

2185 742 2361 797 risisti.
2389 741 2466 797 Ne
2495 753 2666 814 putes,
2702 746 2891 817 inquit,
2922 748 3046 804 licet
3073 749 3126 805 in
3153 751 3333 810 animo
3360 751 3474 808 hare
3504 761 3771 809 tractave-

2185 831 2278 898 ris,
2312 841 2363 887 et
2392 833 2444 887 in
2474 837 2682 890 occulto
2722 837 2924 902 riseris,
2961 838 3074 894 haec
3095 854 3257 911 posse
3281 842 3532 898 abscondi
3569 844 3637 898 ab
3661 847 3782 914 ejus

2183 924 2272 992 qui
2305 924 2523 980 advenit
2545 927 2741 983 virtute
2766 935 2820 982 et
2852 929 3096 985 scientia.
3133 930 3314 1001 Itaque
3341 948 3536 1004 negare
3575 933 3778 989 factum

2185 1017 2311 1081 noli,
2343 1033 2409 1072 ne
2452 1017 2618 1072 addas
2655 1019 2722 1074 ad
2766 1031 3069 1090 peccatum.
3102 1022 3287 1092 Magna
3332 1027 3473 1081 enim
3509 1026 3669 1083 hodie
3709 1028 3780 1082 ab

2187 1103 2288 1160 hac
2313 1106 2672 1175 hospitalitate
2701 1110 2854 1164 nobis
2876 1099 3200 1180 'provenient
3224 1112 3384 1168 bona.

2255 1197 2305 1250 7.
2352 1195 2566 1252 Herulis
2612 1200 2915 1255 exhortatio.
2951 1202 3196 1259 —Hunc
3244 1204 3511 1262 imitemur
3559 1221 3784 1275 omnes,

2181 1297 2236 1342 et
2259 1303 2500 1357 magnam
2534 1303 2782 1360 geramus
2810 1291 3186 1361 hospitalitatis
3212 1309 3393 1351 curam
3419 1314 3432 1350 :
3465 1311 3568 1353 non
3599 1307 3657 1352 ut
3685 1299 3782 1354 liu-

2181 1391 2368 1432 xorum
2391 1386 2445 1432 et
2468 1380 2887 1449 corruptibilium
2929 1381 3334 1439 retributionem
3359 1385 3532 1440 solum
3556 1389 3786 1458 accipia-

2181 1483 2299 1522 mus
2320 1509 2334 1532 ,
2358 1468 2451 1522 sed
2480 1477 2534 1522 ut
2559 1484 2880 1540 reponamus
2909 1473 3061 1527 nobis
3087 1472 3244 1528 etiam
3277 1474 3655 1532 immortalium
3689 1480 3785 1534 bo-

2181 1572 2367 1611 norum
2395 1557 2718 1613 fruitionem.
2759 1560 2890 1616 Nam
2914 1565 2955 1615 si
2981 1564 3082 1618 hoc
3119 1562 3340 1620 facimus
3361 1607 3376 1632 ,
3397 1581 3494 1622 nos
3515 1568 3673 1622 etiam
3697 1569 3787 1624 hic

2179 1647 2444 1701 Christum
2471 1650 2823 1718 suscipiemus
2847 1693 2862 1719 ,
2893 1660 2950 1706 et
2977 1654 3227 1724 suscipiet
3253 1655 3413 1711 etiam
3462 1659 3575 1727 ipse
3604 1675 3700 1714 uos
3730 1661 3782 1715 in

2181 1740 2540 1795 mansionibus
2580 1742 2680 1798 illis
2706 1758 2822 1812 quae
2849 1744 2916 1798 ab
2937 1753 3138 1800 aeterno
3165 1756 3473 1818 praeparata:
3503 1760 3628 1805 sunt
3656 1750 3752 1805 dili
3771 1782 3786 1792 ο

2177 1829 2418 1898 gentibus
2447 1829 2615 1899 ipsum
2639 1879 2653 1897 ,
2694 1831 3072 1904 audiemusque
3101 1833 3170 1888 ab
3195 1849 3261 1895 eo
3301 1854 3313 1890 :
3353 1835 3557 1904 Venite,
3587 1840 3789 1893 benedi-

2180 1921 2246 1972 cti
2263 1919 2444 1977 Patris
2469 1923 2592 1988 mei,
2619 1923 2671 1976 in
2694 1925 3018 1978 hereditatem
3044 1926 3256 1996 accipite
3289 1937 3630 1997 pref-aratum
3653 1934 3790 1987 vobis

2180 2026 2388 2080 regnum
2413 2011 2473 2064 ab
2498 2013 2689 2082 origine
2715 2014 2890 2067 mundi
2908 2014 3120 2084 (Matth.
3146 2017 3234 2072 25.
3261 2018 3468 2089 διεδ).
3485 2019 3646 2090 (lujus
3667 2037 3788 2091 gra-

2183 2099 2250 2152 tia
2293 2111 2344 2155 et
2399 2111 2616 2170 propter
2665 2105 2835 2172 quid?
2865 2104 3071 2159 Esurivi
3123 2107 3288 2175 enim,
3321 2116 3366 2162 et
3405 2109 3612 2164 dedistis
3665 2112 3790 2165 mihi

2181 2191 2525 2244 manducare:
2559 2192 2692 2246 sitivi
2714 2236 2728 2258 ,
2760 2202 2806 2246 et
2847 2196 3056 2262 potestis
3084 2211 3162 2249 me
3185 2211 3205 2250 :
3256 2199 3550 2268 peregrinus
3593 2202 3695 2270 fui,
3742 2213 3788 2255 et

2181 2282 2450 2350 collegistis
2469 2285 2640 2338 me:in
2659 2302 2853 2340 carcere
2878 2289 2975 2358 fui,
2997 2298 3040 2342 et
3065 2289 3302 2350 invisistis
3333 2307 3427 2345 me.
3451 2293 3584 2358 Quid
3611 2295 3792 2350 minus

2181 2371 2461 2426 molestum
2509 2389 2665 2443 quam
2718 2375 2871 2431 haec?
2914 2377 3049 2432 Num
3098 2379 3337 2450 praecipit.
3379 2382 3530 2437 nobis
3577 2386 3791 2441 curiose

2179 2462 2405 2515 scrutari
2435 2471 2490 2517 et
2539 2463 2828 2533 inquirere,
2871 2467 3184 2537 quibusnam
3236 2469 3552 2526 deberemus
3597 2487 3782 2528 curam

2180 2551 2471 2606 exhibere?
2507 2553 2584 2607 'I‘u
2631 2556 2773 2624 quod
2811 2567 2957 2612 tuum
2989 2567 3103 2626 est,
3138 2559 3333 2629 inquit,
3371 2563 3615 2631 ostende,
3663 2565 3791 2620 licet

2180 2642 2419 2711 abjectus
2464 2655 2518 2700 et
2544 2647 2663 2702 vilis
2689 2648 2777 2714 sit,
2833 2661 2890 2704 ut
2921 2661 3172 2720 apparet,
3206 2668 3361 2720 quem
3420 2652 3566 2710 foves
3598 2675 3611 2711 :
3668 2675 3792 2729 qua:

2182 2735 2323 2787 enim
2347 2735 2397 2788 in
2427 2735 2542 2791 illos
2565 2738 2697 2792 facta
2719 2748 2861 2806 sunt,
2888 2755 2988 2810 ego
3009 2751 3065 2796 ut
3092 2744 3219 2798 mihi
3247 2746 3342 2816 ipsi
3367 2745 3501 2801 facta
3533 2762 3788 2818 agnosco.

2185 2825 2468 2895 Propterea
2490 2827 2692 2884 addidit
2715 2847 2728 2882 :
2751 2829 2814 2884 In
2836 2843 3080 2898 quantum
3105 2835 3292 2904 fecistis
3315 2838 3402 2890 uni
3419 2841 3632 2908 fratrum
3658 2857 3790 2895 meo-

2182 2929 2300 2966 rum
2329 2917 2680 2984 minimarum,
2709 2919 2833 2971 mihi
2861 2921 3045 2988 fecistis
3077 2921 3234 2992 (Ibid.
3260 2940 3309 2979 υ.
3332 2928 3446 2997 40).
3482 2928 3641 2996 Igitur
3669 2943 3792 2983 cum

2185 3012 2330 3059 tanta
2357 3020 2422 3059 ex
2455 3006 2811 3078 hospitalitate
2847 3013 2954 3085 sint
2986 3013 3166 3081 lucra,
3197 3031 3299 3069 non
3350 3027 3756 3076 contemnamus
3777 3062 3792 3085 ,

2185 3096 2280 3153 sed
2309 3097 2544 3166 quotidie
2589 3099 2747 3170 hujus
2781 3081 2932 3156 bona:
2963 3105 3334 3174 negotiationis
3364 3122 3570 3164 merces
3596 3109 3796 3166 inferre.

2185 3188 2512 3257 Studeamus,
2566 3192 2796 3247 scientes
2845 3194 3124 3251 Dominum
3172 3206 3413 3254 nostrum
3465 3199 3796 3258 alacritatem

2185 3293 2452 3347 magnam,
2499 3295 2604 3334 non
2648 3282 2888 3337 ciborum
2937 3286 3144 3354 pondus
3173 3290 3606 3360 requirere,non
3632 3308 3790 3348 men-

2185 3381 2298 3427 sam
2325 3377 2710 3438 sumptuosam,
2740 3372 2835 3427 sed
2880 3385 3113 3432 mentem
3141 3364 3368 3435 Iiilarem
3388 3422 3402 3446 ,
3432 3394 3538 3436 non
3589 3391 3796 3439 tantum

2186 3458 2542 3514 ministerium
2574 3476 2603 3515 a
2632 3461 2789 3517 nudis
2817 3465 3015 3531 verbis,
3046 3467 3141 3522 sed
3161 3470 3436 3526 caritatem
3466 3486 3497 3527 a
3525 3488 3659 3543 puro
3679 3477 3792 3531 siu-

2185 3563 2416 3620 ceroque
2465 3553 2644 3608 corde.
2678 3553 2879 3610 Idcirco
2931 3567 2986 3632 et
3015 3559 3250 3630 ,sapiens
3289 3562 3504 3632 quidam
3549 3566 3797 3624 dicebat:

2186 3639 2373 3694 Melior
2409 3657 2572 3696 sermo
2593 3660 2743 3713 quam
2765 3630 3165 3722 Munus-(Fam.
3198 3652 3284 3708 18.
3307 3630 3426 3728 i6).
3471 3656 3626 3728 Stepc
3652 3661 3800 3716 enim

2187 3734 2450 3790 sermonis
2472 3735 2787 3809 obsequium
2815 3740 2983 3812 magis
3006 3754 3215 3801 recreat
3240 3745 3564 3820 indigentem
3588 3792 3604 3817 ,
3633 3767 3796 3822 quam

2187 3827 2389 3883 donum
2414 3830 2606 3899 ipsum.
2637 3831 2762 3888 Haec
2797 3848 2919 3889 eum
2947 3837 3179 3892 sciamus
3198 3881 3214 3905 ,
3247 3855 3315 3895 ne
3339 3840 3506 3897 simus
3552 3843 3803 3901 difficiles

2188 3935 2310 3991 erga
2341 3937 2433 3977 eos
2474 3924 2563 3993 qui
2592 3922 2657 3978 ad
2689 3940 2786 3981 nos
2813 3926 3074 3983 accedunt
3099 3947 3111 3983 :
3141 3930 3233 3985 sed
3265 3931 3311 3987 si
3351 3934 3680 4003 potuerimus
3708 3953 3805 3993 eo-

2188 4028 2307 4068 rum
2335 4015 2568 4084 in0piam
2589 4017 2868 4076 sublevare
2889 4061 2903 4084 ,
2930 4019 3033 4077 hoc
3057 4021 3314 4079 faciamus
3340 4039 3462 4080 cum
3476 4027 3670 4098 gaudio
3701 4030 3797 4084 Iac-

2191 4105 2410 4177 titiaque
2446 4124 2634 4179 magna
2664 4128 2677 4163 :
2711 4121 2895 4167 nonut
2937 4115 3235 4183 prtebentes
3266 4117 3462 4190 aliquid
3483 4161 3498 4186 ,
3531 4121 3624 4176 sed
3653 4131 3710 4177 ut
3733 4124 3804 4178 ab

2189 4196 2266 4251 eis
2291 4199 2518 4263 maxima
2546 4201 2868 4272 accipientes
2900 4221 2912 4256 :
2941 4205 3082 4273 quod
3131 4208 3174 4262 si
3223 4223 3328 4264 non
3377 4225 3659 4280 possumus
3681 4255 3700 4283 ,
3735 4232 3804 4272 ne

2189 4290 2355 4346 simus
2383 4293 2557 4362 asperi
2588 4294 2639 4348 in
2693 4311 2786 4350 eos
2817 4313 2830 4351 :
2863 4296 2956 4352 sed
2988 4299 3163 4353 verbis
3188 4301 3379 4357 saltem
3407 4317 3595 4359 eorum
3615 4321 3805 4365 curam

2188 4396 2440 4452 agamus,
2503 4392 2557 4440 et
2605 4399 2725 4441 cum
2778 4389 3183 4446 mansuetudine
3226 4394 3648 4464 respondeamus
3697 4402 3801 4456 eis.

2187 4470 2363 4538 Quare
2399 4475 2541 4528 enim
2568 4473 2699 4531 dure
2722 4477 3013 4548 compellas
3056 4481 3203 4536 eum?
3250 4483 3386 4540 Num
3434 4489 3620 4559 cogit?
3675 4506 3807 4547 num

2189 4562 2297 4616 vim
2327 4562 2490 4618 facit?
2522 4565 2688 4632 Orat,
2719 4569 2999 4639 supplicat,
3031 4571 3276 4629 obsecrat
3301 4594 3312 4629 :
3342 4578 3431 4646 qui
3474 4588 3654 4635 autem
3683 4580 3806 4636 brec

2191 4651 2350 4718 facit,
2380 4656 2702 4711 contumelia
2729 4656 2919 4727 dignus
2948 4673 3054 4714 non
3084 4671 3183 4717 est.
3218 4663 3354 4731 Quid
3397 4665 3552 4733 dico,
3590 4680 3706 4725 orat
3748 4682 3806 4726 et

2189 4742 2473 4811 supplicat?
2505 4744 2780 4800 lnnumcra
2826 4747 2962 4804 bene
2991 4763 3308 4822 apprecatur
3328 4797 3343 4822 ,
3374 4765 3429 4811 et
3475 4756 3590 4813 hzec
3617 4763 3798 4815 omnia

2193 4831 2318 4886 facit
2349 4848 2445 4902 pro
2465 4835 2796 4905 unoﬁbolo,
2827 4853 3000 4910 neque
3027 4850 3204 4898 tamen
3232 4843 3381 4899 illum
3408 4863 3709 4918 erogamus.
3743 4853 3810 4907 Et

2189 4935 2348 4993 quam
2393 4943 2741 4998 assequemur
2772 4933 3022 4987 veniam?
3051 4950 3210 5005 quam
3252 4937 3564 4994 habebimus
3611 4942 3806 4998 defen-

2189 5019 2431 5073 sionem?
2461 5019 2565 5090 Ipsi
2607 5023 2822 5093 quidem
2851 5027 3088 5096 quotidie
3130 5029 3328 5085 lautam
3357 5047 3596 5088 mensam
3649 5037 3808 5092 nobis

2189 5112 2380 5180 apponi
2411 5125 2694 5183 curamus,
2740 5126 2793 5171 et
2844 5132 2986 5188 saepe
3018 5120 3138 5189 plus
3167 5137 3330 5191 quam
3359 5139 3484 5179 usus
3536 5128 3763 5197 requirit
3791 5175 3806 5196 ,

2193 5202 2548 5261 insumimus:
2583 5208 2686 5264 illis
2727 5225 2853 5264 vero
2893 5227 3067 5282 neque
3095 5230 3318 5284 parvum
3338 5218 3462 5288 quid
3506 5225 3806 5278 communis

2189 5310 2393 5362 camus,
2418 5297 2574 5368 idque
2589 5315 2710 5354 cum
2730 5301 3004 5356 innumera
3028 5303 3166 5358 bona
3184 5321 3277 5375 per
3293 5307 3390 5362 hos
3414 5325 3510 5364 nos
3528 5309 3808 5367 habituros

2190 5396 2582 5456 exspectemus.
2648 5391 2750 5445 Sed
2797 5405 2830 5446 o
2884 5408 3128 5463 magnam
3197 5397 3486 5454 desidiam!
3538 5403 3803 5470 Quantam

2190 5476 2330 5530 enim
2387 5478 2511 5534 hinc
2545 5480 2806 5548 jacturam
2858 5483 3119 5540 facimus?
3160 5497 3414 5557 quantum
3447 5491 3578 5547 lucri
3610 5511 3640 5549 e
3686 5513 3797 5550 ma-

2190 5567 2344 5623 nibus
2401 5571 2598 5625 nostris
2675 5574 2934 5630 excedere
3003 5579 3397 5644 permittimus?
3452 5584 3800 5643 Occasionem

2189 5669 2386 5712 nostra:
2414 5661 2602 5714 salutis
2640 5677 2668 5715 a
2695 5662 2798 5733 Deo
2828 5666 2982 5719 nobis
3008 5667 3183 5722 datam
3215 5673 3600 5743 amaudamus,
3633 5693 3805 5748 neque

2188 5751 2504 5818 Cogitamus,
2539 5753 2615 5808 vel
2660 5753 2709 5808 in
2761 5767 2936 5811 tuente
2999 5773 3273 5817 versamus
3321 5763 3439 5819 hinc
3487 5770 3799 5837 parvitatem
