4144 6428
1198 864 2797 1081 PB/EFATIO

1960 1297 2021 1337 IN

1436 1524 2018 1630 QUARTUM
2092 1522 2569 1613 TOMUM.

412 2187 554 2248 Iam
584 2185 916 2265 attigimus
942 2183 1421 2266 Commenlaria
1448 2202 1563 2246 seu
1590 2185 1905 2248 Homilias
1932 2185 1998 2246 Β.
2040 2186 2309 2248 Joannis
2343 2184 2880 2266 Chrysostomiin
2910 2184 3308 2266 Scripturam
3336 2205 3587 2253 sacram
3613 2237 3630 2265 ,

337 2283 483 2343 qua:
508 2266 656 2345 jure
701 2263 805 2345 vel
825 2264 1291 2345 commentaria
1329 2265 1428 2345 vel
1481 2267 1828 2345 conciones
1860 2266 2076 2326 vocari
2108 2270 2383 2343 possunt
2412 2304 2429 2336 ,
2462 2263 2616 2341 quia
2648 2264 2714 2323 in
2751 2263 3294 2345 illis_interpretis
3339 2269 3531 2329 simul
3564 2263 3628 2332 et

337 2342 715 2406 Christiana:
750 2343 1101 2421 disciplinae
1153 2344 1432 2404 doctoris
1463 2345 1597 2421 agit
1631 2343 1935 2405 ofﬁcium.
1966 2342 2263 2405 Praeeunt
2300 2349 2516 2405 autem
2562 2342 2807 2403 caeteris
2852 2342 3148 2405 Homilies
3186 2345 3251 2405 in
3291 2346 3627 2421 Genesim,

337 2443 482 2503 quae
507 2440 780 2485 numero
811 2422 1150 2501 sexaginta
1175 2428 1424 2503 septem
1452 2427 1661 2484 totum
1684 2424 1920 2485 librum
1947 2424 2317 2485 absolvunt.
2349 2424 2460 2503 His
2487 2421 2925 2503 subjiciuntur
2953 2421 3292 2486 Sermones
3311 2444 3542 2489 novem
3567 2431 3632 2488 in

340 2501 664 2576 Genesim,
689 2503 962 2580 aliquot,
992 2506 1062 2562 ut
1091 2501 1369 2574 videtur,
1390 2504 1580 2564 annis
1616 2503 1767 2563 editi
1793 2508 2145 2580 antequam
2174 2508 2381 2563 totum
2408 2502 2645 2562 librum
2687 2502 3248 2580 interpretaretur.
3280 2505 3413 2566 Hos
3451 2510 3637 2569 exci-

335 2585 522 2661 piunt
536 2579 829 2643 Homiliaé
858 2582 1150 2661 quinque
1174 2582 1241 2641 in
1273 2584 1529 2643 Annam
1553 2587 1825 2643 matrem
1853 2579 2194 2654 Samuelis,
2226 2598 2372 2659 quae
2401 2581 2705 2661 olimgsex
2734 2579 2935 2652 fuere,
2974 2581 3084 2642 sed
3109 2600 3242 2644 una
3273 2601 3496 2647 earum
3527 2587 3636 2646 in-

336 2659 531 2742 teriit.
580 2663 825 2742 Agmen
881 2659 1190 2721 claudunt
1220 2665 1350 2722 tres
1386 2661 1684 2723 Homilies
1731 2663 1798 2722 in
1829 2662 2135 2724 Davidem
2165 2665 2228 2722 et
2254 2660 2535 2721 Saiilem.
2569 2660 2642 2719 In
2681 2659 2819 2721 haec
2847 2666 3064 2721 autem
3098 2662 3316 2724 omnia
3338 2665 3633 2742 quaedam

334 2741 441 2803 hic
465 2740 866 2803 observanda
888 2743 1062 2802 sunt.

374 2865 402 2936 ᾗ
434 2865 484 2925 l.
520 2866 605 2925 De
634 2881 889 2925 numero
921 2850 1347 2925 Homiliarum
1376 2865 1446 2925 in
1470 2863 1774 2934 Genesim,
1818 2873 1874 2925 et
1908 2864 2335 2927 Antiochiam
2362 2881 2445 2924 an
2471 2862 3031 2957 Constantinopoli
3061 2863 3289 2925 habites
3315 2866 3580 2942 fuerint.

418 2991 510 3051 De
536 2988 816 3050 homiliis
859 2988 1037 3049 hisce
1066 3005 1199 3048 non
1228 3005 1438 3067 pauca
1468 2986 1723 3050 disserit
1750 2989 2040 3063 Photius,
2071 3006 2218 3067 quas
2243 2988 2308 3048 in
2341 2992 2667 3066 postremo
2688 2990 2890 3049 Tomo
2912 3005 3043 3051 una
3076 3008 3222 3051 cum
3250 2991 3395 3053 aliis
3422 3012 3505 3055 ex
3537 3013 3634 3056 eo-

330 3068 475 3130 dem
497 3069 809 3152 scriptore
836 3069 1157 3152 excerptis
1178 3069 1693 3152 publicabuntur
1723 3088 1737 3128 :
1765 3069 2025 3152 interim
2047 3086 2203 3130 vero
2236 3069 2371 3152 haec
2399 3068 2773 3152 annotanda
2803 3072 2955 3129 sunt
2995 3089 3011 3128 :
3065 3070 3358 3152 Photium
3401 3090 3630 3152 nempe

328 3148 667 3227 sexaginta
701 3154 760 3207 et
788 3164 984 3209 unam
1022 3147 1316 3227 homilias
1344 3151 1412 3208 in
1444 3147 1744 3209 Genesim
1777 3166 1847 3209 se
1878 3148 2113 3210 vidisse
2144 3146 2473 3209 testiﬁcari
2502 3166 2518 3206 :
2553 3164 2635 3207 ne
2682 3152 2899 3208 autem
2929 3167 3221 3210 errorem
3252 3151 3318 3210 iu
3355 3146 3627 3214 numero

331 3225 544 3289 inesse
576 3233 900 3305 putemus,
934 3225 1106 3286 addit
1136 3243 1244 3287 eas
1282 3245 1351 3287 se
1380 3227 1685 3289 habuisse
1709 3228 1913 3289 tribus
1946 3228 2385 3287 voluminibus
2415 3227 2947 3304 comprehensas,
2979 3246 3260 3305 quorum
3300 3248 3508 3291 unum
3540 3233 3630 3294 vi-

328 3307 491 3387 ginti
539 3307 833 3368 homilias
867 3307 1166 3387 habebat,
1218 3307 1575 3367 secundum
1610 3307 1931 3387 sexdecim
1957 3351 1973 3380 ,
2004 3309 2267 3387 tertium
2300 3305 2857 3387 vigintiquinque
2887 3306 3113 3387 ;runde
3161 3308 3225 3367 id
3259 3312 3630 3373 necessario

333 3385 755 3464 consequitur
784 3430 801 3459 ,
833 3386 932 3447 vel
970 3386 1114 3446 illas
1143 3402 1306 3461 quas
1358 3404 1630 3447 numero
1656 3385 1735 3445 67
1780 3385 1970 3446 hodie
2020 3385 2334 3447 habemus
2376 3385 2705 3456 homilias,
2740 3386 2895 3445 olim
2918 3386 2987 3445 in
3014 3386 3356 3463 pauciores
3387 3390 3625 3452 divisas

332 3466 556 3536 fuisse,
592 3467 688 3525 vel
715 3465 920 3526 Photii
953 3465 1286 3542 exemplar
1315 3482 1447 3525 non
1478 3482 1702 3526 omnes
1730 3464 1797 3524 in
1830 3465 2131 3525 Genesim
2164 3464 2463 3525 homilias
2494 3465 2905 3541 complexum
2936 3464 3154 3526 fuisse.
3193 3465 3331 3527 Hoc
3360 3473 3627 3543 postre-

330 3563 509 3604 mum
548 3545 846 3605 libentius
897 3543 1197 3604 credam:
1232 3544 1467 3605 etenim
1511 3561 1733 3605 omnes
1786 3561 1950 3621 quas
1994 3544 2339 3623 sexaginta
2391 3548 2636 3623 septem
2677 3560 2950 3604 numero
3006 3544 3316 3605 habemus
3350 3546 3627 3610 homilias

330 3642 451 3685 suo
482 3625 759 3702 gaudent
784 3623 1050 3684 exordio
1078 3628 1141 3684 et
1162 3622 1308 3694 fine,
1338 3624 1703 3701 incipientis
1724 3642 1800 3687 ac
1820 3621 2186 3685 desinentis
2203 3628 2421 3683 notam
2441 3621 3067 3700 praeferentibus.Ex
3100 3623 3178 3683 iis
3211 3632 3428 3685 autem
3460 3628 3625 3689 Pho-

330 3705 460 3764 lius
494 3704 711 3782 viginti
744 3709 986 3781 septem
1019 3704 1083 3762 in
1112 3703 1620 3782 Quadragesima
1649 3703 1908 3766 habitas
1937 3704 2129 3776 dicit;
2178 3721 2322 3763 cum
2351 3707 2566 3763 tamen
2602 3702 2671 3762 in
2704 3702 3037 3764 hodiernis
3066 3703 3366 3768 omnibus
3401 3724 3628 3767 exem-

328 3781 911 3876 plaribus‘tri‘ginta
940 3783 1080 3842 dum
1112 3782 1177 3876 in
1207 3781 1713 3876 Quadragesima
1751 3784 1982 3876 habitae
2038 3784 2382 3876 feranturi
2417 3799 2492 3842 ac
2520 3781 2792 3876 proinde
2841 3788 3089 3876 certum
3133 3790 3233 3876 est
3259 3784 3322 3875 in
3345 3784 3626 3876 udupbus

328 3862 555 3941 primis
585 3861 878 3923 Photiani
911 3861 1299 3939 exemplaris
1333 3863 1521 3922 tomis
1552 3863 1843 3940 quinque
1882 3863 2182 3923 homilias
2213 3861 2495 3923 defuisse
2524 3883 2540 3932 ;
2574 3861 2697 3921 nisi
2730 3867 2943 3941 tamen
2977 3862 3039 3921 id
3070 3880 3149 3923 ex
3176 3862 3511 3925 divisionis
3533 3866 3629 3925 di-

330 3940 631 4003 versitate
662 3941 1005 4020 prodierit,
1040 3941 1212 4017 quod
1257 3959 1425 4020 aegre
1467 3941 1863 4002 admiserim.
1913 3942 2088 4020 Idem
2144 3958 2299 4001 vero
2338 3940 2602 4020 Photius
2648 3940 3068 4002 subdubitare
3103 3941 3361 4002 videtur
3383 3946 3627 4005 Antio—

327 4022 576 4083 chiene
601 4065 616 4089 ,
654 4019 737 4082 an
762 4019 1334 4097 Constantinopoli
1364 4021 1462 4081 hae
1489 4020 1765 4082 homiliie
1791 4021 2027 4082 habitas
2055 4019 2316 4082 fuerint.
2359 4019 2640 4080 Savilius
2673 4023 2890 4080 autem
2934 4020 3137 4079 Photii
3194 4037 3353 4081 usus
3389 4028 3628 4085 aucto—

327 4100 516 4162 ritate
550 4100 640 4161 sic
672 4103 1059 4162 sententiam
1113 4099 1434 4177 expromit
1463 4112 1649 4161 suam
1682 4119 1697 4158 :
1734 4123 1763 4156 ‹‹
1797 4101 1889 4161 De
1917 4100 2063 4160 loco
2117 4106 2180 4161 et
2238 4104 2527 4178 tempore
2580 4098 2912 4178 assentior;
2959 4099 3166 4158 Photii
3206 4100 3624 4178 eonjecturis,
3704 4138 3711 4144 -

327 4180 584 4260 habitas
628 4197 769 4240 esse
823 4176 1417 4260 Conﬁstantin’Opoli,
1455 4178 1627 4257 quod
1665 4180 1768 4260 vel
1802 4179 2057 4260 phrasis
2109 4180 2251 4260 ipsa
2309 4176 2863 4260 indic_at,_ut_ips_e
2899 4176 3212 4260 loquitur,
3261 4176 3627 4260 in‘inferius

329 4257 605 4335 delapsa,
639 4264 709 4318 ut
735 4264 884 4319 sunt
911 4259 1219 4336 pleraque
1261 4257 1400 4337 ejus
1429 4256 1669 4335 scripta
1698 4256 2417 4336 Constantinopolitana
2458 4256 2878 4337 Antiochenis
2921 4258 3136 4318 minus
3194 4256 3534 4334 accurata;
3563 4268 3627 4322 et

325 4345 560 4400 auctor
577 4338 737 4398 Vitae
765 4337 1203 4417 Chrysostomi
1242 4336 1382 4415 cap.
1422 4338 1499 4396 36
1527 4339 1699 4398 hunc
1728 4339 1963 4399 librum
1992 4339 2058 4397 in
2108 4338 2429 4417 Genesim
2456 4336 3135 4417 ponitinterexcepta
3187 4353 3227 4399 a
3255 4339 3484 4401 scribis
3509 4385 3526 4413 ,
3559 4345 3624 4402 et

326 4419 517 4479 annis
554 4413 961 4495 episcopatus
992 4420 1091 4477 sui
1126 4413 1408 4477 secundo
1426 4422 1487 4476 et
1517 4423 1774 4494 quarto,
1806 4418 1929 4477 hoc
1955 4425 2053 4478 est
2074 4416 2263 4478 annis
2283 4415 2517 4477 Christi
2547 4414 2664 4473 399
2693 4419 2756 4495 et
2797 4413 2907 4495 Ιιο1
2932 4454 2949 4471 .
2977 4437 3004 4470 ›)

408 4493 819 4574 Atjudicium
856 4495 1222 4576 hujusmodi
1254 4496 1401 4557 inde
1433 4493 1792 4576 sumptum,
1825 4496 1996 4576 quod
2019 4514 2168 4576 quae
2194 4494 2553 4556 Antiochiae
2585 4493 2779 4576 edidit
2817 4494 3316 4576 Chrysostomus
3361 4513 3627 4561 accura-

329 4573 663 4637 tiora’sint
691 4576 795 4646 iis,
828 4573 972 4652 qum
1000 4575 1564 4652 ConstantinOpoli
1591 4619 1607 4647 ,
1662 4575 2008 4638 admodum
2041 4573 2271 4636 ’fallax
2306 4579 2403 4636 est
2434 4617 2450 4645 ,
2499 4577 2571 4633 ut
2602 4573 2836 4634 fatetur
2864 4575 2999 4650 ipse
3036 4574 3314 4636 Savilius
3352 4577 3413 4635 in
3447 4580 3618 4639 notis

332 4675 395 4732 p.
418 4655 562 4714 227.
614 4655 733 4714 Hic
766 4672 918 4714 vero
949 4672 1215 4732 prorsus
1246 4653 1475 4714 falsum
1505 4656 1849 4715 statuimus
1887 4674 2028 4715 esse
2063 4674 2078 4713 :
2114 4671 2265 4715 nam
2314 4655 2412 4714 hm
2445 4653 2507 4711 in
2539 4652 2843 4713 Genesim
2870 4653 3148 4715 homiliw
3176 4699 3192 4725 ,
3225 4673 3371 4732 quae
3406 4657 3623 4718 minus

331 4739 640 4795 accurato
660 4778 676 4803 ,
706 4750 902 4810 quam
930 4735 1073 4795 aliae
1104 4733 1170 4793 in
1197 4738 1549 4811 utrumque
1578 4736 2067 4795 Testamentum
2095 4778 2111 4803 ,
2142 4734 2307 4812 stylo
2339 4737 2720 4812 conscriptae
2764 4738 2922 4812 sunt
2949 4777 2965 4805 ,
2998 4734 3357 4795 Antiochia:
3387 4737 3628 4798 certis-

329 4814 490 4874 sime
534 4814 766 4873 habita:
812 4813 1013 4873 fuere.
1057 4813 1264 4892 Hujus
1296 4813 1386 4873 rei
1417 4820 1879 4890 argumentum
1907 4811 2318 4892 perspicuum
2353 4811 2720 4892 suppeditat
2748 4811 3247 4892 Chrysostomus
3280 4814 3464 4873 initio
3497 4816 3628 4875 Ho-

326 4894 519 4973 milize
553 4892 632 4950 33
674 4893 738 4950 in
779 4892 1103 4973 Genesim.
1133 4890 1294 4973 Nam
1320 4908 1584 4973 causam
1607 4890 2054 4973 aperienslcur
2084 4890 2609 4973 Homiliarumin
2640 4890 2940 4973 Genesim
2965 4909 3231 4973 cursum
3260 4895 3627 4973 post_trige-

325 4972 558 5061 simam
582 4971 930 5061 secundam
959 4972 1526 5061 interpellavisset,
1551 4969 1683 5061 haec
1707 4973 1801 5033 ait
1828 4990 1842 5029 :
1877 4971 2042 5032 Nam
2067 4979 2300 5061 sanctae
2326 4969 2693 5061 festivitatis
2726 4969 3032 5061 adventus
3046 4970 3271 5061 seriem
3319 4970 3500 5031 nobis
3521 4969 3629 5034 in-

326 5050 704 5128 lerpellavit.
740 5050 949 5128 Neque
976 5046 1145 5110 enim
1175 5067 1297 5129 par
1338 5057 1495 5129 erat,
1529 5058 1597 5110 ut
1628 5050 1776 5110 dum
1804 5067 2047 5110 crucem
2082 5046 2339 5111 Domini
2376 5046 2846 5129 celebraremus,_
2867 5049 2940 5109 de
2969 5049 3115 5110 aliis
3145 5068 3479 5110 sermonem
3507 5072 3626 5113 vo-

323 5127 864 5209 bis’aﬂ‘erremusj
882 5147 1089 5209 mensa
1116 5127 1320 5209 autem
1344 5128 1518 5209 vobis
1542 5129 1913 5207 opponenda
1942 5137 2072 5189 erat
2103 5128 2234 5190 suis
2262 5146 2543 5209 congrua
2561 5127 3077 5209 temporibus._Et
3106 5129 3344 5188 idcirco
3372 5132 3622 5209 quando

319 5206 654 5270 venit—dies
684 5206 1070 5287 traditionis,
1093 5208 1393 5269 continua
1420 5206 1724 5268 doctrina:
1739 5209 1892 5269 serie
1920 5217 2172 5274 resecta,
2197 5207 2611 5286 praesentibus
2631 5225 2765 5287 quae
2793 5206 3094 5287 urgebant
3124 5224 3240 5266 nos
3273 5206 3625 5287 accommo-

320 5288 565 5354 dantes,
605 5288 678 5366 in
697 5286 1093 5366 proditorem
1118 5287 1399 5366 linguam
1428 5288 1782 5348 taxavimus
1813 5306 1834 5346 :
1862 5287 2084 5347 deinde
2110 5282 2418 5366 (le—cruce
2435 5282 2659 5365 aliqud
2676 5286 2745 5346 in
2869 5282 3137 5345 medium
3181 5365 3184 5366 ν
3216 5282 3616 5360 protulimus.

326 5369 576 5438 Postea,
591 5363 975 5426 illucescente
989 5363 1613 5440 Resurrectionisdie,
1641 5367 2058 5427 necessarium
2087 5373 2220 5426 erat
2276 5373 2348 5425 ut
2378 5364 2450 5425 de
2493 5363 2971 5424 Resurrectione
3006 5365 3263 5425 Domini
3294 5367 3623 5427 caritatem

320 5454 592 5504 vestram
619 5444 975 5524 doceremus
1007 5463 1026 5501 :
1063 5452 1137 5524 et_
1147 5444 1545 5524 sequentibus
1575 5443 1810 5511 diebus,
1827 5462 1944 5524 per
1969 5464 2038 5504 ea
2065 5445 2378 5524 miracula
2404 5461 2539 5521 qua:
2565 5452 2714 5524 tunc
2736 5445 3102 5524 factasunt,
3138 5448 3620 5508 resurrectionis

319 5524 772 5615 demonstratio
806 5523 1034 5583 iterum
1062 5521 1377 5615 a/ferEnda
1422 5530 1554 5614 erat
1584 5542 1604 5581 :
1630 5521 1881 5615 quando
1906 5524 2093 5614 etiam
2116 5523 2569 5615 Apostolorum
2595 5521 2754 5615 {icta
2775 5522 3117 5615 emplanare
3143 5524 3452 5615 coepimus,
3479 5527 3623 5587 inde

318 5602 495 5684 uobis
519 5603 826 5684 continua
854 5599 1235 5679 opponentes
1267 5601 1577 5684 conuiuia,
1614 5599 1671 5661 et
1716 5601 1948 5664 crebris
2000 5599 2505 5682 quotidianisque
2534 5599 3072 5663 admonitionibus
3103 5599 3242 5670 eos;
3261 5604 3372 5683 qui
3421 5623 3623 5684 nuper

318 5681 616 5763 baptismi
645 5681 915 5760 gratiam
944 5687 1307 5759 acceperant
1330 5727 1345 5748 ,
1381 5680 1803 5741 exhortantes.

669 5811 943 5869 PATBOL.
982 5806 1100 5866 Gn.
1140 5788 1307 5865 'Llll.
2900 5862 2911 5871 _
2960 5838 2965 5841 -
3215 5801 3241 5861 1
