4144 6456
503 378 565 433 η
1936 371 2323 435 Ριιᾱῑπιιτιο.
3203 346 3208 352 ”
3728 398 3792 452 ia

503 469 807 556 habuerit
827 472 1350 556 Chrysostomus:
1379 473 1446 534 ld
1475 491 1677 556 unum
1707 474 1847 556 sine
1872 474 2069 556 dubio
2092 475 2363 535 dicimus
2392 520 2408 549 ,
2442 491 2756 556 magnam
2774 493 3003 556 eorum
3033 478 3281 553 partem
3315 476 3376 536 in
3406 476 3774 556 Quadrage—

506 549 669 610 sima
705 549 986 612 habitam
1018 552 1257 633 fuisse:
1286 552 1593 630 illamque
1619 554 2189 633 Quadragesimam
2215 571 2348 614 nou
2377 572 2519 615 esse
2548 549 2703 616 anni
2730 554 2871 626 386,
2904 555 2970 615 in
2998 549 3130 633 qua
3159 560 3303 615 octo
3326 557 3409 617 ab
3435 549 3539 616 his
3568 549 3777 617 divor-

506 645 612 687 sos
664 648 996 692 sermones
1039 632 1294 712 habuit;
1321 649 1534 709 neque
1572 632 1726 694 anni
1760 632 1914 712 387,
1944 648 2142 710 quam
2169 649 2334 710 pene
2362 637 2563 695 totam
2591 634 2660 694 in
2685 633 3080 712 deploranda
3112 634 3661 696 Antiochenorum
3691 638 3774 696 ob

502 723 761 769 eversas
792 715 1037 771 statuas
1067 711 1429 771 calamitate
1457 711 1837 789 absumpsit.

1198 832 1367 908 5’11].
1399 834 1490 892 De
1515 833 1677 911 stylo
1705 831 2133 909 Chrysostomi
2161 834 2229 894 in
2254 832 2350 893 his
2379 834 2448 894 in
2472 833 2755 895 Genesim
2782 835 3105 898 Homiliis.

578 954 870 1026 Photius,
902 971 1045 1033 cap.
1080 953 1217 1027 172,
1249 953 1328 1014 de
1354 953 1521 1032 stylo
1548 950 2078 1033 Chrysostomiin
2111 951 2210 1011 his
2238 952 2534 1033 Homiliis
2568 953 2869 1030 loquens,
2902 954 2992 1015 ait
3016 955 3154 1033 ejus
3185 954 3525 1017 dictionem
3551 956 3780 1019 istius-

502 1034 677 1113 modi
705 1052 869 1103 esse,
893 1030 1059 1093 utin
1093 1034 1171 1093 iis
1204 1030 1583 1113 observetur
1610 1034 1921 1113 consueta
1946 1030 2728 1113 Chrysostemoclaritas,
2753 1033 3024 1113 puritaﬁs,
3050 1030 3362 1111 'splendor
3378 1040 3437 1094 et
3458 1036 3642 1113 cepia
3670 1037 3781 1096 di-

493 1112 1200 1184 -cendi,:sententiarum
1232 1110 1616 1188 frequentia,
1647 1113 1705 1169 et
1737 1109 2218 1186 aptissimarum
2247 1110 2734 1171 similitudinum
2765 1109 3185 1184 abundantia,
3234 1113 3344 1173 sed
3388 1131 3499 1174 eas
3541 1109 3783 1175 remis—

503 1193 674 1252 siore
702 1195 760 1251 et
795 1191 1134 1252 humiliore
1161 1189 1407 1250 dicendi
1440 1206 1674 1265 genere
1699 1189 2010 1265 scriptas;
2057 1192 2437 1265 tantumque
2481 1190 2774 1250 Homiliis
2829 1208 2945 1250 seu
2982 1189 3477 1253 Commentariis
3520 1194 3584 1252 in
3627 1197 3785 1256 Acta

501 1269 1395 1350 style,inferiores,quantum
1417 1264 1527 1328 illa
1554 1267 1619 1326 in
1648 1266 1808 1350 Acta
1833 1264 2305 1350 Commentaria
2334 1264 2645 1329 inferiora
2679 1274 2831 1350 sunt
2851 1268 3336 1350 Commentariis
3366 1272 3430 1331 in
3462 1272 3783 1348 Epistolas

505 1344 707 1418 Pauli,
740 1352 804 1408 et
834 1349 899 1406 in
934 1344 1336 1426 Psalterium.
1368 1348 1458 1426 Ac
1481 1362 1719 1426 revera
1747 1347 1846 1405 haa
1894 1344 2195 1426 homilige,
2225 1346 2377 1406 licet
2417 1363 2719 1424 magnam
2761 1349 3155 1418 ubertatem,
3196 1348 3480 1426 itemque
3517 1344 3783 1411 solitam

503 1426 939 1505 Chrysostomi
988 1425 1377 1506 inventionis
1415 1423 1782 1506 felicitatem
1832 1437 1964 1506 prge
2013 1440 2082 1506 se
2105 1422 2504 1506 fer_ant,_non
2533 1422 2951 1506 tamenpari
2992 1426 3202 1506 studio
3241 1422 3785 1506 accurationeque

497 1500 906 1566 concinnata:
937 1506 1257 1566 videntur.
1294 1504 1416 1564 Hic
1463 1519 1632 1581 saape
1665 1500 2140 1563 animadvertas
2187 1501 2600 1579 longissimas
2652 1502 2782 1562 texi
2800 1500 3143 1580 periodos,
3185 1522 3329 1582 qua:
3367 1500 3783 1585 parentlieses

501 1591 664 1652 alias
697 1607 895 1667 super
922 1590 1080 1651 alias
1120 1590 1408 1649 inductas
1435 1597 1558 1649 tam
1592 1590 1962 1665 frequenter
1989 1588 2361 1667 exhibeant,
2391 1594 2463 1648 ut
2508 1588 2806 1667 principii
2845 1588 3082 1649 oblitus
3132 1600 3354 1652 orator
3403 1598 3788 1653 sententiam

500 1666 935 1750 imperfectam
972 1668 1319 1750 relinquat,
1348 1675 1409 1726 et
1438 1666 1791 1750 aliquando
1821 1666 2196 1750 v_erbum_ad
2223 1667 2548 1750 syntaxim
2581 1666 3017 1750 necessarium
3055 1671 3518 1750 praetermittat.
3567 1673 3787 1750 Neque

502 1744 654 1807 vero
682 1747 739 1829 id
771 1747 1003 1829 mirum
1033 1747 1143 1807 tibi
1168 1746 1480 1829 videatur,
1506 1746 1573 1829 sig
1590 1745 1945 1822 perpendas
1963 1744 2259 1829 periodos
2284 1744 2428 1805 illas
2448 1745 2799 1829 aliquando
2824 1745 2911 1806 ita
2937 1744 3349 1829 exté_ndi,vix
3369 1757 3439 1809 ut
3461 1751 3525 1810 in
3547 1744 3784 1829 pagina

501 1842 631 1887 una
661 1826 1085 1887 absolvantur
1115 1846 1130 1884 :
1167 1824 1232 1885 in
1268 1825 1527 1903 pagina,
1559 1825 1848 1900 inquam,
1881 1841 1963 1883 ex
2007 1823 2245 1883 nostris
2273 1840 2418 1903 quas
2469 1824 2674 1902 longa:
2705 1824 2979 1901 lataeque
3007 1825 3349 1886 admodum
3401 1823 3573 1890 sunt:
3620 1823 3784 1894 Hinc

501 1905 740 1966 inferas
770 1910 1097 1966 oratorem
1124 1902 1415 1984 nostrum
1449 1903 1581 1963 haec
1610 1903 2098 1962 concionantem
2130 1919 2259 1984 non
2281 1902 2369 1963 ita
2399 1919 2654 1984 semper
2672 1904 3495 1984 paratummeditatumquc
3524 1909 3602 1969 ad
3629 1927 3786 1970 con-

500 1985 749 2044 cionem
782 1984 1058 2057 venisse,
1092 1984 1201 2044 sed
1232 1983 1435 2043 multa
1465 2000 1548 2042 ex
1580 1986 1889 2057 tempore,
1920 1985 1992 2040 ut
2026 1982 2225 2041 menti
2258 1998 2399 2042 sese
2430 1979 2807 2051 offerebant,
2846 1982 3108 2042 dixisse.

481 2064 484 2068 “
580 2062 640 2121 Si
679 2078 943 2123 causam
972 2078 1167 2139 porro
1192 2078 1469 2138 quaeras,
1509 2059 1868 2139 perpendas
1898 2059 2112 2129 velim,
2147 2060 2360 2139 ipsum
2408 2060 2481 2139 in,
2506 2060 2627 2121 hac
2655 2060 3160 2139 Quadragesima
3189 2061 3269 2122 ad
3305 2080 3512 2139 usque
3544 2064 3784 2125 hebdo-

495 2141 699 2200 madis
728 2145 966 2201 sanctae
984 2138 1319 2199 dimidium
1355 2155 1485 2198 non
1518 2138 1705 2198 modo
1730 2138 1872 2199 illas
1901 2139 2163 2216 triginta
2193 2138 2353 2198 duas
2390 2138 2640 2216 priores
2667 2139 2731 2198 in
2765 2138 3065 2200 G‘euesim
3104 2138 3423 2202 homilias’
3449 2142 3778 2210 habuisse.

490 2218 609 2282 sed
639 2219 832 2280 etiam
848 2220 1010 2281 alias
1037 2217 1379 2279 identidem
1403 2221 1813 2288 memoratas,
1833 2233 1979 2294 quae
2007 2216 2317 2277 suadente
2341 2218 2648 2295 quapiam
2664 2218 2967 2295 temporis
2991 2219 3328 2281 occasione
3353 2221 3779 2283 Homiliarum

491 2299 566 2358 in
593 2298 893 2359 Genesim
922 2315 1185 2358 cursum
1219 2296 1751 2373 interpellabant;
1781 2303 1845 2355 et
1870 2295 2141 2360 fortasse
2169 2296 2331 2356 alias
2363 2313 2625 2373 quoque
2668 2296 2973 2357 habuisse
3012 2298 3095 2358 ab
3126 2315 3195 2357 se
3225 2315 3353 2358 non
3382 2317 3780 2361 commemo-

500 2381 676 2437 ratas
704 2396 719 2435 :
755 2377 842 2437 ita
872 2383 945 2437 ut
974 2375 1259 2454 quotidie
1286 2374 1484 2435 ferme
1512 2374 1857 2454 etquidem
1887 2374 2704 2454 longissimeiconcionatus
2753 2376 2856 2434 sit.
2889 2376 2955 2434 ld
2985 2379 3200 2436 autem
3235 2393 3274 2438 a
3304 2378 3469 2449 viro,
3504 2396 3783 2454 praeser—

490 2456 613 2515 tim
646 2455 758 2533 qui
793 2473 907 2532 per
932 2452 1136 2516 totum
1169 2471 1414 2515 annum
1442 2470 1563 2531 par
1597 2452 1727 2533 fere
1758 2454 2182 2533 concionandi
2218 2453 2501 2513 ofﬁcium
2531 2456 3034 2533 exsequebatur,
3068 2470 3196 2513 non
3240 2473 3430 2532 posse
3479 2452 3618 2517 sine
3649 2476 3780 2518 cx—

500 2530 837 2611 tempbrali
869 2533 1356 2601 declamatione,
1386 2530 1972 2611 saltemidentidem
1999 2533 2293 2610 repetita,
2324 2532 2614 2610 prastari
2661 2530 2975 2593 fateamur
3001 2530 3262 2595 necesse
3285 2540 3401 2594 est.
3433 2536 3505 2595 In
3537 2541 3780 2599 extem—

493 2610 709 2690 porali
741 2618 956 2674 autem
1003 2613 1492 2691 declamatione,
1537 2610 1648 2671 ubi
1696 2611 2027 2690 ingenium
2075 2617 2256 2673 tanta
2308 2611 2557 2689 pollens
2616 2611 3008 2691 inventione,
3058 2628 3225 2673 nova
3272 2631 3524 2691 semper
3567 2615 3779 2675 oranti

493 2691 889 2769 suppeditat,
935 2691 1091 2770 quid
1131 2691 1366 2751 mirum
1417 2690 1474 2751 si
1536 2707 2029 2770 nonnumquam
2075 2696 2302 2770 contra
2350 2690 2808 2770 praeceptiones
2857 2691 3304 2770 grammaticas
3347 2690 3665 2769 peccetur,
3716 2702 3781 2753 et

491 2770 557 2832 si
588 2768 810 2849 minus
864 2768 1080 2832 stricte
1119 2772 1500 2831 observetur
1539 2769 1874 2849 syntaxis?
1901 2769 2041 2828 Non
2085 2769 2408 2849 ingratum
2454 2787 2606 2829 vero
2638 2768 2879 2849 lectori
2906 2768 3041 2829 fore
3078 2768 3404 2839 existimo,
3438 2773 3489 2832 si
3524 2772 3781 2831 illarum

500 2849 569 2910 in
601 2848 900 2911 Genesim
949 2850 1367 2915 homiliarum,
1414 2866 1531 2926 per
1578 2847 2579 2927 Quadragesimam'habitarum.
2609 2847 2922 2919 ordinem,
2966 2853 3030 2908 et
3076 2855 3322 2925 quanto
3370 2852 3591 2927 elapso
3626 2856 3781 2911 tem-

496 2929 678 3018 poris
713 2928 924 3018 spatio
948 2929 1084 3018 alia
1106 2929 1299 3018 aliam
1330 2925 1736 3018 sequutasit,
1764 2925 1869 3018 hic
1903 2926 2334 3018 perscribam;
2372 2925 2431 2985 id
2453 2927 2624 3003 quod
2654 2927 2849 3018 etiam
2876 2927 3325 3018 'IZillemontius.
3354 2925 3520 3018 fecit.

582 3004 791 3099 Prima
820 3007 1015 3099 igitur
1043 3007 1307 3099 homilia
1330 3004 1494 3099 dicta
1521 3004 2000 3098 fuitoDominico
2030 3004 2135 3099 die
2167 3010 2516 3099 antequam
2544 3005 3778 3099 quadragesimalejejunium‘iniretur:

494 3085 787 3147 secunda
814 3082 915 3148 die
946 3085 1427 3165 sequenti,un
1450 3084 1768 3165 jejunium
1791 3083 2260 3165 incipiebatur;
2293 3082 2480 3143 tertia
2513 3089 2575 3143 et
2601 3089 2835 3160 quarta
2866 3085 2930 3143 in
2975 3082 3146 3165 feriis
3190 3082 3375 3145 tertia
3404 3090 3464 3146 et
3493 3092 3724 3163 quarta
3758 3106 3775 3145 :

502 3165 599 3226 hie
618 3161 1333 3246 ncontinenterisingulis—
1356 3161 1582 3246 diebus
1606 3162 1787 3224 dictae
1813 3167 1986 3246 sunt.
2038 3161 2548 3246 lucertumgvero
2566 3167 2694 3246 _est_
2716 3167 2935 3246 utrum
2983 3162 3152 3246 inter
3170 3168 3468 3239 quartam
3500 3161 3564 3224 et
3590 3166 3781 3246 quin-

496 3248 631 3305 tam
663 3244 885 3323 aliqua
911 3244 1046 3306 dies
1074 3239 1507 3306 intércesserit
1537 3247 1652 3305 aut
1682 3242 1993 3323 concione
2021 3257 2251 3311 vacua,
2278 3244 2392 3301 aut
2417 3239 2496 3302 ad
2524 3240 2699 3323 aliud
2729 3240 3154 3323 eoncionandi
3182 3239 3633 3323 argumentum
3663 3243 3783 3323 de—

500 3328 723 3399 putata
747 3320 865 3395 ;_ut
893 3328 966 3384 ut
990 3327 1108 3395 est,
1139 3324 1390 3402 quinta,
1422 3326 1630 3395 sexta,
1662 3320 2221 3402 septima,_octa_va
2250 3324 2313 3379 et
2354 3336 2527 3402 nona
2576 3320 2854 3402 homiliaa
2897 3320 3301 3402 continenter
3348 3320 3620 3402 singulis
3654 3322 3779 3402 sibi

500 3398 989 3464 succedentibus
1036 3398 1259 3463 diebus
1289 3401 1470 3474 dicta:
1504 3405 1677 3471 sunt,
1701 3399 1933 3477 partim
1964 3399 2031 3458 in
2059 3399 2291 3477 prima,
2323 3399 2555 3475 partim
2589 3400 2653 3457 in
2683 3398 2962 3459 secunda
2991 3398 3509 3477 Quadragesimie
3540 3400 3784 3460 hebdo-

396 3490 403 3499 '
494 3481 724 3553 made;
758 3481 1008 3543 decima
1033 3483 1225 3543 etiam
1261 3481 1328 3540 in
1361 3479 1643 3541 secunda
1674 3478 2092 3551 hebdomade,
2124 3482 2240 3539 aut
2268 3477 2428 3539 feria
2457 3477 2708 3553 quinta,
2742 3482 2855 3538 aut
2895 3484 3114 3549 sexta;
3159 3478 3498 3540 undecima
3529 3478 3595 3538 in
3626 3479 3784 3540 Sab-

500 3561 649 3620 bato
678 3559 975 3621 secunda:
1005 3558 1442 3619 hebdomadis.
1476 3558 1867 3619 Duodecima
1902 3557 2121 3617 habita
2151 3560 2249 3617 est
2276 3562 2421 3633 post
2446 3556 2642 3618 aliam
2691 3557 2790 3616 vel
2838 3556 3025 3628 alias,
3057 3573 3203 3633 quae
3236 3556 3315 3617 ad
3371 3556 3697 3617 diversum
3742 3574 3785 3620 a

491 3637 731 3698 Genesi
764 3641 1217 3715 argumentum
1242 3638 1638 3713 spectabant.
1670 3637 1844 3696 Inter
1877 3634 2319 3715 duodecimam
2338 3652 2610 3715 quoque
2638 3638 2700 3693 et
2724 3634 3036 3696 decimam
3066 3635 3318 3715 tertiam
3340 3635 3443 3695 vel
3474 3654 3643 3715 unus
3680 3637 3780 3695 vel

499 3715 716 3792 plures
749 3713 885 3776 dies
917 3713 1371 3775 interfuerunt.
1394 3714 1655 3775 Decima
1684 3719 1919 3789 quarta
1945 3713 2164 3792 habita
2194 3718 2291 3774 est
2315 3713 2416 3773 die
2442 3713 2753 3773 decimam
2783 3715 3035 3792 tertiam
3079 3714 3460 3790 insequente
3491 3735 3507 3786 ;
3537 3714 3785 3777 decima

498 3791 731 3870 quinta
759 3794 1053 3855 similiter
1075 3798 1387 3871 sequente
1420 3793 1521 3854 die
1546 3813 1562 3861 ;
1599 3792 1846 3871 decima
1874 3796 2058 3852 sexta
2086 3791 2185 3852 die
2223 3792 2372 3851 item
2401 3796 2745 3871 sequente;
2778 3791 3023 3853 decima
3049 3792 3318 3869 septima
3347 3810 3479 3852 uno
3517 3795 3612 3854 vel
3643 3793 3786 3870 plu-

499 3872 679 3933 ribus
718 3879 862 3950 post
885 3870 1198 3934 decimam
1230 3875 1480 3933 sextam
1506 3871 1753 3950 diebus.
1784 3870 2109 3950 Decimam
2139 3871 2478 3950 septimam
2503 3870 2750 3933 decima
2777 3876 3029 3950 octaya,
3049 3871 3227 3931 nulla
3255 3870 3355 3950 die
3377 3872 3782 3949 interposita,

499 3941 776 4028 sequuta
805 3955 924 4013 est.
956 3952 1217 4013 Decima
1247 3967 1423 4012 nona
1451 3967 1537 4012 an
1565 3949 1971 4012 continenter
1999 3941 2233 4011 hab'ita'
2260 3950 2340 4009 sit
2369 3950 2728 4028 ignoratur,
2761 3941 3184 4027 similiterque
3220 3941 3785 4028 vigesima-quam

495 4030 720 4092 diebus
765 4031 1211 4108 sequentibus,
1243 4029 1424 4090 nullo
1453 4028 1835 4108 interposito
1886 4028 2010 4098 die,
2043 4033 2440 4106 exceperunt
2476 4028 2801 4108 gvigesima
2850 4029 3081 4106 prima,
3119 4029 3431 4107 vigesima
3477 4029 3783 4103 secunda,

499 4110 808 4202 vigesima
825 4106 1354 4202 tertia,vigesima
1369 4107 1954 4202 quarta,brev.ique
1976 4107 2353 4202 interposito
2358 4106 2926 4202 spatiomontinuis
2944 4107 3515 4202 diebus,v.iges.ima
3531 4108 3784 4202 quinta,

498 4186 806 4268 vigesima
825 4193 1044 4268 sexta,
1080 4186 1713 4268 vigesima’septima,
1751 4187 2058 4268 vigesima
2085 4192 2333 4268 octava.
2354 4187 2685 4268 Vigesima
2712 4204 2887 4249 nona
2915 4203 2999 4248 an
3023 4191 3166 4263 post
3198 4186 3573 4268 vigesimam
3604 4190 3788 4248 octa—

496 4265 669 4338 va'm,
703 4267 883 4327 nulla
913 4267 1293 4345 interposita
1322 4267 1447 4341 die,
1480 4266 1699 4327 habita
1722 4267 1826 4337 sit,
1864 4266 2235 4345 ignoratur.
2259 4266 2641 4345 Trigesima,
2677 4284 2823 4326 cum
2866 4282 3170 4345 magnam
3197 4265 3657 4345 hebdomadem
3688 4269 3786 4329 at-

493 4346 764 4424 tigisset,
794 4350 865 4405 ut
909 4346 1047 4422 ipse
1074 4343 1573 4423 Chrysostomus
1619 4344 1742 4416 ait;
1774 4345 2102 4484 trigesima
2142 4343 2400 4422 prima;
2426 4350 2489 4404 et
2530 4344 2861 4424 trigesima
2889 4343 3195 4417 secunda,
3244 4344 3324 4405 iis
3371 4344 3786 4407 hebdomadis

495 4430 738 4484 sanctae
771 4424 996 4484 diebus
1026 4424 1139 4484 aui
1173 4424 1397 4484 feriam
1425 4424 1720 4484 uuintam
1752 4423 1822 4483 in
1904 4439 2039 4483 aena
2068 4423 2325 4484 Domini
2354 4422 2744 4484 praecedunt.

495 4422 738 4486 sanctae
771 4424 996 4486 diebus
1026 4424 1139 4501 qui
1173 4422 1397 4485 feriam
1425 4424 1720 4502 quintam
1752 4423 1822 4483 in
1850 4422 2039 4484 Coena
2068 4423 2325 4484 Domini
2354 4422 2744 4502 praecedunt.

821 4549 849 4622 §
881 4545 987 4607 IV.
1026 4545 1116 4606 De
1146 4544 1420 4606 editione
1446 4544 1630 4605 LXX
1654 4544 2078 4623 Interpretum
2097 4561 2228 4624 gua
2249 4562 2400 4604 usus
2429 4550 2517 4604 est
2546 4543 3038 4624 Chrysostomus,
3068 4564 3107 4605 a
3137 4545 3450 4606 communi

1813 4623 2151 4702 aliquando
2192 4623 2460 4685 diversa.

574 4747 880 4807 Diversas
918 4762 1056 4807 ωνο
1083 4744 1518 4825 Chrysostomi
1551 4743 1750 4805 fuisse
1770 4742 2123 4825 _Editiones
2147 4743 2360 4818 LXX,
2406 4748 2602 4825 atque
2662 4743 2728 4825 in
2776 4743 3048 4825 diversis
3102 4743 3404 4825 Ecclesiis
3460 4761 3590 4825 non
3645 4760 3791 4806 eas-

496 4827 640 4889 dem
669 4826 973 4901 usurpari
1002 4822 1231 4886 narrat
1253 4824 1684 4903 Hieronymus
1708 4867 1724 4893 ,
1756 4822 2217 4903 Chrysostomo
2253 4823 2555 4903 aequalis.
2587 4847 2616 4879 «
2651 4823 3047 4903 Alexandria
3070 4867 3088 4895 ,
3141 4823 3354 4901 inquit
3410 4823 3786 4903 przefatlone

501 4909 567 4967 in
592 4906 793 4966 libros
826 4904 1391 4981 Paralipomenon,
1424 4907 1488 4964 et
1506 4902 1827 4981 Egyptus
1859 4902 1927 4961 in
1958 4902 2135 4963 LXX
2165 4902 2300 4963 suis
2331 4902 2727 4981 Hesychium
2757 4902 2977 4963 laudat
3007 4906 3377 4975 auctorem;
3409 4902 3789 4963 Constanti-

502 4985 753 5063 nopolis
787 5002 995 5063 usque
1010 4982 1430 5063 Antiochiam
1455 4982 1726 5063 Luciani
1754 4981 2055 5063 martyris
2101 4981 2800 5063 exemplariaprobat;
2832 4982 3056 5063 medias
3086 4982 3253 5063 inter
3284 4981 3790 5063 has_provincim

500 5059 871 5127 Palaestinos
893 5059 1161 5124 Codices
1188 5061 1435 5139 legunt,
1473 5077 1636 5137 quos
1667 5062 1749 5121 ab
1777 5059 2057 5137 Origene
2086 5060 2453 5121 elaboratos
2483 5060 2800 5120 Eusebius
2827 5065 2889 5120 et
2917 5061 3287 5138 Pamphilus
3321 5060 3783 5139 vulgaverunt:

504 5150 808 5222 totusque
833 5142 1010 5206 orbis
1042 5142 1162 5202 hac
1184 5140 1359 5222 inter
1383 5157 1453 5222 se
1492 5139 1820 5222 contraria
1852 5139 2162 5222 varietate
2193 5143 2606 5222 compugnat.
2634 5162 2661 5193 »
2694 5140 2774 5198 Et
2802 5139 2869 5198 in
2896 5139 3188 5217 Epistola
3217 5139 3294 5200 ad
3326 5138 3787 5222 Augustinum,

503 5239 650 5299 qua
676 5216 770 5282 e'st
796 5224 863 5281 in
894 5225 1221 5299 postrema
1248 5219 1542 5289 Editionc
1565 5216 1645 5277 Ἧι
1666 5261 1682 5289 ,
1714 5218 1959 5299 ironice
1996 5218 2274 5299 loquens
2305 5216 2395 5279 ait
2426 5216 2501 5299 ξς(
2533 5218 2645 5299 Vis
2673 5224 2925 5299 amator
2952 5216 3095 5299 esse
3141 5236 3331 5279 verus
3361 5216 3541 5287 LXX
3574 5218 3790 5299 Inter-

504 5294 786 5377 prelum?
817 5294 958 5361 Non
985 5302 1161 5380 legas
1188 5316 1289 5380 ea,
1316 5315 1462 5380 qua;
1488 5299 1609 5380 sub
1640 5297 1965 5380 asteriscis
1995 5294 2149 5380 sim;
2180 5317 2194 5355 :
2226 5298 2355 5380 imo
2382 5297 2650 5380 rade‘de
2667 5297 3129 5380 voluminibus,
3153 5302 3223 5356 ut
3248 5300 3544 5380 veterum
3566 5300 3627 5355 te
3652 5294 3789 5380 [au—

504 5374 709 5439 torem
765 5381 1020 5455 probes.
1053 5374 1252 5452 'Quod
1283 5378 1338 5438 si
1389 5375 1640 5446 feceris,
1668 5376 1975 5455 omnium,
2007 5376 2443 5437 Ecclesiarum
2502 5376 2921 5455 bibliothecas
2978 5376 3290 5455 damnare
3331 5375 3608 5455 cogeris.
3660 5374 3787 5455 Vix

507 5459 680 5518 cnim
708 5451 879 5517 unus
911 5463 1026 5517 aut
1055 5451 1220 5518 alter
1246 5456 1624 5517 inveniatur
1650 5455 1838 5527 liber,
1871 5454 1983 5531 qui
2014 5456 2137 5516 ista
2167 5473 2299 5515 non
2329 5457 2587 5517 habeat.
2623 5477 2650 5509 »
2682 5454 2781 5513 Ex
2812 5454 2909 5515 his
2941 5455 3098 5515 locis
3132 5451 3455 5532 colligitur
3478 5453 3670 5532 longe
3696 5451 3790 5512 di-

502 5552 727 5596 versas
771 5535 941 5595 inter
985 5554 1053 5596 se
1105 5535 1302 5597 fuisse
1331 5535 1509 5595 LXX
1537 5535 1970 5611 Interpretum
2014 5533 2379 5604 Editiones,
2413 5534 2723 5610 illamque
2773 5533 3206 5594 diversitatem
3254 5535 3381 5609 peti
3434 5532 3668 5611 debere
3704 5548 3788 5591 ex

500 5615 706 5675 variis
739 5614 1167 5691 Interpretum
1195 5615 1350 5675 locis
1378 5658 1395 5687 ,
1427 5610 1962 5692 nempenAquilze
1984 5657 2000 5684 ,
2051 5612 2456 5692 Symmachi,
2487 5611 2946 5692 Theodotionis
2993 5617 3053 5671 et
3091 5611 3369 5692 aliorum
3399 5655 3414 5682 ,
3446 5627 3592 5692 quae
3646 5610 3788 5671 loca

506 5692 817 5770 Origenes
851 5689 1211 5753 inSerucrat
1240 5693 1305 5751 in
1330 5689 1808 5760 textum’LXX,
1839 5709 1983 5751 cum
2010 5689 2335 5752 asteriscis
2365 5691 2425 5750 id
2450 5689 2903 5770 iudieantibus.
2929 5692 3085 5770 Quae
3111 5691 3386 5770 aliarum
3413 5689 3786 5750 versionum

513 5769 844 5848 particulae
895 5772 957 5831 in
992 5770 1472 5848 exemplaribus
1510 5770 1728 5831 multis
1765 5775 2257 5842 remanserunt,
2290 5770 2356 5830 in
2411 5769 2556 5831 aliis
2589 5770 2804 5846 plures
2829 5813 2844 5842 ,
2879 5770 2942 5829 in
2979 5769 3121 5829 aliis
3158 5769 3517 5846 pauciores.
3552 5770 3787 5827 Praeter
