4144 6426
356 479 424 536 15
1824 484 2211 541 ΡΒᾹΞΕΑΤΙΟ.
3043 501 3049 507 ‘
3583 483 3602 532 l
3618 485 3646 531 ι

355 582 530 642 illam
558 579 958 642 diversitatis
1002 595 1269 640 causam
1296 577 1440 640 alia:
1472 579 1643 641 haud
1669 579 1862 640 dubie
1894 581 2176 654 fuerunt,
2206 581 2301 641 uti
2331 581 2496 642 solet
2527 580 2591 640 in
2615 580 2796 640 libris
2825 580 3015 640 toties
3044 579 3377 658 descriptis
3403 625 3416 650 ,
3451 581 3639 638 toties

359 659 745 722 emendatis.
784 658 1063 735 Indeque
1093 664 1192 719 est
1218 658 1391 735 quod
1442 676 1572 718 non
1624 675 1777 719 raro
1803 659 2101 721 videmus
2123 678 2161 721 a
2204 661 2628 738 scriptoribus
2671 660 2909 721 Grtecis
2938 705 2953 731 ,
2985 665 3050 720 et—
3077 676 3569 736 nonnumquam
3604 677 3642 720 ει

355 740 674 819 Patribus,
707 738 777 798 in
804 738 1271 819 primisveroa
1301 738 1611 811 librariis,
1635 738 1748 814 qui
1784 740 2181 817 exemplaria
2217 740 2615 819 septuaginta
2656 740 3084 817 Interpretum
3127 738 3639 819 descripserunt,

357 818 722 879 Editionem
750 818 1150 896 septuaginta
1177 817 2121 896 Interpretumcommemorari
2166 825 2229 880 et
2257 817 2403 880 cum
2433 817 2616 879 textu
2660 835 2780 879 suo
2825 818 3187 895 comparari
3215 862 3231 889 ,
3262 821 3376 894 qui
3425 821 3642 877 tamen

355 901 569 958 textus
600 902 701 977 est
724 895 919 958 etiam
940 896 1142 977 LXX,
1164 895 1271 957 sed
1301 896 1519 957 multis
1547 895 1846 958 admixtis
1873 899 2319 960 varietatibus.
2358 898 2425 958 ld
2455 899 2648 960 etiam
2668 897 2837 976 apud
2859 896 3391 977 Chrysostomum
3421 898 3646 956 obser-

356 994 498 1049 ves,
531 976 814 1056 maxime
841 992 997 1036 vero
1025 974 1518 1056 Commentariis
1550 976 1615 1035 in
1644 977 1933 1056 Psalmos
1958 1022 1974 1049 ,
2002 979 2113 1038 ubi
2146 983 2489 1056 postquam
2543 978 2643 1039 sui
2689 974 3079 1055 exemplaris
3102 976 3446 1035 lectionem
3474 978 3647 1035 attu-

357 1055 475 1136 li_t_,
505 1055 702 1117 aliam
751 1070 1250 1136 nonnumquam
1279 1053 1464 1136 affert
1506 1055 1696 1136 quasi
1727 1074 1808 1116 ex
1839 1053 2247 1136 septuaginta
2277 1053 2780 1136 Interpretibus;
2814 1053 2901 1118 ita
2935 1062 3000 1116 ut
3053 1056 3260 1136 primo
3290 1071 3561 1136 conspec
3575 1057 3649 1114 tu

358 1134 1015 1214 videaturexemplar
1041 1151 1174 1211 quo
1234 1135 1536 1214 utebatur
1581 1132 2101 1213 Chrysostdmus'
2118 1135 2299 1198 aliud
2321 1132 2475 1198 esse“
2499 1181 2515 1209 ,
2546 1137 2665 1196 etsi
2701 1132 3238 1214 exemplar‘illud
3272 1150 3402 1214 non
3447 1132 3647 1214 aliam

402 1229 554 1293 nam
581 1211 942 1272 Editionem
977 1213 1375 1293 septuaginta
1401 1211 1829 1293 Interprctum
1858 1214 2148 1285 haberet;
2178 1214 2288 1276 sed
2317 1217 2399 1275 ob
2421 1232 2619 1293 supra
2649 1211 3037 1276 memoratas
3069 1229 3300 1293 causas
3327 1212 3651 1293 immultis

403 1292 676 1353 iversam
705 1293 787 1373 ab
820 1309 910 1373 _ea
937 1309 1088 1373 quin
1114 1292 1181 1352 in
1204 1290 1905 1373 ’Hexaplari’Editione
1926 1296 2008 1355 ab
2032 1294 2310 1373 Origene
2337 1290 2546 1373 posita
2577 1293 2808 1355 fuerat.
2846 1294 2938 1354 De
2967 1294 3064 1354 his
3093 1292 3146 1353 si
3177 1292 3368 1370 plura
3394 1290 3651 1351 deside—

353 1387 491 1452 res,
520 1371 786 1452 consule
820 1370 1283 1452 Praeliminaria
1316 1376 1538 1452 nostra
1570 1371 1957 1452 inLHexapla
1985 1370 2307 1452 Origénis.

438 1450 519 1510 Ut
545 1449 623 1510 ad
684 1468 825 1529 rem,
858 1450 1217 1520 veniamus,
1250 1445 2052 1529 exemplarChryso'stomi
2085 1445 2150 1511 in
2182 1452 2481 1513 Genesim
2510 1452 2575 1512 in
2605 1470 2735 1512 non
2763 1452 2984 1529 paucis
3014 1449 3225 1511 differt
3250 1448 3335 1529 ab
3351 1445 3652 1529 Editione

354 1529 761 1608 septuaginta
784 1528 1212 1608 Interpretum
1232 1526 1517 1608 vulgata,
1566 1546 1712 1606 quas
1745 1526 2047 1608 omnium
2080 1532 2379 1591 manibus
2412 1526 2882 1603 circumfertur,
2933 1545 3261 1608 quamque
3289 1526 3652 1608 Editionem

354 1603 715 1667 Romanam
743 1603 1186 1683 appellamus;
1219 1603 1500 1667 etsi'non
1534 1603 1781 1669 tantam
1813 1607 2251 1671 diversitatem
2282 1609 2389 1670 hic
2418 1603 3034 1679 animadvertamus,
3064 1603 3380 1680 quantam
3413 1603 3649 1663 Homi-

369 1686 476 1748 liis
504 1690 570 1747 tn
600 1687 912 1748 Psalmos.
948 1686 1351 1747 Varietatum
1385 1693 1603 1747 autem
1638 1687 1939 1763 exempla
1967 1687 2261 1763 quendam
2288 1687 2393 1748 hic
2421 1684 2653 1748 afferre
2690 1687 2850 1748 libet
2877 1707 2893 1744 :
2924 1685 3290 1748 minuscula
3321 1689 3492 1746 certe
3520 1685 3665 1745 dis—

367 1766 646 1827 crimina
673 1765 726 1826 si
769 1763 1175 1839 afl’erremus,
1217 1763 1661 1843 longissimam
1690 1762 2060 1825 texe’remus
2113 1764 2587 1841 praefationem,
2627 1769 2825 1842 atque
2863 1782 3340 1843 supervacuum
3375 1762 3663 1825 laborem

368 1845 555 1904 nullo
585 1843 798 1905 fructu
826 1843 1303 1920 susciperemus
1339 1863 1352 1901 :
1388 1859 1538 1904 nam
1565 1842 1937 1905 discrimina
1961 1843 2073 1904 illa
2102 1844 2373 1909 leviora.
2402 1849 2474 1904 ut
2507 1844 2818 1921 pleraque
2849 1842 3371 1905 ex’Antiochena
3410 1843 3520 1905 illa
3563 1861 3666 1903 se-

336 1923 712 2001 ptuaginta
738 1923 1162 2000 Interpretum
1186 1922 1901 2001 Editionemanarunt;
1934 1921 2025 1983 ita
2066 1922 2271 1984 multa
2300 1922 2428 1983 alia
2475 1922 2896 1983 librariorum
2940 1923 3096 1983 vitio
3142 1940 3183 1986 a
3218 1922 3669 2001 Chrysostomi-

367 2000 659 2079 tempore
689 2001 992 2074 inducta;
1026 2017 1159 2060 non
1188 2016 1397 2077 pauca
1427 2000 1620 2061 etiam
1652 2018 1732 2060 ex
1778 2005 2038 2061 oratore
2081 2001 2224 2078 ipso
2263 2001 2363 2060 vel
2404 2001 2774 2062 memoriter
2800 2003 3128 2079 loquente,
3177 2003 3278 2062 vel
3317 2000 3662 2078 Scriptura:

368 2078 605 2141 seriem
640 2080 719 2141 ad
748 2088 933 2141 suam
962 2079 1392 2140 concinnante
1422 2084 1562 2140 orta
1594 2084 1765 2139 sunt.
1798 2078 1962 2159 Satis
1998 2096 2153 2159 ergo
2184 2082 2368 2159 nobis
2401 2080 2523 2139 erit
2556 2097 2637 2139 ex
2669 2078 3007 2156 praecipuis
3042 2081 3459 2141 varietatibus
3490 2097 3661 2139 non-
3702 2144 3707 2147 ,

367 2159 583 2220 nullas
614 2159 691 2220 ad
723 2159 1089 2237 exemplum
1119 2163 1180 2219 et
1211 2159 1536 2237 specimen
1566 2164 1815 2218 tantum
1838 2157 2094 2229 aﬂerre,
2124 2158 2278 2235 Cap.
2304 2157 2341 2215 Ιι
2364 2159 2553 2229 Gen.,
2586 2176 2649 2219 ν.
2685 2159 2748 2230 6,
2780 2160 2958 2218 LXX
2988 2160 3250 2230 habent,
3288 2159 3381 2217 Et
3410 2159 3659 2237 contri-a

366 2246 572 2297 status
601 2246 689 2297 est
715 2236 880 2299 Cain
902 2237 1110 2316 vatde.
1133 2246 1188 2297 et
1220 2235 1501 2316 concidit
1527 2238 1710 2298 vultu
1735 2256 1873 2316 suo.
1906 2238 2022 2297 Ubi
2052 2237 2547 2316 Chrysostomus
2574 2237 2817 2316 active:
2848 2239 2941 2297 Et
2972 2238 3239 2299 tristitia
3263 2235 3656 2316 a/fecitCain

366 2258 572 2297 status
601 2258 689 2297 εει
715 2258 880 2299 eam
902 2258 1099 2301 vatae.
1133 2258 1188 2297 ει
1220 2258 1501 2298 οοησῑιιιι
1527 2258 1710 2298 vultu
1735 2258 1873 2296 suo.
1911 2258 2022 2297 UDl
2052 2258 2179 2297 [ΑΠ’
2208 2258 2547 2297 ἐοειοωιιε
2574 2258 2817 2298 acuve:
2848 2258 2941 2297 ,ιιι
2972 2258 3239 2299 ινιεηιια
3263 2258 3469 2316 αῃεςῑι
3499 2258 3656 2298 nam

366 2316 588 2396 valde;
615 2324 672 2377 et
701 2316 976 2377 concidit
1004 2315 1216 2377 vultus
1244 2315 1399 2395 ejus.
1432 2316 1728 2377 Tristitia
1744 2315 1988 2396 tit/fecit,
2021 2258 2272 2396 supple,
2305 2317 2496 2396 Eous,
2529 2315 2655 2396 qui,
2694 2316 2884 2376 modo
2913 2317 3324 2396 loquebatur.
3349 2315 3490 2396 _Alii
3534 2332 3660 2377 au-

366 2333 588 2382 vatae;
615 2333 672 2377 et
701 2333 976 2377 concutit
1004 2333 1216 2377 cattus
1244 2334 1399 2395 ejus.
1432 2333 1728 2377 Irtsmza
1754 2333 1988 2396 a/Iecu,
2021 2333 2272 2393 supple,
2305 2333 2496 2382 usus,
2529 2333 2642 2451 (21m
2694 2333 2884 2376 moue
2913 2333 3324 2393 loquebatur.
3369 2333 3490 2375 Alll
3534 2333 3654 2377 au-

366 2404 494 2456 tem
524 2395 934 2471 lnterpretes,
981 2396 1186 2455 iratus
1222 2404 1333 2460 est.
1378 2399 1710 2455 verterunt
1740 2394 1893 2454 illud
1937 2407 2068 2457 im.
2122 2394 2276 2471 Cap.
2330 2393 2391 2463 5,
2429 2412 2490 2455 v.
2576 2440 2592 2468 ,
2641 2395 2778 2456 haec
2806 2397 3027 2467 verba,
3077 2402 3133 2454 et
3176 2393 3495 2455 benedixit
3531 2414 3654 2462 eos,

367 2492 515 2550 quae
546 2475 610 2533 in
635 2474 813 2534 LXX
837 2474 1181 2542 habentur,
1210 2479 1275 2534 et
1302 2491 1380 2534 ex
1411 2473 1732 2535 Hebraico
1765 2490 2076 2550 expressa
2119 2479 2291 2544 sunt,
2315 2473 2383 2532 in
2411 2472 2852 2552 Chrysostomi
2892 2474 3246 2550 exemplari
3279 2491 3409 2533 non
3442 2481 3659 2536 exsta-

369 2554 559 2624 bant;
592 2570 708 2615 nec
728 2553 849 2614 dici
883 2558 1093 2632 potest
1122 2553 1233 2613 illa
1262 2553 1693 2632 praetermissa
1709 2552 1915 2632 fuisse
1942 2553 2044 2613 vel
2071 2569 2109 2615 a
2140 2552 2422 2613 librariis
2463 2553 2561 2614 vel
2604 2568 2643 2614 a
2688 2552 3150 2632 Chrysostomo
3186 2559 3412 2614 orante
3445 2572 3462 2614 :
3502 2570 3663 2614 nam:

363 2636 600 2724 quater
629 2633 725 2693 vel
753 2631 1111 2724 quinquies
1126 2636 1530 2724 repetuntur,
1563 2636 1626 2693 et
1653 2631 2306 2724 Chrysostomustqui
2339 2632 2484 2724 haec
2502 2631 2869 2724 minutatim
2898 2632 3202 2724 explicat,
3233 2648 3365 2691 non
3398 2637 3658 2724 praetch

241 2765 249 2771 .
366 2711 687 2772 missurus
717 2715 858 2773 erat
886 2710 1062 2771 illam
1094 2709 1626 2781 benedictionem,
1656 2710 1709 2771 si
1741 2709 1807 2770 in
1836 2710 2192 2787 exemplari
2224 2727 2344 2771 suo
2373 2709 2700 2770 adfuisset.
2739 2710 2899 2771 Aliae
2926 2710 3274 2770 identidem
3302 2717 3658 2771 occurrunt

372 2788 569 2867 variae
599 2790 931 2860 lectiones,
969 2788 1077 2867 sed
1110 2792 1183 2849 ut
1220 2788 1572 2866 plurimum
1600 2789 1800 2851 leves.
1843 2789 2060 2849 Genus
2090 2795 2305 2851 autem
2337 2789 2667 2851 varietatis
2698 2789 2873 2851 aliud
2915 2807 3045 2849 non
3088 2805 3241 2850 raro
3287 2790 3651 2867 reperitur:

363 2866 906 2945 interpunclionis
956 2866 1249 2929 videlicet
1289 2866 1666 2944 discrimen,
1713 2867 1888 2947 quod
1911 2872 2087 2941 tute,
2128 2867 2398 2931 candide
2448 2868 2689 2940 lector,
2739 2869 2909 2929 inter
2960 2867 3304 2946 legendum
3347 2868 3655 2931 animad-

363 2951 601 3009 vertes.

442 3026 603 3087 Sunt
631 3031 692 3087 et
719 3026 844 3089 alia
876 3026 940 3086 in
974 3025 1212 3106 quibus
1243 3024 1741 3106 Chrysostomus
1784 3026 2130 3104 Scriptura:
2157 3029 2406 3087 textum
2446 3025 2524 3088 ad
2568 3026 2800 3088 seriem
2833 3042 3038 3106 suam
3082 3025 3531 3106 concinnavit,
3579 3032 3654 3087 ut

359 3122 502 3166 mos
533 3110 631 3166 est
659 3105 1248 3178 concinnatoribus,
1267 3104 1527 3166 utverbi
1544 3123 1743 3169 causa
1772 3107 1895 3167 col.
1919 3106 2240 3168 36610cus
2273 3106 2397 3179 hic,
2428 3122 2571 3183 cap.
2607 3106 2706 3177 17,
2728 3124 2790 3166 v.
2817 3104 2928 3165 12:
2961 3105 3219 3166 Puettus
3247 3113 3385 3166 octo
3410 3105 3652 3166 dierum

360 3183 843 3244 circumcidetur
866 3183 1061 3252 vobis,
1100 3194 1158 3244 et
1184 3185 1578 3251 vernaculus,
1608 3192 1666 3245 et
1690 3186 2008 3262 emptitius
2034 3205 2054 3245 :
2081 3193 2138 3245 et
2173 3203 2380 3245 omnes
2408 3186 2479 3247 in
2522 3203 2775 3254 summa,
2824 3192 2897 3245 ut
2938 3185 3031 3246 ita
3064 3183 3286 3252 dicam,
3327 3185 3439 3262 qui
3479 3185 3653 3262 apud

354 3281 471 3322 vos
497 3262 804 3344 sunt,_hoc
832 3263 1081 3344 signum
1097 3263 1470 3344 suscipiant.
1500 3264 1595 3324 Et
1612 3264 2051 3344 quisquisﬁnon
2074 3263 2558 3344 circumcidetur
2576 3264 2644 3324 in
2660 3263 2758 3324 die
2786 3264 3155 3344 constituto,
3185 3262 3508 3344 perdatur.
3532 3264 3655 3325 Hic

357 3348 532 3403 certe
560 3341 759 3403 multa
789 3340 1833 3421 mutavitChrySostomusfatque
1878 3343 2483 3421 Scripturteseriem
2527 3342 2593 3401 in
2647 3342 3009 3405 breviorem
3055 3340 3331 3404 formam
3376 3341 3649 3421 redegit,

356 3438 572 3498 neque
601 3420 955 3500 putandum
985 3424 1081 3481 est
1108 3420 1292 3500 sicin
1325 3420 1462 3500 ejus
1493 3421 1848 3498 exemplari
1879 3424 2188 3500 scriptum
2216 3420 2436 3482 fuisse.

436 3494 712 3578 Insignis
744 3508 842 3560 est
863 3500 1040 3560 locus
1068 3500 1191 3578 col.
1219 3494 1377 3573 522,
1397 3517 1480 3560 ex
1496 3494 1704 3576 capite
1732 3500 1834 3572 35,
1855 3494 2042 3561 versu
2066 3494 2158 3567 16,
2190 3501 2294 3560 ubi
2328 3499 2508 3561 LXX
2537 3498 2801 3571 habent,
2824 3499 3097 3560 Factum
3124 3505 3212 3558 est
3245 3504 3474 3578 autem,
3512 3515 3650 3558 cum

354 3576 901 3659 appropinquaret
932 3577 1289 3639 Chabratha
1307 3597 1432 3659 qua
1453 3579 1586 3659 itur
1616 3579 1687 3639 in
1711 3579 2086 3658 Ephratam.
2116 3578 2617 3659 Chrysostomus
2654 3594 2809 3640 vero
2844 3578 2939 3659 sic
2971 3578 3204 3659 habet,
3237 3576 3504 3659 Quando
3537 3595 3651 3657 ap-

351 3655 813 3796 prbpinEuavit
841 3665 910 3718 ut
942 3659 1211 3721 intraret
1259 3655 1336 3718 in
1369 3656 1695 3736 Ephrata,
1734 3655 1975 3719 omissa
2012 3675 2172 3719 voce
2204 3655 2586 3725 Chabratha,
2630 3675 2778 3735 qua;
2831 3658 3005 3719 viros
3064 3655 3285 3717 doctos
3336 3655 3659 3717 hactenus

352 3738 566 3796 torsit.
653 3754 735 3796 eo
761 3755 915 3796 vero
937 3754 1067 3796 non
1094 3737 1307 3796 ausim
1332 3737 1545 3796 dicere
1580 3737 1645 3796 in
1673 3736 2032 3796 exemplari
2055 3737 2122 3796 S.
2145 3736 2587 3796 Chrvsostomi
2613 3755 2743 3796 non
2778 3736 3013 3796 fuisse:
3046 3735 3382 3796 probabile
3408 3736 3653 3796 auinne

352 3738 566 3817 torsit.
600 3735 735 3815 Ego
761 3755 915 3798 vero
937 3754 1067 3817 non
1094 3737 1307 3798 ausim
1332 3735 1545 3817 dicere
1580 3737 1645 3796 in
1673 3736 2032 3815 exemplari
2055 3737 2122 3797 S.
2145 3736 2587 3817 Chrysostomi
2613 3755 2743 3817 non
2778 3736 2977 3798 fuisse
2996 3756 3030 3817 ;_
3046 3735 3382 3817 probabile
3408 3736 3653 3817 quippe

351 3820 452 3895 est
479 3814 832 3895 illum’eam
854 3859 870 3885 ,
898 3816 1071 3893 quod
1104 3832 1236 3876 non
1266 3815 1759 3895 intelligeretur,
1789 3814 2111 3878 omisisse.
2147 3814 2308 3876 Vide
2339 3834 2486 3895 quas
2523 3814 2602 3876 de
2660 3816 2783 3895 hac
2815 3833 2972 3878 voce
2998 3814 3282 3895 diximus
3317 3815 3385 3873 in
3414 3815 3650 3875 Hexa—

350 3894 480 3973 plis
512 3895 769 3957 nostris.
801 3894 1044 3957 Caetera
1069 3895 1146 3956 iis
1177 3893 1584 3958 observanda
1610 3895 2070 3974 relinquimus,
2093 3896 2205 3972 qui
2223 3893 2570 3957 varietates
2604 3894 2884 3958 Biblicas
2909 3912 2988 3955 ex
3016 3893 3308 3973 professo
3342 3897 3644 3957 tractant.

1129 3996 1158 4069 §
1187 3994 1266 4054 V.
1300 3993 1473 4069 Quid
1499 3993 1583 4054 sit
1613 3993 1967 4055 centesima
1994 4012 2035 4054 a
2060 3992 2493 4074 Chrysostomo
2522 4001 2887 4054 memorata.

431 4091 801 4173 Homilia_3
854 4091 925 4173 in
956 4092 1269 4173 ‘Genesim
1303 4093 1449 4173 col.
1500 4092 1613 4173 38,
1665 4091 2167 4173 Chrysostomus
2197 4093 2274 4155 de
2329 4092 2585 4173 Christo
2628 4093 3132 4173 loquensrait;
3184 4094 3398 4172 Neque
3447 4096 3645 4165 enim,

350 4169 863 4251 quemadmodum
902 4170 1038 4237 hic,
1084 4171 1473 4233 centesimam
1518 4171 1720 4232 solum
1739 4169 2101 4251 promittit,
2145 4172 2250 4233 sed
2282 4172 2571 4249 centupto
2600 4169 2794 4251 plura
2836 4171 3027 4233 datis.
3062 4169 3431 4234 Gentes—ima
3465 4175 3647 4237 varie

348 4250 836 4327 accipiebatur:
875 4255 1016 4311 erat
1047 4251 1287 4329 quippe
1330 4251 1685 4313 centesima
1728 4250 2108 4313 auctionum
2155 4251 2457 4311 videlicet
2500 4250 2723 4312 rerum
2765 4250 2833 4310 in
2880 4251 3183 4313 auctione
3236 4251 3644 4314 venditarum

349 4329 704 4408 centesima
733 4347 909 4407 pars,
939 4346 1084 4406 quae
1104 4330 1335 4391 aerario
1374 4330 1638 4408 publico
1669 4330 1772 4392 vel
1805 4330 1961 4391 ﬁsco
1991 4331 2256 4392 cedebat
2285 4350 2299 4388 :
2331 4334 2472 4390 erat
2496 4346 2760 4408 quoque
2787 4331 3140 4393 centesima
3170 4349 3389 4392 rerum
3440 4350 3648 4394 vena-

347 4407 515 4468 lium
546 4424 694 4484 quze
724 4408 1108 4490 exigebatur
1140 4429 1154 4468 :
1185 4407 1475 4490 itemque
1499 4409 1855 4490 centesima
1883 4427 2089 4490 genus
2122 4408 2389 4490 tributi._
2421 4407 2826 4490 Demumque
2851 4411 3221 4490 centesima
3263 4428 3485 4490 usura)
3522 4430 3647 4490 ge—

349 4504 517 4558 nus,
565 4493 796 4567 ἑξατοστὴ
855 4487 1088 4567 Grazcis
1111 4531 1128 4560 ,
1195 4504 1328 4566 qua
1366 4487 1481 4565 qui
1526 4488 1594 4547 in
1627 4487 1834 4549 faenus
1866 4487 2307 4565 accipiebant,
2340 4487 2616 4566 singulis
2659 4487 2991 4548 mensibus
3037 4489 3454 4550 centesimam
3492 4487 3648 4567 par.-

349 4572 481 4646 tem
518 4565 881 4646 solverent,
920 4565 1009 4646 ita
1040 4571 1112 4646 ut
1138 4573 1399 4646 centum
1430 4566 1762 4628 mensibus
1796 4571 2037 4628 sortem
2068 4571 2427 4646 aequarent.
2457 4565 2603 4646 Hoc
2631 4583 2796 4646 vero
2828 4571 3227 4644 postremum
3257 4586 3461 4646 genus
3494 4565 3647 4629 cen-

349 4644 597 4726 tesimm
617 4688 633 4715 ,
661 4644 763 4704 hic
792 4645 1090 4726 intelligit
1127 4644 1626 4726 Chrysostomus
1649 4694 1663 4719 ,
1693 4650 1768 4706 ut
1794 4647 2034 4723 optime
2087 4644 2364 4726 cenjecit
2389 4645 2692 4726 Saviliu_s_.
2723 4645 2844 4726 Hic
2864 4646 3039 4726 enim
3067 4644 3282 4726 agitur
3309 4646 3387 4709 de
3430 4653 3644 4708 cente-

350 4723 520 4784 sima
548 4741 696 4860 quae
717 4723 1146 4800 promittitur;
1180 4724 1241 4784 id
1262 4723 1437 4802 quod
1454 4724 1529 4785 de
1548 4725 1671 4787 hac
1701 4726 1913 4786 solum
1935 4769 1951 4796 ,
1974 4723 2290 4785 nonvero
2318 4724 2395 4784 de
2418 4723 2806 4801 supradictis
2831 4724 3103 4804 intelligi
3117 4723 3346 4802 potest
3366 4746 3380 4784 :
3414 4734 3654 4796 ἑκατοστὴ,

351 4818 510 4860 vero
540 4802 556 4860 i
589 4803 650 4860 la
678 4802 979 4860 frequens
1013 4803 1185 4860 anud
1214 4802 1469 4860 Graecos
1493 4811 1654 4860 erat.
1677 4804 1816 4860 Hac
1847 4803 1922 4860 de
1946 4821 2015 4860 re
2036 4803 2180 4860 vide
2206 4803 2353 4860 Joh.
2382 4802 2799 4860 Fredericum
2827 4803 3227 4860 Gronovium
3249 4805 3341 4860 De
3367 4805 3646 4860 necunia

351 4818 510 4940 vero
540 4802 979 4942 fr3cquens
999 4803 1185 4944 1:13pm!
1214 4802 1469 4865 Graecos
1493 4811 1654 4867 erat.
1677 4804 1816 4867 Hac
1847 4803 1922 4866 de
1945 4821 2015 4864 re
2036 4803 2180 4867 vide
2206 4803 2353 4864 Joh.
2382 4802 2799 4881 Fredericum
2827 4802 3227 4866 Gronovium
3249 4805 3341 4865 De
3367 4805 3646 4883 pecunia

351 4899 430 4940 VC
461 4899 553 4941 eri
607 4901 624 4941 ι
672 4925 688 4941 ο
775 4926 792 4944 .
831 4898 973 4944 can.
1083 4926 1098 4941 .

350 4881 553 4941 veteri
578 4881 688 4942 lib.
721 4881 792 4955 3,
831 4884 973 4960 cap.
999 4881 1098 4944 13.

353 5008 383 5081 §
416 5005 521 5065 Vl.
570 5007 662 5067 De
688 5026 917 5087 magna
966 5008 1358 5071 Hebdomade
1378 5055 1393 5077 ,
1440 5009 1514 5070 de
1552 5009 1650 5073 die
1683 5021 1840 5082 κυρίᾳ,
1869 5026 2004 5090 qua:
2043 5017 2133 5070 est
2156 5007 2492 5070 Dominica
2521 5007 2799 5081 Pascha,
2824 5016 2880 5070 et
2903 5007 2977 5070 de
3004 5007 3179 5069 horis
3206 5005 3638 5087 inaequalibus.

433 5105 642 5189 Quam
659 5125 774 5189 nos
803 5114 1090 5189 sanctam
1116 5109 1502 5189 etmajorem
1520 5109 1983 5173 hebdomadem
2000 5126 2333 5182 vocamus,
2361 5125 2510 5189 quae
2539 5112 2637 5189 est
2662 5108 3428 5189 Quadragesimieultima
3448 5152 3464 5181 ,
3497 5123 3642 5189 eam

350 5185 737 5267 Antiocheni
765 5187 1014 5267 aliique
1037 5185 1341 5267 magnam
1375 5188 1839 5251 hebdomadem
1859 5190 2217 5251 vocabant:
2251 5185 2480 5266 qua'de
2512 5206 2581 5249 re
2608 5188 2783 5250 hunc
2809 5185 3132 5267 insignem
3160 5185 3602 5267 Chrysostomi
3621 5231 3639 5259 ,

352 5263 1551 5359 «20⁸1κὲτῆΙρειιηξξδίῐθτὶηἷιιβεΕοάεηῑ
1577 5268 1760 5329 modo
1793 5275 1848 5359 e_t
1877 5286 1993 5359 nos
2016 5263 2326 5359 faciamus
2357 5274 2628 5359 oportet,
2652 5267 2800 5359 quia
2828 5268 2897 5359 in
2913 5263 3200 5359 magnam
3225 5264 3384 5359 lianc
3409 5264 3644 5359 hebdo—

350 5342 591 5427 madem
613 5345 732 5427 _Dei
751 5346 964 5424 gratia
975 5346 1373 5427 pervenimus
1395 5364 1609 5427 [nunc
1652 5342 2169 5427 maximejej‘unii
2199 5342 2418 5407 cursus
2446 5345 2629 5427 nobis
2659 5342 3076 5427 intendendus
3094 5390 3110 5413 ,
3146 5351 3200 5404 et
3230 5344 3641 5427 ferventipres

350 5364 591 5403 maaem
613 5364 728 5405 ue:
751 5364 964 5424 grana
1028 5364 1373 5407 ervenimus
1395 5392 1410 5414 ,
1441 5364 1609 5407 nunc
1652 5364 2167 5427 maximeJeJunu
2199 5364 2418 5407 cursus
2446 5364 2629 5407 nonis
2659 5364 3110 5413 intenaenaus,
3146 5364 3199 5404 et
3230 5364 3641 5424 [crventwres

348 5421 685 5505 fundenng
707 5441 939 5505 preces,
965 5364 1370 5504 ﬁciendaque
1390 5424 1654 5505 diligens
1675 5433 1731 5487 et
1749 5443 1914 5505 pura
1937 5433 2334 5505 peccatorum
2356 5424 2684 5505 confessio,
2710 5432 2768 5484 et
2794 5425 2867 5485 in
2890 5423 3070 5505 bonis
3082 5422 3385 5505 _operibus
3411 5422 3643 5505 seduli-

353 5508 453 5597 tas
477 5500 1472 5597 exitioenfla,‘eleemgsynaiarga,
1506 5500 1786 5596 aequitas,
1803 5500 2243 5597 mansuetudo,
2265 5500 2520 5597 aliisque
2546 5504 2833 5597 virtutes,
2858 5511 2939 5597 αξ
2951 5501 3189 5597 talibus
3209 5503 3423 5597 ornati
3437 5502 3642 5564 virtu-

354 5578 557 5662 tibus,
585 5579 710 5662 ubi
732 5582 801 5642 in
830 5581 993 5662 diem
1035 5578 1423 5662 Do'minicam
1454 5578 1804 5645 ven-erimus
1828 5631 1843 5653 ,
1886 5584 2142 5645 Domini
2169 5578 2546 5662 liberali-tate
2565 5582 2875 5662 fruamur.
2900 5582 3205 5661 Magnam
3223 5589 3426 5662 autem
3440 5600 3642 5662 uoca-

353 5676 491 5742 mus
508 5658 970 5728 hebdomadam,
986 5679 1133 5742 non
1160 5661 1327 5742 quod
1355 5662 1671 5742 longiores
1699 5664 1771 5724 in
1801 5682 1871 5723 ea
1898 5663 2027 5742 sint
2047 5662 2252 5723 horae:
2274 5672 2421 5724 sunt
2448 5658 2607 5742 enim
2625 5662 2765 5742 alite
2791 5679 2927 5742 qua:
2952 5658 3147 5742 multo
3169 5660 3434 5742 majores
3450 5659 3640 5721 horas

355 5680 491 5718 mus
508 5680 970 5728 neoaomaaam,
1000 5680 1133 5721 non
1160 5680 1327 5740 quoa
1355 5680 1463 5723 ton
1509 5680 1671 5723 iores
1699 5681 1771 5724 in
1801 5682 1871 5723 ea
1898 5680 2027 5723 sint
2047 5680 2252 5723 norm:
2274 5680 2421 5724 sunt
2448 5680 2607 5723 enim
2625 5680 2765 5724 ante
2791 5680 2927 5742 qua:
2952 5680 3147 5722 mutto
3169 5680 3434 5740 majores
3450 5680 3638 5721 noras

355 5734 604 5824 habent;
624 5757 816 5819 neque
834 5740 1003 5818 quod
1020 5740 1381 5824 pluresdies
1392 5680 1609 5824 [gniﬁcat
1623 5761 1643 5800 :
1659 5750 1746 5802 est
1766 5743 1928 5805 enim
1944 5741 2103 5824 idem
2122 5743 2512 5824 numerugin
2524 5739 2638 5824 [iac
2651 5741 2916 5824 aliisque
2936 5738 3240 5824 omnibus.
3267 5739 3475 5824 Quare
3490 5756 3638 5824 ergo

357 5815 525 5885 illam
547 5815 1191 5897 vocamus—magnam?
1220 5820 1386 5895 Quia
1405 5820 1473 5880 in
1503 5819 1617 5881 illa
1636 5839 1865 5899 magna
1882 5815 2166 5900 quaedam
2194 5826 2250 5880 et
2281 5819 2627 5961 ineﬁfabilia
2647 5815 3242 5897 bona'contigerunt
3277 5816 3483 5878 nobis.
3522 5815 3640 5878 Hie

358 5892 515 5959 diem
536 5897 940 5961 Dominicam
960 5903 1146 5961 vocat
1178 5897 1677 5961 Chrvsostomus
1703 5899 1868 5961 diem
1899 5903 2195 5961 sanctum
2213 5901 2368 5961 Pasc
2419 5915 2493 5961 te.
2521 5916 2716 5961 quam
2747 5900 3066 5961 vocabant
3097 5898 3290 5959 etiam
3306 5895 3476 5959 diem
3501 5896 3640 5957 Da~

358 5892 515 5959 diem
536 5897 940 5965 Dominicam
960 5892 1146 5961 vocat
1178 5892 1677 5979 Chrysostomus
1703 5892 1868 5963 diem
1893 5892 2195 5964 sanctum
2213 5892 2493 5974 Pascha,
2521 5916 2716 5978 quam
2747 5892 3066 5965 vocabant
3097 5898 3290 5959 etiam
3306 5895 3476 5959 diem
3501 5896 3653 5957 Da-
