4144 6416
485 450 548 506 is
1936 449 2320 508 PREFATIO.
3691 438 3762 493 εο

494 550 995 611 concionaretur
1024 569 1046 628 :7
1087 566 1235 628 non
1264 550 1438 610 enim
1472 554 1748 628 poterat,
1779 552 2029 613 etiamsi
2057 553 2229 612 bona
2266 550 2632 611 valetudine
2685 549 2945 620 fuisset,
2978 548 3040 628 in
3075 542 3253 606 festis
3283 542 3643 622 martyrum
3697 550 3762 601 in

492 629 766 689 diversis
800 627 1157 689 Antiochiae
1185 626 1489 706 partibus
1514 630 1829 691 celebrari
1866 631 2099 702 solitis,
2131 629 2305 691 aliud
2336 647 2534 706 quam
2588 636 2945 707 martyrum
2979 626 3270 703 ipsorum
3303 628 3762 707 argumentum

495 713 775 845 tragtare
811 726 825 765 :
965 700 1216 845 dunbus
1267 726 1424 788 ergo
1450 709 1921 787 impedimentis
1974 700 2272 769 morbum
2300 700 2405 769 hic
2433 708 2730 783 reticuit,
2758 700 3247 785 martyrumque
3277 700 3658 763 memoriam
3698 700 3764 759 in

495 806 595 845 me.
643 803 774 845 tum
804 802 845 845 a
930 804 1040 845 “XI
1077 831 1092 845 .

494 786 774 846 medium
804 786 1092 848 adduxit.
1352 786 1366 788 ’
1550 786 1553 787 ⁷
3865 838 3874 846 .

430 926 437 933 ,
577 870 657 925 At
679 882 798 926 cur
826 868 893 925 in
919 865 1029 951 his
1053 865 1295 951 diutius
1327 867 1998 951 moramurtquando
2015 866 2276 951 aliunde
2300 871 2547 951 certum
2570 870 2669 951 est
2697 865 3074 951 concio_n_e_m
3106 861 3283 951 illam
3311 860 3622 951 decimam
3653 873 3767 916 no-

500 961 652 1005 nam
692 961 823 1004 non
854 944 1139 1023 potuisse
1176 944 1514 1007 Dominica
1540 940 1867 1025 Passionis
1896 946 2143 1017 haberi,
2176 953 2246 1006 ut
2277 963 2396 1025 ego
2451 945 2696 1024 pridem
2727 940 3311 1025 cumrTillemontio
3337 940 3764 1000 existimave-

497 1041 686 1083 ram:
728 1019 878 1104 nani
935 1025 989 1084 si
1036 1024 1148 1084 illo
1178 1025 1281 1085 die
1322 1025 1542 1086 habita
1573 1024 1822 1094 fuisset,
1877 1025 2038 1086 festa
2087 1025 2198 1087 illa
2247 1019 2628 1104 martyrum,
2686 1039 2832 1101 quin
2878 1021 3075 1104 longa
3129 1019 3297 1104 serie
3337 1032 3764 1104 _pe_r_omnem

546 1108 750 1163 artem
780 1102 1056 1164 civitatis
1112 1105 1611 1165 celebrabantur
1635 1147 1651 1175 ,
1691 1104 2070 1165 incidissent
2121 1105 2232 1163 illo
2261 1094 2438 1166 anna
2488 1104 2556 1162 in
2593 1094 3053 1163 hebdomadei'n
3086 1098 3186 1159 vel
3214 1099 3281 1157 in
3337 1094 3764 1175 hebdomades

558 1180 904 1243 ominicam
950 1182 1273 1243 Passionis
1329 1173 1759 1260 prmcedentes
1794 1203 1810 1242 :
1840 1186 1907 1243 in
1939 1183 2061 1244 hac
2111 1184 2368 1260 quippe,
2399 1182 2709 1244 concione
2756 1181 2870 1260 illa
2916 1183 2989 1238 ut
3037 1176 3171 1260 jam
3205 1175 3488 1260 omnino
3540 1173 3762 1250 elapsa

501 1265 981 1347 commemorat.
1007 1262 1123 1347 l_l_l_a
1155 1278 1309 1347 ergo
1331 1254 1694 1347 martyrum
1725 1262 1886 1324 festa
1913 1264 1979 1347 in
2010 1254 2751 1347 media-Quadragesima
2780 1254 3102 1347 celebrata
3130 1254 3441 1347 fuissentn
3456 1254 3578 1313 hoc
3609 1270 3766 1347 prae:

503 1338 871 1418 claroduce
894 1382 910 1409 ,
949 1340 1192 1401 scilicet
1216 1334 1530 1402 Flaviano
1558 1344 1888 1418 episcopo,
1921 1334 2355 1402 Antiochenos
2411 1334 2576 1418 tun'cr
2616 1339 2909 1418 ducente.
2964 1334 3157 1418 Atqui
3194 1334 3624 1418 certissimum
3651 1334 3766 1418 3st

506 1422 658 1497 tunc
685 1416 1068 1497 Flavianum
1095 1419 1466 1497 episcopum
1490 1409 2049 1496 Constantinopoli
2077 1418 2300 1492 fuisse,
2325 1437 2448 1482 nec
2473 1417 2741 1497 rediisse
2761 1417 2885 1478 nisi
2919 1409 3085 1497 uno—
3105 1412 3433 1475 duobusve
3475 1414 3623 1497 ante
3651 1409 3766 1468 Pa-

508 1437 658 1478 tunc
685 1437 1068 1479 navnanum
1095 1437 1310 1497 episco
1356 1437 1466 1479 um
1490 1437 2049 1496 nonSIanunopon
2077 1437 2300 1492 luisse,
2325 1437 2448 1482 nec
2473 1437 2741 1481 reonsse
2761 1437 2885 1478 ms:
2919 1437 3053 1476 uno
3105 1437 3433 1475 uuouusve
3475 1437 3623 1471 anu:
3652 1437 3762 1468 rd-

505 1495 663 1583 scha
690 1495 978 1583 ejusdem
1006 1498 1164 1558 anni
1209 1437 1435 1583 diegus
1467 1517 1481 1557 :
1519 1499 1631 1583 qui
1662 1516 1818 1583 ergo
1860 1498 2550 1583 poturitAAntiochenos
2586 1495 2665 1557 ad
2716 1496 2878 1583 festa
2909 1496 3428 1583 martyrumnper
3476 1488 3762 1549 diversas

503 1574 692 1640 urbis
725 1568 943 1657 partes
975 1585 1128 1638 tunc
1155 1577 1479 1657 celebrata
1494 1568 2031 1657 circumducere?
2060 1576 2245 1651 Quod
2297 1577 2353 1638 si
2410 1577 2555 1657 quis
2584 1580 2809 1637 contra
2837 1568 3459 1631 verisimilitudinem
3505 1583 3759 1657 omnem

505 1653 843 1735 negaverit
871 1654 1042 1715 hunc
1066 1655 1443 1735 praeclarum
1468 1654 1680 1716 ducem
1723 1654 1921 1715 fuisse
1948 1655 2331 1717 Flavianum
2360 1653 2736 1735 episcopum
2766 1700 2783 1730 ,
2829 1657 2883 1718 is
2919 1660 3089 1718 certe
3143 1673 3279 1735 non
3300 1655 3577 1735 negabit
3621 1664 3776 1715 tunc

500 1731 805 1813 temporis
838 1775 854 1803 ,
894 1749 1042 1813 cum
1081 1731 1325 1813 Scilicet
1368 1732 1535 1813 testa
1563 1739 1923 1813 martyrum
1951 1750 2065 1813 per
2096 1735 2319 1795 urbem
2345 1731 2854 1803 celebrarentur,
2899 1735 3215 1795 Joannem
3248 1731 3776 1813 Chrysostomum

498 1809 942 1891 (egrum__domi
971 1812 1289 1891 mansisse
1323 1811 1521 1871 :illud
1555 1809 1921 1891 enimiipse
1953 1809 2129 1873 dicit
2168 1813 2232 1871 in
2282 1814 2613 1873 concionis
2643 1812 2935 1891 exordio.
2969 1817 3050 1873 At
3077 1809 3401 1890 quomodo
3452 1813 3658 1891 potuit
3709 1811 3779 1871 in

499 1888 846 1971 rnediailla
877 1889 1385 1971 Quadragesima
1414 1907 1585 1968 (eger
1610 1889 1780 1950 domi
1815 1906 2104 1971 manere,
2142 1891 2254 1968 qui
2285 1908 2400 1969 per
2431 1895 2630 1971 totam
2657 1888 3233 1971 Quadragesimam
3283 1888 3723 1952 Antiochenos
3760 1934 3777 1961 ,

498 1968 640 2029 dira
661 1969 746 2048 ob
784 1984 1044 2029 eversas
1083 1968 1554 2046 Imperatorum
1584 1972 1834 2048 statuas
1865 1970 2205 2046 patientes,
2235 1968 2297 2030 et
2325 1970 2629 2048 graviora
2658 1968 3107 2048 exspectantes
3139 1970 3604 2032 consolabatur
3632 2014 3649 2041 ,
3704 1984 3782 2029 ac

501 2047 827 2129 coutinuis
864 2048 1285 2129 concionibus
1322 2066 1457 2108 rem
1506 2047 1797 2129 eamdem
1829 2049 2182 2129 tractabat,
2221 2048 2309 2110 ita
2322 2047 2412 2129 _ut
2437 2051 2633 2110 etiam
2660 2047 2798 2112 una
2821 2067 2903 2111 ex
2938 2049 3280 2129 postremis
3307 2049 3732 2111 concionibus
3759 2093 3776 2121 ,

502 2131 574 2187 ut
602 2125 839 2186 ibidem
869 2126 1095 2199 fertur,
1132 2126 1350 2187 decem
1384 2129 1534 2188 ante
1558 2127 1805 2187 Pascha
1831 2127 2058 2188 diebus
2099 2126 2267 2189 dicta
2313 2126 2557 2188 fuerit?

582 2205 697 2266 His
727 2206 1030 2286 omnibus
1060 2205 1422 2286 perpensis,
1454 2210 1701 2286 certum
1732 2205 2293 2286 indubitatnmque
2316 2207 2567 2268 videtur
2594 2207 2929 2269 homiliam
2959 2208 3137 2269 illam
3166 2225 3313 2286 quae
3331 2207 3579 2286 decima
3609 2221 3783 2267 nona

392 2339 398 2345 .
504 2283 582 2365 ad
614 2284 1063 2365 Antiochenos
1083 2282 1307 2357 fertur,
1340 2292 1487 2365 post
1528 2284 1973 2365 Pascharanni
2006 2284 2121 2344 387
2152 2282 2438 2365 habitam
2488 2286 2706 2346 fuisse.
2758 2288 2941 2349 Illam
2990 2282 3374 2364 praecessere
3426 2285 3787 2365 Martyrum

502 2362 901 2443 festivitates,
930 2362 1167 2439 quibus
1199 2363 1503 2443 peractis,
1530 2362 1606 2423 ad
1624 2363 1913 2443 rusticos
1944 2365 2079 2424 sive
2108 2364 2450 2443 agricolas,
2481 2365 2594 2442 qui
2630 2365 2697 2424 in
2725 2368 2949 2426 urbem
2980 2362 3396 2436 advenerant,
3431 2362 3791 2426 hanc'con—

503 2443 756 2503 cionem
783 2441 859 2502 de
883 2442 1269 2522 juramentis
1314 2442 1560 2522 habuit.
1613 2442 2044 2519 Similiterque
2078 2444 2148 2522 in
2159 2441 2441 2505 homilia
2470 2441 2679 2521 prima
2707 2443 2783 2504 de
2813 2446 3000 2505 Anna
3033 2450 3176 2522 post
3227 2449 3519 2522 peractas
3550 2443 3787 2522 multas

504 2525 864 2601 martyrum
894 2520 1266 2601 festivitates
1294 2520 1373 2601 ad
1402 2521 1677 2601 rusticos
1710 2522 2085 2601 concionem
2119 2521 2195 2582 de
2219 2520 2602 2601 juramentis
2633 2523 2881 2583 habuit.
2912 2520 3068 2597 Quis
3100 2520 3246 2583 non?
3262 2522 3474 2583 videat
3500 2521 3789 2601 eamdem

504 2600 584 2662 ad
612 2600 887 2661 rusticos
917 2598 994 2660 de
1019 2599 1405 2678 juramentis
1436 2599 1721 2662 habitam
1773 2600 2105 2661 homiliam
2131 2598 2479 2678 utrobique
2533 2602 3075 2663 commemorari?
3101 2602 3258 2675 Quis
3291 2618 3407 2661 nos
3443 2601 3615 2662 ultra
3658 2599 3792 2660 fer-

508 2686 642 2752 ret,
675 2681 728 2742 si
760 2679 858 2740 his
902 2680 1203 2739 omnibus
1235 2678 1328 2739 sic
1351 2684 1651 2759 accurate
1679 2680 2065 2741 examinatis
2096 2679 2386 2741 eamdem
2423 2698 2640 2741 rerum
2673 2680 2908 2741 seriem
2934 2681 3000 2741 in
3028 2679 3568 2759 Quadragesima,
3600 2695 3790 2759 eam-

504 2760 645 2821 dem
707 2776 971 2839 quoque
1024 2762 1167 2835 post
1211 2757 1457 2818 Pascha
1510 2759 2083 2839 constitueremus,
2136 2759 2744 2839 martyrnmlfestos
2785 2759 2919 2839 dies
2962 2761 3197 2820 multos
3243 2756 3625 2830 continuos,
3666 2756 3793 2839 ad-

504 2835 770 2899 ventum
813 2837 1205 2897 rusticorum
1232 2882 1248 2910 ,
1281 2840 1344 2896 et
1395 2837 1775 2898 concionem
1810 2837 1888 2897 de
1917 2835 2327 2916 juramentis
2351 2838 2430 2900 ad
2474 2838 2619 2898 illos
2650 2838 2937 2900 habitam
2962 2841 2992 2898 ?
3018 2839 3255 2899 Annon
3282 2838 3394 2899 illa
3421 2835 3793 2916 earumdem

507 2937 724 2999 rerum
752 2916 1051 2999 repetitio
1087 2922 1217 2978 tam
1248 2917 1543 2999 proxime
1574 2916 1739 2999 facta
1767 2914 1935 2999 quid“
1956 2918 2274 2999 absonum
2306 2922 2369 2999 et
2396 2934 2437 2979 a
2456 2916 3031 2999 verisimilitudine
3058 2917 3344 2999 alienum
3373 2933 3505 2999 prae
3534 2934 3602 2976 se
3630 2914 3796 2999 fert?

506 2998 621 3058 Ille
652 2993 870 3073 itaque
900 2995 1058 3074 ordo
1089 2993 1405 3057 tenendus
1435 2999 1533 3056 est
1559 2995 1672 3072 qui
1699 2997 1765 3055 in
1793 2993 2066 3057 homilia
2091 2998 2302 3073 prima
2329 2997 2405 3057 de
2434 2998 2624 3057 Anna
2658 2995 3057 3069 enuntiatur,
3072 2993 3158 3057 ἰιι
3184 2993 3417 3074 agmen
3451 2995 3643 3074 ducat
3671 2993 3797 3074 ho-

508 3076 686 3137 milia
713 3072 791 3136 de
820 3073 1030 3135 reditu
1047 3074 1345 3135 Flaviani
1365 3118 1381 3144 ,
1412 3092 1558 3152 quae
1587 3075 1655 3133 in
1680 3074 1781 3135 die
1812 3079 2037 3135 sancto
2070 3072 2331 3137 Paschaa
2359 3075 2581 3137 habita
2609 3074 2752 3147 fuit;
2780 3074 3007 3135 deinde
3036 3072 3350 3153 sequatur
3376 3072 3625 3153 conicio,
3657 3072 3797 3153 sive

506 3155 888 3225 conciones,
918 3153 973 3233 si
1000 3153 1259 3233 quidem
1290 3148 1772 3233 plur—esshabita:
1822 3154 2095 3233 fuerint,
2129 3154 2208 3215 ad
2238 3154 2505 3233 gentiles
2535 3154 2648 3231 qui
2672 3198 2687 3228 ,
2734 3154 2797 3214 vi
2848 3148 3232 3233 calamitatis
3259 3152 3672 3213 Antiochenaa
3700 3148 3798 3233 ad

509 3234 840 3294 meliorem
868 3229 1113 3293 reducti
1145 3229 1430 3311 frugem,
1461 3231 1843 3294 Christianze
1876 3230 2022 3294 ﬁdei
2044 3229 2277 3294 ηοωθῇ
2307 3229 2651 3305 dederant;
2684 3234 2806 3294 sub
2836 3233 2969 3293 haec
2999 3232 3158 3294 festa
3201 3229 3802 3311 Martyrummultis

512 3312 749 3380 diebus,
778 3311 848 3371 in
882 3329 1137 3391 omnem,
1161 3309 1707 3391 civitatispartem
1734 3311 2057 3391 celebrata
2084 3318 2274 3385 sunt,
2304 3311 2475 3391 domi
2506 3316 2810 3391 manente
2838 3312 3234 3391 aegritudinis
3281 3309 3479 3371 causa
3507 3309 3804 3391 Chryso-

508 3398 717 3453 stomo
746 3413 762 3463 ;
798 3391 1052 3452 demum
1082 3390 1183 3451 die
1212 3387 1537 3451 Dominica
1552 3388 1831 3449 Servata:
1873 3389 2042 3453 dicta
2072 3392 2193 3451 fuit
2229 3390 2497 3453 homilia
2527 3391 2640 3452 illa
2669 3390 2749 3452 ad
2779 3387 3055 3453 rusticos
3085 3391 3162 3450 de
3185 3388 3576 3469 juramentis
3604 3430 3620 3458 ,
3654 3402 3802 3469 quas

511 3473 680 3531 inter
707 3471 1007 3532 homilias
1063 3468 1656 3548 quadragesimales
1680 3469 1851 3548 jacet
1879 3474 1941 3529 et
1979 3469 2225 3532 decima
2274 3485 2451 3532 nona
2507 3474 2936 3532 numeratur:
2969 3464 3247 3548 quaeque
3293 3469 3437 3530 loco
3484 3464 3804 3545 movenda

512 3568 657 3612 esse
678 3549 988 3610 suadetur
1016 3566 1100 3608 ex
1129 3547 1537 3623 supradictis.
1687 3547 1691 3548 ⁷
2158 3551 2166 3558 ’

590 3627 733 3687 Jam
761 3624 1180 3703 quaarendum
1206 3621 1406 3684 restat
1437 3641 1736 3701 quaenam
1765 3625 1849 3685 sit
1871 3625 1985 3686 illa
2013 3622 2341 3691 Dominica
2358 3626 2659 3701 Servate,
2704 3643 2850 3703 quae
2887 3626 2954 3686 in
2990 3625 3178 3686 titulo
3212 3624 3474 3685 decimae
3508 3640 3698 3684 nonae
3726 3621 3807 3682 ad

517 3705 951 3767 Antiochenos
988 3703 1269 3763 homilia:
1299 3708 1701 3781 memoratur
1733 3722 1747 3760 :
1779 3721 1858 3763 ex
1892 3703 2003 3765 illa
2031 3708 2204 3765 enim
2232 3704 2702 3781 perquisitione
2752 3705 3026 3765 fortasse
3074 3721 3316 3766 novum
3346 3706 3807 3781 argumentum

518 3783 597 3846 ad
628 3784 854 3845 eadem
878 3799 1022 3861 quae
1047 3782 1344 3861 superius
1373 3780 1709 3861 probanda
1739 3786 2047 3861 emerget.
2078 3780 2396 3861 Dixeram
2414 3781 2478 3840 in
2508 3781 2889 3861 Praafatione
2922 3782 3002 3844 ad
3034 3784 3309 3843 Tomum
3337 3780 3810 3861 secundum,_et

515 3863 777 3941 quidem
807 3857 1481 3941 post'l‘illemontium,
1499 3859 1695 3941 videri
1722 3860 1879 3919 mihi
1906 3857 2313 3941 Dominicam
2334 3857 2820 3941 illamrScruutw,
2841 3872 2979 3941 esse
3023 3862 3427 3924 Dominicam
3455 3858 3807 3941 Passionis,

516 3937 664 4020 quae
709 3937 1079 4021 quindecim
1104 3944 1289 4021 rantes
1309 3940 1555 4021 Pascha
1584 3939 1808 4021 diebus
1837 3940 2221 4021 celebratur.
2253 3940 2322 4001 Id
2350 3940 2525 4021 quod
2575 3939 2765 4021 nulla
2800 3940 2941 4021 alia
2979 3949 3323 4021 permotus,
3354 3940 3609 4021 ratione
3624 3937 3771 4021 dixi
3792 3980 3809 4007 ,

517 4016 907 4099 quam'quia
938 4020 1075 4081 haae
1102 4019 1369 4079 homilia
1402 4018 1571 4080 inter
1595 4018 2189 4099 quadragesimales
2220 4016 2485 4099 semper,
2504 4020 2721 4081 locum
2749 4016 3010 4093 habuit‘,
3042 4025 3175 4082 tam
3201 4019 3268 4079 in
3310 4016 3771 4099 Manuscriptis
3793 4061 3807 4082 ν

518 4095 719 4192 quam
745 4095 812 4161 in
840 4100 1078 4192 Editis;
1109 4104 1344 4191 etcum
1374 4098 1438 4192 in
1464 4098 1802 4192 pominica
1830 4095 2054 4190 habita
2081 4098 2279 4192 fuisse
2308 4095 2684 4161 testiﬁcetur
2711 4105 2894 4161 vetus
2907 4099 3261 4192 inscriptio
3285 4143 3303 4171 ,
3333 4098 3582 4192 nullam
3612 4095 3811 4192 aliain

519 4176 829 4258 putabam
877 4178 1281 4239 Dominicam
1332 4177 1411 4237 ad
1464 4177 1632 4238 hanc
1677 4177 2052 4239 concionem
2077 4196 2155 4255 qu

520 4258 746 4320 eadem
773 4257 850 4319 de
877 4273 1076 4319 causa
1107 4260 1263 4333 puto
1291 4256 1776 4316 Tillemontium
1804 4256 1872 4316 in
1897 4258 2123 4318 eadem
2152 4261 2155 4317 ἓ

2178 4178 2400 4241 adrare
2424 4194 2615 4256 posse
2635 4222 2651 4250 ,
2680 4194 2880 4317 (quam
2907 4176 3311 4239 Dominicam
3339 4176 3666 4238 Passionis
3704 4193 3721 4232 :
3752 4176 3814 4233 et

2178 4275 2291 4335 psa
2317 4257 2652 4318 Dominica
2724 4258 2916 4319 ictam
2958 4274 3100 4319 eam
3131 4256 3330 4335 fuisse
3379 4254 3810 4335 existimasse.

524 4337 803 4398 Savilius
833 4339 1049 4397 autem
1092 4335 1269 4395 illam
1297 4335 1701 4396 Dominicam
1730 4352 1872 4396 esse
1893 4352 2038 4397 eam
2061 4380 2078 4407 ,
2108 4333 2309 4413 quam
2339 4338 2406 4397 in
2435 4337 2612 4396 Albis
2642 4340 2902 4415 vocant,
2934 4334 3323 4415 significavit
3351 4354 3366 4393 :
3400 4351 3485 4415 ac
3505 4333 3656 4415 licet
3682 4345 3816 4392 non

525 4416 876 4506 tam_longe
904 4431 940 4506 ρ
975 4415 1415 4506 νθιςρ-ίῴθπει
1441 4430 1778 4506 quamego
1801 4411 2257 4506 .aberravi;‘ex
2293 4415 2704 4506 praajndigata
2731 4413 2793 4473 id
2818 4411 3073 4506 tantum
3092 4411 3669 4506 opinionedixisse
3700 4426 3819 4506 pu-

525 4494 756 4557 tandus
773 4492 889 4556 est.
904 4494 1034 4555 Leo
1056 4492 1330 4554 Allatius
1353 4510 1506 4553 vero
1525 4493 1616 4553 De
1628 4492 1980 4555 Deminicis
2000 4501 2057 4554 et
2073 4492 2946 4571 hebdomadibusGra'corum,
2967 4513 3029 4571 p.
3050 4492 3229 4567 11ι60,
3248 4493 3384 4554 haec
3404 4492 3597 4571 habet
3613 4508 3627 4546 :
3643 4511 3672 4545 α
3693 4492 3820 4548 As-

525 4575 746 4635 censio
775 4590 1039 4652 quoque
1068 4572 1322 4632 Domini
1363 4571 1531 4652 apud
1556 4572 1993 4652 Cappadoces,
2025 4571 2497 4652 Episozomene,
2518 4570 2904 4637 dicebatur.»
2917 4568 3064 4633 Erat
3096 4571 3471 4652 adnotatum
3494 4568 3561 4652 in
3592 4584 3819 4652 mann-

525 4654 765 4734 scripto
793 4645 1022 4734 Codice
1040 4652 1332 4734 Gregorii
1370 4645 1714 4734 Nysseni—z:
1732 4672 1765 4734 σς
1777 4645 2148 4734 Vernaculo
2160 4645 2611 4734 cappadocum
2631 4668 2755 4712 usu
2780 4652 3239 4734 Episqzomgne
3265 4648 3499 4734 dicitur
3513 4645 3821 4734 Ascensio

525 4673 650 4714 SCI‘I
702 4673 765 4713 ιο
793 4673 1022 4713 ωαιοθ
1040 4673 1332 4731 [πεζοι-11
1372 4673 1643 4731 nyssem
1667 4673 1681 4709 Ξ
1732 4673 1762 4707 α
1787 4673 1817 4712 ν
1835 4673 2148 4714 θῑηᾶοωο
2160 4673 2611 4731 uappauocum
2631 4673 2755 4712 1181]
2780 4673 3239 4728 nptsozamcne
3265 4673 3821 4709 Ulcuurnsccusuu

525 4734 601 4793 D.
728 4732 785 4791 Ι.
813 4731 933 4818 (3.».
967 4731 1363 4818 Legiturqne
1384 4731 1552 4818 intq
1573 4730 1988 4818 Andriantas,
2015 4732 2460 4818 siveStatuus,
2500 4730 2940 4818 Chrysostomi
2971 4729 3261 4818 homilia,
3295 4726 3627 4818 ﬂaminica
3656 4722 3822 4816 £ij-

526 4829 878 4873 sozomcnes
912 4809 1023 4890 (α).
1057 4807 1305 4872 Latinis
1335 4811 1471 4872 haec
1497 4810 1834 4871 Dominica
1865 4816 1962 4870 est
1990 4811 2218 4890 quinta
2242 4817 2389 4888 post
2417 4807 2681 4871 Pascha.
2716 4831 2743 4862 ι)
2771 4808 3097 4890 Hactenus
3125 4808 3256 4890 Leo
3283 4807 3583 4890 Allatius,
3605 4807 3725 4890 qui
3757 4807 3819 4861 in

529 4882 992 4970 quaestionem,
1025 4905 1225 4966 quam
1270 4890 1633 4970 agitamus,
1667 4890 1848 4970 nullo
1867 4882 2071 4970 modo
2099 4882 2433 4970 ingressus
2469 4933 2497 4970 ,Α
2536 4905 2669 4970 non
2726 4886 2933 4970 potuit
2959 4904 3043 4947 ex
3070 4885 3486 4970 praajudicata
3516 4882 3825 4970 opinione

531 4964 737 5048 loqui.
769 4971 834 5031 Si
862 4969 930 5030 in
961 4964 1085 5030 hac
1117 4964 1343 5048 autem
1360 4968 1697 5048 Dominica
1729 4967 2017 5030 habitam
2046 4969 2126 5030 ad
2143 4964 2440 5048 rusticos
2464 4968 2541 5048 de
2581 4964 2963 5048 juramentis
2993 4966 3370 5048 concinnem
3399 4978 3744 5048 ponamus,
3765 4966 3827 5020 et

533 5042 709 5111 illam
731 5048 1131 5110 Dominicam
1151 5047 1449 5114 Servataz,
1465 5046 1700 5108 utferti
1709 5066 1819 5125 pse
1838 5048 2085 5120 titulus,
2101 5065 2243 5108 esse
2262 5042 2975 5125 Dominicamrquintam
2997 5048 3141 5125 post
3162 5042 3411 5125 Pascha
3437 5047 3824 5125 statuamus,

533 5131 754 5191 omnia
775 5128 1211 5206 quadrabunt.
1244 5128 1395 5188 Post
1420 5119 1909 5189 habitam—enim
1937 5128 2005 5187 in
2034 5119 2137 5187 die
2164 5127 2424 5206 Pascha
2460 5119 2792 5206 homiliam
2818 5123 2896 5182 de
2924 5119 3133 5206 reditu
3162 5121 3459 5206 Flaviani
3477 5165 3494 5194 ,
3531 5119 3829 5206 tlhryso—

536 5196 1187 5269 stemus-concionem
1209 5223 1410 5268 unam
1432 5206 1532 5267 vel
1554 5206 1773 5282 plures
1804 5206 2106 5268 habuerit
2132 5205 2210 5267 ad
2238 5206 2534 5284 gentiles,
2567 5204 2719 5263 hinc
2746 5203 2811 5262 in
2849 5202 3146 5261 morbum
3177 5199 3496 5284 inciderit,
3526 5196 3830 5274 domique

534 5304 706 5363 {eger
732 5287 1063 5357 manserit,
1092 5286 1245 5346 dum
1270 5285 1484 5347 multis
1505 5276 1743 5353 diebus,
1781 5294 1838 5346 et
1868 5288 1936 5348 in
1965 5303 2201 5345 omnem
2226 5276 2506 5363 dicimus
2522 5276 2777 5363 partem
2793 5284 2951 5363 festa
2968 5287 3318 5363 martyrum
3342 5276 3827 5363 celebrarentur;

539 5352 928 5441 damumque
966 5352 1327 5427 instaurata
1369 5352 1733 5441 utcumque
1776 5363 2141 5425 valetudine
2163 5407 2178 5434 ,
2235 5352 2652 5441 nondumque
2685 5352 2923 5441 solutis,
2943 5352 3158 5441 morbi
3185 5356 3477 5441 reliquiis
3503 5400 3519 5428 ,
3552 5355 3723 5441 hanc
3751 5352 3829 5413 ad

537 5433 961 5531 rusticosjseu
984 5433 1710 5531 agricolas_concionem
1741 5444 2078 5531 habuerit,
2105 5441 2444 5531 Dominica
2472 5433 2700 5531 quinta
2729 5443 2876 5531 post
2901 5438 3169 5531 Pascha,
3190 5433 3343 5513 quin
3366 5433 3830 5531 Ascensioneni

538 5522 862 5663 praecedit,
912 5510 1266 5600 posteaque
1311 5524 1651 5584 Sermones
1686 5523 1752 5582 in
1804 5510 2072 5584 Annam.
2104 5538 2174 5583 co

576 5602 786 5663 Iomto
815 5601 894 5662 ad
924 5598 1205 5662 eosdem.

2191 5510 2514 5582 ntinenter
2542 5510 2778 5581 dixerit
2806 5518 2918 5578 illo
2968 5510 3235 5586 ordine;
3266 5530 3400 5593 quo
3434 5513 3715 5574 diximus
3763 5510 3827 5570 in

641 5877 716 5939 (σ)
750 5875 1107 5935 I-lpisozomene,
1130 5870 1348 5932 genitivo
1382 5869 1765 5929 Episozomenes,
1794 5871 1871 5918 est
1892 5875 1984 5913 vox
2009 5862 2178 5913 Graeca
2200 5874 2276 5913 ιςιο

1892 5875 1984 5913 vox
2009 5842 2178 5913 Graeca
2200 5873 2514 5923 ιςιοωζιμινηης
2528 5893 2542 5917 ,
2561 5863 2673 5918 qua
2694 5850 2877 5910 latine,
2900 5849 3107 5909 servata,
3135 5842 3510 5910 interpretatur.
