  <div class='ocr_page' id='page_1' title='image "/cluster/home/n/w/nwhite01/storage/ocr_20150623/53:no.4:pt.1/coo.31924054869536/020.png"; bbox 0 0 4144 6434; ppageno 0'>
   <div class='ocr_carea' id='block_1_1' title="bbox 421 466 3722 530">
    <p class='ocr_par' dir='ltr' id='par_1_1' title="bbox 421 466 3722 530">
     <span class='ocr_line' id='line_1_1' title="bbox 421 466 3722 530; baseline 0.002 -6"><span class='ocrx_word' id='word_1_1' title='bbox 421 469 484 524; x_wconf 66' lang='grc' dir='ltr'><strong>ει</strong></span> <span class='ocrx_word' id='word_1_2' title='bbox 1907 466 2279 526; x_wconf 71' lang='grc' dir='ltr'><strong>ΡΗᾸΞΕἉΟΙΟ.</strong></span> <span class='ocrx_word' id='word_1_3' title='bbox 3651 468 3722 530; x_wconf 67' lang='grc'><strong>22</strong></span> 
     </span>
    </p>
   </div>
   <div class='ocr_carea' id='block_1_2' title="bbox 539 706 3604 792">
    <p class='ocr_par' dir='ltr' id='par_1_2' title="bbox 539 706 3604 792">
     <span class='ocr_line' id='line_1_2' title="bbox 539 706 3604 792; baseline 0.002 -25"><span class='ocrx_word' id='word_1_4' title='bbox 539 711 572 783; x_wconf 82' lang='lat'>§</span> <span class='ocrx_word' id='word_1_5' title='bbox 608 706 780 767; x_wconf 88' lang='lat' dir='ltr'><strong>Vlll.</strong></span> <span class='ocrx_word' id='word_1_6' title='bbox 806 707 894 767; x_wconf 87' lang='lat' dir='ltr'><em>De</em></span> <span class='ocrx_word' id='word_1_7' title='bbox 918 707 992 766; x_wconf 87' lang='grc' dir='ltr'><em>Μ</em></span> <span class='ocrx_word' id='word_1_8' title='bbox 994 715 1441 786; x_wconf 86' lang='lat' dir='ltr'><em>esopentecoste</em></span> <span class='ocrx_word' id='word_1_9' title='bbox 1462 729 1599 790; x_wconf 69' lang='lat' dir='ltr'><strong>qua:</strong></span> <span class='ocrx_word' id='word_1_10' title='bbox 1622 728 1749 769; x_wconf 74' lang='lat' dir='ltr'><strong>vox</strong></span> <span class='ocrx_word' id='word_1_11' title='bbox 1760 728 2090 790; x_wconf 82' lang='lat' dir='ltr'><strong>perperam</strong></span> <span class='ocrx_word' id='word_1_12' title='bbox 2119 712 2457 791; x_wconf 78' lang='lat' dir='ltr'><strong>irrepserat</strong></span> <span class='ocrx_word' id='word_1_13' title='bbox 2494 714 2560 773; x_wconf 80' lang='lat' dir='ltr'><strong>in</strong></span> <span class='ocrx_word' id='word_1_14' title='bbox 2589 713 2943 774; x_wconf 78' lang='lat' dir='ltr'><strong>Sermonem</strong></span> <span class='ocrx_word' id='word_1_15' title='bbox 2968 714 3258 792; x_wconf 80' lang='lat' dir='ltr'><strong>quintum</strong></span> <span class='ocrx_word' id='word_1_16' title='bbox 3302 713 3375 773; x_wconf 86' lang='lat' dir='ltr'><strong>de</strong></span> <span class='ocrx_word' id='word_1_17' title='bbox 3401 713 3604 774; x_wconf 87' lang='lat' dir='ltr'><em>Anna.</em></span> 
     </span>
    </p>
   </div>
   <div class='ocr_carea' id='block_1_3' title="bbox 497 828 3729 911">
    <p class='ocr_par' dir='ltr' id='par_1_3' title="bbox 497 828 3729 911">
     <span class='ocr_line' id='line_1_3' title="bbox 497 828 3729 911; baseline 0.001 -23"><span class='ocrx_word' id='word_1_18' title='bbox 497 829 573 888; x_wconf 89' lang='lat' dir='ltr'><strong>ln</strong></span> <span class='ocrx_word' id='word_1_19' title='bbox 598 829 915 911; x_wconf 84' lang='lat' dir='ltr'><strong>concione</strong></span> <span class='ocrx_word' id='word_1_20' title='bbox 936 828 1163 905; x_wconf 87' lang='lat' dir='ltr'><strong>quinta</strong></span> <span class='ocrx_word' id='word_1_21' title='bbox 1186 829 1264 889; x_wconf 89' lang='lat' dir='ltr'><strong>de</strong></span> <span class='ocrx_word' id='word_1_22' title='bbox 1286 831 1473 892; x_wconf 89' lang='lat' dir='ltr'><strong>Anna</strong></span> <span class='ocrx_word' id='word_1_23' title='bbox 1502 830 1594 890; x_wconf 91' lang='lat' dir='ltr'><strong>ait</strong></span> <span class='ocrx_word' id='word_1_24' title='bbox 1623 830 1818 911; x_wconf 82' lang='lat' dir='ltr'><strong>paulo</strong></span> <span class='ocrx_word' id='word_1_25' title='bbox 1849 836 1996 911; x_wconf 87' lang='lat' dir='ltr'><strong>post</strong></span> <span class='ocrx_word' id='word_1_26' title='bbox 2021 832 2278 893; x_wconf 89' lang='lat' dir='ltr'><strong>initium</strong></span> <span class='ocrx_word' id='word_1_27' title='bbox 2303 830 2826 911; x_wconf 88' lang='lat' dir='ltr'><strong>Chrysostomus,</strong></span> <span class='ocrx_word' id='word_1_28' title='bbox 2857 831 3152 911; x_wconf 70' lang='lat' dir='ltr'><strong>Quamvis</strong></span> <span class='ocrx_word' id='word_1_29' title='bbox 3181 831 3342 892; x_wconf 77' lang='lat' dir='ltr'><strong>enim</strong></span> <span class='ocrx_word' id='word_1_30' title='bbox 3372 831 3729 891; x_wconf 80' lang='lat' dir='ltr'><em>Pentecoste</em></span> 
     </span>
    </p>
   </div>
   <div class='ocr_carea' id='block_1_4' title="bbox 406 909 3728 988">
    <p class='ocr_par' dir='ltr' id='par_1_4' title="bbox 406 909 3728 988">
     <span class='ocr_line' id='line_1_4' title="bbox 406 909 3728 988; baseline 0.002 -23"><span class='ocrx_word' id='word_1_31' title='bbox 406 909 763 982; x_wconf 76' lang='lat' dir='ltr'><strong>prwteriit,</strong></span> <span class='ocrx_word' id='word_1_32' title='bbox 792 909 1018 988; x_wconf 81' lang='lat' dir='ltr'><strong>festum</strong></span> <span class='ocrx_word' id='word_1_33' title='bbox 1047 918 1249 968; x_wconf 85' lang='lat' dir='ltr'><strong>tamen</strong></span> <span class='ocrx_word' id='word_1_34' title='bbox 1276 928 1409 969; x_wconf 89' lang='lat' dir='ltr'><em>non</em></span> <span class='ocrx_word' id='word_1_35' title='bbox 1430 910 1762 988; x_wconf 76' lang='lat' dir='ltr'><strong>prceteriit.</strong></span> <span class='ocrx_word' id='word_1_36' title='bbox 1790 910 1886 972; x_wconf 88' lang='lat' dir='ltr'><strong>Ita</strong></span> <span class='ocrx_word' id='word_1_37' title='bbox 1920 910 2161 971; x_wconf 84' lang='lat' dir='ltr'><strong>habent</strong></span> <span class='ocrx_word' id='word_1_38' title='bbox 2190 909 2448 971; x_wconf 86' lang='lat' dir='ltr'><strong>Fronto</strong></span> <span class='ocrx_word' id='word_1_39' title='bbox 2462 912 2731 972; x_wconf 72' lang='lat' dir='ltr'><strong>Ducaeus</strong></span> <span class='ocrx_word' id='word_1_40' title='bbox 2762 916 2825 971; x_wconf 90' lang='lat' dir='ltr'><strong>et</strong></span> <span class='ocrx_word' id='word_1_41' title='bbox 2859 910 3161 982; x_wconf 85' lang='lat' dir='ltr'><strong>Savilius,</strong></span> <span class='ocrx_word' id='word_1_42' title='bbox 3194 911 3282 972; x_wconf 88' lang='lat' dir='ltr'><strong>ita</strong></span> <span class='ocrx_word' id='word_1_43' title='bbox 3312 911 3465 970; x_wconf 88' lang='lat' dir='ltr'><strong>Mss.</strong></span> <span class='ocrx_word' id='word_1_44' title='bbox 3503 928 3728 970; x_wconf 82' lang='lat' dir='ltr'><strong>omnes</strong></span> 
     </span>
    </p>
   </div>
   <div class='ocr_carea' id='block_1_5' title="bbox 408 988 3724 1066">
    <p class='ocr_par' dir='ltr' id='par_1_5' title="bbox 408 988 3724 1066">
     <span class='ocr_line' id='line_1_5' title="bbox 408 988 3724 1066; baseline 0 -21"><span class='ocrx_word' id='word_1_45' title='bbox 408 988 695 1066; x_wconf 85' lang='lat' dir='ltr'><strong>habent.</strong></span> <span class='ocrx_word' id='word_1_46' title='bbox 727 988 970 1047; x_wconf 87' lang='lat' dir='ltr'><strong>Verum</strong></span> <span class='ocrx_word' id='word_1_47' title='bbox 999 988 1121 1049; x_wconf 82' lang='lat' dir='ltr'><strong>col.</strong></span> <span class='ocrx_word' id='word_1_48' title='bbox 1156 989 1449 1065; x_wconf 89' lang='lat' dir='ltr'><strong>sequenti</strong></span> <span class='ocrx_word' id='word_1_49' title='bbox 1477 1033 1493 1061; x_wconf 91' lang='lat'><em>,</em></span> <span class='ocrx_word' id='word_1_50' title='bbox 1522 1007 1667 1066; x_wconf 68' lang='lat' dir='ltr'><strong>quae</strong></span> <span class='ocrx_word' id='word_1_51' title='bbox 1695 1006 1869 1050; x_wconf 88' lang='lat' dir='ltr'><strong>nunc</strong></span> <span class='ocrx_word' id='word_1_52' title='bbox 1902 995 2001 1050; x_wconf 88' lang='lat' dir='ltr'><strong>est</strong></span> <span class='ocrx_word' id='word_1_53' title='bbox 2027 989 2183 1055; x_wconf 84' lang='grc'><strong>670,</strong></span> <span class='ocrx_word' id='word_1_54' title='bbox 2214 990 2328 1050; x_wconf 92' lang='lat' dir='ltr'><strong>lin.</strong></span> <span class='ocrx_word' id='word_1_55' title='bbox 2364 989 2478 1059; x_wconf 55' lang='lat' dir='ltr'><em>tto,</em></span> <span class='ocrx_word' id='word_1_56' title='bbox 2512 991 2784 1051; x_wconf 70' lang='lat' dir='ltr'><strong>Ducaeus</strong></span> <span class='ocrx_word' id='word_1_57' title='bbox 2820 993 2882 1050; x_wconf 85' lang='lat' dir='ltr'><strong>et</strong></span> <span class='ocrx_word' id='word_1_58' title='bbox 2921 989 3197 1050; x_wconf 87' lang='lat' dir='ltr'><strong>Savilius</strong></span> <span class='ocrx_word' id='word_1_59' title='bbox 3230 990 3323 1049; x_wconf 90' lang='lat' dir='ltr'><strong>sic</strong></span> <span class='ocrx_word' id='word_1_60' title='bbox 3351 988 3683 1049; x_wconf 87' lang='lat' dir='ltr'><strong>ediderant</strong></span> <span class='ocrx_word' id='word_1_61' title='bbox 3710 1009 3724 1046; x_wconf 90' lang='lat'><strong>:</strong></span> 
     </span>
    </p>
   </div>
   <div class='ocr_carea' id='block_1_6' title="bbox 406 1065 3727 1149">
    <p class='ocr_par' dir='ltr' id='par_1_6' title="bbox 406 1065 3727 1149">
     <span class='ocr_line' id='line_1_6' title="bbox 406 1065 3727 1149; baseline 0 -25"><span class='ocrx_word' id='word_1_62' title='bbox 406 1065 961 1149; x_wconf 57' lang='lat' dir='ltr'><strong>Quemadmodum</strong></span> <span class='ocrx_word' id='word_1_63' title='bbox 986 1068 1147 1127; x_wconf 84' lang='lat' dir='ltr'><strong>enim</strong></span> <span class='ocrx_word' id='word_1_64' title='bbox 1176 1068 1243 1128; x_wconf 81' lang='lat' dir='ltr'><strong>in</strong></span> <span class='ocrx_word' id='word_1_65' title='bbox 1267 1065 1800 1149; x_wconf 84' lang='lat' dir='ltr'><em>Mesopentecoste</em></span> <span class='ocrx_word' id='word_1_66' title='bbox 1832 1068 2331 1149; x_wconf 80' lang='lat' dir='ltr'><strong>intempestivum</strong></span> <span class='ocrx_word' id='word_1_67' title='bbox 2360 1070 2599 1149; x_wconf 80' lang='lat' dir='ltr'><strong>fuisset,</strong></span> <span class='ocrx_word' id='word_1_68' title='bbox 2639 1070 2867 1129; x_wconf 86' lang='lat' dir='ltr'><strong>omissa</strong></span> <span class='ocrx_word' id='word_1_69' title='bbox 2894 1067 3327 1149; x_wconf 75' lang='lat' dir='ltr'><strong>beneﬁciorum</strong></span> <span class='ocrx_word' id='word_1_70' title='bbox 3346 1085 3458 1145; x_wconf 85' lang='lat' dir='ltr'><strong>per</strong></span> <span class='ocrx_word' id='word_1_71' title='bbox 3488 1067 3554 1128; x_wconf 81' lang='lat' dir='ltr'><strong>id</strong></span> <span class='ocrx_word' id='word_1_72' title='bbox 3586 1076 3727 1125; x_wconf 82' lang='lat' dir='ltr'><strong>tem-</strong></span> 
     </span>
    </p>
   </div>
   <div class='ocr_carea' id='block_1_7' title="bbox 405 1145 3731 1226">
    <p class='ocr_par' dir='ltr' id='par_1_7' title="bbox 405 1145 3731 1226">
     <span class='ocr_line' id='line_1_7' title="bbox 405 1145 3731 1226; baseline 0 -23"><span class='ocrx_word' id='word_1_73' title='bbox 405 1163 538 1222; x_wconf 75' lang='lat' dir='ltr'><strong>pus</strong></span> <span class='ocrx_word' id='word_1_74' title='bbox 560 1145 651 1206; x_wconf 59' lang='lat' dir='ltr'><strong>&#39;i-n</strong></span> <span class='ocrx_word' id='word_1_75' title='bbox 679 1164 797 1205; x_wconf 84' lang='lat' dir='ltr'><strong>nos</strong></span> <span class='ocrx_word' id='word_1_76' title='bbox 825 1145 1198 1207; x_wconf 80' lang='lat' dir='ltr'><strong>collatorum</strong></span> <span class='ocrx_word' id='word_1_77' title='bbox 1232 1145 1839 1214; x_wconf 80' lang='lat' dir='ltr'><strong>commemoratione,</strong></span> <span class='ocrx_word' id='word_1_78' title='bbox 1869 1145 2182 1226; x_wconf 68' lang='lat' dir='ltr'><strong>inceptum</strong></span> <span class='ocrx_word' id='word_1_79' title='bbox 2209 1145 2393 1208; x_wconf 68' lang='lat' dir='ltr'><strong>antea</strong></span> <span class='ocrx_word' id='word_1_80' title='bbox 2445 1157 2810 1209; x_wconf 73' lang='lat' dir='ltr'><em>contextum</em></span> <span class='ocrx_word' id='word_1_81' title='bbox 2839 1145 3211 1209; x_wconf 77' lang='lat' dir='ltr'><strong>continuare</strong></span> <span class='ocrx_word' id='word_1_82' title='bbox 3242 1168 3262 1206; x_wconf 90' lang='lat'><em>:</em></span> <span class='ocrx_word' id='word_1_83' title='bbox 3292 1147 3383 1207; x_wconf 83' lang='lat' dir='ltr'><strong>ita</strong></span> <span class='ocrx_word' id='word_1_84' title='bbox 3412 1164 3585 1206; x_wconf 79' lang='lat' dir='ltr'><em>nunc</em></span> <span class='ocrx_word' id='word_1_85' title='bbox 3624 1164 3731 1203; x_wconf 76' lang='lat' dir='ltr'><strong>ea:-</strong></span> 
     </span>
    </p>
   </div>
   <div class='ocr_carea' id='block_1_8' title="bbox 407 1226 3732 1307">
    <p class='ocr_par' dir='ltr' id='par_1_8' title="bbox 407 1226 3732 1307">
     <span class='ocr_line' id='line_1_8' title="bbox 407 1226 3732 1307; baseline 0 -26"><span class='ocrx_word' id='word_1_86' title='bbox 407 1232 562 1284; x_wconf 85' lang='lat' dir='ltr'><strong>acta</strong></span> <span class='ocrx_word' id='word_1_87' title='bbox 615 1226 1157 1307; x_wconf 81' lang='lat' dir='ltr'><em>Mesopentecoste</em></span> <span class='ocrx_word' id='word_1_88' title='bbox 1188 1272 1202 1294; x_wconf 93' lang='lat'><strong><em>,</em></strong></span> <span class='ocrx_word' id='word_1_89' title='bbox 1238 1235 1592 1307; x_wconf 80' lang='lat' dir='ltr'><strong>opportune</strong></span> <span class='ocrx_word' id='word_1_90' title='bbox 1642 1226 1975 1287; x_wconf 79' lang='lat' dir='ltr'><strong>historiam</strong></span> <span class='ocrx_word' id='word_1_91' title='bbox 2015 1244 2502 1307; x_wconf 79' lang='lat' dir='ltr'><strong>prosequemur,</strong></span> <span class='ocrx_word' id='word_1_92' title='bbox 2549 1228 2897 1307; x_wconf 81' lang='lat' dir='ltr'><strong>pristinum</strong></span> <span class='ocrx_word' id='word_1_93' title='bbox 2928 1227 3001 1287; x_wconf 86' lang='lat' dir='ltr'><strong>de</strong></span> <span class='ocrx_word' id='word_1_94' title='bbox 3059 1227 3246 1307; x_wconf 76' lang='lat' dir='ltr'><em>Anna</em></span> <span class='ocrx_word' id='word_1_95' title='bbox 3300 1233 3732 1305; x_wconf 81' lang='lat' dir='ltr'><strong>argumentum</strong></span> 
     </span>
    </p>
   </div>
   <div class='ocr_carea' id='block_1_9' title="bbox 412 1304 3727 1384">
    <p class='ocr_par' dir='ltr' id='par_1_9' title="bbox 412 1304 3727 1384">
     <span class='ocr_line' id='line_1_9' title="bbox 412 1304 3727 1384; baseline 0 -23"><span class='ocrx_word' id='word_1_96' title='bbox 412 1305 805 1365; x_wconf 74' lang='lat' dir='ltr'><strong>tractaturi.</strong></span> <span class='ocrx_word' id='word_1_97' title='bbox 840 1304 961 1384; x_wconf 86' lang='lat' dir='ltr'><strong>Qui</strong></span> <span class='ocrx_word' id='word_1_98' title='bbox 987 1305 1168 1365; x_wconf 89' lang='lat' dir='ltr'><strong>locus</strong></span> <span class='ocrx_word' id='word_1_99' title='bbox 1192 1304 1428 1365; x_wconf 86' lang='lat' dir='ltr'><strong>mirum</strong></span> <span class='ocrx_word' id='word_1_100' title='bbox 1459 1316 1776 1383; x_wconf 85' lang='lat' dir='ltr'><strong>quantum</strong></span> <span class='ocrx_word' id='word_1_101' title='bbox 1804 1325 1865 1366; x_wconf 86' lang='grc' dir='ltr'><strong>ν.</strong></span> <span class='ocrx_word' id='word_1_102' title='bbox 1897 1307 1976 1367; x_wconf 89' lang='lat' dir='ltr'><strong>cl.</strong></span> <span class='ocrx_word' id='word_1_103' title='bbox 2010 1304 2496 1366; x_wconf 71' lang='lat' dir='ltr'><strong>&#39;l‘illeniontium</strong></span> <span class='ocrx_word' id='word_1_104' title='bbox 2527 1304 2754 1379; x_wconf 79' lang='lat' dir='ltr'><strong>torsit;</strong></span> <span class='ocrx_word' id='word_1_105' title='bbox 2788 1311 2851 1366; x_wconf 91' lang='lat' dir='ltr'><strong>et</strong></span> <span class='ocrx_word' id='word_1_106' title='bbox 2874 1307 3021 1384; x_wconf 86' lang='lat' dir='ltr'><strong>jure</strong></span> <span class='ocrx_word' id='word_1_107' title='bbox 3061 1305 3320 1383; x_wconf 85' lang='lat' dir='ltr'><strong>quidem</strong></span> <span class='ocrx_word' id='word_1_108' title='bbox 3356 1304 3551 1365; x_wconf 89' lang='lat' dir='ltr'><strong>:nam</strong></span> <span class='ocrx_word' id='word_1_109' title='bbox 3585 1321 3727 1371; x_wconf 88' lang='lat' dir='ltr'><strong>cur,</strong></span> 
     </span>
    </p>
   </div>
   <div class='ocr_carea' id='block_1_10' title="bbox 410 1383 3731 1468">
    <p class='ocr_par' dir='ltr' id='par_1_10' title="bbox 410 1383 3731 1468">
     <span class='ocr_line' id='line_1_10' title="bbox 410 1383 3731 1468; baseline -0 -27"><span class='ocrx_word' id='word_1_110' title='bbox 410 1390 787 1468; x_wconf 76' lang='lat' dir='ltr'><strong>postquam</strong></span> <span class='ocrx_word' id='word_1_111' title='bbox 819 1383 1004 1468; x_wconf 86' lang='lat' dir='ltr'><strong>initio</strong></span> <span class='ocrx_word' id='word_1_112' title='bbox 1052 1386 1471 1468; x_wconf 87' lang='lat' dir='ltr'><strong>P_e_ntecosten</strong></span> <span class='ocrx_word' id='word_1_113' title='bbox 1502 1391 1576 1445; x_wconf 90' lang='lat' dir='ltr'><strong>ut</strong></span> <span class='ocrx_word' id='word_1_114' title='bbox 1597 1386 1732 1464; x_wconf 89' lang='lat' dir='ltr'><strong>jam</strong></span> <span class='ocrx_word' id='word_1_115' title='bbox 1760 1385 2153 1468; x_wconf 65' lang='lat' dir='ltr'><strong>praeteritam</strong></span> <span class='ocrx_word' id='word_1_116' title='bbox 2180 1390 2836 1468; x_wconf 64' lang='lat' dir='ltr'><strong>commemoravgrat,</strong></span> <span class='ocrx_word' id='word_1_117' title='bbox 2869 1384 2929 1443; x_wconf 90' lang='lat' dir='ltr'><strong>id</strong></span> <span class='ocrx_word' id='word_1_118' title='bbox 2957 1384 3034 1443; x_wconf 93' lang='lat' dir='ltr'><strong>de</strong></span> <span class='ocrx_word' id='word_1_119' title='bbox 3064 1385 3287 1468; x_wconf 75' lang='lat' dir='ltr'><strong>eadem</strong></span> <span class='ocrx_word' id='word_1_120' title='bbox 3320 1383 3731 1468; x_wconf 74' lang='lat' dir='ltr'><strong>solemnitate</strong></span> 
     </span>
    </p>
   </div>
   <div class='ocr_carea' id='block_1_11' title="bbox 413 1461 3730 1541">
    <p class='ocr_par' dir='ltr' id='par_1_11' title="bbox 413 1461 3730 1541">
     <span class='ocr_line' id='line_1_11' title="bbox 413 1461 3730 1541; baseline -0.001 -20"><span class='ocrx_word' id='word_1_121' title='bbox 413 1463 721 1538; x_wconf 87' lang='lat' dir='ltr'><strong>loquens</strong></span> <span class='ocrx_word' id='word_1_122' title='bbox 753 1467 1049 1523; x_wconf 78' lang='lat' dir='ltr'><strong>exactam</strong></span> <span class='ocrx_word' id='word_1_123' title='bbox 1080 1461 1678 1541; x_wconf 79' lang='lat' dir='ltr'><strong>MeSOpentecosten</strong></span> <span class='ocrx_word' id='word_1_124' title='bbox 1711 1461 1892 1524; x_wconf 78' lang='lat' dir='ltr'><strong>vocet</strong></span> <span class='ocrx_word' id='word_1_125' title='bbox 1915 1509 1930 1536; x_wconf 89' lang='lat'>,</span> <span class='ocrx_word' id='word_1_126' title='bbox 1973 1480 2049 1525; x_wconf 88' lang='lat' dir='ltr'><strong>ac</strong></span> <span class='ocrx_word' id='word_1_127' title='bbox 2078 1464 2130 1524; x_wconf 89' lang='lat' dir='ltr'><strong>si</strong></span> <span class='ocrx_word' id='word_1_128' title='bbox 2178 1464 2344 1525; x_wconf 87' lang='lat' dir='ltr'><strong>idem</strong></span> <span class='ocrx_word' id='word_1_129' title='bbox 2377 1470 2592 1524; x_wconf 79' lang='lat' dir='ltr'><strong>essent</strong></span> <span class='ocrx_word' id='word_1_130' title='bbox 2643 1464 3005 1524; x_wconf 84' lang='lat' dir='ltr'><em>Pentecoste</em></span> <span class='ocrx_word' id='word_1_131' title='bbox 3033 1469 3095 1524; x_wconf 89' lang='lat' dir='ltr'><strong>et</strong></span> <span class='ocrx_word' id='word_1_132' title='bbox 3147 1461 3730 1539; x_wconf 80' lang='lat' dir='ltr'><strong>Mesopentecoste?</strong></span> 
     </span>
    </p>
   </div>
   <div class='ocr_carea' id='block_1_12' title="bbox 410 1541 3730 1621">
    <p class='ocr_par' dir='ltr' id='par_1_12' title="bbox 410 1541 3730 1621">
     <span class='ocr_line' id='line_1_12' title="bbox 410 1541 3730 1621; baseline -0.001 -20"><span class='ocrx_word' id='word_1_133' title='bbox 410 1541 639 1619; x_wconf 83' lang='lat' dir='ltr'><strong>Igitur</strong></span> <span class='ocrx_word' id='word_1_134' title='bbox 670 1542 828 1602; x_wconf 86' lang='lat' dir='ltr'><strong>Mss.</strong></span> <span class='ocrx_word' id='word_1_135' title='bbox 860 1542 1148 1601; x_wconf 89' lang='lat' dir='ltr'><strong>omnium</strong></span> <span class='ocrx_word' id='word_1_136' title='bbox 1181 1544 1563 1604; x_wconf 86' lang='lat' dir='ltr'><strong>auctoritate</strong></span> <span class='ocrx_word' id='word_1_137' title='bbox 1594 1543 1772 1614; x_wconf 81' lang='lat' dir='ltr'><strong>fulti,</strong></span> <span class='ocrx_word' id='word_1_138' title='bbox 1804 1543 2081 1603; x_wconf 90' lang='lat' dir='ltr'><strong>duorum</strong></span> <span class='ocrx_word' id='word_1_139' title='bbox 2108 1543 2401 1604; x_wconf 86' lang='lat' dir='ltr'><strong>videlicet</strong></span> <span class='ocrx_word' id='word_1_140' title='bbox 2445 1543 2793 1621; x_wconf 80' lang='lat' dir='ltr'><strong>Regiorum</strong></span> <span class='ocrx_word' id='word_1_141' title='bbox 2824 1548 2885 1602; x_wconf 82' lang='lat' dir='ltr'><strong>et</strong></span> <span class='ocrx_word' id='word_1_142' title='bbox 2912 1542 3106 1602; x_wconf 86' lang='lat' dir='ltr'><strong>unius</strong></span> <span class='ocrx_word' id='word_1_143' title='bbox 3136 1541 3487 1621; x_wconf 83' lang='lat' dir='ltr'><strong>Colbertini</strong></span> <span class='ocrx_word' id='word_1_144' title='bbox 3514 1585 3530 1611; x_wconf 88' lang='lat'><strong>,</strong></span> <span class='ocrx_word' id='word_1_145' title='bbox 3563 1557 3730 1616; x_wconf 90' lang='lat' dir='ltr'><strong>quos</strong></span> 
     </span>
    </p>
   </div>
   <div class='ocr_carea' id='block_1_13' title="bbox 410 1620 3730 1700">
    <p class='ocr_par' dir='ltr' id='par_1_13' title="bbox 410 1620 3730 1700">
     <span class='ocr_line' id='line_1_13' title="bbox 410 1620 3730 1700; baseline -0 -21"><span class='ocrx_word' id='word_1_146' title='bbox 410 1621 601 1680; x_wconf 90' lang='lat' dir='ltr'><strong>solos</strong></span> <span class='ocrx_word' id='word_1_147' title='bbox 635 1620 990 1681; x_wconf 77' lang='lat' dir='ltr'><strong>habuimus</strong></span> <span class='ocrx_word' id='word_1_148' title='bbox 1027 1620 1450 1683; x_wconf 84' lang='lat' dir='ltr'><strong>conferendos</strong></span> <span class='ocrx_word' id='word_1_149' title='bbox 1478 1666 1492 1689; x_wconf 78' lang='lat'>.</span> <span class='ocrx_word' id='word_1_150' title='bbox 1525 1623 2104 1700; x_wconf 76' lang='lat' dir='ltr'><em>Mesopentecosten</em></span> <span class='ocrx_word' id='word_1_151' title='bbox 2157 1623 2223 1682; x_wconf 90' lang='lat' dir='ltr'><strong>in</strong></span> <span class='ocrx_word' id='word_1_152' title='bbox 2271 1620 2681 1683; x_wconf 75' lang='lat' dir='ltr'><em>Pentecosten</em></span> <span class='ocrx_word' id='word_1_153' title='bbox 2714 1622 3127 1700; x_wconf 80' lang='lat' dir='ltr'><strong>mutavimus.</strong></span> <span class='ocrx_word' id='word_1_154' title='bbox 3184 1620 3730 1700; x_wconf 74' lang='lat' dir='ltr'><strong>Mesopentecoste</strong></span> 
     </span>
    </p>
   </div>
   <div class='ocr_carea' id='block_1_14' title="bbox 410 1696 3730 1778">
    <p class='ocr_par' dir='ltr' id='par_1_14' title="bbox 410 1696 3730 1778">
     <span class='ocr_line' id='line_1_14' title="bbox 410 1696 3730 1778; baseline -0.002 -19"><span class='ocrx_word' id='word_1_155' title='bbox 410 1705 652 1759; x_wconf 86' lang='lat' dir='ltr'><strong>autem</strong></span> <span class='ocrx_word' id='word_1_156' title='bbox 688 1700 1037 1762; x_wconf 88' lang='lat' dir='ltr'><strong>hebdomas</strong></span> <span class='ocrx_word' id='word_1_157' title='bbox 1072 1706 1234 1775; x_wconf 90' lang='lat' dir='ltr'><strong>erat,</strong></span> <span class='ocrx_word' id='word_1_158' title='bbox 1270 1719 1415 1778; x_wconf 69' lang='lat' dir='ltr'><strong>quae</strong></span> <span class='ocrx_word' id='word_1_159' title='bbox 1445 1696 1791 1778; x_wconf 79' lang='lat' dir='ltr'><strong>incipiebat</strong></span> <span class='ocrx_word' id='word_1_160' title='bbox 1818 1702 1975 1762; x_wconf 79' lang='lat' dir='ltr'><strong>feria</strong></span> <span class='ocrx_word' id='word_1_161' title='bbox 2005 1705 2237 1778; x_wconf 85' lang='lat' dir='ltr'><strong>quarta</strong></span> <span class='ocrx_word' id='word_1_162' title='bbox 2266 1703 2525 1762; x_wconf 60' lang='lat' dir='ltr'><strong>Pascha:</strong></span> <span class='ocrx_word' id='word_1_163' title='bbox 2546 1745 2562 1772; x_wconf 90' lang='lat'><strong>,</strong></span> <span class='ocrx_word' id='word_1_164' title='bbox 2593 1707 2655 1760; x_wconf 85' lang='lat' dir='ltr'><strong>et</strong></span> <span class='ocrx_word' id='word_1_165' title='bbox 2681 1700 3015 1761; x_wconf 84' lang='lat' dir='ltr'><strong>desinebat</strong></span> <span class='ocrx_word' id='word_1_166' title='bbox 3044 1698 3463 1775; x_wconf 83' lang='lat' dir='ltr'><strong>feria-quarta</strong></span> <span class='ocrx_word' id='word_1_167' title='bbox 3496 1696 3730 1757; x_wconf 85' lang='lat' dir='ltr'><strong>hebdo-</strong></span> 
     </span>
    </p>
   </div>
   <div class='ocr_carea' id='block_1_15' title="bbox 411 1778 3731 1859">
    <p class='ocr_par' dir='ltr' id='par_1_15' title="bbox 411 1778 3731 1859">
     <span class='ocr_line' id='line_1_15' title="bbox 411 1778 3731 1859; baseline -0.001 -23"><span class='ocrx_word' id='word_1_168' title='bbox 411 1778 637 1859; x_wconf 78' lang='lat' dir='ltr'><strong>madis</strong></span> <span class='ocrx_word' id='word_1_169' title='bbox 694 1780 1052 1859; x_wconf 80' lang='lat' dir='ltr'><strong>sequentis,</strong></span> <span class='ocrx_word' id='word_1_170' title='bbox 1083 1798 1231 1857; x_wconf 65' lang='lat' dir='ltr'><strong>quae</strong></span> <span class='ocrx_word' id='word_1_171' title='bbox 1258 1784 1399 1840; x_wconf 90' lang='lat' dir='ltr'><strong>erat</strong></span> <span class='ocrx_word' id='word_1_172' title='bbox 1440 1781 1657 1859; x_wconf 78' lang='lat' dir='ltr'><strong>vigilia</strong></span> <span class='ocrx_word' id='word_1_173' title='bbox 1686 1781 2124 1841; x_wconf 81' lang='lat' dir='ltr'><strong>Ascensionis.</strong></span> <span class='ocrx_word' id='word_1_174' title='bbox 2169 1781 2631 1842; x_wconf 85' lang='lat' dir='ltr'><strong>Celebrabatur</strong></span> <span class='ocrx_word' id='word_1_175' title='bbox 2664 1786 2880 1859; x_wconf 87' lang='lat' dir='ltr'><strong>autem</strong></span> <span class='ocrx_word' id='word_1_176' title='bbox 2909 1779 2973 1838; x_wconf 91' lang='lat' dir='ltr'><strong>in</strong></span> <span class='ocrx_word' id='word_1_177' title='bbox 3000 1779 3320 1859; x_wconf 74' lang='lat' dir='ltr'><strong>bonorem</strong></span> <span class='ocrx_word' id='word_1_178' title='bbox 3347 1792 3731 1859; x_wconf 73' lang='lat' dir='ltr'><strong>magnarum</strong></span> 
     </span>
    </p>
   </div>
   <div class='ocr_carea' id='block_1_16' title="bbox 414 1855 3732 1936">
    <p class='ocr_par' dir='ltr' id='par_1_16' title="bbox 414 1855 3732 1936">
     <span class='ocr_line' id='line_1_16' title="bbox 414 1855 3732 1936; baseline 0.001 -21"><span class='ocrx_word' id='word_1_179' title='bbox 414 1857 716 1917; x_wconf 86' lang='lat' dir='ltr'><strong>duarum</strong></span> <span class='ocrx_word' id='word_1_180' title='bbox 767 1855 1187 1920; x_wconf 79' lang='lat' dir='ltr'><strong>festivitatum</strong></span> <span class='ocrx_word' id='word_1_181' title='bbox 1207 1903 1223 1931; x_wconf 95' lang='lat'><em>,</em></span> <span class='ocrx_word' id='word_1_182' title='bbox 1270 1855 1597 1920; x_wconf 59' lang='lat' dir='ltr'><strong>Paschalis</strong></span> <span class='ocrx_word' id='word_1_183' title='bbox 1647 1860 1890 1919; x_wconf 89' lang='lat' dir='ltr'><strong>scilicet</strong></span> <span class='ocrx_word' id='word_1_184' title='bbox 1918 1866 1981 1920; x_wconf 85' lang='lat' dir='ltr'><strong>et</strong></span> <span class='ocrx_word' id='word_1_185' title='bbox 2004 1861 2409 1921; x_wconf 87' lang='lat' dir='ltr'><strong>Pentecostes</strong></span> <span class='ocrx_word' id='word_1_186' title='bbox 2432 1905 2448 1933; x_wconf 91' lang='lat'><strong>,</strong></span> <span class='ocrx_word' id='word_1_187' title='bbox 2477 1859 2750 1936; x_wconf 86' lang='lat' dir='ltr'><strong>ideoque</strong></span> <span class='ocrx_word' id='word_1_188' title='bbox 2781 1858 2847 1917; x_wconf 91' lang='lat' dir='ltr'><strong>in</strong></span> <span class='ocrx_word' id='word_1_189' title='bbox 2878 1856 3088 1916; x_wconf 89' lang='lat' dir='ltr'><strong>medio</strong></span> <span class='ocrx_word' id='word_1_190' title='bbox 3127 1858 3467 1917; x_wconf 87' lang='lat' dir='ltr'><strong>ambarum</strong></span> <span class='ocrx_word' id='word_1_191' title='bbox 3496 1855 3732 1932; x_wconf 82' lang='lat' dir='ltr'><strong>posita.</strong></span> 
     </span>
    </p>
   </div>
   <div class='ocr_carea' id='block_1_17' title="bbox 419 1936 3724 2020">
    <p class='ocr_par' dir='ltr' id='par_1_17' title="bbox 419 1936 3724 2020">
     <span class='ocr_line' id='line_1_17' title="bbox 419 1936 3724 2020; baseline 0.003 -27"><span class='ocrx_word' id='word_1_192' title='bbox 419 1943 761 2020; x_wconf 59' lang='lat' dir='ltr'><strong>utrasque</strong></span> <span class='ocrx_word' id='word_1_193' title='bbox 790 1936 978 2020; x_wconf 78' lang='lat' dir='ltr'><strong>quasi</strong></span> <span class='ocrx_word' id='word_1_194' title='bbox 1004 1938 1380 2020; x_wconf 73' lang='lat' dir='ltr'><strong>c_ol|_igabat,_</strong></span> <span class='ocrx_word' id='word_1_195' title='bbox 1398 1938 1627 2020; x_wconf 71' lang='lat' dir='ltr'><strong>inquit</strong></span> <span class='ocrx_word' id='word_1_196' title='bbox 1654 1938 2115 2020; x_wconf 45' lang='lat' dir='ltr'><strong>Synaxarium:</strong></span> <span class='ocrx_word' id='word_1_197' title='bbox 2141 1940 2287 2020; x_wconf 82' lang='lat' dir='ltr'><strong>Qua</strong></span> <span class='ocrx_word' id='word_1_198' title='bbox 2311 1940 2389 2001; x_wconf 91' lang='lat' dir='ltr'><strong>de</strong></span> <span class='ocrx_word' id='word_1_199' title='bbox 2414 1958 2487 2003; x_wconf 91' lang='lat' dir='ltr'><strong>re</strong></span> <span class='ocrx_word' id='word_1_200' title='bbox 2516 1943 2708 2020; x_wconf 86' lang='lat' dir='ltr'><strong>plura</strong></span> <span class='ocrx_word' id='word_1_201' title='bbox 2740 1941 2880 2003; x_wconf 80' lang='lat' dir='ltr'><strong>vide</strong></span> <span class='ocrx_word' id='word_1_202' title='bbox 2908 1941 3078 2020; x_wconf 87' lang='lat' dir='ltr'><strong>apud</strong></span> <span class='ocrx_word' id='word_1_203' title='bbox 3106 1943 3384 2003; x_wconf 89' lang='lat' dir='ltr'><strong>Leonem</strong></span> <span class='ocrx_word' id='word_1_204' title='bbox 3418 1941 3724 2004; x_wconf 80' lang='lat' dir='ltr'><strong>Allatium</strong></span> 
     </span>
    </p>
   </div>
   <div class='ocr_carea' id='block_1_18' title="bbox 418 2010 2234 2093">
    <p class='ocr_par' dir='ltr' id='par_1_18' title="bbox 418 2010 2234 2093">
     <span class='ocr_line' id='line_1_18' title="bbox 418 2010 2234 2093; baseline 0.006 -25"><span class='ocrx_word' id='word_1_205' title='bbox 418 2013 501 2072; x_wconf 85' lang='lat' dir='ltr'><strong>de</strong></span> <span class='ocrx_word' id='word_1_206' title='bbox 517 2010 905 2093; x_wconf 62' lang='lat' dir='ltr'><strong>Dominicis</strong></span> <span class='ocrx_word' id='word_1_207' title='bbox 936 2021 999 2075; x_wconf 88' lang='lat' dir='ltr'><strong>et</strong></span> <span class='ocrx_word' id='word_1_208' title='bbox 1028 2010 1532 2078; x_wconf 77' lang='lat' dir='ltr'><strong>hebdomadibus</strong></span> <span class='ocrx_word' id='word_1_209' title='bbox 1564 2010 1933 2077; x_wconf 53' lang='lat' dir='ltr'><strong>Graicorum</strong></span> <span class='ocrx_word' id='word_1_210' title='bbox 1961 2035 2025 2093; x_wconf 90' lang='lat' dir='ltr'><strong>p.</strong></span> <span class='ocrx_word' id='word_1_211' title='bbox 2056 2010 2234 2078; x_wconf 56' lang='lat'><strong>11159.</strong></span> 
     </span>
    </p>
   </div>
   <div class='ocr_carea' id='block_1_19' title="bbox 427 2089 3720 2229">
    <p class='ocr_par' dir='ltr' id='par_1_19' title="bbox 427 2089 3720 2229">
     <span class='ocr_line' id='line_1_19' title="bbox 427 2089 3720 2229; baseline 0.002 -78"><span class='ocrx_word' id='word_1_212' title='bbox 427 2089 725 2229; x_wconf 51' lang='grc' dir='ltr'><strong>όίξέὧοᾶιε</strong></span> <span class='ocrx_word' id='word_1_213' title='bbox 742 2092 1055 2156; x_wconf 87' lang='lat' dir='ltr'><strong>Homilias</strong></span> <span class='ocrx_word' id='word_1_214' title='bbox 1087 2094 1163 2156; x_wconf 90' lang='lat' dir='ltr'><strong>de</strong></span> <span class='ocrx_word' id='word_1_215' title='bbox 1189 2095 1429 2157; x_wconf 84' lang='lat' dir='ltr'><strong>Davide</strong></span> <span class='ocrx_word' id='word_1_216' title='bbox 1463 2099 1527 2156; x_wconf 84' lang='lat' dir='ltr'><strong>et</strong></span> <span class='ocrx_word' id='word_1_217' title='bbox 1573 2096 1764 2158; x_wconf 85' lang='lat' dir='ltr'><strong>Saiile</strong></span> <span class='ocrx_word' id='word_1_218' title='bbox 1815 2089 2150 2158; x_wconf 46' lang='lat' dir='ltr'><strong>satis-sunt</strong></span> <span class='ocrx_word' id='word_1_219' title='bbox 2177 2113 2254 2159; x_wconf 89' lang='lat' dir='ltr'><strong>ea</strong></span> <span class='ocrx_word' id='word_1_220' title='bbox 2278 2142 2295 2170; x_wconf 89' lang='lat'><strong><em>,</em></strong></span> <span class='ocrx_word' id='word_1_221' title='bbox 2326 2116 2471 2176; x_wconf 67' lang='lat' dir='ltr'><strong>quae</strong></span> <span class='ocrx_word' id='word_1_222' title='bbox 2519 2098 2585 2159; x_wconf 90' lang='lat' dir='ltr'><strong>in</strong></span> <span class='ocrx_word' id='word_1_223' title='bbox 2639 2099 2886 2159; x_wconf 90' lang='lat' dir='ltr'><strong>Monito</strong></span> <span class='ocrx_word' id='word_1_224' title='bbox 2928 2098 3084 2176; x_wconf 89' lang='lat' dir='ltr'><strong>ipsis</strong></span> <span class='ocrx_word' id='word_1_225' title='bbox 3118 2097 3451 2176; x_wconf 62' lang='lat' dir='ltr'><strong>praemisso</strong></span> <span class='ocrx_word' id='word_1_226' title='bbox 3498 2099 3720 2177; x_wconf 78' lang='lat' dir='ltr'><strong>paucis</strong></span> 
     </span>
    </p>
   </div>
   <div class='ocr_carea' id='block_1_20' title="bbox 477 2185 756 2231">
    <p class='ocr_par' dir='ltr' id='par_1_20' title="bbox 477 2185 756 2231">
     <span class='ocr_line' id='line_1_20' title="bbox 477 2185 756 2231; baseline 0.011 -3"><span class='ocrx_word' id='word_1_227' title='bbox 477 2185 536 2228; x_wconf 64' lang='grc' dir='ltr'>ιχ</span> <span class='ocrx_word' id='word_1_228' title='bbox 547 2187 725 2231; x_wconf 80' lang='lat' dir='ltr'><strong>Imus</strong></span> <span class='ocrx_word' id='word_1_229' title='bbox 738 2213 756 2230; x_wconf 78' lang='grc' dir='ltr'><strong><em>ο</em></strong></span> 
     </span>
    </p>
   </div>
  </div>
