4144 6466
430 634 2259 694 MM

1657 666 1940 677 _————-—__—

2420 619 3694 652 Μ

1352 868 1766 959 SANCTI
1864 861 2289 953 PATRIS
2382 854 2819 947 NOSTRI

799 1090 1707 1277 JOANNIS
1841 1070 3401 1265 CHRYSOSTOMI

1162 1490 1225 1512 ι-
1563 1407 2031 1523 OPERA
2112 1399 2609 1515 OMNIA.

958 1853 1195 1911 SERMO
1229 1847 1761 1908 ADMONITORIUS
1809 1846 1942 1905 SUB
1978 1843 2266 1902 INITIUM
2302 1836 2597 1898 SANCTJ'I
2636 1832 3234 1902 QUADRAGESIMAE.

999 2096 1275 2153 HOMILIA
1318 2096 1547 2152 PRIMA.

550 2281 604 2334 l.
628 2277 851 2333 Gaudeo
870 2284 924 2330 et
944 2275 1094 2329 lator
1112 2274 1297 2329 videns
1325 2273 1482 2328 hodie
1507 2272 1784 2327 ecclesiam
1806 2272 1897 2327 Dei
1926 2271 2064 2326 ﬁlio-

477 2386 599 2424 rum
623 2383 842 2422 suorum
873 2365 1208 2420 multitudine
1231 2364 1429 2430 ornari,
1459 2378 1658 2432 vosque
1683 2377 1870 2417 omnes
1904 2364 2067 2417 multa

481 2477 608 2516 cum
627 2458 957 2528 jucunditate
983 2458 1337 2512 concurrisse.
1365 2456 1495 2510 Nam
1516 2470 1637 2511 cum
1664 2455 1867 2509 alacres
1895 2455 2069 2510 vultus

486 2562 697 2607 vestros
739 2551 969 2613 intueor,
1012 2549 1315 2615 voluptatis,
1359 2562 1478 2617 qua:
1503 2546 1555 2599 in
1580 2545 1856 2619 animabus
1880 2545 2071 2599 vestris

485 2656 597 2705 est,
623 2642 980 2714 conjecturam
1010 2639 1163 2712 capio
1187 2639 1471 2696 maximam
1500 2655 1513 2694 :
1546 2636 1989 2711 quemadmodum
2018 2644 2074 2694 et

489 2736 704 2804 sapiens
745 2733 1002 2802 (Illlsllialﬂ
1051 2732 1278 2797 dicebat,
1326 2730 1489 2785 Corde
1535 2732 1735 2784 (tutante
1769 2734 1890 2783 viret
1919 2729 2074 2800 facies

498 2824 685 2895 (Prov.
718 2825 803 2878 15.
834 2822 956 2893 i3).
991 2823 1285 2892 Eapropter
1322 2830 1379 2875 et
1415 2822 1527 2890 ipse
1554 2820 1713 2875 hodie
1738 2820 1934 2890 ingenti
1959 2820 2074 2873 ala-

494 2915 682 2968 critate
707 2913 933 2976 surrexi,
964 2928 1066 2967 una
1099 2912 1371 2967 vobiscum
1400 2911 1597 2965 laetitia:
1625 2911 1766 2965 illius
1787 2909 2077 2979 spiritualis

499 3005 762 3073 particeps
789 3001 1020 3067 futurus,
1049 3011 1103 3056 et
1128 3001 1317 3056 volens
1340 3001 1600 3054 adventus
1624 3009 1821 3054 Sancta:
1842 2997 2079 3066 Quadra-

499 3094 736 3161 gesitum,
766 3092 1009 3158 remedii,
1039 3092 1274 3161 inquam,
1306 3091 1600 3145 animarum
1629 3099 1950 3155 nostrarum,
1981 3103 2077 3142 vo-

502 3182 585 3235 bis
625 3182 962 3236 annuntiator
1004 3195 1145 3236 esse.
1189 3170 1497 3235 Coinmunis
1525 3181 1665 3235 cutim
1694 3188 1937 3234 nostrum
1962 3194 2081 3233 om-

504 3274 648 3327 nitnu
692 3272 944 3326 Dominus
961 3314 978 3335 ,
1004 3271 1167 3327 veluti
1190 3283 1339 3341 pater
1368 3273 1502 3326 ﬁlios
1524 3286 1708 3325 amans
1727 3313 1745 3339 ,
1778 3271 1996 3340 cupiens
2020 3285 2083 3325 ea

504 3379 623 3433 qua:
661 3378 908 3432 umquam
956 3365 1347 3432 peccaverimus
1372 3363 1612 3428 abluere,
1652 3363 1785 3416 hanc
1813 3362 1964 3415 nobis
1992 3376 2086 3430 per

504 3462 742 3506 sanctum
762 3452 1024 3521 jejunium
1048 3454 1377 3508 curationem
1402 3451 1689 3506 adinvcnit.
1718 3451 1903 3505 Nullus
1931 3453 2087 3519 igitur

511 3552 752 3603 ιιιωειυε.
787 3544 962 3597 nullus
992 3544 1156 3597 tristis
1185 3552 1457 3612 appareat,
1486 3542 1580 3596 sed
1609 3557 1797 3596 omnes
1821 3543 2088 3596 exsultent

507 3647 563 3695 ct
584 3636 863 3709 gaudeant,
894 3654 957 3694 ac
978 3637 1203 3709 gloriam
1224 3635 1455 3695 referant
1483 3635 1535 3688 iu
1561 3634 1855 3688 animarum
1883 3643 2091 3687 nostra-

513 3748 635 3785 rum.
653 3743 970 3796 curatorem,
994 3734 1083 3802 qui
1106 3732 1243 3788 hanc
1262 3737 1515 3802 (quisnam
1536 3730 1688 3787 nobis
1704 3729 1908 3797 aperuit
1928 3728 2087 3791 Viam.

511 3832 569 3878 et
608 3823 749 3879 illius
793 3823 1079 3878 adventum
1121 3840 1309 3894 magna
1353 3840 1474 3880 cum
1512 3825 1784 3879 alacritate
1809 3820 2089 3891 accipiant.

514 3914 912 3969 Coniundamur
946 3916 1193 3986 gentiles,
1233 3916 1433 3985 pudore
1461 3930 1521 3971 se
1549 3915 1745 3969 abdant
1773 3913 1962 3978 Judaei,
2010 3910 2092 3965 vi-

515 4003 701 4058 dentes
727 4015 963 4059 nostram
982 4007 1253 4060 caritatem
1280 4006 1433 4060 hilari
1458 4005 1633 4060 studio
1651 4005 1792 4059 illius
1810 4005 2091 4059 adventurm

517 4096 834 4151 salutantem
858 4111 925 4149 ac
946 4097 1316 4166 excipientem,
1349 4097 1663 4166 discantque
1694 4110 1789 4165 per
1811 4093 2094 4164 experien-

519 4187 674 4248 tiam,
707 4196 962 4256 quantum
992 4188 1131 4242 inter
1157 4202 1257 4242 nos
1277 4188 1348 4243 sit
1387 4197 1443 4243 et
1471 4188 1619 4257 ipsos
1642 4187 1997 4241 intervallum.
2029 4185 2100 4240 Et

523 4277 593 4330 illi
622 4278 836 4347 quidem
866 4277 1026 4332 ferias
1055 4286 1111 4333 et
1137 4278 1298 4334 festas
1324 4280 1601 4335 nominent
1623 4278 1956 4343 ebrietatem,
1979 4293 2098 4332 om-

523 4380 751 4435 nemque
777 4367 937 4421 aliam
965 4367 1443 4437 intemperantiam,
1472 4382 1537 4423 ac
1563 4366 2100 4437 turpitudines,‘quas

527 4458 808 4513 verisimile
836 4469 919 4513 est
944 4474 1038 4513 eos
1084 4460 1211 4516 inde
1235 4459 1596 4514 contrahere:
1627 4468 1683 4513 at
1722 4458 1962 4513 Ecclesia
2006 4457 2102 4520 Dei

526 4563 594 4602 ca
633 4564 751 4619 quia:
790 4550 895 4603 illis
934 4550 1157 4605 adversa
1197 4560 1340 4617 sunt,
1384 4566 1575 4620 nempe
1595 4550 1875 4620 jejunium,
1903 4536 2105 4603 ventris

527 4638 858 4708 despectum,
890 4649 945 4695 et
967 4655 1157 4696 omnes
1179 4641 1310 4695 alias
1333 4641 1556 4696 virtutes
1588 4641 1727 4695 illius
1751 4640 1995 4705 comites,
2025 4637 2104 4693 fe-

531 4729 638 4782 rias
679 4730 931 4799 appellet.
979 4730 1071 4785 lla:
1098 4732 1239 4785 enim
1267 4747 1408 4786 vera.-
1434 4732 1579 4787 ferize
1606 4740 1750 4796 sunt,
1781 4731 1871 4786 ubi
1906 4731 2111 4785 anima-

533 4836 647 4874 rum
673 4822 840 4888 salus,
869 4822 954 4877 ubi
983 4839 1085 4892 pax
1115 4832 1173 4878 et
1204 4824 1486 4879 concordia
1514 4832 1615 4887 est,
1644 4824 1731 4879 ubi
1755 4825 1929 4878 omnis
1955 4821 2110 4891 hujus

536 4910 660 4965 vita:
689 4898 975 4981 apparatus
1002 4912 1269 4982 abigitur;
1297 4913 1385 4967 ubi
1429 4915 1651 4978 clamor,
1677 4922 1731 4966 et
1757 4914 2029 4976 tumultus,
2057 4919 2113 4964 et

535 5016 823 5070 coquorum
849 5002 1144 5068 discursus,
1171 5013 1226 5057 et
1246 5003 1503 5073 pecude
1528 5004 1918 5058 mactationese
1938 5000 2114 5056 taedio

538 5093 795 5147 tolluntur
823 5109 837 5146 :
879 5093 1030 5162 quies
1072 5109 1199 5149 vero
1238 5096 1439 5160 omnis,
1463 5105 1521 5150 et
1544 5094 1912 5164 tranquillitas,
1942 5101 1999 5147 et
2023 5107 2114 5147 cao

536 5183 687 5249 ritas,
715 5192 771 5238 et
787 5183 1063 5253 gaudium,
1078 5195 1136 5239 et
1157 5201 1281 5255 pax,
1305 5187 1750 5249 etmansuetudn,
1768 5196 1827 5240 et
1842 5185 2117 5240 innumera

539 5272 675 5328 bona
702 5290 798 5344 pro
817 5274 919 5329 illis
943 5275 999 5328 in
1025 5291 1123 5330 usu
1149 5285 1291 5330 sunt.

610 5364 919 5419 Conciouum
937 5382 1082 5420 verus
1103 5367 1221 5435 ﬁnis
1242 5377 1288 5419 et
1314 5367 1620 5422 urna—De
1637 5367 1728 5422 illo
1752 5366 1911 5436 igitur
1928 5378 2116 5435 pauca,

542 5455 791 5522 obsecro,
816 5456 1030 5511 caritati
1068 5468 1258 5512 vestra:
1295 5459 1678 5527 colloquantur,
1711 5456 1869 5528 idque
1895 5458 2120 5526 primum

544 5560 811 5616 rogemus,
839 5556 898 5601 ut
926 5563 1203 5603 sermones
1247 5548 1365 5601 illos
1390 5556 1601 5602 nostros
1628 5546 1832 5617 placide
1867 5545 2126 5614 suscipia-

544 5637 634 5703 tis,
678 5652 784 5707 quo
823 5638 1067 5703 domum,
1111 5638 1338 5695 fractum
1379 5638 1660 5708 quemdam
1688 5637 1945 5707 insignem
1972 5650 2123 5691 asse-

544 5730 714 5797 quuti,
759 5729 1010 5784 redeatis.
1052 5729 1239 5800 Neque
1266 5729 1407 5783 enim
1457 5736 1662 5783 temere
1702 5734 1761 5780 et
1797 5725 1991 5781 frustra
2021 5724 2126 5780 huc

545 5820 910 5884 convenimus,
940 5829 998 5874 ut
1025 5837 1159 5875 unus
1178 5819 1393 5889 quidem
1418 5820 1681 5890 loquatur,
1699 5818 1835 5873 alius
1857 5831 1985 5872 vero
2008 5831 2127 5884 qua:

547 5912 795 5968 dicuntur
822 5910 1105 5983 plausibus
1122 5912 1376 5985 excipiat,
1415 5918 1471 5967 et
1496 5910 1575 5966 sic
1605 5909 1727 5967 hinc
1754 5906 2122 5966 excedamus:

2168 2097 2261 2151 sed
2304 2107 2357 2149 ut
2403 2106 2457 2151 et
2495 2112 2591 2150 nos
2631 2097 2934 2166 frugiferum
2974 2100 3225 2168 quiddam
3251 2110 3302 2155 et
3340 2100 3495 2155 saluti
3559 2111 3751 2161 vestra:

2171 2186 2502 2241 conducibile
2547 2189 2845 2256 loquamur,
2894 2198 2947 2241 ut
2997 2206 3088 2242 vos
3135 2192 3282 2244 lucro
3311 2190 3524 2245 edit-tis
3555 2194 3752 2247 nostris

2170 2285 2408 2345 accepto,
2436 2287 2489 2331 et
2516 2278 2706 2345 atnpla:
2736 2279 2975 2331 utilitatis
3001 2280 3227 2333 fructum
3256 2281 3416 2345 nacti,
3445 2280 3565 2335 hinc
3595 2295 3754 2336 exca-

2174 2369 2260 2421 tis.
2295 2369 2532 2423 Ecclesia
2560 2384 2689 2424 sane
2726 2370 2935 2423 ofticina
2966 2371 3205 2439 quaedam
3235 2382 3311 2426 est
3345 2373 3618 2427 medicina:
3640 2373 3755 2441 spi-

2175 2460 2416 2525 ritualis;
2463 2471 2517 2514 et
2562 2476 2654 2515 eos
2693 2461 2782 2531 qui
2828 2460 2933 2515 huc
2981 2464 3217 2527 veniunt,
3266 2471 3476 2531 oportet
3503 2472 3757 2517 mutante

2175 2549 2390 2603 domum
2432 2550 2629 2615 redire,
2672 2567 2828 2620 qtmm
2874 2552 2959 2605 ubi
3002 2567 3233 2621 congrua
3275 2553 3507 2608 remedia
3535 2567 3757 2621 accepe-

2177 2641 2305 2702 rint,
2351 2639 2700 2709 illaquesuis
2731 2642 3036 2695 vulneribus
3064 2643 3421 2697 adhibuerim.
3471 2643 3601 2696 Nam
3629 2657 3760 2710 qno-

2178 2729 2339 2787 modo
2364 2731 2547 2789 audire
2573 2732 2768 2799 Solum,
2801 2742 2854 2786 et
2880 2735 3129 2801 operibus
3160 2734 3286 2788 nihil
3316 2744 3587 2802 praestare,
3630 2733 3762 2787 nihil

2182 2824 2511 2894 profuturum
2539 2825 2628 2891 sit,
2662 2822 2782 2879 audi
2811 2824 3021 2879 beatum
3057 2824 3271 2881 Paulum
3301 2825 3567 2880 dicentem
3593 2841 3606 2879 :
3640 2822 3763 2878 Non

2180 2917 2312 2968 enim
2354 2916 2608 2969 auditores
2652 2917 2772 2985 legis
2798 2918 2929 2987 justi
2976 2928 3092 2970 sunt
3138 2918 3276 2987 apud
3297 2916 3483 2982 Deum,
3525 2918 3612 2970 sed
3641 2917 3765 2987 legis

2182 3007 2395 3074 factores
2414 3005 2831 3075 justi/imbuatur
2857 3004 3032 3075 (Rom.
3062 3007 3119 3060 Ξ.
3153 3007 3264 3073 l5).
3292 3005 3359 3060 Et
3376 3006 3616 3061 Christus
3632 3021 3764 3060 cou-

2183 3096 2444 3150 cionandn
2468 3097 2713 3152 dicebat:
2749 3096 2869 3150 Non
2911 3099 3071 3152 omnis
3100 3099 3185 3167 qui
3214 3098 3333 3150 dicit
3371 3099 3493 3151 mihi
3533 3097 3766 3162 Domine,

2183 3182 2420 3250 Domine,
2450 3186 2656 3239 intrabit
2686 3187 2736 3240 in
2760 3202 2967 3256 regnum
3000 3187 3255 3251 rwlorum,
3284 3187 3371 3241 sed
3404 3187 3490 3254 qui
3516 3186 3637 3257 facit
3677 3200 3767 3238 ro-

2188 3272 2639 3353 luntatem'l’utris
2680 3276 2777 3328 mei
2817 3276 2902 3345 qui
2938 3276 2992 3329 in
3036 3277 3172 3329 cwlis
3208 3287 3279 3330 est
3327 3276 3540 3345 (Matth.
3568 3276 3619 3329 7.
3645 3274 3765 3344 2|).

2188 3364 2350 3434 Igitur
2398 3366 2647 3429 scientes,
2697 3365 2896 3429 dilecti,
2948 3367 3145 3419 nullam
3178 3366 3454 3419 utilitatem
3484 3380 3551 3419 ex
3591 3365 3769 3418 auditu

2188 3471 2328 3516 esse,
2373 3456 2474 3509 nisi
2524 3456 2656 3509 bona
2687 3471 2848 3523 opera
2876 3465 3177 3525 sequantur,
3212 3472 3277 3509 ne
3315 3455 3481 3507 simus
3501 3453 3772 3508 aud'tnres

2190 3548 2483 3614 dumtaxat,
2512 3548 2605 3601 sed
2634 3547 2792 3601 etiam
2823 3548 3069 3615 factores,
3096 3563 3201 3617 quo
3238 3547 3347 3617 ipsa
3374 3561 3533 3615 opera
3562 3559 3769 3599 sermo-

2193 3652 2288 3693 nes
2329 3638 2603 3707 suquentia
2650 3638 2829 3692 multa:
2878 3637 3032 3693 nobis
3088 3636 3304 3692 liducim’
3363 3637 3471 3690 sint
3532 3634 3766 3690 occasio.

2193 3728 2424 3784 Proinde
2465 3728 2726 3798 explicitis
2769 3737 2957 3783 vestra:
3008 3728 3199 3783 mentis
3242 3727 3466 3792 sinibus,
3494 3739 3775 3781 sermones

2194 3820 2262 3875 de
2280 3818 2484 3889 jejunio
2504 3818 2772 3887 suscipite.
2806 3819 2874 3873 Et
2898 3816 3337 3888 quemadmodum
3368 3826 3564 3871 castam
3592 3830 3777 3884 qnam-

2196 3911 2318 3965 dam
2344 3922 2399 3967 et
2428 3912 2707 3984 ingenuam
2736 3925 2984 3983 sponsam
3012 3909 3238 3973 ducturi.
3274 3907 3520 3965 thalamis
3545 3906 3779 3974 undique

2200 4005 2464 4077 tapetibus
2504 4008 2725 4070 ornatis,
2753 4006 3015 4073 domoque
3042 4016 3148 4059 tota
3179 4012 3417 4074 purgata,
3447 4013 3499 4055 et
3535 4002 3781 4071 ingressu

2199 4098 2447 4151 omnibus
2485 4097 2776 4151 inhonestis
2812 4094 3017 4149 ancillis
3060 4094 3363 4159 interdicto,
3396 4093 3448 4147 in
3478 4094 3779 4148 cubiculum

2200 4188 2344 4242 illam
2375 4187 2751 4241 introducunt:
2783 4186 2896 4255 pari
2936 4184 3095 4239 modo
3120 4185 3311 4239 vellem
3338 4183 3497 4238 etiam
3524 4199 3651 4247 vos,
3684 4197 3779 4236 ex.

2204 4287 2422 4349 purgata
2468 4287 2645 4333 mente
2685 4287 2881 4340 vestra.
2929 4276 3153 4345 valeque
3197 4275 3399 4330 deliciis
3429 4283 3483 4329 et
3510 4273 3785 4328 voracitati

2204 4370 2368 4436 dicto,
2402 4378 2623 4424 matrem
2670 4369 2904 4421 omnium
2950 4366 3232 4433 bonorum,
3259 4375 3312 4421 et
3339 4364 3624 4434 pudicitiae,
3651 4362 3783 4416 alia-

2209 4475 2434 4530 rumque
2460 4459 2711 4512 virtutum
2754 4458 2991 4511 omnium
3034 4457 3358 4527 magistram,
3386 4454 3667 4524 jejunium.
3706 4452 3788 4505 in-

2210 4565 2392 4622 quam,
2421 4549 2683 4617 explicitis
2708 4558 2899 4603 vestra:
2945 4548 3135 4601 mentis
3179 4545 3383 4599 sinibus
3412 4544 3703 4612 suscipere,
3733 4551 3791 4594 ut

2209 4652 2263 4697 et
2290 4654 2385 4695 vos
2411 4640 2599 4709 majori
2638 4637 2885 4692 fruamini
2925 4637 3214 4705 voluptate,
3254 4647 3303 4689 et
3335 4634 3463 4688 illud
3491 4642 3790 4700 congluen-

2214 4740 2322 4788 tem
2345 4732 2497 4787 vobis
2522 4746 2672 4785 suam
2702 4729 3014 4783 medicinam
3055 4728 3310 4782 conferat.
3356 4725 3488 4780 Nam
3527 4724 3572 4777 si
3603 4720 3792 4776 medici

2214 4826 2496 4896 pharmaca
2538 4823 2671 4877 dare
2708 4820 2968 4884 volentes,
3014 4827 3071 4873 ut
3097 4818 3365 4887 putridum
3396 4824 3450 4869 et
3487 4820 3792 4880 corruptum

2217 4916 2494 4971 humorem
2534 4920 2850 4981 expurgem,
2897 4925 2926 4962 a
2967 4907 3229 4977 corporali
3256 4906 3357 4960 hoc
3381 4904 3500 4959 cibo
3527 4901 3798 4956 abstinere

2219 4982 2550 5075 praecipiunt:
2592 5002 2662 5056 ita
2706 5011 2760 5054 ut
2805 4998 3072 5068 pharmaci
3103 4995 3351 5050 efﬁcacia:
3380 5009 3489 5046 non
3512 4992 3578 5045 sit
3614 4989 3797 5043 obsta-

2219 5094 2423 5160 culum,
2450 5091 2543 5147 sed
2568 5090 2797 5161 operari,
2838 5104 3097 5157 suamque
3138 5088 3242 5140 vim
3275 5083 3403 5138 illud
3427 5080 3593 5151 possit
3612 5091 3798 5137 osten-

2220 5187 2383 5241 dere:
2429 5185 2596 5238 multo
2636 5181 2804 5251 magis
2843 5179 2995 5235 nobis
3034 5176 3304 5247 Spirituale
3346 5174 3449 5228 hoc
3483 5170 3797 5231 remedium,

2223 5278 2326 5333 hoc
2354 5287 2457 5341 est,
2503 5275 2783 5328 utilitatem
2825 5287 2949 5341 qua:
2973 5285 3036 5324 ex
3060 5267 3260 5337 jejunio
3304 5275 3407 5330 est,
3450 5261 3799 5333 suscepturis,

2225 5370 2485 5425 tenuitate
2506 5367 2677 5422 victus
2697 5373 2933 5419 nostram
2963 5370 3194 5416 mentem
3223 5373 3539 5430 expurgare,
3564 5364 3618 5410 et
3640 5353 3806 5410 levio-

2227 5475 2339 5516 rem
2369 5459 2590 5513 reddere
2618 5455 2883 5517 couvenit,
2916 5460 2974 5507 ut
3000 5466 3068 5507 ne
3095 5450 3352 5506 ebrietate
3387 5448 3630 5504 demersa
3665 5443 3807 5499 utili-

2230 5561 2414 5615 tatem,
2436 5566 2555 5619 qute
2579 5563 2642 5601 ex
2673 5547 2762 5601 illo
2791 5543 3054 5615 provenit,
3081 5542 3299 5596 adimat.

2297 5642 2356 5697 Ω.
2395 5641 2562 5696 Porro
2589 5639 2701 5693 scio
2726 5636 2938 5708 quidem
2970 5633 3083 5689 fore
3113 5642 3171 5688 ut
3196 5630 3374 5687 amitis
3393 5645 3478 5696 ea,
3498 5642 3618 5699 qua:
3647 5623 3806 5680 hodie

2229 5751 2260 5790 a
2291 5732 2447 5790 nobis
2466 5729 2690 5786 dicenda
2730 5737 2875 5794 sunt,
2905 5726 3043 5781 mira
3065 5724 3342 5781 videantur
3364 5737 3379 5774 :
3405 5717 3523 5787 sed,
3561 5715 3807 5781 obsecro,

2298 5910 2321 5943 ι
2352 5903 2542 5960 coislin.
2564 5910 2618 5958 et
2637 5910 2743 5957 tres
2756 5901 2856 5965 alii,
2872 5907 3062 5955 nostra
