4144 6498
390 487 456 541 25
1138 487 1197 544 S.
1235 486 1515 545 JOANNIS
1550 482 2025 543 CHRYSOSTOMI
2063 481 2385 541 ARCIIIEP.
2423 486 2955 545 CONSTANTINOP.
3596 492 3672 547 2i

388 622 455 663 nc
480 604 853 663 consuetudini
901 613 1100 660 temere
1139 603 1460 669 serviamus,
1503 600 1599 656 sed
1646 601 1852 656 ratione
1889 614 1975 655 res

387 711 596 765 nostras
640 700 999 754 instituamus.
1042 697 1305 767 Numquid
1349 697 1493 751 enim
1543 695 1674 749 lucri
1710 693 1978 764 quidpiam

386 808 449 847 ex
468 792 774 863 quotidiana
805 790 1022 860 crapula
1038 789 1257 860 jugique
1279 786 1536 843 ebrietate
1563 785 1716 841 nobis
1738 783 1982 839 accedit?

389 884 454 938 Et
481 882 603 951 quid
634 882 755 938 dico
781 881 1023 937 lucrum?
1050 881 1160 934 Iino
1179 880 1401 934 multum
1428 879 1678 932 damnum
1701 886 1755 932 et
1774 876 1980 946 jactura

387 972 744 1028 intolerabilis
797 971 921 1026 inde
970 979 1329 1040 exspectatur.
1387 970 1518 1024 Cum
1569 967 1797 1036 primum
1839 964 1980 1020 enim

390 1079 542 1119 mens
572 1063 858 1119 vinolentia
892 1063 1055 1118 multa
1080 1061 1237 1117 fuerit
1270 1062 1479 1126 obruta,
1509 1060 1685 1116 statim
1715 1059 1842 1114 etin
1866 1058 1983 1128 ipso

392 1153 544 1208 initio
590 1154 812 1218 utilitas,
858 1169 978 1224 quin
1024 1168 1054 1207 a
1096 1152 1302 1223 jejunio
1348 1162 1451 1217 est,
1502 1150 1797 1229 repellitur.
1845 1149 1982 1217 Quid

391 1244 535 1298 enim
556 1244 845 1309 insuavius,
864 1244 972 1311 dic,
999 1243 1242 1308 obsecro,
1273 1242 1396 1312 quid
1424 1242 1548 1296 item
1574 1242 1802 1311 turpius,
1825 1256 1984 1311 quam

393 1349 515 1388 cum
542 1350 712 1404 usque
740 1334 805 1388 ad
847 1334 1074 1388 mediam
1106 1342 1320 1388 noctem
1361 1348 1634 1387 meracum
1681 1332 1982 1399 sorbentes,

394 1425 495 1479 sub
519 1439 787 1489 auroram,
814 1423 1143 1493 solisjubare
1166 1424 1395 1489 oriente,
1418 1423 1599 1478 vinum
1622 1422 1773 1493 quasi
1801 1437 1987 1478 recens

397 1517 659 1586 ingestum
688 1516 913 1587 spirant,
937 1526 990 1571 et
1017 1517 1423 1571 occurrentibus
1449 1515 1662 1585 quidem
1693 1515 1984 1584 injucundi,

397 1608 657 1663 ministris
687 1623 815 1663 vero
842 1606 1172 1676 despiciendi
1203 1615 1482 1675 apparent,
1511 1614 1565 1660 et
1587 1604 1896 1660 deridentur
1920 1605 1988 1658 ab

396 1701 665 1763 omnibus,
690 1701 780 1771 qui
807 1702 966 1755 modo
991 1700 1118 1770 quid
1148 1700 1333 1755 deceat
1353 1700 1434 1754 vel
1459 1699 1645 1754 leviter
1665 1699 1986 1769 intelligunt,

396 1800 453 1846 et
498 1807 605 1861 pra:
649 1791 895 1847 omnibus
937 1791 1062 1859 illis,
1102 1790 1314 1861 quando
1360 1798 1575 1861 propter
1599 1790 1815 1845 nimiam
1848 1791 1988 1844 illam

399 1891 454 1937 et
483 1882 820 1937 immodicam
866 1883 1397 1952 intempestivamque
1433 1896 1497 1936 ac
1526 1879 1767 1936 inutilem
1798 1881 1993 1935 intem-

402 1974 696 2041 perantiam
744 1974 795 2029 in
853 1988 914 2029 se
939 1973 1171 2028 divinam
1202 1985 1494 2043 provocant
1534 1972 1990 2043 indignationem?

400 2064 620 2131 Ebriosi,
666 2065 831 2129 enim,
880 2065 1067 2132 inquit,
1122 2052 1330 2135 regnum
1385 2063 1480 2117 Dei
1528 2080 1629 2117 non
1668 2061 1992 2134 possidebunt

399 2155 478 2225 (1.
510 2153 627 2208 Car.
661 2153 712 2209 6.
749 2154 861 2226 10).
889 2154 1025 2222 Quid
1056 2154 1214 2225 igitur
1258 2154 1362 2208 illis
1402 2154 1649 2209 miserius
1691 2154 1867 2215 fuerit,
1901 2152 1991 2223 qui

399 2247 470 2302 ob
502 2261 727 2316 parvam
769 2256 824 2301 et
850 2247 1201 2316 perniciosam
1232 2247 1556 2316 voluptatem
1585 2262 1617 2301 a
1646 2247 1795 2317 regni
1827 2246 1990 2301 vesti-

402 2336 540 2392 bulis
581 2337 907 2407 ejiciuntur?
949 2336 1090 2391 absit
1130 2345 1309 2391 autem
1356 2345 1413 2391 ut
1453 2337 1570 2406 quis
1596 2337 1757 2391 exiis
1787 2338 1875 2406 qui
1908 2336 1996 2391 hic

401 2435 785 2493 convenerunt,
834 2426 936 2481 hoc
982 2426 1171 2481 morbo
1210 2426 1501 2496 implicitus
1527 2426 1596 2481 sit
1626 2444 1640 2480 :
1672 2425 1764 2480 sed
1793 2425 1992 2479 utinam

404 2520 550 2573 omni
595 2534 717 2574 cum
760 2517 1062 2588 frugalitate
1090 2525 1145 2572 et
1180 2517 1508 2572 continentia
1551 2517 1712 2572 etiam
1759 2516 1861 2572 hoc
1908 2515 1995 2572 die

403 2609 694 2677 convivati,
723 2618 776 2664 et
806 2625 835 2663 a
859 2617 1176 2678 tempestate
1202 2623 1264 2662 ac
1291 2608 1547 2678 procella,
1576 2624 1734 2679 quam
1762 2608 1996 2664 ebrietas

402 2716 661 2772 generare
684 2701 842 2767 solet,
873 2700 1101 2767 liberati,
1130 2700 1183 2754 in
1214 2710 1424 2770 portum
1450 2701 1748 2755 animarum
1784 2709 1996 2755 nostra-

405 2808 546 2860 rum,
572 2793 854 2863 jejunium,
886 2793 1123 2864 inquam,
1144 2792 1413 2863 appellere
1434 2792 1727 2863 contingat,
1752 2800 1812 2847 ut
1830 2792 1997 2847 multa

403 2900 527 2941 cum
565 2885 810 2941 ubertate
848 2886 989 2940 illius
1026 2884 1164 2940 bona
1189 2884 1441 2955 consequi
1484 2884 1767 2954 possimus.
1811 2885 1998 2939 Enim-

407 2992 536 3033 vero
556 2979 694 3033 sicut
716 2978 934 3047 crapula
960 2978 1192 3033 humano
1217 2976 1402 3049 generi
1443 2977 1845 3033 innumerorum
1887 2992 2000 3031 ma-

409 3070 582 3125 lorum
607 3084 767 3125 causa
799 3079 881 3125 est
908 3079 961 3125 et
985 3050 1175 3133 fomes,
1207 3070 1278 3124 ita
1307 3068 1467 3124 etiam
1488 3068 1751 3140 jejunium
1774 3069 2000 3124 ventris-

406 3176 512 3232 que
540 3161 813 3231 neglectus
855 3160 1094 3216 omnium
1126 3160 1280 3215 nobis
1306 3160 1567 3216 bonorum
1606 3176 1819 3231 semper
1839 3174 1999 3216 causa

407 3251 528 3308 fuit.
571 3252 703 3307 Nam
743 3253 885 3308 Deus
913 3266 1035 3307 cum
1060 3252 1127 3305 ab
1150 3251 1303 3307 initio
1341 3251 1611 3311 hominem
1650 3250 1997 3320 condidisset,

409 3354 466 3400 et
488 3345 651 3401 sciret
673 3359 796 3399 eum
824 3343 926 3399 hoc
952 3342 1191 3398 remedio
1213 3341 1279 3396 ad
1306 3343 1498 3397 animae
1522 3342 1745 3399 salutem
1774 3341 2000 3397 multum

411 3438 611 3494 habere
647 3452 803 3508 opus,
853 3438 1031 3492 statim
1074 3446 1131 3491 et
1172 3435 1224 3490 in
1256 3435 1519 3507 principio
1559 3434 1662 3490 hoc
1692 3434 1999 3490 mandatum

411 3529 586 3599 primo
610 3527 820 3599 parenti
839 3526 1010 3592 dedit,
1036 3526 1221 3583 dicens
1249 3545 1263 3581 :
1293 3525 1371 3582 De
1395 3526 1535 3581 omni
1574 3525 1733 3599 ligno,
1769 3526 1906 3598 quod
1926 3536 2002 3581 est

409 3621 465 3674 in
526 3619 764 3690 paradiso
782 3661 799 3686 ,
841 3618 1151 3673 comedenda
1205 3619 1469 3682 comedas;
1528 3618 1593 3672 de
1638 3618 1778 3688 ligno
1834 3628 2003 3672 autem

413 3711 635 3765 scientia:
687 3710 804 3766 boni
837 3720 885 3765 et
927 3712 1071 3777 mali,
1118 3727 1181 3766 ne
1212 3710 1487 3765 comedatis
1514 3711 1579 3764 de
1622 3710 1735 3780 ipso
1762 3709 1917 3778 (Gen.
1944 3710 1999 3764 2.

414 3800 528 3873 16).
555 3801 674 3859 Jam
694 3802 896 3871 dicere,
925 3803 1037 3858 lloc
1062 3802 1305 3869 comede,
1335 3802 1437 3858 hoc
1474 3818 1543 3858 ne
1569 3802 1841 3867 comedas,
1866 3802 2006 3872 jeju-

416 3896 488 3950 nii
535 3894 701 3966 ﬁgura
739 3903 873 3951 erat.
914 3896 1084 3951 Porro
1127 3909 1247 3950 cum
1294 3894 1397 3952 hoc
1438 3895 1744 3951 mandatum
1787 3910 2005 3952 servare

416 3990 763 4060 oportuisset,
818 3989 922 4045 hoc
967 3998 1145 4044 tamen
1199 3988 1289 4043 ille
1333 4005 1438 4044 non
1484 3986 1649 4045 fecit:
1677 3987 1773 4043 sed
1803 3988 2006 4043 ventris

417 4080 829 4153 intemperantia
875 4082 1067 4148 victus,
1116 4090 1171 4137 et
1212 4080 1693 4153 transgressionem
1730 4088 2004 4152 operatus,

417 4174 486 4233 ad
509 4183 737 4234 mortem
765 4173 1152 4234 condemnatus
1173 4182 1275 4233 est.
1297 4173 1558 4246 Quoniam
1578 4172 1720 4234 enim
1745 4171 2007 4246 malignus

419 4269 508 4325 ille
536 4270 746 4325 daimon
774 4279 829 4325 et
856 4272 1024 4325 nostri
1050 4271 1265 4340 generis
1313 4272 1557 4325 inimicus
1606 4270 1737 4325 vidit
1777 4270 2007 4339 primum

420 4369 695 4430 parentem
719 4360 772 4415 in
800 4361 1049 4430 paradiso
1080 4369 1412 4428 versantem,
1439 4363 1708 4431 vitamque
1735 4360 1878 4415 illam
1904 4361 2009 4414 mi-

420 4450 575 4506 seriae
622 4459 896 4519 expertem
921 4490 939 4516 ,
988 4460 1044 4506 et
1099 4465 1222 4506 eum
1264 4451 1354 4521 qui
1400 4451 1611 4520 corpori
1654 4452 1734 4506 sic
1771 4466 2010 4506 annexus

422 4552 557 4609 erat,
604 4551 873 4614 tamquam
915 4544 1162 4615 angelum
1191 4559 1352 4614 super
1382 4552 1579 4599 terram
1616 4558 1797 4613 agere,
1825 4542 2012 4597 volens

422 4634 572 4689 illum
617 4634 959 4705 supplantare
998 4644 1053 4691 et
1094 4635 1327 4704 dejicere
1353 4634 1671 4705 ampliorum
1698 4633 2007 4703 promissio-

424 4740 553 4780 num
596 4739 714 4795 spe,
754 4725 901 4780 illum
946 4726 1107 4781 etiam
1148 4726 1214 4780 iis
1259 4740 1379 4795 qua:
1419 4725 1473 4779 in
1513 4724 1756 4779 manibus
1783 4723 2013 4779 habebat

424 4815 692 4886 spoliavit.
740 4814 968 4870 Tantum
1011 4824 1097 4871 est
1134 4814 1331 4869 malum
1359 4831 1464 4869 non
1491 4829 1551 4870 se
1574 4815 1850 4869 continere
1876 4814 2011 4868 intra

426 4907 672 4978 proprios
726 4907 943 4972 limites,
987 4906 1084 4962 sed
1135 4907 1426 4977 majoribus
1477 4906 1705 4962 inhiare.
1762 4907 1832 4962 Et
1874 4906 2013 4962 istud

426 5000 597 5068 ipsum
649 5000 864 5071 sapiens
903 4998 1117 5070 quidam
1166 4999 1443 5054 declarans
1492 4997 1706 5055 dicebat
1746 5017 1760 5053 :
1812 4998 2016 5053 Invidia

426 5100 596 5145 autem
631 5091 820 5146 diaboli
865 5107 998 5145 mors
1038 5091 1241 5145 intravit
1280 5090 1332 5144 in
1359 5091 1603 5144 mundum
1628 5090 1787 5160 (Sap.
1812 5089 1866 5144 2.
1896 5089 2013 5160 24).

432 5180 609 5248 Vides,
640 5183 856 5249 dilecte,
901 5182 1171 5252 quomodo
1197 5183 1267 5237 ab
1302 5181 1453 5237 initio
1495 5182 1674 5236 statim
1703 5196 1774 5236 es
1800 5183 2016 5250 crapula

431 5286 576 5327 mors
617 5263 912 5342 ingressdm
954 5274 1180 5330 habuit?
1216 5271 1508 5328 Considera
1537 5281 1714 5328 autem
1745 5272 1936 5327 iterum
1963 5281 2019 5328 ct

432 5372 552 5433 post
576 5362 692 5417 haec
726 5363 958 5419 divinam
992 5366 1322 5437 Scripturam
1361 5363 1587 5420 subinde
1615 5363 1837 5419 delicias
1865 5364 2017 5418 incu-

430 5463 637 5508 santem
663 5470 727 5510 ac
745 5453 1010 5509 dicentem
1038 5458 1227 5512 alicubi
1256 5474 1270 5512 :
1297 5454 1444 5511 Sedit
1474 5456 1693 5525 populus
1712 5453 2021 5508 manducare

432 5557 480 5599 et
521 5545 708 5607 bibere.
750 5555 799 5599 et
837 5558 1160 5600 surrexerunt
1200 5548 1377 5601 ludere
1415 5545 1609 5618 (Exod.
1654 5545 1743 5600 52.
1784 5544 1867 5614 6);
1891 5544 2020 5599 alibi

435 5648 600 5691 vero:
643 5634 712 5687 Et
759 5633 996 5701 comedit,
1039 5645 1087 5689 et
1127 5635 1270 5702 bibit,
1315 5645 1361 5689 et
1388 5638 1729 5707 impingaatus
1747 5645 1842 5700 est,
1869 5645 1916 5690 et
1941 5636 2021 5689 in—

436 5734 713 5790 crassatus,
739 5736 786 5779 et
812 5724 1142 5779 recalcitrauit
1166 5726 1379 5781 dilectus
1414 5726 1590 5797 (Deut.
1621 5727 1713 5782 52.
1741 5726 1858 5796 15),
1882 5726 2020 5792 Quin

439 5830 495 5874 et
512 5818 869 5875 Sodomorum
891 5817 1078 5872 incolae.
1098 5817 1541 5887 indeprecabilem
1560 5819 1705 5873 illam
1740 5819 1876 5874 iram
1902 5830 2022 5870 cum

444 5928 509 5969 ex
544 5910 663 5974 suis
689 5911 845 5968 malis
868 5918 979 5977 tum
1007 5909 1132 5969 hinc
1156 5910 1258 5967 sibi
1284 5911 1693 5968 «cet-siverunt.
1720 5909 1857 5967 Audi
1878 5908 2022 5966 enim

2087 598 2402 669 prophetam
2419 600 2682 658 dicentem
2712 619 2727 658 :
2761 602 2884 657 "ac
2906 604 3145 674 iniquitas
3161 603 3523 675 Sodomorum,
3539 609 3679 675 quod

2084 691 2138 743 in
2161 693 2391 746 satietate
2409 708 2597 762 panum
2623 692 2946 747 lasciviebaut
2966 692 3179 764 (EsecIt.
3206 695 3294 749 16.
3323 693 3437 765 49).
3461 695 3679 751 Morbus

2084 780 2226 837 enim
2275 782 2364 837 ille
2399 784 2549 853 quasi
2590 783 2739 840 radix
2784 792 2839 840 et
2866 783 2991 839 fons
3013 784 3225 856 quidam
3255 786 3519 841 malorum
3555 803 3674 842 om-

2087 873 2231 928 nium
2258 882 2361 929 est.
2446 923 2457 931 .

2157 965 2211 1020 5.
2248 964 2517 1037 Jejum'um
2561 967 2791 1035 exemplo
2830 976 3121 1022 sanctorum
3160 969 3564 1025 commendatur.
3603 998 3681 1013 --

2090 1057 2275 1113 Vidisti
2297 1057 2529 1127 crapulae
2549 1060 2966 1114 nocumeutumt
2992 1058 3127 1114 Vide
3147 1059 3309 1114 etiam
3327 1058 3515 1129 jejunii
3538 1073 3685 1130 prae-

2087 1150 2232 1204 clara
2260 1149 2518 1205 facinora.
2545 1150 2907 1221 Quadraginta
2933 1150 3053 1207 dies
3093 1167 3213 1206 cum
3241 1151 3538 1222 jejunasset
3565 1169 3677 1209 ma.-

2087 1255 2222 1311 gnus
2242 1241 2437 1309 Moses,
2458 1241 2591 1313 legis
2612 1242 2816 1297 tabulas
2834 1244 3077 1313 accipere
3099 1243 3268 1312 potuit
3290 1261 3306 1297 :
3327 1252 3383 1298 et
3400 1244 3679 1313 quoniam,

2091 1342 2148 1387 ut
2171 1332 2466 1400 descendit,
2488 1333 2619 1388 vidit
2641 1332 2822 1404 populi
2848 1333 3204 1401 iniquitatem,
3233 1348 3364 1404 quas
3382 1348 3504 1389 cum
3530 1342 3688 1389 tanto

2089 1426 2299 1491 studio,
2329 1433 2386 1482 et
2404 1426 2743 1491 assiduitate,
2788 1428 3032 1495 accipere
3074 1427 3238 1497 potuit
3265 1468 3280 1491 ,
3315 1441 3406 1481 eas
3443 1427 3683 1497 abjectas

2090 1518 2347 1572 contrivit
2383 1516 2596 1588 (Exod.
2626 1518 2721 1573 24.
2752 1517 2854 1583 18;
2885 1526 2934 1572 et
2959 1517 3048 1573 51.
3081 1517 3184 1584 18;
3211 1526 3261 1571 et
3287 1517 3377 1573 52.
3409 1517 3548 1590 19),
3580 1519 3676 1574 ab-

2091 1606 2310 1661 surdum
2340 1622 2461 1663 esse
2487 1622 2743 1674 censens,
2773 1608 2982 1663 ebrium
3012 1616 3066 1663 et
3092 1609 3549 1677 prmvarieatorem
3583 1624 3680 1678 po.

2094 1698 2273 1768 pulum
2299 1698 2444 1769 leges
2471 1713 2500 1752 a
2537 1698 2764 1753 Domino
2789 1698 3032 1753 conditas
3056 1698 3316 1767 accipere.
3344 1698 3679 1769 Quapropter

2092 1791 2269 1846 denuo
2307 1790 2650 1861 quadraginta
2685 1790 2892 1846 dierum
2915 1789 3120 1860 jejunio
3144 1804 3281 1859 opus
3301 1789 3485 1846 habuit
3509 1791 3682 1844 admi-

2092 1881 2291 1938 randus
2316 1882 2403 1938 ille
2430 1882 2709 1952 propheta,
2739 1890 2796 1936 ut
2824 1881 3026 1936 tabulas
3063 1890 3281 1950 propter
3307 1881 3547 1949 ipsorum
3576 1881 3682 1936 ini-

2093 1974 2345 2043 quitatem
2374 1975 2629 2029 contritas
2655 1975 2845 2027 iterum
2868 1987 3097 2042 superne
3117 1983 3358 2043 receptas
3376 1972 3686 2043 deportaret

2096 2064 2301 2138 (Exod.
2344 2066 2432 2121 54.
2474 2063 2607 2133 28).
2644 2065 2886 2120 Totidem
2929 2066 3135 2120 dierum
3164 2066 3421 2136 jejunium
3474 2075 3531 2121 et
3573 2081 3671 2119 ma-

2093 2174 2228 2230 gnus
2254 2157 2434 2219 Helias
2461 2157 2748 2227 transegit,
2788 2157 3056 2225 vitataque
3085 2157 3270 2212 mortis
3300 2156 3600 2228 tyrannide,
3628 2167 3683 2212 et

2095 2267 2254 2306 curru
2283 2251 2438 2319 igneo
2479 2250 2628 2319 quasi
2675 2249 2726 2303 iu
2765 2248 2954 2302 caelum
2985 2255 3200 2315 raptus,
3236 2248 3396 2302 etiam
3436 2262 3603 2320 usque
3630 2249 3682 2302 in

2099 2344 2235 2397 hanc
2254 2342 2395 2397 diem
2423 2350 2652 2396 mortem
2677 2355 2782 2394 non
2811 2348 3063 2409 expertus
3085 2346 3166 2393 est
3209 2339 3285 2410 (5.
3317 2338 3445 2409 Reg.
3479 2339 3568 2394 l9.
3602 2339 3683 2412 8).

2099 2433 2194 2488 Vir
2219 2447 2431 2504 quoque
2470 2431 2876 2498 desideriorum,
2905 2439 3121 2501 peracto
3149 2431 3437 2485 multorum
3474 2430 3690 2486 dierum

2094 2524 2299 2595 jejunio
2322 2564 2338 2590 ,
2386 2523 2751 2579 admirandam
2792 2522 2935 2578 illam
2974 2522 3232 2578 visionem
3264 2531 3451 2577 nactus
3478 2532 3592 2590 est,
3631 2533 3685 2578 et

2100 2618 2313 2673 leonum
2344 2616 2579 2673 furorem
2605 2618 2935 2688 compescuit
2963 2618 3015 2674 in
3046 2619 3333 2690 oviumque
3374 2628 3684 2674 mansuetu-

2098 2709 2280 2766 dinem
2303 2710 2464 2766 vertit
2490 2709 2664 2780 (Dan.
2697 2711 2785 2766 10.
2815 2709 2909 2781 '5),
2936 2725 3042 2765 non
3063 2719 3306 2765 naturam
3327 2718 3691 2775 commutatis,

2099 2802 2193 2859 sed
2210 2801 2419 2858 feritate
2433 2812 2683 2858 manente
2702 2803 2995 2873 appetitum
3007 2809 3265 2857 mutatum
3279 2800 3553 2856 cohibens.
3575 2801 3694 2855 Hoc

2095 2894 2301 2965 jejunio
2314 2904 2369 2951 et
2382 2894 2627 2951 Ninivita:
2643 2895 2748 2962 usi,
2771 2895 3093 2951 sententiam
3117 2894 3324 2949 Domini
3341 2901 3683 2958 revocarunt,

2101 2986 2395 3043 efﬁcientes
2421 2997 2482 3042 ut
2503 2996 2609 3042 tam
2631 2987 2872 3057 jumenta
2897 3001 3059 3057 quam
3085 2985 3331 3041 homines
3357 2984 3483 3040 illud
3511 2986 3691 3041 susci-

2103 3090 2324 3150 perent,
2353 3094 2408 3136 et
2442 3081 2520 3136 sic
2547 3080 2896 3136 abscedentes
2922 3079 3285 3149 unusquisque
3321 3093 3352 3131 a
3389 3078 3544 3132 malis
3570 3085 3685 3132 stu-

2102 3172 2225 3238 diis,
2253 3171 2320 3226 ad
2349 3170 2687 3227 clementiam
2717 3171 3084 3226 uniVersorum
3113 3169 3395 3224 Dominum
3427 3183 3682 3238 provoca-

2104 3271 2224 3317 rent
2263 3261 2447 3333 (Jama
2474 3263 2528 3317 3.
2556 3262 2588 3316 7
2606 3259 2647 3333 ).
2690 3261 2756 3318 Et
2780 3260 2908 3332 quid
2936 3261 3077 3316 circa
3106 3274 3290 3315 servos
3319 3259 3544 3314 ulterius
3568 3273 3697 3313 ver-

2104 3354 2238 3409 sor?
2285 3352 2487 3407 Etenim
2520 3366 2797 3423 possemus
2832 3361 2887 3407 et
2912 3350 3047 3407 alios
3075 3349 3334 3420 plurimos
3357 3362 3688 3404 commemo-

2107 3462 2227 3502 rare
2254 3455 2303 3502 et
2321 3446 2375 3501 in
2406 3444 2607 3511 Veteri,
2631 3445 2760 3501 etin
2781 3443 2930 3499 Novo
2948 3442 3291 3498 Testamento
3319 3456 3413 3511 per
3427 3440 3686 3511 jejunium

2104 3537 2435 3601 celebratos;
2466 3552 2650 3591 verum
2683 3550 2864 3605 operte
2889 3533 3117 3604 pretium
3136 3541 3240 3599 est,
3272 3540 3332 3587 ut
3356 3531 3422 3586 ad
3447 3546 3692 3586 commu-

2106 3643 2228 3683 nem
2274 3627 2441 3682 nostri
2484 3627 2721 3682 omnium
2763 3624 3046 3679 Dominum
3086 3622 3384 3677 veniamus.
3436 3622 3693 3677 Dominus

2105 3719 2248 3773 enim
2294 3725 2477 3772 noster
2502 3716 2663 3771 Iesus
2686 3716 2950 3770 Cuius-rus
2974 3722 3032 3769 et
3058 3714 3173 3784 ipse
3198 3712 3547 3784 quadraginta
3573 3713 3693 3769 die—

2108 3824 2224 3864 rum
2252 3808 2531 3878 przemisso
2554 3807 2778 3877 jejunio,
2809 3807 2889 3862 sic
2914 3816 3189 3862 certamen
3209 3813 3395 3860 contra
3419 3804 3693 3860 diabolum

2108 3914 2390 3971 aggressus
2408 3908 2491 3955 est
2520 3898 2732 3971 (Matth.
2764 3899 2821 3954 4.
2847 3897 2931 3968 2),
2954 3897 3309 3968 omnibusque
3340 3896 3495 3952 nobis
3514 3911 3696 3951 exem-

2110 3992 2256 4061 plum
2284 3990 2463 4055 dedit,
2496 3999 2554 4044 ut
2580 4005 2681 4061 per
2704 3989 2832 4045 illud
2860 4004 3153 4055 armemur,
3192 3997 3249 4044 et
3284 4003 3354 4044 ex
3400 3987 3493 4044 illo
3531 3987 3696 4044 robur

2109 4098 2402 4148 sumamus,
2429 4092 2488 4139 ut
2506 4082 2573 4137 ad
2603 4097 2829 4152 pugnam
2846 4091 3030 4137 contra
3050 4080 3321 4136 diabolum
3344 4080 3689 4135 instruamur.

2112 4176 2181 4230 At
2208 4174 2296 4230 hic
2320 4172 2567 4229 fortassis
2591 4172 2858 4243 rugavcrit
2880 4172 3143 4242 quispiam
3168 4185 3355 4226 eorum
3379 4171 3468 4240 qui
3490 4171 3699 4226 acutius

2111 4265 2328 4337 vident,
2373 4274 2429 4325 ct
2477 4265 2788 4323 excitatiore
2815 4264 2995 4318 animo
3023 4273 3146 4319 sunt
3188 4280 3203 4318 :
3240 4277 3405 4333 quare
3435 4261 3654 4317 totidem
3676 4302 3695 4327 ,

2111 4372 2243 4433 quot
2265 4363 2428 4427 servi,
2449 4359 2567 4416 dies
2592 4354 2848 4414 Dominus
2867 4353 3115 4429 jejunare
3138 4352 3485 4426 conspicitur,
3516 4360 3572 4410 et
3598 4367 3700 4410 nu-

2115 4468 2322 4508 merum
2365 4453 2515 4506 illum
2559 4466 2665 4505 non
2710 4447 3136 4519 transgreditur?
3163 4445 3281 4501 Non
3319 4446 3423 4500 hoc
3464 4453 3701 4512 temere,

2114 4557 2286 4613 neque
2311 4541 2528 4606 frustra,
2559 4541 2668 4594 imo
2695 4553 2825 4594 vero
2852 4539 3123 4607 sapienter
3149 4545 3206 4591 et
3232 4550 3329 4606 pro
3357 4534 3610 4589 ineﬂ'abili
3635 4538 3701 4587 it-

2116 4633 2218 4688 lius
2239 4631 2562 4702 benignitate
2586 4630 2780 4685 factum
2802 4638 2903 4685 est.
2930 4628 3133 4697 Nempe
3152 4642 3219 4681 ne
3242 4626 3585 4682 existimetur
3604 4639 3702 4693 ap-
3790 4622 3793 4625 ’

2116 4733 2368 4794 parentcr
2398 4733 2603 4778 tantum
2633 4722 2915 4778 advenisse
2934 4759 2951 4787 ,
2982 4729 3039 4775 et
3065 4734 3170 4774 non
3196 4718 3552 4788 assumpsisse
3577 4730 3699 4770 car-

2119 4832 2265 4883 nem,
2298 4817 2385 4871 vel
2424 4825 2576 4871 extra
2601 4814 2886 4869 humanam
2911 4825 3033 4867 esse
3059 4819 3326 4876 naturam,
3354 4815 3574 4878 pr0pter
3599 4805 3707 4860 hoc

2118 4908 2269 4963 illum
2298 4907 2471 4977 ipsum
2510 4918 2790 4959 numerum
2813 4902 3048 4973 jejunat,
3096 4913 3272 4968 neque
3308 4898 3443 4953 alios
3477 4896 3562 4950 his
3586 4895 3707 4949 die-

2120 4998 2219 5052 bus
2243 4996 2458 5067 adjicit,
2490 4995 2571 5050 sic
2596 4993 2782 5048 volens
2816 4990 3276 5047 contentioson
3321 4984 3704 5056 impudentiam

2121 5088 2356 5144 frenare.
2386 5087 2517 5141 Nam
2547 5086 2592 5141 si
2620 5085 2785 5140 rebus
2808 5083 2881 5137 ita
2912 5081 3113 5152 gestis,
3158 5078 3374 5149 quidam
3413 5078 3705 5132 etiamnum

2122 5180 2223 5235 ista
2251 5179 2396 5250 loqui
2424 5177 2653 5242 audent,
2681 5175 2782 5229 nisi
2807 5174 2999 5228 horum
3036 5170 3292 5240 pratscius
3318 5168 3459 5223 hanc
3482 5166 3587 5220 illis
3613 5180 3709 5218 an-

2121 5286 2236 5326 sam
2272 5269 2593 5330 ademisset.
2625 5264 2749 5336 quid
2794 5278 2901 5318 non
2948 5261 3126 5317 dicere
3166 5256 3473 5328 aggressuri
3518 5254 3710 5310 erant?

2126 5362 2249 5416 Ideo
2276 5360 2445 5415 noluit
2473 5359 2652 5428 plures
2693 5354 2810 5410 dies
2847 5353 3126 5422 jejunare,
3166 5346 3263 5403 sed
3295 5346 3514 5401 totidem
3533 5384 3551 5410 ,
3580 5351 3711 5413 quot

2112 5440 2269 5511 dservi
2293 5471 2307 5509 :
2326 5463 2461 5508 utre
2489 5452 2602 5521 ipsa
2620 5463 2720 5503 nos
2741 5446 2972 5511 erudiat,
2989 5459 3051 5500 se
3068 5440 3255 5498 eadem
3281 5454 3385 5508 qua
3426 5446 3525 5491 nos
3549 5451 3713 5490 carne

2125 5547 2380 5604 amictum
2421 5553 2476 5598 et
2499 5559 2530 5597 a
2558 5551 2745 5596 natura
2796 5546 2979 5594 nostra
3010 5543 3325 5591 extraneum
3368 5545 3477 5585 non
3528 5528 3712 5583 fuisse.

2196 5637 2256 5691 4.
2294 5635 2558 5690 Ceterum
2605 5629 2858 5701 quoniam
2886 5642 2917 5681 a
2942 5626 3099 5682 nobis
3135 5622 3562 5677 demonstratum
3591 5627 3677 5673 est
3694 5659 3713 5685 ,

2128 5741 2288 5798 quam
2308 5738 2499 5795 magna
2522 5723 2596 5777 sit
2616 5721 2808 5792 jejunii
2833 5720 2934 5784 vis,
2962 5726 3019 5774 et
3039 5730 3199 5786 quam
3229 5712 3505 5782 multiplex
3529 5726 3593 5763 ex
3621 5709 3718 5763 illo

2131 5816 2351 5881 utilitas,
2380 5814 2539 5885 idque
2556 5812 2805 5881 exemplo
2823 5822 3100 5865 servorum
3121 5819 3184 5887 ac
3206 5803 3415 5858 Domini
3435 5811 3517 5857 est
3536 5810 3718 5853 osten-

2077 5979 2087 5983 η
2136 5925 2293 5978 sum;
2331 5908 2456 5965 ideo
2495 5906 2720 5963 obsecro
2756 5903 3031 5961 caritatem
3079 5906 3343 5966 vestram,
3383 5902 3443 5951 ut
3485 5893 3717 5949 scientes
