4144 6424
320 388 395 439 27)
1580 382 1645 437 ΙΝ
1682 381 1836 437 CAP.
1876 381 1895 435 1
1950 380 2036 435 GE

2146 380 2194 433 Β.
2231 334 2471 435 IIOMIL;
2502 377 2520 431 Ι
3726 380 3794 434 ει

328 500 518 564 ἁπλῶς
540 500 923 573 δουλεύωμεν,
969 500 1106 554 ἀλλὰ
1132 498 1378 569 λογισμῷ
1412 498 1482 552 τά
1508 499 1629 552 καθ’
1672 498 1901 561 ἑαυτοὺς
1932 499 2010 549 oi-

333 585 683 656 κονομῶμεν.
717 585 811 655 Μὴ
837 586 946 656 γάρ
979 584 1130 638 ἔσται
1156 601 1208 636 τι
1235 584 1426 654 κέρδος
1454 585 1587 654 ἡμῖν
1614 583 1723 637 ἀπὸ
1752 583 1851 653 τῆς
1882 586 2016 652 ἡμε-

339 669 491 742 ρινῆς
518 669 854 739 ἀδηφαγίας.
884 669 978 721 καὶ
1004 666 1105 737 τῆς
1138 666 1339 737 πολλῆς
1373 666 1544 736 μέθης
1564 674 1583 731 ;⁷
1628 665 1739 719 Καὶ
1778 666 1831 718 τί
1871 666 2015 732 λέγω

341 753 560 822 κέρδοςς
604 751 767 804 Ἀλλά
813 751 908 805 καὶ
936 750 1107 821 πολλή
1146 752 1179 821 ἡ
1219 750 1427 820 ζημία,
1460 751 1554 803 καλ⁵
1597 750 1631 820 ἡ
1668 749 1841 819 βλάϐη
1874 749 2012 817 ἀφό-

343 853 525 907 ρητος.
553 835 724 888 Ὅταν
755 834 863 906 γάρ
898 833 1312 904 καταϐαπτισθῇ
1359 834 1464 885 ὑπὸ
1496 833 1596 903 τῆς
1630 833 1831 903 πολλῆς
1874 834 2017 886 οἰνοο

341 918 538 980 ποσίας
569 918 598 970 ὁ
626 917 920 986 λογισμὸς,
951 915 1157 979 εὐθέως
1190 915 1249 979 ἐξ
1275 915 1453 987 ἀρχῆς
1496 918 1590 968 καὶ
1621 918 1685 968 ὲκ
1715 916 2017 987 προοιμίων

338 999 745 1071 ἀποκρούσεται
780 1000 842 1053 τὸ
869 999 978 1052 ἀπὸ
1008 1000 1107 1069 τῆς
1141 999 1393 1068 νηστείας
1434 998 1641 1069 κέρδος.
1679 997 1743 1050 Ίί
1777 999 1886 1066 γὰρ
1927 1000 2021 1067 ἀη-

340 1085 594 1156 δέστερον
612 1097 660 1149 ι,
696 1084 817 1137 εἰπέ
854 1100 974 1153 μοι,
1006 1081 1143 1135 τίδὲ
1170 1081 1663 1154 ἀσχημονέστερον,
1695 1082 1821 1135 ὅταν
1852 1080 2019 1152 μέχρι

348 1167 702 1237 μεσονυκτίου
745 1166 837 1218 τὸν
890 1165 1127 1235 ἄκρατον
1172 1163 1452 1227 σπῶντες,
1499 1164 1604 1216 ὑπὸ
1648 1163 1747 1233 τὴν
1799 1163 1873 1215 ἕω
1921 1163 2021 1232 τῆς

344 1256 566 1316 ἀκτῖνος
606 1253 704 1323 τῆς
755 1251 988 1322 ἡλιακῆς
1034 1250 1397 1321 ἀνισχούσης,
1448 1251 1524 1313 ὼς
1569 1249 1881 1320 πρόσφατον
1925 1248 2020 1302 τοῦ

343 1338 493 1391 οἴνου
523 1333 944 1406 ἐμφορηθέντες.
972 1332 1145 1396 οὕτως
1178 1332 1542 1397 ἀποπνέουσι,
1572 1332 1665 1385 καὶ
1707 1331 1889 1401 ἀηδεῖς
1924 1331 2022 1401 μὲν

349 1419 632 1487 φαίνονται
676 1419 786 1480 τοῖς
818 1417 1294 1486 συντυγχάνουσιν,
1326 1414 1789 1485 εὐκαταφρόνητοι
1820 1413 1877 1467 δὲ
1909 1416 2022 1476 τοῖς

342 1503 591 1564 οἰκέταις
610 1541 624 1563 ,
653 1501 748 1552 καὶ
777 1498 1181 1567 καταγελῶνται
1211 1498 1358 1569 παρά
1388 1498 1605 1550 πάντων
1636 1496 1744 1550 τῶν
1773 1496 2022 1551 ὁπωσοῦν

346 1586 411 1638 τὸ
433 1585 552 1637 δέον
579 1580 955 1653 συνορώντων,
983 1582 1078 1635 καὶ
1103 1580 1210 1651 πρὸ
1234 1580 1438 1633 τούτων
1472 1580 1749 1644 ἁπάντων,
1777 1582 1905 1633 ὅταν
1934 1581 2023 1635 διὰ

347 1670 451 1740 τὴν
500 1666 700 1736 πολλὴν
746 1663 948 1734 ταύτην
995 1664 1284 1735 ἀκρασίαν,
1329 1665 1425 1717 καὶ
1467 1663 1566 1733 τὴν
1615 1664 1881 1734 ἀμετρίαν
1926 1663 2024 1734 τὴν

346 1752 582 1824 ἄκαιρον
624 1748 721 1802 καὶ
763 1746 1042 1818 ἀνόνητον,
1089 1747 1183 1800 καὶ
1206 1746 1305 1818 τὴν
1337 1746 1489 1818 παρὰ
1513 1746 1608 1798 τοῦ
1651 1746 1784 1799 Θεοῦ
1820 1749 2027 1816 ἀγανά-

349 1852 547 1905 κτησιν
580 1832 948 1897 ἐπισπῶνται;
971 1833 1036 1885 Ol
1073 1831 1186 1901 γὰρ
1201 1831 1476 1900 μέθυσοι,
1512 1832 1677 1902 φησὶ,
1695 1832 2028 1896 ,ϐασιλείαν

354 1920 504 1975 Θεοῦ
533 1919 605 1972 οὐ
640 1913 1190 1984 κληρονομήσουσι.
1226 1913 1291 1966 Τί
1321 1908 1413 1968 οὖν
1445 1913 1512 1967 ἂν
1536 1914 1740 1967 τούτων
1766 1913 2026 1967 ἀθλιώτε-

356 2021 450 2074 ρον
483 2002 675 2071 γένοιτ’
709 1999 798 2062 ἂν,
850 1998 957 2051 τῶν
993 1998 1081 2051 διὰ
1125 1995 1384 2067 βραχεῖαν
1414 1999 1509 2051 καὶ
1538 1998 1804 2069 ἐπιϐλαϐἦ
1837 1997 2027 2069 ἡδονὴν

352 2085 463 2140 τῶν
502 2085 599 2155 τῆς
641 2081 914 2152 βασιλείας
956 2080 1243 2153 προθύρων
1283 2080 1720 2150 ἐκϐαλλομένων;
1761 2080 1921 2133 Ἀλλά
1952 2080 2028 2152 μὴ

352 2167 565 2237 γένοιτό
604 2183 723 2218 τινα
753 2164 860 2217 τῶν
890 2162 1125 2217 ἐνταῦθα
1156 2162 1581 2234 συνειλεγμένων
1614 2162 1790 2234 τούτῳ
1824 2162 2028 2216 άλῶναι

354 2252 436 2322 τῷ
480 2250 677 2304 πάθει·
712 2247 848 2301 ἀλλά
882 2247 1020 2317 μετὰ
1056 2246 1238 2317 πάσης
1277 2245 1598 2315 φιλοσοφίας
1626 2247 1720 2299 καὶ
1751 2247 2030 2317 σωφροσύ-

354 2354 476 2407 νης,
504 2334 599 2387 καί⁵
629 2333 726 2403 τὴν
765 2330 1044 2400 παροῦσαν
1072 2329 1285 2401 ἡμέραν
1313 2329 1760 2399 ἐστιασαμένους,
1804 2330 1897 2382 καὶ
1934 2329 2028 2383 τοῦ

355 2417 626 2489 χειμῶνος
653 2415 747 2468 καὶ
786 2412 883 2482 τῆς
915 2410 1118 2483 ζάλης,
1146 2411 1215 2480 ἢν
1252 2412 1286 2482 ἡ
1324 2410 1460 2481 μέθη
1494 2409 1822 2482 ἐργάζεσθαι
1853 2410 2031 2480 πέφυ-

358 2520 475 2566 κεν,
520 2494 985 2568 ἐλευθερωθέντας
1030 2495 1111 2557 εἰς
1152 2493 1243 2546 τὸν
1292 2491 1488 2561 λιμένα
1539 2492 1875 2561 καταντῆσαι
1923 2492 2032 2545 τῶν

356 2584 641 2657 ἡμετέρων
686 2578 896 2649 ψυχῶν,
930 2578 1025 2649 τὴν
1053 2574 1308 2649 νηστείαν
1338 2574 1482 2644 λέγω
1506 2615 1522 2639 ,
1556 2575 1643 2657 ίνα
1697 2575 1837 2646 μετά
1880 2575 2033 2636 δαψι-

357 2656 510 2731 λείας
550 2665 618 2719 τά
641 2663 749 2717 ἀπὸ
780 2660 982 2732 ταύτης
1024 2659 1343 2732 δυνηθῶμεν
1391 2656 1791 2729 καρπώσασθαι
1828 2659 2029 2728 ἀγαθά.

362 2755 575 2820 Ὥσπερ
611 2746 719 2818 γάρ
749 2748 782 2816 ἡ
816 2743 1093 2815 ἀδηφαγία
1133 2742 1344 2815 μυρίων
1369 2742 1553 2796 κακῶν
1580 2742 1729 2796 αίτία
1766 2743 1861 2796 καὶ
1895 2743 2032 2813 πρό-

361 2834 511 2898 ξενος
538 2829 616 2901 τῷ
644 2827 752 2880 τῶν
780 2822 1086 2894 ἀνθρώπων
1113 2823 1325 2892 γίνεται
1371 2823 1542 2892 γένει.
1579 2821 1725 2877 οὕτω
1751 2826 1845 2878 καὶ
1868 2826 1902 2894 ἡ
1935 2843 2033 2895 νη-

362 2915 518 2970 στεία
545 2913 640 2965 καὶ
662 2912 697 2982 ἡ
724 2909 826 2979 τῆς
850 2907 1090 2979 γαστρὸς
1112 2906 1385 2979 ὑπεροψία
1416 2906 1526 2960 τῶν
1549 2907 1775 2976 ἀφάτων
1794 2906 1873 2979 [4]
1900 2909 2034 2979 ἡμῖν

357 2997 581 3069 ἀγαθῶν
617 2995 704 3049 ἀεὶ
733 2991 883 3046 αίτία
925 2991 1119 3059 γέγονε
1138 2990 1192 3043 ι).
1237 2990 1457 3054 [ιλάσας
1483 2989 1592 3061 γὰρ
1637 2990 1698 3055 ἐξ
1731 2991 1905 3063 ἀρχῆς
1942 2991 2035 3044 τὸν

359 3082 648 3154 άνθρωπον
678 3080 706 3132 ὁ
733 3075 865 3140 Θεὸς
888 3117 903 3141 ,
940 3075 1035 3128 καὶ
1073 3073 1249 3139 εἰδὼς,
1286 3075 1367 3127 ὅτι
1399 3074 1591 3128 τούτου
1624 3074 1772 3145 αύτῷ
1800 3076 2037 3145 μάλιστα,

360 3172 443 3224 δεῖ
469 3167 563 3221 τοῦ
587 3161 881 3233 φαρμάκου
901 3158 1040 3226 πρὸς
1069 3157 1165 3229 τὴν
1188 3158 1285 3226 τῆς
1309 3156 1489 3227 ψυχῆς
1509 3157 1807 3229 σωτηρίαν,
1832 3157 2038 3223 εὐθέως

363 3254 459 3308 καὶ
488 3254 554 3304 ἐκ
596 3245 898 3322 προοιμίων
924 3242 1003 3313 τῷ
1029 3240 1441 3313 πρωτοπλάστῳ
1468 3240 1672 3309 ταύτην
1706 3240 1905 3294 δέδωκε
1936 3242 2037 3314 τὴν

361 3335 589 3403 ἐντολὴν
620 3329 820 3384 είπών·
864 3326 998 3381 Ἀπὸ
1022 3325 1251 3390 παντὸς
1274 3324 1466 3387 ξύλου
1506 3325 1612 3378 τοῦ
1642 3325 1711 3377 ἐν
1740 3323 1819 3390 τῷ
1844 3337 2038 3392 παρα-

363 3423 550 3481 δείσῳ
590 3414 817 3482 βρώσει
845 3407 1039 3480 φωνῇ’
1075 3407 1194 3462 ἀπὸ
1235 3405 1304 3460 δὲ
1339 3406 1447 3460 τοῦ
1495 3406 1688 3470 ξύλου
1722 3406 1829 3460 τοῦ
1866 3406 2038 3476 γινώ-

360 3519 545 3557 σκειν
575 3498 766 3554 καλὸν
790 3497 888 3549 καί
915 3495 1203 3560 πονηρὸν,
1223 3491 1296 3545 οὐ
1323 3489 1587 3560 φίίγεσθε
1611 3490 1712 3544 ἀπ’
1737 3490 1946 3544 αὐτοῦ.
1966 3490 2040 3542 Τὸ

364 3596 428 3650 δὲ
458 3593 652 3661 λέγειν,
688 3590 807 3643 τόδε
850 3587 1011 3657 φάγε,
1054 3585 1149 3639 καὶ
1176 3584 1296 3637 τόδε
1331 3582 1408 3654 μὴ
1441 3583 1644 3653 φάγῃς,
1685 3583 1941 3655 νηστείας
1971 3579 2041 3655 ἦν

369 3689 556 3747 εἰκών.
596 3685 759 3740 Ἀλλά
784 3685 904 3739 δέον
936 3681 1169 3753 φυλάξαι
1208 3681 1306 3752 τὴν
1340 3680 1582 3752 ἐντολὴν,
1625 3679 1783 3733 τοῦτο
1817 3680 1915 3750 μὲν
1943 3676 2043 3735 οὐκ

372 3780 619 3851 ἐποίησε,
661 3778 727 3831 δι’
758 3777 1030 3848 ἀκρασίαν
1076 3774 1133 3826 δέ
1176 3773 1275 3842 τῆς
1303 3782 1325 3811 ο
1363 3772 1603 3842 γαστρὸς
1635 3773 1919 3843 ἡττηθεὶς,
1950 3774 2044 3855 καὶ

370 3872 474 3944 τὴν
528 3867 812 3941 παρακοήν
883 3864 1296 3938 ἐργασάμενος,
1355 3861 1571 3932 θανάτῳ
1635 3862 2040 3929 κατεδικάζετο.

384 3963 605 4030 Ἐπειδὴ
625 3962 733 4035 γάρ
760 3956 901 4014 εἶδεν
931 3961 959 4013 ὁ
984 3956 1220 4028 πονηρὸς
1253 3955 1464 4026 δαίμων
1486 3958 1696 4019 ἐκεῖνος
1726 3958 1822 4011 καὶ
1850 3958 2045 4030 ἐχθρὸς

367 4058 475 4128 τῆς
508 4056 724 4125 φύσεως
760 4054 862 4124 τῆς
893 4051 1170 4123 ἡμετέρας
1216 4048 1315 4121 τὴν
1349 4051 1408 4102 ἐν
1452 4047 1531 4120 τῷ
1570 4050 1888 4121 παραδείσῳ
1929 4052 2047 4106 δια-

371 4149 562 4221 γωγὴν
584 4147 679 4201 τοῦ
713 4144 1140 4212 πρωτοπλάστου
1166 4184 1182 4209 ,
1234 4141 1332 4194 καὶ
1375 4141 1466 4194 τὸν
1512 4141 1895 4212 ἀταλαίπωρον
1931 4143 2046 4214 βίον

370 4247 603 4309 ἐκεῖνον,
634 4241 728 4296 καὶ
752 4243 856 4305 ὅτι,
888 4237 1141 4308 καθάπερ
1175 4233 1405 4303 ἅγγελος
1425 4273 1440 4298 ,
1487 4233 1630 4287 οὕτω
1664 4233 1878 4305 σώματι
1912 4254 2048 4309 συμ-

370 4332 754 4404 πεπλεγμένος
798 4329 984 4400 διῆγεν
1036 4328 1129 4380 ἐπὶ
1178 4326 1280 4395 τῆς
1332 4325 1459 4393 γῆςν
1512 4323 1835 4395 βουλόμενος
1882 4328 2045 4381 αδτδν

373 4416 731 4472 ὑποσκελίσαι
775 4414 872 4466 καὶ
919 4409 1249 4466 καταϐαλεῖν
1294 4407 1468 4460 ἐλπίδι
1503 4405 1768 4475 μειζόνων
1815 4408 2049 4479 ὑποσχέ-

373 4527 540 4573 σεων,
566 4510 661 4563 καὶ
691 4506 802 4560 τῶν
836 4508 893 4558 ἐν
922 4504 1111 4574 χερσὶν
1146 4500 1389 4566 ἐξέϐαλε.
1431 4498 1699 4553 Τοσοῦτον
1729 4502 1846 4552 ἐστι
1880 4498 1942 4551 τὸ
1972 4499 2049 4569 μὴ

379 4602 564 4674 μένειν
592 4600 684 4663 ὲπξ
716 4598 827 4651 τῶν
858 4596 1074 4650 οἰκείων
1108 4594 1274 4664 ὅρων,
1308 4590 1445 4645 ἀλλὰ
1476 4591 1585 4644 τῶν
1618 4590 1882 4661 μειζόνων
1910 4591 2055 4660 ἐφίε-

380 4693 528 4747 σθαι.
571 4690 682 4745 Καὶ
711 4686 873 4740 τοῦτο
905 4684 1037 4738 αὐτὸ
1080 4682 1256 4754 δηλῶν
1292 4681 1455 4751 σοφός
1486 4698 1573 4744 τις
1610 4680 1799 4749 ἐλεγε’
1846 4683 2052 4744 Φθόνῳ

376 4784 449 4838 δὲ
467 4783 750 4837 διαϐόλου
779 4776 1035 4843 θάνατος
1059 4771 1346 4842 είσῆλθεν
1363 4775 1452 4838 εὶς
1469 4772 1577 4825 τὸν
1596 4774 1850 4841 κόσμον.
1874 4769 2050 4839 Εἶδες,

379 4874 657 4945 ἁγαπητὲ,
708 4870 828 4933 πῶς
863 4871 928 4922 ἐκ
962 4865 1264 4939 προοιμίων
1293 4864 1354 4932 ἐξ
1394 4865 1701 4936 ἀδηφαγίας
1749 4865 1779 4915 ὁ
1825 4864 2054 4929 θάνατος

378 4971 482 5042 τὴν
512 4968 714 5023 εἴσοδον
744 4964 934 5035 ἐσχεν;
967 4961 1167 5015 Σκόπει
1193 4959 1250 5013 δέ
1285 4957 1447 5012 πάλιν
1478 4958 1572 5010 καὶ
1597 4956 1735 5027 μετά
1760 4957 1935 5011 ταῦτα
1958 4957 2055 5027 τὴν

383 5062 537 5117 θείαν
572 5058 795 5131 Γραφὴν
833 5051 1245 5124 κατηγοροῦσαν
1291 5049 1532 5120 συνεχῶς
1562 5049 1663 5119 τῆς
1691 5050 1933 5121 τρυφῆς,
1964 5050 2058 5102 καὶ

383 5153 649 5221 λέγουσαν
688 5148 820 5202 ποτὲ
869 5147 988 5217 μὲν,
1040 5143 1348 5197 Ἐκάθισεν
1390 5143 1423 5194 ό
1469 5140 1619 5207 λαὸς
1676 5139 1910 5209 φαγεῖν,
1958 5141 2056 5194 καὶ

384 5246 566 5306 πιεῖν,
605 5242 700 5296 καὶ
744 5238 1100 5305 ἀνέστησαν
1137 5232 1397 5294 παίζεινο
1439 5232 1628 5286 ἄλλοτε
1683 5231 1773 5298 δὲ,
1816 5233 2056 5302 ’Ἑρ-ατε,

385 5337 485 5391 καί
527 5334 681 5394 ἔπιε,
713 5329 811 5383 καί
841 5325 1156 5392 ἐλιπάνθη,
1193 5323 1292 5378 καὶ
1325 5322 1636 5392 ἐπαχύνθη
1657 5363 1672 5387 ,
1701 5324 1797 5377 καὶ
1838 5324 2063 5378 ἀπελά-

384 5442 597 5483 κτισεν
624 5428 655 5479 ό
680 5419 1085 5492 ἠγαπημένοι-ος.
1122 5418 1234 5471 Καὶ
1268 5418 1318 5469 οἱ
1348 5416 1419 5469 τά
1448 5415 1654 5485 Σόδομα
1692 5415 1748 5469 δὲ
1784 5416 2063 5481 οἰκοῦντες

387 5518 530 5586 μετὰ
561 5516 672 5569 τῶν
695 5514 869 5568 ἀλλων
890 5510 1077 5565 κακῶν
1095 5507 1344 5562 ἐντεῦθεν
1368 5506 1467 5579 τὴν
1490 5508 1866 5580 ἀπαραίτητον
1889 5510 2058 5581 ὀργὴν

450 5635 477 5661 ⁸
500 5631 701 5681 Coislin.
727 5627 774 5675 τί
792 5626 881 5689 γὰρ
904 5625 1251 5689 ἀναιδέστεροχ.
1280 5622 1466 5671 Ibidem
1490 5622 1758 5689 legendum
1783 5623 2065 5689 sgspicaba»

385 5704 485 5748 tur,
513 5699 644 5742 teste
689 5684 893 5745 Savi'lid,
935 5684 1165 5736 Andreas;
1202 5684 1467 5743 Dounzeus,
1494 5685 1525 5740 ἢ
1567 5684 1696 5731 ὅταν·
1742 5685 1832 5734 sed
1872 5684 2067 5736 ‘ulrovis

384 5757 531 5821 mndq
559 5755 693 5802 bene
718 5749 913 5821 habet".
988 5809 1041 5821 Η
1133 5809 1147 5821 ς
1185 5807 1195 5821 I
1281 5806 1293 5821 ,

450 5821 477 5857 ιι
501 5820 722 5874 Quatuor
743 5825 857 5859 mss.
891 5809 1079 5874 ἀγαθῶν
1101 5807 1230 5874 αἰτία
1247 5807 1439 5859 γίνεται.

449 5883 473 5902 ·’
499 5868 702 5942 ςυὶςιίη.
730 5874 791 5921 δι’
816 5868 1159 5942 ἀκρανσίαςὙάρ
1178 5877 1275 5925 τῆς.

447 5942 472 5978 σι
511 5939 634 6003 Reg.
659 5948 789 5984 unus
822 5933 962 5981 τοῦτο
985 5933 1075 5994 γὰρ
1098 5933 1169 5977 τό.

2122 492 2339 564 ἐκείνην
2368 488 2768 549 ἐπεσπάσαντο.
2806 496 3073 548 Ἀκουσον
3110 495 3220 564 γὰρ
3262 494 3358 547 τοῦ
3396 495 3671 566 προφήτου
3713 499 3794 550 λέ-

2123 592 2344 644 γοντος·
2378 576 2558 631 Τοῦτο
2602 575 2712 630 τδά
2757 577 3030 647 ἀνόμημα
3069 567 3368 647 Σοδόμων,
3409 578 3500 631 ὅτι
3534 579 3603 632 ἐν
3641 583 3796 647 πλη-

2122 664 2327 734 σμονῇ
2349 666 2543 732 ἄρτων
2561 666 2942 720 ἐσπατάίων.
2970 665 3236 738 Καθάπερ
3265 667 3374 737 γάρ
3405 669 3555 738 πηγή
3588 686 3672 731 τις
3703 673 3797 725 κα)⁸

2127 748 2251 818 ῥίζα
2278 748 2537 818 τυγχάνει
2571 748 2681 802 τῶν
2713 751 2901 803 κακῶν
2929 749 3207 803 ἁπάντων.

2193 836 2262 899 γ’.
2288 827 2441 894 Εἶδες
2474 832 2573 903 τῆς
2597 833 2906 904 ἀδηφαγίας
2922 833 3021 904 τὴν
3056 832 3298 903 βλάϐην;
3328 832 3470 905 Ὅρα
3505 851 3595 903 μοι
3635 834 3798 890 πάλιν

2122 915 2224 984 τῆς
2248 918 2504 983 νηστείας
2530 918 2600 971 τὰ
2619 918 3023 989 κατορθώματα
3050 930 3096 972 ο.
3125 919 3546 990 Τεσσαράκοντα
3571 920 3796 988 ἡμερῶν

2125 999 2379 1069 νηστείαν
2408 999 2819 1070 ἐπιδειξάμενος
2837 1002 2869 1057 δ
2901 998 3078 1066 μέγας
3109 999 3331 1073 Μωσῆς,
3354 999 3454 1071 τῆς
3476 1002 3797 1071 νομοθεσίας

2125 1078 2225 1144 τὰς
2260 1081 2476 1147 πλάκας
2516 1082 2702 1137 λαϐεῖν
2735 1083 2974 1154 ἠδυνήθη
2996 1100 3008 1113 ·
3043 1083 3137 1137 καὶ
3164 1085 3351 1156 ἐπειδὴ
3384 1085 3659 1138 κατελθὼν
3692 1082 3799 1139 εἶδε

2126 1164 2218 1217 τοῦ
2245 1164 2375 1217 λαοῦ
2400 1164 2498 1237 τὴν
2523 1166 2885 1237 παρανομίαν,
2917 1166 2982 1229 ἀς
3014 1167 3151 1235 μετά
3166 1166 3443 1239 ’τοσαύτης
3474 1169 3798 1238 προσεδρίας

2126 1246 2308 1300 λαϐεῖν
2350 1248 2556 1318 ἴσχυσε,
2590 1248 2793 1310 ταύτας
2825 1248 2985 1318 ῥίψας
3025 1248 3376 1314 συνέκλασεν,
3429 1249 3627 1302 ἄτοπον
3660 1246 3800 1304 εἶναι

2127 1327 2505 1401 λογισάμενος,
2548 1330 2816 1397 μεθύοντα
2841 1332 2967 1384 λαὸν
3002 1333 3095 1385 καὶ
3124 1332 3545 1403 παρανομοῦντα
3581 1334 3804 1403 νομοθε-

2129 1412 2253 1465 σίαν
2280 1414 2551 1466 Δεσπότου
2578 1412 2855 1480 δέξασθαι.
2878 1415 2968 1466 Διὸ
2997 1417 3092 1469 καὶ
3116 1415 3320 1487 ἐτέρων
3347 1416 3509 1469 πάλιν
3535 1418 3801 1486 τεσσαρά-

2130 1511 2295 1548 κοντα
2344 1495 2565 1567 ἡμερῶν
2611 1497 2864 1567 νηστείας
2916 1497 3111 1568 ἐδεήθη
3160 1501 3187 1552 ὁ
3238 1499 3542 1568 θαυμάσιος
3598 1503 3803 1563 ἐκεῖνος

2130 1580 2437 1650 προφήτης.
2484 1579 2571 1632 ἵνα
2600 1579 2801 1651 δυνηθῇ
2832 1580 2933 1644 τὰς
2967 1581 3054 1634 διά
3100 1581 3199 1653 τὴν
3233 1584 3579 1652 παρανομίαν
3624 1584 3804 1636 αὐτῶν

2133 1662 2513 1734 συντριϐείσας
2564 1663 2777 1728 πλάκας
2804 1662 2825 1703 ί
2876 1665 3038 1719 πάλιν
3084 1665 3292 1719 ἄνωθεν
3335 1666 3649 1737 δεξάμενος,
3673 1684 3806 1721 κατ-

2131 1748 2397 1814 ενεγκεῖν.
2429 1748 2539 1800 Καὶ
2578 1748 2607 1799 ὁ
2637 1747 2811 1817 μέγας
2835 1747 2892 1800 δέ
2929 1747 3117 1810 Ἠλίας
3159 1746 3428 1800 τοσούτων
3460 1748 3683 1820 ἡμερῶν
3717 1768 3807 1819 νη-

2133 1827 2317 1881 στείαν
2365 1829 2700 1895 ἐπεδείξατο,
2733 1830 2827 1883 καὶ
2858 1829 2959 1900 τὴν
2985 1829 3078 1883 τοῦ
3110 1829 3342 1884 θανάτου
3368 1831 3660 1902 τυραννίδα
3687 1833 3806 1885 δια-

2133 1908 2341 1978 φυγὼν,
2378 1912 2474 1964 καὶ
2505 1912 2645 1982 μετά
2674 1913 2902 1983 πυρίνου
2946 1913 3191 1983 ἅρματος
3218 1913 3295 1976 ὡς
3337 1915 3418 1977 είς
3450 1914 3541 1967 τὸν
3579 1916 3809 1985 οὐρανὸν

2132 1992 2395 2057 ἀνελθὼν,
2441 1995 2535 2047 καὶ
2579 1996 2791 2049 οὐδέπω
2814 1997 2906 2049 καὶ
2939 1999 3179 2067 τήμερον
3210 1996 3441 2050 θανάτου
3482 2000 3677 2068 πεῖραν
3709 1999 3807 2051 λα-

2133 2075 2264 2132 ϐών.
2298 2077 2409 2129 Καὶ
2444 2078 2473 2130 ὁ
2512 2078 2652 2149 ἀνὴρ
2691 2078 2747 2131 δὲ
2792 2080 2900 2131 τῶν
2946 2079 3274 2149 ἐπιθυμιῶν,
3321 2081 3535 2135 πολλῶν
3586 2082 3809 2152 ἡμερῶν

2134 2158 2389 2227 νηστείαν
2416 2159 2843 2230 ἐπιδειξάμενος,
2876 2160 3048 2224 οὕτως
3091 2160 3297 2232 ἠξιώθη
3340 2162 3441 2231 τῆς
3488 2162 3807 2235 θαυμαστῆς

2136 2240 2351 2311 ἐκείνης
2376 2242 2662 2306 ὀπτασίας,
2696 2242 2756 2305 ὃς
2783 2245 2874 2295 καὶ
2903 2243 3010 2296 τῶν
3041 2244 3271 2297 λεόντων
3302 2244 3393 2298 τὸν
3423 2245 3591 2316 θυμὸν
3624 2248 3805 2316 ἐχαλί-

2135 2339 2294 2388 νωσε,
2328 2324 2423 2377 καὶ
2448 2326 2527 2388 είς
2554 2325 2843 2395 προϐάτων
2872 2325 3185 2398 ἡμερότητα
3221 2326 3573 2396 μετέστησεν.
3609 2330 3670 2381 οὐ
3709 2329 3809 2398 τὴν

2138 2406 2301 2477 φύσιν
2351 2408 2693 2479 μεταϐαλὼν,
2745 2408 2882 2463 ἀλλά
2923 2410 3020 2480 τῆς
3065 2409 3358 2480 θηριώδεας
3406 2411 3674 2483 μενούσης
3712 2413 3811 2484 τὴν

2137 2492 2459 2563 προαίρεσιν
2488 2491 2747 2563 ἀμείψας.
2795 2491 2980 2564 Ταύτῃ
3014 2494 3109 2546 καὶ
3160 2494 3438 2549 Νινευῖται
3472 2484 3812 2569 χρησάμενοι

2136 2576 2236 2644 τὴν
2280 2575 2556 2644 ἀπόφασιν
2603 2574 3002 2629 ἀνεκαλέσαντο
3046 2574 3141 2629 τοῦ
3186 2578 3490 2641 Δεσπότου.
3673 2585 3814 2652 μετά

2137 2658 2246 2710 τῶν
2294 2658 2599 2730 ἀνθρώπων
2637 2660 2823 2713 καὶτὸ
2868 2659 2978 2713 τῶν
3012 2659 3225 2729 ἀλόγων
3256 2662 3412 2730 γένος
3455 2664 3662 2735 ταύτην
3700 2670 3814 2720 ἐπι-

2138 2738 2415 2805 δείξασθαι
2470 2742 3027 2814 παρασκευάσαντες,
3090 2744 3186 2798 καλ⁵
3246 2745 3419 2810 οὕτως
3476 2750 3813 2815 ἀποστάντες

2139 2822 2370 2886 ἕκαστος
2407 2825 2514 2877 ἀπὸ
2554 2825 2662 2878 τῶν
2704 2825 2958 2896 πονηρῶν
3002 2828 3473 2899 ἐπιτηδευμάτων,
3499 2833 3579 2894 είς
3626 2833 3815 2902 φιλαν-

2143 2905 2390 2977 θρωπίαν
2418 2906 2811 2972 ἐξεκαλέσαντο
2837 2909 2929 2962 τὸν
2955 2908 3067 2962 τῶν
3100 2910 3358 2964 ἁπάντων
3378 2914 3674 2986 Δεσπότην.
3705 2918 3817 2972 Καὶ

2140 2989 2193 3042 τί
2222 2991 2353 3061 περὶ
2378 2992 2504 3054 τοὺς
2531 2990 2751 3055 δούλους
2782 2990 2861 3045 ἔτι
2888 2993 3192 3063 στρέφομαι
3214 2993 3331 3063 (καὶ
3365 2994 3475 3065 γὰρ
3496 2996 3690 3067 ἔχομεν
3720 3002 3816 3053 καὶ

2144 3074 2369 3145 ἐτέρους
2398 3073 2626 3137 πολλοὺς
2661 3073 2989 3144 ἀριθμῆσαι,
3032 3075 3125 3129 καὶ⁸
3174 3076 3231 3129 ἐν
3266 3079 3333 3146 τῇ
3386 3077 3597 3151 Παλαιᾷ
3631 3082 3725 3137 καὶ⁸
3759 3085 3818 3136 ἐν

2142 3158 2208 3227 τῇ
2259 3158 2436 3227 Καινῇ
2470 3156 2557 3209 διὰ
2607 3157 2812 3228 ταύτης
2861 3157 3369 3229 εὐδοκιμήσαντας),
3414 3161 3531 3214 δέον
3583 3165 3676 3217 ἐπὶ
3726 3166 3819 3219 τὸν

2145 3240 2323 3292 κοινὸν
2352 3240 2605 3292 ἁπάντων
2630 3240 2790 3310 ἡμῶν
2817 3241 3097 3309 Δεσπότην
3124 3241 3298 3294 ἐλθεῖν
3325 3260 3340 3309 ;
3385 3243 3445 3297 ’0
3471 3244 3580 3315 γὰρ
3615 3246 3818 3319 Κύριος

2145 3320 2303 3390 ἡμῶν
2340 3320 2548 3390 Ἰησοῦς
2573 3322 2807 3391 Χριστὸς
2833 3323 2926 3374 καὶ
2948 3322 3109 3386 αὐτὸς
3150 3325 3555 3395 τεσσαράκοντα
3592 3331 3822 3401 ἡμερῶν

2146 3402 2401 3471 νηστείαν
2453 3402 2881 3473 ἐπιδειξάμενος,
2920 3404 3063 3457 οὕτω
3107 3408 3207 3475 τῆς
3252 3408 3387 3479 πρὸς
3435 3409 3527 3461 τὸν
3575 3410 3820 3466 διάϐολον
3917 3402 3924 3407 ’

2145 3482 2324 3553 ἥψατο
2369 3484 2567 3554 πάλης,
2603 3487 2766 3539 πᾶσιν
2792 3486 2923 3555 ἡμῖν
2948 3486 3317 3558 ὑπογραμμὸν
3342 3489 3536 3554 διδοὺς,
3566 3491 3707 3547 ὥστε
3733 3495 3824 3550 διά

2147 3566 2353 3637 ταύτης
2388 3566 2831 3631 καθοπλίζεσθαι,
2866 3567 2960 3620 καὶ
2981 3567 3079 3639 τὴν
3116 3570 3367 3624 ἐντεῦθεν
3400 3573 3555 3642 ἰσχὺν
3582 3578 3822 3647 προσλα-

2150 3648 2341 3714 ϐόντας
2384 3648 2530 3703 οὕτω
2577 3649 3022 3722 παρατάττεσθαι
3054 3652 3135 3715 εἰς
3162 3651 3261 3724 τὴν
3297 3654 3433 3724 πρὸς
3474 3658 3679 3711 ἐκεῖνον
3720 3663 3843 3731 μάν·

2150 3760 2272 3812 χην.
2314 3742 2454 3795 Ἀλλ’
2476 3742 2709 3797 ἐνταῦθα
2740 3743 2870 3805 ἴσως
2903 3742 3083 3814 ἔροιτό
3114 3762 3199 3808 τις
3242 3744 3308 3815 ἂν
3340 3746 3449 3801 τῶν
3478 3748 3571 3815 ὀξὺ
3603 3749 3827 3820 βλεπόν-

2150 3853 2257 3890 των
2298 3836 2392 3888 καὶ¹
2421 3834 2858 3906 διεγηγερμένων
2883 3836 2981 3906 τὴν
3012 3835 3249 3891 διάνοιαν
3271 3854 3284 3867 ⁸
3311 3838 3454 3902 τίνος
3498 3841 3683 3896 ἕνεκεν
3728 3845 3827 3910 τάς

2152 3929 2333 3993 αὑτὰς.
2352 3930 2463 3992 τοῖς
2485 3928 2691 3991 δούλοις
2722 3929 2937 3999 ἡμέρας
2968 3933 2995 3982 ὁ
3034 3932 3310 3997 Δεσπότης
3338 3935 3618 4003 νηστεύων
3642 3941 3828 4006 φαίνε-

2152 4038 2261 4083 ται,
2289 4021 2383 4073 καὶ
2405 4020 2501 4091 οὐχ
2525 4020 2919 4091 ὑπερηκόντισε
2950 4022 3041 4075 τὸν
3070 4024 3336 4093 ἁριθμόν;
3367 4028 3477 4096 υύχ
3499 4029 3684 4094 ἁπλῶς
3707 4033 3830 4086 οὐδὲ

2153 4112 2275 4180 εἰκῆ
2308 4108 2465 4163 τοῦτο
2504 4110 2831 4181 γεγένηται,
2865 4111 3000 4164 ἀλλά
3025 4113 3300 4165 καὶτοῦτο
3341 4117 3520 4183 σοφῶς
3562 4124 3657 4173 καὶ
3688 4124 3832 4177 κατά

2154 4202 2251 4272 τὴν
2285 4202 2489 4268 ἄφατον
2527 4202 2691 4255 αὑτοῦ
2724 4202 3150 4273 φιλανθρωπίαν.
3195 4206 3311 4258 Ἵνα
3346 4209 3453 4279 γάρ
3491 4210 3567 4281 μὴ
3600 4216 3829 4287 νομισθῇ

2155 4294 2373 4365 δοκήσει
2407 4296 2913 4367 παραγεγενῆσθαι,
2944 4297 3038 4351 καὶ
3072 4296 3145 4368 μὴ
3178 4298 3525 4369 ἀνειληφέναι
3554 4303 3752 4373 σάρκα,
3796 4306 3830 4377 ἢ

2157 4386 2262 4451 ἔξω
2292 4386 2389 4458 τῆς
2431 4389 2644 4457 φύσεως
2674 4385 2810 4442 εἶναι
2851 4388 2953 4460 τῆς
3002 4390 3367 4463 ἀνθρωπίνης,
3412 4392 3501 4453 διά
3537 4395 3693 4448 τοῦτο
3741 4398 3834 4452 τὸν

2159 4480 2320 4533 αὑτὸν
2339 4479 2569 4551 ἀριθμὸν
2592 4479 2860 4551 νηστεύει,
2876 4481 2970 4534 καὶ
2986 4482 3047 4534 ού
3073 4482 3400 4553 προστίθησι
3425 4486 3546 4546 ταῖς
3575 4486 3832 4557 ἡμέραις,

2159 4572 2300 4627 ὥστε
2359 4573 2708 4644 ἐπιστομίσαι
2755 4574 2866 4627 τῶν
2918 4575 3300 4645 ἀναισχυντεῖν
3350 4580 3691 4650 βουλομένων
3734 4581 3837 4652 τὴν

2162 4665 2511 4737 φιλονεικίαν.
2554 4667 2616 4718 Εἰ
2647 4666 2756 4737 γὰρ
2794 4668 2887 4721 καὶ
2922 4668 3112 4722 τούτου
3161 4672 3532 4742 γεγενημένου
3573 4674 3709 4727 είσὶν
3756 4674 3837 4726 ἐτι
3918 4731 3924 4738 _
4008 4716 4016 4726 .

2162 4760 2259 4814 καὶ
2296 4758 2390 4812 νῦν
2431 4773 2575 4823 τινες
2621 4757 2791 4812 ταῦτα
2826 4760 3132 4829 τολμῶντες
3179 4761 3542 4831 φθέγγεσθαι,
3578 4766 3625 4816 εί
3662 4765 3735 4834 μὴ
3768 4766 3836 4835 τῇ

2163 4851 2341 4923 οἰκείᾳ
2369 4849 2675 4921 προγνώσει
2721 4851 2927 4922 ταύτην
2962 4851 3141 4905 αὐτῶν
3169 4851 3392 4922 ἐξέκοψε
3422 4853 3521 4924 τὴν
3561 4855 3837 4926 ἀφορμὴν,

2163 4945 2215 4997 τί
2247 4946 2348 4997 οὐκ
2381 4943 2446 4996 ἂν
2475 4943 2839 5013 ἐπεχείρησαν
2881 4946 3089 5008 εἰπεῖνς
3124 4943 3223 4997 Διά
3258 4943 3417 4997 τοῦτο
3453 4944 3552 4997 οὐκ
3590 4946 3840 5016 ἀνέχεται

2168 5038 2382 5100 πλείους
2427 5034 2641 5108 ἡμέρας
2663 5036 2986 5107 νηστεῦσαι,
3016 5036 3152 5090 ἀλλά
3180 5036 3446 5099 τοσαύτας
3471 5037 3603 5100 ὅσας
3633 5039 3682 5091 οί
3715 5038 3841 5091 δοῦ-

2168 5131 2282 5184 λοι·
2317 5130 2406 5184 ἵνα
2429 5129 2494 5183 δι’
2530 5128 2708 5182 αὐτῶν
2737 5128 2842 5181 τῶν
2870 5128 3207 5200 πραγμάτων
3238 5129 3387 5198 ἡμᾶς
3416 5126 3682 5200 παιδεύσῃ
3707 5169 3722 5194 ,
3760 5130 3843 5184 ὄτι

2168 5223 2266 5294 τὴν
2288 5222 2458 5293 αὐτὴν
2493 5221 2672 5293 σάρκα
2705 5223 2798 5275 καὶ
2826 5221 2989 5284 αὐτὸς
3027 5218 3336 5292 περιέκειτο
3366 5220 3460 5274 καὶ
3492 5221 3592 5275 οὐκ
3615 5221 3719 5287 ἔξω
3746 5225 3847 5294 τῆς

2171 5317 2385 5389 φύσεως
2415 5316 2512 5386 τῆς
2545 5314 2820 5386 ἡμετέρας
2847 5314 3110 5384 ὑπῆρχεν.

2242 5409 2305 5461 δ’.
2337 5406 2474 5460 Ἀλλ’
2493 5408 2574 5459 ὅτι
2595 5406 2694 5476 μὲν
2714 5404 2921 5476 μεγάλη
2938 5404 3038 5472 τῆς
3060 5402 3311 5473 νηστείας
3336 5405 3370 5475 ἡ
3398 5405 3571 5476 ἰσχὺς,
3587 5406 3683 5459 καὶ
3714 5405 3847 5459 πολὺ

2172 5498 2232 5552 τὸ
2260 5502 2324 5552 ἐκ
2354 5498 2557 5567 ταύτης
2581 5497 2770 5568 κέρδος
2792 5499 2857 5567 τῇ
2890 5496 3035 5566 ψυχῇ
3065 5496 3510 5567 προσγινόμενον,
3540 5499 3633 5550 καὶ
3657 5500 3722 5552 ἐκ
3741 5500 3850 5552 τῶν

2172 5592 2372 5644 δούλων
2402 5591 2497 5644 καὶ
2524 5591 2589 5642 ἐκ
2618 5588 2708 5641 τοῦ
2740 5589 3010 5639 Δεσπότου
3041 5587 3198 5658 δῆλον
3231 5589 3365 5659 ἡμῖν
3392 5588 3683 5658 γεγένηται
3704 5606 3716 5620 ·
3748 5606 3853 5643 πα-

2179 5684 2401 5751 ρακαλῶ
2448 5678 2541 5736 οῦν
2572 5682 2671 5752 τὴν
2710 5679 2984 5751 ὑμετέραν
3022 5681 3276 5749 ἀγάπην,
3332 5678 3539 5742 εἰδότας
3583 5680 3754 5750 αὐτῆς
3790 5679 3852 5732 τὸ
3940 5748 3943 5753 η

2243 5819 2266 5867 (τ
2294 5805 2417 5867 Reg.
2438 5803 2656 5861 νηστείας
2678 5803 2733 5852 τὸ
2757 5803 3061 5867 κατόρθωμα.

2214 5931 2223 5938 1
2248 5866 2266 5933 f_
2293 5861 2545 5915 Sic'Savil.
2573 5875 2619 5914 el
2647 5879 2819 5915 omnes
2844 5861 3326 5927 pene'mss.;Morel.
3348 5861 3585 5911 mendose
3606 5862 3853 5925 συντρίψω

2180 5945 2375 5985 πλάκας.
