4144 6420
448 332 523 388 ἳὸ
1661 342 1727 400 ΙΝ
1764 341 1915 399 CAP.
1961 340 1996 395 Ι.

2106 336 2291 394 ENES.
2332 336 2567 393 HOMIL.
2606 337 2671 393 ll.
3673 340 3746 397 ω

444 444 705 499 natantum
732 450 799 492 ex
830 437 921 493 illo
937 437 1251 510 sitlucrnm,
1276 460 1343 501 ne
1360 448 1648 508 utilitatem
1669 461 1897 523 tantam,
1919 474 1996 530 qu.

2149 468 2293 517 mum
2319 450 2543 517 Italicus,
2575 452 2706 507 nihil
2730 452 3045 516 subsistens,
3075 453 3206 509 nihil
3231 430 3426 521 fixum;
3453 454 3553 511 sed
3571 458 3742 526 magis

444 542 511 582 ex
539 527 633 582 illo
655 539 894 599 paratur,
925 547 1022 601 per
1035 533 1294 591 desidiam
1324 542 1619 610 repellazis.
1645 563 1820 617 neque
1837 527 1993 607 contr

2143 561 2300 614 quam
2325 543 2601 600 fluminum
2624 543 2821 600 fluenta
2852 548 3231 615 praetercurrit,
3262 548 3540 618 nudosque
3561 562 3625 603 ae
3645 565 3739 601 so-

442 621 661 679 διαηῆιί
687 633 911 695 propter
932 626 1078 683 illius
1100 629 1416 700 adventum,
1446 637 1540 690 sed
1562 640 1843 706 gaudeatis
1869 652 1924 698 et
1948 661 2045 701 ει.
2141 634 2224 690 los
2254 635 2506 704 relinquit
2544 650 2640 690 eos
2664 635 2750 704 qui
2799 635 2902 691 illis
2946 637 3152 692 inhiant
3174 640 3211 691 ⁸.
3253 636 3412 708 Atqui
3441 639 3735 707 spiritualia

444 718 674 794 salutis,
700 731 993 786 secundum
1021 731 1230 787 beatum
1259 730 1500 795 Paulum,
1525 728 1825 783 dicentem:
1852 729 2032 795 Quan-
2141 740 2246 781 non
2275 736 2400 782 sunt
2440 726 2560 781 talia
2584 766 2601 793 ,
2643 726 2740 782 sed
2781 742 2936 782 secus
2964 743 3026 782 ac
3052 729 3265 784 diverso
3294 730 3453 783 modo
3498 730 3732 798 habent,

2137 832 2299 887 quam
2344 817 2429 872 illa
2465 834 2480 873 :
2507 829 2633 873 sunt
2674 820 2816 873 enim
2849 821 2999 874 firma
3019 862 3034 883 ,
3065 820 3383 884 immobilia,
3411 820 3734 876 vicissitudi-

2139 922 2260 961 nem
2295 923 2398 961 nou
2427 908 2763 977 accipientia,
2788 910 2855 964 ad
2883 925 3043 965 omne
3065 911 3320 974 saeclum
3347 925 3406 966 se
3438 912 3733 966 extenden-

2138 997 2231 1051 tia.
2259 996 2480 1064 Quanta:
2517 998 2677 1068 igitur
2703 1014 2807 1054 non
2834 998 2996 1054 fuerit
3023 999 3309 1055 dementia:
3347 1001 3584 1056 nutantia
3606 1016 3730 1055 cum

2137 1086 2499 1143 immobilibus
2526 1099 2859 1145 commutare
2888 1108 2902 1146 :
2937 1091 3246 1161 temporalia
3274 1106 3394 1146 cum
3422 1092 3486 1146 iis
3522 1106 3643 1162 quae
3674 1091 3729 1147 in

2135 1180 2386 1234 Sa-culmn
2413 1180 2665 1237 duratura
2709 1193 2869 1249 sunt;
2914 1194 3173 1255 perpetuo
3215 1185 3481 1239 manentia
3511 1200 3633 1240 cum
3662 1184 3727 1238 iis

2133 1284 2251 1339 qua:
2289 1271 2533 1336 avolant;
2563 1283 2618 1327 et
2643 1288 2705 1329 ea
2742 1290 2859 1344 qua:
2901 1275 3054 1338 nobis
3084 1276 3189 1330 illic
3217 1292 3378 1347 grave
3405 1278 3725 1347 supplicium

2132 1363 2368 1432 paritura
2389 1372 2533 1429 sunt,
2559 1380 2680 1419 cum
2708 1365 2772 1420 iis
2791 1382 2909 1436 qua:
2930 1367 2981 1420 in
3004 1365 3180 1422 futuro
3200 1370 3399 1424 smculo
3415 1368 3723 1424 felicitatem

2130 1468 2392 1508 summam
2421 1454 2689 1511 afferunt?
2718 1456 2863 1520 Περεῖ.
2890 1457 3137 1526 obsecro,
3166 1460 3343 1514 omnia
3370 1461 3724 1517 consideran-

2131 1552 2233 1610 tes,
2261 1544 2460 1608 dilecti,
2495 1562 2847 1616 magnamque
2869 1550 3055 1604 salutis
3084 1561 3283 1606 nostra:
3306 1567 3489 1607 curam
3520 1553 3721 1609 haben-

2130 1643 2245 1701 tes,
2285 1652 2635 1706 aspernemur
2674 1638 2893 1695 delicias
2918 1650 2973 1695 et
3014 1641 3227 1697 inutiles
3271 1652 3326 1697 et
3353 1644 3716 1711 perniciosas;

2124 1725 2493 1795 amplexcmur
2501 1728 2785 1799 jejunium,
2798 1746 3120 1802 omnemque
3134 1733 3291 1787 aliam
3306 1734 3717 1804 philosophiam,

2124 1826 2181 1872 et
2207 1834 2453 1889 magnam
2475 1823 2597 1877 vitae
2619 1822 2972 1889 esbibeamus
2989 1826 3365 1894 mutationem,
3391 1842 3456 1882 ac
3479 1828 3720 1898 quotidie

2124 1910 2189 1964 ad
2217 1910 2422 1979 agenda
2446 1912 2582 1967 bona
2610 1928 2775 1983 opera
2811 1913 3121 1971 festinemus
3152 1934 3166 1970 :
3195 1927 3254 1971 ut
3281 1933 3401 1972 cum
3435 1934 3530 1989 per
3557 1934 3718 1974 omne

2125 2012 2335 2073 tempus
2359 2015 2558 2061 sancte
2591 2007 3022 2078 Quadragesimae
3051 2010 3358 2081 spirituales
3386 2029 3594 2069 merces
3622 2030 3719 2069 nc-

2119 2094 2303 2161 gotiati
2332 2094 2609 2165 fuerimus,
2635 2109 2690 2152 et
2710 2101 2902 2154 multas
2923 2101 3172 2155 virtutum
3194 2101 3403 2158 divitias
3431 2118 3717 2174 congesse-

2118 2185 2307 2250 rimus,
2339 2187 2415 2242 sic
2442 2203 2744 2244 mercamur
2773 2199 2826 2244 et
2854 2188 2919 2244 ad
2958 2202 3201 2247 sanctum
3235 2194 3440 2250 Domini
3468 2195 3606 2249 diem
3635 2194 3713 2268 (τι)

2119 2278 2415 2347 pervenire.
2449 2286 2641 2333 etcum
2673 2281 2860 2336 ﬁducia
2909 2282 2973 2336 ad
3005 2284 3332 2338 tremendam
3370 2294 3424 2339 et
3461 2285 3713 2355 Spiritua-

2118 2367 2221 2421 lem
2271 2384 2508 2424 mensam
2540 2375 2796 2426 accedere
2820 2412 2834 2437 ,
2868 2374 3256 2443 participesque
3288 2375 3398 2429 ﬁeri
3430 2392 3548 2431 rum
3582 2392 3710 2444 pura

2116 2460 2442 2517 conscientia
2480 2462 2824 2518 ineliiihilidm
2854 2465 3062 2519 illorum
3107 2475 3162 2520 et
3207 2468 3580 2522 immortalium
3610 2468 3711 2523 ho-

2115 2565 2328 2617 norum,
2357 2566 2421 2606 ac
2451 2553 2657 2622 impleri
2685 2571 2745 2609 ea
2770 2572 2889 2625 qum
2919 2557 3062 2612 illinc
3091 2562 3336 2628 provenit
3362 2562 3552 2630 gratia,
3588 2577 3708 2630 pre-

2113 2642 2264 2696 cibus
2286 2653 2339 2697 et
2361 2643 2742 2704 intercessione
2756 2663 2965 2714 eorum,
2988 2651 3076 2720 qui
3107 2653 3413 2719 placuerunt
3434 2655 3530 2723 ipsi
3553 2655 3707 2709 Chri-

2111 2742 2196 2786 sto
2225 2735 2472 2790 clvmenti
2513 2737 2621 2792 Deo
2663 2749 2882 2808 nostro,
2910 2757 3032 2796 cum
3072 2759 3179 2813 quo
3221 2743 3359 2799 Patri
3400 2760 3463 2799 ac
3489 2746 3706 2816 Spiritui

2109 2835 2296 2880 sancto
2319 2827 2487 2896 gloria
2511 2868 2527 2893 ,
2557 2829 2836 2899 imperium
2859 2872 2874 2894 .
2908 2832 3099 2902 bonor,
3128 2850 3271 2890 mtuc
3295 2844 3353 2891 et
3378 2852 3612 2908 semper,
3651 2849 3704 2896 et

2113 2915 2164 2968 iu
2195 2917 2388 2971 saecula
2416 2919 2755 2975 seculorum.
2788 2923 2979 2978 Amen.

2715 3012 2990 3070 HOMILIA
3034 3014 3097 3071 11.

2183 3098 2249 3153 1η
2271 3102 2541 3157 creationis
2582 3104 2887 3174 principium
2914 3124 2933 3162 :
2967 3107 3020 3161 In
3050 3108 3310 3177 principio
3341 3108 3463 3165 fecit
3493 3110 3632 3167 Deus

2446 3195 2634 3251 cmlutn
2660 3207 2715 3253 et
2738 3208 2931 3254 terram
2954 3202 2974 3231 ²
3001 3200 3153 3268 (Gen.
3191 3203 3239 3257 1.
3267 3203 3343 3273 1).

2178 3283 2230 3337 1.
2280 3284 2497 3341 Vestras
2539 3304 2642 3356 ego
2668 3288 2828 3363 hodie
2853 3292 3110 3348 amabiles
3141 3293 3353 3350 intuens
3383 3296 3584 3363 vultus,
3613 3296 3696 3350 iu-

2102 3376 2247 3443 geuti
2276 3377 2549 3446 voluptate
2578 3380 2822 3449 itnplcor.
2862 3382 3074 3438 Etenim
3100 3401 3168 3440 ne
3199 3396 3376 3453 patres
3399 3388 3613 3457 quidem
3637 3387 3697 3441 li-

2102 3467 2294 3521 liorum
2323 3479 2562 3524 amantes
2592 3479 2795 3525 tantmn
2822 3474 3059 3541 gaudent
3087 3491 3149 3527 ac
3179 3476 3428 3529 laetantur
3461 3478 3695 3531 circum-

2100 3560 2365 3615 stantibus
2387 3561 2487 3616 illis
2511 3603 2524 3625 ,
2557 3564 2783 3617 etalio’
2813 3566 3042 3635 quodam
3072 3566 3267 3623 decore
3293 3568 3696 3640 ministerioque

2098 3650 2419 3719 voluptatem
2447 3653 2545 3707 sibi
2595 3654 2939 3711 alferentibus
2961 3700 2975 3722 ,
3000 3668 3258 3727 quantum
3282 3675 3382 3730 ego
3407 3676 3549 3717 nunc
3566 3677 3694 3730 gau-

2097 3742 2201 3797 deo
2227 3752 2283 3799 et
2327 3743 2501 3811 la'tor,
2530 3747 2654 3811 quia
2699 3747 2855 3803 video
2898 3760 3131 3804 vestrum
3177 3753 3507 3821 spiritualem
3551 3753 3693 3810 hunc

2097 3841 2297 3889 emtum
2321 3843 2426 3890 tam
2454 3838 2766 3907 compositis
2785 3841 3092 3910 ornatisque
3113 3842 3349 3896 moribus
3372 3842 3456 3897 hic
3476 3844 3692 3912 adesse,

2094 3937 2150 3983 et
2179 3928 2465 3983 immodico
2490 3930 2738 3985 audiendi
2765 3932 2972 4002 eloquia
2999 3933 3175 3987 divina
3203 3934 3469 3989 desiderio
3501 3937 3693 4006 ﬂagra-

2093 4034 2174 4085 re,
2229 4021 2657 4090 centemptisque
2706 4008 3012 4079 carnalibus
3048 4024 3240 4091 epulis,
3293 4026 3361 4078 ad
3411 4026 3689 4096 spirituale

2091 4111 2391 4165 convivium
2421 4111 2768 4175 contendere,
2801 4122 2855 4167 et
2880 4129 2940 4168 re
2970 4114 3079 4181 ipsa
3106 4116 3457 4183 comprobare
3482 4117 3685 4173 dictum

2093 4198 2222 4254 illud
2272 4201 2478 4254 Domini
2513 4218 2526 4253 :
2563 4199 2683 4254 Non
2732 4202 2786 4254 in
2816 4218 2947 4271 pane
2974 4202 3081 4257 solo
3120 4205 3246 4257 vivet
3289 4204 3476 4272 homo,
3505 4206 3593 4260 sed
3629 4207 3684 4261 in

2089 4293 2228 4346 omni
2265 4292 2411 4345 verbo
2451 4292 2588 4363 quod
2624 4294 2878 4363 egreditur
2906 4312 2995 4364 per
3023 4311 3080 4349 os
3115 4293 3215 4349 Dei
3257 4294 3474 4368 (Matth.
3510 4299 3566 4352 4.
3597 4298 3679 4369 4).

442 830 494 872 to
519 832 751 875 aeternus
775 832 944 877 noster
967 823 1117 877 homo
1140 822 1499 891 corrumpitur,
1532 830 1673 875 tanto
1696 820 1923 874 internus
1950 836 2031 873 re-

440 924 654 966 novatur
677 914 753 983 (2.
783 912 901 967 Cor.
928 914 983 969 4.
1018 912 1129 985 16).
1157 912 1421 981 Jejunium
1442 912 1584 966 euim
1612 912 1804 965 anima:
1833 920 2031 965 nostra:

436 1001 752 1056 alimentum
773 1012 875 1066 est,
898 1013 952 1058 et
971 1003 1111 1059 sicut
1130 1002 1423 1071 corporalis
1445 1002 1545 1056 iste
1565 1001 1716 1056 cibus
1737 1001 2030 1070 impingunt

437 1110 655 1165 corpus,
689 1095 762 1149 ita
802 1106 855 1149 et
880 1094 1141 1164 jejunium
1169 1094 1400 1149 animam
1434 1092 1747 1149 habiliorem
1786 1092 1951 1148 efﬁcit
1973 1100 2028 1148 et

436 1186 815 1250 valentiorem,
845 1187 991 1241 leves
1015 1186 1063 1242 ei
1091 1200 1293 1256 pennas
1318 1193 1488 1254 parat,
1522 1193 1579 1240 ut
1606 1184 1657 1239 in
1687 1184 1915 1239 sublime
1945 1183 2027 1239 fe-

435 1289 604 1337 ratur.
632 1287 688 1330 et
714 1293 919 1332 sunnna
941 1277 1290 1347 contemplari
1315 1286 1507 1347 queat,
1537 1276 2022 1346 voluptatibusque,

432 1382 489 1424 et
514 1369 764 1427 omnibus
786 1385 908 1440 quae
935 1370 987 1425 in
1016 1369 1119 1424 hoc
1149 1370 1349 1425 mundo
1390 1370 1654 1424 habentur
1677 1369 1881 1434 suavia,
1910 1368 2024 1437 ipsa

431 1464 502 1513 sit
527 1460 769 1528 superior
789 1460 830 1512 ⁸.
861 1459 925 1514 Et
948 1460 1395 1529 quemadmodum
1422 1460 1648 1516 leviores
1672 1475 1837 1515 naves
1855 1459 2022 1517 maria

432 1549 672 1604 velocius
713 1558 1022 1612 transeunt,
1053 1559 1240 1605 contra
1277 1550 1456 1606 multis
1494 1550 1746 1605 oneribus
1786 1560 2022 1620 gravata-3

429 1640 877 1709 submerguntur,
927 1641 998 1695 ita
1023 1640 1284 1711 jejunium
1331 1640 1543 1711 quidem
1589 1641 1843 1698 leviorem
1893 1643 2019 1698 red-

426 1729 564 1785 dens
589 1741 843 1796 mentem,
892 1732 1058 1788 efficit
1103 1742 1160 1788 ut
1205 1732 1409 1788 facilius
1442 1732 1597 1802 hujus
1638 1732 1763 1788 vita:
1802 1734 2019 1804 pelagus

427 1824 751 1878 transmittat
769 1865 785 1887 ,
812 1834 866 1879 et
894 1824 946 1878 in
974 1825 1165 1881 caelum
1194 1840 1257 1881 ac
1284 1827 1515 1882 caelestia
1543 1827 1818 1896 suspiciat,
1847 1836 1905 1882 et
1934 1827 2018 1883 ni-

426 1914 517 1968 hili
549 1916 702 1971 faciat
724 1918 1029 1986 prmsentia,
1053 1918 1145 1973 sed
1167 1929 1226 1975 ut
1250 1919 1466 1975 umbras
1484 1930 1538 1975 et
1561 1920 1764 1976 somnia
1784 1918 2016 1989 diﬂ‘uge-

425 2023 485 2059 re
508 2019 746 2063 censeat.
766 2009 963 2065 Verum
980 2010 1211 2066 ebrietas
1231 2021 1287 2066 et
1303 2012 1517 2082 crapula
1537 2011 1840 2081 degravans
1864 2028 2015 2068 men-

424 2108 555 2161 tmn,
595 2107 648 2153 et
678 2100 1011 2170 impingnans
1038 2116 1251 2172 corpus.
1296 2103 1561 2172 captivam
1591 2101 1714 2157 facit
1742 2103 1973 2158 animam
1992 2143 2010 2169 ,

424 2188 658 2257 undique
688 2190 831 2245 illam
874 2208 1220 2263 oppugnans,
1251 2210 1421 2264 neque
1450 2195 1578 2249 sinit
1615 2194 1837 2250 rationis
1869 2195 2015 2265 judi-

419 2278 561 2333 cium
597 2281 805 2337 firmum
849 2284 1164 2351 consistere,
1195 2285 1290 2341 sed
1337 2285 1561 2355 impellit
1587 2294 1645 2340 ut
1694 2285 1747 2341 in
1774 2301 2012 2356 praeceps

420 2369 642 2436 feratur,
683 2379 740 2427 et
765 2374 944 2429 omnia
972 2384 1156 2430 contra
1186 2376 1452 2446 propriam
1482 2376 1708 2433 salutem
1735 2389 2005 2447 operetur.

421 2461 604 2527 Igitur,
631 2463 831 2530 dilecti,
861 2479 930 2520 ne
950 2465 1186 2535 segniter
1214 2466 1552 2523 insumamus
1584 2482 1648 2522 ea
1673 2483 1790 2537 qum.
1817 2469 1886 2523 ad
1917 2483 2007 2523 sa-

416 2552 582 2610 lutem
621 2566 858 2612 nostram
900 2557 1160 2623 attinent;
1209 2558 1303 2614 sed
1343 2560 1573 2615 scientes
1620 2570 1815 2630 quanta
1870 2562 2006 2618 mala

418 2645 544 2701 hinc
570 2647 715 2703 nasci
745 2649 991 2716 soleant,
1024 2648 1289 2721 fugiamus
1331 2652 1584 2709 damnum
1626 2655 1768 2724 quod
1807 2671 1875 2711 ex
1913 2656 2004 2712 illa

417 2740 680 2806 provenit.
705 2740 890 2812 Neque
915 2744 1056 2799 enim
1085 2744 1140 2801 in
1167 2761 1303 2800 nova
1334 2746 1449 2816 lege
1477 2747 1650 2803 solum
1671 2789 1687 2814 ,
1717 2747 1807 2804 ubi
1834 2749 2006 2818 majus

415 2845 558 2885 vene
586 2832 937 2904 philosophia:
964 2835 1221 2903 studium,
1257 2839 1461 2908 majora
1489 2841 1795 2905 certamina,
1826 2844 2003 2912 magni

411 2921 659 2988 sudores,
687 2923 853 2981 multa
894 2924 1095 2991 bravia,
1127 2937 1181 2983 et
1210 2927 1507 2985 ineffabiles
1536 2944 1770 2996 coronae,
1800 2932 2003 2988 deliciis

412 3012 569 3068 nobis
593 3014 946 3083 interdicitur,
977 3018 1072 3073 sed
1099 3019 1258 3075 etiam
1291 3020 1343 3075 in
1373 3022 1561 3084 veteri.
1590 3023 1804 3092 quando
1831 3025 1999 3079 Judai

408 3102 588 3159 adhuc
618 3106 817 3162 utnbrze
857 3107 1194 3176 assidebam,
1225 3119 1278 3166 et
1304 3112 1534 3168 lucerna:
1560 3123 1712 3169 erant
1733 3115 1879 3170 affixi
1901 3158 1914 3179 ,
1947 3126 2000 3172 et

409 3195 556 3251 velut
594 3199 741 3265 pueri
771 3199 859 3269 qui
890 3199 1030 3255 laete
1054 3202 1380 3270 nutriuntur,
1411 3204 1491 3259 sic
1514 3204 1767 3274 paulatim
1796 3205 1996 3261 educa-

409 3286 621 3350 bantur.
650 3306 822 3360 neque
849 3300 976 3347 tune
997 3293 1439 3362 permittebantur
1462 3295 1669 3351 deliciis
1689 3313 1899 3352 vacare.
1932 3299 1996 3354 Et

409 3395 480 3434 ne
506 3381 820 3439 existimetis
843 3400 942 3441 nos
967 3393 1171 3444 temere
1196 3386 1413 3443 delicias
1442 3401 1753 3446 accusantes
1783 3393 1880 3447 ista
1910 3393 1994 3446 di-

405 3483 532 3525 cere
554 3512 571 3537 ,
603 3473 781 3529 audite
827 3476 1141 3547 prephetam
1181 3479 1260 3533 sic
1298 3480 1602 3550 loquentem
1635 3499 1648 3535 :
1692 3482 1780 3537 Va:
1818 3484 1882 3538 iis
1908 3488 1995 3555 qui

403 3564 605 3619 veniunt
632 3565 700 3619 ad
726 3566 860 3621 diem
887 3569 1078 3623 malum
1095 3611 1110 3634 ,
1140 3570 1442 3627 dormientes
1470 3572 1522 3626 in
1568 3572 1707 3628 lectis
1739 3573 1989 3642 eburneis,

401 3662 452 3706 et
480 3654 789 3712 lascivientes
811 3658 862 3712 in
892 3660 1063 3714 stratis
1086 3661 1210 3725 suis.
1241 3662 1555 3719 comedentes
1582 3666 1754 3720 Iuvdos
1782 3682 1845 3721 ea
1872 3685 1989 3737 gre-

399 3745 569 3813 gibus,
595 3757 639 3801 et
668 3749 848 3804 vitulos
873 3767 937 3805 ea:
960 3752 1128 3809 medio
1150 3762 1489 3809 armentorum
1529 3755 1787 3825 lactentes,
1815 3758 1989 3814 biben-

399 3846 474 3891 tes
494 3838 788 3909 deftzcattmt
817 3842 987 3896 vinum
1006 3884 1021 3905 ,
1046 3854 1093 3898 et
1120 3846 1353 3914 pretiosis
1377 3849 1640 3917 unguentis
1666 3852 1820 3915 uncti,
1842 3853 1991 3923 quasi

396 3929 586 3982 stantia
610 3929 717 3985 lucc
754 3930 986 3989 arbitrati
1007 3944 1143 4002 sunt,
1170 3944 1217 3989 et
1244 3951 1344 3990 non
1369 3938 1512 4006 quasi
1538 3941 1780 4011 fugientia
1811 3942 1988 4013 (Auws

397 4016 454 4072 6.
483 4019 624 4087 5-5).
655 4019 875 4079 Vidistis
915 4033 1168 4093 quantam
1199 4028 1595 4083 accusationem
1625 4042 1809 4085 contra
1853 4032 1988 4087 deli-

394 4109 511 4165 eias
537 4109 720 4167 afferat
750 4114 1007 4184 propheta
1026 4157 1044 4181 ,
1076 4116 1238 4187 idque
1275 4132 1395 4174 cun:
1437 4119 1637 4177 Judaris
1669 4121 1942 4178 disserens
1964 4163 1981 4190 ,

392 4200 638 4273 stupidis,
674 4202 913 4272 ingratis,
936 4213 992 4273 et
1010 4206 1249 4280 quotidie
1274 4212 1443 4266 ventri
1463 4211 1702 4267 deditis?
1730 4212 1985 4269 Conside-

392 4300 511 4347 rate
536 4294 679 4349 enim
718 4296 1000 4354 verborum
1040 4298 1369 4371 diligentiam
1403 4320 1416 4358 :
1445 4319 1566 4358 cum
1592 4307 1735 4360 enim
1767 4307 1981 4363 illorum

392 4385 748 4454 vituperasset
782 4390 1054 4460 crapulam
1096 4403 1148 4448 et
1192 4392 1528 4450 immodicam
1578 4398 1979 4467 temulentiam,

392 4484 520 4529 tunc
540 4477 774 4533 subdidit
803 4497 816 4533 :
844 4480 1003 4547 Quasi
1027 4484 1213 4537 stantia
1232 4484 1461 4539 arbitrati
1485 4497 1622 4553 sunt,
1647 4498 1692 4543 et
1714 4505 1814 4543 non
1834 4491 1981 4559 quasi

388 4566 636 4637 fugientia
654 4586 674 4624 :
692 4579 893 4627 tantum
913 4589 1022 4631 non
1054 4575 1364 4642 ostendens,
1388 4577 1613 4648 gutturis
1630 4587 1684 4634 et
1715 4580 1974 4637 labiorum

389 4667 547 4715 tenus
573 4674 692 4716 esse
716 4661 922 4718 fruendi
948 4665 1297 4734 voluptatem,
1318 4677 1374 4723 et
1402 4669 1539 4724 ultra
1570 4686 1674 4725 non
1702 4672 1971 4741 progredi.

461 4748 633 4805 Fluxa
657 4751 993 4809 ltumnarum
1022 4774 1193 4811 rerum
1223 4762 1570 4817 natura.—At
1588 4763 1832 4832 voluptas
1854 4765 1974 4834 qui-

384 4840 507 4897 dem
530 4844 705 4901 brevis
727 4856 831 4912 est,
857 4861 920 4901 ae
945 4850 1285 4918 temporaria,
1311 4851 1465 4913 dolor
1489 4861 1665 4911 alitem
1689 4865 1975 4924 perpetuus

381 4942 440 4987 et
465 4933 569 4991 line
591 4950 801 4994 carens.
832 4936 901 4993 Et
927 4938 1072 5007 haec,
1105 4939 1296 5010 inquit,
1326 4956 1447 4997 cum
1477 4944 1803 5014 experientia
1830 4946 1972 5002 didi-

380 5028 577 5091 cerint,
609 5026 768 5094 Quasi
795 5030 980 5083 stantia
1019 5031 1248 5085 arbitrati
1274 5042 1393 5088 sunt
1421 5036 1599 5088 omnia
1618 5077 1634 5102 ,
1667 5045 1720 5092 et
1744 5053 1969 5093 ntaueu-

381 5118 474 5183 tia,
501 5128 549 5174 et
576 5136 677 5175 non
704 5121 853 5191 quasi
879 5124 1143 5193 fugieiuia,
1171 5124 1273 5181 hoc
1292 5134 1396 5189 eat,
1417 5128 1704 5195 avolantia,
1734 5138 1789 5185 et
1813 5146 1880 5185 ne
1901 5132 1967 5186 ad

375 5220 708 5265 momentum
758 5213 975 5287 quidem
1024 5220 1408 5284 permanentia.
1463 5219 1606 5274 Talia
1660 5224 1801 5277 enim
1844 5235 1970 5281 sunt

373 5302 552 5354 omnia
602 5304 828 5359 humana
868 5313 923 5359 et
962 5308 1193 5360 carnalia
1226 5325 1239 5360 :
1272 5308 1504 5365 nondum
1548 5322 1695 5368 recte
1736 5314 1968 5370 advene-

371 5400 518 5451 runt.
549 5400 602 5446 et
627 5392 906 5451 avolarunt
936 5413 950 5450 :
982 5396 1279 5453 istiusmodi
1306 5408 1428 5454 sunt
1449 5401 1672 5466 delicize,
1697 5404 1963 5460 istiusmo-

372 5481 425 5536 .li
472 5484 699 5538 humana
746 5486 912 5556 gloria
951 5499 1006 5543 et
1052 5490 1319 5557 potentia:
1375 5492 1675 5549 istiusmodi
1721 5496 1960 5567 divitiae;

366 5570 668 5630 istiusmodi
700 5578 949 5633 universa
979 5578 1137 5650 hujus
1178 5581 1298 5637 vita:
1323 5585 1671 5656 prosperitas,
1702 5588 1835 5643 nihil
1864 5589 1960 5646 lir-

424 5707 459 5781 A’A
479 5706 671 5781 Coislin.
690 5709 820 5781 hunc
842 5725 1041 5763 sensum
1060 5714 1204 5766 effort
1219 5754 1233 5779 ,
1256 5714 1574 5781 toluptatibns
1594 5727 1640 5771 rt
1665 5718 1754 5772 hoc
1776 5728 1957 5776 mundo

358 5779 467 5825 ipsa
490 5775 552 5818 sit
569 5775 808 5828 superior.

2088 4383 2331 4451 Agedum
2358 4392 2412 4437 et
2441 4398 2539 4438 nos
2564 4399 2773 4453 quoque
2794 4385 3050 4454 agricolas
3074 4386 3379 4442 imitemur:
3409 4403 3473 4444 ac
3491 4406 3684 4460 quem.
3754 4408 3761 4415 ·
3802 4404 3813 4427 ι

2087 4473 2376 4528 admodum
2408 4474 2482 4528 illi
2509 4475 2674 4529 sicubi
2707 4491 2891 4545 agrum
2923 4490 3289 4548 repurgatum,
3315 4488 3369 4534 ct
3397 4481 3464 4534 ab
3484 4479 3681 4537 herba-

2086 4581 2205 4621 rum
2235 4566 2573 4621 nocumenlis
2599 4566 2823 4621 liberum
2851 4568 3103 4635 viderint,
3134 4570 3363 4625 ubertim
3389 4575 3677 4630 seminam:

2086 4657 2156 4712 ita
2184 4657 2438 4727 quoniam
2466 4673 2607 4713 nunc
2636 4658 2910 4727 spirituale
2941 4658 3045 4714 hoc
3074 4672 3314 4715 nostrum
3343 4678 3552 4731 arvum,
3583 4665 3676 4722 Dei

2080 4751 2271 4819 gratia,
2301 4766 2492 4820 purum
2537 4761 2620 4805 est
2662 4752 2729 4804 ab
2756 4752 3121 4807 aliectionibus
3160 4770 3279 4824 quae
3323 4755 3677 4813 iuterturbare

2081 4844 2345 4907 solebant,
2374 4845 2641 4900 sublatum
2664 4861 2874 4915 quoque
2893 4855 2976 4900 est
2999 4863 3030 4900 e
3053 4848 3229 4901 tnediu
3251 4849 3535 4918 voluptatis
3560 4860 3676 4905 stu-

2079 4938 2251 5004 dium,
2281 4947 2335 4992 et
2360 4953 2617 5008 nusquam
2646 4939 2895 5008 procella,
2919 4954 3181 5008 nusquam
3210 4949 3498 5009 tempestas
3522 4944 3671 5012 cogi-

2081 5032 2336 5085 tationum
2360 5072 2374 5095 ,
2406 5030 2499 5085 sed
2542 5031 2897 5100 tranquillitas
2925 5043 2979 5087 et
3008 5047 3198 5102 magna
3249 5031 3401 5100 quies
3429 5035 3624 5089 mentis
3648 5075 3669 5102 ,

2077 5138 2196 5192 qua:
2212 5122 2502 5190 spiritualia
2525 5138 2633 5191 prae
2652 5123 2955 5197 carnalibus
2976 5124 3156 5178 animo
3173 5124 3426 5193 concipit,
3444 5135 3498 5180 et
3516 5129 3669 5196 quasi

2077 5215 2363 5283 assumptis
2388 5212 2485 5268 alis
2514 5228 2683 5283 usque
2718 5216 2771 5268 iu
2800 5215 2987 5268 czelum
3022 5213 3195 5281 ipsum
3217 5255 3233 5279 ,
3265 5224 3324 5268 ut
3350 5215 3421 5270 ita
3449 5216 3664 5286 dicam,

2073 5306 2359 5365 subvolat:
2392 5306 2572 5375 paucis
2593 5305 2750 5360 hodie
2768 5304 2909 5375 apud
2933 5305 3208 5369 caritatem
3230 5314 3461 5363 vestram
3489 5309 3663 5366 disse-

2097 5540 2107 5550 _
2138 5481 2155 5514 ι
2189 5478 2355 5538 Coisl.,
2376 5480 2624 5541 nudosque
2657 5492 2717 5531 ac
2739 5477 2862 5531 solos
2881 5493 2964 5531 nos
3004 5474 3249 5542 relinquit.
3266 5475 3409 5545 Atqui
3420 5472 3657 5536 spiritua-

2071 5542 2154 5635 ηαδ
2175 5550 2498 5652 (ἒὲἷθιιηίθηιιε
2518 5601 2681 5652 addit:
2712 5609 2859 5652 Terra
2896 5609 3057 5654 autem
3086 5601 3336 5658 invisibitis
3369 5619 3477 5660 erat
3507 5616 3557 5661 et
3587 5610 3663 5662 its-

2069 5664 2342 5728 romposita.
2676 5721 2688 5733 .

2131 5729 2153 5759 ³
2184 5724 2375 5774 coislin.
2399 5723 2597 5782 omittit,
2619 5724 2734 5781 alta,
2758 5733 2917 5775 recte.

2130 5787 2204 5845 fa)
2238 5793 2335 5836 Hoc
2356 5794 2432 5835 est
2447 5793 2664 5835 sanctum
2688 5786 2878 5836 Pascha.
