4144 6424
456 352 525 407 97
1237 344 1296 402 S.
1338 342 1617 400 JOANNIS
1652 338 2126 399 CHRYSOSTOMI
2165 337 2482 395 ARCHIEP.
2519 335 3060 395 CONSTANTINOP.
3672 337 3740 395 28

458 477 675 528 ramus,
709 471 763 518 et
806 460 1061 532 appositis
1103 459 1393 530 Scriptura:
1442 460 1632 514 divina:
1684 457 2040 529 dogmatibus,

458 556 733 611 subtiliora
763 553 921 608 hodie
963 551 1113 606 adire
1141 566 1297 607 sensa
1329 559 1617 606 tentcmus.
1646 549 1780 604 Nam
1818 550 1864 603 si
1901 563 2047 604 nunc

462 645 564 701 hoc
594 661 699 700 non
743 642 1048 708 fecerimus,
1079 656 1201 696 cum
1226 640 1487 711 jejunium
1531 648 1615 694 est
1656 649 1710 695 et
1752 638 1890 708 gulae
1914 653 2046 693 con-

460 743 728 805 temptus,
757 743 813 788 et
853 741 999 786 tanta
1039 731 1297 786 bonarum
1337 730 1715 800 cogitationum
1742 730 2043 784 serenitas:

463 824 676 896 quando
705 823 832 879 talia
858 831 1053 877 vestrte
1077 821 1282 878 caritati
1309 834 1579 890 apponere
1605 816 1943 889 poterimus?
1965 819 2046 871 An

464 932 585 971 cum
605 915 835 970 aderunt
861 914 1069 970 delicia:
1091 953 1107 980 ,
1131 912 1548 967 comessationes
1567 951 1583 977 ,
1612 919 1667 964 et
1686 923 1874 979 magna
1899 906 2046 963 desi-

460 1008 591 1063 dia?
611 1007 749 1075 Quin
771 1016 896 1061 tunc
918 1021 1093 1076 neque
1119 1004 1216 1075 ipsi
1243 1046 1258 1071 ,
1290 1013 1349 1058 ut
1376 1019 1470 1073 par
1502 1012 1604 1069 est,
1632 1002 1735 1057 hoc
1770 1001 2045 1067 faciemus,

465 1113 639 1169 neque
663 1111 763 1153 vos
787 1096 985 1167 aliquid
1005 1111 1188 1151 eorum
1221 1110 1340 1165 qua:
1364 1094 1624 1159 dicentur,
1656 1093 1808 1162 quasi
1835 1106 1866 1145 a
1893 1100 2047 1147 tene-

464 1191 573 1247 bris
597 1189 910 1261 quibusdam
929 1205 959 1243 a
986 1186 1359 1259 cogitationum
1390 1185 1621 1257 procella
1649 1184 1934 1251 submersi,
1951 1199 2048 1240 ex-

465 1282 645 1352 cipere
668 1280 931 1352 poteritis.

539 1370 951 1440 Quadragesimce
983 1377 1176 1439 tempus
1210 1375 1385 1439 aptum
1409 1367 1753 1421 concionibus.
1790 1395 1865 1406 —
1900 1364 2050 1420 Nunc

466 1469 646 1515 autem
678 1468 889 1529 tempus
927 1458 1063 1524 hoc,
1093 1459 1139 1512 si
1165 1458 1307 1528 quod
1337 1457 1480 1512 aliud
1508 1497 1524 1521 ,
1565 1456 1715 1512 hisce
1754 1456 2052 1525 disciplinis

465 1552 696 1607 maxime
718 1550 965 1606 idoneum
993 1559 1109 1607 est:
1142 1550 1356 1620 quando
1375 1564 1525 1605 serva
1541 1549 1652 1619 jam
1694 1564 1800 1604 non
1826 1549 2054 1617 insurgit

463 1639 719 1695 adversus
747 1639 1056 1705 dominam,
1084 1638 1180 1693 sed
1224 1638 1452 1694 libenter
1478 1638 1582 1693 fert
1605 1637 1840 1693 habenas
1857 1679 1873 1704 ,
1900 1636 2054 1692 facile

464 1730 836 1798 persuadetur,
864 1728 1082 1783 multam
1110 1744 1219 1798 prin
1236 1743 1295 1784 se
1314 1728 1421 1784 fert
1453 1728 1831 1794 obedientiam,
1849 1728 2052 1784 incom-

466 1821 668 1891 positos
709 1820 887 1875 carnis
915 1831 1093 1874 motus
1115 1820 1407 1891 compescit
1424 1859 1441 1884 ,
1467 1828 1524 1874 et
1555 1820 1695 1874 intra
1723 1832 1850 1874 suos
1874 1828 2055 1874 manet

466 1913 741 1968 terminos.
781 1912 1053 1983 Jejunium
1098 1912 1242 1968 enim
1284 1921 1364 1967 est
1403 1913 1702 1966 animarum
1748 1921 2053 1966 nostrarum

465 2005 839 2076 tranquillitas,
870 2019 1055 2060 senum
1080 2002 1265 2070 decor,
1289 2002 1688 2058 adolescentum
1710 2000 2053 2073 paedagogus,

464 2097 849 2152 continentium
914 2097 1203 2165 magister,
1257 2094 1397 2165 quod
1464 2108 1679 2150 omnem
1736 2101 1950 2149 aetatem
2000 2100 2057 2148 et

465 2202 650 2242 sexum
670 2187 826 2256 quasi
851 2185 1151 2241 diademate
1168 2186 1398 2255 quodam
1426 2193 1599 2240 ornat.
1638 2184 1908 2257 Nusquam
1953 2183 2059 2239 ho-

466 2276 556 2331 die
592 2277 876 2341 tumultus,
909 2274 997 2330 vel
1037 2275 1240 2329 clamor
1260 2314 1275 2338 ,
1306 2275 1390 2329 vel
1414 2274 1655 2330 carnium
1698 2275 2052 2340 concisioncs,

468 2367 551 2419 vel
571 2380 862 2435 coquorum
890 2364 1163 2419 discursus
1187 2381 1200 2417 :
1232 2363 1329 2419 sed
1359 2364 1536 2418 omnia
1565 2363 1653 2418 illa
1695 2363 1941 2419 abierunt
1960 2402 1977 2428 ,
2002 2371 2058 2417 et

471 2458 587 2512 haec
613 2458 800 2512 civitas
823 2456 1100 2511 honestam
1128 2447 1436 2525 quamdam,
1467 2456 1825 2514 continentem
1845 2496 1861 2521 ,
1888 2462 1943 2510 et
1964 2469 2057 2509 so-

471 2550 639 2606 briam
673 2558 968 2604 matronam
1012 2548 1267 2604 imitatur.
1311 2547 1460 2603 Unde
1486 2564 1608 2604 cum
1647 2562 1857 2604 mecum
1883 2547 2058 2618 cogito

471 2642 798 2711 repentinam
828 2641 1175 2696 mutationem
1215 2640 1372 2695 hodie
1404 2639 1597 2696 factam
1622 2651 1678 2696 ct
1718 2650 1903 2710 repeto
1939 2654 2057 2695 me-

472 2735 639 2789 moria
658 2734 891 2789 hesterni
909 2733 1017 2790 diei
1037 2733 1507 2804 perturbationem,
1530 2732 1785 2799 admiror,
1803 2742 1857 2788 et
1874 2732 2060 2787 obstu-

475 2839 633 2895 pesco
652 2824 839 2896 jejunii
867 2825 1005 2880 vires
1031 2832 1086 2880 et
1113 2824 1424 2894 potentiam,
1459 2822 1727 2894 quomodo
1746 2822 1799 2878 in
1821 2822 2061 2893 singulo-

475 2932 591 2972 rum
619 2917 969 2973 conscientias
994 2916 1290 2986 ingressum
1311 2956 1326 2981 ,
1359 2914 1818 2970 transformaverit
1855 2914 2058 2984 cogita-

475 3010 648 3064 tiones
671 3050 687 3075 ,
735 3010 1107 3080 expurgaverit
1157 3016 1389 3064 mentem
1415 3048 1430 3073 ,
1489 3022 1598 3063 non
1655 3008 2059 3077 magistratuum

475 3083 679 3154 tantum
701 3140 716 3165 ,
739 3099 832 3155 sed
865 3107 922 3154 et
948 3099 1274 3170 privatorum
1298 3115 1313 3152 :
1342 3113 1450 3154 non
1493 3097 1782 3153 liberorum
1817 3106 2020 3152 tantum
2040 3136 2056 3163 ,

475 3190 568 3245 sed
590 3198 645 3245 et
662 3205 940 3245 servorum
973 3203 988 3243 :
1019 3205 1125 3244 non
1150 3190 1384 3244 virorum
1410 3196 1638 3256 tantum,
1667 3189 1761 3244 sed
1786 3198 1841 3244 et
1869 3191 2060 3244 mulie-

475 3296 757 3348 rum;non
795 3281 1017 3338 divitum
1064 3290 1306 3349 tantum,
1350 3280 1445 3336 sed
1478 3290 1532 3336 et
1576 3296 1906 3352 pauperum;
1954 3296 2059 3336 non

477 3390 666 3431 corum
692 3382 895 3430 tantum
922 3375 1011 3445 qni
1035 3374 1273 3430 Grazcam
1300 3374 1533 3443 linguam
1562 3374 1735 3429 edocti
1763 3382 1917 3440 sunt,
1965 3375 2058 3430 sed

482 3475 537 3520 et
565 3464 933 3520 barbarorum.
974 3465 1078 3521 Sed
1107 3465 1233 3536 quid
1259 3465 1381 3521 dico
1408 3466 1809 3535 magistratuum
1855 3474 1912 3522 et
1949 3467 2061 3536 pri-

479 3557 756 3611 vatorum?
785 3556 958 3611 Etiam
970 3557 1086 3627 ejus
1102 3559 1119 3589 ¹
1141 3558 1230 3627 qui
1254 3556 1499 3611 diadema
1522 3565 1711 3627 gestat,
1732 3557 1978 3611 similiter
2007 3565 2064 3612 ut

477 3647 701 3699 aliorum
721 3687 739 3712 ,
766 3647 1144 3701 conscientiam
1185 3646 1250 3700 ad
1283 3646 1420 3700 hanc
1438 3647 1794 3701 obedientiam
1835 3645 2058 3701 inflexit.

482 3735 589 3791 Nec
628 3735 786 3791 hodie
814 3737 979 3791 ullum
1009 3737 1295 3792 discrimen
1338 3737 1477 3792 inter
1506 3752 1745 3792 mensam
1796 3737 1973 3793 divitis
2008 3747 2064 3794 et

480 3828 727 3898 pauperis
755 3843 769 3880 :
801 3828 894 3883 sed
935 3828 1129 3899 ubique
1170 3828 1386 3898 frugalis
1420 3828 1592 3885 victus
1633 3838 1718 3884 est
1739 3870 1756 3896 ,
1790 3831 1997 3886 alienus
2030 3846 2060 3885 a

479 3919 602 3973 luxu
628 3927 682 3973 et
701 3927 979 3989 apparatu,
1011 3920 1307 3990 majorique
1343 3920 1499 3975 hodie
1523 3921 1793 3990 voluptate
1815 3920 1882 3977 ad
1909 3938 2062 3978 men-

475 4024 588 4064 sam
613 4020 823 4066 tenuem
844 4012 1037 4082 quique
1052 4011 1329 4076 accedunt,
1355 4026 1511 4082 quam
1541 4010 1747 4083 pridem
1777 4028 1897 4068 cum
1926 4014 2065 4067 mul-

477 4110 526 4153 ta
554 4101 778 4156 delicata
805 4102 1001 4168 edulia,
1021 4102 1353 4174 multumque
1372 4104 1554 4159 vinum
1577 4119 1844 4159 meracum
1863 4121 2063 4176 propo-

477 4194 718 4248 nchatnr.

544 4287 600 4339 2.
643 4287 880 4351 Vidistis,
912 4287 1111 4348 dilecti,
1139 4302 1206 4341 ex
1236 4286 1366 4357 ipsis
1390 4287 1659 4355 praeludiis
1673 4287 1858 4358 jejunii
1887 4288 2060 4342 virtu-

477 4388 582 4432 tem
608 4386 662 4433 et
688 4379 1017 4448 potentiam?
1043 4378 1242 4433 Idcirco
1281 4387 1336 4433 et
1378 4379 1491 4449 ipse
1529 4380 1714 4448 majori
1759 4379 1916 4435 hodie
1954 4380 2064 4433 ala-

474 4469 683 4535 critate,
711 4484 871 4539 quam
898 4478 1076 4537 antea,
1098 4484 1376 4523 sermones
1412 4469 1691 4540 aggredior
1721 4484 1734 4521 :
1774 4470 1951 4524 sciens
1975 4484 2063 4524 me

476 4560 527 4614 in
558 4561 732 4631 pingui
765 4559 1127 4632 profundoque
1150 4575 1278 4615 arvo
1296 4561 1676 4615 scminaturum
1697 4603 1713 4627 ,
1737 4560 1878 4630 quod
1909 4560 2063 4614 nobis

477 4651 794 4706 multifarios
819 4651 1017 4706 fructus
1044 4666 1141 4721 pro
1162 4652 1453 4707 seminibus
1480 4651 1799 4705 concreditis
1820 4651 2060 4719 protinus

474 4742 700 4799 reddere
730 4743 942 4813 poterit.
984 4743 1260 4798 Discamus
1292 4743 1468 4813 igitur,
1500 4742 1546 4797 si
1578 4742 1770 4813 placet,
1802 4742 1930 4812 quid
1961 4758 2060 4797 ve-

473 4837 571 4891 lint
597 4836 697 4891 sibi
716 4836 875 4890 verba
908 4835 1045 4890 beati
1066 4834 1225 4890 Mosis
1257 4835 1414 4890 hodie
1440 4834 1597 4889 lecta.
1633 4833 1739 4888 Sed
1764 4833 2021 4888 attendite
2042 4872 2056 4897 ,

471 4929 730 4994 obsecro,
770 4927 1055 4996 diligenter
1098 4924 1181 4978 his
1217 4941 1338 4996 qua:
1379 4940 1409 4979 a
1440 4925 1594 4980 nobis
1633 4925 1880 4980 dicuntur
1909 4942 1923 4979 :
1952 4939 2060 4979 non

472 5020 614 5074 enim
646 5029 827 5075 nostra
855 5021 906 5073 in
936 5017 1172 5073 medium
1198 5016 1505 5082 afferimus,
1540 5015 1636 5071 sed
1675 5017 1761 5071 illa
1793 5017 1904 5086 ipsa
1940 5030 2060 5087 qua:

473 5113 627 5168 nobis
653 5113 832 5168 divina
861 5113 1029 5182 gratia
1058 5111 1111 5163 in
1140 5119 1372 5164 vestram
1402 5108 1726 5162 concesserit
1754 5108 2058 5162 utilitatem.

472 5205 599 5268 Qum
627 5215 802 5256 autem
842 5206 955 5256 huic
994 5199 1160 5257 sunt?
1217 5197 1283 5253 In
1310 5197 1558 5269 principio
1613 5197 1729 5266 fecit
1786 5195 1927 5250 Deus
1961 5212 2058 5250 ca:-

474 5294 580 5345 lum
610 5301 655 5344 et
685 5300 888 5344 terram.
929 5292 1115 5346 Merito
1137 5291 1220 5344 hic
1244 5289 1536 5351 dubitatur,
1564 5301 1718 5355 quam
1746 5285 1816 5340 ob
1842 5300 2057 5339 causam

475 5376 657 5437 beatus
702 5381 801 5435 iste
846 5364 1133 5450 propheta,
1166 5383 1253 5452 qui
1292 5381 1453 5436 etiam
1488 5379 1600 5448 ipse
1631 5378 1812 5433 multis
1849 5378 2058 5433 saeculis

468 5464 595 5544 post
641 5474 961 5527 creationem
1008 5474 1187 5527 mundi
1232 5474 1399 5536 vixit,
1450 5472 1565 5526 haec
1604 5470 1760 5525 nobis
1802 5478 2054 5540 exponat.

471 5564 744 5619 Sane-non
775 5574 976 5617 temere
1004 5561 1104 5616 hoc
1131 5564 1259 5634 agit,
1292 5577 1391 5618 nec
1419 5561 1634 5616 fruStra.
1677 5559 1889 5615 Etenim
1919 5560 2057 5614 Deus

535 5699 553 5728 ι
585 5696 799 5765 (pisum.
820 5694 942 5765 quid
976 5692 1087 5765 dico
1106 5694 1471 5758 magistratuum
1492 5701 1538 5748 et
1560 5694 1854 5759 privatorum
1873 5698 1917 5746 et
1938 5691 2057 5745 (uio-

474 5771 579 5808 rum
602 5756 626 5807 ?
648 5756 800 5804 Etiam
818 5756 943 5816 ejus,
971 5763 1066 5804 etc.

2153 455 2371 511 humani
2401 458 2613 526 generis
2651 457 2899 512 conditor
2918 499 2934 523 ,
2960 455 3029 512 ab
3058 456 3211 512 initio
3242 471 3339 527 per
3378 458 3613 526 seipsum
3645 458 3734 512 ho.

2149 547 2381 602 minibus
2406 548 2721 619 loquebatur
2739 590 2754 616 ,
2784 563 2851 604 eo
2872 565 2978 619 quo
3007 549 3252 606 homines
3274 560 3519 619 porerant
3554 551 3742 607 audire

2151 640 2330 695 modo.
2371 639 2463 696 Sic
2484 641 2626 695 enim
2653 641 2721 696 ad
2745 641 2914 696 Adam
2943 643 3115 707 venit;
3141 643 3219 697 sic
3247 642 3378 698 Cain
3416 644 3740 713 increpavit;

2150 730 2227 784 sic
2246 744 2367 783 cum
2389 729 2501 784 Noe
2523 732 2775 799 loquutus
2801 741 2910 797 est;
2937 732 3015 786 sic
3038 732 3176 801 apud
3209 732 3477 787 Abraham
3502 734 3742 803 hospita-

2155 830 2239 875 tus
2254 828 2356 875 est.
2397 822 2467 875 At
2515 820 2603 875 ubi
2632 822 2685 875 in
2711 822 2962 877 malitiam
2995 836 3239 891 magnam
3265 837 3426 877 omne
3462 822 3741 878 hominum

2151 925 2319 980 genus
2355 912 2601 980 prorupit
2623 952 2637 974 ,
2674 926 2845 980 neque
2871 921 2995 966 tunc
3019 926 3139 966 sese
3182 921 3346 966 totum
3373 914 3443 968 ab
3467 913 3741 968 hominum

2152 1014 2351 1071 genere
2377 1002 2572 1063 avertit
2596 1000 2784 1071 Opifex
2809 1002 3047 1056 omnium
3080 1024 3094 1059 :
3125 1003 3220 1057 sed
3244 1003 3364 1072 quia
3386 1018 3483 1058 sua
3514 1005 3744 1059 familia-

2156 1092 2315 1146 ritate
2345 1102 2528 1160 postea
2568 1091 2769 1163 indigni
2801 1093 2921 1148 facti
2948 1092 3196 1161 fuerunt,
3221 1096 3410 1150 iterum
3440 1112 3591 1152 suam
3617 1113 3741 1168 erga

2153 1183 2274 1238 illos
2297 1185 2582 1239 amicitiam
2597 1186 2859 1263 innovare
2887 1188 3092 1250 volens.
3122 1190 3272 1257 quasi
3312 1191 3469 1262 longe
3510 1190 3746 1247 absenti-

2156 1276 2257 1332 bus
2285 1276 2469 1331 literas
2501 1278 2681 1345 mittit,
2712 1278 3090 1334 conciliatnrus
3105 1282 3204 1335 sibi
3234 1283 3538 1337 universam
3568 1279 3743 1337 nomi-

2155 1383 2284 1424 num
2307 1378 2571 1423 naturam.
2599 1369 2666 1423 Et
2691 1370 2787 1423 has
2811 1371 3023 1439 quidem
3053 1371 3233 1426 literas
3257 1371 3403 1426 dedit
3425 1372 3588 1439 Deus,
3604 1382 3746 1428 attu-

2155 1461 2219 1516 lit
2244 1469 2421 1516 autem
2449 1460 2644 1515 Moses.
2684 1460 2822 1529 Quid
2876 1462 3034 1531 igitur
3083 1462 3269 1517 dicunt
3315 1462 3397 1517 ha:
3442 1463 3648 1519 literas?
3678 1463 3743 1519 1η

2156 1554 2406 1624 principio
2427 1553 2543 1623 fecit
2573 1551 2711 1607 Deus
2774 1552 2957 1607 calum
3001 1564 3047 1607 et
3084 1564 3291 1607 terram.
3331 1553 3624 1609 Considera
3680 1556 3732 1609 in

2159 1646 2263 1701 hoc
2284 1687 2300 1710 ,
2331 1646 2635 1713 carissime,
2668 1660 2826 1715 quam
2854 1645 3183 1700 admirabilis
3208 1656 3261 1701 et
3297 1646 3523 1701 eximius
3548 1647 3613 1701 sit
3643 1647 3744 1702 iste

2157 1735 2436 1808 propheta.
2480 1736 2580 1790 Alii
2629 1736 2770 1790 enim
2814 1750 3003 1790 omnes
3037 1737 3312 1806 propheta:
3359 1752 3424 1792 ea
3472 1736 3738 1800 dixerunt,

2155 1829 2240 1885 vel
2265 1844 2386 1900 qua:
2414 1828 2596 1883 multis
2628 1835 2813 1897 postea
2862 1826 3193 1897 temporibus
3222 1827 3393 1881 futura
3427 1836 3582 1881 erant
3607 1867 3625 1893 ,
3661 1827 3742 1882 vel

2157 1936 2276 1992 qua:
2298 1920 2479 1975 statim
2499 1929 2753 1975 eventura
2778 1928 2992 1974 essent:
3026 1918 3212 1974 beatus
3234 1927 3411 1974 autem
3439 1918 3559 1986 iste,
3590 1928 3745 1973 natus

2158 2024 2279 2066 cum
2302 2009 2606 2079 jamJnulta
2631 2008 2813 2064 mundi
2832 2010 3147 2064 transissent
3170 2008 3384 2074 saecula,
3414 2008 3603 2064 ducem
3627 2022 3746 2064 sor-

2162 2101 2289 2157 titus
2314 2116 2600 2171 supernam
2629 2101 2903 2156 dexteram
2935 2103 2974 2166 ¹,
3005 2101 3196 2171 dignus
3222 2111 3305 2157 est
3320 2100 3551 2167 habitus,
3576 2110 3635 2156 ut
3656 2101 3742 2156 illa

2160 2195 2315 2250 nobis
2339 2195 2563 2258 diceret,
2587 2210 2706 2264 quae
2732 2205 2855 2248 ante
2870 2205 3047 2248 ortum
3063 2208 3217 2249 suum
3238 2194 3474 2247 omnium
3490 2194 3746 2248 Dominus

2159 2287 2501 2343 formaverat.
2542 2287 2748 2343 Idcirco
2789 2286 2873 2342 his
2906 2287 3092 2356 incipit
3129 2286 3307 2341 verbis
3339 2306 3353 2342 :
3385 2286 3452 2340 In
3498 2287 3747 2357 principio

2161 2379 2279 2448 fecit
2296 2376 2433 2432 Deus
2451 2378 2632 2432 calum
2660 2388 2706 2431 et
2733 2387 2916 2431 terram
2943 2393 2962 2431 :
2996 2377 3143 2447 quasi
3174 2377 3238 2432 ad
3267 2392 3453 2431 omnes
3482 2393 3577 2432 nos
3602 2377 3744 2431 clara

2160 2483 2292 2525 voce
2310 2470 2523 2535 clamet,
2555 2477 2609 2524 et
2629 2469 2803 2524 dicat:
2831 2468 2969 2524 Num
2994 2468 3064 2523 ab
3097 2468 3399 2523 hominibus
3424 2468 3621 2523 doceor
3641 2510 3656 2533 ,
3690 2478 3749 2522 nt

2163 2560 2278 2616 haec
2302 2560 2530 2631 loquar?
2558 2559 2608 2615 Is
2634 2562 2746 2630 ipse
2767 2561 2855 2630 qui
2888 2559 3001 2613 haec
3026 2575 3147 2615 cum
3176 2574 3279 2614 non
3303 2568 3504 2627 essent,
3524 2558 3665 2625 fecit,
3691 2566 3750 2612 ut

2163 2664 2365 2718 essent,
2394 2644 2626 2722 linguam
2658 2666 2831 2706 meam
2859 2650 2923 2705 ad
2969 2650 3154 2706 isthmc
3190 2650 3487 2705 enarranda
3520 2649 3745 2720 impulit.

2163 2745 2326 2818 Igitur
2348 2747 2591 2810 obsecro,
2621 2746 2692 2800 ita
2721 2745 3104 2810 auscultemus,
3132 2744 3204 2798 ita
3238 2744 3434 2799 nostris
3461 2742 3750 2797 ratiociniis

2163 2842 2380 2912 longum
2405 2840 2521 2894 vale
2541 2840 2802 2905 dicamus,
2833 2838 2983 2908 quasi
3014 2837 3128 2892 haec
3157 2852 3259 2891 non
3275 2841 3385 2906 jam
3405 2851 3434 2890 a
3461 2835 3625 2899 Mose,
3653 2834 3747 2889 sed

2165 2951 2260 3007 per
2288 2935 2520 3004 linguam
2545 2932 2707 2987 Musis
2735 2931 2802 2986 ab
2831 2931 2951 3001 ipso
2989 2931 3358 2985 universorum
3406 2929 3517 2984 Deo
3559 2925 3747 2982 audia-

2164 3043 2303 3082 mus.
2345 3026 2632 3081 Ratiocinia
2651 3022 2793 3078 enim
2819 3023 3079 3077 hominum
3106 3021 3284 3074 timida
3302 3029 3456 3085 sunt,
3485 3018 3675 3089 inquit,
3704 3027 3752 3071 et

2163 3120 2369 3173 incertae
2394 3116 2721 3188 cogitationes
2747 3130 2919 3169 eorum
2958 3111 3112 3185 (Sep.
3135 3111 3190 3168 9.
3215 3111 3327 3181 14).
3354 3110 3522 3166 Grato
3561 3107 3750 3163 admo-

2164 3212 2291 3267 dum
2319 3210 2499 3265 animo
2528 3209 2851 3279 accipiamus
2875 3221 2994 3278 qua:
3022 3206 3269 3261 dicuntur
3290 3245 3306 3269 ,
3339 3220 3407 3259 ne
3444 3200 3752 3273 progredia-

2167 3318 2286 3359 mur
2318 3302 2455 3356 ultra
2485 3314 2645 3372 quam
2671 3299 2775 3354 fert
2799 3312 3067 3353 mensum
3095 3304 3291 3350 nostra:
3316 3294 3582 3359 tenuitas,
3616 3305 3752 3346 neve

2165 3394 2428 3449 curiosius
2452 3407 2572 3462 qua:
2617 3405 2778 3461 supra
2825 3372 2922 3444 rios
2951 3396 3077 3442 sunt
3116 3387 3430 3457 indagemus
3462 3402 3475 3437 :
3508 3383 3559 3439 id
3610 3382 3752 3454 quod

2165 3484 2404 3539 veritatis
2457 3481 2700 3539 hostibus
2735 3481 2935 3545 evenit,
2976 3479 3066 3550 qui
3094 3479 3377 3534 voluerunt
3403 3475 3630 3548 propriis
3663 3490 3753 3530 ra-

2169 3574 2399 3629 tiociniis
2428 3573 2674 3628 universa
2695 3570 3020 3641 expendere,
3052 3585 3157 3624 non
3187 3568 3482 3637 cogitantes
3509 3565 3754 3636 impossi-

2166 3665 2272 3719 bile
2321 3678 2441 3719 esse
2493 3662 2739 3717 humanae
2799 3669 3003 3714 natura:
3054 3658 3148 3713 Dei
3201 3658 3468 3727 opificium
3545 3656 3755 3727 penitus

2166 3755 2465 3825 esplorare.
2507 3753 2667 3821 Quid,
2690 3753 2927 3822 inquam,
2974 3751 3064 3806 Dei
3090 3750 3382 3820 Opificium,
3420 3764 3540 3803 cum
3583 3765 3755 3819 neque

2167 3844 2418 3908 hominis,
2441 3845 2530 3915 qui
2556 3844 2709 3898 nobis
2739 3851 2924 3897 natura
2954 3852 3210 3913 cognatus
3235 3851 3350 3909 est,
3378 3850 3521 3895 artes
3544 3841 3756 3910 penitus

2122 3936 2403 4007 ‘indagari
2430 3934 2679 4006 possint?
2728 3935 2822 3989 Dic
2867 3934 3047 4001 enim,
3091 3948 3291 4003 quaeso,
3342 3932 3611 4002 quomodo
3660 3945 3756 4000 per

2166 4029 2485 4086 metallicam
2513 4038 2680 4082 artem
2707 4028 2825 4082 auri
2850 4038 3038 4081 natura
3055 4025 3348 4080 conflatur?
3374 4025 3456 4079 vel
3489 4022 3757 4093 quomodo

2166 4124 2289 4178 vitri
2311 4125 2514 4193 puritas
2528 4138 2594 4177 ex
2623 4137 2784 4176 arena
2813 4120 3079 4176 efficitur?
3104 4119 3302 4174 Verum
3326 4133 3430 4173 non
3455 4117 3619 4171 habes
3637 4131 3757 4187 quae

2166 4215 2336 4270 dicas.
2376 4214 2433 4270 Si
2464 4214 2624 4284 igitur
2648 4213 2764 4267 hmo
2794 4228 2914 4283 quae
2942 4222 3067 4267 ante
3102 4212 3286 4267 oculos
3313 4220 3434 4265 sunt
3461 4209 3628 4279 posita
3655 4249 3671 4274 ,
3700 4217 3757 4262 et

2167 4323 2286 4377 quae
2311 4321 2409 4376 per
2434 4305 2528 4360 Dei
2558 4303 2936 4373 benignitatem
2972 4303 3204 4357 humana
3249 4309 3502 4372 operatur
3542 4300 3757 4368 sapien-

2169 4400 2258 4465 tia,
2285 4397 2507 4468 intelligi
2533 4405 2825 4467 nequeunt,
2857 4410 3025 4466 quam
3053 4395 3164 4449 Deo
3188 4395 3302 4464 ipso
3330 4392 3466 4447 facta
3496 4399 3641 4457 sunt,
3661 4406 3757 4445 cu-

2166 4491 2406 4547 riositate
2432 4498 2521 4544 tua
2542 4488 2798 4558 inquires,
2827 4486 3025 4541 homo?

2237 4581 2323 4635 Ea:
2349 4581 2589 4634 creaturis
2618 4588 2813 4633 creator
2835 4577 3145 4645 agnoscitur.
3161 4605 3233 4615 —
3255 4566 3425 4641 Quam
3453 4575 3755 4643 assequeris

2167 4673 2374 4727 veniam
2396 4672 2420 4725 τ
2442 4684 2546 4741 qua
2574 4678 2626 4724 te
2654 4669 2890 4723 tueberis
2917 4667 3255 4731 defensione,
3286 4667 3354 4720 ita
3380 4664 3666 4729 insaniens,
3700 4672 3757 4719 ut

2166 4780 2284 4833 quae
2313 4779 2474 4832 supra
2512 4771 2715 4816 naturae
2741 4771 2845 4815 tua:
2868 4770 3082 4830 captum
3124 4768 3272 4823 sunt,
3306 4755 3635 4827 speculeris?
3663 4756 3748 4809 Di-

2166 4872 2289 4912 cere
2308 4857 2449 4911 enim
2479 4870 2541 4911 ea
2562 4870 2681 4925 quae
2708 4864 2832 4909 sunt
2854 4869 2923 4908 ex
2949 4853 3186 4922 subjecta
3205 4852 3425 4906 materia
3447 4865 3567 4904 esse
3594 4847 3753 4916 facta,

2165 4960 2220 5004 et
2248 4965 2353 5003 non
2381 4948 2643 5015 confiteri,
2680 4946 2918 5001 omnium
2952 4945 3206 5013 Opificem
3254 4959 3318 4999 ea
3347 4959 3413 4999 ex
3439 4942 3613 4996 nihilo
3633 4958 3755 4994 ere-

2165 5043 2361 5107 avisse,
2405 5039 2735 5109 desipientiae
2778 5045 3032 5092 extremae
3080 5036 3287 5105 signum
3334 5035 3511 5088 fuerit.
3561 5034 3754 5088 Beatus

2167 5131 2344 5203 itaque
2374 5133 2630 5201 propheta
2656 5131 2775 5195 iste,
2806 5128 3105 5183 obturando
3136 5128 3495 5197 insipientium
3523 5141 3637 5189 ora,
3663 5142 3756 5179 au-

2164 5226 2464 5296 spicatnrus
2504 5223 2716 5288 librum,
2743 5220 2821 5276 sic
2845 5221 3042 5289 cmpit:
3080 5219 3147 5273 lu
3186 5218 3434 5290 principio
3462 5218 3580 5287 fecit
3617 5217 3758 5270 Deus

2166 5318 2347 5370 cwlum
2375 5324 2422 5369 et
2448 5324 2652 5369 terram.
2690 5311 2825 5366 Cum
2861 5311 3020 5381 igitur
3055 5310 3225 5375 audis,
3259 5308 3426 5373 Fecit,
3455 5307 3584 5360 nihil
3613 5307 3754 5360 aliud

2166 5409 2301 5463 ultra
2330 5407 2596 5462 curiosius
2634 5420 2813 5475 quam:
2851 5425 2863 5458 :
2907 5403 2999 5457 scd
3033 5403 3251 5455 humum
3295 5408 3562 5470 Spectans,
3600 5399 3757 5453 dictis

2166 5499 2325 5555 ﬁdem
2356 5497 2511 5552 habe.
2541 5495 2674 5551 Nam
2705 5496 2843 5550 Deus
2864 5502 2946 5549 est
2964 5494 3052 5564 qui
3074 5492 3252 5546 omnia
3277 5491 3419 5555 facit,
3437 5501 3491 5545 et
3518 5491 3570 5544 in
3598 5490 3753 5543 aliam

2166 5593 2392 5648 formam
2420 5598 2610 5657 mutat,
2637 5603 2699 5643 ac
2724 5588 3016 5644 secundum
3038 5586 3365 5641 voluntatem
3395 5599 3549 5642 suam
3577 5584 3752 5638 omnia

2232 5751 2254 5801 ἕ
2283 5748 2494 5808 mislin.,
2520 5759 2778 5810 supernam
2795 5747 3067 5811 potentiam.
