4144 6426
334 359 401 415 27
1554 359 1621 416 IN
1659 361 1812 419 CAP.
1852 360 1870 416 ι
1939 360 2186 420 GENES.
2227 360 2459 418 IIOMIL.
2496 365 2559 419 ll.
3714 373 3785 427 ‘28

333 492 450 530 τινα
471 475 851 547 διαλεχθῶμεν
887 477 1019 547 πρὸς
1065 477 1164 547 τὴν
1200 477 1474 548 ὑμετέραν
1506 477 1750 548 ἀγάπην,
1803 478 1898 532 καὶ
1930 479 2013 531 λε-

339 560 613 631 πτοτέρων
651 560 897 631 σήμερον
924 558 1423 630 κατατολμήσωμεν
1467 559 1775 628 νοημάτων,
1807 561 1875 613 τὰ
1906 560 2015 614 ἀπὸ

339 642 446 697 τῶν
485 642 645 696 θείων
700 641 934 714 ι’ραφῶν
968 640 1362 711 παρατιθέντες
1400 642 1529 713 ὑμῖν
1560 641 1885 711 διδάγματα.
1951 642 2014 695 Εἰ

340 726 449 797 γὰρ
480 725 554 797 μὴ
589 723 685 778 νῦν
707 724 868 778 τοῦτο
900 725 1253 795 ποιήσαιμεν,
1287 726 1378 778 ὅτε
1408 725 1630 794 νηστεία
1654 725 1749 776 καὶ
1778 723 2015 794 γαστρὸς

343 808 632 880 ὑπεροψία,
677 808 774 862 καὶ
798 807 1030 878 τοσαύτη
1066 807 1177 859 τῶν
1197 806 1374 878 ὀρθῶν
1399 806 1677 876 λογισμῶν
1714 806 1747 877 ή
1781 806 2013 877 γαλήνη,

343 894 476 946 πότε
525 891 887 964 δυνησώμεθα
935 891 1107 944 ταῦτα
1163 892 1490 961 παραθεῖναι
1537 888 1615 962 [8]
1653 893 1720 961 τῇ
1771 890 2017 961 ὑμετέρᾳ

342 976 568 1048 ἀγάπης
603 975 733 1029 Ὅτε
769 973 949 1045 τρυφὴ
984 974 1078 1027 καὶ
1113 973 1391 1045 ἀδηφαγία
1420 976 1514 1027 καὶ
1553 975 1722 1045 πολλὴ
1762 976 1794 1045 ή
1851 974 2013 1044 ρᾳθυ-

346 1059 483 1130 μίας
523 1056 680 1110 Ἀλλά
718 1056 843 1110 τότε
871 1055 995 1109 οὔτε
1028 1058 1183 1112 αὑτοὶ
1219 1058 1379 1111 τοῦτο
1422 1060 1650 1123 δεόντως
1696 1059 2015 1128 ποιήσομεν,

342 1140 468 1195 οῦτε
499 1142 655 1212 ὑμεῖς
685 1139 975 1210 δυνήσεσθε
1004 1140 1254 1213 καθάπερ
1276 1141 1381 1194 ὑπὸ
1403 1141 1601 1211 ἀχλύος
1628 1140 1773 1204 τινὸς
1793 1140 1889 1208 τῆς
1910 1138 2019 1192 τῶν

344 1225 622 1294 λογισμῶν
648 1221 819 1293 ζάλης
842 1222 1374 1294 καταϐαπτιζόμενοι
1398 1224 1655 1289 δέξασθαί
1676 1241 1728 1277 τι
1753 1222 1861 1275 τῶν
1876 1222 2023 1291 λεγο-

348 1308 548 1378 μένων.

418 1388 534 1442 Νῦν
561 1387 635 1454 δὲ,
662 1387 709 1440 εί
735 1387 827 1441 καί
857 1403 987 1440 ποτε
1019 1387 1228 1452 ἄλλοτε,
1254 1390 1442 1459 καιρὸς
1471 1386 1578 1441 τῶν
1592 1387 1848 1440 τοιούτων
1879 1385 2023 1439 διδα-

344 1473 593 1543 γμάτων,
622 1473 709 1525 ὅτε
733 1473 833 1526 οὐκ
866 1471 944 1525 ἔτι
968 1462 1539 1539 κατεξανισταταιτῆς
1569 1471 1812 1541 κυρίαςή
1838 1467 2020 1538 δούλη,

346 1554 463 1609 ἀλλ’
501 1555 712 1625 εὐήνιος
736 1554 999 1624 γενομένη
1030 1552 1228 1624 πολλὴν
1277 1553 1378 1625 τὴν
1407 1552 1579 1607 πειθὼ
1628 1554 1724 1606 καὶ
1756 1552 1855 1623 τὴν
1916 1552 2021 1604 ὑπ-

345 1636 518 1707 ακοὴν
538 1634 926 1699 ἐπιδείκνυται,
952 1636 1020 1688 τά
1040 1638 1385 1708 σκιρτήματα
1408 1636 1506 1707 τῆς
1536 1637 1739 1708 σαρκὸς
1757 1650 2023 1688 καταστο-

351 1718 578 1788 ρέσασα,
609 1719 701 1772 καὶ
752 1718 845 1771 ἐπὶ
877 1718 985 1771 τῶν
1015 1719 1231 1772 οἰκείων
1275 1720 1417 1790 ὅρων
1474 1719 1730 1789 μένουσα.
1782 1716 2025 1788 Νηστεία

348 1801 458 1872 γάρ
486 1802 630 1854 ἐστιν
659 1802 691 1871 ἡ
716 1800 925 1871 γαλήνη
950 1800 1058 1852 τῶν
1090 1800 1375 1871 ἡμετέρων
1413 1799 1624 1870 ψυχῶν,
1654 1801 1688 1870 ἡ
1728 1798 1837 1851 τῶν
1861 1813 2027 1868 γεγη-

352 1886 597 1954 ρακότων
620 1884 906 1953 εὐκοσμία,
947 1884 980 1954 ή
1013 1884 1122 1936 τῶν
1148 1883 1284 1937 νέων
1322 1883 1688 1953 παιδαγωγὸς,
1725 1883 1759 1953 ή
1788 1881 1897 1935 τῶν
1922 1897 2027 1933 σω·-

351 1966 691 2036 φρονούντων
711 1965 1047 2029 διδάσκαλος,
1068 1968 1101 2034 ἠ
1123 1967 1303 2019 πᾶσαν
1321 1965 1536 2037 ἡλικίαν
1556 1966 1650 2019 καὶ
1676 1964 1838 2034 φύσιν
1855 1962 2025 2018 καθά”

354 2064 462 2117 περ
512 2047 798 2118 διαδήματί
849 2065 955 2101 τινι
986 2048 1429 2119 κατακοσμοῦσα.
1476 2046 1729 2118 οὑδαμοῦ
1784 2047 2057 2118 σήμερον,

351 2128 599 2201 θόρυϐος,
637 2130 758 2183 οὐδὲ
817 2130 1059 2202 κραυγὴ,
1113 2130 1236 2184 οὑδέ
1279 2129 1459 2201 κρεῶν
1508 2129 1843 2193 κατακοπαὶ,
1904 2126 2026 2180 οὐδέ

357 2213 634 2282 μαγείρων
661 2212 884 2284 δρόμοι·
919 2213 1055 2267 ἀλλά
1086 2213 1264 2267 πάντα
1298 2214 1484 2265 ἐκεῖνα
1538 2211 1903 2281 ἀπελήλαται,
1934 2209 2029 2263 καὶ

354 2295 669 2365 εὐσχήμονά
696 2312 819 2349 τινα
871 2296 964 2350 καὶ
991 2299 1224 2367 κοσμίαν
1247 2298 1339 2349 καὶ
1368 2296 1623 2367 σώφρονα
1672 2294 1964 2365 ἐλευθέραν
1992 2293 2026 2363 ή

353 2376 506 2439 πόλις
536 2379 666 2448 ἡμῖν
689 2381 935 2450 μιμεῖται
961 2379 1078 2433 νῦν.
1101 2379 1272 2433 Ὅταν
1291 2380 1399 2450 γὰρ
1429 2380 1668 2448 ἐννοήσω
1698 2378 1796 2448 τὴν
1823 2375 2031 2449 ἁθρόαν

356 2461 664 2531 μεταϐολὴν
713 2462 813 2533 τὴν
857 2463 1095 2535 σήμερον
1150 2462 1551 2533 γεγενημένην,
1584 2462 1678 2515 καὶ
1728 2460 2033 2530 λογίσωμαι

354 2548 459 2617 τῆς
482 2547 733 2618 χθεσινῆς
757 2549 972 2620 ἡμέρας
1005 2550 1105 2622 τὴν
1133 2550 1545 2603 ἀκαταστασίαν
1564 2588 1578 2612 ,
1613 2546 1900 2619 θαυμάζω,
1938 2545 2033 2599 καὶ

355 2632 729 2701 ἐκπλήττομαι
749 2632 847 2702 τῆς
875 2634 1127 2702 νηστείας
1149 2633 1248 2703 τὴν
1276 2634 1448 2703 ἰσχὺν,
1483 2632 1630 2695 ὅπως
1663 2631 1743 2695 εἰς
1769 2629 1869 2702 τὴν
1899 2628 2033 2682 ἑκά-

358 2730 485 2766 στου
522 2713 822 2783 συνείδησιν
876 2714 1195 2768 εἰσελθοῦσα
1252 2714 1558 2786 μετέπλασε
1606 2716 1696 2767 τὸν
1750 2711 2031 2781 λογισμὸν,

356 2794 658 2865 ἐξεκάθαρε
684 2795 783 2865 τὴν
815 2795 1072 2859 διάνοιαν,
1100 2796 1200 2849 οὐκ
1238 2798 1516 2867 ἀρχόντων
1542 2795 1722 2867 μόνον,
1753 2793 1889 2848 ἁλλά
1941 2794 2036 2847 καὶ

360 2878 586 2933 ἰδιωτῶν
602 2897 616 2910 ·
647 2880 747 2933 οὐκ
773 2878 1105 2952 ἐλευθέρων,
1137 2879 1273 2937 ἀλλὰ
1295 2880 1389 2932 καὶ
1413 2877 1613 2932 δούλων
1635 2895 1648 2909 ο
1676 2878 1777 2931 οὐκ
1800 2877 2031 2950 ἀνδρῶν,

358 2962 495 3016 ἀλλά
520 2962 614 3015 καὶ
639 2962 911 3030 γυναικῶν
929 2978 943 2991 ⁸
969 2964 1029 3016 οὐ
1054 2962 1346 3028 πλουσίων,
1376 2962 1514 3016 ἀλλά
1536 2962 1631 3016 καὶ
1657 2963 1906 3034 πενήτων
1930 2978 1944 2992 ο
1971 2963 2031 3015 οὐ

356 3043 469 3096 τῶν
496 3043 594 3115 τήν
643 3044 868 3099 Ἐλλάδα
916 3046 1163 3114 γλῶτταν
1215 3045 1667 3116 πεπαιδευμένων
1694 3086 1709 3113 ,
1768 3046 1906 3100 ἀλλά
1940 3046 2036 3099 καὶ

360 3124 673 3198 βαρϐάρων.
709 3129 819 3182 Kal
850 3129 902 3183 τί
939 3130 1083 3197 λέγω
1130 3129 1410 3201 ἀρχόντων
1462 3129 1555 3185 καὶ
1608 3127 1868 3194 ίδιωτῶν;
1926 3128 2037 3181 Kal

362 3209 526 3262 αὑτοῦ
552 3222 579 3251 α
608 3209 703 3264 τοῦ
728 3211 790 3264 τὸ
813 3210 1047 3281 διάδημα
1078 3210 1463 3281 περικειμένου
1493 3210 1556 3263 τὸ
1574 3209 1815 3273 συνειδὸς
1833 3209 2036 3280 ὁμοίως

359 3295 476 3355 τοῖς
502 3294 706 3359 λοιποῖς
737 3296 874 3367 πρὸς
902 3298 1000 3366 τὴν
1028 3294 1233 3365 ταύτης
1278 3293 1527 3363 ὑπακοὴν
1559 3292 1877 3364 μετέστησε.
1903 3292 2038 3364 ,Καὶ

358 3378 464 3431 οὐκ
484 3379 598 3433 ἔστι
634 3383 869 3452 σήμερον
901 3380 1164 3450 διαφοράν
1205 3378 1335 3431 ίδεῖν
1362 3377 1459 3448 τῆς
1489 3376 1584 3430 τοῦ
1621 3375 1880 3430 πλουσίου
1898 3393 2036 3447 τρα-

360 3462 555 3532 πέζης,
574 3464 781 3534 καὶτῆς
798 3462 891 3516 τοῦ
912 3463 1141 3532 πένητος
1159 3478 1173 3492 ο
1196 3460 1335 3515 ἀλλά
1350 3458 1625 3529 πανταχοῦ
1641 3458 1762 3529 λιτὴ
1785 3460 1817 3529 ή
1836 3457 2035 3522 δίαιτα,

360 3546 758 3617 ἀπηλλαγμένη
790 3547 1005 3616 κόμπου
1028 3546 1122 3598 καὶ
1152 3542 1475 3613 φαντασίας,
1501 3543 1595 3594 καὶ
1632 3542 1770 3612 μετὰ
1796 3540 2039 3604 πλείονος

360 3630 465 3701 τῆς
491 3630 680 3701 ήδονῆς
704 3631 942 3701 σήμερον
969 3632 1036 3700 τῇ
1071 3627 1319 3697 εὐτελείᾳ
1349 3630 1449 3698 τῆς
1487 3624 1765 3697 τραπέζης
1800 3624 2039 3694 προσέρ-

361 3730 571 3785 χονται,
602 3714 635 3784 ἦ
669 3714 757 3766 ὅτε
789 3712 958 3767 πολλὰ
980 3713 1164 3775 αὐτοῖς
1192 3710 1263 3765 τά
1296 3707 1695 3781 καρυκεύματα
1715 3708 2037 3780 παρέκειτο,

361 3802 462 3855 καὶ
494 3800 661 3862 πολὺς
685 3801 713 3853 ό
742 3800 1000 3869 ἄκρατος.

438 3883 504 3952 β’.
524 3884 729 3945 Είδετε,
758 3880 1053 3952 ἀγαπητοὶ,
1091 3879 1150 3945 ἐξ
1165 3878 1342 3933 αὐτῶν
1364 3877 1472 3930 τῶν
1503 3876 1802 3949 προοιμίων
1822 3877 1920 3947 τῆς
1950 3894 2043 3948 νη-

365 3967 550 4030 στείας
595 3966 693 4036 τὴν
736 3964 925 4034 ίσχύν;
973 3966 1073 4017 Διά
1098 3963 1257 4016 τοῦτο
1286 3961 1381 4015 καὶ
1415 3960 1579 4025 αὐτὸς
1629 3960 1769 4030 μετά
1800 3959 2041 4024 πλείονος

366 4053 610 4122 σήμερον
665 4050 761 4120 τῆς
794 4048 1121 4122 προθυμίας,
1153 4048 1187 4118 ἢ
1238 4045 1536 4117 πρότερον,
1574 4043 1681 4097 τῶν
1732 4043 1868 4113 πρὸς
1899 4043 2045 4113 ὑμᾶς

367 4134 614 4201 ᾶπτομαι
647 4131 843 4200 λόγων,
886 4129 1041 4194 εἰδὼς
1069 4129 1150 4182 ὅτι
1184 4130 1264 4191 εἰς
1298 4125 1534 4198 λιπαρὰν
1566 4125 1661 4179 καὶ
1702 4124 1984 4195 βαθύγεων
2019 4124 2046 4163 δ

364 4216 605 4285 ἄρουραν
636 4214 958 4269 καταϐάλλω
979 4215 1046 4267 τά
1069 4213 1384 4283 σπέρματα,
1415 4210 1721 4280 δυναμένην
1748 4208 2049 4262 πολλαπλα-

370 4299 520 4361 σίους
552 4298 685 4368 ἡμῖν
712 4296 919 4367 ταχέως
950 4296 1240 4349 ἀποδοῦναι
1262 4294 1371 4349 τῶν
1406 4292 1900 4362 καταϐαλλομένων
1921 4293 2047 4354 τοὺς

377 4382 638 4454 ιαρπούς.
694 4381 1116 4452 Καταμάθωμεν
1161 4380 1363 4442 τοίνυν,
1390 4379 1439 4431 εἰ
1467 4378 1633 4441 δοκεῖ,
1665 4376 1773 4429 τῶν
1808 4376 2047 4448 σήμερον

368 4467 502 4536 ἡμῖν
531 4464 985 4533 ἀναγνωσθέντων
1020 4469 1083 4517 εκ
1104 4462 1212 4516 τῶν
1249 4463 1341 4515 τοῦ
1386 4460 1654 4533 μακαρίου
1685 4460 1929 4523 Μωσέως
1961 4458 2047 4511 λό-

371 4563 485 4614 γων
509 4549 606 4617 τὴν
638 4548 889 4619 δύναμιν.
950 4547 1110 4601 Ἀλλά
1144 4546 1466 4618 προσέχετε,
1529 4543 1853 4616 παρακαλῶ,
1910 4543 2051 4614 μετά

369 4629 657 4699 ἀκριϐείας
688 4634 800 4695 τοῖς
832 4632 960 4701 παρ’
992 4630 1149 4702 ήμῶν
1169 4629 1515 4699 λεγομένοις·
1566 4629 1627 4681 οὐ
1662 4627 1771 4699 γὰρ
1811 4625 1880 4679 τὰ
1912 4626 2051 4697 ήμέ-

369 4734 506 4787 τερα
535 4718 790 4788 λέγομεν,
825 4718 939 4771 ἀλλ’
970 4721 1112 4790 άπερ
1142 4716 1207 4771 ἂν
1238 4720 1271 4788 ή
1300 4716 1393 4769 τοῦ
1440 4714 1576 4768 Θεοῦ
1600 4714 1762 4785 χάρις
1791 4714 2050 4784 παράσχῃ

370 4800 463 4854 διά
487 4801 586 4872 τὴν
614 4802 881 4870 ὠφέλειαν
912 4813 933 4840 ο
961 4802 1059 4873 τὴν
1084 4800 1381 4871 ὑμετέραν.
1407 4798 1545 4852 Τίνα
1570 4797 1628 4850 δὲ
1656 4798 1831 4851 ταῦτά
1861 4799 2009 4849 ἐστιν
2036 4813 2050 4860 ;

384 4886 492 4939 Ἐν
509 4884 667 4954 ἀρχῇ
688 4885 981 4952 ἐποίησεν
1014 4888 1046 4939 ὁ
1078 4884 1222 4949 Θεὸς
1244 4882 1350 4936 τὸν
1370 4881 1632 4951 οἰιρανὸν
1651 4880 1748 4935 καὶ
1774 4880 1888 4948 τὴν
1910 4880 2050 4949 γῆν.

376 4972 561 5036 ’Δξιον
598 4971 833 5025 ἐνταῦθα
853 4972 1203 5043 διαπορῆσαι,
1227 4971 1374 5032 τίνος
1397 4968 1583 5021 ἕνεκεν
1604 4969 1633 5020 ὁ
1670 4967 1939 5037 μακάριος
1969 4958 2055 5017 οῦ-

378 5074 466 5119 τος
491 5057 798 5127 προφήτης,
839 5055 975 5125 μετά
1028 5054 1227 5116 πολλὰς
1261 5052 1487 5124 ὕστερον
1537 5050 1734 5119 γενεάς
1785 5048 2050 5117 γεγονὼς,

372 5142 549 5195 ταῦτα
564 5145 693 5213 ήμῖι
709 5141 1001 5195 ἐκτίθεται.
1021 5141 1133 5211 οὐχ
1160 5138 1368 5204 ἁπλῶς,
1391 5137 1512 5191 οὑδὲ
1542 5139 1686 5208 εικῆ.
1706 5134 1922 5203 Ἐπειδὴ
1945 5132 2052 5205 γάρ

377 5225 439 5289 ἐξ
460 5226 635 5296 ἀρχῆς
654 5224 863 5287 πλάσας
891 5224 983 5277 τὸν
1010 5223 1294 5294 ἄνθρωπον
1325 5226 1354 5275 ὀ
1392 5221 1545 5285 Θεὸς,
1571 5220 1636 5273 δι’
1661 5218 1856 5273 ἐαυτοῦ
1883 5219 2055 5271 διελέ-

375 5326 506 5376 γετο
538 5309 617 5381 [9]
648 5311 761 5373 τοῖς
781 5308 1110 5379 ἀνθρώποις,
1138 5308 1212 5372 ὡς
1242 5306 1548 5378 ἀνθρώποις
1573 5304 1804 5360 ἀκοῦσαι
1832 5303 2056 5358 δυνατὸν

376 5390 466 5463 ἦν.
497 5393 684 5457 (ἀῦεως
710 5392 820 5465 γὰρ
859 5392 994 5463 πρὸς
1024 5392 1118 5446 τὸν
1150 5391 1322 5462 Ἀδὰμ
1350 5387 1515 5461 ἦλθεν
1540 5404 1554 5419 '
1606 5387 1780 5450 οὑτως
1805 5387 1883 5458 τῷ
1916 5387 2057 5441 Κάῖν

441 5518 470 5546 ⁸
492 5515 691 5567 Coislin.
716 5516 797 5563 καὶ
812 5515 1032 5572 ἰδιωτῶν,
1055 5513 1136 5561 καὶ
1155 5515 1252 5560 τῶν
1273 5512 1456 5571 ά).λων;
1478 5512 1573 5559 Καὶ
1599 5505 1762 5557 αὑτοῦ.
1791 5505 1919 5556 Illﬁ'a
1934 5506 2057 5569 Reg.

378 5592 509 5630 unus
526 5581 608 5628 καὶ
626 5581 716 5628 οὑκ
739 5580 841 5628 ἐστι
865 5578 1071 5638 σήμερον
1092 5577 1294 5638 διαφορά
1313 5577 1687 5638 τήςμωηᾼηιαιιθ.

444 5642 475 5681 δ
500 5644 684 5703 Regius
718 5652 846 5689 unus
870 5630 1140 5698 βαθύγαιον,
1164 5630 1288 5685 ειιὺε
1324 5630 1483 5684 ωδεχ
1512 5634 1775 5697 βαθὺγειον,
1810 5631 1939 5680 alius
1975 5630 2062 5693 βα-

384 5707 577 5737 ἣοήηυριυ

380 5720 699 5818 “Zamam.
739 5762 983 5827 παράσχοι
1025 5761 1104 5809 διὰ
1140 5761 1225 5817 τήν
1250 5759 1388 5821 ἡμῶν
1431 5759 1678 5821 ὠφέλειαν,
1701 5755 1827 5806 forte
1861 5753 2062 5805 melius.

380 5830 480 5878 Mii
504 5832 622 5883 item
644 5824 831 5876 habent
856 5824 1114 5884 παράσχοι.

803 5933 1072 5993 Parnm.
1119 5931 1235 5989 (in.
1287 5924 1443 5986 Llll.
1529 6009 1538 6017 .

2116 480 2448 551 ἐπετίμησεν
2468 499 2481 510 ·
2503 480 2676 545 οὕτως
2704 480 2777 553 τῷ
2804 481 2927 535 Νῶε
2956 483 3199 556 διελέχθη
3219 498 3235 516 ⁸
3257 483 3433 548 οὕτως
3475 486 3785 557 ἐπεξενώθη

2116 562 2192 633 τῷ
2239 563 2507 634 Ἀϐραάμ.
2527 564 2656 617 Ὅτε
2684 564 2741 617 δὲ
2775 565 2854 629 είς
2885 565 3084 637 πολλὴν
3114 567 3312 621 κακίαν
3334 564 3607 632 ’ἐξώκειλε
3638 572 3789 624 πᾶσα

2116 646 2149 714 ή
2180 644 2288 698 τῶν
2322 644 2625 716 ἀνθρώπων
2658 644 2818 715 φύσις
2842 687 2857 712 ,
2895 647 3015 700 οὐδὲ
3040 647 3185 701 οὕτω
3229 649 3413 703 τέλεον
3455 651 3787 723 ἀπεστράφη

2114 726 2178 779 τὸ
2224 726 2334 780 τῶν
2381 727 2682 798 ἀνθρώπων
2710 729 2869 797 γένος
2921 732 2950 784 ό
2974 730 3083 785 τῶν
3129 731 3386 785 ἀπάντων
3422 732 3785 805 δημιουργόςο

2117 811 2233 864 ἀλλ’
2261 811 2451 884 ἐπειδὴ
2478 813 2686 877 ἀνάξιοι
2708 812 2894 867 λοιπὸν
2927 814 3182 883 γεγόνασι
3204 816 3303 885 τῆς
3325 814 3540 886 ὁμιλίας
3566 817 3666 887 τῆς
3690 818 3791 871 αὑ-

2118 893 2235 956 τοῦ,
2289 893 2611 966 βουλόμενος
2661 896 2823 951 πάλιν
2850 898 3263 953 ἀνανεώσασθαι
3295 901 3394 971 τὴν
3431 901 3569 971 πρὸς
3594 902 3793 965 αὐτοὺς

2120 976 2322 1044 φιλίαν,
2346 977 2596 1054 καθάπερ
2612 977 2921 1049 ἀνθρώποις
2950 980 3166 1051 μακρὰν
3186 981 3463 1049 ἀφεστῶσι
3490 982 3793 1052 γράμματα

2122 1059 2351 1129 πέμπει,
2388 1060 2524 1131 πρὸς
2578 1061 2769 1116 ἐαυτὸν
2823 1062 3185 1133 ἐφελκόμενος
3230 1064 3410 1117 πᾶσαν
3434 1063 3532 1134 τὴν
3564 1063 3672 1117 τῶν
3703 1064 3796 1117 ἀν-

2123 1142 2357 1212 θρώπων
2386 1141 2567 1211 φύσιν.
2610 1145 2720 1197 Kal
2746 1144 2921 1198 ταῦτα
2950 1145 3019 1198 τὰ
3046 1145 3355 1217 γράμματα
3378 1145 3591 1216 έπεμψε
3634 1145 3734 1216 μὲν
3768 1147 3799 1198 ὁ

2121 1224 2273 1287 Θεὸς,
2311 1226 2534 1296 ἐκόμισε
2566 1226 2624 1280 δὲ
2661 1227 2886 1296 Μωσῆς.
2924 1226 2991 1280 Τί
3032 1225 3125 1281 οῦν
3154 1227 3301 1297 λέγει
3334 1230 3404 1281 τά
3454 1228 3797 1298 γράμματα;

2136 1308 2238 1361 Ἐν
2260 1307 2420 1377 ἀρχῇ
2448 1309 2735 1376 ἐποίησεν
2756 1312 2788 1363 ὁ
2820 1310 2964 1375 Θεὸς
2981 1311 3088 1364 τὸν
3117 1312 3377 1379 οἰφανὸν
3395 1313 3491 1366 καί
3514 1311 3628 1379 τὴν
3660 1309 3797 1380 γῆν.

2126 1389 2324 1443 Σκόπει
2346 1390 2440 1443 τοῦ
2475 1390 2791 1460 θαυμαστοῦ
2821 1391 3012 1446 τούτου
3050 1394 3333 1464 προφήτου
3357 1434 3372 1459 ,
3403 1393 3673 1464 ἀγαπητὲ,
3707 1393 3802 1446 καὶ

2126 1472 2185 1524 ἐν
2206 1472 2382 1543 τούτῳ
2406 1473 2468 1526 τὸ
2498 1471 2796 1544 ἐξαίρετον.
2826 1472 2893 1528 Οἱ
2921 1473 3020 1544 μὲν
3042 1475 3149 1544 γὰρ
3188 1473 3337 1528 ἄλλοι
3359 1475 3636 1547 προφῆται
3664 1472 3802 1526 πάν-

2125 1554 2275 1625 τεςῆ
2308 1554 2380 1608 τά
2410 1555 2550 1626 μετά
2582 1555 2750 1608 πολὺν
2803 1556 3039 1626 ἐσόμενα
3088 1557 3276 1627 χρόνον
3316 1553 3490 1618 εἶπον,
3526 1556 3560 1628 ἢ
3587 1556 3655 1610 τά
3682 1558 3802 1609 κατ’

2126 1637 2288 1691 αὐτὸν
2320 1637 2582 1709 μέλλοντα
2607 1636 2987 1709 συμϐήσεσθαι
3018 1636 3109 1691 τὸν
3139 1637 3332 1708 καιρόν
3355 1653 3369 1667 ⁸
3401 1640 3430 1691 ὁ
3450 1638 3507 1692 δὲ
3536 1636 3808 1708 μακάριος

2127 1715 2282 1782 οῦτος
2318 1718 2458 1789 μετά
2480 1718 2682 1783 πολλὰς
2704 1719 2901 1787 γενεὰς
2920 1717 3185 1788 γεγονὼς,
3210 1719 3317 1772 ὑπὸ
3347 1719 3446 1790 τῆς
3491 1718 3697 1773 ἀνωθεν
3723 1715 3810 1769 δε-

2129 1801 2249 1869 ξιᾶς
2297 1801 2666 1873 όδηγούμενος
2696 1802 2722 1842 ά
2769 1804 2956 1856 ἐκεῖνα
3001 1803 3176 1856 είπεῖν
3214 1801 3551 1873 κατηξιώθη,
3610 1799 3647 1855 ἀ
3700 1797 3808 1869 πρὸ

2128 1885 2224 1953 τῆς
2252 1883 2418 1938 αὐτοῦ
2446 1884 2716 1952 γενέσεως
2741 1882 2846 1937 ὑπὸ
2871 1882 2964 1936 τοῦ
2984 1883 3092 1937 τῶν
3114 1882 3370 1938 ἁπάντων
3401 1879 3808 1953 ἐδημιουργήθη

2130 1967 2423 2023 Δεσπότου.
2480 1968 2581 2022 Διά
2632 1967 2791 2022 τοῦτο
2842 1968 2937 2021 καὶ
2992 1967 3168 2032 οὕτως
3220 1967 3422 2039 ήρξατο
3450 1966 3659 2035 λέγων’
3708 1967 3812 2018 Ἑν

2130 2049 2286 2119 ἀρχῇ
2332 2051 2624 2119 ἐποίησεν
2654 2054 2687 2105 ὁ
2727 2050 2873 2117 Θεὸς
2903 2050 3010 2104 τὸν
3033 2049 3300 2118 οἰιρανὸν
3345 2048 3444 2103 καὶ
3489 2049 3605 2116 τὴν
3656 2046 3807 2117 γῆν·

2132 2134 2418 2204 μονονουχὶ
2455 2135 2592 2204 πρὸς
2624 2134 2871 2198 ἅπαντας
2932 2134 3080 2203 ἡμᾶς
3110 2133 3344 2204 λαμπρᾷ
3375 2132 3516 2202 βοῶν
3540 2134 3608 2203 τῇ
3635 2130 3810 2201 φωνῇ,

2132 2215 2226 2269 καὶ
2248 2215 2420 2283 λέγων
2446 2234 2456 2244 ·
2496 2217 2571 2287 μὴ
2596 2216 2704 2288 γάρ
2736 2215 2885 2287 παρά
2908 2213 3197 2284 ἀνθρώπου
3230 2215 3612 2285 διδασκόμενος
3637 2210 3812 2267 ταῦτα

2133 2299 2476 2370 φθέγγομαις
2540 2302 2597 2353 Ὀ
2628 2301 2735 2354 ἀπὸ
2764 2299 2856 2353 τοῦ
2889 2298 2963 2370 μὴ
3015 2299 3168 2361 ὑντος
3205 2309 3228 2336 θ
3256 2299 3337 2361 εἰς
3393 2296 3455 2350 τὸ
3488 2292 3628 2349 εἶναι
3672 2295 3814 2349 αὐτά

2134 2381 2495 2453 παραγαγὼν,
2536 2379 2690 2447 οὗτος
2712 2384 2806 2437 καὶ
2837 2382 2935 2454 τήν
2961 2381 3100 2453 ἐμὴν
3133 2380 3380 2449 γλῶτταν
3401 2380 3539 2451 πρὸς
3560 2380 3659 2448 τὴν
3688 2378 3814 2432 τού-

2134 2482 2240 2519 των
2271 2467 2530 2536 ἐξήγησιν
2565 2466 2960 2537 παρώρμησεν.
3025 2465 3113 2528 Ὦς
3145 2459 3239 2518 οῦν
3267 2463 3450 2517 οὐκέτι
3499 2460 3652 2531 παρά
3682 2462 3815 2515 Μω-

2137 2545 2274 2610 σέως
2306 2547 2477 2600 ταῦτα
2509 2546 2817 2609 ἀκούοντες,
2851 2545 2988 2599 ἀλλὰ
3017 2547 3148 2617 παρ’
3181 2545 3349 2599 αὐτοῦ
3388 2543 3482 2598 τοῦ
3533 2544 3643 2597 τῶν
3675 2544 3817 2596 ὅλων

2135 2629 2270 2683 Θεοῦ
2303 2630 2392 2684 διά
2414 2630 2511 2699 τῆς
2536 2629 2626 2684 τοῦ
2657 2629 2902 2692 Μωσέως
2939 2626 3209 2699 γλώττης,
3243 2628 3386 2682 οὑτω
3417 2629 3531 2691 τοῖς
3588 2626 3820 2696 λεγομέ-

2137 2731 2249 2779 νοις
2277 2716 2655 2786 προσέχωμεν,
2708 2711 3032 2784 παρακαλῶ,
3084 2711 3179 2765 καὶ
3212 2710 3388 2765 πολλά
3443 2709 3659 2781 χαίρειν
3707 2710 3820 2771 τοῖς

2139 2797 2427 2868 ἡμετέροις
2477 2797 2759 2867 λογισμοῖς
2792 2795 3041 2858 εἰπόντες
3065 2811 3079 2825 ⁸
3112 2794 3401 2865 Λογισμοὶ
3442 2794 3574 2865 γὰρ,
3629 2792 3817 2863 φησὶν,

2138 2880 2463 2949 ἀνθρώπων
2486 2880 2695 2944 δειλοί,
2719 2880 2816 2933 καί
2847 2879 3205 2947 ἐπισφαλεῖς
3228 2880 3288 2932 αἱ
3310 2878 3570 2932 ἐπίνοιαι
3593 2874 3815 2929 αὐτῶν.

2138 2963 2293 3019 Μετὰ
2321 2964 2516 3035 πολλῆς
2540 2964 2641 3034 τῆς
2692 2961 3112 3033 εὐγνωμοσύνης
3156 2960 3440 3033 δεχώμεθα
3473 2960 3541 3015 τὰ
3588 2959 3820 3029 λεγόμε-

2143 3064 2230 3114 να,
2266 3046 2340 3119 μή
2381 3047 2800 3118 ὑπερϐαίνοντες
2832 3045 2893 3099 τὸ
2925 3047 3121 3099 οἰκεῖον
3159 3044 3376 3115 μέτρον,
3415 3043 3549 3115 μηδέ
3584 3043 3652 3096 τά
3681 3041 3823 3112 ὑπὲρ

2141 3131 2287 3201 ἡμᾶς
2307 3129 2824 3201 περιεργαζόμενοι·
2850 3129 2990 3200 ὅπερ
3009 3127 3342 3184 πεπόνθασιν
3361 3128 3409 3180 οί
3437 3127 3536 3198 τῆς
3563 3126 3824 3197 ἀληθείας

2141 3211 2349 3284 ἐχθροὶ,
2382 3213 2735 3285 βουληθέντες
2781 3214 2893 3275 τοῖς
2949 3210 3172 3275 οἰκείοις
3222 3211 3503 3281 λογισμοῖς
3531 3208 3825 3281 ἐπιτρέψαι

2138 3293 2201 3347 τὸ
2236 3296 2366 3361 πᾶν,
2411 3296 2507 3348 καὶ
2539 3296 2640 3348 οὑκ
2687 3295 3041 3365 ἐννοήσαντες
3072 3294 3153 3347 ὅτι
3182 3293 3444 3347 ἀδύνατον
3488 3292 3588 3364 τὴν
3619 3292 3827 3362 ἀνθρωμ

2142 3377 2303 3429 πείαν
2357 3376 2521 3447 φύσιν
2576 3375 2595 3415 τ
2635 3378 2735 3447 τὴν
2771 3376 2866 3429 τοῦ
2907 3376 3044 3429 Θεοῦ
3074 3375 3436 3447 δημιουργίαν
3464 3372 3829 3444 περιεργάζε-

2143 3458 2282 3513 σθαι.
2320 3460 2431 3513 Kal
2459 3459 2513 3513 τί
2535 3458 2676 3529 λέγω
2700 3459 2798 3529 τὴν
2821 3457 2915 3510 τοῦ
2942 3457 3075 3511 Θεοῦ
3102 3457 3492 3529 δημιουργίαν;
3530 3457 3668 3510 Ἀλλ’
3702 3456 3827 3510 οὐδὲ
3866 3459 3875 3467 ’

2142 3541 2430 3613 ἀνθρώπου
2475 3542 2673 3614 τέχνην
2722 3541 2818 3594 τοῦ
2852 3540 3152 3612 ὁμογενοῦς
3184 3543 3318 3612 ήμῖν
3359 3539 3827 3613 περιεργάζεσθαι

2141 3625 2384 3679 δυνατόν.
2416 3625 2551 3679 Εἰπὲ
2579 3624 2689 3696 γάρ
2726 3642 2838 3696 μοι,
2868 3624 2979 3687 πῶς
3014 3623 3122 3677 ἀπὸ
3144 3623 3243 3694 τῆς
3277 3623 3603 3693 μεταλλικῆς
3632 3622 3828 3692 τέχνης

2145 3708 2369 3780 χρυσίου
2398 3708 2714 3762 συνίσταται
2739 3707 2934 3777 φύσις;
2973 3706 3150 3778 ῆπῶς
3186 3705 3285 3775 τῆς
3317 3705 3473 3759 ὑέλου
3507 3707 3541 3778 ἡ
3591 3704 3829 3777 καθαρό-

2145 3811 2243 3864 της
2279 3792 2387 3846 ἀπὸ
2420 3792 2648 3863 ψάμμου
2689 3792 2930 3860 γίνεται;
2971 3790 3110 3843 Ἀλλ’
3139 3789 3328 3843 οὐκᾶν
3366 3789 3512 3860 ἔχοις
3542 3789 3739 3842 εἰπεῖν.
3765 3787 3830 3839 Et

2147 3878 2327 3932 τοίνυν
2350 3877 2524 3931 ταῦτα
2544 3876 2613 3930 τά
2641 3875 2747 3946 πρὸ
2776 3874 2885 3927 τῶν
2914 3872 3209 3944 ὀφθαλμῶν
3244 3873 3492 3945 κείμενα,
3560 3872 3653 3925 καὶ
3687 3870 3830 3941 ἆπερ

2146 3961 2234 4014 διὰ
2262 3960 2361 4029 τὴν
2383 3959 2478 4013 τοῦ
2517 3958 2655 4012 Θεοῦ
2685 3957 3098 4029 φιλανθρωπίαν
3126 3956 3287 4025 σοφία
3323 3954 3644 4026 ἀνθρωπίνη
3666 3954 3832 4024 ἐργά-

2149 4044 2321 4108 ζεται,
2374 4042 2713 4111 καταμαθεῖν
2752 4039 2812 4091 οὑ
2851 4037 3075 4091 δυνατὸν
3105 4038 3153 4100 ⁸,
3185 4037 3254 4088 τά
3287 4035 3397 4088 ἀπὸ
3444 4034 3537 4087 τοῦ
3572 4033 3707 4088 Θεοῦ
3734 4035 3830 4105 δη-

2153 4125 2556 4196 μιουργηθέντα
2583 4120 2946 4193 περιεργάζῃ,
2973 4117 3228 4189 ἄνθρωπε
3254 4135 3269 4185 ;
3585 4165 3596 4174 .

2220 4209 2331 4262 Kal
2364 4205 2524 4269 ποίας
2547 4203 2613 4259 ἂν
2638 4203 2824 4274 τύχοις
2864 4200 3226 4271 συγγνώμης;
3252 4198 3398 4262 τίνος
3436 4198 3495 4251 δὲ
3533 4197 3831 4266 ἀπολογίας

2150 4290 2293 4344 οὑτω
2321 4287 2603 4360 μεμηνὼς,
2635 4287 2731 4341 καὶ
2760 4284 2831 4339 τά
2859 4285 3001 4355 ὑπὲρ
3035 4285 3134 4354 τὴν
3161 4282 3361 4336 σαυτοῦ
3389 4281 3550 4352 φύσιν
3572 4282 3835 4351 φανταζό-

2155 4390 2343 4444 μενος;
2377 4372 2451 4425 Τὸ
2482 4370 2593 4441 γὰρ
2618 4369 2798 4439 λέγειν
2828 4368 2887 4432 ἐξ
2916 4366 3284 4438 ὑποκειμένης
3314 4365 3447 4437 ὑλης
3474 4366 3543 4420 τὰ
3572 4368 3702 4420 ὑντα
3736 4384 3834 4436 γε-

2152 4456 2435 4525 γενῆσθαι,
2470 4455 2566 4508 καὶ
2628 4454 2703 4525 μὴ
2764 4452 3049 4523 ὁμολογεῖν
3097 4452 3179 4504 ὅτι
3226 4449 3287 4514 ἐξ
3315 4450 3418 4503 οὐκ
3472 4449 3646 4503 ὄντων
3693 4451 3835 4504 αὑτά

2156 4538 2530 4611 παρήγαγενὸ
2574 4538 2685 4590 τῶν
2735 4536 2992 4590 ἀπάντων
3046 4533 3398 4605 δημιουργὸς,
3452 4533 3553 4603 τῆς
3598 4533 3835 4604 ἐσχάτης

2155 4620 2582 4694 παραφροσύνης
2605 4621 2672 4675 ἂν
2703 4619 2791 4690 εἴη
2812 4623 3059 4691 σημεῖον.
3106 4616 3466 4687 Ἐμφράττων
3508 4617 3688 4672 τοίνυν
3725 4617 3835 4669 τῶν

2153 4705 2487 4777 ἀγνωμόνων
2515 4706 2582 4758 τά
2605 4704 2845 4774 στόματα
2870 4705 2897 4755 ό
2927 4702 3197 4773 μακάριος
3210 4694 3364 4763 οὗτος
3382 4701 3689 4771 προφήτης,
3711 4700 3838 4770 μέλ-

2154 4790 2260 4843 λων
2294 4787 2556 4860 ἀρχεσθαι
2574 4784 2666 4839 τοῦ
2693 4785 2919 4856 βιϐλίου,
2938 4783 3109 4847 οῦτως
3140 4780 3360 4853 ἤρξατο*
3383 4780 3487 4834 Ἐν
3502 4778 3659 4848 ἀρχῇ
3672 4781 3835 4860 ἐποι-

2135 4862 2310 4942 ἠσεν
2335 4857 2505 4944 [[016
2524 4868 2669 4933 Θεὸς
2692 4868 2798 4922 τὸν
2823 4866 3086 4935 οὐρανὸν
3121 4863 3218 4917 καὶ
3243 4863 3356 4931 τὴν
3390 4861 3525 4932 γῆν.
3552 4861 3721 4915 Ὅταν
3740 4857 3833 4916 οὖν

2158 4956 2398 5027 ἀκούσῃς
2443 4954 2524 5017 τὸ,
2581 4954 2888 5020 Ἐποίησε,
2945 4949 3109 5022 μηδὲν
3159 4946 3407 5027 ἕτερον,11
3440 4944 3829 5027 περιεργάζου,

2158 5042 2294 5095 ἀλλά
2342 5026 2505 5093 ἀκάτω
2559 5036 2805 5100 κύπτων,
2869 5034 3091 5088 πίστευε
3134 5030 3213 5100 τῷ
3259 5026 3522 5098 λεχθέντι.
3564 5026 3693 5090 Θεὸς
3727 5028 3834 5099 γάρ

2160 5129 2306 5179 ἐστιν
2337 5128 2366 5177 ό
2414 5123 2591 5176 πάντα
2640 5120 2809 5174 ποιῶν
2840 5118 2935 5171 καὶ
2983 5112 3426 5187 μετασκευάξων,
3464 5109 3557 5164 καὶ
3600 5110 3736 5179 πρὸς
3776 5113 3838 5162 τὸ

2161 5209 2325 5263 αὑτοῦ
2364 5208 2612 5279 βούλημα
2640 5205 2711 5259 τὰ
2747 5204 2925 5258 πάντα
2960 5196 3435 5271 μεταρρυθμίςων.
3470 5196 3580 5248 Kal
3608 5196 3709 5267 ὅρα
3736 5195 3838 5265 τῆς

2224 5378 2252 5418 «ι
2275 5376 2474 5431 Coislin.
2499 5376 2593 5425 ὑπὸ
2617 5380 2700 5437 τῆς
2719 5373 2894 5437 ἀνωθεν
2918 5365 3287 5437 ἐξουςίεξςβέηγσ
3355 5421 3378 5432 -
3450 5422 3518 5437 ..

2232 5454 2255 5482 ο
2603 5419 2700 5485 τόῗῖ
2815 5419 2964 5499 ὁντοςξ
3010 5419 3158 5477 Ᾱὶὶιὸ
3182 5419 3276 5474 ἀπὸ
3293 5421 3385 5499 ,τοῦ
3406 5422 3469 5485 μή
3496 5422 3639 5499 ὄντος.
3668 5419 3840 5488 Pgrgit

2163 5485 2545 5556 Coisl‘iFll.‘V-t0
2566 5500 2682 5547 εἶναι
2704 5485 2855 5544 ¹ταῦτα
2876 5485 3031 5556 πάντα
3052 5489 3358 5551 παραγαγών,
3388 5499 3482 5534 non
3508 5485 3651 5531 male.

2233 5555 3022 5627 τρυιειιιί.τῇάνορωπείφ,φιὶσὲισ
3095 5612 3108 5627 .
3159 5613 3179 5627 .
3307 5609 3347 5627 ,ν
3422 5606 3528 5627 ι.--
3582 5605 3647 5627 με

2233 5628 2259 5668 ε
2281 5606 3005 5686 νῐῐιὲθΪ-κατᾶιλαϐεῐν
3060 5612 3115 5686 οῦ
3155 5609 3369 5686 δυνατόν.
3422 5606 3682 5686 φωρ-τῇς
3697 5614 3839 5686 illi}?

2167 5690 2245 5748 τά,
2273 5668 2649 5749 αἱῖόὶινέξεῐῖη
2691 5681 2887 5736 Murel.,
2933 5680 3078 5749 ᾳεςει
3102 5675 3206 5749 ilutt
3231 5668 3752 5749 ωηιξη-ει.θερμὴν-ει
3789 5668 3837 5715 in

2416 5726 3078 5808 υῇίξριέῆεἰῆνειιυδέτιριὶες
3106 5737 3318 5795 ideoque
3342 5741 3643 5793 expunczum
3667 5726 3774 5776 ιυιι.

2233 5810 2260 5849 h
2282 5812 2469 5872 Regius
2490 5807 2614 5856 unus
2639 5808 2701 5868 μὴ
2722 5807 2894 5868 ἕτερον.
3782 5814 3787 5817 λ

3339 5901 3378 5960 2
