  <div class='ocr_page' id='page_1' title='image "/cluster/home/n/w/nwhite01/storage/ocr_20150623/53:no.4:pt.1/coo.31924054869536/030.png"; bbox 0 0 4144 6420; ppageno 0'>
   <div class='ocr_carea' id='block_1_1' title="bbox 379 388 3670 469">
    <p class='ocr_par' dir='ltr' id='par_1_1' title="bbox 379 388 3670 469">
     <span class='ocr_line' id='line_1_1' title="bbox 379 388 3670 469; baseline -0.001 -17"><span class='ocrx_word' id='word_1_1' title='bbox 379 413 450 469; x_wconf 70' lang='grc'><strong>99</strong></span> <span class='ocrx_word' id='word_1_2' title='bbox 1564 392 1627 449; x_wconf 80' lang='lat' dir='ltr'><strong>iN</strong></span> <span class='ocrx_word' id='word_1_3' title='bbox 1664 392 1817 449; x_wconf 68' lang='lat' dir='ltr'><strong>CAP.</strong></span> <span class='ocrx_word' id='word_1_4' title='bbox 1861 391 1900 446; x_wconf 94' lang='grc'><strong>1.</strong></span> <span class='ocrx_word' id='word_1_5' title='bbox 1942 388 2189 446; x_wconf 78' lang='lat' dir='ltr'><strong>GENES.</strong></span> <span class='ocrx_word' id='word_1_6' title='bbox 2234 388 2535 445; x_wconf 72' lang='lat' dir='ltr'><strong>llOMlLJI.</strong></span> <span class='ocrx_word' id='word_1_7' title='bbox 3602 394 3670 449; x_wconf 66' lang='grc' dir='ltr'><strong>Μ</strong></span> 
     </span>
    </p>
   </div>
   <div class='ocr_carea' id='block_1_2' title="bbox 379 503 1975 599">
    <p class='ocr_par' dir='ltr' id='par_1_2' title="bbox 379 503 1975 599">
     <span class='ocr_line' id='line_1_2' title="bbox 379 503 1975 599; baseline -0.018 -14"><span class='ocrx_word' id='word_1_8' title='bbox 379 537 501 599; x_wconf 86' lang='lat' dir='ltr'><strong>apte</strong></span> <span class='ocrx_word' id='word_1_9' title='bbox 542 523 827 581; x_wconf 84' lang='lat' dir='ltr'><strong>convertit.</strong></span> <span class='ocrx_word' id='word_1_10' title='bbox 875 519 942 574; x_wconf 87' lang='lat' dir='ltr'><strong>Et</strong></span> <span class='ocrx_word' id='word_1_11' title='bbox 970 516 1088 572; x_wconf 85' lang='lat' dir='ltr'><strong>vide</strong></span> <span class='ocrx_word' id='word_1_12' title='bbox 1116 519 1371 587; x_wconf 86' lang='lat' dir='ltr'><strong>quantum</strong></span> <span class='ocrx_word' id='word_1_13' title='bbox 1410 503 1888 599; x_wconf 15' lang='lat' dir='ltr'><strong>nosti-miparvitati</strong></span> 
     </span>
    </p>
   </div>
   <div class='ocr_carea' id='block_1_3' title="bbox 380 594 1972 687">
    <p class='ocr_par' dir='ltr' id='par_1_3' title="bbox 380 594 1972 687">
     <span class='ocr_line' id='line_1_3' title="bbox 380 594 1972 687; baseline -0.017 -12"><span class='ocrx_word' id='word_1_14' title='bbox 380 594 701 687; x_wconf 77' lang='lat' dir='ltr'><strong>attemperat</strong></span> <span class='ocrx_word' id='word_1_15' title='bbox 737 632 749 667; x_wconf 93' lang='lat'><strong>:</strong></span> <span class='ocrx_word' id='word_1_16' title='bbox 784 610 913 667; x_wconf 84' lang='lat' dir='ltr'><strong>nihil</strong></span> <span class='ocrx_word' id='word_1_17' title='bbox 944 609 1012 664; x_wconf 91' lang='lat' dir='ltr'><strong>de</strong></span> <span class='ocrx_word' id='word_1_18' title='bbox 1038 604 1391 662; x_wconf 82' lang='lat' dir='ltr'><strong>iuvisibilibus</strong></span> <span class='ocrx_word' id='word_1_19' title='bbox 1426 598 1709 655; x_wconf 91' lang='lat' dir='ltr'><strong>virtutibus</strong></span> <span class='ocrx_word' id='word_1_20' title='bbox 1739 594 1972 661; x_wconf 89' lang='lat' dir='ltr'><strong>disserit,</strong></span> 
     </span>
    </p>
   </div>
   <div class='ocr_carea' id='block_1_4' title="bbox 383 689 1975 780">
    <p class='ocr_par' dir='ltr' id='par_1_4' title="bbox 383 689 1975 780">
     <span class='ocr_line' id='line_1_4' title="bbox 383 689 1975 780; baseline -0.016 -15"><span class='ocrx_word' id='word_1_21' title='bbox 383 723 559 780; x_wconf 88' lang='lat' dir='ltr'><strong>neque</strong></span> <span class='ocrx_word' id='word_1_22' title='bbox 587 706 735 771; x_wconf 80' lang='lat' dir='ltr'><strong>dicit,</strong></span> <span class='ocrx_word' id='word_1_23' title='bbox 770 703 829 758; x_wconf 89' lang='lat' dir='ltr'><strong>In</strong></span> <span class='ocrx_word' id='word_1_24' title='bbox 875 699 1135 772; x_wconf 88' lang='lat' dir='ltr'><strong>principio</strong></span> <span class='ocrx_word' id='word_1_25' title='bbox 1180 696 1307 753; x_wconf 89' lang='lat' dir='ltr'><strong>fecit</strong></span> <span class='ocrx_word' id='word_1_26' title='bbox 1346 695 1487 749; x_wconf 89' lang='lat' dir='ltr'><strong>Deus</strong></span> <span class='ocrx_word' id='word_1_27' title='bbox 1520 690 1735 763; x_wconf 82' lang='lat' dir='ltr'><strong>angelos</strong></span> <span class='ocrx_word' id='word_1_28' title='bbox 1768 689 1852 744; x_wconf 87' lang='lat' dir='ltr'><strong>vel</strong></span> <span class='ocrx_word' id='word_1_29' title='bbox 1882 703 1975 780; x_wconf 83' lang='lat' dir='ltr'><strong>ar-</strong></span> 
     </span>
    </p>
   </div>
   <div class='ocr_carea' id='block_1_5' title="bbox 380 778 1977 867">
    <p class='ocr_par' dir='ltr' id='par_1_5' title="bbox 380 778 1977 867">
     <span class='ocr_line' id='line_1_5' title="bbox 380 778 1977 867; baseline -0.014 -11"><span class='ocrx_word' id='word_1_30' title='bbox 380 778 673 867; x_wconf 82' lang='lat' dir='ltr'><strong>changelos</strong></span> <span class='ocrx_word' id='word_1_31' title='bbox 699 813 713 850; x_wconf 89' lang='lat'><strong>:</strong></span> <span class='ocrx_word' id='word_1_32' title='bbox 746 808 852 848; x_wconf 91' lang='lat' dir='ltr'><strong>non</strong></span> <span class='ocrx_word' id='word_1_33' title='bbox 872 788 1207 861; x_wconf 80' lang='lat' dir='ltr'><strong>simpliciter,</strong></span> <span class='ocrx_word' id='word_1_34' title='bbox 1240 800 1413 855; x_wconf 90' lang='lat' dir='ltr'><strong>neque</strong></span> <span class='ocrx_word' id='word_1_35' title='bbox 1432 793 1632 839; x_wconf 85' lang='lat' dir='ltr'><strong>temere</strong></span> <span class='ocrx_word' id='word_1_36' title='bbox 1660 781 1796 835; x_wconf 90' lang='lat' dir='ltr'><strong>hanc</strong></span> <span class='ocrx_word' id='word_1_37' title='bbox 1820 778 1977 834; x_wconf 89' lang='lat' dir='ltr'><strong>nobis</strong></span> 
     </span>
    </p>
   </div>
   <div class='ocr_carea' id='block_1_6' title="bbox 383 870 1974 953">
    <p class='ocr_par' dir='ltr' id='par_1_6' title="bbox 383 870 1974 953">
     <span class='ocr_line' id='line_1_6' title="bbox 383 870 1974 953; baseline -0.016 -7"><span class='ocrx_word' id='word_1_38' title='bbox 383 889 647 945; x_wconf 77' lang='lat' dir='ltr'><strong>doctrinae</strong></span> <span class='ocrx_word' id='word_1_39' title='bbox 673 884 813 939; x_wconf 89' lang='lat' dir='ltr'><strong>viam</strong></span> <span class='ocrx_word' id='word_1_40' title='bbox 845 880 1065 953; x_wconf 88' lang='lat' dir='ltr'><strong>paravit.</strong></span> <span class='ocrx_word' id='word_1_41' title='bbox 1092 878 1226 946; x_wconf 86' lang='lat' dir='ltr'><strong>Quia</strong></span> <span class='ocrx_word' id='word_1_42' title='bbox 1252 875 1394 931; x_wconf 90' lang='lat' dir='ltr'><strong>enim</strong></span> <span class='ocrx_word' id='word_1_43' title='bbox 1419 872 1617 929; x_wconf 71' lang='lat' dir='ltr'><strong>.ludmis</strong></span> <span class='ocrx_word' id='word_1_44' title='bbox 1638 870 1974 941; x_wconf 85' lang='lat' dir='ltr'><strong>loquebatur,</strong></span> 
     </span>
    </p>
   </div>
   <div class='ocr_carea' id='block_1_7' title="bbox 382 962 1976 1052">
    <p class='ocr_par' dir='ltr' id='par_1_7' title="bbox 382 962 1976 1052">
     <span class='ocr_line' id='line_1_7' title="bbox 382 962 1976 1052; baseline -0.012 -17"><span class='ocrx_word' id='word_1_45' title='bbox 382 982 472 1052; x_wconf 91' lang='lat' dir='ltr'><strong>qui</strong></span> <span class='ocrx_word' id='word_1_46' title='bbox 523 980 620 1034; x_wconf 85' lang='lat' dir='ltr'><strong>tuti</strong></span> <span class='ocrx_word' id='word_1_47' title='bbox 668 975 1020 1048; x_wconf 72' lang='lat' dir='ltr'><strong>prmsentibus</strong></span> <span class='ocrx_word' id='word_1_48' title='bbox 1058 970 1219 1027; x_wconf 88' lang='lat' dir='ltr'><strong>rebus</strong></span> <span class='ocrx_word' id='word_1_49' title='bbox 1259 966 1562 1033; x_wconf 83' lang='lat' dir='ltr'><strong>inhiabant,</strong></span> <span class='ocrx_word' id='word_1_50' title='bbox 1606 978 1778 1035; x_wconf 90' lang='lat' dir='ltr'><strong>neque</strong></span> <span class='ocrx_word' id='word_1_51' title='bbox 1816 962 1976 1033; x_wconf 91' lang='lat' dir='ltr'><strong>spiri-</strong></span> 
     </span>
    </p>
   </div>
   <div class='ocr_carea' id='block_1_8' title="bbox 364 1059 1980 1142">
    <p class='ocr_par' dir='ltr' id='par_1_8' title="bbox 364 1059 1980 1142">
     <span class='ocr_line' id='line_1_8' title="bbox 364 1059 1980 1142; baseline -0.013 -13"><span class='ocrx_word' id='word_1_52' title='bbox 364 1075 529 1129; x_wconf 46' lang='lat' dir='ltr'><strong>«tuale</strong></span> <span class='ocrx_word' id='word_1_53' title='bbox 556 1072 840 1142; x_wconf 84' lang='lat' dir='ltr'><strong>quidquam</strong></span> <span class='ocrx_word' id='word_1_54' title='bbox 868 1067 1047 1122; x_wconf 88' lang='lat' dir='ltr'><strong>animo</strong></span> <span class='ocrx_word' id='word_1_55' title='bbox 1072 1063 1355 1132; x_wconf 86' lang='lat' dir='ltr'><strong>concipere</strong></span> <span class='ocrx_word' id='word_1_56' title='bbox 1382 1059 1648 1126; x_wconf 90' lang='lat' dir='ltr'><strong>valebant,</strong></span> <span class='ocrx_word' id='word_1_57' title='bbox 1680 1072 1772 1112; x_wconf 87' lang='lat' dir='ltr'><strong>eos</strong></span> <span class='ocrx_word' id='word_1_58' title='bbox 1799 1071 1829 1112; x_wconf 87' lang='lat' dir='ltr'><strong>a</strong></span> <span class='ocrx_word' id='word_1_59' title='bbox 1856 1070 1980 1110; x_wconf 86' lang='lat' dir='ltr'><strong>scn-</strong></span> 
     </span>
    </p>
   </div>
   <div class='ocr_carea' id='block_1_9' title="bbox 382 1148 1974 1230">
    <p class='ocr_par' dir='ltr' id='par_1_9' title="bbox 382 1148 1974 1230">
     <span class='ocr_line' id='line_1_9' title="bbox 382 1148 1974 1230; baseline -0.013 -9"><span class='ocrx_word' id='word_1_60' title='bbox 382 1164 628 1221; x_wconf 86' lang='lat' dir='ltr'><strong>sibilihus</strong></span> <span class='ocrx_word' id='word_1_61' title='bbox 659 1161 723 1216; x_wconf 92' lang='lat' dir='ltr'><strong>ad</strong></span> <span class='ocrx_word' id='word_1_62' title='bbox 750 1156 1180 1230; x_wconf 88' lang='lat' dir='ltr'><strong>cognoscendum</strong></span> <span class='ocrx_word' id='word_1_63' title='bbox 1209 1152 1438 1210; x_wconf 85' lang='lat' dir='ltr'><strong>universi</strong></span> <span class='ocrx_word' id='word_1_64' title='bbox 1466 1150 1722 1222; x_wconf 84' lang='lat' dir='ltr'><strong>Opificem</strong></span> <span class='ocrx_word' id='word_1_65' title='bbox 1754 1148 1974 1213; x_wconf 84' lang='lat' dir='ltr'><strong>inducit,</strong></span> 
     </span>
    </p>
   </div>
   <div class='ocr_carea' id='block_1_10' title="bbox 384 1240 1976 1314">
    <p class='ocr_par' dir='ltr' id='par_1_10' title="bbox 384 1240 1976 1314">
     <span class='ocr_line' id='line_1_10' title="bbox 384 1240 1976 1314; baseline -0.014 0"><span class='ocrx_word' id='word_1_66' title='bbox 384 1268 444 1314; x_wconf 81' lang='lat' dir='ltr'><strong>ut</strong></span> <span class='ocrx_word' id='word_1_67' title='bbox 471 1273 535 1313; x_wconf 81' lang='lat' dir='ltr'><strong>es</strong></span> <span class='ocrx_word' id='word_1_68' title='bbox 576 1254 838 1311; x_wconf 84' lang='lat' dir='ltr'><strong>creaturis</strong></span> <span class='ocrx_word' id='word_1_69' title='bbox 879 1250 1277 1306; x_wconf 85' lang='lat' dir='ltr'><strong>Fabricatorem</strong></span> <span class='ocrx_word' id='word_1_70' title='bbox 1319 1245 1499 1301; x_wconf 90' lang='lat' dir='ltr'><strong>mundi</strong></span> <span class='ocrx_word' id='word_1_71' title='bbox 1528 1244 1818 1308; x_wconf 85' lang='lat' dir='ltr'><strong>discentes,</strong></span> <span class='ocrx_word' id='word_1_72' title='bbox 1850 1240 1976 1295; x_wconf 81' lang='lat' dir='ltr'><strong>ado-</strong></span> 
     </span>
    </p>
   </div>
   <div class='ocr_carea' id='block_1_11' title="bbox 385 1330 1979 1406">
    <p class='ocr_par' dir='ltr' id='par_1_11' title="bbox 385 1330 1979 1406">
     <span class='ocr_line' id='line_1_11' title="bbox 385 1330 1979 1406; baseline -0.011 -2"><span class='ocrx_word' id='word_1_73' title='bbox 385 1357 571 1404; x_wconf 87' lang='lat' dir='ltr'><strong>rarent</strong></span> <span class='ocrx_word' id='word_1_74' title='bbox 594 1346 901 1401; x_wconf 81' lang='lat' dir='ltr'><strong>Creatorem</strong></span> <span class='ocrx_word' id='word_1_75' title='bbox 941 1341 1200 1406; x_wconf 91' lang='lat' dir='ltr'><strong>omnium,</strong></span> <span class='ocrx_word' id='word_1_76' title='bbox 1239 1347 1293 1392; x_wconf 89' lang='lat' dir='ltr'><strong>et</strong></span> <span class='ocrx_word' id='word_1_77' title='bbox 1332 1353 1437 1392; x_wconf 91' lang='lat' dir='ltr'><strong>non</strong></span> <span class='ocrx_word' id='word_1_78' title='bbox 1480 1336 1531 1390; x_wconf 93' lang='lat' dir='ltr'><strong>in</strong></span> <span class='ocrx_word' id='word_1_79' title='bbox 1560 1334 1816 1390; x_wconf 90' lang='lat' dir='ltr'><strong>creaturis</strong></span> <span class='ocrx_word' id='word_1_80' title='bbox 1849 1330 1979 1403; x_wconf 81' lang='lat' dir='ltr'><strong>ipsis</strong></span> 
     </span>
    </p>
   </div>
   <div class='ocr_carea' id='block_1_12' title="bbox 384 1425 1979 1511">
    <p class='ocr_par' dir='ltr' id='par_1_12' title="bbox 384 1425 1979 1511">
     <span class='ocr_line' id='line_1_12' title="bbox 384 1425 1979 1511; baseline -0.009 -17"><span class='ocrx_word' id='word_1_81' title='bbox 384 1445 764 1511; x_wconf 82' lang='lat' dir='ltr'><strong>permanerent</strong></span> <span class='ocrx_word' id='word_1_82' title='bbox 793 1445 846 1491; x_wconf 90' lang='lat' dir='ltr'><strong>et</strong></span> <span class='ocrx_word' id='word_1_83' title='bbox 872 1435 1230 1504; x_wconf 86' lang='lat' dir='ltr'><strong>quiescerent.</strong></span> <span class='ocrx_word' id='word_1_84' title='bbox 1275 1429 1406 1485; x_wconf 84' lang='lat' dir='ltr'><strong>Nam</strong></span> <span class='ocrx_word' id='word_1_85' title='bbox 1441 1443 1565 1483; x_wconf 89' lang='lat' dir='ltr'><strong>cum</strong></span> <span class='ocrx_word' id='word_1_86' title='bbox 1595 1428 1718 1483; x_wconf 90' lang='lat' dir='ltr'><strong>licet</strong></span> <span class='ocrx_word' id='word_1_87' title='bbox 1749 1427 1864 1481; x_wconf 77' lang='lat' dir='ltr'><strong>inec</strong></span> <span class='ocrx_word' id='word_1_88' title='bbox 1907 1425 1979 1481; x_wconf 86' lang='lat' dir='ltr'><strong>ita</strong></span> 
     </span>
    </p>
   </div>
   <div class='ocr_carea' id='block_1_13' title="bbox 387 1516 1974 1594">
    <p class='ocr_par' dir='ltr' id='par_1_13' title="bbox 387 1516 1974 1594">
     <span class='ocr_line' id='line_1_13' title="bbox 387 1516 1974 1594; baseline -0.009 -7"><span class='ocrx_word' id='word_1_89' title='bbox 387 1531 526 1587; x_wconf 88' lang='lat' dir='ltr'><strong>facta</strong></span> <span class='ocrx_word' id='word_1_90' title='bbox 558 1531 685 1594; x_wconf 85' lang='lat' dir='ltr'><strong>sint,</strong></span> <span class='ocrx_word' id='word_1_91' title='bbox 714 1544 819 1582; x_wconf 89' lang='lat' dir='ltr'><strong>non</strong></span> <span class='ocrx_word' id='word_1_92' title='bbox 841 1523 1223 1581; x_wconf 89' lang='lat' dir='ltr'><strong>intermiserint</strong></span> <span class='ocrx_word' id='word_1_93' title='bbox 1248 1537 1310 1577; x_wconf 79' lang='lat' dir='ltr'><strong>ex</strong></span> <span class='ocrx_word' id='word_1_94' title='bbox 1339 1520 1596 1575; x_wconf 87' lang='lat' dir='ltr'><strong>creaturis</strong></span> <span class='ocrx_word' id='word_1_95' title='bbox 1626 1518 1755 1573; x_wconf 91' lang='lat' dir='ltr'><strong>deos</strong></span> <span class='ocrx_word' id='word_1_96' title='bbox 1777 1516 1974 1584; x_wconf 88' lang='lat' dir='ltr'><strong>facere,</strong></span> 
     </span>
    </p>
   </div>
   <div class='ocr_carea' id='block_1_14' title="bbox 386 1609 1978 1679">
    <p class='ocr_par' dir='ltr' id='par_1_14' title="bbox 386 1609 1978 1679">
     <span class='ocr_line' id='line_1_14' title="bbox 386 1609 1978 1679; baseline -0.009 0"><span class='ocrx_word' id='word_1_97' title='bbox 386 1633 443 1679; x_wconf 90' lang='lat' dir='ltr'><strong>et</strong></span> <span class='ocrx_word' id='word_1_98' title='bbox 472 1623 711 1678; x_wconf 86' lang='lat' dir='ltr'><strong>divinum</strong></span> <span class='ocrx_word' id='word_1_99' title='bbox 748 1618 1004 1674; x_wconf 85' lang='lat' dir='ltr'><strong>honorem</strong></span> <span class='ocrx_word' id='word_1_100' title='bbox 1046 1613 1355 1672; x_wconf 65' lang='lat' dir='ltr'><strong>faedissimis</strong></span> <span class='ocrx_word' id='word_1_101' title='bbox 1384 1611 1554 1666; x_wconf 88' lang='lat' dir='ltr'><strong>brutis</strong></span> <span class='ocrx_word' id='word_1_102' title='bbox 1582 1610 1837 1666; x_wconf 81' lang='lat' dir='ltr'><strong>exhibere</strong></span> <span class='ocrx_word' id='word_1_103' title='bbox 1874 1626 1887 1661; x_wconf 92' lang='lat'><strong>:</strong></span> <span class='ocrx_word' id='word_1_104' title='bbox 1927 1609 1978 1664; x_wconf 92' lang='lat' dir='ltr'><strong>in</strong></span> 
     </span>
    </p>
   </div>
   <div class='ocr_carea' id='block_1_15' title="bbox 384 1704 1980 1787">
    <p class='ocr_par' dir='ltr' id='par_1_15' title="bbox 384 1704 1980 1787">
     <span class='ocr_line' id='line_1_15' title="bbox 384 1704 1980 1787; baseline -0.008 -18"><span class='ocrx_word' id='word_1_105' title='bbox 384 1729 549 1787; x_wconf 86' lang='lat' dir='ltr'><strong>quam</strong></span> <span class='ocrx_word' id='word_1_106' title='bbox 583 1728 688 1766; x_wconf 91' lang='lat' dir='ltr'><strong>non</strong></span> <span class='ocrx_word' id='word_1_107' title='bbox 733 1709 1020 1764; x_wconf 77' lang='lat' dir='ltr'><strong>amentiam</strong></span> <span class='ocrx_word' id='word_1_108' title='bbox 1057 1705 1388 1772; x_wconf 89' lang='lat' dir='ltr'><strong>incidissent,</strong></span> <span class='ocrx_word' id='word_1_109' title='bbox 1430 1704 1530 1758; x_wconf 92' lang='lat' dir='ltr'><strong>nisi</strong></span> <span class='ocrx_word' id='word_1_110' title='bbox 1561 1712 1705 1759; x_wconf 88' lang='lat' dir='ltr'><strong>tanta</strong></span> <span class='ocrx_word' id='word_1_111' title='bbox 1735 1717 1860 1774; x_wconf 86' lang='lat' dir='ltr'><strong>erga</strong></span> <span class='ocrx_word' id='word_1_112' title='bbox 1887 1715 1980 1758; x_wconf 90' lang='lat' dir='ltr'><strong>eos</strong></span> 
     </span>
    </p>
   </div>
   <div class='ocr_carea' id='block_1_16' title="bbox 386 1795 1234 1873">
    <p class='ocr_par' dir='ltr' id='par_1_16' title="bbox 386 1795 1234 1873">
     <span class='ocr_line' id='line_1_16' title="bbox 386 1795 1234 1873; baseline -0.009 -14"><span class='ocrx_word' id='word_1_113' title='bbox 386 1802 833 1873; x_wconf 86' lang='lat' dir='ltr'><strong>attemperatione</strong></span> <span class='ocrx_word' id='word_1_114' title='bbox 860 1798 1045 1853; x_wconf 82' lang='lat' dir='ltr'><strong>fuisset</strong></span> <span class='ocrx_word' id='word_1_115' title='bbox 1072 1795 1234 1852; x_wconf 79' lang='lat' dir='ltr'><strong>usus?</strong></span> 
     </span>
    </p>
   </div>
   <div class='ocr_carea' id='block_1_17' title="bbox 463 1884 2041 1959">
    <p class='ocr_par' dir='ltr' id='par_1_17' title="bbox 463 1884 2041 1959">
     <span class='ocr_line' id='line_1_17' title="bbox 463 1884 2041 1959; baseline -0.006 -8"><span class='ocrx_word' id='word_1_116' title='bbox 463 1896 515 1952; x_wconf 77' lang='lat'><strong>5.</strong></span> <span class='ocrx_word' id='word_1_117' title='bbox 546 1893 657 1949; x_wconf 88' lang='lat' dir='ltr'><strong>Nec</strong></span> <span class='ocrx_word' id='word_1_118' title='bbox 681 1892 910 1956; x_wconf 87' lang='lat' dir='ltr'><strong>mireris,</strong></span> <span class='ocrx_word' id='word_1_119' title='bbox 936 1889 1152 1956; x_wconf 85' lang='lat' dir='ltr'><strong>dilecte,</strong></span> <span class='ocrx_word' id='word_1_120' title='bbox 1179 1887 1319 1959; x_wconf 88' lang='lat' dir='ltr'><strong>quod</strong></span> <span class='ocrx_word' id='word_1_121' title='bbox 1349 1887 1524 1943; x_wconf 81' lang='lat' dir='ltr'><strong>Moses</strong></span> <span class='ocrx_word' id='word_1_122' title='bbox 1551 1886 1651 1942; x_wconf 90' lang='lat' dir='ltr'><strong>hac</strong></span> <span class='ocrx_word' id='word_1_123' title='bbox 1684 1886 1768 1942; x_wconf 87' lang='lat' dir='ltr'><strong>via</strong></span> <span class='ocrx_word' id='word_1_124' title='bbox 1797 1885 1979 1942; x_wconf 88' lang='lat' dir='ltr'><strong>inces-</strong></span> <span class='ocrx_word' id='word_1_125' title='bbox 2035 1884 2041 1913; x_wconf 47' lang='grc' dir='ltr'><strong>ἠ</strong></span> 
     </span>
    </p>
   </div>
   <div class='ocr_carea' id='block_1_18' title="bbox 388 1978 1982 2057">
    <p class='ocr_par' dir='ltr' id='par_1_18' title="bbox 388 1978 1982 2057">
     <span class='ocr_line' id='line_1_18' title="bbox 388 1978 1982 2057; baseline -0.006 -13"><span class='ocrx_word' id='word_1_126' title='bbox 388 1989 520 2045; x_wconf 89' lang='lat' dir='ltr'><strong>serit</strong></span> <span class='ocrx_word' id='word_1_127' title='bbox 545 1988 585 2053; x_wconf 76' lang='grc' dir='ltr'><strong>ί,</strong></span> <span class='ocrx_word' id='word_1_128' title='bbox 607 1987 695 2057; x_wconf 87' lang='lat' dir='ltr'><strong>qui</strong></span> <span class='ocrx_word' id='word_1_129' title='bbox 723 1985 773 2038; x_wconf 93' lang='lat' dir='ltr'><strong>iu</strong></span> <span class='ocrx_word' id='word_1_130' title='bbox 817 1983 1094 2054; x_wconf 85' lang='lat' dir='ltr'><strong>principio,</strong></span> <span class='ocrx_word' id='word_1_131' title='bbox 1126 1988 1180 2036; x_wconf 89' lang='lat' dir='ltr'><strong>et</strong></span> <span class='ocrx_word' id='word_1_132' title='bbox 1213 1980 1265 2035; x_wconf 91' lang='lat' dir='ltr'><strong>iu</strong></span> <span class='ocrx_word' id='word_1_133' title='bbox 1306 1978 1601 2051; x_wconf 85' lang='lat' dir='ltr'><strong>praeludiis,</strong></span> <span class='ocrx_word' id='word_1_134' title='bbox 1629 1978 1982 2034; x_wconf 80' lang='lat' dir='ltr'><strong>crassioribus</strong></span> 
     </span>
    </p>
   </div>
   <div class='ocr_carea' id='block_1_19' title="bbox 390 2070 1982 2150">
    <p class='ocr_par' dir='ltr' id='par_1_19' title="bbox 390 2070 1982 2150">
     <span class='ocr_line' id='line_1_19' title="bbox 390 2070 1982 2150; baseline -0.007 -15"><span class='ocrx_word' id='word_1_135' title='bbox 390 2081 640 2150; x_wconf 85' lang='lat' dir='ltr'><strong>loquutus</strong></span> <span class='ocrx_word' id='word_1_136' title='bbox 676 2085 760 2132; x_wconf 83' lang='lat' dir='ltr'><strong>est</strong></span> <span class='ocrx_word' id='word_1_137' title='bbox 796 2075 994 2131; x_wconf 68' lang='lat' dir='ltr'><strong>Judaeis</strong></span> <span class='ocrx_word' id='word_1_138' title='bbox 1037 2091 1051 2128; x_wconf 89' lang='lat'><strong>:</strong></span> <span class='ocrx_word' id='word_1_139' title='bbox 1087 2071 1515 2144; x_wconf 88' lang='lat' dir='ltr'><strong>quandoquidem</strong></span> <span class='ocrx_word' id='word_1_140' title='bbox 1557 2070 1749 2127; x_wconf 90' lang='lat' dir='ltr'><strong>Paulus</strong></span> <span class='ocrx_word' id='word_1_141' title='bbox 1771 2085 1982 2140; x_wconf 81' lang='lat' dir='ltr'><strong>quoque</strong></span> 
     </span>
    </p>
   </div>
   <div class='ocr_carea' id='block_1_20' title="bbox 391 2160 1981 2239">
    <p class='ocr_par' dir='ltr' id='par_1_20' title="bbox 391 2160 1981 2239">
     <span class='ocr_line' id='line_1_20' title="bbox 391 2160 1981 2239; baseline -0.008 -14"><span class='ocrx_word' id='word_1_142' title='bbox 391 2182 635 2239; x_wconf 88' lang='lat' dir='ltr'><strong>tempore</strong></span> <span class='ocrx_word' id='word_1_143' title='bbox 661 2167 867 2238; x_wconf 72' lang='lat' dir='ltr'><strong>gratim,</strong></span> <span class='ocrx_word' id='word_1_144' title='bbox 903 2179 1024 2219; x_wconf 91' lang='lat' dir='ltr'><strong>cum</strong></span> <span class='ocrx_word' id='word_1_145' title='bbox 1052 2171 1256 2219; x_wconf 86' lang='lat' dir='ltr'><strong>tantum</strong></span> <span class='ocrx_word' id='word_1_146' title='bbox 1300 2161 1694 2233; x_wconf 68' lang='lat' dir='ltr'><strong>praedicationis</strong></span> <span class='ocrx_word' id='word_1_147' title='bbox 1720 2168 1861 2216; x_wconf 90' lang='lat' dir='ltr'><strong>esset</strong></span> <span class='ocrx_word' id='word_1_148' title='bbox 1896 2160 1981 2214; x_wconf 82' lang='lat' dir='ltr'><strong>in-</strong></span> 
     </span>
    </p>
   </div>
   <div class='ocr_carea' id='block_1_21' title="bbox 388 2252 1982 2328">
    <p class='ocr_par' dir='ltr' id='par_1_21' title="bbox 388 2252 1982 2328">
     <span class='ocr_line' id='line_1_21' title="bbox 388 2252 1982 2328; baseline -0.006 -11"><span class='ocrx_word' id='word_1_149' title='bbox 388 2270 743 2325; x_wconf 84' lang='lat' dir='ltr'><strong>crementum,</strong></span> <span class='ocrx_word' id='word_1_150' title='bbox 774 2258 1139 2328; x_wconf 85' lang='lat' dir='ltr'><strong>disputaturos</strong></span> <span class='ocrx_word' id='word_1_151' title='bbox 1176 2268 1298 2311; x_wconf 92' lang='lat' dir='ltr'><strong>cum</strong></span> <span class='ocrx_word' id='word_1_152' title='bbox 1329 2253 1763 2319; x_wconf 84' lang='lat' dir='ltr'><strong>Atheniensibus,</strong></span> <span class='ocrx_word' id='word_1_153' title='bbox 1792 2268 1822 2309; x_wconf 88' lang='lat' dir='ltr'><strong>a</strong></span> <span class='ocrx_word' id='word_1_154' title='bbox 1851 2252 1982 2307; x_wconf 85' lang='lat' dir='ltr'><strong>visi-</strong></span> 
     </span>
    </p>
   </div>
   <div class='ocr_carea' id='block_1_22' title="bbox 393 2344 1983 2418">
    <p class='ocr_par' dir='ltr' id='par_1_22' title="bbox 393 2344 1983 2418">
     <span class='ocr_line' id='line_1_22' title="bbox 393 2344 1983 2418; baseline -0.008 -8"><span class='ocrx_word' id='word_1_155' title='bbox 393 2355 588 2410; x_wconf 88' lang='lat' dir='ltr'><strong>bilibus</strong></span> <span class='ocrx_word' id='word_1_156' title='bbox 632 2352 928 2407; x_wconf 84' lang='lat' dir='ltr'><strong>doctrinam</strong></span> <span class='ocrx_word' id='word_1_157' title='bbox 979 2348 1142 2418; x_wconf 66' lang='lat' dir='ltr'><strong>cmpit</strong></span> <span class='ocrx_word' id='word_1_158' title='bbox 1178 2347 1262 2404; x_wconf 87' lang='lat' dir='ltr'><strong>his</strong></span> <span class='ocrx_word' id='word_1_159' title='bbox 1304 2347 1485 2403; x_wconf 83' lang='lat' dir='ltr'><strong>verbis</strong></span> <span class='ocrx_word' id='word_1_160' title='bbox 1527 2364 1541 2401; x_wconf 91' lang='lat'><strong>:</strong></span> <span class='ocrx_word' id='word_1_161' title='bbox 1583 2344 1719 2400; x_wconf 80' lang='lat' dir='ltr'><strong>Deus</strong></span> <span class='ocrx_word' id='word_1_162' title='bbox 1753 2346 1839 2416; x_wconf 89' lang='lat' dir='ltr'><strong>qui</strong></span> <span class='ocrx_word' id='word_1_163' title='bbox 1868 2344 1983 2416; x_wconf 77' lang='lat' dir='ltr'><strong>fecit</strong></span> 
     </span>
    </p>
   </div>
   <div class='ocr_carea' id='block_1_23' title="bbox 390 2437 1984 2514">
    <p class='ocr_par' dir='ltr' id='par_1_23' title="bbox 390 2437 1984 2514">
     <span class='ocr_line' id='line_1_23' title="bbox 390 2437 1984 2514; baseline -0.005 -13"><span class='ocrx_word' id='word_1_164' title='bbox 390 2448 659 2512; x_wconf 83' lang='lat' dir='ltr'><strong>mtmdum,</strong></span> <span class='ocrx_word' id='word_1_165' title='bbox 694 2454 741 2500; x_wconf 83' lang='lat' dir='ltr'><strong>et</strong></span> <span class='ocrx_word' id='word_1_166' title='bbox 768 2444 938 2500; x_wconf 80' lang='lat' dir='ltr'><strong>omnia</strong></span> <span class='ocrx_word' id='word_1_167' title='bbox 974 2458 1090 2514; x_wconf 67' lang='lat' dir='ltr'><strong>qua:</strong></span> <span class='ocrx_word' id='word_1_168' title='bbox 1125 2443 1177 2496; x_wconf 89' lang='lat' dir='ltr'><strong>in</strong></span> <span class='ocrx_word' id='word_1_169' title='bbox 1215 2458 1272 2497; x_wconf 88' lang='lat' dir='ltr'><strong>eo</strong></span> <span class='ocrx_word' id='word_1_170' title='bbox 1300 2450 1451 2507; x_wconf 85' lang='lat' dir='ltr'><strong>sunt;</strong></span> <span class='ocrx_word' id='word_1_171' title='bbox 1488 2438 1571 2494; x_wconf 88' lang='lat' dir='ltr'><strong>hic</strong></span> <span class='ocrx_word' id='word_1_172' title='bbox 1607 2437 1723 2493; x_wconf 71' lang='lat' dir='ltr'><strong>creti</strong></span> <span class='ocrx_word' id='word_1_173' title='bbox 1758 2448 1802 2493; x_wconf 86' lang='lat' dir='ltr'><strong>et</strong></span> <span class='ocrx_word' id='word_1_174' title='bbox 1837 2451 1984 2493; x_wconf 72' lang='lat' dir='ltr'><strong>terra:</strong></span> 
     </span>
    </p>
   </div>
   <div class='ocr_carea' id='block_1_24' title="bbox 390 2530 1979 2604">
    <p class='ocr_par' dir='ltr' id='par_1_24' title="bbox 390 2530 1979 2604">
     <span class='ocr_line' id='line_1_24' title="bbox 390 2530 1979 2604; baseline -0.005 -11"><span class='ocrx_word' id='word_1_175' title='bbox 390 2555 508 2593; x_wconf 85' lang='lat' dir='ltr'><strong>cum</strong></span> <span class='ocrx_word' id='word_1_176' title='bbox 535 2538 598 2592; x_wconf 87' lang='lat' dir='ltr'><strong>sit</strong></span> <span class='ocrx_word' id='word_1_177' title='bbox 627 2536 908 2604; x_wconf 75' lang='lat' dir='ltr'><strong>Dominus,</strong></span> <span class='ocrx_word' id='word_1_178' title='bbox 953 2546 1055 2589; x_wconf 86' lang='lat' dir='ltr'><strong>non</strong></span> <span class='ocrx_word' id='word_1_179' title='bbox 1090 2534 1145 2589; x_wconf 89' lang='lat' dir='ltr'><strong>in</strong></span> <span class='ocrx_word' id='word_1_180' title='bbox 1181 2532 1487 2603; x_wconf 80' lang='lat' dir='ltr'><strong>manufactis</strong></span> <span class='ocrx_word' id='word_1_181' title='bbox 1529 2531 1719 2585; x_wconf 85' lang='lat' dir='ltr'><strong>habitat</strong></span> <span class='ocrx_word' id='word_1_182' title='bbox 1760 2530 1979 2602; x_wconf 75' lang='lat' dir='ltr'><strong>templis,</strong></span> 
     </span>
    </p>
   </div>
   <div class='ocr_carea' id='block_1_25' title="bbox 390 2624 1979 2699">
    <p class='ocr_par' dir='ltr' id='par_1_25' title="bbox 390 2624 1979 2699">
     <span class='ocr_line' id='line_1_25' title="bbox 390 2624 1979 2699; baseline -0.004 -14"><span class='ocrx_word' id='word_1_183' title='bbox 390 2649 485 2686; x_wconf 85' lang='lat' dir='ltr'><strong>nec</strong></span> <span class='ocrx_word' id='word_1_184' title='bbox 513 2631 747 2685; x_wconf 83' lang='lat' dir='ltr'><strong>humanis</strong></span> <span class='ocrx_word' id='word_1_185' title='bbox 775 2629 1005 2684; x_wconf 84' lang='lat' dir='ltr'><strong>manibus</strong></span> <span class='ocrx_word' id='word_1_186' title='bbox 1030 2629 1214 2682; x_wconf 83' lang='lat' dir='ltr'><strong>colitur</strong></span> <span class='ocrx_word' id='word_1_187' title='bbox 1240 2626 1376 2699; x_wconf 87' lang='lat' dir='ltr'><strong>(Act.</strong></span> <span class='ocrx_word' id='word_1_188' title='bbox 1409 2626 1496 2681; x_wconf 90' lang='grc'><strong>17.</strong></span> <span class='ocrx_word' id='word_1_189' title='bbox 1527 2624 1643 2697; x_wconf 70' lang='grc'><strong>21).</strong></span> <span class='ocrx_word' id='word_1_190' title='bbox 1680 2624 1813 2693; x_wconf 85' lang='lat' dir='ltr'><strong>Quia</strong></span> <span class='ocrx_word' id='word_1_191' title='bbox 1837 2626 1979 2697; x_wconf 86' lang='lat' dir='ltr'><strong>enim</strong></span> 
     </span>
    </p>
   </div>
   <div class='ocr_carea' id='block_1_26' title="bbox 393 2717 1982 2792">
    <p class='ocr_par' dir='ltr' id='par_1_26' title="bbox 393 2717 1982 2792">
     <span class='ocr_line' id='line_1_26' title="bbox 393 2717 1982 2792; baseline -0.006 -13"><span class='ocrx_word' id='word_1_192' title='bbox 393 2725 555 2779; x_wconf 86' lang='lat' dir='ltr'><strong>talem</strong></span> <span class='ocrx_word' id='word_1_193' title='bbox 576 2724 652 2780; x_wconf 90' lang='lat' dir='ltr'><strong>eis</strong></span> <span class='ocrx_word' id='word_1_194' title='bbox 676 2729 983 2792; x_wconf 89' lang='lat' dir='ltr'><strong>competere</strong></span> <span class='ocrx_word' id='word_1_195' title='bbox 1010 2721 1213 2776; x_wconf 78' lang='lat' dir='ltr'><strong>sciebat</strong></span> <span class='ocrx_word' id='word_1_196' title='bbox 1246 2718 1564 2785; x_wconf 90' lang='lat' dir='ltr'><strong>doctrinam,</strong></span> <span class='ocrx_word' id='word_1_197' title='bbox 1597 2718 1733 2773; x_wconf 88' lang='lat' dir='ltr'><strong>hanc</strong></span> <span class='ocrx_word' id='word_1_198' title='bbox 1758 2717 1982 2773; x_wconf 90' lang='lat' dir='ltr'><strong>docendi</strong></span> 
     </span>
    </p>
   </div>
   <div class='ocr_carea' id='block_1_27' title="bbox 393 2809 1981 2887">
    <p class='ocr_par' dir='ltr' id='par_1_27' title="bbox 393 2809 1981 2887">
     <span class='ocr_line' id='line_1_27' title="bbox 393 2809 1981 2887; baseline -0.006 -15"><span class='ocrx_word' id='word_1_199' title='bbox 393 2818 534 2872; x_wconf 81' lang='lat' dir='ltr'><strong>viam</strong></span> <span class='ocrx_word' id='word_1_200' title='bbox 556 2816 797 2887; x_wconf 85' lang='lat' dir='ltr'><strong>arripuit.</strong></span> <span class='ocrx_word' id='word_1_201' title='bbox 826 2814 910 2869; x_wconf 80' lang='lat' dir='ltr'><strong>Ad</strong></span> <span class='ocrx_word' id='word_1_202' title='bbox 936 2828 1030 2869; x_wconf 88' lang='lat' dir='ltr'><strong>cos</strong></span> <span class='ocrx_word' id='word_1_203' title='bbox 1053 2812 1197 2869; x_wconf 89' lang='lat' dir='ltr'><strong>enim</strong></span> <span class='ocrx_word' id='word_1_204' title='bbox 1214 2812 1302 2883; x_wconf 87' lang='lat' dir='ltr'><strong>qui</strong></span> <span class='ocrx_word' id='word_1_205' title='bbox 1324 2826 1471 2867; x_wconf 87' lang='lat' dir='ltr'><strong>suam</strong></span> <span class='ocrx_word' id='word_1_206' title='bbox 1495 2810 1857 2881; x_wconf 86' lang='lat' dir='ltr'><strong>suscipiebant</strong></span> <span class='ocrx_word' id='word_1_207' title='bbox 1881 2809 1981 2864; x_wconf 89' lang='lat' dir='ltr'><strong>do-</strong></span> 
     </span>
    </p>
   </div>
   <div class='ocr_carea' id='block_1_28' title="bbox 390 2900 1981 2977">
    <p class='ocr_par' dir='ltr' id='par_1_28' title="bbox 390 2900 1981 2977">
     <span class='ocr_line' id='line_1_28' title="bbox 390 2900 1981 2977; baseline -0.007 -12"><span class='ocrx_word' id='word_1_208' title='bbox 390 2910 642 2976; x_wconf 85' lang='lat' dir='ltr'><strong>ctrinam,</strong></span> <span class='ocrx_word' id='word_1_209' title='bbox 671 2924 698 2962; x_wconf 93' lang='lat' dir='ltr'><strong>a</strong></span> <span class='ocrx_word' id='word_1_210' title='bbox 728 2907 929 2977; x_wconf 84' lang='lat' dir='ltr'><strong>Spiritu</strong></span> <span class='ocrx_word' id='word_1_211' title='bbox 955 2906 1023 2960; x_wconf 88' lang='lat' dir='ltr'><strong>ita</strong></span> <span class='ocrx_word' id='word_1_212' title='bbox 1051 2903 1401 2975; x_wconf 82' lang='lat' dir='ltr'><strong>dirigebatur,</strong></span> <span class='ocrx_word' id='word_1_213' title='bbox 1429 2912 1482 2958; x_wconf 88' lang='lat' dir='ltr'><strong>et</strong></span> <span class='ocrx_word' id='word_1_214' title='bbox 1509 2917 1602 2958; x_wconf 91' lang='lat' dir='ltr'><strong>eos</strong></span> <span class='ocrx_word' id='word_1_215' title='bbox 1629 2902 1699 2957; x_wconf 85' lang='lat' dir='ltr'><strong>ita</strong></span> <span class='ocrx_word' id='word_1_216' title='bbox 1736 2900 1981 2957; x_wconf 87' lang='lat' dir='ltr'><strong>docebat.</strong></span> 
     </span>
    </p>
   </div>
   <div class='ocr_carea' id='block_1_29' title="bbox 396 2992 1986 3070">
    <p class='ocr_par' dir='ltr' id='par_1_29' title="bbox 396 2992 1986 3070">
     <span class='ocr_line' id='line_1_29' title="bbox 396 2992 1986 3070; baseline -0.006 -13"><span class='ocrx_word' id='word_1_217' title='bbox 396 3004 464 3057; x_wconf 86' lang='lat' dir='ltr'><strong>Et</strong></span> <span class='ocrx_word' id='word_1_218' title='bbox 488 3012 544 3056; x_wconf 93' lang='lat' dir='ltr'><strong>ut</strong></span> <span class='ocrx_word' id='word_1_219' title='bbox 563 3001 700 3056; x_wconf 87' lang='lat' dir='ltr'><strong>scias</strong></span> <span class='ocrx_word' id='word_1_220' title='bbox 731 2998 887 3070; x_wconf 86' lang='lat' dir='ltr'><strong>hujus</strong></span> <span class='ocrx_word' id='word_1_221' title='bbox 911 2996 987 3053; x_wconf 87' lang='lat' dir='ltr'><strong>rei</strong></span> <span class='ocrx_word' id='word_1_222' title='bbox 1013 3012 1227 3052; x_wconf 84' lang='lat' dir='ltr'><strong>causam</strong></span> <span class='ocrx_word' id='word_1_223' title='bbox 1258 2994 1419 3051; x_wconf 87' lang='lat' dir='ltr'><strong>fuisse</strong></span> <span class='ocrx_word' id='word_1_224' title='bbox 1445 3008 1791 3064; x_wconf 86' lang='lat' dir='ltr'><strong>personarum</strong></span> <span class='ocrx_word' id='word_1_225' title='bbox 1823 2992 1986 3048; x_wconf 88' lang='lat' dir='ltr'><strong>varie-</strong></span> 
     </span>
    </p>
   </div>
   <div class='ocr_carea' id='block_1_30' title="bbox 397 3083 1982 3158">
    <p class='ocr_par' dir='ltr' id='par_1_30' title="bbox 397 3083 1982 3158">
     <span class='ocr_line' id='line_1_30' title="bbox 397 3083 1982 3158; baseline -0.008 -9"><span class='ocrx_word' id='word_1_226' title='bbox 397 3102 584 3158; x_wconf 81' lang='lat' dir='ltr'><strong>tatem,</strong></span> <span class='ocrx_word' id='word_1_227' title='bbox 608 3100 660 3147; x_wconf 91' lang='lat' dir='ltr'><strong>et</strong></span> <span class='ocrx_word' id='word_1_228' title='bbox 685 3088 989 3145; x_wconf 88' lang='lat' dir='ltr'><strong>auditorum</strong></span> <span class='ocrx_word' id='word_1_229' title='bbox 1007 3084 1439 3153; x_wconf 88' lang='lat' dir='ltr'><strong>crassitudinem,</strong></span> <span class='ocrx_word' id='word_1_230' title='bbox 1458 3083 1579 3139; x_wconf 87' lang='lat' dir='ltr'><strong>audi</strong></span> <span class='ocrx_word' id='word_1_231' title='bbox 1602 3083 1750 3139; x_wconf 92' lang='lat' dir='ltr'><strong>illum</strong></span> <span class='ocrx_word' id='word_1_232' title='bbox 1772 3083 1942 3155; x_wconf 88' lang='lat' dir='ltr'><strong>ipsum</strong></span> <span class='ocrx_word' id='word_1_233' title='bbox 1967 3098 1982 3137; x_wconf 89' lang='lat'><strong>:</strong></span> 
     </span>
    </p>
   </div>
   <div class='ocr_carea' id='block_1_31' title="bbox 393 3173 1987 3251">
    <p class='ocr_par' dir='ltr' id='par_1_31' title="bbox 393 3173 1987 3251">
     <span class='ocr_line' id='line_1_31' title="bbox 393 3173 1987 3251; baseline -0.007 -10"><span class='ocrx_word' id='word_1_234' title='bbox 393 3187 463 3241; x_wconf 88' lang='lat' dir='ltr'><strong>ad</strong></span> <span class='ocrx_word' id='word_1_235' title='bbox 505 3185 853 3240; x_wconf 82' lang='lat' dir='ltr'><strong>Colossenses</strong></span> <span class='ocrx_word' id='word_1_236' title='bbox 898 3181 1040 3237; x_wconf 91' lang='lat' dir='ltr'><strong>enim</strong></span> <span class='ocrx_word' id='word_1_237' title='bbox 1088 3177 1367 3251; x_wconf 88' lang='lat' dir='ltr'><strong>epistolam</strong></span> <span class='ocrx_word' id='word_1_238' title='bbox 1425 3176 1705 3243; x_wconf 89' lang='lat' dir='ltr'><strong>scribens,</strong></span> <span class='ocrx_word' id='word_1_239' title='bbox 1742 3191 1850 3230; x_wconf 92' lang='lat' dir='ltr'><strong>non</strong></span> <span class='ocrx_word' id='word_1_240' title='bbox 1887 3173 1987 3230; x_wconf 86' lang='lat' dir='ltr'><strong>hac</strong></span> 
     </span>
    </p>
   </div>
   <div class='ocr_carea' id='block_1_32' title="bbox 394 3266 1984 3341">
    <p class='ocr_par' dir='ltr' id='par_1_32' title="bbox 394 3266 1984 3341">
     <span class='ocr_line' id='line_1_32' title="bbox 394 3266 1984 3341; baseline -0.008 -9"><span class='ocrx_word' id='word_1_241' title='bbox 394 3276 633 3332; x_wconf 75' lang='lat' dir='ltr'><strong>atnltulat</strong></span> <span class='ocrx_word' id='word_1_242' title='bbox 676 3275 780 3341; x_wconf 86' lang='lat' dir='ltr'><strong>via,</strong></span> <span class='ocrx_word' id='word_1_243' title='bbox 821 3269 915 3328; x_wconf 91' lang='lat' dir='ltr'><strong>sed</strong></span> <span class='ocrx_word' id='word_1_244' title='bbox 952 3269 1108 3325; x_wconf 85' lang='lat' dir='ltr'><strong>aliter</strong></span> <span class='ocrx_word' id='word_1_245' title='bbox 1147 3276 1268 3325; x_wconf 85' lang='lat' dir='ltr'><strong>etim</strong></span> <span class='ocrx_word' id='word_1_246' title='bbox 1303 3267 1380 3325; x_wconf 89' lang='lat' dir='ltr'><strong>eis</strong></span> <span class='ocrx_word' id='word_1_247' title='bbox 1419 3268 1688 3338; x_wconf 86' lang='lat' dir='ltr'><strong>loquitur,</strong></span> <span class='ocrx_word' id='word_1_248' title='bbox 1728 3275 1782 3321; x_wconf 88' lang='lat' dir='ltr'><strong>et</strong></span> <span class='ocrx_word' id='word_1_249' title='bbox 1818 3266 1984 3321; x_wconf 89' lang='lat' dir='ltr'><strong>dicit:</strong></span> 
     </span>
    </p>
   </div>
   <div class='ocr_carea' id='block_1_33' title="bbox 400 3359 1990 3439">
    <p class='ocr_par' dir='ltr' id='par_1_33' title="bbox 400 3359 1990 3439">
     <span class='ocr_line' id='line_1_33' title="bbox 400 3359 1990 3439; baseline -0.008 -17"><span class='ocrx_word' id='word_1_250' title='bbox 400 3372 535 3439; x_wconf 84' lang='lat' dir='ltr'><strong>Quia</strong></span> <span class='ocrx_word' id='word_1_251' title='bbox 565 3370 616 3423; x_wconf 90' lang='lat' dir='ltr'><strong>in</strong></span> <span class='ocrx_word' id='word_1_252' title='bbox 645 3369 757 3438; x_wconf 85' lang='lat' dir='ltr'><strong>ipso</strong></span> <span class='ocrx_word' id='word_1_253' title='bbox 782 3373 949 3421; x_wconf 88' lang='lat' dir='ltr'><strong>creata</strong></span> <span class='ocrx_word' id='word_1_254' title='bbox 975 3372 1093 3420; x_wconf 88' lang='lat' dir='ltr'><strong>sunt</strong></span> <span class='ocrx_word' id='word_1_255' title='bbox 1120 3363 1290 3418; x_wconf 82' lang='lat' dir='ltr'><strong>omnia</strong></span> <span class='ocrx_word' id='word_1_256' title='bbox 1308 3404 1322 3427; x_wconf 96' lang='lat'><strong>,</strong></span> <span class='ocrx_word' id='word_1_257' title='bbox 1370 3376 1485 3433; x_wconf 77' lang='lat' dir='ltr'><strong>qua:</strong></span> <span class='ocrx_word' id='word_1_258' title='bbox 1508 3361 1561 3414; x_wconf 87' lang='lat' dir='ltr'><strong>in</strong></span> <span class='ocrx_word' id='word_1_259' title='bbox 1589 3359 1727 3415; x_wconf 62' lang='lat' dir='ltr'><strong>caelis</strong></span> <span class='ocrx_word' id='word_1_260' title='bbox 1766 3367 1902 3423; x_wconf 83' lang='lat' dir='ltr'><strong>sunt,</strong></span> <span class='ocrx_word' id='word_1_261' title='bbox 1941 3365 1990 3411; x_wconf 82' lang='lat' dir='ltr'><strong>et</strong></span> 
     </span>
    </p>
   </div>
   <div class='ocr_carea' id='block_1_34' title="bbox 395 3449 1987 3532">
    <p class='ocr_par' dir='ltr' id='par_1_34' title="bbox 395 3449 1987 3532">
     <span class='ocr_line' id='line_1_34' title="bbox 395 3449 1987 3532; baseline -0.009 -15"><span class='ocrx_word' id='word_1_262' title='bbox 395 3478 511 3532; x_wconf 80' lang='lat' dir='ltr'><strong>qua:</strong></span> <span class='ocrx_word' id='word_1_263' title='bbox 529 3462 581 3515; x_wconf 89' lang='lat' dir='ltr'><strong>in</strong></span> <span class='ocrx_word' id='word_1_264' title='bbox 607 3470 760 3527; x_wconf 85' lang='lat' dir='ltr'><strong>terra,</strong></span> <span class='ocrx_word' id='word_1_265' title='bbox 792 3456 1006 3513; x_wconf 80' lang='lat' dir='ltr'><strong>eisibilia</strong></span> <span class='ocrx_word' id='word_1_266' title='bbox 1034 3464 1080 3510; x_wconf 84' lang='lat' dir='ltr'><strong>et</strong></span> <span class='ocrx_word' id='word_1_267' title='bbox 1101 3453 1390 3522; x_wconf 78' lang='lat' dir='ltr'><strong>invisibilia,</strong></span> <span class='ocrx_word' id='word_1_268' title='bbox 1417 3452 1520 3506; x_wconf 87' lang='lat' dir='ltr'><strong>sive</strong></span> <span class='ocrx_word' id='word_1_269' title='bbox 1547 3450 1736 3518; x_wconf 82' lang='lat' dir='ltr'><strong>throni,</strong></span> <span class='ocrx_word' id='word_1_270' title='bbox 1768 3451 1870 3505; x_wconf 81' lang='lat' dir='ltr'><strong>sive</strong></span> <span class='ocrx_word' id='word_1_271' title='bbox 1891 3449 1987 3502; x_wconf 88' lang='lat' dir='ltr'><strong>do-</strong></span> 
     </span>
    </p>
   </div>
   <div class='ocr_carea' id='block_1_35' title="bbox 400 3543 1991 3621">
    <p class='ocr_par' dir='ltr' id='par_1_35' title="bbox 400 3543 1991 3621">
     <span class='ocr_line' id='line_1_35' title="bbox 400 3543 1991 3621; baseline -0.009 -11"><span class='ocrx_word' id='word_1_272' title='bbox 400 3554 722 3619; x_wconf 74' lang='lat' dir='ltr'><strong>minationes,</strong></span> <span class='ocrx_word' id='word_1_273' title='bbox 761 3553 863 3607; x_wconf 84' lang='lat' dir='ltr'><strong>sive</strong></span> <span class='ocrx_word' id='word_1_274' title='bbox 890 3550 1224 3621; x_wconf 78' lang='lat' dir='ltr'><strong>principatus,</strong></span> <span class='ocrx_word' id='word_1_275' title='bbox 1256 3548 1359 3603; x_wconf 85' lang='lat' dir='ltr'><strong>sive</strong></span> <span class='ocrx_word' id='word_1_276' title='bbox 1382 3553 1666 3617; x_wconf 82' lang='lat' dir='ltr'><strong>potestates,</strong></span> <span class='ocrx_word' id='word_1_277' title='bbox 1701 3543 1873 3599; x_wconf 88' lang='lat' dir='ltr'><strong>omnia</strong></span> <span class='ocrx_word' id='word_1_278' title='bbox 1901 3559 1991 3614; x_wconf 82' lang='lat' dir='ltr'><strong>per</strong></span> 
     </span>
    </p>
   </div>
   <div class='ocr_carea' id='block_1_36' title="bbox 398 3633 1991 3714">
    <p class='ocr_par' dir='ltr' id='par_1_36' title="bbox 398 3633 1991 3714">
     <span class='ocr_line' id='line_1_36' title="bbox 398 3633 1991 3714; baseline -0.008 -12"><span class='ocrx_word' id='word_1_279' title='bbox 398 3649 569 3714; x_wconf 75' lang='lat' dir='ltr'><strong>illum,</strong></span> <span class='ocrx_word' id='word_1_280' title='bbox 595 3654 643 3702; x_wconf 85' lang='lat' dir='ltr'><strong>et</strong></span> <span class='ocrx_word' id='word_1_281' title='bbox 663 3646 716 3699; x_wconf 89' lang='lat' dir='ltr'><strong>in</strong></span> <span class='ocrx_word' id='word_1_282' title='bbox 752 3645 899 3699; x_wconf 86' lang='lat' dir='ltr'><strong>illum</strong></span> <span class='ocrx_word' id='word_1_283' title='bbox 932 3651 1102 3697; x_wconf 85' lang='lat' dir='ltr'><strong>creata</strong></span> <span class='ocrx_word' id='word_1_284' title='bbox 1126 3648 1241 3696; x_wconf 88' lang='lat' dir='ltr'><strong>sunt</strong></span> <span class='ocrx_word' id='word_1_285' title='bbox 1279 3637 1496 3712; x_wconf 87' lang='lat' dir='ltr'><strong>(Coloss.</strong></span> <span class='ocrx_word' id='word_1_286' title='bbox 1528 3637 1579 3692; x_wconf 86' lang='grc'><strong>1.</strong></span> <span class='ocrx_word' id='word_1_287' title='bbox 1614 3633 1725 3708; x_wconf 85' lang='grc'><strong>16).</strong></span> <span class='ocrx_word' id='word_1_288' title='bbox 1757 3635 1991 3690; x_wconf 84' lang='lat' dir='ltr'><strong>Joannes</strong></span> 
     </span>
    </p>
   </div>
   <div class='ocr_carea' id='block_1_37' title="bbox 397 3727 1993 3799">
    <p class='ocr_par' dir='ltr' id='par_1_37' title="bbox 397 3727 1993 3799">
     <span class='ocr_line' id='line_1_37' title="bbox 397 3727 1993 3799; baseline -0.009 -4"><span class='ocrx_word' id='word_1_289' title='bbox 397 3748 580 3795; x_wconf 84' lang='lat' dir='ltr'><strong>autem</strong></span> <span class='ocrx_word' id='word_1_290' title='bbox 610 3736 829 3792; x_wconf 88' lang='lat' dir='ltr'><strong>tonitrui</strong></span> <span class='ocrx_word' id='word_1_291' title='bbox 853 3734 993 3790; x_wconf 86' lang='lat' dir='ltr'><strong>(ilius</strong></span> <span class='ocrx_word' id='word_1_292' title='bbox 1018 3731 1301 3799; x_wconf 87' lang='lat' dir='ltr'><strong>clamabat,</strong></span> <span class='ocrx_word' id='word_1_293' title='bbox 1327 3730 1547 3787; x_wconf 88' lang='lat' dir='ltr'><strong>dicens:</strong></span> <span class='ocrx_word' id='word_1_294' title='bbox 1582 3727 1769 3783; x_wconf 88' lang='lat' dir='ltr'><strong>Omnia</strong></span> <span class='ocrx_word' id='word_1_295' title='bbox 1797 3745 1886 3799; x_wconf 86' lang='lat' dir='ltr'><strong>per</strong></span> <span class='ocrx_word' id='word_1_296' title='bbox 1911 3727 1993 3798; x_wconf 86' lang='lat' dir='ltr'><strong>ip-</strong></span> 
     </span>
    </p>
   </div>
   <div class='ocr_carea' id='block_1_38' title="bbox 399 3818 1987 3901">
    <p class='ocr_par' dir='ltr' id='par_1_38' title="bbox 399 3818 1987 3901">
     <span class='ocr_line' id='line_1_38' title="bbox 399 3818 1987 3901; baseline -0.008 -14"><span class='ocrx_word' id='word_1_297' title='bbox 399 3848 513 3887; x_wconf 86' lang='lat' dir='ltr'><strong>sum</strong></span> <span class='ocrx_word' id='word_1_298' title='bbox 539 3831 676 3901; x_wconf 84' lang='lat' dir='ltr'><strong>facta</strong></span> <span class='ocrx_word' id='word_1_299' title='bbox 701 3836 838 3895; x_wconf 78' lang='lat' dir='ltr'><strong>sunt,</strong></span> <span class='ocrx_word' id='word_1_300' title='bbox 872 3838 917 3880; x_wconf 85' lang='lat' dir='ltr'><strong>et</strong></span> <span class='ocrx_word' id='word_1_301' title='bbox 948 3827 1057 3879; x_wconf 83' lang='lat' dir='ltr'><strong>sine</strong></span> <span class='ocrx_word' id='word_1_302' title='bbox 1078 3825 1190 3895; x_wconf 86' lang='lat' dir='ltr'><strong>ipso</strong></span> <span class='ocrx_word' id='word_1_303' title='bbox 1217 3827 1409 3897; x_wconf 75' lang='lat' dir='ltr'><strong>factum</strong></span> <span class='ocrx_word' id='word_1_304' title='bbox 1446 3830 1520 3876; x_wconf 88' lang='lat' dir='ltr'><strong>est</strong></span> <span class='ocrx_word' id='word_1_305' title='bbox 1561 3821 1691 3876; x_wconf 83' lang='lat' dir='ltr'><strong>nihil</strong></span> <span class='ocrx_word' id='word_1_306' title='bbox 1722 3818 1901 3891; x_wconf 76' lang='lat' dir='ltr'><strong>(Joan.</strong></span> <span class='ocrx_word' id='word_1_307' title='bbox 1935 3821 1987 3875; x_wconf 91' lang='grc'><strong>1.</strong></span> 
     </span>
    </p>
   </div>
   <div class='ocr_carea' id='block_1_39' title="bbox 399 3916 1990 3997">
    <p class='ocr_par' dir='ltr' id='par_1_39' title="bbox 399 3916 1990 3997">
     <span class='ocr_line' id='line_1_39' title="bbox 399 3916 1990 3997; baseline -0.008 -17"><span class='ocrx_word' id='word_1_308' title='bbox 399 3925 481 3997; x_wconf 84' lang='lat'><strong>&#39;5).</strong></span> <span class='ocrx_word' id='word_1_309' title='bbox 510 3926 580 3979; x_wconf 84' lang='lat' dir='ltr'><strong>At</strong></span> <span class='ocrx_word' id='word_1_310' title='bbox 604 3936 712 3977; x_wconf 88' lang='lat' dir='ltr'><strong>non</strong></span> <span class='ocrx_word' id='word_1_311' title='bbox 745 3922 823 3977; x_wconf 93' lang='lat' dir='ltr'><strong>sic</strong></span> <span class='ocrx_word' id='word_1_312' title='bbox 849 3920 1053 3986; x_wconf 83' lang='lat' dir='ltr'><strong>Moses;</strong></span> <span class='ocrx_word' id='word_1_313' title='bbox 1082 3927 1137 3975; x_wconf 87' lang='lat' dir='ltr'><strong>et</strong></span> <span class='ocrx_word' id='word_1_314' title='bbox 1163 3917 1391 3973; x_wconf 86' lang='lat' dir='ltr'><strong>merito:</strong></span> <span class='ocrx_word' id='word_1_315' title='bbox 1423 3929 1522 3971; x_wconf 89' lang='lat' dir='ltr'><strong>nec</strong></span> <span class='ocrx_word' id='word_1_316' title='bbox 1542 3916 1685 3971; x_wconf 89' lang='lat' dir='ltr'><strong>enim</strong></span> <span class='ocrx_word' id='word_1_317' title='bbox 1715 3921 1832 3969; x_wconf 91' lang='lat' dir='ltr'><strong>erat</strong></span> <span class='ocrx_word' id='word_1_318' title='bbox 1858 3928 1990 3969; x_wconf 89' lang='lat' dir='ltr'><strong>con-</strong></span> 
     </span>
    </p>
   </div>
   <div class='ocr_carea' id='block_1_40' title="bbox 400 4004 1993 4081">
    <p class='ocr_par' dir='ltr' id='par_1_40' title="bbox 400 4004 1993 4081">
     <span class='ocr_line' id='line_1_40' title="bbox 400 4004 1993 4081; baseline -0.006 -9"><span class='ocrx_word' id='word_1_319' title='bbox 400 4028 739 4079; x_wconf 79' lang='lat' dir='ltr'><strong>sentaneum,</strong></span> <span class='ocrx_word' id='word_1_320' title='bbox 770 4022 825 4068; x_wconf 92' lang='lat' dir='ltr'><strong>ut</strong></span> <span class='ocrx_word' id='word_1_321' title='bbox 860 4012 1028 4068; x_wconf 90' lang='lat' dir='ltr'><strong>solido</strong></span> <span class='ocrx_word' id='word_1_322' title='bbox 1058 4016 1405 4081; x_wconf 85' lang='lat' dir='ltr'><strong>pascerentur</strong></span> <span class='ocrx_word' id='word_1_323' title='bbox 1439 4006 1560 4063; x_wconf 89' lang='lat' dir='ltr'><strong>cibo</strong></span> <span class='ocrx_word' id='word_1_324' title='bbox 1600 4006 1794 4078; x_wconf 90' lang='lat' dir='ltr'><strong>quibus</strong></span> <span class='ocrx_word' id='word_1_325' title='bbox 1818 4004 1993 4062; x_wconf 90' lang='lat' dir='ltr'><strong>adhuc</strong></span> 
     </span>
    </p>
   </div>
   <div class='ocr_carea' id='block_1_41' title="bbox 402 4095 1993 4174">
    <p class='ocr_par' dir='ltr' id='par_1_41' title="bbox 402 4095 1993 4174">
     <span class='ocr_line' id='line_1_41' title="bbox 402 4095 1993 4174; baseline -0.009 -10"><span class='ocrx_word' id='word_1_326' title='bbox 402 4109 557 4164; x_wconf 87' lang='lat' dir='ltr'><strong>laetis</strong></span> <span class='ocrx_word' id='word_1_327' title='bbox 575 4104 820 4161; x_wconf 87' lang='lat' dir='ltr'><strong>alimonia</strong></span> <span class='ocrx_word' id='word_1_328' title='bbox 856 4118 990 4174; x_wconf 87' lang='lat' dir='ltr'><strong>opus</strong></span> <span class='ocrx_word' id='word_1_329' title='bbox 1022 4110 1155 4156; x_wconf 89' lang='lat' dir='ltr'><strong>erat.</strong></span> <span class='ocrx_word' id='word_1_330' title='bbox 1188 4098 1319 4155; x_wconf 84' lang='lat' dir='ltr'><strong>Nam</strong></span> <span class='ocrx_word' id='word_1_331' title='bbox 1363 4097 1811 4171; x_wconf 88' lang='lat' dir='ltr'><strong>quemadmodum</strong></span> <span class='ocrx_word' id='word_1_332' title='bbox 1856 4095 1993 4151; x_wconf 89' lang='lat' dir='ltr'><strong>ludi-</strong></span> 
     </span>
    </p>
   </div>
   <div class='ocr_carea' id='block_1_42' title="bbox 403 4189 1994 4271">
    <p class='ocr_par' dir='ltr' id='par_1_42' title="bbox 403 4189 1994 4271">
     <span class='ocr_line' id='line_1_42' title="bbox 403 4189 1994 4271; baseline -0.008 -16"><span class='ocrx_word' id='word_1_333' title='bbox 403 4197 641 4271; x_wconf 86' lang='lat' dir='ltr'><strong>magistri</strong></span> <span class='ocrx_word' id='word_1_334' title='bbox 661 4195 858 4268; x_wconf 89' lang='lat' dir='ltr'><strong>pueris,</strong></span> <span class='ocrx_word' id='word_1_335' title='bbox 882 4195 1017 4265; x_wconf 85' lang='lat' dir='ltr'><strong>quia</strong></span> <span class='ocrx_word' id='word_1_336' title='bbox 1032 4192 1340 4264; x_wconf 83' lang='lat' dir='ltr'><strong>parentibus</strong></span> <span class='ocrx_word' id='word_1_337' title='bbox 1360 4192 1381 4223; x_wconf 81' lang='grc'>³</span> <span class='ocrx_word' id='word_1_338' title='bbox 1402 4190 1531 4261; x_wconf 88' lang='lat' dir='ltr'><strong>ipsis</strong></span> <span class='ocrx_word' id='word_1_339' title='bbox 1551 4189 1994 4246; x_wconf 89' lang='lat' dir='ltr'><strong>commendantur</strong></span> 
     </span>
    </p>
   </div>
   <div class='ocr_carea' id='block_1_43' title="bbox 404 4282 1992 4362">
    <p class='ocr_par' dir='ltr' id='par_1_43' title="bbox 404 4282 1992 4362">
     <span class='ocr_line' id='line_1_43' title="bbox 404 4282 1992 4362; baseline -0.008 -14"><span class='ocrx_word' id='word_1_340' title='bbox 404 4290 699 4358; x_wconf 89' lang='lat' dir='ltr'><strong>erudiendi,</strong></span> <span class='ocrx_word' id='word_1_341' title='bbox 728 4290 898 4362; x_wconf 91' lang='lat' dir='ltr'><strong>prima</strong></span> <span class='ocrx_word' id='word_1_342' title='bbox 938 4286 1153 4342; x_wconf 91' lang='lat' dir='ltr'><strong>tradunt</strong></span> <span class='ocrx_word' id='word_1_343' title='bbox 1181 4286 1444 4340; x_wconf 88' lang='lat' dir='ltr'><strong>elementa</strong></span> <span class='ocrx_word' id='word_1_344' title='bbox 1470 4325 1485 4352; x_wconf 94' lang='lat'><strong>,</strong></span> <span class='ocrx_word' id='word_1_345' title='bbox 1518 4297 1651 4354; x_wconf 90' lang='lat' dir='ltr'><strong>quos</strong></span> <span class='ocrx_word' id='word_1_346' title='bbox 1683 4296 1878 4352; x_wconf 88' lang='lat' dir='ltr'><strong>pueros</strong></span> <span class='ocrx_word' id='word_1_347' title='bbox 1902 4282 1992 4352; x_wconf 91' lang='lat' dir='ltr'><strong>qui</strong></span> 
     </span>
    </p>
   </div>
   <div class='ocr_carea' id='block_1_44' title="bbox 401 4371 1991 4453">
    <p class='ocr_par' dir='ltr' id='par_1_44' title="bbox 401 4371 1991 4453">
     <span class='ocr_line' id='line_1_44' title="bbox 401 4371 1991 4453; baseline -0.008 -14"><span class='ocrx_word' id='word_1_348' title='bbox 401 4387 474 4440; x_wconf 89' lang='lat' dir='ltr'><strong>ab</strong></span> <span class='ocrx_word' id='word_1_349' title='bbox 504 4385 607 4438; x_wconf 87' lang='lat' dir='ltr'><strong>illis</strong></span> <span class='ocrx_word' id='word_1_350' title='bbox 632 4390 815 4453; x_wconf 87' lang='lat' dir='ltr'><strong>postea</strong></span> <span class='ocrx_word' id='word_1_351' title='bbox 847 4379 1161 4449; x_wconf 85' lang='lat' dir='ltr'><strong>suscipiunt,</strong></span> <span class='ocrx_word' id='word_1_352' title='bbox 1191 4374 1588 4431; x_wconf 87' lang='lat' dir='ltr'><strong>sublimioribus</strong></span> <span class='ocrx_word' id='word_1_353' title='bbox 1616 4384 1668 4430; x_wconf 91' lang='lat' dir='ltr'><strong>et</strong></span> <span class='ocrx_word' id='word_1_354' title='bbox 1707 4371 1991 4445; x_wconf 78' lang='lat' dir='ltr'><strong>perfectio-</strong></span> 
     </span>
    </p>
   </div>
   <div class='ocr_carea' id='block_1_45' title="bbox 405 4463 1991 4530">
    <p class='ocr_par' dir='ltr' id='par_1_45' title="bbox 405 4463 1991 4530">
     <span class='ocr_line' id='line_1_45' title="bbox 405 4463 1991 4530; baseline -0.008 0"><span class='ocrx_word' id='word_1_355' title='bbox 405 4475 555 4530; x_wconf 90' lang='lat' dir='ltr'><strong>rihus</strong></span> <span class='ocrx_word' id='word_1_356' title='bbox 581 4471 836 4529; x_wconf 89' lang='lat' dir='ltr'><strong>doctrinis</strong></span> <span class='ocrx_word' id='word_1_357' title='bbox 873 4469 1115 4524; x_wconf 83' lang='lat' dir='ltr'><strong>itnhuunt</strong></span> <span class='ocrx_word' id='word_1_358' title='bbox 1148 4485 1160 4521; x_wconf 89' lang='lat'>:</span> <span class='ocrx_word' id='word_1_359' title='bbox 1193 4467 1263 4521; x_wconf 90' lang='lat' dir='ltr'><strong>ita</strong></span> <span class='ocrx_word' id='word_1_360' title='bbox 1289 4475 1343 4521; x_wconf 89' lang='lat' dir='ltr'><strong>et</strong></span> <span class='ocrx_word' id='word_1_361' title='bbox 1380 4465 1563 4520; x_wconf 89' lang='lat' dir='ltr'><strong>beatus</strong></span> <span class='ocrx_word' id='word_1_362' title='bbox 1587 4464 1780 4530; x_wconf 85' lang='lat' dir='ltr'><strong>Moses,</strong></span> <span class='ocrx_word' id='word_1_363' title='bbox 1809 4471 1863 4519; x_wconf 91' lang='lat' dir='ltr'><strong>et</strong></span> <span class='ocrx_word' id='word_1_364' title='bbox 1894 4463 1991 4518; x_wconf 90' lang='lat' dir='ltr'><strong>do-</strong></span> 
     </span>
    </p>
   </div>
   <div class='ocr_carea' id='block_1_46' title="bbox 402 4554 1995 4636">
    <p class='ocr_par' dir='ltr' id='par_1_46' title="bbox 402 4554 1995 4636">
     <span class='ocr_line' id='line_1_46' title="bbox 402 4554 1995 4636; baseline -0.008 -15"><span class='ocrx_word' id='word_1_365' title='bbox 402 4576 521 4622; x_wconf 87' lang='lat' dir='ltr'><strong>ctor</strong></span> <span class='ocrx_word' id='word_1_366' title='bbox 546 4564 803 4636; x_wconf 86' lang='lat' dir='ltr'><strong>gentium,</strong></span> <span class='ocrx_word' id='word_1_367' title='bbox 834 4576 897 4617; x_wconf 84' lang='lat' dir='ltr'><strong>ac</strong></span> <span class='ocrx_word' id='word_1_368' title='bbox 920 4559 1060 4615; x_wconf 83' lang='lat' dir='ltr'><strong>ﬁlius</strong></span> <span class='ocrx_word' id='word_1_369' title='bbox 1090 4558 1308 4614; x_wconf 88' lang='lat' dir='ltr'><strong>tunitrui</strong></span> <span class='ocrx_word' id='word_1_370' title='bbox 1350 4556 1608 4612; x_wconf 89' lang='lat' dir='ltr'><strong>fecerunt.</strong></span> <span class='ocrx_word' id='word_1_371' title='bbox 1653 4554 1784 4611; x_wconf 85' lang='lat' dir='ltr'><strong>Nam</strong></span> <span class='ocrx_word' id='word_1_372' title='bbox 1819 4555 1995 4610; x_wconf 82' lang='lat' dir='ltr'><strong>Moses</strong></span> 
     </span>
    </p>
   </div>
   <div class='ocr_carea' id='block_1_47' title="bbox 404 4648 1990 4731">
    <p class='ocr_par' dir='ltr' id='par_1_47' title="bbox 404 4648 1990 4731">
     <span class='ocr_line' id='line_1_47' title="bbox 404 4648 1990 4731; baseline -0.006 -19"><span class='ocrx_word' id='word_1_373' title='bbox 404 4656 621 4731; x_wconf 83' lang='lat' dir='ltr'><strong>quidem</strong></span> <span class='ocrx_word' id='word_1_374' title='bbox 654 4672 776 4713; x_wconf 91' lang='lat' dir='ltr'><strong>cum</strong></span> <span class='ocrx_word' id='word_1_375' title='bbox 807 4656 1009 4726; x_wconf 91' lang='lat' dir='ltr'><strong>primus</strong></span> <span class='ocrx_word' id='word_1_376' title='bbox 1036 4653 1275 4709; x_wconf 91' lang='lat' dir='ltr'><strong>omnium</strong></span> <span class='ocrx_word' id='word_1_377' title='bbox 1304 4649 1685 4706; x_wconf 89' lang='lat' dir='ltr'><strong>instituendam</strong></span> <span class='ocrx_word' id='word_1_378' title='bbox 1724 4648 1990 4718; x_wconf 62' lang='lat' dir='ltr'><strong>suscepiso</strong></span> 
     </span>
    </p>
   </div>
   <div class='ocr_carea' id='block_1_48' title="bbox 404 4741 1992 4813">
    <p class='ocr_par' dir='ltr' id='par_1_48' title="bbox 404 4741 1992 4813">
     <span class='ocr_line' id='line_1_48' title="bbox 404 4741 1992 4813; baseline -0.008 -7"><span class='ocrx_word' id='word_1_379' title='bbox 404 4762 488 4807; x_wconf 85' lang='lat' dir='ltr'><strong>set</strong></span> <span class='ocrx_word' id='word_1_380' title='bbox 520 4751 803 4805; x_wconf 88' lang='lat' dir='ltr'><strong>humanam</strong></span> <span class='ocrx_word' id='word_1_381' title='bbox 846 4756 1109 4812; x_wconf 87' lang='lat' dir='ltr'><strong>naturam,</strong></span> <span class='ocrx_word' id='word_1_382' title='bbox 1152 4744 1334 4799; x_wconf 89' lang='lat' dir='ltr'><strong>docuit</strong></span> <span class='ocrx_word' id='word_1_383' title='bbox 1374 4741 1645 4799; x_wconf 90' lang='lat' dir='ltr'><strong>auditores</strong></span> <span class='ocrx_word' id='word_1_384' title='bbox 1679 4741 1850 4813; x_wconf 88' lang='lat' dir='ltr'><strong>prima</strong></span> <span class='ocrx_word' id='word_1_385' title='bbox 1881 4741 1992 4796; x_wconf 82' lang='lat' dir='ltr'><strong>ele-</strong></span> 
     </span>
    </p>
   </div>
   <div class='ocr_carea' id='block_1_49' title="bbox 407 4833 1998 4904">
    <p class='ocr_par' dir='ltr' id='par_1_49' title="bbox 407 4833 1998 4904">
     <span class='ocr_line' id='line_1_49' title="bbox 407 4833 1998 4904; baseline -0.007 -6"><span class='ocrx_word' id='word_1_386' title='bbox 407 4851 629 4899; x_wconf 84' lang='lat' dir='ltr'><strong>menta:</strong></span> <span class='ocrx_word' id='word_1_387' title='bbox 660 4840 897 4896; x_wconf 84' lang='lat' dir='ltr'><strong>Joannes</strong></span> <span class='ocrx_word' id='word_1_388' title='bbox 937 4846 1114 4892; x_wconf 88' lang='lat' dir='ltr'><strong>autem</strong></span> <span class='ocrx_word' id='word_1_389' title='bbox 1145 4844 1201 4890; x_wconf 87' lang='lat' dir='ltr'><strong>ct</strong></span> <span class='ocrx_word' id='word_1_390' title='bbox 1244 4834 1438 4890; x_wconf 79' lang='lat' dir='ltr'><strong>Paulus</strong></span> <span class='ocrx_word' id='word_1_391' title='bbox 1491 4833 1555 4888; x_wconf 91' lang='lat' dir='ltr'><strong>iis</strong></span> <span class='ocrx_word' id='word_1_392' title='bbox 1588 4850 1722 4904; x_wconf 88' lang='lat' dir='ltr'><strong>quos</strong></span> <span class='ocrx_word' id='word_1_393' title='bbox 1768 4850 1798 4889; x_wconf 90' lang='lat' dir='ltr'><strong>a</strong></span> <span class='ocrx_word' id='word_1_394' title='bbox 1851 4833 1998 4888; x_wconf 85' lang='lat' dir='ltr'><strong>Mose</strong></span> 
     </span>
    </p>
   </div>
   <div class='ocr_carea' id='block_1_50' title="bbox 404 4926 1995 5007">
    <p class='ocr_par' dir='ltr' id='par_1_50' title="bbox 404 4926 1995 5007">
     <span class='ocr_line' id='line_1_50' title="bbox 404 4926 1995 5007; baseline -0.008 -15"><span class='ocrx_word' id='word_1_395' title='bbox 404 4942 745 5007; x_wconf 78' lang='lat' dir='ltr'><strong>acceperant,</strong></span> <span class='ocrx_word' id='word_1_396' title='bbox 787 4939 970 5003; x_wconf 87' lang='lat' dir='ltr'><strong>postea</strong></span> <span class='ocrx_word' id='word_1_397' title='bbox 1009 4930 1324 5001; x_wconf 77' lang='lat' dir='ltr'><strong>perfectiora</strong></span> <span class='ocrx_word' id='word_1_398' title='bbox 1369 4926 1656 4983; x_wconf 85' lang='lat' dir='ltr'><strong>tradidere.</strong></span> <span class='ocrx_word' id='word_1_399' title='bbox 1703 4926 1865 4998; x_wconf 84' lang='lat' dir='ltr'><strong>Igitur</strong></span> <span class='ocrx_word' id='word_1_400' title='bbox 1886 4927 1995 4997; x_wconf 86' lang='lat' dir='ltr'><strong>jam</strong></span> 
     </span>
    </p>
   </div>
   <div class='ocr_carea' id='block_1_51' title="bbox 406 5019 1995 5095">
    <p class='ocr_par' dir='ltr' id='par_1_51' title="bbox 406 5019 1995 5095">
     <span class='ocr_line' id='line_1_51' title="bbox 406 5019 1995 5095; baseline -0.008 -10"><span class='ocrx_word' id='word_1_401' title='bbox 406 5029 712 5091; x_wconf 80' lang='lat' dir='ltr'><strong>didicimus,</strong></span> <span class='ocrx_word' id='word_1_402' title='bbox 752 5038 919 5095; x_wconf 89' lang='lat' dir='ltr'><strong>quare</strong></span> <span class='ocrx_word' id='word_1_403' title='bbox 961 5023 1032 5077; x_wconf 90' lang='lat' dir='ltr'><strong>ita</strong></span> <span class='ocrx_word' id='word_1_404' title='bbox 1078 5037 1137 5077; x_wconf 93' lang='lat' dir='ltr'><strong>se</strong></span> <span class='ocrx_word' id='word_1_405' title='bbox 1176 5021 1613 5090; x_wconf 81' lang='lat' dir='ltr'><strong>attemperaverit</strong></span> <span class='ocrx_word' id='word_1_406' title='bbox 1654 5019 1719 5075; x_wconf 90' lang='lat' dir='ltr'><strong>ad</strong></span> <span class='ocrx_word' id='word_1_407' title='bbox 1761 5030 1995 5073; x_wconf 89' lang='lat' dir='ltr'><strong>nostram</strong></span> 
     </span>
    </p>
   </div>
   <div class='ocr_carea' id='block_1_52' title="bbox 408 5112 2001 5184">
    <p class='ocr_par' dir='ltr' id='par_1_52' title="bbox 408 5112 2001 5184">
     <span class='ocr_line' id='line_1_52' title="bbox 408 5112 2001 5184; baseline -0.009 -6"><span class='ocrx_word' id='word_1_408' title='bbox 408 5121 745 5184; x_wconf 84' lang='lat' dir='ltr'><strong>tenuitatem,</strong></span> <span class='ocrx_word' id='word_1_409' title='bbox 773 5123 977 5173; x_wconf 85' lang='lat' dir='ltr'><strong>etcum</strong></span> <span class='ocrx_word' id='word_1_410' title='bbox 1011 5114 1211 5184; x_wconf 84' lang='lat' dir='ltr'><strong>Spiritu</strong></span> <span class='ocrx_word' id='word_1_411' title='bbox 1255 5121 1445 5168; x_wconf 86' lang='lat' dir='ltr'><strong>sancto</strong></span> <span class='ocrx_word' id='word_1_412' title='bbox 1482 5112 1807 5183; x_wconf 86' lang='lat' dir='ltr'><strong>loquentem,</strong></span> <span class='ocrx_word' id='word_1_413' title='bbox 1841 5120 2001 5181; x_wconf 87' lang='lat' dir='ltr'><strong>prout</strong></span> 
     </span>
    </p>
   </div>
   <div class='ocr_carea' id='block_1_53' title="bbox 406 5203 2000 5277">
    <p class='ocr_par' dir='ltr' id='par_1_53' title="bbox 406 5203 2000 5277">
     <span class='ocr_line' id='line_1_53' title="bbox 406 5203 2000 5277; baseline -0.005 -10"><span class='ocrx_word' id='word_1_414' title='bbox 406 5209 743 5267; x_wconf 86' lang='lat' dir='ltr'><strong>auditoribus</strong></span> <span class='ocrx_word' id='word_1_415' title='bbox 766 5205 1114 5277; x_wconf 80' lang='lat' dir='ltr'><strong>congruebat,</strong></span> <span class='ocrx_word' id='word_1_416' title='bbox 1140 5205 1316 5259; x_wconf 87' lang='lat' dir='ltr'><strong>omnia</strong></span> <span class='ocrx_word' id='word_1_417' title='bbox 1343 5205 1661 5273; x_wconf 80' lang='lat' dir='ltr'><strong>exposuisse</strong></span> <span class='ocrx_word' id='word_1_418' title='bbox 1691 5221 1705 5257; x_wconf 90' lang='lat'><strong>:</strong></span> <span class='ocrx_word' id='word_1_419' title='bbox 1735 5203 2000 5274; x_wconf 89' lang='lat' dir='ltr'><strong>simulque</strong></span> 
     </span>
    </p>
   </div>
   <div class='ocr_carea' id='block_1_54' title="bbox 408 5297 2001 5367">
    <p class='ocr_par' dir='ltr' id='par_1_54' title="bbox 408 5297 2001 5367">
     <span class='ocr_line' id='line_1_54' title="bbox 408 5297 2001 5367; baseline -0.005 -7"><span class='ocrx_word' id='word_1_420' title='bbox 408 5306 499 5360; x_wconf 88' lang='lat' dir='ltr'><strong>ille</strong></span> <span class='ocrx_word' id='word_1_421' title='bbox 542 5315 729 5356; x_wconf 87' lang='lat' dir='ltr'><strong>omnes</strong></span> <span class='ocrx_word' id='word_1_422' title='bbox 778 5297 1033 5363; x_wconf 66' lang='lat' dir='ltr'><strong>haereses,</strong></span> <span class='ocrx_word' id='word_1_423' title='bbox 1078 5312 1197 5366; x_wconf 76' lang='lat' dir='ltr'><strong>qute</strong></span> <span class='ocrx_word' id='word_1_424' title='bbox 1239 5298 1377 5353; x_wconf 80' lang='lat' dir='ltr'><strong>sicut</strong></span> <span class='ocrx_word' id='word_1_425' title='bbox 1418 5297 1616 5351; x_wconf 87' lang='lat' dir='ltr'><strong>zizania</strong></span> <span class='ocrx_word' id='word_1_426' title='bbox 1668 5297 2001 5367; x_wconf 76' lang='lat' dir='ltr'><strong>pullulatura:</strong></span> 
     </span>
    </p>
   </div>
   <div class='ocr_carea' id='block_1_55' title="bbox 410 5393 2002 5471">
    <p class='ocr_par' dir='ltr' id='par_1_55' title="bbox 410 5393 2002 5471">
     <span class='ocr_line' id='line_1_55' title="bbox 410 5393 2002 5471; baseline -0.002 -18"><span class='ocrx_word' id='word_1_427' title='bbox 410 5408 567 5454; x_wconf 88' lang='lat' dir='ltr'><strong>erant</strong></span> <span class='ocrx_word' id='word_1_428' title='bbox 602 5400 656 5455; x_wconf 91' lang='lat' dir='ltr'><strong>in</strong></span> <span class='ocrx_word' id='word_1_429' title='bbox 701 5400 961 5466; x_wconf 85' lang='lat' dir='ltr'><strong>Ecclesia,</strong></span> <span class='ocrx_word' id='word_1_430' title='bbox 992 5398 1226 5454; x_wconf 89' lang='lat' dir='ltr'><strong>eradicat</strong></span> <span class='ocrx_word' id='word_1_431' title='bbox 1268 5414 1363 5471; x_wconf 89' lang='lat' dir='ltr'><strong>per</strong></span> <span class='ocrx_word' id='word_1_432' title='bbox 1408 5397 1510 5455; x_wconf 88' lang='lat' dir='ltr'><strong>hoc</strong></span> <span class='ocrx_word' id='word_1_433' title='bbox 1555 5398 1698 5468; x_wconf 88' lang='lat' dir='ltr'><strong>quod</strong></span> <span class='ocrx_word' id='word_1_434' title='bbox 1736 5397 1904 5453; x_wconf 87' lang='lat' dir='ltr'><strong>dicit:</strong></span> <span class='ocrx_word' id='word_1_435' title='bbox 1934 5393 2002 5450; x_wconf 86' lang='lat' dir='ltr'><strong>In</strong></span> 
     </span>
    </p>
   </div>
   <div class='ocr_carea' id='block_1_56' title="bbox 408 5488 2005 5566">
    <p class='ocr_par' dir='ltr' id='par_1_56' title="bbox 408 5488 2005 5566">
     <span class='ocr_line' id='line_1_56' title="bbox 408 5488 2005 5566; baseline 0.004 -18"><span class='ocrx_word' id='word_1_436' title='bbox 408 5495 662 5564; x_wconf 79' lang='lat' dir='ltr'><strong>principio</strong></span> <span class='ocrx_word' id='word_1_437' title='bbox 688 5496 806 5566; x_wconf 76' lang='lat' dir='ltr'><strong>fecit</strong></span> <span class='ocrx_word' id='word_1_438' title='bbox 844 5488 980 5551; x_wconf 86' lang='lat' dir='ltr'><strong>Deus</strong></span> <span class='ocrx_word' id='word_1_439' title='bbox 1016 5494 1195 5550; x_wconf 66' lang='lat' dir='ltr'><strong>caelum</strong></span> <span class='ocrx_word' id='word_1_440' title='bbox 1223 5506 1269 5550; x_wconf 91' lang='lat' dir='ltr'><strong>et</strong></span> <span class='ocrx_word' id='word_1_441' title='bbox 1307 5506 1510 5550; x_wconf 87' lang='lat' dir='ltr'><strong>terram.</strong></span> <span class='ocrx_word' id='word_1_442' title='bbox 1554 5495 1704 5552; x_wconf 85' lang='lat' dir='ltr'><strong>Unde</strong></span> <span class='ocrx_word' id='word_1_443' title='bbox 1749 5496 1792 5552; x_wconf 89' lang='lat' dir='ltr'><strong>si</strong></span> <span class='ocrx_word' id='word_1_444' title='bbox 1838 5497 2005 5554; x_wconf 85' lang='lat' dir='ltr'><strong>Mani-</strong></span> 
     </span>
    </p>
   </div>
   <div class='ocr_carea' id='block_1_57' title="bbox 410 5588 2000 5663">
    <p class='ocr_par' dir='ltr' id='par_1_57' title="bbox 410 5588 2000 5663">
     <span class='ocr_line' id='line_1_57' title="bbox 410 5588 2000 5663; baseline 0.003 -19"><span class='ocrx_word' id='word_1_445' title='bbox 410 5588 595 5644; x_wconf 66' lang='lat' dir='ltr'><strong>chasus</strong></span> <span class='ocrx_word' id='word_1_446' title='bbox 619 5588 686 5644; x_wconf 86' lang='lat' dir='ltr'><strong>ad</strong></span> <span class='ocrx_word' id='word_1_447' title='bbox 716 5599 767 5644; x_wconf 89' lang='lat' dir='ltr'><strong>te</strong></span> <span class='ocrx_word' id='word_1_448' title='bbox 793 5591 1081 5646; x_wconf 86' lang='lat' dir='ltr'><strong>accesserit</strong></span> <span class='ocrx_word' id='word_1_449' title='bbox 1097 5590 1286 5648; x_wconf 88' lang='lat' dir='ltr'><strong>dicens</strong></span> <span class='ocrx_word' id='word_1_450' title='bbox 1302 5590 1584 5645; x_wconf 86' lang='lat' dir='ltr'><strong>materiam</strong></span> <span class='ocrx_word' id='word_1_451' title='bbox 1601 5590 2000 5663; x_wconf 82' lang='lat' dir='ltr'><strong>praeexsistere;</strong></span> 
     </span>
    </p>
   </div>
   <div class='ocr_carea' id='block_1_58' title="bbox 483 5827 1257 5890">
    <p class='ocr_par' dir='ltr' id='par_1_58' title="bbox 483 5827 1257 5890">
     <span class='ocr_line' id='line_1_58' title="bbox 483 5827 1257 5890; baseline 0.004 -12"><span class='ocrx_word' id='word_1_452' title='bbox 483 5831 497 5863; x_wconf 80' lang='grc' dir='ltr'>ι</span> <span class='ocrx_word' id='word_1_453' title='bbox 536 5827 593 5878; x_wconf 72' lang='lat' dir='ltr'><strong>in</strong></span> <span class='ocrx_word' id='word_1_454' title='bbox 616 5828 735 5879; x_wconf 65' lang='lat' dir='ltr'><strong>tulit.</strong></span> <span class='ocrx_word' id='word_1_455' title='bbox 761 5828 948 5890; x_wconf 68' lang='lat' dir='ltr'><strong>ttorcl.,</strong></span> <span class='ocrx_word' id='word_1_456' title='bbox 970 5830 1257 5881; x_wconf 84' lang='lat' dir='ltr'><strong>cucurrerit.</strong></span> 
     </span>
    </p>
   </div>
   <div class='ocr_carea' id='block_1_59' title="bbox 481 5890 1943 5959">
    <p class='ocr_par' dir='ltr' id='par_1_59' title="bbox 481 5890 1943 5959">
     <span class='ocr_line' id='line_1_59' title="bbox 481 5890 1943 5959; baseline 0.008 -18"><span class='ocrx_word' id='word_1_457' title='bbox 481 5892 503 5923; x_wconf 78' lang='grc'>⁸</span> <span class='ocrx_word' id='word_1_458' title='bbox 535 5891 675 5942; x_wconf 77' lang='lat' dir='ltr'><strong>savii.</strong></span> <span class='ocrx_word' id='word_1_459' title='bbox 704 5898 755 5941; x_wconf 84' lang='lat' dir='ltr'><strong>et</strong></span> <span class='ocrx_word' id='word_1_460' title='bbox 778 5890 916 5943; x_wconf 88' lang='lat' dir='ltr'><strong>multi</strong></span> <span class='ocrx_word' id='word_1_461' title='bbox 945 5899 1073 5955; x_wconf 66' lang='lat' dir='ltr'><strong>uss,</strong></span> <span class='ocrx_word' id='word_1_462' title='bbox 1100 5907 1131 5944; x_wconf 91' lang='lat' dir='ltr'><strong>a</strong></span> <span class='ocrx_word' id='word_1_463' title='bbox 1154 5894 1405 5958; x_wconf 86' lang='lat' dir='ltr'><strong>patribus;</strong></span> <span class='ocrx_word' id='word_1_464' title='bbox 1430 5896 1612 5959; x_wconf 77' lang='lat' dir='ltr'><strong>.\torel.,</strong></span> <span class='ocrx_word' id='word_1_465' title='bbox 1639 5910 1668 5947; x_wconf 90' lang='lat' dir='ltr'><strong>a</strong></span> <span class='ocrx_word' id='word_1_466' title='bbox 1689 5898 1943 5953; x_wconf 75' lang='lat' dir='ltr'><strong>matribus.</strong></span> 
     </span>
    </p>
   </div>
   <div class='ocr_carea' id='block_1_60' title="bbox 2084 498 3672 576">
    <p class='ocr_par' dir='ltr' id='par_1_60' title="bbox 2084 498 3672 576">
     <span class='ocr_line' id='line_1_60' title="bbox 2084 498 3672 576; baseline 0.006 -21"><span class='ocrx_word' id='word_1_467' title='bbox 2084 500 2126 555; x_wconf 91' lang='lat' dir='ltr'><strong>si</strong></span> <span class='ocrx_word' id='word_1_468' title='bbox 2157 498 2408 565; x_wconf 80' lang='lat' dir='ltr'><strong>Marcion,</strong></span> <span class='ocrx_word' id='word_1_469' title='bbox 2438 501 2480 555; x_wconf 92' lang='lat' dir='ltr'><strong>si</strong></span> <span class='ocrx_word' id='word_1_470' title='bbox 2514 501 2823 557; x_wconf 82' lang='lat' dir='ltr'><strong>Valentinus</strong></span> <span class='ocrx_word' id='word_1_471' title='bbox 2851 502 2954 573; x_wconf 77' lang='grc' dir='ltr'><strong>(ιι),</strong></span> <span class='ocrx_word' id='word_1_472' title='bbox 2977 503 3021 561; x_wconf 86' lang='lat' dir='ltr'><strong>si</strong></span> <span class='ocrx_word' id='word_1_473' title='bbox 3047 503 3294 576; x_wconf 85' lang='lat' dir='ltr'><strong>gentiles,</strong></span> <span class='ocrx_word' id='word_1_474' title='bbox 3322 504 3407 561; x_wconf 88' lang='lat' dir='ltr'><strong>die</strong></span> <span class='ocrx_word' id='word_1_475' title='bbox 3435 508 3539 562; x_wconf 78' lang='lat' dir='ltr'><strong>illis</strong></span> <span class='ocrx_word' id='word_1_476' title='bbox 3564 527 3578 564; x_wconf 74' lang='grc' dir='ltr'>ε</span> <span class='ocrx_word' id='word_1_477' title='bbox 3606 508 3672 564; x_wconf 87' lang='grc' dir='ltr'><strong>ιη</strong></span> 
     </span>
    </p>
   </div>
   <div class='ocr_carea' id='block_1_61' title="bbox 2083 591 3672 669">
    <p class='ocr_par' dir='ltr' id='par_1_61' title="bbox 2083 591 3672 669">
     <span class='ocr_line' id='line_1_61' title="bbox 2083 591 3672 669; baseline 0.006 -23"><span class='ocrx_word' id='word_1_478' title='bbox 2083 593 2330 663; x_wconf 83' lang='lat' dir='ltr'><strong>principio</strong></span> <span class='ocrx_word' id='word_1_479' title='bbox 2358 592 2474 663; x_wconf 77' lang='lat' dir='ltr'><strong>fecit</strong></span> <span class='ocrx_word' id='word_1_480' title='bbox 2495 591 2637 648; x_wconf 86' lang='lat' dir='ltr'><strong>Deus</strong></span> <span class='ocrx_word' id='word_1_481' title='bbox 2662 595 2842 649; x_wconf 66' lang='lat' dir='ltr'><strong>celum</strong></span> <span class='ocrx_word' id='word_1_482' title='bbox 2865 604 2912 649; x_wconf 84' lang='lat' dir='ltr'><strong>et</strong></span> <span class='ocrx_word' id='word_1_483' title='bbox 2941 604 3145 650; x_wconf 85' lang='lat' dir='ltr'><strong>terram.</strong></span> <span class='ocrx_word' id='word_1_484' title='bbox 3182 596 3289 655; x_wconf 84' lang='lat' dir='ltr'><strong>Sed</strong></span> <span class='ocrx_word' id='word_1_485' title='bbox 3316 599 3463 669; x_wconf 88' lang='lat' dir='ltr'><strong>quid,</strong></span> <span class='ocrx_word' id='word_1_486' title='bbox 3494 599 3538 654; x_wconf 88' lang='lat' dir='ltr'><strong>si</strong></span> <span class='ocrx_word' id='word_1_487' title='bbox 3565 616 3672 655; x_wconf 86' lang='lat' dir='ltr'><strong>non</strong></span> 
     </span>
    </p>
   </div>
   <div class='ocr_carea' id='block_1_62' title="bbox 2080 684 3669 759">
    <p class='ocr_par' dir='ltr' id='par_1_62' title="bbox 2080 684 3669 759">
     <span class='ocr_line' id='line_1_62' title="bbox 2080 684 3669 759; baseline 0.004 -20"><span class='ocrx_word' id='word_1_488' title='bbox 2080 684 2250 740; x_wconf 90' lang='lat' dir='ltr'><strong>credit</strong></span> <span class='ocrx_word' id='word_1_489' title='bbox 2292 685 2381 741; x_wconf 92' lang='lat' dir='ltr'><strong>ille</strong></span> <span class='ocrx_word' id='word_1_490' title='bbox 2424 685 2748 757; x_wconf 72' lang='lat' dir='ltr'><strong>Scriptum?</strong></span> <span class='ocrx_word' id='word_1_491' title='bbox 2788 687 2869 742; x_wconf 86' lang='lat' dir='ltr'><strong>Tu</strong></span> <span class='ocrx_word' id='word_1_492' title='bbox 2909 688 3131 758; x_wconf 89' lang='lat' dir='ltr'><strong>posthac</strong></span> <span class='ocrx_word' id='word_1_493' title='bbox 3163 704 3337 759; x_wconf 80' lang='lat' dir='ltr'><strong>ipsum</strong></span> <span class='ocrx_word' id='word_1_494' title='bbox 3383 693 3669 758; x_wconf 78' lang='lat' dir='ltr'><strong>averseris,</strong></span> 
     </span>
    </p>
   </div>
   <div class='ocr_carea' id='block_1_63' title="bbox 2080 775 3671 852">
    <p class='ocr_par' dir='ltr' id='par_1_63' title="bbox 2080 775 3671 852">
     <span class='ocr_line' id='line_1_63' title="bbox 2080 775 3671 852; baseline 0.004 -20"><span class='ocrx_word' id='word_1_495' title='bbox 2080 776 2225 832; x_wconf 88' lang='lat' dir='ltr'><strong>velut</strong></span> <span class='ocrx_word' id='word_1_496' title='bbox 2250 775 2587 833; x_wconf 79' lang='lat' dir='ltr'><strong>furibundum</strong></span> <span class='ocrx_word' id='word_1_497' title='bbox 2613 786 2668 834; x_wconf 90' lang='lat' dir='ltr'><strong>et</strong></span> <span class='ocrx_word' id='word_1_498' title='bbox 2692 787 2870 834; x_wconf 88' lang='lat' dir='ltr'><strong>mente</strong></span> <span class='ocrx_word' id='word_1_499' title='bbox 2894 788 3127 851; x_wconf 90' lang='lat' dir='ltr'><strong>captum.</strong></span> <span class='ocrx_word' id='word_1_500' title='bbox 3159 780 3289 836; x_wconf 89' lang='lat' dir='ltr'><strong>Nam</strong></span> <span class='ocrx_word' id='word_1_501' title='bbox 3315 783 3405 852; x_wconf 91' lang='lat' dir='ltr'><strong>qui</strong></span> <span class='ocrx_word' id='word_1_502' title='bbox 3435 784 3671 838; x_wconf 89' lang='lat' dir='ltr'><strong>omnium</strong></span> 
     </span>
    </p>
   </div>
   <div class='ocr_carea' id='block_1_64' title="bbox 2082 868 3672 946">
    <p class='ocr_par' dir='ltr' id='par_1_64' title="bbox 2082 868 3672 946">
     <span class='ocr_line' id='line_1_64' title="bbox 2082 868 3672 946; baseline 0.003 -21"><span class='ocrx_word' id='word_1_503' title='bbox 2082 868 2270 940; x_wconf 74' lang='lat' dir='ltr'><strong>Opilici</strong></span> <span class='ocrx_word' id='word_1_504' title='bbox 2301 884 2406 926; x_wconf 91' lang='lat' dir='ltr'><strong>non</strong></span> <span class='ocrx_word' id='word_1_505' title='bbox 2437 871 2629 938; x_wconf 88' lang='lat' dir='ltr'><strong>credit,</strong></span> <span class='ocrx_word' id='word_1_506' title='bbox 2659 880 2713 928; x_wconf 88' lang='lat' dir='ltr'><strong>et</strong></span> <span class='ocrx_word' id='word_1_507' title='bbox 2737 873 3016 928; x_wconf 88' lang='lat' dir='ltr'><strong>veritatem</strong></span> <span class='ocrx_word' id='word_1_508' title='bbox 3047 873 3309 929; x_wconf 87' lang='lat' dir='ltr'><strong>mendacii</strong></span> <span class='ocrx_word' id='word_1_509' title='bbox 3347 875 3540 944; x_wconf 90' lang='lat' dir='ltr'><strong>arguit,</strong></span> <span class='ocrx_word' id='word_1_510' title='bbox 3568 891 3672 946; x_wconf 63' lang='lat' dir='ltr'><strong>(tua</strong></span> 
     </span>
    </p>
   </div>
   <div class='ocr_carea' id='block_1_65' title="bbox 2083 961 3672 1033">
    <p class='ocr_par' dir='ltr' id='par_1_65' title="bbox 2083 961 3672 1033">
     <span class='ocr_line' id='line_1_65' title="bbox 2083 961 3672 1033; baseline 0.006 -18"><span class='ocrx_word' id='word_1_511' title='bbox 2083 975 2332 1033; x_wconf 88' lang='lat' dir='ltr'><strong>umquam</strong></span> <span class='ocrx_word' id='word_1_512' title='bbox 2362 961 2662 1033; x_wconf 90' lang='lat' dir='ltr'><strong>diguandus</strong></span> <span class='ocrx_word' id='word_1_513' title='bbox 2691 973 2775 1019; x_wconf 90' lang='lat' dir='ltr'><strong>est</strong></span> <span class='ocrx_word' id='word_1_514' title='bbox 2793 965 2981 1020; x_wconf 78' lang='lat' dir='ltr'><strong>venia?</strong></span> <span class='ocrx_word' id='word_1_515' title='bbox 3011 964 3182 1022; x_wconf 84' lang='lat' dir='ltr'><strong>liabet</strong></span> <span class='ocrx_word' id='word_1_516' title='bbox 3210 965 3300 1022; x_wconf 88' lang='lat' dir='ltr'><strong>ille</strong></span> <span class='ocrx_word' id='word_1_517' title='bbox 3325 966 3559 1023; x_wconf 80' lang='lat' dir='ltr'><strong>fucatam</strong></span> <span class='ocrx_word' id='word_1_518' title='bbox 3580 983 3672 1024; x_wconf 77' lang='grc' dir='ltr'><strong>ω-</strong></span> 
     </span>
    </p>
   </div>
   <div class='ocr_carea' id='block_1_66' title="bbox 2084 1051 3674 1130">
    <p class='ocr_par' dir='ltr' id='par_1_66' title="bbox 2084 1051 3674 1130">
     <span class='ocr_line' id='line_1_66' title="bbox 2084 1051 3674 1130; baseline 0.007 -25"><span class='ocrx_word' id='word_1_519' title='bbox 2084 1051 2250 1107; x_wconf 89' lang='lat' dir='ltr'><strong>lorem</strong></span> <span class='ocrx_word' id='word_1_520' title='bbox 2294 1053 2333 1116; x_wconf 86' lang='grc'>¹,</span> <span class='ocrx_word' id='word_1_521' title='bbox 2364 1062 2421 1108; x_wconf 88' lang='lat' dir='ltr'><strong>et</strong></span> <span class='ocrx_word' id='word_1_522' title='bbox 2458 1062 2854 1111; x_wconf 88' lang='lat' dir='ltr'><strong>mansuetorum</strong></span> <span class='ocrx_word' id='word_1_523' title='bbox 2897 1071 3154 1126; x_wconf 79' lang='lat' dir='ltr'><strong>personas</strong></span> <span class='ocrx_word' id='word_1_524' title='bbox 3200 1057 3387 1125; x_wconf 87' lang='lat' dir='ltr'><strong>induit,</strong></span> <span class='ocrx_word' id='word_1_525' title='bbox 3440 1061 3674 1130; x_wconf 87' lang='lat' dir='ltr'><strong>legitque</strong></span> 
     </span>
    </p>
   </div>
   <div class='ocr_carea' id='block_1_67' title="bbox 2084 1142 3676 1221">
    <p class='ocr_par' dir='ltr' id='par_1_67' title="bbox 2084 1142 3676 1221">
     <span class='ocr_line' id='line_1_67' title="bbox 2084 1142 3676 1221; baseline 0.004 -23"><span class='ocrx_word' id='word_1_526' title='bbox 2084 1142 2185 1199; x_wconf 79' lang='lat' dir='ltr'><strong>Sub</strong></span> <span class='ocrx_word' id='word_1_527' title='bbox 2209 1143 2368 1199; x_wconf 88' lang='lat' dir='ltr'><strong>ovilla</strong></span> <span class='ocrx_word' id='word_1_528' title='bbox 2399 1145 2537 1214; x_wconf 88' lang='lat' dir='ltr'><strong>pelle</strong></span> <span class='ocrx_word' id='word_1_529' title='bbox 2560 1146 2760 1217; x_wconf 88' lang='lat' dir='ltr'><strong>lupum.</strong></span> <span class='ocrx_word' id='word_1_530' title='bbox 2792 1147 2900 1203; x_wconf 88' lang='lat' dir='ltr'><strong>Sed</strong></span> <span class='ocrx_word' id='word_1_531' title='bbox 2928 1155 2984 1204; x_wconf 89' lang='lat' dir='ltr'><strong>tu</strong></span> <span class='ocrx_word' id='word_1_532' title='bbox 3014 1164 3083 1206; x_wconf 91' lang='lat' dir='ltr'><strong>ne</strong></span> <span class='ocrx_word' id='word_1_533' title='bbox 3103 1149 3407 1221; x_wconf 83' lang='lat' dir='ltr'><strong>decipiaris,</strong></span> <span class='ocrx_word' id='word_1_534' title='bbox 3438 1152 3544 1208; x_wconf 89' lang='lat' dir='ltr'><strong>imo</strong></span> <span class='ocrx_word' id='word_1_535' title='bbox 3574 1151 3676 1207; x_wconf 88' lang='lat' dir='ltr'><strong>hac</strong></span> 
     </span>
    </p>
   </div>
   <div class='ocr_carea' id='block_1_68' title="bbox 2083 1237 3678 1313">
    <p class='ocr_par' dir='ltr' id='par_1_68' title="bbox 2083 1237 3678 1313">
     <span class='ocr_line' id='line_1_68' title="bbox 2083 1237 3678 1313; baseline 0.006 -23"><span class='ocrx_word' id='word_1_536' title='bbox 2083 1238 2195 1306; x_wconf 82' lang='lat' dir='ltr'><strong>ipsa</strong></span> <span class='ocrx_word' id='word_1_537' title='bbox 2223 1237 2290 1292; x_wconf 90' lang='lat' dir='ltr'><strong>de</strong></span> <span class='ocrx_word' id='word_1_538' title='bbox 2314 1252 2476 1293; x_wconf 83' lang='lat' dir='ltr'><strong>causa</strong></span> <span class='ocrx_word' id='word_1_539' title='bbox 2513 1238 2662 1293; x_wconf 90' lang='lat' dir='ltr'><strong>illum</strong></span> <span class='ocrx_word' id='word_1_540' title='bbox 2698 1241 2867 1311; x_wconf 88' lang='lat' dir='ltr'><strong>magis</strong></span> <span class='ocrx_word' id='word_1_541' title='bbox 2893 1255 3116 1297; x_wconf 85' lang='lat' dir='ltr'><strong>exosum</strong></span> <span class='ocrx_word' id='word_1_542' title='bbox 3148 1243 3304 1309; x_wconf 85' lang='lat' dir='ltr'><strong>habe,</strong></span> <span class='ocrx_word' id='word_1_543' title='bbox 3343 1243 3483 1313; x_wconf 91' lang='lat' dir='ltr'><strong>quod</strong></span> <span class='ocrx_word' id='word_1_544' title='bbox 3523 1259 3678 1299; x_wconf 90' lang='lat' dir='ltr'><strong>man-</strong></span> 
     </span>
    </p>
   </div>
   <div class='ocr_carea' id='block_1_69' title="bbox 2083 1329 3674 1403">
    <p class='ocr_par' dir='ltr' id='par_1_69' title="bbox 2083 1329 3674 1403">
     <span class='ocr_line' id='line_1_69' title="bbox 2083 1329 3674 1403; baseline 0.006 -20"><span class='ocrx_word' id='word_1_545' title='bbox 2083 1329 2420 1386; x_wconf 89' lang='lat' dir='ltr'><strong>suetudinem</strong></span> <span class='ocrx_word' id='word_1_546' title='bbox 2447 1331 2660 1401; x_wconf 90' lang='lat' dir='ltr'><strong>quidem</strong></span> <span class='ocrx_word' id='word_1_547' title='bbox 2684 1346 2812 1402; x_wconf 86' lang='lat' dir='ltr'><strong>erga</strong></span> <span class='ocrx_word' id='word_1_548' title='bbox 2844 1343 2895 1388; x_wconf 91' lang='lat' dir='ltr'><strong>te</strong></span> <span class='ocrx_word' id='word_1_549' title='bbox 2923 1347 3245 1389; x_wconf 88' lang='lat' dir='ltr'><strong>conservum</strong></span> <span class='ocrx_word' id='word_1_550' title='bbox 3273 1335 3505 1403; x_wconf 88' lang='lat' dir='ltr'><strong>simulet,</strong></span> <span class='ocrx_word' id='word_1_551' title='bbox 3539 1353 3674 1392; x_wconf 90' lang='lat' dir='ltr'><strong>cou-</strong></span> 
     </span>
    </p>
   </div>
   <div class='ocr_carea' id='block_1_70' title="bbox 2085 1421 3674 1498">
    <p class='ocr_par' dir='ltr' id='par_1_70' title="bbox 2085 1421 3674 1498">
     <span class='ocr_line' id='line_1_70' title="bbox 2085 1421 3674 1498; baseline 0.005 -23"><span class='ocrx_word' id='word_1_552' title='bbox 2085 1427 2166 1476; x_wconf 89' lang='lat' dir='ltr'><strong>tra</strong></span> <span class='ocrx_word' id='word_1_553' title='bbox 2197 1421 2477 1476; x_wconf 91' lang='lat' dir='ltr'><strong>Dominum</strong></span> <span class='ocrx_word' id='word_1_554' title='bbox 2520 1430 2697 1477; x_wconf 89' lang='lat' dir='ltr'><strong>autem</strong></span> <span class='ocrx_word' id='word_1_555' title='bbox 2744 1423 3113 1480; x_wconf 87' lang='lat' dir='ltr'><strong>universorum</strong></span> <span class='ocrx_word' id='word_1_556' title='bbox 3158 1425 3320 1480; x_wconf 90' lang='lat' dir='ltr'><strong>Deum</strong></span> <span class='ocrx_word' id='word_1_557' title='bbox 3352 1427 3548 1482; x_wconf 89' lang='lat' dir='ltr'><strong>bellum</strong></span> <span class='ocrx_word' id='word_1_558' title='bbox 3579 1444 3674 1498; x_wconf 86' lang='lat' dir='ltr'><strong>ge-</strong></span> 
     </span>
    </p>
   </div>
   <div class='ocr_carea' id='block_1_71' title="bbox 2084 1511 3676 1583">
    <p class='ocr_par' dir='ltr' id='par_1_71' title="bbox 2084 1511 3676 1583">
     <span class='ocr_line' id='line_1_71' title="bbox 2084 1511 3676 1583; baseline 0.006 -19"><span class='ocrx_word' id='word_1_559' title='bbox 2084 1520 2186 1578; x_wconf 88' lang='lat' dir='ltr'><strong>rat,</strong></span> <span class='ocrx_word' id='word_1_560' title='bbox 2215 1518 2271 1566; x_wconf 91' lang='lat' dir='ltr'><strong>et</strong></span> <span class='ocrx_word' id='word_1_561' title='bbox 2293 1525 2466 1582; x_wconf 87' lang='lat' dir='ltr'><strong>neque</strong></span> <span class='ocrx_word' id='word_1_562' title='bbox 2486 1511 2723 1581; x_wconf 86' lang='lat' dir='ltr'><strong>scipsum</strong></span> <span class='ocrx_word' id='word_1_563' title='bbox 2751 1514 2976 1568; x_wconf 90' lang='lat' dir='ltr'><strong>salutem</strong></span> <span class='ocrx_word' id='word_1_564' title='bbox 3001 1529 3151 1569; x_wconf 85' lang='lat' dir='ltr'><strong>suam</strong></span> <span class='ocrx_word' id='word_1_565' title='bbox 3185 1516 3411 1583; x_wconf 85' lang='lat' dir='ltr'><strong>prodere</strong></span> <span class='ocrx_word' id='word_1_566' title='bbox 3432 1518 3676 1573; x_wconf 86' lang='lat' dir='ltr'><strong>animad-</strong></span> 
     </span>
    </p>
   </div>
   <div class='ocr_carea' id='block_1_72' title="bbox 2085 1602 3674 1677">
    <p class='ocr_par' dir='ltr' id='par_1_72' title="bbox 2085 1602 3674 1677">
     <span class='ocr_line' id='line_1_72' title="bbox 2085 1602 3674 1677; baseline 0.006 -21"><span class='ocrx_word' id='word_1_567' title='bbox 2085 1612 2274 1657; x_wconf 89' lang='lat' dir='ltr'><strong>vertat.</strong></span> <span class='ocrx_word' id='word_1_568' title='bbox 2305 1602 2571 1659; x_wconf 77' lang='lat' dir='ltr'><strong>Cteterum</strong></span> <span class='ocrx_word' id='word_1_569' title='bbox 2615 1617 2714 1659; x_wconf 91' lang='lat' dir='ltr'><strong>nos</strong></span> <span class='ocrx_word' id='word_1_570' title='bbox 2740 1604 2948 1659; x_wconf 86' lang='lat' dir='ltr'><strong>firmam</strong></span> <span class='ocrx_word' id='word_1_571' title='bbox 2975 1614 3248 1661; x_wconf 86' lang='lat' dir='ltr'><strong>teneamus</strong></span> <span class='ocrx_word' id='word_1_572' title='bbox 3274 1617 3499 1677; x_wconf 90' lang='lat' dir='ltr'><strong>petram,</strong></span> <span class='ocrx_word' id='word_1_573' title='bbox 3525 1618 3576 1664; x_wconf 87' lang='lat' dir='ltr'><strong>et</strong></span> <span class='ocrx_word' id='word_1_574' title='bbox 3607 1610 3674 1665; x_wconf 87' lang='lat' dir='ltr'><strong>ad</strong></span> 
     </span>
    </p>
   </div>
   <div class='ocr_carea' id='block_1_73' title="bbox 2085 1694 3676 1771">
    <p class='ocr_par' dir='ltr' id='par_1_73' title="bbox 2085 1694 3676 1771">
     <span class='ocr_line' id='line_1_73' title="bbox 2085 1694 3676 1771; baseline 0.005 -23"><span class='ocrx_word' id='word_1_575' title='bbox 2085 1694 2405 1766; x_wconf 89' lang='lat' dir='ltr'><strong>principium</strong></span> <span class='ocrx_word' id='word_1_576' title='bbox 2451 1696 2642 1752; x_wconf 90' lang='lat' dir='ltr'><strong>iterum</strong></span> <span class='ocrx_word' id='word_1_577' title='bbox 2692 1696 3059 1768; x_wconf 86' lang='lat' dir='ltr'><strong>regrediamur</strong></span> <span class='ocrx_word' id='word_1_578' title='bbox 3104 1715 3119 1753; x_wconf 90' lang='lat'><strong>:</strong></span> <span class='ocrx_word' id='word_1_579' title='bbox 3163 1697 3232 1753; x_wconf 84' lang='lat' dir='ltr'><strong>In</strong></span> <span class='ocrx_word' id='word_1_580' title='bbox 3272 1701 3521 1771; x_wconf 85' lang='lat' dir='ltr'><strong>principio</strong></span> <span class='ocrx_word' id='word_1_581' title='bbox 3558 1703 3676 1770; x_wconf 78' lang='lat' dir='ltr'><strong>fecit</strong></span> 
     </span>
    </p>
   </div>
   <div class='ocr_carea' id='block_1_74' title="bbox 2084 1789 3676 1863">
    <p class='ocr_par' dir='ltr' id='par_1_74' title="bbox 2084 1789 3676 1863">
     <span class='ocr_line' id='line_1_74' title="bbox 2084 1789 3676 1863; baseline 0.004 -19"><span class='ocrx_word' id='word_1_582' title='bbox 2084 1789 2224 1845; x_wconf 85' lang='lat' dir='ltr'><strong>Deus</strong></span> <span class='ocrx_word' id='word_1_583' title='bbox 2251 1790 2432 1845; x_wconf 80' lang='lat' dir='ltr'><strong>ctelum</strong></span> <span class='ocrx_word' id='word_1_584' title='bbox 2471 1801 2518 1845; x_wconf 85' lang='lat' dir='ltr'><strong>et</strong></span> <span class='ocrx_word' id='word_1_585' title='bbox 2556 1799 2760 1845; x_wconf 81' lang='lat' dir='ltr'><strong>terram.</strong></span> <span class='ocrx_word' id='word_1_586' title='bbox 2808 1791 3038 1848; x_wconf 83' lang='lat' dir='ltr'><strong>Attende</strong></span> <span class='ocrx_word' id='word_1_587' title='bbox 3076 1807 3258 1861; x_wconf 90' lang='lat' dir='ltr'><strong>nunc,</strong></span> <span class='ocrx_word' id='word_1_588' title='bbox 3299 1796 3568 1863; x_wconf 90' lang='lat' dir='ltr'><strong>quomodo</strong></span> <span class='ocrx_word' id='word_1_589' title='bbox 3609 1811 3676 1850; x_wconf 75' lang='lat' dir='ltr'><strong>ex</strong></span> 
     </span>
    </p>
   </div>
   <div class='ocr_carea' id='block_1_75' title="bbox 2086 1880 3673 1953">
    <p class='ocr_par' dir='ltr' id='par_1_75' title="bbox 2086 1880 3673 1953">
     <span class='ocr_line' id='line_1_75' title="bbox 2086 1880 3673 1953; baseline 0.003 -19"><span class='ocrx_word' id='word_1_590' title='bbox 2086 1880 2202 1951; x_wconf 82' lang='lat' dir='ltr'><strong>ipso</strong></span> <span class='ocrx_word' id='word_1_591' title='bbox 2228 1881 2423 1951; x_wconf 85' lang='lat' dir='ltr'><strong>opificii</strong></span> <span class='ocrx_word' id='word_1_592' title='bbox 2455 1881 2617 1937; x_wconf 89' lang='lat' dir='ltr'><strong>modo</strong></span> <span class='ocrx_word' id='word_1_593' title='bbox 2643 1882 2838 1937; x_wconf 64' lang='lat' dir='ltr'><strong>divinae</strong></span> <span class='ocrx_word' id='word_1_594' title='bbox 2884 1892 3087 1938; x_wconf 66' lang='lat' dir='ltr'><strong>natura:</strong></span> <span class='ocrx_word' id='word_1_595' title='bbox 3115 1882 3349 1953; x_wconf 77' lang='lat' dir='ltr'><strong>dignitas</strong></span> <span class='ocrx_word' id='word_1_596' title='bbox 3381 1885 3673 1950; x_wconf 71' lang='lat' dir='ltr'><strong>enitescat;</strong></span> 
     </span>
    </p>
   </div>
   <div class='ocr_carea' id='block_1_76' title="bbox 2084 1971 3675 2046">
    <p class='ocr_par' dir='ltr' id='par_1_76' title="bbox 2084 1971 3675 2046">
     <span class='ocr_line' id='line_1_76' title="bbox 2084 1971 3675 2046; baseline 0.004 -21"><span class='ocrx_word' id='word_1_597' title='bbox 2084 1971 2355 2042; x_wconf 88' lang='lat' dir='ltr'><strong>quomodo</strong></span> <span class='ocrx_word' id='word_1_598' title='bbox 2383 1972 2524 2029; x_wconf 88' lang='lat' dir='ltr'><strong>Deus</strong></span> <span class='ocrx_word' id='word_1_599' title='bbox 2550 1981 2744 2043; x_wconf 79' lang='lat' dir='ltr'><strong>praeter</strong></span> <span class='ocrx_word' id='word_1_600' title='bbox 2770 1973 3057 2029; x_wconf 89' lang='lat' dir='ltr'><strong>humanum</strong></span> <span class='ocrx_word' id='word_1_601' title='bbox 3080 1989 3306 2044; x_wconf 89' lang='lat' dir='ltr'><strong>morem,</strong></span> <span class='ocrx_word' id='word_1_602' title='bbox 3336 1989 3490 2031; x_wconf 88' lang='lat' dir='ltr'><strong>suum</strong></span> <span class='ocrx_word' id='word_1_603' title='bbox 3515 1977 3675 2046; x_wconf 87' lang='lat' dir='ltr'><strong>perfi-</strong></span> 
     </span>
    </p>
   </div>
   <div class='ocr_carea' id='block_1_77' title="bbox 2084 2063 3677 2135">
    <p class='ocr_par' dir='ltr' id='par_1_77' title="bbox 2084 2063 3677 2135">
     <span class='ocr_line' id='line_1_77' title="bbox 2084 2063 3677 2135; baseline 0.003 -16"><span class='ocrx_word' id='word_1_604' title='bbox 2084 2063 2232 2119; x_wconf 89' lang='lat' dir='ltr'><strong>ciens</strong></span> <span class='ocrx_word' id='word_1_605' title='bbox 2261 2063 2563 2129; x_wconf 65' lang='lat' dir='ltr'><strong>mdilicium,</strong></span> <span class='ocrx_word' id='word_1_606' title='bbox 2591 2063 2738 2134; x_wconf 88' lang='lat' dir='ltr'><strong>prius</strong></span> <span class='ocrx_word' id='word_1_607' title='bbox 2761 2063 2950 2119; x_wconf 75' lang='lat' dir='ltr'><strong>ctutum</strong></span> <span class='ocrx_word' id='word_1_608' title='bbox 2967 2065 3251 2133; x_wconf 83' lang='lat' dir='ltr'><strong>extendat,</strong></span> <span class='ocrx_word' id='word_1_609' title='bbox 3281 2076 3465 2135; x_wconf 89' lang='lat' dir='ltr'><strong>postea</strong></span> <span class='ocrx_word' id='word_1_610' title='bbox 3495 2077 3549 2122; x_wconf 92' lang='lat' dir='ltr'><strong>et</strong></span> <span class='ocrx_word' id='word_1_611' title='bbox 3571 2076 3677 2123; x_wconf 89' lang='lat' dir='ltr'><strong>tcr-</strong></span> 
     </span>
    </p>
   </div>
   <div class='ocr_carea' id='block_1_78' title="bbox 2085 2155 3674 2226">
    <p class='ocr_par' dir='ltr' id='par_1_78' title="bbox 2085 2155 3674 2226">
     <span class='ocr_line' id='line_1_78' title="bbox 2085 2155 3674 2226; baseline 0.004 -18"><span class='ocrx_word' id='word_1_612' title='bbox 2085 2169 2199 2208; x_wconf 87' lang='lat' dir='ltr'><strong>ram</strong></span> <span class='ocrx_word' id='word_1_613' title='bbox 2229 2155 2538 2210; x_wconf 86' lang='lat' dir='ltr'><strong>substeruat</strong></span> <span class='ocrx_word' id='word_1_614' title='bbox 2570 2173 2584 2211; x_wconf 89' lang='lat'>:</span> <span class='ocrx_word' id='word_1_615' title='bbox 2612 2155 2761 2226; x_wconf 88' lang='lat' dir='ltr'><strong>prius</strong></span> <span class='ocrx_word' id='word_1_616' title='bbox 2791 2155 3024 2223; x_wconf 88' lang='lat' dir='ltr'><strong>culmen,</strong></span> <span class='ocrx_word' id='word_1_617' title='bbox 3060 2165 3114 2212; x_wconf 90' lang='lat' dir='ltr'><strong>et</strong></span> <span class='ocrx_word' id='word_1_618' title='bbox 3143 2166 3325 2226; x_wconf 88' lang='lat' dir='ltr'><strong>postea</strong></span> <span class='ocrx_word' id='word_1_619' title='bbox 3359 2158 3674 2213; x_wconf 74' lang='lat' dir='ltr'><strong>funduuen-</strong></span> 
     </span>
    </p>
   </div>
   <div class='ocr_carea' id='block_1_79' title="bbox 2088 2244 3675 2317">
    <p class='ocr_par' dir='ltr' id='par_1_79' title="bbox 2088 2244 3675 2317">
     <span class='ocr_line' id='line_1_79' title="bbox 2088 2244 3675 2317; baseline 0.003 -18"><span class='ocrx_word' id='word_1_620' title='bbox 2088 2254 2221 2300; x_wconf 90' lang='lat' dir='ltr'><strong>tum.</strong></span> <span class='ocrx_word' id='word_1_621' title='bbox 2251 2244 2381 2313; x_wconf 85' lang='lat' dir='ltr'><strong>Quis</strong></span> <span class='ocrx_word' id='word_1_622' title='bbox 2421 2246 2525 2302; x_wconf 88' lang='lat' dir='ltr'><strong>tale</strong></span> <span class='ocrx_word' id='word_1_623' title='bbox 2554 2246 2679 2316; x_wconf 86' lang='lat' dir='ltr'><strong>qnid</strong></span> <span class='ocrx_word' id='word_1_624' title='bbox 2705 2246 2872 2301; x_wconf 86' lang='lat' dir='ltr'><strong>vidit?</strong></span> <span class='ocrx_word' id='word_1_625' title='bbox 2897 2248 3020 2317; x_wconf 84' lang='lat' dir='ltr'><strong>quis</strong></span> <span class='ocrx_word' id='word_1_626' title='bbox 3047 2247 3280 2302; x_wconf 88' lang='lat' dir='ltr'><strong>audivit?</strong></span> <span class='ocrx_word' id='word_1_627' title='bbox 3305 2246 3360 2302; x_wconf 92' lang='lat' dir='ltr'><strong>ln</strong></span> <span class='ocrx_word' id='word_1_628' title='bbox 3399 2249 3675 2305; x_wconf 88' lang='lat' dir='ltr'><strong>hominum</strong></span> 
     </span>
    </p>
   </div>
   <div class='ocr_carea' id='block_1_80' title="bbox 2086 2336 3678 2410">
    <p class='ocr_par' dir='ltr' id='par_1_80' title="bbox 2086 2336 3678 2410">
     <span class='ocr_line' id='line_1_80' title="bbox 2086 2336 3678 2410; baseline 0.004 -20"><span class='ocrx_word' id='word_1_629' title='bbox 2086 2350 2218 2392; x_wconf 88' lang='lat' dir='ltr'><strong>sane</strong></span> <span class='ocrx_word' id='word_1_630' title='bbox 2242 2336 2492 2406; x_wconf 88' lang='lat' dir='ltr'><strong>operibus</strong></span> <span class='ocrx_word' id='word_1_631' title='bbox 2518 2336 2650 2392; x_wconf 91' lang='lat' dir='ltr'><strong>nihil</strong></span> <span class='ocrx_word' id='word_1_632' title='bbox 2689 2337 2794 2393; x_wconf 70' lang='lat' dir='ltr'><strong>tale</strong></span> <span class='ocrx_word' id='word_1_633' title='bbox 2820 2353 3070 2409; x_wconf 89' lang='lat' dir='ltr'><strong>umquam</strong></span> <span class='ocrx_word' id='word_1_634' title='bbox 3101 2337 3259 2394; x_wconf 91' lang='lat' dir='ltr'><strong>fuerit</strong></span> <span class='ocrx_word' id='word_1_635' title='bbox 3291 2357 3305 2395; x_wconf 92' lang='lat'><strong>:</strong></span> <span class='ocrx_word' id='word_1_636' title='bbox 3337 2340 3430 2395; x_wconf 90' lang='lat' dir='ltr'><strong>sed</strong></span> <span class='ocrx_word' id='word_1_637' title='bbox 3452 2340 3678 2410; x_wconf 88' lang='lat' dir='ltr'><strong>jubente</strong></span> 
     </span>
    </p>
   </div>
   <div class='ocr_carea' id='block_1_81' title="bbox 2090 2427 3678 2504">
    <p class='ocr_par' dir='ltr' id='par_1_81' title="bbox 2090 2427 3678 2504">
     <span class='ocr_line' id='line_1_81' title="bbox 2090 2427 3678 2504; baseline 0.004 -23"><span class='ocrx_word' id='word_1_638' title='bbox 2090 2427 2220 2494; x_wconf 89' lang='lat' dir='ltr'><strong>Deo,</strong></span> <span class='ocrx_word' id='word_1_639' title='bbox 2250 2428 2512 2483; x_wconf 88' lang='lat' dir='ltr'><strong>voluntati</strong></span> <span class='ocrx_word' id='word_1_640' title='bbox 2533 2428 2650 2499; x_wconf 86' lang='lat' dir='ltr'><strong>ejus</strong></span> <span class='ocrx_word' id='word_1_641' title='bbox 2682 2438 2870 2499; x_wconf 88' lang='lat' dir='ltr'><strong>parent</strong></span> <span class='ocrx_word' id='word_1_642' title='bbox 2896 2438 2950 2485; x_wconf 91' lang='lat' dir='ltr'><strong>et</strong></span> <span class='ocrx_word' id='word_1_643' title='bbox 2971 2429 3166 2486; x_wconf 89' lang='lat' dir='ltr'><strong>cedunt</strong></span> <span class='ocrx_word' id='word_1_644' title='bbox 3187 2431 3387 2488; x_wconf 87' lang='lat' dir='ltr'><strong>omnia.</strong></span> <span class='ocrx_word' id='word_1_645' title='bbox 3415 2431 3493 2488; x_wconf 88' lang='lat' dir='ltr'><strong>Ne</strong></span> <span class='ocrx_word' id='word_1_646' title='bbox 3514 2432 3678 2504; x_wconf 88' lang='lat' dir='ltr'><strong>igitur</strong></span> 
     </span>
    </p>
   </div>
   <div class='ocr_carea' id='block_1_82' title="bbox 2089 2520 3675 2593">
    <p class='ocr_par' dir='ltr' id='par_1_82' title="bbox 2089 2520 3675 2593">
     <span class='ocr_line' id='line_1_82' title="bbox 2089 2520 3675 2593; baseline 0.004 -20"><span class='ocrx_word' id='word_1_647' title='bbox 2089 2520 2333 2576; x_wconf 90' lang='lat' dir='ltr'><strong>humanis</strong></span> <span class='ocrx_word' id='word_1_648' title='bbox 2353 2520 2648 2576; x_wconf 88' lang='lat' dir='ltr'><strong>rationibus</strong></span> <span class='ocrx_word' id='word_1_649' title='bbox 2664 2521 2838 2577; x_wconf 90' lang='lat' dir='ltr'><strong>divina</strong></span> <span class='ocrx_word' id='word_1_650' title='bbox 2860 2536 3020 2593; x_wconf 88' lang='lat' dir='ltr'><strong>opera</strong></span> <span class='ocrx_word' id='word_1_651' title='bbox 3041 2523 3305 2579; x_wconf 87' lang='lat' dir='ltr'><strong>curiosius</strong></span> <span class='ocrx_word' id='word_1_652' title='bbox 3324 2524 3675 2593; x_wconf 79' lang='lat' dir='ltr'><strong>excutiamus,</strong></span> 
     </span>
    </p>
   </div>
   <div class='ocr_carea' id='block_1_83' title="bbox 2014 2612 3674 2682">
    <p class='ocr_par' dir='ltr' id='par_1_83' title="bbox 2014 2612 3674 2682">
     <span class='ocr_line' id='line_1_83' title="bbox 2014 2612 3674 2682; baseline 0.001 -14"><span class='ocrx_word' id='word_1_653' title='bbox 2014 2614 2039 2635; x_wconf 78' lang='lat'><strong><em>‘</em></strong></span> <span class='ocrx_word' id='word_1_654' title='bbox 2087 2613 2182 2669; x_wconf 90' lang='lat' dir='ltr'><strong>scd</strong></span> <span class='ocrx_word' id='word_1_655' title='bbox 2230 2629 2298 2669; x_wconf 79' lang='lat' dir='ltr'><strong>ex</strong></span> <span class='ocrx_word' id='word_1_656' title='bbox 2339 2614 2590 2682; x_wconf 86' lang='lat' dir='ltr'><strong>operibus</strong></span> <span class='ocrx_word' id='word_1_657' title='bbox 2635 2612 2980 2677; x_wconf 86' lang='lat' dir='ltr'><strong>manuducti,</strong></span> <span class='ocrx_word' id='word_1_658' title='bbox 3021 2614 3348 2670; x_wconf 83' lang='lat' dir='ltr'><strong>admiremur</strong></span> <span class='ocrx_word' id='word_1_659' title='bbox 3393 2616 3674 2672; x_wconf 80' lang='lat' dir='ltr'><strong>artificem.</strong></span> 
     </span>
    </p>
   </div>
   <div class='ocr_carea' id='block_1_84' title="bbox 2091 2703 3676 2776">
    <p class='ocr_par' dir='ltr' id='par_1_84' title="bbox 2091 2703 3676 2776">
     <span class='ocr_line' id='line_1_84' title="bbox 2091 2703 3676 2776; baseline 0.002 -19"><span class='ocrx_word' id='word_1_660' title='bbox 2091 2703 2230 2758; x_wconf 86' lang='lat' dir='ltr'><strong>Nam</strong></span> <span class='ocrx_word' id='word_1_661' title='bbox 2258 2703 2530 2759; x_wconf 78' lang='lat' dir='ltr'><strong>invisibilia</strong></span> <span class='ocrx_word' id='word_1_662' title='bbox 2566 2706 2698 2775; x_wconf 86' lang='lat' dir='ltr'><strong>ejus,</strong></span> <span class='ocrx_word' id='word_1_663' title='bbox 2730 2704 2922 2776; x_wconf 87' lang='lat' dir='ltr'><strong>inquit,</strong></span> <span class='ocrx_word' id='word_1_664' title='bbox 2953 2721 3016 2760; x_wconf 77' lang='lat' dir='ltr'><strong>ea:</strong></span> <span class='ocrx_word' id='word_1_665' title='bbox 3050 2707 3300 2760; x_wconf 85' lang='lat' dir='ltr'><strong>creatione</strong></span> <span class='ocrx_word' id='word_1_666' title='bbox 3328 2705 3524 2774; x_wconf 82' lang='lat' dir='ltr'><strong>mundi,</strong></span> <span class='ocrx_word' id='word_1_667' title='bbox 3555 2707 3676 2760; x_wconf 85' lang='lat' dir='ltr'><strong>dum</strong></span> 
     </span>
    </p>
   </div>
   <div class='ocr_carea' id='block_1_85' title="bbox 2089 2798 3533 2872">
    <p class='ocr_par' dir='ltr' id='par_1_85' title="bbox 2089 2798 3533 2872">
     <span class='ocr_line' id='line_1_85' title="bbox 2089 2798 3533 2872; baseline 0.001 -20"><span class='ocrx_word' id='word_1_668' title='bbox 2089 2814 2178 2868; x_wconf 86' lang='lat' dir='ltr'><strong>per</strong></span> <span class='ocrx_word' id='word_1_669' title='bbox 2202 2814 2357 2868; x_wconf 86' lang='lat' dir='ltr'><strong>opera</strong></span> <span class='ocrx_word' id='word_1_670' title='bbox 2382 2799 2753 2870; x_wconf 83' lang='lat' dir='ltr'><strong>intelliguntur,</strong></span> <span class='ocrx_word' id='word_1_671' title='bbox 2786 2798 3105 2869; x_wconf 81' lang='lat' dir='ltr'><strong>pervidentur</strong></span> <span class='ocrx_word' id='word_1_672' title='bbox 3128 2798 3304 2872; x_wconf 81' lang='lat' dir='ltr'><strong>(Rom.</strong></span> <span class='ocrx_word' id='word_1_673' title='bbox 3338 2799 3390 2852; x_wconf 90' lang='grc'><strong>1.</strong></span> <span class='ocrx_word' id='word_1_674' title='bbox 3416 2799 3533 2870; x_wconf 71' lang='lat'><strong>20).</strong></span> 
     </span>
    </p>
   </div>
   <div class='ocr_carea' id='block_1_86' title="bbox 2157 2889 3679 2964">
    <p class='ocr_par' dir='ltr' id='par_1_86' title="bbox 2157 2889 3679 2964">
     <span class='ocr_line' id='line_1_86' title="bbox 2157 2889 3679 2964; baseline 0.001 -18"><span class='ocrx_word' id='word_1_675' title='bbox 2157 2891 2212 2946; x_wconf 80' lang='grc'><strong>4.</strong></span> <span class='ocrx_word' id='word_1_676' title='bbox 2245 2889 2434 2946; x_wconf 80' lang='lat' dir='ltr'><strong>Contra</strong></span> <span class='ocrx_word' id='word_1_677' title='bbox 2460 2906 2546 2945; x_wconf 82' lang='lat' dir='ltr'><strong>eos</strong></span> <span class='ocrx_word' id='word_1_678' title='bbox 2568 2892 2657 2960; x_wconf 84' lang='lat' dir='ltr'><strong>qui</strong></span> <span class='ocrx_word' id='word_1_679' title='bbox 2679 2891 2908 2946; x_wconf 86' lang='lat' dir='ltr'><strong>dicebant</strong></span> <span class='ocrx_word' id='word_1_680' title='bbox 2928 2901 3112 2946; x_wconf 84' lang='lat' dir='ltr'><strong>terram</strong></span> <span class='ocrx_word' id='word_1_681' title='bbox 3127 2907 3191 2946; x_wconf 78' lang='lat' dir='ltr'><strong>ea:</strong></span> <span class='ocrx_word' id='word_1_682' title='bbox 3216 2892 3440 2964; x_wconf 78' lang='lat' dir='ltr'><strong>subjecta</strong></span> <span class='ocrx_word' id='word_1_683' title='bbox 3466 2895 3679 2948; x_wconf 85' lang='lat' dir='ltr'><strong>materia</strong></span> 
     </span>
    </p>
   </div>
   <div class='ocr_carea' id='block_1_87' title="bbox 2090 2982 3675 3054">
    <p class='ocr_par' dir='ltr' id='par_1_87' title="bbox 2090 2982 3675 3054">
     <span class='ocr_line' id='line_1_87' title="bbox 2090 2982 3675 3054; baseline 0.001 -19"><span class='ocrx_word' id='word_1_684' title='bbox 2090 2982 2278 3052; x_wconf 75' lang='lat' dir='ltr'><strong>factam</strong></span> <span class='ocrx_word' id='word_1_685' title='bbox 2295 2997 2316 3048; x_wconf 80' lang='lat'><strong>,°</strong></span> <span class='ocrx_word' id='word_1_686' title='bbox 2335 2992 2471 3038; x_wconf 84' lang='lat' dir='ltr'><strong>terra</strong></span> <span class='ocrx_word' id='word_1_687' title='bbox 2496 2983 2664 3053; x_wconf 83' lang='lat' dir='ltr'><strong>patria</strong></span> <span class='ocrx_word' id='word_1_688' title='bbox 2700 2992 2873 3037; x_wconf 87' lang='lat' dir='ltr'><strong>nostra</strong></span> <span class='ocrx_word' id='word_1_689' title='bbox 2897 2991 2989 3044; x_wconf 83' lang='lat' dir='ltr'><strong>est,</strong></span> <span class='ocrx_word' id='word_1_690' title='bbox 3019 2992 3064 3036; x_wconf 92' lang='lat' dir='ltr'><strong>et</strong></span> <span class='ocrx_word' id='word_1_691' title='bbox 3087 2998 3350 3037; x_wconf 79' lang='lat' dir='ltr'><strong>commune</strong></span> <span class='ocrx_word' id='word_1_692' title='bbox 3367 2982 3675 3054; x_wconf 79' lang='lat' dir='ltr'><strong>sepulcrum.</strong></span> 
     </span>
    </p>
   </div>
   <div class='ocr_carea' id='block_1_88' title="bbox 2092 3073 3681 3144">
    <p class='ocr_par' dir='ltr' id='par_1_88' title="bbox 2092 3073 3681 3144">
     <span class='ocr_line' id='line_1_88' title="bbox 2092 3073 3681 3144; baseline 0.004 -17"><span class='ocrx_word' id='word_1_693' title='bbox 2092 3073 2307 3130; x_wconf 71' lang='lat' dir='ltr'><strong>.tloralis</strong></span> <span class='ocrx_word' id='word_1_694' title='bbox 2328 3073 2856 3144; x_wconf 59' lang='lat' dir='ltr'><strong>annuatim—Quod</strong></span> <span class='ocrx_word' id='word_1_695' title='bbox 2872 3075 2917 3131; x_wconf 88' lang='lat' dir='ltr'><strong>si</strong></span> <span class='ocrx_word' id='word_1_696' title='bbox 2936 3074 3175 3131; x_wconf 88' lang='lat' dir='ltr'><strong>veritatis</strong></span> <span class='ocrx_word' id='word_1_697' title='bbox 3195 3075 3376 3132; x_wconf 88' lang='lat' dir='ltr'><strong>hostes</strong></span> <span class='ocrx_word' id='word_1_698' title='bbox 3400 3076 3577 3132; x_wconf 85' lang='lat' dir='ltr'><strong>adhuc</strong></span> <span class='ocrx_word' id='word_1_699' title='bbox 3599 3076 3681 3133; x_wconf 87' lang='lat' dir='ltr'><strong>di-</strong></span> 
     </span>
    </p>
   </div>
   <div class='ocr_carea' id='block_1_89' title="bbox 2091 3165 3680 3238">
    <p class='ocr_par' dir='ltr' id='par_1_89' title="bbox 2091 3165 3680 3238">
     <span class='ocr_line' id='line_1_89' title="bbox 2091 3165 3680 3238; baseline 0.003 -18"><span class='ocrx_word' id='word_1_700' title='bbox 2091 3174 2237 3231; x_wconf 90' lang='lat' dir='ltr'><strong>cunt,</strong></span> <span class='ocrx_word' id='word_1_701' title='bbox 2269 3181 2375 3221; x_wconf 91' lang='lat' dir='ltr'><strong>non</strong></span> <span class='ocrx_word' id='word_1_702' title='bbox 2408 3181 2564 3235; x_wconf 89' lang='lat' dir='ltr'><strong>posse</strong></span> <span class='ocrx_word' id='word_1_703' title='bbox 2597 3180 2663 3221; x_wconf 80' lang='lat' dir='ltr'><strong>ex</strong></span> <span class='ocrx_word' id='word_1_704' title='bbox 2693 3165 2862 3223; x_wconf 90' lang='lat' dir='ltr'><strong>nihilo</strong></span> <span class='ocrx_word' id='word_1_705' title='bbox 2891 3166 3087 3237; x_wconf 89' lang='lat' dir='ltr'><strong>aliquid</strong></span> <span class='ocrx_word' id='word_1_706' title='bbox 3118 3167 3255 3235; x_wconf 88' lang='lat' dir='ltr'><strong>fieri,</strong></span> <span class='ocrx_word' id='word_1_707' title='bbox 3289 3166 3680 3238; x_wconf 86' lang='lat' dir='ltr'><strong>interrogemus</strong></span> 
     </span>
    </p>
   </div>
   <div class='ocr_carea' id='block_1_90' title="bbox 2091 3255 3680 3325">
    <p class='ocr_par' dir='ltr' id='par_1_90' title="bbox 2091 3255 3680 3325">
     <span class='ocr_line' id='line_1_90' title="bbox 2091 3255 3680 3325; baseline 0.002 -13"><span class='ocrx_word' id='word_1_708' title='bbox 2091 3272 2186 3312; x_wconf 90' lang='lat' dir='ltr'><strong>cos</strong></span> <span class='ocrx_word' id='word_1_709' title='bbox 2215 3274 2229 3312; x_wconf 89' lang='lat'><strong>:</strong></span> <span class='ocrx_word' id='word_1_710' title='bbox 2256 3257 2536 3313; x_wconf 86' lang='lat' dir='ltr'><strong>Primusne</strong></span> <span class='ocrx_word' id='word_1_711' title='bbox 2561 3257 2723 3312; x_wconf 88' lang='lat' dir='ltr'><strong>homo</strong></span> <span class='ocrx_word' id='word_1_712' title='bbox 2752 3272 2817 3313; x_wconf 77' lang='lat' dir='ltr'><strong>ex</strong></span> <span class='ocrx_word' id='word_1_713' title='bbox 2843 3267 2986 3313; x_wconf 91' lang='lat' dir='ltr'><strong>terra</strong></span> <span class='ocrx_word' id='word_1_714' title='bbox 3030 3255 3291 3313; x_wconf 86' lang='lat' dir='ltr'><strong>formatus</strong></span> <span class='ocrx_word' id='word_1_715' title='bbox 3307 3265 3422 3325; x_wconf 86' lang='lat' dir='ltr'><strong>est;</strong></span> <span class='ocrx_word' id='word_1_716' title='bbox 3450 3274 3517 3313; x_wconf 86' lang='lat' dir='ltr'><strong>an</strong></span> <span class='ocrx_word' id='word_1_717' title='bbox 3547 3260 3680 3315; x_wconf 89' lang='lat' dir='ltr'><strong>forte</strong></span> 
     </span>
    </p>
   </div>
   <div class='ocr_carea' id='block_1_91' title="bbox 2091 3346 3677 3420">
    <p class='ocr_par' dir='ltr' id='par_1_91' title="bbox 2091 3346 3677 3420">
     <span class='ocr_line' id='line_1_91' title="bbox 2091 3346 3677 3420; baseline 0.002 -19"><span class='ocrx_word' id='word_1_718' title='bbox 2091 3347 2344 3403; x_wconf 84' lang='lat' dir='ltr'><strong>aliunde?</strong></span> <span class='ocrx_word' id='word_1_719' title='bbox 2372 3346 2603 3403; x_wconf 90' lang='lat' dir='ltr'><strong>Omnino</strong></span> <span class='ocrx_word' id='word_1_720' title='bbox 2622 3347 2801 3403; x_wconf 90' lang='lat' dir='ltr'><strong>dicent</strong></span> <span class='ocrx_word' id='word_1_721' title='bbox 2827 3363 2891 3403; x_wconf 89' lang='lat' dir='ltr'><strong>ac</strong></span> <span class='ocrx_word' id='word_1_722' title='bbox 2920 3348 3245 3416; x_wconf 87' lang='lat' dir='ltr'><strong>fatebuntur,</strong></span> <span class='ocrx_word' id='word_1_723' title='bbox 3262 3347 3403 3420; x_wconf 91' lang='lat' dir='ltr'><strong>quod</strong></span> <span class='ocrx_word' id='word_1_724' title='bbox 3425 3365 3489 3405; x_wconf 83' lang='lat' dir='ltr'><strong>ex</strong></span> <span class='ocrx_word' id='word_1_725' title='bbox 3517 3359 3677 3405; x_wconf 88' lang='lat' dir='ltr'><strong>terra.</strong></span> 
     </span>
    </p>
   </div>
   <div class='ocr_carea' id='block_1_92' title="bbox 2096 3437 3684 3508">
    <p class='ocr_par' dir='ltr' id='par_1_92' title="bbox 2096 3437 3684 3508">
     <span class='ocr_line' id='line_1_92' title="bbox 2096 3437 3684 3508; baseline 0.001 -15"><span class='ocrx_word' id='word_1_726' title='bbox 2096 3438 2287 3493; x_wconf 89' lang='lat' dir='ltr'><strong>Dicant</strong></span> <span class='ocrx_word' id='word_1_727' title='bbox 2326 3438 2486 3508; x_wconf 89' lang='lat' dir='ltr'><strong>igitur</strong></span> <span class='ocrx_word' id='word_1_728' title='bbox 2512 3438 2687 3502; x_wconf 85' lang='lat' dir='ltr'><strong>nobis,</strong></span> <span class='ocrx_word' id='word_1_729' title='bbox 2715 3437 2984 3508; x_wconf 90' lang='lat' dir='ltr'><strong>quomodo</strong></span> <span class='ocrx_word' id='word_1_730' title='bbox 3020 3453 3088 3493; x_wconf 77' lang='lat' dir='ltr'><strong>ex</strong></span> <span class='ocrx_word' id='word_1_731' title='bbox 3123 3447 3264 3493; x_wconf 75' lang='lat' dir='ltr'><strong>terra</strong></span> <span class='ocrx_word' id='word_1_732' title='bbox 3303 3438 3440 3494; x_wconf 88' lang='lat' dir='ltr'><strong>facta</strong></span> <span class='ocrx_word' id='word_1_733' title='bbox 3478 3439 3550 3494; x_wconf 90' lang='lat' dir='ltr'><strong>sit</strong></span> <span class='ocrx_word' id='word_1_734' title='bbox 3588 3456 3684 3495; x_wconf 86' lang='lat' dir='ltr'><strong>na-</strong></span> 
     </span>
    </p>
   </div>
   <div class='ocr_carea' id='block_1_93' title="bbox 2094 3530 3683 3603">
    <p class='ocr_par' dir='ltr' id='par_1_93' title="bbox 2094 3530 3683 3603">
     <span class='ocr_line' id='line_1_93' title="bbox 2094 3530 3683 3603; baseline 0.001 -17"><span class='ocrx_word' id='word_1_735' title='bbox 2094 3541 2212 3587; x_wconf 90' lang='lat' dir='ltr'><strong>tura</strong></span> <span class='ocrx_word' id='word_1_736' title='bbox 2241 3531 2436 3587; x_wconf 88' lang='lat' dir='ltr'><strong>carnis.</strong></span> <span class='ocrx_word' id='word_1_737' title='bbox 2467 3530 2548 3586; x_wconf 80' lang='lat' dir='ltr'><strong>Ex</strong></span> <span class='ocrx_word' id='word_1_738' title='bbox 2577 3539 2715 3585; x_wconf 87' lang='lat' dir='ltr'><strong>terra</strong></span> <span class='ocrx_word' id='word_1_739' title='bbox 2743 3530 2887 3585; x_wconf 88' lang='lat' dir='ltr'><strong>enim</strong></span> <span class='ocrx_word' id='word_1_740' title='bbox 2924 3531 3110 3595; x_wconf 90' lang='lat' dir='ltr'><strong>lutum,</strong></span> <span class='ocrx_word' id='word_1_741' title='bbox 3143 3539 3199 3586; x_wconf 89' lang='lat' dir='ltr'><strong>et</strong></span> <span class='ocrx_word' id='word_1_742' title='bbox 3227 3530 3441 3597; x_wconf 88' lang='lat' dir='ltr'><strong>lateres,</strong></span> <span class='ocrx_word' id='word_1_743' title='bbox 3471 3539 3529 3587; x_wconf 89' lang='lat' dir='ltr'><strong>et</strong></span> <span class='ocrx_word' id='word_1_744' title='bbox 3551 3532 3683 3603; x_wconf 82' lang='lat' dir='ltr'><strong>figu-</strong></span> 
     </span>
    </p>
   </div>
   <div class='ocr_carea' id='block_1_94' title="bbox 2095 3621 3680 3692">
    <p class='ocr_par' dir='ltr' id='par_1_94' title="bbox 2095 3621 3680 3692">
     <span class='ocr_line' id='line_1_94' title="bbox 2095 3621 3680 3692; baseline -0.003 -12"><span class='ocrx_word' id='word_1_745' title='bbox 2095 3625 2259 3680; x_wconf 92' lang='lat' dir='ltr'><strong>linum</strong></span> <span class='ocrx_word' id='word_1_746' title='bbox 2284 3639 2401 3690; x_wconf 90' lang='lat' dir='ltr'><strong>vas,</strong></span> <span class='ocrx_word' id='word_1_747' title='bbox 2442 3631 2496 3678; x_wconf 90' lang='lat' dir='ltr'><strong>et</strong></span> <span class='ocrx_word' id='word_1_748' title='bbox 2523 3630 2655 3679; x_wconf 87' lang='lat' dir='ltr'><strong>testa</strong></span> <span class='ocrx_word' id='word_1_749' title='bbox 2690 3622 2808 3678; x_wconf 87' lang='lat' dir='ltr'><strong>fieri</strong></span> <span class='ocrx_word' id='word_1_750' title='bbox 2837 3621 2976 3678; x_wconf 88' lang='lat' dir='ltr'><strong>solet</strong></span> <span class='ocrx_word' id='word_1_751' title='bbox 3003 3639 3017 3675; x_wconf 91' lang='lat'><strong>:</strong></span> <span class='ocrx_word' id='word_1_752' title='bbox 3048 3621 3316 3692; x_wconf 91' lang='lat' dir='ltr'><strong>quomodo</strong></span> <span class='ocrx_word' id='word_1_753' title='bbox 3342 3636 3471 3692; x_wconf 88' lang='lat' dir='ltr'><strong>ergo</strong></span> <span class='ocrx_word' id='word_1_754' title='bbox 3494 3635 3680 3677; x_wconf 89' lang='lat' dir='ltr'><strong>natura</strong></span> 
     </span>
    </p>
   </div>
   <div class='ocr_carea' id='block_1_95' title="bbox 2093 3716 3681 3788">
    <p class='ocr_par' dir='ltr' id='par_1_95' title="bbox 2093 3716 3681 3788">
     <span class='ocr_line' id='line_1_95' title="bbox 2093 3716 3681 3788; baseline -0.003 -13"><span class='ocrx_word' id='word_1_755' title='bbox 2093 3718 2272 3775; x_wconf 88' lang='lat' dir='ltr'><strong>carnis</strong></span> <span class='ocrx_word' id='word_1_756' title='bbox 2294 3718 2432 3773; x_wconf 84' lang='lat' dir='ltr'><strong>facta</strong></span> <span class='ocrx_word' id='word_1_757' title='bbox 2470 3717 2589 3772; x_wconf 83' lang='lat' dir='ltr'><strong>est?</strong></span> <span class='ocrx_word' id='word_1_758' title='bbox 2614 3716 2882 3788; x_wconf 89' lang='lat' dir='ltr'><strong>quomodo</strong></span> <span class='ocrx_word' id='word_1_759' title='bbox 2905 3729 3048 3782; x_wconf 84' lang='lat' dir='ltr'><strong>ossa,</strong></span> <span class='ocrx_word' id='word_1_760' title='bbox 3083 3725 3138 3771; x_wconf 93' lang='lat' dir='ltr'><strong>et</strong></span> <span class='ocrx_word' id='word_1_761' title='bbox 3169 3717 3343 3784; x_wconf 89' lang='lat' dir='ltr'><strong>nervi,</strong></span> <span class='ocrx_word' id='word_1_762' title='bbox 3371 3725 3426 3771; x_wconf 91' lang='lat' dir='ltr'><strong>et</strong></span> <span class='ocrx_word' id='word_1_763' title='bbox 3448 3717 3681 3783; x_wconf 68' lang='lat' dir='ltr'><strong>arteriae,</strong></span> 
     </span>
    </p>
   </div>
   <div class='ocr_carea' id='block_1_96' title="bbox 2096 3807 3681 3879">
    <p class='ocr_par' dir='ltr' id='par_1_96' title="bbox 2096 3807 3681 3879">
     <span class='ocr_line' id='line_1_96' title="bbox 2096 3807 3681 3879; baseline -0.001 -16"><span class='ocrx_word' id='word_1_764' title='bbox 2096 3816 2151 3864; x_wconf 89' lang='lat' dir='ltr'><strong>et</strong></span> <span class='ocrx_word' id='word_1_765' title='bbox 2187 3808 2372 3879; x_wconf 90' lang='lat' dir='ltr'><strong>adeps,</strong></span> <span class='ocrx_word' id='word_1_766' title='bbox 2415 3814 2468 3863; x_wconf 89' lang='lat' dir='ltr'><strong>et</strong></span> <span class='ocrx_word' id='word_1_767' title='bbox 2496 3807 2653 3875; x_wconf 88' lang='lat' dir='ltr'><strong>cutis,</strong></span> <span class='ocrx_word' id='word_1_768' title='bbox 2684 3815 2741 3863; x_wconf 91' lang='lat' dir='ltr'><strong>et</strong></span> <span class='ocrx_word' id='word_1_769' title='bbox 2785 3822 3011 3878; x_wconf 89' lang='lat' dir='ltr'><strong>ungues,</strong></span> <span class='ocrx_word' id='word_1_770' title='bbox 3056 3807 3333 3877; x_wconf 84' lang='lat' dir='ltr'><strong>etcapilli,</strong></span> <span class='ocrx_word' id='word_1_771' title='bbox 3378 3816 3436 3863; x_wconf 90' lang='lat' dir='ltr'><strong>et</strong></span> <span class='ocrx_word' id='word_1_772' title='bbox 3466 3823 3532 3864; x_wconf 79' lang='lat' dir='ltr'><strong>ex</strong></span> <span class='ocrx_word' id='word_1_773' title='bbox 3576 3824 3681 3864; x_wconf 88' lang='lat' dir='ltr'><strong>una</strong></span> 
     </span>
    </p>
   </div>
   <div class='ocr_carea' id='block_1_97' title="bbox 2095 3895 3683 3970">
    <p class='ocr_par' dir='ltr' id='par_1_97' title="bbox 2095 3895 3683 3970">
     <span class='ocr_line' id='line_1_97' title="bbox 2095 3895 3683 3970; baseline -0.003 -13"><span class='ocrx_word' id='word_1_774' title='bbox 2095 3898 2407 3970; x_wconf 83' lang='lat' dir='ltr'><strong>subjacente</strong></span> <span class='ocrx_word' id='word_1_775' title='bbox 2444 3898 2666 3953; x_wconf 91' lang='lat' dir='ltr'><strong>materia</strong></span> <span class='ocrx_word' id='word_1_776' title='bbox 2693 3895 3023 3954; x_wconf 81' lang='lat' dir='ltr'><strong>diversarum</strong></span> <span class='ocrx_word' id='word_1_777' title='bbox 3065 3898 3483 3955; x_wconf 87' lang='lat' dir='ltr'><strong>substantiarum</strong></span> <span class='ocrx_word' id='word_1_778' title='bbox 3515 3900 3683 3970; x_wconf 84' lang='lat' dir='ltr'><strong>quali-</strong></span> 
     </span>
    </p>
   </div>
   <div class='ocr_carea' id='block_1_98' title="bbox 2096 3987 3684 4057">
    <p class='ocr_par' dir='ltr' id='par_1_98' title="bbox 2096 3987 3684 4057">
     <span class='ocr_line' id='line_1_98' title="bbox 2096 3987 3684 4057; baseline -0.001 -10"><span class='ocrx_word' id='word_1_779' title='bbox 2096 3990 2271 4047; x_wconf 82' lang='lat' dir='ltr'><strong>tates?</strong></span> <span class='ocrx_word' id='word_1_780' title='bbox 2301 3987 2407 4045; x_wconf 89' lang='lat' dir='ltr'><strong>Sed</strong></span> <span class='ocrx_word' id='word_1_781' title='bbox 2431 3988 2496 4043; x_wconf 92' lang='lat' dir='ltr'><strong>ad</strong></span> <span class='ocrx_word' id='word_1_782' title='bbox 2531 3988 2646 4043; x_wconf 69' lang='lat' dir='ltr'><strong>haec</strong></span> <span class='ocrx_word' id='word_1_783' title='bbox 2688 4002 2755 4044; x_wconf 89' lang='lat' dir='ltr'><strong>ne</strong></span> <span class='ocrx_word' id='word_1_784' title='bbox 2783 3988 2978 4043; x_wconf 88' lang='lat' dir='ltr'><strong>mutire</strong></span> <span class='ocrx_word' id='word_1_785' title='bbox 3004 3988 3216 4056; x_wconf 86' lang='lat' dir='ltr'><strong>quidem</strong></span> <span class='ocrx_word' id='word_1_786' title='bbox 3253 3998 3521 4057; x_wconf 86' lang='lat' dir='ltr'><strong>poterunt.</strong></span> <span class='ocrx_word' id='word_1_787' title='bbox 3544 3990 3684 4056; x_wconf 87' lang='lat' dir='ltr'><strong>Quid</strong></span> 
     </span>
    </p>
   </div>
   <div class='ocr_carea' id='block_1_99' title="bbox 2096 4080 3682 4151">
    <p class='ocr_par' dir='ltr' id='par_1_99' title="bbox 2096 4080 3682 4151">
     <span class='ocr_line' id='line_1_99' title="bbox 2096 4080 3682 4151; baseline -0.001 -12"><span class='ocrx_word' id='word_1_788' title='bbox 2096 4092 2275 4139; x_wconf 89' lang='lat' dir='ltr'><strong>autem</strong></span> <span class='ocrx_word' id='word_1_789' title='bbox 2297 4082 2416 4138; x_wconf 83' lang='lat' dir='ltr'><strong>dico</strong></span> <span class='ocrx_word' id='word_1_790' title='bbox 2439 4081 2507 4136; x_wconf 93' lang='lat' dir='ltr'><strong>de</strong></span> <span class='ocrx_word' id='word_1_791' title='bbox 2531 4094 2757 4150; x_wconf 87' lang='lat' dir='ltr'><strong>corpore</strong></span> <span class='ocrx_word' id='word_1_792' title='bbox 2787 4081 3007 4135; x_wconf 84' lang='lat' dir='ltr'><strong>nostro?</strong></span> <span class='ocrx_word' id='word_1_793' title='bbox 3035 4080 3402 4136; x_wconf 82' lang='lat' dir='ltr'><strong>Dieant&#39;hohis</strong></span> <span class='ocrx_word' id='word_1_794' title='bbox 3429 4081 3496 4136; x_wconf 90' lang='lat' dir='ltr'><strong>de</strong></span> <span class='ocrx_word' id='word_1_795' title='bbox 3522 4097 3682 4151; x_wconf 88' lang='lat' dir='ltr'><strong>pane,</strong></span> 
     </span>
    </p>
   </div>
   <div class='ocr_carea' id='block_1_100' title="bbox 2096 4169 3685 4246">
    <p class='ocr_par' dir='ltr' id='par_1_100' title="bbox 2096 4169 3685 4246">
     <span class='ocr_line' id='line_1_100' title="bbox 2096 4169 3685 4246; baseline 0.001 -19"><span class='ocrx_word' id='word_1_796' title='bbox 2096 4188 2204 4246; x_wconf 89' lang='lat' dir='ltr'><strong>quo</strong></span> <span class='ocrx_word' id='word_1_797' title='bbox 2225 4171 2462 4244; x_wconf 90' lang='lat' dir='ltr'><strong>quotidie</strong></span> <span class='ocrx_word' id='word_1_798' title='bbox 2493 4171 2784 4238; x_wconf 91' lang='lat' dir='ltr'><strong>reticimur,</strong></span> <span class='ocrx_word' id='word_1_799' title='bbox 2816 4169 3106 4241; x_wconf 89' lang='lat' dir='ltr'><strong>quomodo,</strong></span> <span class='ocrx_word' id='word_1_800' title='bbox 3134 4186 3256 4225; x_wconf 91' lang='lat' dir='ltr'><strong>cum</strong></span> <span class='ocrx_word' id='word_1_801' title='bbox 3291 4172 3448 4228; x_wconf 90' lang='lat' dir='ltr'><strong>unius</strong></span> <span class='ocrx_word' id='word_1_802' title='bbox 3486 4174 3685 4242; x_wconf 87' lang='lat' dir='ltr'><strong>speciei</strong></span> 
     </span>
    </p>
   </div>
   <div class='ocr_carea' id='block_1_101' title="bbox 2097 4260 3682 4332">
    <p class='ocr_par' dir='ltr' id='par_1_101' title="bbox 2097 4260 3682 4332">
     <span class='ocr_line' id='line_1_101' title="bbox 2097 4260 3682 4332; baseline -0.001 -13"><span class='ocrx_word' id='word_1_803' title='bbox 2097 4267 2187 4332; x_wconf 92' lang='lat' dir='ltr'><strong>sit,</strong></span> <span class='ocrx_word' id='word_1_804' title='bbox 2215 4270 2596 4319; x_wconf 87' lang='lat' dir='ltr'><strong>transmutatur</strong></span> <span class='ocrx_word' id='word_1_805' title='bbox 2617 4262 2669 4316; x_wconf 93' lang='lat' dir='ltr'><strong>in</strong></span> <span class='ocrx_word' id='word_1_806' title='bbox 2691 4260 3028 4331; x_wconf 85' lang='lat' dir='ltr'><strong>sanguinem,</strong></span> <span class='ocrx_word' id='word_1_807' title='bbox 3053 4269 3109 4317; x_wconf 91' lang='lat' dir='ltr'><strong>et</strong></span> <span class='ocrx_word' id='word_1_808' title='bbox 3134 4261 3402 4331; x_wconf 84' lang='lat' dir='ltr'><strong>pituitam,</strong></span> <span class='ocrx_word' id='word_1_809' title='bbox 3424 4270 3480 4319; x_wconf 91' lang='lat' dir='ltr'><strong>et</strong></span> <span class='ocrx_word' id='word_1_810' title='bbox 3501 4262 3682 4329; x_wconf 76' lang='lat' dir='ltr'><strong>bilem,</strong></span> 
     </span>
    </p>
   </div>
   <div class='ocr_carea' id='block_1_102' title="bbox 2096 4354 3689 4426">
    <p class='ocr_par' dir='ltr' id='par_1_102' title="bbox 2096 4354 3689 4426">
     <span class='ocr_line' id='line_1_102' title="bbox 2096 4354 3689 4426; baseline 0 -14"><span class='ocrx_word' id='word_1_811' title='bbox 2096 4365 2153 4412; x_wconf 88' lang='lat' dir='ltr'><strong>et</strong></span> <span class='ocrx_word' id='word_1_812' title='bbox 2179 4356 2231 4412; x_wconf 89' lang='lat' dir='ltr'><strong>in</strong></span> <span class='ocrx_word' id='word_1_813' title='bbox 2259 4356 2435 4411; x_wconf 90' lang='lat' dir='ltr'><strong>varios</strong></span> <span class='ocrx_word' id='word_1_814' title='bbox 2476 4354 2749 4409; x_wconf 88' lang='lat' dir='ltr'><strong>humores.</strong></span> <span class='ocrx_word' id='word_1_815' title='bbox 2791 4354 2860 4409; x_wconf 91' lang='lat' dir='ltr'><strong>Et</strong></span> <span class='ocrx_word' id='word_1_816' title='bbox 2909 4355 3064 4425; x_wconf 89' lang='lat' dir='ltr'><strong>panis</strong></span> <span class='ocrx_word' id='word_1_817' title='bbox 3096 4354 3308 4425; x_wconf 87' lang='lat' dir='ltr'><strong>quidem</strong></span> <span class='ocrx_word' id='word_1_818' title='bbox 3346 4371 3492 4426; x_wconf 68' lang='lat' dir='ltr'><strong>stupe</strong></span> <span class='ocrx_word' id='word_1_819' title='bbox 3529 4356 3689 4414; x_wconf 84' lang='lat' dir='ltr'><strong>habet</strong></span> 
     </span>
    </p>
   </div>
   <div class='ocr_carea' id='block_1_103' title="bbox 2099 4447 3685 4520">
    <p class='ocr_par' dir='ltr' id='par_1_103' title="bbox 2099 4447 3685 4520">
     <span class='ocr_line' id='line_1_103' title="bbox 2099 4447 3685 4520; baseline -0.001 -15"><span class='ocrx_word' id='word_1_820' title='bbox 2099 4452 2334 4506; x_wconf 83' lang='lat' dir='ltr'><strong>colorem</strong></span> <span class='ocrx_word' id='word_1_821' title='bbox 2358 4448 2630 4513; x_wconf 78' lang='lat' dir='ltr'><strong>frumenti;</strong></span> <span class='ocrx_word' id='word_1_822' title='bbox 2649 4448 2865 4519; x_wconf 85' lang='lat' dir='ltr'><strong>sanguis</strong></span> <span class='ocrx_word' id='word_1_823' title='bbox 2881 4458 3059 4503; x_wconf 89' lang='lat' dir='ltr'><strong>autem</strong></span> <span class='ocrx_word' id='word_1_824' title='bbox 3087 4447 3249 4503; x_wconf 88' lang='lat' dir='ltr'><strong>ruber</strong></span> <span class='ocrx_word' id='word_1_825' title='bbox 3267 4449 3350 4504; x_wconf 90' lang='lat' dir='ltr'><strong>vel</strong></span> <span class='ocrx_word' id='word_1_826' title='bbox 3373 4450 3523 4520; x_wconf 83' lang='lat' dir='ltr'><strong>niger</strong></span> <span class='ocrx_word' id='word_1_827' title='bbox 3546 4459 3631 4505; x_wconf 90' lang='lat' dir='ltr'><strong>est</strong></span> <span class='ocrx_word' id='word_1_828' title='bbox 3642 4451 3685 4503; x_wconf 81' lang='grc'><strong>².</strong></span> 
     </span>
    </p>
   </div>
   <div class='ocr_carea' id='block_1_104' title="bbox 2101 4540 3687 4614">
    <p class='ocr_par' dir='ltr' id='par_1_104' title="bbox 2101 4540 3687 4614">
     <span class='ocr_line' id='line_1_104' title="bbox 2101 4540 3687 4614; baseline -0.002 -15"><span class='ocrx_word' id='word_1_829' title='bbox 2101 4546 2157 4600; x_wconf 90' lang='lat' dir='ltr'><strong>Si</strong></span> <span class='ocrx_word' id='word_1_830' title='bbox 2200 4545 2359 4614; x_wconf 83' lang='lat' dir='ltr'><strong>igitur</strong></span> <span class='ocrx_word' id='word_1_831' title='bbox 2398 4542 2535 4607; x_wconf 71' lang='lat' dir='ltr'><strong>iure,</strong></span> <span class='ocrx_word' id='word_1_832' title='bbox 2565 4556 2685 4612; x_wconf 70' lang='lat' dir='ltr'><strong>quas</strong></span> <span class='ocrx_word' id='word_1_833' title='bbox 2727 4540 2964 4611; x_wconf 71' lang='lat' dir='ltr'><strong>quotidie</strong></span> <span class='ocrx_word' id='word_1_834' title='bbox 3006 4548 3133 4596; x_wconf 89' lang='lat' dir='ltr'><strong>ante</strong></span> <span class='ocrx_word' id='word_1_835' title='bbox 3168 4542 3356 4596; x_wconf 89' lang='lat' dir='ltr'><strong>oculos</strong></span> <span class='ocrx_word' id='word_1_836' title='bbox 3384 4551 3687 4606; x_wconf 80' lang='lat' dir='ltr'><strong>versantur,</strong></span> 
     </span>
    </p>
   </div>
   <div class='ocr_carea' id='block_1_105' title="bbox 2101 4632 3691 4707">
    <p class='ocr_par' dir='ltr' id='par_1_105' title="bbox 2101 4632 3691 4707">
     <span class='ocr_line' id='line_1_105' title="bbox 2101 4632 3691 4707; baseline -0.004 -14"><span class='ocrx_word' id='word_1_837' title='bbox 2101 4650 2393 4707; x_wconf 89' lang='lat' dir='ltr'><strong>numquam</strong></span> <span class='ocrx_word' id='word_1_838' title='bbox 2432 4633 2588 4691; x_wconf 84' lang='lat' dir='ltr'><strong>nobis</strong></span> <span class='ocrx_word' id='word_1_839' title='bbox 2624 4632 2804 4688; x_wconf 87' lang='lat' dir='ltr'><strong>dicere</strong></span> <span class='ocrx_word' id='word_1_840' title='bbox 2843 4640 3109 4702; x_wconf 88' lang='lat' dir='ltr'><strong>poterunt,</strong></span> <span class='ocrx_word' id='word_1_841' title='bbox 3152 4633 3418 4688; x_wconf 85' lang='lat' dir='ltr'><strong>difficilius</strong></span> <span class='ocrx_word' id='word_1_842' title='bbox 3462 4633 3529 4687; x_wconf 89' lang='lat' dir='ltr'><strong>de</strong></span> <span class='ocrx_word' id='word_1_843' title='bbox 3571 4633 3691 4687; x_wconf 84' lang='lat' dir='ltr'><strong>aliis</strong></span> 
     </span>
    </p>
   </div>
   <div class='ocr_carea' id='block_1_106' title="bbox 2102 4712 3688 4798">
    <p class='ocr_par' dir='ltr' id='par_1_106' title="bbox 2102 4712 3688 4798">
     <span class='ocr_line' id='line_1_106' title="bbox 2102 4712 3688 4798; baseline -0.003 -13"><span class='ocrx_word' id='word_1_844' title='bbox 2102 4730 2196 4785; x_wconf 86' lang='lat' dir='ltr'><strong>Dei</strong></span> <span class='ocrx_word' id='word_1_845' title='bbox 2239 4727 2465 4798; x_wconf 85' lang='lat' dir='ltr'><strong>opificiis</strong></span> <span class='ocrx_word' id='word_1_846' title='bbox 2501 4726 2657 4797; x_wconf 89' lang='lat' dir='ltr'><strong>digna</strong></span> <span class='ocrx_word' id='word_1_847' title='bbox 2712 4725 3016 4796; x_wconf 88' lang='lat' dir='ltr'><strong>loquentur.</strong></span> <span class='ocrx_word' id='word_1_848' title='bbox 3047 4725 3202 4793; x_wconf 89' lang='lat' dir='ltr'><strong>Quod</strong></span> <span class='ocrx_word' id='word_1_849' title='bbox 3252 4727 3297 4781; x_wconf 90' lang='lat' dir='ltr'><strong>si</strong></span> <span class='ocrx_word' id='word_1_850' title='bbox 3339 4737 3461 4797; x_wconf 90' lang='lat' dir='ltr'><strong>post</strong></span> <span class='ocrx_word' id='word_1_851' title='bbox 3484 4712 3688 4782; x_wconf 69' lang='lat' dir='ltr'><strong>tantum</strong></span> 
     </span>
    </p>
   </div>
   <div class='ocr_carea' id='block_1_107' title="bbox 2098 4817 3689 4887">
    <p class='ocr_par' dir='ltr' id='par_1_107' title="bbox 2098 4817 3689 4887">
     <span class='ocr_line' id='line_1_107' title="bbox 2098 4817 3689 4887; baseline -0.004 -10"><span class='ocrx_word' id='word_1_852' title='bbox 2098 4819 2614 4877; x_wconf 76' lang='lat' dir='ltr'><strong>demonstrationem</strong></span> <span class='ocrx_word' id='word_1_853' title='bbox 2640 4818 2850 4887; x_wconf 87' lang='lat' dir='ltr'><strong>copiam</strong></span> <span class='ocrx_word' id='word_1_854' title='bbox 2895 4817 3072 4873; x_wconf 89' lang='lat' dir='ltr'><strong>adhuc</strong></span> <span class='ocrx_word' id='word_1_855' title='bbox 3114 4832 3264 4873; x_wconf 90' lang='lat' dir='ltr'><strong>suam</strong></span> <span class='ocrx_word' id='word_1_856' title='bbox 3294 4819 3689 4873; x_wconf 79' lang='lat' dir='ltr'><strong>contentionem</strong></span> 
     </span>
    </p>
   </div>
   <div class='ocr_carea' id='block_1_108' title="bbox 2106 4910 3688 4982">
    <p class='ocr_par' dir='ltr' id='par_1_108' title="bbox 2106 4910 3688 4982">
     <span class='ocr_line' id='line_1_108' title="bbox 2106 4910 3688 4982; baseline -0.004 -13"><span class='ocrx_word' id='word_1_857' title='bbox 2106 4915 2360 4970; x_wconf 86' lang='lat' dir='ltr'><strong>roborare</strong></span> <span class='ocrx_word' id='word_1_858' title='bbox 2392 4913 2596 4978; x_wconf 90' lang='lat' dir='ltr'><strong>volunt,</strong></span> <span class='ocrx_word' id='word_1_859' title='bbox 2639 4928 2810 4982; x_wconf 90' lang='lat' dir='ltr'><strong>neque</strong></span> <span class='ocrx_word' id='word_1_860' title='bbox 2838 4926 2935 4967; x_wconf 91' lang='lat' dir='ltr'><strong>nos</strong></span> <span class='ocrx_word' id='word_1_861' title='bbox 2961 4911 3287 4970; x_wconf 83' lang='lat' dir='ltr'><strong>desistemus</strong></span> <span class='ocrx_word' id='word_1_862' title='bbox 3322 4925 3467 4980; x_wconf 75' lang='lat' dir='ltr'><strong>smpe</strong></span> <span class='ocrx_word' id='word_1_863' title='bbox 3500 4910 3688 4965; x_wconf 87' lang='lat' dir='ltr'><strong>eadem</strong></span> 
     </span>
    </p>
   </div>
   <div class='ocr_carea' id='block_1_109' title="bbox 2106 5001 3691 5077">
    <p class='ocr_par' dir='ltr' id='par_1_109' title="bbox 2106 5001 3691 5077">
     <span class='ocr_line' id='line_1_109' title="bbox 2106 5001 3691 5077; baseline -0.003 -18"><span class='ocrx_word' id='word_1_864' title='bbox 2106 5005 2235 5077; x_wconf 85' lang='lat' dir='ltr'><strong>ipsis</strong></span> <span class='ocrx_word' id='word_1_865' title='bbox 2264 5005 2517 5076; x_wconf 72' lang='lat' dir='ltr'><strong>obiicere,</strong></span> <span class='ocrx_word' id='word_1_866' title='bbox 2545 5004 2784 5060; x_wconf 83' lang='lat' dir='ltr'><strong>dicentes</strong></span> <span class='ocrx_word' id='word_1_867' title='bbox 2818 5025 2830 5061; x_wconf 88' lang='lat'>:</span> <span class='ocrx_word' id='word_1_868' title='bbox 2856 5003 2921 5058; x_wconf 88' lang='lat' dir='ltr'><strong>In</strong></span> <span class='ocrx_word' id='word_1_869' title='bbox 2939 5003 3186 5075; x_wconf 82' lang='lat' dir='ltr'><strong>principio</strong></span> <span class='ocrx_word' id='word_1_870' title='bbox 3212 5003 3326 5074; x_wconf 82' lang='lat' dir='ltr'><strong>fecit</strong></span> <span class='ocrx_word' id='word_1_871' title='bbox 3356 5001 3490 5056; x_wconf 79' lang='lat' dir='ltr'><strong>Deus</strong></span> <span class='ocrx_word' id='word_1_872' title='bbox 3511 5003 3691 5056; x_wconf 73' lang='lat' dir='ltr'><strong>uelum</strong></span> 
     </span>
    </p>
   </div>
   <div class='ocr_carea' id='block_1_110' title="bbox 2104 5093 3691 5153">
    <p class='ocr_par' dir='ltr' id='par_1_110' title="bbox 2104 5093 3691 5153">
     <span class='ocr_line' id='line_1_110' title="bbox 2104 5093 3691 5153; baseline -0.003 0"><span class='ocrx_word' id='word_1_873' title='bbox 2104 5108 2152 5153; x_wconf 89' lang='lat' dir='ltr'><strong>et</strong></span> <span class='ocrx_word' id='word_1_874' title='bbox 2173 5108 2377 5153; x_wconf 85' lang='lat' dir='ltr'><strong>terram.</strong></span> <span class='ocrx_word' id='word_1_875' title='bbox 2410 5098 2520 5153; x_wconf 85' lang='lat' dir='ltr'><strong>Hoc</strong></span> <span class='ocrx_word' id='word_1_876' title='bbox 2551 5098 2693 5153; x_wconf 89' lang='lat' dir='ltr'><strong>enim</strong></span> <span class='ocrx_word' id='word_1_877' title='bbox 2725 5098 2939 5152; x_wconf 89' lang='lat' dir='ltr'><strong>unicum</strong></span> <span class='ocrx_word' id='word_1_878' title='bbox 2972 5096 3193 5151; x_wconf 89' lang='lat' dir='ltr'><strong>verbum</strong></span> <span class='ocrx_word' id='word_1_879' title='bbox 3221 5093 3416 5150; x_wconf 84' lang='lat' dir='ltr'><strong>sufficit</strong></span> <span class='ocrx_word' id='word_1_880' title='bbox 3444 5094 3598 5148; x_wconf 89' lang='lat' dir='ltr'><strong>nobis</strong></span> <span class='ocrx_word' id='word_1_881' title='bbox 3623 5094 3691 5149; x_wconf 87' lang='lat' dir='ltr'><strong>ad</strong></span> 
     </span>
    </p>
   </div>
   <div class='ocr_carea' id='block_1_111' title="bbox 2105 5187 3694 5251">
    <p class='ocr_par' dir='ltr' id='par_1_111' title="bbox 2105 5187 3694 5251">
     <span class='ocr_line' id='line_1_111' title="bbox 2105 5187 3694 5251; baseline -0.003 -6"><span class='ocrx_word' id='word_1_882' title='bbox 2105 5189 2491 5246; x_wconf 86' lang='lat' dir='ltr'><strong>subvertendas</strong></span> <span class='ocrx_word' id='word_1_883' title='bbox 2517 5203 2707 5245; x_wconf 74' lang='lat' dir='ltr'><strong>ornnes</strong></span> <span class='ocrx_word' id='word_1_884' title='bbox 2736 5189 3160 5244; x_wconf 87' lang='lat' dir='ltr'><strong>adversariorum</strong></span> <span class='ocrx_word' id='word_1_885' title='bbox 3192 5196 3386 5251; x_wconf 87' lang='lat' dir='ltr'><strong>turres,</strong></span> <span class='ocrx_word' id='word_1_886' title='bbox 3419 5194 3474 5241; x_wconf 90' lang='lat' dir='ltr'><strong>et</strong></span> <span class='ocrx_word' id='word_1_887' title='bbox 3500 5187 3566 5241; x_wconf 87' lang='lat' dir='ltr'><strong>ad</strong></span> <span class='ocrx_word' id='word_1_888' title='bbox 3604 5202 3694 5241; x_wconf 89' lang='lat' dir='ltr'><strong>re-</strong></span> 
     </span>
    </p>
   </div>
   <div class='ocr_carea' id='block_1_112' title="bbox 2109 5276 3674 5351">
    <p class='ocr_par' dir='ltr' id='par_1_112' title="bbox 2109 5276 3674 5351">
     <span class='ocr_line' id='line_1_112' title="bbox 2109 5276 3674 5351; baseline -0.001 -16"><span class='ocrx_word' id='word_1_889' title='bbox 2109 5280 2351 5337; x_wconf 88' lang='lat' dir='ltr'><strong>vellenda</strong></span> <span class='ocrx_word' id='word_1_890' title='bbox 2394 5279 2464 5334; x_wconf 90' lang='lat' dir='ltr'><strong>ab</strong></span> <span class='ocrx_word' id='word_1_891' title='bbox 2507 5281 2639 5351; x_wconf 88' lang='lat' dir='ltr'><strong>ipsis</strong></span> <span class='ocrx_word' id='word_1_892' title='bbox 2693 5279 3049 5335; x_wconf 88' lang='lat' dir='ltr'><strong>fundamentis</strong></span> <span class='ocrx_word' id='word_1_893' title='bbox 3094 5276 3325 5333; x_wconf 88' lang='lat' dir='ltr'><strong>humana</strong></span> <span class='ocrx_word' id='word_1_894' title='bbox 3366 5278 3674 5344; x_wconf 70' lang='lat' dir='ltr'><strong>ratiocinia;</strong></span> 
     </span>
    </p>
   </div>
   <div class='ocr_carea' id='block_1_113' title="bbox 2108 5371 3693 5446">
    <p class='ocr_par' dir='ltr' id='par_1_113' title="bbox 2108 5371 3693 5446">
     <span class='ocr_line' id='line_1_113' title="bbox 2108 5371 3693 5446; baseline -0.003 -17"><span class='ocrx_word' id='word_1_895' title='bbox 2108 5383 2271 5446; x_wconf 88' lang='lat' dir='ltr'><strong>atque</strong></span> <span class='ocrx_word' id='word_1_896' title='bbox 2297 5375 2341 5430; x_wconf 91' lang='lat' dir='ltr'><strong>si</strong></span> <span class='ocrx_word' id='word_1_897' title='bbox 2365 5374 2560 5429; x_wconf 90' lang='lat' dir='ltr'><strong>vellent</strong></span> <span class='ocrx_word' id='word_1_898' title='bbox 2579 5373 2662 5429; x_wconf 90' lang='lat' dir='ltr'><strong>vel</strong></span> <span class='ocrx_word' id='word_1_899' title='bbox 2689 5387 2812 5429; x_wconf 90' lang='lat' dir='ltr'><strong>sero</strong></span> <span class='ocrx_word' id='word_1_900' title='bbox 2835 5388 2866 5427; x_wconf 90' lang='lat' dir='ltr'><strong>a</strong></span> <span class='ocrx_word' id='word_1_901' title='bbox 2900 5387 2997 5428; x_wconf 91' lang='lat' dir='ltr'><strong>sua</strong></span> <span class='ocrx_word' id='word_1_902' title='bbox 3025 5371 3371 5428; x_wconf 86' lang='lat' dir='ltr'><strong>contentione</strong></span> <span class='ocrx_word' id='word_1_903' title='bbox 3407 5371 3693 5437; x_wconf 84' lang='lat' dir='ltr'><strong>desistere,</strong></span> 
     </span>
    </p>
   </div>
   <div class='ocr_carea' id='block_1_114' title="bbox 2174 5465 3703 5528">
    <p class='ocr_par' dir='ltr' id='par_1_114' title="bbox 2174 5465 3703 5528">
     <span class='ocr_line' id='line_1_114' title="bbox 2174 5465 3703 5528; baseline 0.005 -12"><span class='ocrx_word' id='word_1_904' title='bbox 2174 5468 2192 5499; x_wconf 78' lang='grc' dir='ltr'>ι</span> <span class='ocrx_word' id='word_1_905' title='bbox 2223 5465 2881 5528; x_wconf 71' lang='lat' dir='ltr'><strong>mislin.,fucatwncorpus.</strong></span> <span class='ocrx_word' id='word_1_906' title='bbox 3086 5525 3095 5528; x_wconf 94' lang='lat'>_</span> <span class='ocrx_word' id='word_1_907' title='bbox 3166 5527 3173 5528; x_wconf 20' lang='grc' dir='ltr'><em>γ</em></span> <span class='ocrx_word' id='word_1_908' title='bbox 3346 5527 3354 5528; x_wconf 19' lang='grc' dir='ltr'>ί</span> <span class='ocrx_word' id='word_1_909' title='bbox 3408 5526 3417 5528; x_wconf 22' lang='grc' dir='ltr'><em>Α</em></span> <span class='ocrx_word' id='word_1_910' title='bbox 3556 5524 3566 5528; x_wconf 69' lang='grc'><em>,</em></span> <span class='ocrx_word' id='word_1_911' title='bbox 3700 5492 3703 5495; x_wconf 54' lang='grc' dir='ltr'><strong><em>ν</em></strong></span> 
     </span>
    </p>
   </div>
   <div class='ocr_carea' id='block_1_115' title="bbox 2172 5524 3696 5591">
    <p class='ocr_par' dir='ltr' id='par_1_115' title="bbox 2172 5524 3696 5591">
     <span class='ocr_line' id='line_1_115' title="bbox 2172 5524 3696 5591; baseline -0.003 -13"><span class='ocrx_word' id='word_1_912' title='bbox 2172 5530 2193 5561; x_wconf 78' lang='grc'>²</span> <span class='ocrx_word' id='word_1_913' title='bbox 2207 5524 2536 5591; x_wconf 82' lang='lat' dir='ltr'><strong>Coislinianus,</strong></span> <span class='ocrx_word' id='word_1_914' title='bbox 2546 5534 2599 5578; x_wconf 78' lang='lat' dir='ltr'><strong>Et</strong></span> <span class='ocrx_word' id='word_1_915' title='bbox 2612 5527 2748 5590; x_wconf 83' lang='lat' dir='ltr'><strong>panis</strong></span> <span class='ocrx_word' id='word_1_916' title='bbox 2759 5524 2969 5591; x_wconf 75' lang='lat' dir='ltr'><strong>quidem,</strong></span> <span class='ocrx_word' id='word_1_917' title='bbox 2985 5530 3035 5576; x_wconf 86' lang='lat' dir='ltr'><strong>ut</strong></span> <span class='ocrx_word' id='word_1_918' title='bbox 3046 5525 3323 5591; x_wconf 71' lang='lat' dir='ltr'><strong>plurimm,</strong></span> <span class='ocrx_word' id='word_1_919' title='bbox 3335 5526 3475 5591; x_wconf 81' lang='lat' dir='ltr'><strong>habet</strong></span> <span class='ocrx_word' id='word_1_920' title='bbox 3491 5524 3696 5591; x_wconf 72' lang='lat' dir='ltr'><strong>colorem</strong></span> 
     </span>
    </p>
   </div>
   <div class='ocr_carea' id='block_1_116' title="bbox 2060 5587 3697 5654">
    <p class='ocr_par' dir='ltr' id='par_1_116' title="bbox 2060 5587 3697 5654">
     <span class='ocr_line' id='line_1_116' title="bbox 2060 5587 3697 5654; baseline -0.004 -12"><span class='ocrx_word' id='word_1_921' title='bbox 2060 5606 2063 5609; x_wconf 93' lang='grc'>·</span> <span class='ocrx_word' id='word_1_922' title='bbox 2107 5591 2351 5652; x_wconf 78' lang='lat' dir='ltr'><strong>frumenti,</strong></span> <span class='ocrx_word' id='word_1_923' title='bbox 2370 5589 2541 5653; x_wconf 82' lang='lat' dir='ltr'><strong>pituita</strong></span> <span class='ocrx_word' id='word_1_924' title='bbox 2558 5587 2717 5640; x_wconf 78' lang='lat' dir='ltr'><strong>autem</strong></span> <span class='ocrx_word' id='word_1_925' title='bbox 2735 5587 2847 5639; x_wconf 87' lang='lat' dir='ltr'><strong>alba</strong></span> <span class='ocrx_word' id='word_1_926' title='bbox 2861 5587 3153 5654; x_wconf 34' lang='lat' dir='ltr'><strong>e.-.t,’sanguis</strong></span> <span class='ocrx_word' id='word_1_927' title='bbox 3174 5603 3285 5640; x_wconf 83' lang='lat' dir='ltr'><strong>vero</strong></span> <span class='ocrx_word' id='word_1_928' title='bbox 3307 5589 3450 5640; x_wconf 79' lang='lat' dir='ltr'><strong>ruber</strong></span> <span class='ocrx_word' id='word_1_929' title='bbox 3472 5588 3546 5638; x_wconf 73' lang='lat' dir='ltr'><strong>vel</strong></span> <span class='ocrx_word' id='word_1_930' title='bbox 3562 5587 3697 5650; x_wconf 69' lang='lat' dir='ltr'><strong>niger</strong></span> 
     </span>
    </p>
   </div>
   <div class='ocr_carea' id='block_1_117' title="bbox 2111 5662 3762 5773">
    <p class='ocr_par' dir='ltr' id='par_1_117' title="bbox 2111 5662 3762 5773">
     <span class='ocr_line' id='line_1_117' title="bbox 2111 5662 3762 5773; baseline -0.001 -9"><span class='ocrx_word' id='word_1_931' title='bbox 2111 5662 2246 5770; x_wconf 55' lang='lat' dir='ltr'><strong>mia)</strong></span> <span class='ocrx_word' id='word_1_932' title='bbox 2262 5713 2561 5773; x_wconf 58' lang='lat' dir='ltr'><strong>Manichacus,</strong></span> <span class='ocrx_word' id='word_1_933' title='bbox 2585 5715 2804 5769; x_wconf 76' lang='lat' dir='ltr'><strong>Marcion,</strong></span> <span class='ocrx_word' id='word_1_934' title='bbox 2827 5723 2877 5765; x_wconf 89' lang='lat' dir='ltr'><strong>et</strong></span> <span class='ocrx_word' id='word_1_935' title='bbox 2898 5713 3185 5764; x_wconf 79' lang='lat' dir='ltr'><strong>Valentinus</strong></span> <span class='ocrx_word' id='word_1_936' title='bbox 3199 5713 3427 5762; x_wconf 70' lang='lat' dir='ltr'><strong>«licetmnt</strong></span> <span class='ocrx_word' id='word_1_937' title='bbox 3449 5712 3698 5762; x_wconf 87' lang='lat' dir='ltr'><strong>materiam</strong></span> <span class='ocrx_word' id='word_1_938' title='bbox 3758 5758 3762 5763; x_wconf 92' lang='lat'><strong>.</strong></span> 
     </span>
    </p>
   </div>
   <div class='ocr_carea' id='block_1_118' title="bbox 2113 5775 3693 5831">
    <p class='ocr_par' dir='ltr' id='par_1_118' title="bbox 2113 5775 3693 5831">
     <span class='ocr_line' id='line_1_118' title="bbox 2113 5775 3693 5831; baseline -0.003 -5"><span class='ocrx_word' id='word_1_939' title='bbox 2113 5790 2228 5827; x_wconf 79' lang='lat' dir='ltr'><strong>ante</strong></span> <span class='ocrx_word' id='word_1_940' title='bbox 2252 5784 2468 5825; x_wconf 85' lang='lat' dir='ltr'><strong>creatum</strong></span> <span class='ocrx_word' id='word_1_941' title='bbox 2492 5777 2719 5823; x_wconf 87' lang='lat' dir='ltr'><strong>mundum</strong></span> <span class='ocrx_word' id='word_1_942' title='bbox 2740 5778 3004 5826; x_wconf 70' lang='lat' dir='ltr'><strong>evstitisse.</strong></span> <span class='ocrx_word' id='word_1_943' title='bbox 3025 5784 3095 5825; x_wconf 88' lang='lat' dir='ltr'><strong>De</strong></span> <span class='ocrx_word' id='word_1_944' title='bbox 3112 5775 3367 5831; x_wconf 67' lang='lat' dir='ltr'><strong>Ma‘nichmi,</strong></span> <span class='ocrx_word' id='word_1_945' title='bbox 3388 5775 3629 5823; x_wconf 66' lang='lat' dir='ltr'><strong>Marcionis</strong></span> <span class='ocrx_word' id='word_1_946' title='bbox 3646 5782 3693 5821; x_wconf 77' lang='lat' dir='ltr'><strong>et</strong></span> 
     </span>
    </p>
   </div>
   <div class='ocr_carea' id='block_1_119' title="bbox 2117 5834 3699 5952">
    <p class='ocr_par' dir='ltr' id='par_1_119' title="bbox 2117 5834 3699 5952">
     <span class='ocr_line' id='line_1_119' title="bbox 2117 5834 3699 5951; baseline -0.001 -64"><span class='ocrx_word' id='word_1_947' title='bbox 2117 5838 2358 5951; x_wconf 50' lang='lat' dir='ltr'><strong>Vsdentin:</strong></span> <span class='ocrx_word' id='word_1_948' title='bbox 2380 5838 2609 5898; x_wconf 83' lang='lat' dir='ltr'><strong>Opinione</strong></span> <span class='ocrx_word' id='word_1_949' title='bbox 2632 5840 2756 5887; x_wconf 86' lang='lat' dir='ltr'><strong>circa</strong></span> <span class='ocrx_word' id='word_1_950' title='bbox 2795 5840 2957 5889; x_wconf 85' lang='lat' dir='ltr'><strong>mundi</strong></span> <span class='ocrx_word' id='word_1_951' title='bbox 2980 5838 3238 5900; x_wconf 85' lang='lat' dir='ltr'><strong>primordia</strong></span> <span class='ocrx_word' id='word_1_952' title='bbox 3255 5837 3365 5888; x_wconf 87' lang='lat' dir='ltr'><strong>vide</strong></span> <span class='ocrx_word' id='word_1_953' title='bbox 3376 5834 3699 5899; x_wconf 79' lang='lat' dir='ltr'><strong>Epiphanium</strong></span> 
     </span>
     <span class='ocr_line' id='line_1_120' title="bbox 2118 5913 2428 5952; baseline -0.003 -3"><span class='ocrx_word' id='word_1_954' title='bbox 2118 5914 2142 5949; x_wconf 82' lang='lat' dir='ltr'><strong>a</strong></span> <span class='ocrx_word' id='word_1_955' title='bbox 2195 5913 2337 5952; x_wconf 75' lang='lat' dir='ltr'><strong>suum</strong></span> <span class='ocrx_word' id='word_1_956' title='bbox 2359 5913 2428 5949; x_wconf 73' lang='lat' dir='ltr'><strong>os.</strong></span> 
     </span>
    </p>
   </div>
   <div class='ocr_carea' id='block_1_120' title="bbox 2271 5934 2428 5963">
    <p class='ocr_par' dir='ltr' id='par_1_120' title="bbox 2271 5934 2428 5963">
     <span class='ocr_line' id='line_1_121' title="bbox 2271 5934 2428 5963; baseline -0.006 -15"><span class='ocrx_word' id='word_1_957' title='bbox 2271 5936 2302 5963; x_wconf 71' lang='grc' dir='ltr'><strong><em>ο</em></strong></span> <span class='ocrx_word' id='word_1_958' title='bbox 2310 5934 2428 5949; x_wconf 60' lang='grc' dir='ltr'><strong>ιιιιιυα</strong></span> 
     </span>
    </p>
   </div>
  </div>
