4144 6426
504 387 564 437 51

508 508 726 569 possent
755 511 850 566 per
882 494 980 547 hoc
1012 493 1062 547 in
1101 490 1340 546 veritatis
1361 490 1501 543 viam
1523 484 1824 542 manuduci.
1852 482 1907 536 2.
1936 479 2094 535 Terra

506 603 673 645 autem
697 587 960 642 invisibilis
983 593 1089 640 erat
1119 593 1162 638 et
1193 583 1541 652 incomposita.
1571 580 1739 649 Cujus
1759 576 1948 646 gratia,
1982 575 2088 639 dic,

505 695 706 749 qumso,
737 678 928 732 cadum
965 676 1166 730 clarum
1200 683 1254 728 et
1297 671 1591 741 perfectum
1627 667 1855 732 creavit;
1897 675 2092 720 terram

503 783 679 840 autem
709 769 991 825 informem
1037 767 1248 822 efiecit?
1279 765 1461 835 Neque
1496 763 1600 818 hoc
1641 771 1841 818 temere
1872 759 2090 823 factum,

502 863 595 918 sed
631 870 705 926 ut,
735 876 857 914 cum
885 859 1134 914 didiceris
1164 857 1442 911 meliorem
1471 853 1760 910 creationis
1790 858 1995 919 partem
2026 847 2094 903 ab

502 970 566 1009 eo
598 953 880 1008 formatam
903 958 956 1004 et
991 947 1312 1012 absolutam,
1358 946 1489 1000 nihil
1521 953 1703 1014 postea
1725 942 1968 997 dubites:
1998 955 2091 994 ne-

500 1061 606 1115 que
659 1051 812 1114 putes
868 1040 921 1096 id
985 1055 1051 1094 ex
1115 1039 1396 1109 potestatis
1451 1034 1815 1091 imbecillitate
1871 1033 2090 1088 factum.

506 1135 583 1188 Ad
633 1134 748 1189 inec
797 1143 853 1188 et
906 1132 1009 1186 alia
1047 1132 1254 1186 ratione
1300 1128 1580 1182 informem
1623 1135 1818 1182 terram
1867 1125 2090 1180 creavit.

505 1227 637 1293 Quia
673 1227 816 1280 enim
863 1224 975 1293 ipsa
1008 1231 1089 1277 est
1131 1220 1330 1285 nutrix,
1375 1229 1430 1274 et
1479 1226 1651 1274 mater
1685 1225 1888 1284 nostra,
1927 1226 1981 1272 et
2027 1232 2094 1272 ex

503 1333 564 1372 ea
615 1317 736 1371 facti
785 1330 1003 1379 sumus,
1051 1323 1210 1383 atque
1261 1313 1592 1376 educamur,
1641 1311 1860 1382 ipsaque
1913 1320 2094 1366 nostra

505 1410 670 1477 patria
699 1417 801 1474 est,
825 1417 878 1461 et
906 1421 1191 1461 commune
1220 1404 1559 1474 sepulcrum:
1596 1402 1796 1458 reditus
1823 1403 1964 1458 enim
1994 1420 2094 1459 no-

501 1507 612 1552 ster
640 1498 706 1553 ad
737 1515 853 1553 eam
884 1511 1070 1552 rursus
1093 1506 1174 1551 est
1197 1513 1212 1561 ;
1240 1505 1293 1550 et
1321 1495 1442 1565 quia
1477 1493 1643 1548 variis
1668 1509 1763 1563 per
1791 1509 1910 1548 eam
1941 1495 2096 1552 bonis

504 1590 766 1644 fruimur:
801 1589 941 1651 ideo,
973 1596 1030 1640 ut
1068 1601 1135 1642 ne
1177 1585 1420 1642 homines
1449 1585 1520 1641 ob
1547 1600 1676 1640 usus
1718 1587 2093 1641 necessitatem

434 1707 438 1710 -
506 1681 622 1749 plus
649 1694 806 1749 quam
832 1679 1048 1748 dignum
1074 1685 1158 1732 est
1178 1692 1298 1732 eam
1321 1677 1580 1744 colerent,
1604 1679 1837 1733 ostendit
1863 1677 2094 1747 primum

506 1773 691 1828 rudem
729 1780 784 1829 et
828 1771 1130 1835 informem,
1187 1779 1245 1824 ut
1290 1786 1357 1825 ne
1404 1769 1658 1826 beneficia
1702 1779 1857 1826 terra:
1895 1771 2096 1826 telluris

507 1873 707 1920 natura:
732 1863 982 1933 imputes,
1010 1862 1103 1917 sed
1137 1862 1186 1917 ei
1207 1861 1430 1929 tribuas,
1461 1862 1551 1932 qui
1580 1863 1722 1918 illam
1753 1877 1818 1917 ex
1843 1862 2012 1919 nihilo
2041 1871 2097 1918 ut

505 1965 650 2011 esset
675 1955 894 2010 creavit.
945 1954 1167 2024 Propter
1197 1954 1298 2009 hoc
1324 1953 1397 2008 ait
1434 1971 1446 2007 :
1481 1953 1639 2008 Terra
1682 1961 1849 2008 autem
1877 1964 1983 2007 erat
2011 1954 2096 2008 iu-

506 2045 710 2101 risibilis
759 2055 805 2100 et
867 2046 1214 2116 incomposita.
1273 2044 1432 2100 Forte
1472 2045 1652 2100 statim
1707 2054 1761 2100 et
1823 2045 1892 2100 ab
1944 2045 2096 2100 initio

505 2146 740 2193 mentem
806 2145 1037 2192 vestram
1105 2134 1472 2191 subtilioribus
1523 2135 1804 2191 sententiis
1867 2136 2095 2192 nimium

503 2229 788 2292 torsimus;
822 2227 941 2282 ideo
967 2227 1052 2281 hic
1074 2241 1378 2282 sermonem
1413 2231 1607 2283 sistere
1633 2243 1728 2298 par
1769 2236 1873 2284 est.
1917 2227 2092 2299 Roga-

507 2337 624 2375 mus
650 2329 829 2375 autem
858 2319 1136 2374 caritatem
1157 2326 1413 2387 vestram,
1446 2328 1502 2374 ut
1530 2319 1796 2375 dictorum
1825 2319 1947 2376 sitis
1976 2335 2093 2376 me-

505 2425 705 2475 mores,
729 2420 785 2465 et
811 2424 1025 2479 semper
1052 2410 1167 2465 haec
1195 2411 1454 2465 memoria
1486 2412 1710 2466 teneatis
1741 2427 1756 2464 :
1787 2420 1948 2478 atque
1987 2427 2089 2466 una

502 2517 622 2557 eum
647 2501 884 2556 sensibili
916 2515 1122 2568 mensa,
1155 2515 1277 2556 cum
1309 2500 1436 2556 hinc
1460 2501 1700 2556 abieritis
1723 2542 1739 2569 ,
1767 2503 2020 2574 apponite
2040 2513 2094 2559 et

502 2594 834 2664 spiritualem
893 2609 1156 2649 mensam.
1213 2594 1362 2648 Dicat
1392 2594 1472 2648 vir
1519 2594 1692 2665 aliqua
1724 2610 1910 2650 eorum
1932 2637 1949 2664 ,
1975 2612 2094 2667 qua:
2113 2597 2144 2620 λ

502 2702 644 2744 nunc
673 2689 760 2742 hic
790 2695 914 2744 sunt
940 2687 1081 2743 dicta
1115 2705 1128 2742 :
1157 2686 1338 2742 audiat
1387 2687 1580 2742 mulier
1599 2727 1614 2754 ,
1643 2688 1854 2744 discant
1897 2689 2049 2759 pueri
2076 2732 2090 2758 ,

501 2779 710 2834 discant
737 2789 790 2835 et
815 2778 1094 2834 domestici
1129 2821 1144 2846 ,
1177 2779 1373 2849 fiatque
1408 2778 1598 2835 domus
1623 2780 1850 2836 ecclesia
1877 2821 1892 2846 ,
1926 2789 1985 2836 ut
2009 2780 2092 2836 ef-

500 2869 715 2940 fugetur
743 2869 1023 2937 diabolus,
1056 2871 1108 2924 in
1149 2869 1326 2941 fugam
1375 2878 1614 2926 vertatur
1655 2871 1827 2927 malus
1855 2871 1942 2927 ille
1981 2871 2093 2928 da:-

502 2976 625 3016 mon
650 3005 665 3026 ,
695 2971 750 3016 et
792 2962 1039 3016 inimicus
1081 2963 1267 3018 salutis
1294 2973 1493 3018 nostra:
1523 2981 1535 3017 :
1570 2965 1871 3034 requiescat
1909 2975 2088 3021 autem

505 3053 579 3108 ibi
601 3052 832 3122 Spiritus
855 3053 1025 3108 sancti
1050 3054 1243 3124 gratia,
1275 3060 1332 3109 et
1368 3054 1544 3109 omnis
1583 3070 1686 3125 pax
1726 3065 1779 3111 et
1804 3057 2090 3112 concordia

499 3144 703 3198 muniat
741 3142 1120 3199 inhabitantes.
1163 3143 1297 3198 Nam
1340 3144 1384 3198 si
1423 3159 1608 3199 eorum
1646 3161 1765 3209 quae
1809 3147 1921 3217 jam
1948 3148 2091 3204 dicta

503 3245 645 3304 sunt,
672 3251 937 3292 memores
966 3236 1194 3304 fueritis,
1214 3245 1269 3292 et
1311 3235 2092 3316 majorestudioea,qusepost~

497 3332 602 3386 hac
641 3329 958 3386 seminaturi
1041 3344 1246 3397 sumus,
1292 3329 1674 3398 susceperitis,
1723 3345 1824 3386 nos
1877 3347 2089 3403 quoque

501 3421 686 3489 majori
709 3419 887 3476 studio
912 3428 1071 3491 atque
1097 3420 1337 3477 ubertate
1365 3421 1608 3476 dicemus
1634 3438 1754 3494 quae
1771 3423 1928 3480 nobis
1954 3438 2083 3496 sup-

499 3513 758 3583 peditabit
779 3514 949 3585 gratia
992 3515 1127 3582 Dei,
1153 3517 1196 3570 si
1231 3516 1534 3585 germinare
1561 3515 1852 3572 viderimus
1879 3532 1940 3572 ea
1965 3533 2088 3589 qua:

495 3620 642 3659 nunc
669 3621 700 3659 a
750 3605 902 3660 nobis
948 3607 1089 3661 dicta
1135 3614 1278 3662 sunt.
1306 3607 1744 3678 Quandoquidem
1775 3618 1829 3665 et
1853 3610 2085 3681 agricola

497 3712 618 3752 cum
641 3697 832 3752 viderit
853 3698 1057 3753 semina
1076 3699 1243 3765 nasci,
1267 3699 1470 3769 majore
1495 3699 1770 3757 alacritate
1798 3717 1922 3757 arva
1951 3718 2084 3758 con-

496 3789 691 3844 siderat
722 3797 776 3844 et
804 3789 1020 3856 excolit,
1051 3798 1209 3860 atque
1234 3789 1336 3844 alia
1366 3804 1548 3846 serere
1581 3793 1760 3863 gestit.

569 3883 620 3937 5.
664 3880 734 3938 Ut
758 3882 915 3951 igitur
937 3881 1226 3937 alacriores
1262 3896 1359 3937 nos
1383 3883 1651 3952 reddatis,
1675 3885 1784 3955 jam
1815 3886 2078 3945 dictorum

494 3982 696 4029 certam
749 3974 1046 4030 custodiam
1076 3974 1458 4044 demonstrate,
1490 3985 1544 4031 et
1591 3992 1712 4033 cum
1757 3990 1919 4035 rectae
1959 3981 2082 4038 fidei

493 4067 828 4138 dogmatibus
861 4068 1021 4122 vitam
1049 4082 1259 4138 quoque
1291 4078 1523 4124 vestram
1554 4070 1836 4143 diligenter
1875 4086 2080 4132 curate.

493 4161 682 4213 aneat
710 4160 875 4217 enim.
921 4158 1106 4230 inquit,
1139 4159 1228 4212 tua:
1266 4171 1431 4215 vestra
1461 4178 1634 4217 coram
1679 4164 1985 4234 hominibus,
2027 4178 2083 4222 ut

495 4251 692 4304 videant
713 4265 867 4319 Opera
889 4255 1049 4304 vestra
1065 4249 1216 4314 bona,
1241 4260 1288 4305 et
1304 4251 1587 4323 gloriﬁcent
1604 4253 1810 4311 Patrem
1838 4265 2077 4327 vestrum,

491 4341 578 4410 qui
616 4341 669 4394 in
703 4341 840 4396 aclis
867 4350 944 4396 est
977 4340 1192 4411 (Matth.
1224 4343 1278 4398 5.
1312 4343 1400 4416 10)
1437 4363 1449 4400 :
1485 4355 1542 4401 ut
1580 4358 1634 4402 et
1674 4349 1780 4403 vita
1821 4363 2080 4407 consonet

492 4432 614 4486 fidei
642 4431 993 4504 dogmatibus,
1024 4440 1079 4488 et
1103 4433 1349 4504 dogmata
1378 4437 1670 4506 praedicent
1698 4441 1881 4496 vitam.
1921 4440 2080 4499 Fides

491 4523 633 4576 enim
661 4524 769 4578 sine
803 4523 1040 4592 operibus
1078 4537 1278 4581 mortua
1307 4537 1380 4582 est
1410 4527 1550 4599 (Jac.
1571 4530 1626 4584 ἢ.
1658 4531 1754 4602 26)
1773 4575 1786 4598 ,
1817 4542 1872 4589 et
1915 4549 2076 4605 opera

490 4615 607 4668 sine
654 4615 757 4670 fide
799 4624 1004 4671 mortua
1048 4627 1192 4673 sunt.
1223 4619 1355 4675 Nam
1401 4621 1527 4678 licet
1573 4638 1754 4680 sanam
1799 4634 2078 4685 teneamus

489 4701 817 4771 doctrinam,
859 4698 906 4759 si
932 4705 1094 4762 vitam
1135 4708 1488 4786 pegligamus,
1540 4714 1672 4770 nihil
1701 4716 1854 4771 nobis
1881 4719 2076 4788 prode-

484 4795 554 4847 rit
579 4795 819 4850 doctrina
851 4813 863 4848 :
898 4811 1102 4865 rursus,
1126 4801 1171 4854 si
1197 4800 1322 4856 vitae
1349 4817 1531 4858 curam
1557 4805 1863 4877 diligentem
1893 4824 2077 4881 gesse-

485 4883 672 4950 rimus,
707 4885 760 4941 in
783 4885 902 4941 fidei
935 4896 1112 4944 autem
1143 4890 1352 4960 placitis
1377 4893 1872 4967 claudicaverimus,
1904 4916 2076 4970 neque

482 4976 560 5029 sic
591 4976 746 5032 nobis
779 4977 978 5047 aliquid
1004 4979 1139 5034 lucri
1191 4980 1366 5037 fuerit.
1397 4983 1522 5040 Ideo
1546 4989 1795 5044 convenit
1825 4991 2074 5061 utrinque

482 5064 763 5120 aedificium
795 5065 898 5123 hoc
928 5078 1169 5123 nostrum
1201 5071 1474 5141 spirituale
1503 5080 1820 5134 communiri
1853 5097 1864 5132 :
1891 5079 2073 5136 Omnis

482 5155 645 5223 enim,
669 5158 857 5228 inquit,
887 5161 972 5230 qui
992 5161 1136 5215 audit
1165 5163 1257 5217 Itos
1277 5180 1530 5243 sermones
1556 5185 1712 5236 meos,
1743 5180 1788 5225 et
1812 5173 1937 5243 facit
1961 5189 2066 5240 eos,

481 5245 837 5301 assimiiabitur
877 5252 982 5304 viro
1013 5255 1248 5323 prudenti
1270 5240 1482 5324 (Μαιιιι.
1517 5259 1568 5313 7.
1599 5261 1717 5329 at).
1747 5240 1879 5320 via.
1933 5280 2067 5335 quo-

481 5336 641 5390 modo
685 5353 789 5391 non
821 5343 990 5396 solum
1041 5347 1224 5403 audire
1256 5363 1354 5404 nos
1381 5350 1529 5415 velit,
1571 5353 1663 5408 sed
1699 5357 1857 5410 etiam
1895 5358 2068 5414 facere

479 5439 532 5483 et
557 5432 806 5499 operibus
849 5433 1202 5494 obedientiam
1231 5442 1484 5499 exhibere
1516 5464 1526 5498 :
1565 5444 1706 5501 hunc
1749 5450 2067 5519 prudentem

476 5523 707 5591 vocavit,
738 5524 827 5594 qui
859 5526 1108 5594 operibus
1135 5545 1411 5590 sermones
1437 5536 1884 5607 subsequentibus
1927 5558 2052 5598 con-

477 5613 694 5681 spicuus
721 5617 789 5669 sit
824 5633 836 5669 :
872 5617 959 5685 qui
989 5632 1115 5672 vero
1146 5630 1348 5678 tantum
1388 5626 1454 5682 ad
1486 5643 1762 5686 sermones
1793 5636 2064 5704 pervenit,

477 5714 526 5756 et
561 5720 666 5758 non
691 5706 754 5760 ad
782 5719 970 5775 opera,
995 5717 1112 5764 "eum
1143 5714 1359 5770 stultum
1388 5721 1598 5774 vocavit
1625 5740 1637 5774 :
1671 5724 1862 5778 merito
1887 5735 2062 5784 certe:

478 5797 599 5864 quia
631 5795 718 5851 ille
745 5798 963 5852 domum
989 5813 1136 5856 suam
1164 5819 1323 5876 super
1351 5825 1568 5868 arenam
1589 5814 1899 5887 aedificavit;
1942 5834 2065 5890 pro-

1289 370 1345 427 S.
1389 366 1668 427 .IOANNIS
1705 354 2178 420 (lllRYSOSTOMI
2220 353 2535 411 ARCHIEP.
2575 350 3113 410 CONSTA-NTINOP.
3729 352 3799 408 δε),

2205 483 2384 544 pterea
2409 489 2582 544 neque
2613 485 2892 529 ventorum
2938 475 3044 528 vim
3088 474 3226 530 ferre
3253 473 3446 545 potuit,
3489 474 3585 531 sed
3613 479 3793 532 statim

2202 568 2408 622 corruit
2431 567 2647 637 (Matth.
2677 569 2730 623 7.
2753 567 2870 637 26).
2900 567 3057 623 Tales
3080 569 3221 624 enim
3252 579 3375 624 sunt
3417 569 3630 628 desides
3676 572 3796 628 aui-

2201 674 2324 724 mae,
2349 674 2456 714 non
2487 659 2730 714 Solidata:
2759 673 2921 730 super
2950 660 3159 715 firmam
3190 671 3396 732 petram
3423 663 3792 733 spiritualem:

2203 764 2308 804 non
2333 750 2474 804 enim
2495 749 2563 805 de
2587 750 2814 805 aedificio
2841 751 2980 808 etde
3008 751 3168 807 domo
3195 769 3337 808 nunc
3361 765 3445 809 est
3470 769 3669 822 sermo,
3699 755 3794 812 sed

2201 839 2269 895 de
2297 839 2496 909 anima,
2516 855 2636 911 qua:
2663 855 2693 895 a
2721 842 3013 898 tentatioue
3033 857 3218 913 quavns
3232 845 3484 913 quatitur.
3509 845 3642 901 Nam
3670 862 3796 901 ven-

2203 933 2260 996 ti,
2287 931 2498 1002 pluvizc,
2551 940 2604 987 et
2629 931 2912 988 fluviorum
2944 934 3248 990 nominibus
3290 938 3610 992 teutationcs
3641 940 3796 994 nobis

2201 1024 2572 1080 subindicavit.
2611 1027 2681 1080 At
2709 1026 2853 1081 enim
2889 1026 2980 1096 qui
3010 1035 3290 1094 constans,
3321 1031 3554 1101 vigil,et
3582 1031 3796 1086 sobrius

2200 1127 2306 1186 est,
2338 1118 2436 1173 hac
2464 1119 2672 1174 ratione
2697 1119 2904 1174 firmior
2929 1121 3129 1187 evadit;
3149 1131 3204 1176 et
3231 1133 3431 1191 quanto
3449 1123 3680 1194 majores
3705 1124 3791 1178 in-

2201 1219 2474 1267 tentantur
2501 1212 2836 1277 afflictiones.
2869 1222 3017 1270 tanto
3043 1214 3160 1284 ejus
3193 1215 3415 1271 virilitas
3441 1225 3496 1272 et
3537 1217 3795 1274 fortitudo

2201 1303 2370 1374 magis
2398 1314 2658 1374 augentur
2699 1323 2712 1358 :
2760 1305 2916 1362 deses
2952 1315 3129 1361 autem
3159 1315 3214 1362 et
3243 1308 3486 1378 supinus,
3519 1309 3565 1365 si
3592 1309 3674 1366 vel
3708 1323 3785 1366 te-

2201 1396 2321 1450 nuis
2361 1397 2604 1466 quaedam
2637 1398 2988 1454 tentationum
3012 1414 3139 1453 aura
3171 1398 3386 1468 afﬂarit,
3423 1401 3603 1458 statim
3627 1403 3793 1458 vacil-

2203 1487 2291 1553 lat,
2323 1497 2378 1543 et
2409 1489 2588 1544 animo
2614 1490 2866 1556 concidit,
2901 1505 3006 1546 non
3042 1491 3111 1547 ob
3140 1499 3384 1548 naturam
3416 1495 3787 1561 teutationum,

2199 1578 2294 1633 sed
2339 1579 2409 1636 ob
2435 1580 2719 1636 voluntatis
2749 1582 3131 1636 infirmitatem.
3156 1582 3417 1650 Quocirca
3444 1595 3658 1655 oportet
3698 1603 3793 1642 so-

2201 1671 2346 1726 brios
2373 1687 2516 1739 esse,
2543 1682 2598 1728 et
2625 1673 2810 1745 vigiles
2829 1716 2844 1741 ,
2875 1684 2930 1729 et
2955 1675 3020 1731 ad
3053 1676 3231 1730 omnia
3262 1690 3586 1747 praeparatos
3618 1696 3630 1732 :
3661 1689 3718 1734 ut
3738 1690 3795 1736 et

2201 1763 2253 1818 in
2295 1763 2648 1833 prosperitate
2675 1765 2901 1821 modesti
2932 1780 2995 1820 ac
3023 1781 3128 1821 non
3158 1765 3335 1834 effusi,
3364 1777 3418 1823 et
3457 1769 3511 1824 in
3541 1770 3791 1826 afflictio-

2202 1855 2362 1910 nibus
2376 1870 2495 1926 quaa
2519 1855 2671 1911 nobis
2696 1853 3026 1926 inﬂigantur,
3060 1858 3226 1912 sobrii
3252 1866 3306 1913 et
3332 1859 3644 1930 prudentes,
3665 1877 3792 1933 per-

2199 1954 2389 2019 petuas
2412 1946 2613 2017 gratias
2641 1946 2933 2002 referamus
2954 1947 3183 2018 benigno
3208 1949 3340 2005 Dco.
3371 1950 3428 2006 Si
3457 1952 3533 2006 sic
3568 1968 3656 2008 res
3690 1969 3794 2008 no-

2198 2049 2334 2094 atras
2353 2039 2761 2107 instituerimus,
2781 2039 3002 2094 multum
3021 2041 3203 2110 gratia:
3216 2040 3408 2097 divina:
3422 2057 3790 2115 assequemur:

2202 2128 2597 2199 poterimusque
2621 2139 2938 2199 praesentem
2985 2130 3149 2186 vitam
3181 2147 3372 2188 secure
3403 2135 3789 2203 transmittere,

2199 2228 2254 2274 et
2280 2219 2332 2273 in
2360 2219 2537 2275 futura
2561 2221 2668 2276 vita
2696 2236 2902 2292 magna:
2922 2221 3127 2277 fiduciae
3149 2237 3277 2293 opes
3307 2239 3565 2294 reponere
3593 2241 3607 2279 :
3630 2242 3794 2297 quam

2200 2311 2356 2368 nobis
2383 2312 2631 2368 omnibus
2651 2313 2862 2384 assequi
2882 2314 3175 2385 contingat,
3197 2317 3367 2385 gratia
3389 2327 3442 2372 et
3464 2317 3795 2388 benignitate

2201 2403 2412 2458 Domini
2442 2404 2610 2459 nostri
2639 2404 2764 2460 Jesu
2790 2401 3009 2473 Christi,
3053 2421 3176 2462 cum
3224 2423 3330 2478 quo
3362 2404 3509 2461 Patri
3549 2410 3708 2466 simul
3737 2421 3794 2466 et

2198 2504 2386 2551 saneto
2399 2496 2618 2566 Spiritui
2644 2497 2830 2565 gloria,
2859 2497 3164 2568 imperium,
3189 2499 3385 2567 honor,
3409 2516 3550 2557 nunc
3575 2511 3630 2558 et
3650 2517 3793 2558 scm-

2199 2604 2317 2660 per,
2348 2597 2402 2644 et
2428 2589 2482 2644 in
2504 2590 2702 2646 saecula
2729 2591 3069 2647 saeculorum.
3100 2593 3291 2648 Amen.

2784 2724 3064 2780 HOMILIA
3115 2725 3200 2780 Ill.

2200 2835 2278 2892 De
2295 2836 2359 2891 iis
2388 2851 2502 2908 qua:
2521 2847 2792 2908 supersunt
2817 2839 3030 2893 dicenda
3051 2840 3102 2894 in
3131 2839 3284 2907 illud,
3319 2838 3374 2895 ln
3418 2842 3681 2914 principio
3710 2843 3790 2900 fe-

2267 2929 2339 2986 cit
2360 2929 2500 2985 Deus
2528 2929 2718 2986 malum
2749 2938 2804 2986 et
2832 2939 3031 2987 terram
3067 2931 3217 3004 (Gen.
3251 2933 3301 2988 ι.
3337 2934 3416 3005 1),
3445 2951 3601 3005 usque
3621 2937 3690 2989 ad
3716 2936 3786 2990 it-

2267 3021 2378 3090 iud,
2407 3021 2473 3076 Et
2499 3020 2696 3077 factum
2746 3031 2830 3078 est
2872 3038 3117 3094 vespere,
3167 3033 3221 3079 ct
3264 3025 3458 3081 factum
3490 3036 3571 3082 est
3598 3044 3788 3096 mane,

2265 3112 2379 3168 dies
2403 3129 2538 3168 unus
2560 3111 2709 3186 (Gen.
2742 3115 2790 3169 1.
2823 3115 2900 3186 5).

2266 3228 2318 3283 ι.
2359 3227 2635 3284 Thesauro
2661 3231 2890 3300 cuipiam
2930 3235 3273 3300 comparatur
3300 3232 3601 3290 divinarum
3641 3235 3788 3292 Scri-

2193 3327 2468 3390 pturarum
2518 3320 2696 3377 lectio.
2722 3321 2855 3377 Nam
2896 3324 3034 3378 sicut
3062 3339 3127 3379 ex
3159 3324 3250 3380 illo
3277 3326 3517 3397 quisquis
3545 3328 3628 3382 vel
3672 3329 3786 3383 fru-

2191 3411 2389 3467 stulum
2421 3426 2642 3482 carpere
2689 3413 2860 3480 valet,
2909 3415 3105 3469 multas
3129 3415 3230 3471 sibi
3260 3425 3410 3486 parat
3438 3416 3648 3474 divitias
3675 3437 3686 3470 :
3714 3420 3785 3474 ita

2191 3511 2246 3556 et
2266 3503 2321 3557 in
2346 3517 2496 3559 sacra
2521 3503 2814 3576 Scriptura,
2846 3507 3006 3561 etiam
3032 3507 3085 3562 in
3114 3507 3262 3563 brevi
3291 3508 3558 3577 dictione,
3590 3510 3780 3582 ingen-

2194 3601 2301 3648 tem
2330 3594 2717 3650 sententiarum
2760 3597 2867 3650 vim
2897 3609 2951 3652 et
2978 3597 3266 3654 immensas
3292 3599 3503 3656 divitias
3543 3601 3784 3658 invenire

2189 3685 2332 3741 licet.
2365 3687 2432 3741 Et
2475 3701 2583 3742 non
2609 3687 2780 3742 solum
2811 3687 3059 3744 thesauro
3089 3690 3283 3746 similia
3317 3703 3442 3748 sunt
3465 3693 3643 3749 divina
3667 3697 3782 3750 elo-

2189 3779 2331 3847 quia,
2348 3776 2445 3834 sed
2466 3775 2600 3834 fonti
2618 3794 2830 3850 quoque
2848 3779 3010 3851 largis
3025 3783 3456 3854 perennibusque
3469 3785 3782 3841 scaturienti

2189 3869 2440 3926 ﬂuentis:
2477 3870 2530 3926 id
2567 3871 2710 3942 quod
2737 3887 2803 3928 ex
2834 3873 2994 3929 rebus
3023 3875 3152 3944 ipsis
3201 3874 3316 3932 heri
3353 3891 3540 3932 omnes
3585 3878 3776 3934 didici-

2189 3978 2326 4018 mus.
2356 3961 2489 4018 Nam
2519 3973 2577 4018 ut
2615 3965 2875 4035 proosmia
2899 3965 3018 4020 libri
3047 3965 3318 4023 Geneseos
3346 3969 3662 4039 iucepimus,
3721 3972 3774 4026 in

2187 4055 2522 4125 explananda
2551 4055 2655 4111 hoc
2695 4056 2858 4125 dicto,
2909 4056 2976 4111 In
3006 4060 3257 4130 principio
3285 4060 3401 4130 fecit
3431 4060 3570 4117 Deus
3598 4063 3780 4117 caelum

2186 4156 2234 4200 et
2258 4155 2464 4212 terram,
2490 4155 2657 4202 totum
2683 4147 2956 4203 tradendae
2993 4149 3252 4205 doctrina:
3294 4150 3616 4206 destinatum
3640 4161 3779 4207 tem-

2187 4255 2287 4309 pus
2309 4241 2709 4310 insumpsimus,
2753 4251 2807 4298 et
2829 4257 3001 4312 neque
3029 4242 3108 4299 sic
3133 4251 3300 4299 totum
3327 4243 3581 4315 expedire
3610 4246 3780 4300 valui-

2186 4348 2325 4388 mus.
2365 4333 2552 4405 Magna
2578 4333 2722 4390 enim
2765 4343 2847 4390 est
2875 4334 3033 4404 hujus
3074 4335 3307 4390 thesauri
3337 4336 3681 4405 abundantia,
3723 4348 3778 4392 et

2184 4425 2328 4495 larga
2353 4424 2515 4480 fontis
2533 4423 2692 4495 hujus
2715 4423 3007 4496 Spiritualis
3035 4425 3252 4481 fluenta.
3284 4425 3394 4482 Nec
3426 4427 3658 4495 mireris,
3683 4442 3776 4482 ea.

2184 4515 2414 4584 rissime,
2463 4515 2508 4569 si
2550 4516 2704 4572 nobis
2731 4515 2836 4572 hoc
2866 4515 3123 4572 accidat:
3156 4517 3319 4572 etiam
3367 4517 3458 4585 qui
3507 4527 3632 4574 ante
3676 4535 3774 4574 nos

2185 4608 2331 4666 fuere
2355 4624 2454 4680 pro
2483 4609 2683 4665 viribus
2705 4609 2817 4664 suis
2843 4624 3010 4680 aquas
3038 4609 3162 4665 inde
3184 4609 3497 4679 hauserunt,
3530 4619 3584 4666 et
3621 4611 3772 4667 simi-

2182 4699 2302 4755 liter
2329 4700 2416 4769 qui
2466 4707 2587 4770 post
2613 4714 2709 4755 nos
2741 4698 2908 4755 futuri
2931 4709 3055 4754 sunt
3106 4699 3248 4755 idem
3287 4701 3645 4768 attentabunt,
3674 4717 3770 4755 ne-

2180 4806 2284 4863 que
2312 4791 2391 4847 sic
2419 4799 2584 4846 totum
2625 4805 2886 4846 evacuare
2908 4800 3190 4860 poterunt;
3227 4789 3320 4846 sed
3351 4791 3520 4861 magis
3557 4791 3771 4845 interim

2181 4892 2472 4953 augescunt
2488 4882 2708 4948 fluenta,
2741 4891 2796 4938 et
2823 4890 3074 4938 crescunt
3111 4881 3271 4936 alvei.
3297 4882 3422 4936 Haec
3447 4881 3587 4935 enim
3617 4882 3774 4951 spiri-

2182 4977 2402 5032 tualium
2431 4975 2713 5031 ﬂuminum
2735 4984 2924 5029 natura
2953 4982 3054 5037 est,
3083 4981 3141 5028 ut
3169 4987 3234 5028 eo
3263 4974 3429 5043 magis
3455 4973 3770 5040 scaturiant,

2181 5079 2237 5127 et
2281 5077 2552 5126 accrescat
2591 5068 2879 5140 spiritualis
2908 5066 3096 5138 gratia,
3155 5081 3264 5137 quo
3291 5066 3411 5136 quis
3445 5065 3609 5136 magis
3646 5063 3772 5119 inde

2181 5163 2398 5219 haurire
2423 5161 2622 5218 studet.
2652 5161 2877 5231 Propter
2905 5159 3007 5214 hoc
3043 5168 3100 5214 et
3141 5158 3387 5214 Christus
3411 5157 3623 5213 dicebat
3658 5174 3672 5211 :
3707 5157 3771 5212 Si

2179 5258 2290 5329 quis
2318 5259 2441 5323 sitit,
2471 5256 2634 5310 ueniat
2661 5256 2730 5308 ad
2759 5270 2857 5315 me,
2883 5263 2928 5307 et
2950 5252 3100 5305 bibat.
3133 5250 3233 5316 Qui
3254 5249 3410 5303 credit
3431 5249 3484 5302 in
3513 5265 3611 5317 me,
3639 5248 3769 5302 sicut

2181 5353 2307 5407 dixit
2336 5351 2623 5420 Scriptura,
2646 5348 2862 5419 [Iuntina
2890 5348 2953 5400 de
2987 5353 3154 5398 ventre
3179 5343 3290 5413 ejus
3331 5341 3491 5412 ﬂuent
3513 5355 3661 5410 aqua
3693 5339 3769 5392 vi-

2178 5447 2335 5500 ventis
2365 5443 2544 5519 (Joan.
2580 5442 2630 5501 7.
2649 5442 2737 5508 57,
2758 5438 3083 5508 38):quihus
3101 5436 3283 5491 verbis
3319 5435 3508 5489 horum
3535 5433 3762 5487 fluento-

2181 5555 2299 5595 rum
2329 5534 2708 5592 abundantiam
2754 5531 2908 5585 nobis
2939 5528 3154 5583 indicat.
3187 5527 3449 5595 Quoniam
3477 5524 3634 5594 igitur
3657 5524 3760 5593 Spi-

2179 5631 2450 5686 ritualium
2482 5627 2802 5683 fluentorum
2839 5632 3026 5678 natura
3058 5621 3180 5677 talis
3205 5630 3315 5686 est,
3350 5635 3447 5690 age
3475 5618 3766 5674 afferamus

2178 5740 2366 5780 omnes
2412 5723 2610 5777 utentis
2651 5727 2849 5774 nostra:
2871 5732 3016 5781 vasa,
3045 5726 3104 5770 ut
3143 5715 3376 5784 impletis
3404 5713 3506 5769 illis
3549 5713 3764 5766 domum

2180 5822 2480 5873 redeamus.
2534 5811 2666 5869 Nam
2694 5808 2905 5883 quando
2942 5809 3082 5864 videt
3106 5809 3272 5878 gratia
3300 5805 3529 5876 Spiritus
3557 5803 3767 5858 fervens
