4144 6422
425 368 492 421 55
1193 363 1250 418 S.
1288 362 1572 421 JOANNIS
1610 361 2093 420 CIIItYSOSTOMl
2132 361 2448 419 ARCIIIEP.
2490 365 3039 424 C0N5T.\.\ITINOP.
3785 375 3854 430 33

421 484 514 537 τοῦ
548 483 860 553 Πνεύματος
896 481 1052 552 χάρις
1087 480 1247 534 πόθον
1280 480 1491 545 ζέοντα,
1531 482 1624 534 καὶ
1653 477 2082 549 διεγηγερμένην

422 570 683 633 διάνοιαν,
736 568 995 622 πλουσίαν
1045 568 1143 638 τὴν
1190 567 1320 638 παρ’
1363 567 1559 637 ἑαυτῆς
1606 567 1856 637 δωρεῖται
1898 566 2078 636 χάριν.

436 658 869 727 ’Λποστήσαντες
895 656 1073 709 τοίνυν
1110 656 1336 718 ἑαυτοὺς
1361 654 1578 707 πάντων
1624 653 1732 706 τών
1788 652 2079 721 βιωτικῶν,

424 744 517 796 καὶ
546 743 645 807 τὰς
659 743 945 815 φροντίδας
973 742 1070 806 τὰς
1095 741 1344 796 ἀκανθῶν
1367 740 1520 811 δίκην
1564 739 1888 810 συμπνίγειν
1924 737 2083 790 δυνα-

426 832 625 900 μένας,
692 831 782 884 τὸν
829 830 1092 901 ἡμέτερον
1145 828 1401 898 λογισμὸν
1444 826 1798 897 ἐκτέμνοντες
1839 836 1865 866 ιι
1888 864 1903 890 ,
1953 824 2083 895 ὃλην

424 917 630 971 ἐαυτῶν
660 918 761 989 τὴν
794 918 1029 972 διάνοιάν
1061 917 1487 986 μεταστήσωμεν
1524 915 1605 977 εἰς
1651 913 1746 984 τὴν
1779 912 1887 965 τῶν
1917 929 2082 964 πνευ-

427 1006 670 1077 ματικῶν
694 1005 1012 1077 ἐπιθυμίαν,
1049 1005 1134 1057 ἵνα
1160 1003 1361 1074 πολλὴν
1394 1000 1641 1056 ἐντεῦθεν
1671 999 1951 1069 δεξάμενοι
1984 1000 2083 1071 τὴν

422 1094 711 1163 ὠφέλειαν,
734 1093 829 1147 καὶ
854 1092 1210 1164 κερδάναντές
1238 1109 1290 1144 τι
1323 1090 1464 1161 μέγα
1486 1090 1577 1143 καὶ
1608 1090 1872 1156 γενναῖον,
1910 1085 2083 1150 οὕτως

424 1180 746 1250 ἐξέλθωμεν.
783 1181 923 1234 Ἀλλ’
944 1182 1028 1234 ἴνα
1051 1180 1381 1249 σαφέστερος
1415 1179 1541 1247 ὑμῖν
1575 1177 1603 1229 ὁ
1644 1175 1799 1242 λόγος
1833 1174 2079 1244 γένηται,

426 1268 596 1339 μικρά
613 1268 721 1321 τῶν
757 1267 882 1338 χθὲς
900 1268 1200 1338 εἰρημένων
1231 1266 1631 1335 ὑπομνήσωμεν
1668 1263 1766 1334 τὴν
1801 1261 2076 1333 ὑμετέραν

423 1354 662 1424 ἀγάπην,
694 1354 924 1416 ἵνόὖτω,
977 1353 1233 1424 καθάπερ
1277 1352 1435 1423 σῶμα
1472 1351 1552 1417 ἐν,
1603 1351 1698 1403 καὶ
1739 1348 1808 1404 τὰ
1841 1349 2082 1419 σήμερον

425 1441 684 1512 μέλλοντα
719 1440 1053 1512 ῥηθήσεσθαι
1076 1440 1401 1509 συνάψωμεν
1431 1441 1542 1502 τοῖς
1578 1437 1706 1508 χθὲς
1749 1435 2079 1507 εἰρημένοις.

434 1527 776 1598 Ἐδείκνυμεν
828 1528 937 1599 γάρ
987 1527 1151 1599 χθὲς,
1218 1528 1468 1598 καθάπερ
1530 1525 1828 1596 μέμνησθε,
1879 1525 1996 1588 πῶς
2054 1525 2084 1577 ὁ

427 1614 692 1685 μακάριος
713 1613 956 1684 Μωῦσῆς
985 1613 1336 1684 διηγούμενος
1369 1614 1500 1684 ήμίν
1530 1610 1639 1665 τῶν
1670 1610 1946 1682 στοιχείων
1963 1613 2084 1664 τούο

422 1716 528 1754 των
575 1700 685 1753 τῶν
736 1701 1025 1773 ὁρωμένων
1058 1700 1157 1772 τὴν
1201 1700 1559 1771 δημιουργίαν
1601 1698 1808 1767 ἔλεγεν,
1844 1698 1927 1770 δτι
1980 1699 2085 1751 Ἔν

421 1786 578 1857 ἀρχῇ
602 1788 892 1855 ἐποίησεν
910 1792 943 1842 ό
962 1786 1103 1854 Θεὸς
1131 1788 1237 1841 τὸν
1256 1785 1516 1854 οὐρανὸν
1539 1786 1637 1839 καί
1665 1785 1780 1853 τὴν
1806 1785 1939 1855 γῆν
1967 1783 2081 1856 [15]

423 1876 462 1945 ἡ
487 1874 554 1929 δὲ
584 1874 661 1944 γῆ
690 1872 770 1947 ἦν
787 1876 1040 1944 ἀόρατος
1069 1875 1163 1929 καὶ
1202 1874 1751 1939 ἀκατασκεύαστος·
1788 1874 1881 1925 καὶ
1911 1872 2082 1925 ἐδιδά-

425 1978 625 2033 σκομεν
654 1963 797 2033 ὑμᾶς
827 1961 854 2002 δ
877 1963 976 2034 τὴν
1002 1962 1179 2016 αἰτίαν
1212 1961 1355 2026 τίνος
1382 1961 1568 2014 ἕνεκεν
1610 1962 1704 2015 καί¹
1740 1961 1829 2014 διά
1857 1959 1908 2013 τί
1942 1958 2084 2015 οὕτω

421 2048 521 2121 τήν
550 2049 653 2120 γῆν
699 2050 1021 2121 παρήγαγεν
1054 2049 1379 2120 ἀμόρφωτον
1422 2049 1517 2102 καὶ
1557 2046 1954 2114 ἀδιατύπωτον,
1990 2048 2084 2101 καὶ

402 2131 572 2207 ,οἴμαι
608 2136 751 2207 ὑμᾶς
782 2136 998 2190 ἅπαντα
1013 2136 1153 2207 μετὰ
1173 2135 1458 2209 ἀκριϐείας
1481 2135 1733 2206 κατέχειν
1750 2152 1764 2167 ο
1782 2136 2082 2203 ἀναγκαῖον

384 2218 514 2277 ὀὖν
579 2226 819 2295 σήμερον
868 2225 982 2287 τοῖς
1030 2223 1340 2288 ἀκολούθως
1390 2224 1702 2295 εἰρημένοις
1750 2222 2079 2289 ἐπεξελθεῖν.

434 2309 652 2380 Ἐπειδὴ
678 2311 789 2381 γάρ
817 2306 992 2373 εἶπεν,
1034 2310 1095 2365 Ἠ
1121 2310 1190 2363 δέ
1215 2310 1289 2380 γῆ
1323 2306 1402 2381 ἦν
1444 2311 1695 2379 ἀόρατος
1724 2310 1822 2365 καί
1864 2311 2083 2365 ἀκατα-

421 2398 782 2463 σκεύαστος,
820 2397 1061 2451 διδάσκει
1085 2399 1232 2468 ἡμᾶς
1267 2397 1529 2470 ἀκριϐῶς,
1561 2398 1723 2451 πόθεν
1755 2394 1823 2469 ἦν
1852 2397 2084 2469 ἀόρατος

423 2485 518 2539 καὶ
542 2485 1039 2548 ἀκατασκεύαστος,
1068 2487 1291 2554 φάσκων
1312 2503 1324 2516 ·
1359 2485 1469 2540 Kal
1499 2486 1718 2551 σκότος
1740 2485 1940 2539 ἐπάνω
1974 2485 2086 2552 τῆς

422 2573 722 2638 ἀϐύσσου,
758 2572 857 2627 καί
900 2573 1142 2641 Πνεῦμα
1189 2572 1337 2648 Θεοῦ
1364 2573 1687 2642 ἐπεφέρετο
1726 2572 1928 2626 ἐπάνω
1976 2572 2084 2626 τοῦ

421 2668 644 2735 ὓδατος
681 2708 695 2723 .
757 2670 958 2723 Σκόπει
992 2688 1081 2742 μοι
1109 2669 1344 2723 ἐνταῦθα
1372 2669 1467 2723 τοῦ
1505 2670 1780 2740 μακαρίου
1800 2670 2083 2740 προφήτου

420 2755 483 2810 τὸ
503 2757 816 2827 ἀπέριττον,
843 2757 938 2810 καὶ
965 2758 1112 2820 ὅπως
1146 2758 1206 2810 ού
1241 2758 1415 2811 πάντα
1451 2757 1593 2811 κατὰ
1622 2758 1790 2828 μέρος
1813 2757 2084 2828 διηγεῖται

423 2844 492 2897 τά
515 2843 1011 2916 δημιουργηθέντα,
1046 2845 1183 2899 ἀλλά
1222 2844 1290 2899 τά
1325 2845 1763 2899 συνεκτικώτατα
1801 2844 1911 2898 τῶν
1942 2860 2086 2897 στοι-

423 2930 585 3002 χείων
617 2933 766 3001 ἡμᾶς
786 2930 1023 2998 διδάξας,
1058 2931 1150 2985 καὶ
1178 2931 1409 3002 ούρανοῦ
1427 2933 1521 2986 καὶ
1543 2932 1647 3002 γῆς
1680 2931 2082 3003 μνημονεύσας,

423 3019 492 3072 τὰ.
519 3018 657 3072 ἀλλα
696 3018 1131 3090 παραλιμπάνει.
1172 3017 1423 3089 Οὐδαμοῦ
1460 3019 1569 3091 γάρ
1604 3018 1774 3073 εἰπὼν
1814 3018 1925 3073 τῶν
1953 3018 2083 3071 ὑδά-

421 3122 534 3159 των
555 3106 653 3177 τὴν
680 3105 1061 3177 δημιουργίαν,
1110 3104 1275 3177 φησί·
1315 3105 1425 3160 Kal
1471 3107 1693 3172 σκότος
1740 3104 1941 3159 ἐπάνω
1973 3103 2082 3173 τῆς

423 3193 719 3252 ἀϐύσσου,
748 3193 845 3247 καί
896 3191 1141 3262 Πνεῦμα
1199 3192 1347 3246 Θεοῦ
1377 3191 1695 3261 ἐπεφέρετο
1745 3191 1944 3247 ἐπάνω
1976 3192 2083 3246 τοῦ

422 3278 662 3346 ὕδατος.
697 3280 868 3333 Τοῦτο
903 3279 1012 3352 γὰρ
1039 3275 1108 3350 ἦν
1154 3278 1216 3332 τὸ
1257 3278 1530 3333 καλύπτον
1564 3278 1663 3349 τῆς
1697 3278 1799 3347 γῆς
1832 3279 1892 3333 τὸ
1919 3279 2085 3348 πρόσ-

424 3384 592 3429 ωπον,
635 3367 697 3421 τὸ
750 3367 939 3431 σκότος
993 3365 1173 3433 λέγω,
1214 3367 1311 3420 καὶ
1353 3367 1386 3438 ή
1419 3365 1655 3429 ἄϐυσσος
1692 3364 1799 3419 τῶν
1851 3365 2081 3422 ὑδάτων.

433 3455 742 3527 Ἕμάθομεν
771 3454 1036 3519 ἐντεῦθεν,
1061 3455 1142 3508 ὃτι
1176 3455 1321 3509 ἅπαν
1352 3454 1413 3507 τὸ
1448 3452 1723 3523 ὁρώμενον
1751 3452 1988 3517 ἄϐυσσος
2014 3447 2085 3523 ἦν

424 3544 631 3598 ὑδάτων
682 3543 861 3613 σκότῳ
926 3542 1314 3613 κεκαλυμμένη
1336 3581 1351 3607 ,
1410 3542 1504 3595 καὶ
1545 3542 1717 3594 ἐδεῖτο
1764 3539 1858 3594 τοῦ
1917 3539 2082 3610 σοφοῦ

421 3630 782 3703 δημιουργοῦ,
818 3629 959 3682 ὥστε
990 3630 1170 3683 πᾶσαν
1193 3628 1397 3698 ταύτην
1427 3628 1526 3700 τήν
1556 3628 1831 3699 ἀμορφίαν
1858 3627 2082 3697 ἐξελεῖν,

423 3718 520 3773 καὶ
550 3719 629 3781 εἰς
654 3716 949 3787 εὐκοσμίαν
974 3715 1097 3768 τινὰ
1120 3714 1190 3767 τὰ
1208 3715 1385 3769 πάντα
1414 3716 1658 3783 ἀγαγεῖν.
1694 3715 1799 3768 Kal
1839 3715 2081 3781 σκότος,

425 3806 612 3876 φησὶν,
633 3802 832 3857 ἐπάνω
853 3801 964 3871 τῆς
985 3803 1283 3867 ἀϐύσσου,
1314 3801 1413 3855 καί
1440 3800 1680 3870 Πνεῦμα
1707 3801 1855 3854 Θεοῦ
1874 3801 2085 3870 ἐπεφέ-

417 3908 556 3960 ρετο
593 3888 796 3944 ἐπάνω
833 3888 941 3942 τοῦ
985 3886 1225 3953 ὕδατος.
1273 3887 1339 3939 Τί
1372 3885 1621 3957 βούλεται
1648 3884 1808 3939 τοῦτο
1838 3886 1899 3939 τὸ
1928 3887 2082 3956 εἰρη-

426 3977 583 4050 μένον
625 3996 640 4047 ;
698 3977 960 4047 Πνεῦμα,
994 3976 1148 4048 φησὶ,
1187 3975 1335 4031 Θεοῦ
1392 3974 1713 4045 ἐπεφέρετο
1735 3974 1935 4029 ἐπάνω
1975 3975 2083 4029 τοῦ

420 4067 659 4135 ὕδατος.
706 4066 859 4137 Ἐμοὶ
889 4066 1037 4119 δοκεῖ
1063 4064 1221 4117 τοῦτο
1252 4063 1558 4135 σημαίνειν,
1593 4064 1674 4118 ὅτι
1702 4063 1953 4135 ἐνέργειά
1999 4080 2083 4127 τις

421 4155 626 4225 ζωτικη
662 4152 872 4223 προσῆν
907 4153 1021 4216 τοῖς
1067 4150 1245 4215 ὕδασι,
1281 4151 1375 4204 καὶ
1421 4151 1522 4204 οὐκ
1575 4145 1642 4222 ἦν
1694 4149 1885 4214 ἁπλῶς
1938 4150 2083 4220 ὓδωρ

421 4240 591 4315 ἐστῲς
624 4240 718 4293 καὶ
749 4239 1023 4309 ἀκίνητον,
1051 4238 1186 4292 ἀλλά
1208 4237 1542 4310 κινούμενον,
1570 4238 1665 4292 καὶ
1702 4237 1939 4310 ζωτικὴν
1961 4255 2082 4292 τινα

422 4327 650 4399 δύναμιν
676 4326 817 4396 ἔχον.
855 4325 927 4377 Τὸ
965 4324 1072 4396 γὰρ
1101 4324 1353 4396 ἀκίνητον
1385 4326 1558 4398 πάντη
1589 4325 1858 4398 ἄχρηστον
1878 4345 1892 4359 ο
1928 4326 1988 4379 τὸ
2025 4326 2082 4380 δὲ

421 4414 763 4483 κινούμενον,
797 4412 933 4485 πρὸς
961 4412 1134 4466 πολλά
1161 4412 1482 4483 ἐπιτήδειον.

495 4521 681 4593 β’.“”ιν’
698 4518 791 4575 οὖν
811 4519 992 4591 διδάξη
1011 4522 1176 4592 ἡμᾶς,
1196 4522 1276 4575 ότι
1306 4521 1367 4574 τὸ
1389 4521 1531 4594 ὕδωρ
1554 4521 1734 4586 τοῦτο,
1761 4523 1821 4577 τὸ
1834 4524 1967 4579 πολὺ
1988 4527 2082 4581 καὶ

419 4613 720 4683 ἀμήχανον,
748 4612 872 4666 τινά
896 4611 1126 4683 δύναμιν
1159 4613 1272 4682 ἔχει
1310 4613 1570 4683 ζωτικὴν,
1599 4614 1687 4667 διὰ
1724 4614 1880 4669 τοῦτό
1911 4633 2077 4686 φησι·

422 4700 530 4754 Kal
569 4698 813 4767 Πνεῦμα
868 4699 1017 4754 Θεοῦ
1069 4700 1386 4768 ἐπεφέρετο
1442 4700 1642 4755 ἐπάνω
1691 4703 1799 4756 τοῦ
1840 4703 2078 4770 ὕδατος.

423 4782 593 4836 Τοῦτο
616 4781 675 4835 δὲ
716 4781 816 4853 ούχ
842 4782 1031 4846 ἁπλῶς
1063 4782 1407 4854 προλαϐοῦσα
1448 4784 1596 4851 λέγει
1623 4786 1655 4856 ή
1690 4785 1810 4840 θεία
1852 4786 2041 4857 Γραιρή
2065 4803 2077 4818 α

422 4865 539 4920 ἀλλ’
579 4864 765 4936 ἐπειδὴ
809 4865 1073 4937 προϊοῦσα
1118 4865 1299 4935 μέλλει
1343 4866 1647 4937 διηγεῖσθαι
1689 4871 1841 4939 ήμῖν,
1874 4871 1955 4923 ὄτι
1985 4872 2081 4925 καὶ

418 4949 533 5014 ζῶα
563 4948 628 5002 ἐκ
660 4949 864 5002 τούτων
900 4948 1008 5001 τῶν
1042 4948 1252 5001 ὑδάτων
1289 4950 1429 5002 κατά
1479 4951 1806 5023 πρόσταγμα
1845 4955 1939 5008 τοῦ
1971 4956 2080 5009 τῶν

417 5032 670 5085 ἀπάντων
697 5030 1029 5102 δημιουργοῦ
1066 5030 1343 5103 παρήχθη,
1378 5031 1466 5085 διά
1499 5034 1659 5088 τοῦτο
1686 5036 1935 5090 ἐντεῦθεν
1977 5038 2079 5108 ήδη

415 5114 655 5167 διδάσκει
672 5114 764 5166 τὸν
793 5113 1092 5184 ἀκροατὴν,
1124 5113 1205 5166 ὅτι
1226 5113 1324 5185 οὐχ
1346 5115 1533 5179 ἁπλῶς
1555 5116 1699 5188 ὕδωρ
1716 5115 1783 5190 ἦν
1805 5121 2076 5189 συνεστὸς,

417 5192 554 5245 ἀλλά
582 5193 916 5262 κινούμενον,
950 5194 1045 5248 καὶ
1066 5193 1370 5265 διατρέχον,
1412 5197 1505 5250 καὶ
1536 5197 1604 5252 τὰ
1638 5198 1815 5254 πάντα
1858 5202 2079 5256 ἐπικλύ-

416 5269 573 5335 ζονα.
610 5270 762 5351 Ἐπεὶ
783 5267 875 5325 οὖν
901 5272 1067 5344 πολλὴ
1095 5275 1425 5346 κατεκέχυτο
1454 5279 1653 5343 παντὸς
1678 5279 1771 5335 τοῦ
1800 5283 2078 5351 ὁρωμένου

417 5354 449 5433 ή
486 5349 755 5433 ἀμορφία,
788 5352 1118 5433 προσέταξεν
1148 5354 1532 5425 ἀριστοτέχνης
1569 5357 1722 5422 Θεὸς,
1756 5349 1851 5413 καί
1878 5349 1946 5414 τά
1978 5363 2077 5433 τῆς

415 5428 693 5511 ἀμορφίας
722 5427 1098 5511 διεσκεδάσθη,
1140 5435 1236 5488 καὶ
1279 5436 1340 5488 τὸ
1369 5436 1562 5501 κάλλος
1593 5438 1752 5492 τοῦτο
1779 5438 1840 5493 τὸ
1871 5427 2079 5511 ἀμήχα-

414 5523 505 5561 νον
536 5504 627 5559 τοῦ
661 5506 838 5575 φωτὸς
866 5507 959 5560 τοῦ
1002 5511 1277 5580 ὁρωμένου
1326 5516 1626 5586 παραχθὲν,
1672 5517 1734 5570 τό
1779 5535 1838 5572 τε
1885 5504 2077 5584 σ’κόξος

479 5607 711 5689 ill-(fligi
730 5608 952 5689 ert.
976 5610 1185 5689 ipntextu
1207 5616 1451 5689 ἐξελόντες.
1477 5618 1597 5689 βεδε.
1617 5626 1668 5668 el
1681 5621 1896 5689 Sayiltin
1920 5638 2072 5687 marg.

415 5668 728 5746 ἐκτέμνοντες.
755 5671 954 5746 (ἶοὶξιίη.
986 5668 1389 5746 ἐξέχοντεςίίιιῖνε
1418 5668 1617 5730 ζοίειὶῖἶι.

415 5735 495 5798 τῆς
513 5732 671 5798 ψυχῆς
687 5732 948 5798 σωτηρίαν,
962 5732 1194 5798 καῖ’κερδ.

475 5792 506 5871 1:
636 5790 871 5871 .valll
890 5796 1092 5871 ,αιξιιιιοι
1274 5800 1625 5871 τεείεειῇἰοτει.
1649 5805 1729 5871 καὶ
1750 5807 1966 5871 ἐδίδασκε
1990 5811 2071 5871 μὲν

415 5852 557 5953 ὒμξιςὲ
593 5851 711 5933 ιιδρε.
737 5865 863 5901 unus
881 5851 1248 5930 ipiéﬁqislinf
1279 5862 1359 5908 καὶ
1379 5851 1625 5912 ἐδίδασκον
1642 5851 1726 5923 τὴν
1747 5851 1915 5916 ἆξέῐᾶῷ.

526 5912 671 5962 κακή.
697 5919 748 5962 et
771 5926 883 5964 mss.
918 5918 1113 5977 plunml
1153 5921 1412 5978 ἐπικλύζον.
1439 5923 1609 5975 Morel.
1635 5928 1890 5982 ἐπιϐλύζον.

526 5935 671 5962 auus.
697 5935 748 5962 τι
771 5935 883 5964 nus.
918 5935 1113 5976 [nummi
1153 5935 1412 5976 emxmmv.
1440 5935 1609 5975 Morel.
1635 5935 1890 5976 ἐπιϐλύζον.

2192 477 2437 549 ἀπήλασε
2472 479 2534 532 τὸ
2574 481 2850 552 αἰσθητὸν,
2891 484 2984 536 καὶ
3008 484 3076 537 τά
3109 484 3287 539 πάντα
3314 487 3630 559 κατηύγασε
3659 488 3711 540 ά.
3747 489 3853 541 Kal

2191 560 2338 628 εἶπε,
2364 567 2549 637 φησὶν,
2576 570 2608 621 ό
2636 569 2799 635 Θεὸς,
2823 571 3140 638 Γενηθήτω
3162 571 3309 642 φῶς,
3329 575 3425 628 καί
3448 575 3682 644 ἐγένετο
3705 573 3852 643 φῶς.

2192 648 2346 714 Εἷπε,
2378 653 2469 706 καί
2494 654 2743 722 ἐγένετο·
2778 656 3050 719 ἐκέλευσε,
3080 660 3181 711 καὶ·
3203 660 3263 714 τὸ
3294 660 3392 731 μὲν
3426 661 3611 725 σκότος
3649 662 3854 729 ἐφυγα-

2189 731 2374 803 δεύθη,
2399 734 2460 786 τὸ
2476 734 2532 786 δὲ
2563 734 2677 804 φῶς
2707 736 2982 808 παρήχθη.
3015 734 3165 801 Εἶδες
3188 738 3415 810 δύναμιν
3439 740 3676 808 ἀφατον;
3714 740 3853 793 Ἀλλ’

2193 811 2241 863 οἱ
2267 814 2331 879 τῇ
2359 811 2533 884 πλάνῃ
2570 815 3097 888 προκατειλημμένοι
3125 817 3187 870 ού
3217 818 3579 888 προσέχοντες
3619 822 3684 890 τῇ
3721 820 3850 872 ἀκο-

2192 896 2382 969 λουθία
2434 899 2541 953 τῶν
2581 901 2912 972 εἰρημένων,
2946 903 3066 956 οὐδὲ
3099 904 3390 969 ἀκούοντες
3436 904 3531 958 τοῦ
3580 905 3855 977 μακαρίου

2188 977 2467 1042 Μωῦσέως
2510 979 2790 1047 λέγοντοςο
2854 982 2950 1034 Ἕν
2986 981 3145 1050 ἀρχῇ
3184 983 3471 1051 ἐποίησεν
3503 988 3534 1039 ό
3579 984 3721 1049 Θεὸς
3749 986 3856 1038 τὸν

2189 1057 2449 1132 οὐρανὸν
2481 1059 2577 1111 καὶ
2611 1057 2725 1125 τὴν
2752 1057 2899 1127 γῆν·
2933 1061 3026 1114 καὶ
3054 1061 3175 1114 τότε
3210 1061 3537 1127 ἐπάγοντος·
3587 1064 3649 1117 Ή
3683 1062 3751 1116 δὲ
3776 1061 3853 1132 γῆ

2187 1128 2266 1200 ἦν
2300 1134 2553 1203 ἀόρατος
2586 1136 2682 1190 καί
2719 1136 2831 1207 [16]
2861 1137 3414 1207 ἀκατασκεύαστος.
3458 1142 3546 1194 διά
3575 1140 3636 1194 τὸ
3677 1128 3858 1211 σκότῳ

2190 1213 2283 1265 καὶ
2305 1216 2416 1276 τοῖς
2444 1214 2597 1268 ὕδασι
2630 1216 2970 1285 κεκαλύφθαι
2990 1234 3003 1247 ·
3035 1218 3175 1272 οῦτω
3202 1220 3312 1289 γάρ
3335 1220 3477 1286 ἔδοξε
3507 1221 3582 1291 τῷ
3604 1220 3855 1291 Δεσπότῃ

2189 1292 2247 1357 ἐξ
2287 1294 2463 1364 ἀρχῆς
2504 1294 2671 1364 αὐτὴν
2703 1299 3045 1366 παραγαγεῖν
3068 1314 3082 1328 ·
3115 1300 3280 1367 φασὶν
3310 1300 3391 1353 ὃτι
3418 1299 3781 1370 προῦπέκειτο
3819 1301 3856 1370 ή

2190 1371 2316 1441 ῦλη,
2344 1374 2434 1426 καὶ
2466 1375 2526 1427 τὸ
2556 1375 2745 1438 σκότος
2784 1376 3131 1447 προϋπῆρχε.
3173 1377 3239 1429 Τί
3288 1378 3491 1449 ταύτης
3531 1378 3631 1447 τῆς
3669 1379 3860 1438 ἀνοίας

2189 1453 2370 1522 χεῖρον
2417 1453 2610 1521 γένοιτ’
2645 1453 2749 1521 av;
2796 1454 3038 1518 Ἀκούεις
3082 1457 3163 1508 ὅτι
3210 1457 3298 1509 Ἐν
3348 1458 3489 1526 ἀρχῇ
3541 1456 3793 1526 ἐποίησεν
3824 1456 3860 1507 ὁ

2188 1529 2323 1593 Θεὸς
2353 1531 2444 1585 τὸν
2472 1532 2698 1601 οὐρανὸν
2728 1534 2819 1586 καὶ
2846 1533 2943 1604 τὴν
2966 1534 3091 1603 γῆν,
3110 1535 3204 1588 καὶ
3231 1536 3313 1588 ὃτι
3340 1535 3398 1599 ἐξ
3418 1536 3518 1588 οὐκ
3538 1535 3703 1588 δντων
3728 1535 3859 1601 ἐγέ-

2189 1625 2310 1662 νετο
2337 1609 2407 1662 τά
2437 1610 2565 1664 ὅντα
2599 1622 2645 1675 ο,
2685 1612 2780 1665 καὶ
2810 1612 2991 1681 λέγεις
3014 1614 3094 1666 ὃτι
3125 1613 3481 1684 προϋπῆρχεν
3517 1615 3550 1682 ή
3579 1612 3710 1681 ὕλης
3744 1614 3859 1665 Kal

2187 1689 2271 1751 τίς
2294 1688 2580 1758 ἀνάσχοιτο
2599 1688 2861 1760 τοσαύτης
2884 1691 3167 1761 παροινίας
3186 1692 3294 1744 τῶν
3316 1691 3440 1746 νοῦν
3469 1692 3697 1759 ἐχόντων
3719 1708 3733 1754 ;
3762 1692 3858 1761 Μὴ

2188 1766 2298 1839 γὰρ
2325 1767 2606 1839 ἄνθρωπός
2633 1771 2781 1823 ἐστιν
2805 1773 2834 1824 ὁ
2854 1770 3219 1841 δημιουργῶν,
3248 1771 3335 1824 ἵνα
3368 1769 3530 1842 δεηθῇ
3557 1786 3700 1831 τινος
3721 1770 3858 1822 ὑπο-

2189 1847 2464 1918 κειμένου,
2520 1848 2614 1900 καὶ
2657 1847 2799 1901 οὕτω
2842 1848 2913 1902 τά
2958 1848 3057 1918 τῆς
3087 1849 3283 1919 τέχνης
3316 1848 3686 1920 ἐπιδείξηται;
3720 1847 3861 1911 Θεός

2189 1928 2358 1990 ἐστιν,
2386 1920 2430 1993 ᾧ
2464 1926 2641 1980 πάντα
2668 1926 2827 1994 εἴκει,
2861 1927 3004 1995 λόγῳ
3047 1928 3143 1980 καὶ
3167 1929 3550 1999 προστάγματι
3588 1926 3856 1996 δημιουρ-

2188 2004 2320 2072 γῶν.
2360 2005 2503 2077 Ὄρα
2542 2005 2671 2076 γὰρ,
2708 2001 2827 2057 εἷπε
2877 2006 3057 2076 μόνον,
3095 2005 3188 2059 καὶ
3216 2007 3469 2078 παρήχθη
3500 2006 3561 2060 τὸ
3596 2004 3732 2075 φῶς,
3757 2007 3856 2058 καί

2189 2082 2547 2153 παρεχώρησε
2596 2082 2655 2136 τὸ
2694 2082 2902 2147 σκότος.
2942 2083 3051 2136 Kal
3094 2083 3442 2153 διεχώρισεν
3469 2087 3500 2137 ό
3535 2083 3676 2148 Θεὸς
3707 2082 3856 2136 ἁνα-

2183 2162 2379 2230 μέσον
2415 2160 2521 2215 τοῦ
2555 2161 2768 2229 φωτὸς,
2815 2163 2912 2215 καὶ
2946 2162 3259 2230 ἀναμέσον
3311 2162 3413 2215 τοῦ
3448 2162 3728 2227 σκότους.
3789 2160 3858 2213 Τί

2189 2242 2326 2302 ἐστι,
2361 2240 2750 2310 Διεχὼρισεν;
2791 2241 3038 2311 Ἐκάστῳ
3069 2242 3202 2295 ἰδίαν
3225 2241 3409 2311 χώραν
3443 2241 3728 2311 ἀπένειμε,
3752 2257 3858 2295 κα-

2187 2318 2448 2388 τάλληλον
2494 2319 2687 2389 καιρὸν
2734 2319 3003 2390 ἀφώρισε.
3046 2321 3155 2374 Kal
3204 2321 3391 2391 ἐπειδὴ
3434 2321 3595 2373 τοῦτο
3635 2320 3856 2389 γέγονε,

2187 2396 2307 2448 τότε
2341 2398 2525 2450 λοιπὸν
2553 2398 2768 2467 ἑκάστῳ
2790 2398 2884 2469 τὴν
2917 2399 3262 2468 ἁρμόζουσαν
3288 2399 3657 2470 προσηγορίαν
3680 2398 3858 2450 ἐπιτί-

2190 2474 2366 2544 θησιν.
2409 2476 2696 2530 Ἐκάλεσε
2728 2476 2858 2547 γὰρ,
2892 2478 3078 2547 φησὶν,
3115 2480 3148 2531 ό
3179 2477 3322 2542 Θεὸς
3355 2477 3423 2530 τὸ
3451 2476 3572 2546 φῶς
3604 2476 3857 2545 ἡμέραν,

2189 2556 2288 2610 καὶ
2309 2556 2375 2609 τὸ
2400 2558 2620 2622 σκότος
2645 2556 2902 2611 ἐκάλεσε
2921 2558 3131 2610 νύκτα.
3152 2554 3303 2620 Εἶδες
3319 2557 3582 2627 διαίρεσιν
3599 2556 3856 2627 ἀρίστην,

2189 2636 2284 2689 καὶ
2307 2636 2665 2705 δημιουργίαν
2694 2635 3013 2707 θαυμαστὴν
3032 2635 3077 2699 ί,
3098 2638 3190 2689 καὶ
3212 2636 3389 2690 πάντα
3413 2636 3572 2704 λόγον
3593 2635 3860 2704 ὑπερϐαί-

2189 2732 2405 2778 νουσαν,
2452 2715 2596 2786 λόγῳ
2635 2716 2782 2785 μόνῳ
2826 2716 2923 2769 καὶ
2965 2716 3302 2786 ἐπιτάγματι
3337 2717 3664 2786 γινομένην;
3704 2710 3860 2778 Εἶδες

2190 2794 2331 2866 πόσῃ
2379 2797 2446 2866 τῇ
2488 2794 2892 2864 συγκαταϐάσει
2938 2797 2966 2849 ὁ
3018 2796 3286 2866 μακάριος
3350 2789 3503 2859 οὗτος
3569 2797 3858 2865 προφήτης

2190 2875 2487 2944 ἐχρήσατο,
2536 2873 2737 2944 μᾶλλον
2775 2873 2832 2927 δὲ
2877 2876 2905 2928 ό
2944 2873 3323 2945 φιλάνθρωπος
3346 2873 3478 2936 Θεὸς
3510 2872 3598 2926 διὰ
3631 2872 3729 2942 τῆς
3759 2871 3859 2924 τοῦ

2190 2952 2472 3022 προφήτου
2507 2950 2752 3021 γλώττης
2794 2952 3065 3006 παιδεύων
3097 2951 3158 3006 τὸ
3196 2952 3305 3005 τῶν
3336 2950 3637 3023 ἀνθρώπων
3675 2951 3857 3018 γένος,

2189 3031 2387 3086 εἰδέναι
2415 3030 2522 3084 τῶν
2551 3032 2849 3103 γινομένων
2875 3032 2974 3103 τὴν
3017 3031 3193 3096 τάξιν,
3221 3033 3316 3085 καὶ
3341 3031 3423 3095 τίς
3451 3033 3479 3085 ὁ
3514 3029 3607 3083 τοῦ
3651 3029 3857 3092 παντὸς

2188 3111 2537 3184 δημιουργὸς,
2568 3112 2660 3166 καὶ
2702 3113 2851 3176 ὅπως
2877 3113 3105 3167 ἕκαστον
3148 3112 3435 3184 παρήχθης
3490 3111 3709 3182 Ἐπειδὴ
3742 3109 3857 3180 γάρ

2189 3192 2271 3246 ἔτι
2303 3191 2652 3261 ἀτελέστερον
2695 3190 2928 3247 διέκειτο
2968 3192 3028 3247 τὸ
3056 3193 3164 3246 τῶν
3198 3192 3500 3263 ἀνθρώπων
3538 3191 3714 3259 γένος,
3757 3191 3859 3243 καὶ

2189 3279 2289 3333 ούκ
2310 3277 2540 3347 ἠδύνατο
2572 3278 2679 3331 τῶν
2718 3277 3068 3351 τελειοτέρων
3100 3279 3338 3333 συνιέναι
3371 3278 3471 3349 τὴν
3501 3275 3855 3347 κατανόησιν,

2188 3356 2277 3410 διὰ
2302 3356 2459 3409 τοῦτο
2492 3356 2629 3429 πρὸς
2658 3356 2755 3428 τὴν
2782 3356 2889 3409 τῶν
2920 3357 3224 3411 ἀκουόντων
3254 3356 3534 3410 ἀσθένειαν
3553 3355 3613 3408 τὸ
3633 3353 3857 3424 Πνεῦμα

2188 3435 2250 3488 τὸ
2297 3436 2450 3504 ἆγιον
2495 3436 2596 3506 τὴν
2639 3436 2732 3489 τοῦ
2780 3437 3058 3509 προφήτου
3112 3435 3355 3505 γλῶτταν
3404 3435 3631 3504 κινῆσαν
3677 3432 3857 3497 οὕτως

2192 3523 2407 3579 ἅπαντα
2435 3524 2565 3595 ἡμῖν
2597 3521 2923 3592 διαλέγεται.
2956 3523 3065 3577 Kal
3091 3524 3178 3577 ἵνα
3220 3524 3395 3595 μάθῃς
3427 3524 3510 3576 ὅτι
3529 3523 3615 3577 διά
3640 3521 3700 3574 τὸ
3723 3522 3855 3574 ἀτε-

2189 3603 2279 3667 λὲς
2304 3604 2402 3673 τῆς
2421 3604 2696 3675 ἡμετέρας
2722 3603 2961 3666 διανοίας
2981 3603 3153 3674 ταύτῃ
3182 3605 3453 3674 ἐχρήσατο
3476 3606 3542 3674 τῇ
3573 3617 3854 3668 συγκατα-

2190 3682 2345 3734 ϐάσει
2376 3682 2477 3751 τῆς
2525 3681 2845 3751 διηγήσεως,
2899 3682 3000 3752 δρα
3035 3681 3125 3734 τὸν
3170 3682 3268 3751 τῆς
3315 3682 3542 3751 βροντῆς
3585 3681 3719 3741 υἱὸν,
3760 3680 3855 3732 ὅτε

2191 3759 2325 3829 πρὸς
2356 3758 2554 3831 ἀρετὴν
2596 3759 2835 3814 ἐπέδωκε
2883 3759 2943 3811 τὸ
2975 3758 3084 3812 τῶν
3118 3758 3419 3829 ἀνθρώπων
3459 3759 3636 3828 γένος,
3665 3758 3854 3811 οὐκέτι

2187 3839 2393 3909 ταύτην
2424 3839 2717 3909 ἐρχόμενον
2760 3840 2861 3909 τὴν
2887 3839 3027 3903 ὁδὸν,
3067 3839 3183 3892 ἀλλ’
3226 3839 3317 3891 ἐπὶ
3360 3838 3459 3905 τὴν
3511 3837 3856 3906 ὑψηλοτέραν

2187 3917 2533 3971 διδασκαλίαν
2564 3917 2767 3987 ἄγοντα
2789 3919 2914 3982 τοὺς
2938 3918 3338 3989 ἀκροωμένους.
3374 3916 3560 3971 Εἰπὼν
3576 3917 3707 3986 γὰρ.
3745 3917 3855 3969 Ἐν

2187 3993 2345 4064 ἀρχῇ
2393 3992 2474 4065 ἦν
2504 3998 2538 4049 ό
2563 3998 2773 4065 Λόγος,
2811 3997 2910 4049 καὶ
2945 3999 2978 4050 ό
3006 3997 3196 4064 Λόγος
3240 3992 3320 4065 ἦν
3349 3995 3501 4064 πρὸς
3538 3996 3645 4047 τὸν
3676 3993 3851 4057 Θεὸν,

2188 4074 2287 4128 καὶ
2319 4074 2465 4141 Θεὸς
2489 4070 2567 4145 ἦν
2591 4078 2624 4129 ό
2649 4076 2857 4145 Λόγος,
2878 4076 3158 4145 ἐπήγαγεν
3174 4091 3189 4106 ο
3215 4070 3327 4129 Ἦν
3356 4074 3424 4128 τὸ
3453 4073 3579 4144 φῶς
3602 4073 3671 4127 τὸ
3700 4075 3853 4139 ἀλη-

2188 4153 2377 4216 θινὸν,
2413 4153 2445 4207 ὸ
2473 4152 2700 4223 φωτίζει
2722 4153 2917 4207 πάντα
2943 4153 3256 4221 ἄνθρωπον
3276 4153 3603 4221 ἐρχόμενον
3629 4154 3717 4216 εἰς
3743 4152 3853 4204 τὸν

2189 4233 2441 4302 κόσμον.
2468 4232 2734 4302 Καθάπερ
2764 4230 2872 4303 γάρ
2897 4232 3128 4285 ἐνταῦθα
3147 4231 3210 4284 τὸ
3239 4232 3357 4299 φῶς
3383 4231 3540 4284 τοῦτο
3571 4230 3632 4283 τὸ
3660 4230 3853 4300 αἰσθη-

2186 4312 2297 4373 τὸν,
2330 4311 2408 4382 τῷ
2439 4311 2818 4383 προστάγματι
2842 4312 2935 4365 τοῦ
2957 4312 3227 4365 Δεσπότου
3259 4310 3557 4382 παραχθέν,
3579 4310 3639 4363 τὸ
3657 4309 3851 4374 σκότος

2185 4390 2345 4445 τοῦτο
2369 4392 2431 4445 τὸ
2459 4390 2734 4461 ὁρώμενον
2764 4390 3082 4460 ἀπέκρυψεν
3102 4405 3116 4421 ·
3141 4389 3283 4443 οὕτω
3307 4390 3400 4443 καὶ
3428 4388 3488 4442 τὸ
3513 4390 3702 4459 νοητὸν
3730 4387 3852 4455 φῶς

2186 4469 2286 4540 τῆς
2312 4468 2521 4539 πλάνης
2549 4468 2610 4522 τὸ
2642 4468 2830 4532 σκότος
2868 4468 3136 4539 ἀπήλασε,
3173 4468 3266 4522 καὶ
3294 4466 3431 4538 πρὸς
3458 4467 3557 4538 τὴν
3589 4465 3849 4537 ἀλήθειαν

2185 4548 2311 4611 τοὺς
2338 4546 2727 4615 πλανωμένους
2760 4544 3188 4618 ἐχειραγὼγησε.

2229 4682 2233 4686 ι
2255 4649 2325 4711 γ’.
2351 4641 2644 4711 Δεξώμεθα
2664 4638 2756 4696 οῦν
2776 4644 2911 4713 μετά
2936 4643 3135 4713 πολλῆς
3177 4644 3275 4713 τῆς
3304 4642 3722 4713 εὐγνωμοσύνης
3777 4642 3848 4695 τὰ

2186 4721 2337 4792 παρὰ
2364 4722 2463 4791 τῆς
2495 4720 2646 4785 θείας
2684 4722 2908 4794 Γραφῆς
2960 4721 3287 4792 διδάγματα,
3349 4723 3445 4777 καὶ
3480 4722 3554 4794 μὴ
3598 4721 3849 4775 ἀντιϐλέ-

2187 4819 2376 4871 πωμεν
2420 4803 2486 4872 τῇ
2539 4800 2768 4872 ἀληθείᾳ
2800 4810 2850 4865 8,
2902 4801 3035 4872 μηδὲ
3066 4802 3144 4873 τῷ
3186 4804 3364 4856 σκότει
3410 4802 3844 4873 παραμένωμεν,

2185 4879 2320 4933 ἀλλά
2346 4879 2482 4950 πρὸς
2509 4879 2571 4932 τὸ
2599 4879 2714 4948 φῶς
2742 4880 3110 4950 ἐπειγώμεθα,
3137 4881 3231 4935 καὶ
3252 4881 3378 4946 ἀξια
3409 4880 3504 4934 τοῦ
3541 4881 3718 4950 φωτὸς
3749 4880 3847 4933 καὶ

2183 4958 2281 5027 τῆς
2316 4957 2529 5028 ἡμέρας
2553 4958 3010 5029 διαπραττώμεθα
3038 4958 3196 5030 ἔργα,
3228 4959 3480 5030 καθάπερ
3505 4959 3601 5013 καὶ
3631 4958 3845 5022 Παῦλος

2186 5038 2439 5107 παραινεῖ
2457 5036 2657 5104 λέγων’
2685 5038 2779 5103 Ὦς
2802 5039 2872 5091 ἐν
2895 5038 3083 5107 ἡμέρᾳ
3108 5039 3499 5108 εὐσχημόνως
3516 5035 3843 5105 περιπατή-

2185 5128 2405 5182 σωμεν,
2442 5115 2537 5168 καὶ
2566 5114 2640 5186 μὴ
2678 5114 3040 5186 ἐργαζώμεθα
3071 5116 3141 5169 τὰ
3162 5116 3298 5188 ἔργα
3325 5115 3419 5168 τοῦ
3454 5117 3699 5177 σκότους.
3730 5116 3843 5168 Kal

2182 5192 2458 5256 ἐκάλεσε,
2495 5195 2677 5264 φησὶν,
2706 5196 2737 5248 ό
2765 5194 2909 5260 Θεὸς
2941 5192 3006 5246 τὸ
3038 5192 3163 5262 φῶς
3196 5192 3442 5265 ἡμέραν,
3477 5192 3574 5246 καί
3605 5191 3670 5245 τὸ
3696 5194 3846 5247 σκόο

2183 5288 2285 5336 τος
2320 5272 2576 5327 ἐκάλεσε
2606 5272 2813 5327 νύκτα.
2863 5271 2999 5325 Ἀλλ’
3040 5272 3068 5325 δ
3103 5271 3301 5343 μικροῦ
3349 5273 3496 5343 ἡμᾶς
3543 5270 3656 5343 [17]
3694 5288 3844 5339 παρ-

2182 5349 2437 5421 έδραμεν,
2477 5353 2771 5419 ἀναγκαῖον
2808 5351 2966 5405 τοῦτο
3002 5352 3359 5406 ἐπαναλαϐεῖν
3396 5350 3575 5404 πάλιν.
3621 5349 3842 5422 Ἐπειδὴ

2181 5429 2290 5500 γὰρ
2315 5427 2454 5492 εἷπε,
2480 5429 2797 5497 Γενηθήτω
2821 5430 2968 5499 φῶς,
2998 5431 3096 5485 καί
3118 5430 3357 5501 ἐγένετο
3385 5429 3531 5500 φῶς,
3554 5430 3801 5499 ἐπήγαγε
3821 5441 3837 5458 ’

2181 5507 2290 5560 Kal
2316 5507 2475 5561 εἶδεν
2515 5511 2547 5561 ό
2576 5507 2720 5574 Θεὸς
2756 5510 2823 5561 τὸ
2853 5508 3002 5578 φῶς,
3032 5509 3120 5562 ὅτι
3170 5508 3379 5563 καλόν.
3413 5508 3524 5563 Θέα
3561 5524 3671 5577 μοι,
3702 5508 3842 5574 ἀγα-

2239 5624 2263 5662 d
2293 5622 2492 5687 Cois_l_in.
2524 5623 2650 5687 male
2682 5625 2966 5687 παρήγαγεν.

2244 5687 2266 5713 °
2290 5684 2487 5733 (Zoislin.
2501 5686 2560 5732 τὰ
2576 5685 2742 5733 πάντα.

2248 5744 2267 5782 τ
2296 5746 2495 5810 Coislin.
2522 5746 2825 5810 δημιουργίαν
2848 5745 3116 5807 θαυμάτων,
3141 5746 3286 5795 male.
3313 5745 3464 5796 Paulo
3494 5749 3600 5805 pnsl
3619 5740 3841 5797 Colbcrl,

2178 5808 2306 5868 λόγῳ
2335 5808 2474 5868 μόνον
2500 5809 2579 5855 καὶ
2603 5808 2896 5868 ἐπιτάγματι.

2242 5862 2442 5936 κεδνῇ.
2473 5888 2484 5915 :
2532 5887 2555 5909 ‹‹
2581 5862 2919 5936 ﬁam-ﬂisz
2961 5879 3057 5916 non
3113 5868 3270 5919 semel
3305 5867 3429 5929 apud
3472 5862 3722 5926 Polybium
3760 5865 3837 5912 est

2178 5930 2464 5983 ἀντιστῆναι,
2493 5930 2731 5979 νεεὶδιινριιι.
2772 5946 2789 5978 ι
