4144 6454
483 368 554 425 3'5

485 478 839 545 desiderium,
859 479 1138 550 etvigilem
1169 488 1426 548 mentem,
1456 488 1579 536 tunc
1607 491 1661 537 et
1683 483 1905 553 gratiam
1928 498 2079 538 suam

485 573 797 643 opulentam
840 571 1116 628 liberalius
1142 573 1379 642 largitur.
1413 574 1751 631 Abducamus
1783 575 1942 647 igitur
1982 592 2083 633 nos

486 663 554 718 ah
596 663 849 717 omnibus
880 662 1037 733 hujus
1061 663 1180 718 vita:
1223 664 1387 730 curis,
1417 672 1471 720 et
1501 666 1721 721 resectis
1758 666 1823 720 iis
1849 681 1966 736 qure
1992 682 2080 722 co-

487 755 775 825 gitationes
818 764 1028 809 nostras
1057 755 1199 809 velut
1225 756 1391 827 Spina:
1413 756 1710 824 sutl'ocant,
1736 757 1804 813 ad
1834 758 2083 829 spiritua-

493 849 622 901 lium
670 846 995 902 desiderium
1043 856 1275 902 meutem
1314 857 1551 904 nostram
1584 857 1752 905 totam
1788 850 2081 906 transfera—

491 954 631 1006 mus,
685 949 743 993 ut
790 953 983 1008 magno
1005 938 1128 992 inde
1171 939 1641 1008 reportatoluero,
1669 948 1724 996 et
1750 940 1948 1013 ingenti
1979 942 2081 997 uti-

491 1033 636 1086 litate
658 1038 925 1100 percepta,
983 1030 1055 1083 ita
1093 1028 1217 1083 hinc
1244 1030 1578 1087 recedamus.
1609 1030 1874 1086 Caeterum
1901 1042 1958 1088 ut
1981 1048 2073 1088 voc

492 1122 573 1176 bis
604 1120 935 1176 manifestior
975 1121 1046 1175 sit
1072 1135 1268 1189 sermo,
1299 1135 1462 1191 pauca
1490 1122 1733 1193 qutedam
1761 1138 1825 1178 ex
1871 1123 2080 1179 hester-

489 1215 573 1269 nis
613 1214 769 1269 dietis
796 1214 849 1266 in
879 1212 1191 1267 memoriam
1226 1213 1435 1268 caritati
1463 1224 1654 1269 vestra:
1676 1215 1989 1281 referemus,
2023 1224 2081 1270 ut

486 1307 567 1362 sic
594 1307 660 1361 iis
686 1321 806 1377 quae
830 1305 944 1360 heri
981 1304 1123 1360 dicta
1151 1313 1298 1371 sunt,
1349 1306 1462 1361 hazc
1490 1320 1631 1360 nunc
1658 1305 1883 1362 dicenda
1925 1307 2078 1378 qu-isi

488 1399 543 1453 in
572 1413 734 1452 unum
774 1412 968 1466 corpus
990 1396 1398 1468 conjungamus.
1417 1396 1760 1453 Ostendimus
1780 1399 1921 1453 enim
1939 1398 2072 1467 heri,

487 1503 544 1545 ut
568 1491 907 1555 meministis,
936 1489 1205 1560 quomodo
1233 1490 1419 1544 beatus
1436 1489 1608 1545 Moses
1635 1505 1893 1545 enarrans
1923 1492 2078 1547 nobis

490 1587 680 1641 horum
728 1581 1015 1637 visibilium
1070 1580 1453 1636 elementorum
1483 1581 1807 1636 creationem
1844 1590 1899 1637 et
1925 1580 2079 1653 Opili-

484 1680 648 1745 cium,
670 1674 865 1731 dixerit
893 1692 906 1729 :
934 1673 1000 1728 In
1017 1673 1267 1746 principio
1288 1674 1403 1746 fecit
1431 1671 1568 1728 Deus
1587 1673 1767 1728 etclam
1787 1684 1831 1728 et
1853 1684 2076 1731 terram:

484 1782 620 1828 terra
646 1778 815 1825 autem
851 1778 955 1822 erat
980 1768 1242 1823 invisibilis
1268 1777 1315 1821 et
1345 1768 1715 1839 incomposita:
1749 1780 1803 1825 et
1826 1784 1918 1826 vos
1948 1784 2075 1825 cau-

485 1878 601 1921 sam
639 1860 940 1927 docuimus,
964 1875 1130 1930 quare
1157 1858 1299 1915 Deus
1326 1867 1521 1915 terram
1546 1858 1851 1927 informem,
1883 1870 1937 1914 et
1959 1861 2078 1914 nul-

484 1956 551 2011 lis
595 1953 777 2026 iiguris
798 1953 1085 2023 expolitam
1124 1952 1422 2018 creaverit;
1468 1966 1607 2022 quae,
1656 1954 1871 2023 opinor,
1894 1954 2072 2009 omnia

484 2055 662 2102 mente
692 2045 887 2101 tenetis
919 2062 933 2098 :
962 2044 1324 2100 necessarium
1355 2052 1440 2098 est
1468 2044 1629 2114 igitur
1651 2058 1748 2099 nos
1772 2043 1838 2099 ad
1870 2057 1932 2099 ea
1953 2059 2074 2115 qua:

481 2146 776 2210 sequuntur
802 2136 960 2193 hodie
981 2136 1249 2209 progredi.
1276 2136 1409 2192 Nam
1439 2143 1718 2207 postquam
1740 2134 1893 2202 dixit,
1914 2133 2075 2191 Terra

479 2243 647 2286 autem
686 2239 794 2285 erat
818 2230 1082 2285 invisibilis
1105 2245 1165 2284 ac
1193 2229 1542 2300 incomposita,
1574 2243 1673 2283 nos
1701 2237 1949 2283 accurate
1975 2226 2071 2282 do-

481 2335 585 2391 cet,
633 2324 774 2380 unde
801 2322 1084 2378 invisibilis
1121 2329 1267 2378 esset
1295 2329 1349 2377 et
1378 2321 1598 2388 inculta,
1627 2320 1811 2376 dicens
1840 2336 1856 2372 :
1888 2318 1956 2374 Et
1999 2328 2073 2375 te-

482 2417 649 2472 nebrae
687 2424 830 2472 erant
863 2432 1016 2486 super
1043 2415 1305 2486 abyssum,
1330 2423 1389 2468 et
1406 2414 1636 2485 Spiritus
1662 2413 1757 2467 Dei
1785 2417 2069 2486 superfere-

482 2513 630 2564 batur
653 2524 802 2579 super
826 2523 1030 2579 aquam.
1066 2506 1198 2562 Vide
1216 2505 1324 2572 hic,
1369 2520 1527 2576 quam
1545 2505 1677 2561 nihil
1698 2505 1951 2576 superﬂui
1978 2506 2075 2561 ad-

482 2601 707 2655 misceat
743 2599 930 2653 beatus
987 2596 1271 2669 propheta,
1325 2605 1379 2652 et
1423 2596 1692 2667 quomodo
1736 2611 1841 2651 non
1893 2597 2070 2651 omnia

483 2688 834 2759 particulatim
865 2694 1067 2752 narret,
1095 2700 1215 2757 quae
1243 2694 1421 2741 creata
1443 2695 1586 2754 sunt,
1610 2685 1705 2741 sed
1725 2700 1847 2740 cum
1868 2686 2069 2741 docue-

482 2782 551 2837 rit
575 2798 672 2837 nos
696 2781 764 2836 de
790 2781 925 2837 cazlo
950 2791 999 2836 et
1027 2791 1189 2849 terra,
1218 2795 1336 2850 qua:
1363 2779 1588 2850 plurima
1620 2779 1673 2833 in
1705 2796 1764 2835 se
1794 2780 2072 2835 continent

480 2873 774 2938 elementa,
807 2870 1181 2941 praetermittat
1219 2870 1343 2925 alia.
1373 2869 1504 2923 Nam
1534 2885 1656 2924 cum
1697 2868 1765 2924 de
1811 2884 2068 2938 aquarum

479 2963 691 3034 opificio
717 2962 973 3018 nihildum
999 2962 1240 3027 dixisset,
1263 2962 1338 3016 ait
1365 2980 1378 3016 :
1408 2961 1475 3015 Et
1506 2962 1722 3016 tenebrat
1745 2970 1889 3016 erant
1918 2977 2071 3033 super

479 3058 736 3131 abyssum,
767 3065 812 3110 et
848 3054 1073 3126 Spiritus
1106 3054 1205 3110 Dei
1250 3055 1655 3127 superferebatur
1680 3073 1834 3127 super
1860 3072 2063 3121 aquam.

481 3148 605 3203 llaec
630 3148 771 3203 enim
801 3147 1051 3218 tegebant
1076 3147 1264 3204 faciem
1296 3155 1488 3215 terrae;
1512 3146 1579 3204 de
1611 3147 1847 3203 tenebris
1878 3148 2069 3218 loquor

477 3252 531 3294 et
559 3240 750 3312 abysso
779 3246 1060 3310 aquarum.
1084 3238 1221 3294 Hinc
1245 3239 1547 3306 didicimus,
1571 3256 1730 3295 omne
1754 3239 1894 3310 quod
1921 3239 2072 3296 vide-

478 3331 635 3385 batur
666 3330 827 3385 fuisse
854 3329 1109 3402 abyssum
1144 3345 1401 3400 aquarum
1451 3331 1688 3385 tenebris
1723 3331 1980 3396 velatam,
2015 3339 2070 3385 et

476 3436 612 3490 opus
651 3420 899 3477 habuisse
919 3421 1160 3491 sapiente
1187 3420 1407 3491 Opifice,
1439 3420 1531 3492 qui
1566 3435 1780 3476 omnem
1808 3419 1945 3476 hanc
1980 3419 2066 3475 in-

479 3513 802 3569 formitatem
831 3512 1097 3569 discutere
1121 3554 1138 3579 ,
1165 3520 1221 3567 et
1248 3521 1495 3567 ornatum
1526 3513 1757 3581 aliquem
1803 3511 1859 3566 in
1887 3510 2066 3566 omnia

478 3612 659 3669 posset
679 3602 949 3659 inducere.
971 3603 1037 3658 Et
1066 3604 1298 3666 tenebrae,
1330 3601 1523 3672 inquit,
1552 3618 1705 3672 super
1729 3601 1986 3672 abyssum,
2018 3610 2066 3655 et

479 3695 703 3763 Spiritus
755 3693 855 3749 Dei
895 3694 1298 3766 superferebatur
1332 3710 1484 3764 super
1527 3709 1731 3764 aquam.
1781 3690 1919 3760 Quid
1964 3691 2064 3748 sibi

478 3784 590 3837 vult
626 3782 767 3855 quod
798 3783 964 3838 dicit:
998 3782 1064 3836 Et
1105 3783 1329 3854 Spiritus
1367 3781 1462 3837 Dei
1482 3782 1894 3854 superferebatur
1915 3798 2067 3853 super

476 3875 693 3946 aquam?
717 3874 844 3930 Mihi
872 3874 1081 3930 videtur
1112 3875 1213 3928 hoc
1239 3872 1536 3944 significare
1556 3915 1572 3939 ,
1625 3875 1788 3929 fuisse
1818 3872 1873 3927 in
1913 3872 2067 3943 aquis

478 3967 749 4022 efﬁcacem
767 3966 1049 4038 quamdam
1075 3974 1123 4021 et
1148 3967 1361 4021 vitalem
1378 3966 1764 4036 operationem,
1781 3982 1882 4023 nec
1900 3964 2066 4022 fuisse

477 4059 788 4130 simpliciter
815 4072 1007 4129 aquam
1037 4066 1267 4115 stantem
1297 4066 1352 4114 et
1383 4057 1736 4125 immobilem,
1764 4057 1859 4112 sed
1888 4058 2063 4113 mobi-

478 4152 614 4218 lem,
646 4161 699 4204 et
739 4149 954 4206 vitalem
984 4149 1264 4220 quamdam
1298 4150 1402 4204 vim
1433 4148 1733 4205 habentem.
1758 4147 1892 4203 Nam
1921 4147 2064 4220 quod

478 4243 773 4311 immobile,
798 4243 1018 4299 omnino
1054 4243 1241 4299 inutile
1267 4252 1378 4311 est;
1428 4244 1571 4314 quod
1619 4258 1747 4299 vero
1788 4251 2061 4309 movetur,

474 4336 544 4392 ad
575 4337 738 4392 multa
766 4336 1034 4393 conducit.

545 4428 601 4482 2.
644 4425 713 4483 Ut
742 4426 901 4497 igitur
917 4425 1134 4482 doceret
1159 4441 1258 4482 nos
1271 4426 1459 4483 beatus
1476 4426 1568 4482 ille
1595 4426 1850 4498 propheta
1870 4442 2061 4497 aquam

475 4521 619 4574 illam
655 4533 898 4588 magnam
942 4527 998 4573 et
1042 4516 1362 4573 ineﬂ‘abilem
1406 4518 1601 4574 habere
1632 4519 1739 4574 vim
1776 4517 2062 4588 quamdam

472 4609 712 4675 vitalem,
752 4607 922 4664 dicit:
962 4607 1026 4662 Et
1057 4607 1282 4678 Spiritus
1324 4607 1417 4663 Dei
1453 4610 1863 4681 superferebatur
1907 4624 2065 4678 super

474 4715 680 4770 aquam.
735 4698 901 4768 idque
946 4714 1053 4753 non
1102 4698 1303 4769 absque
1332 4699 1540 4754 ratione
1566 4699 1842 4767 Scriptura
1883 4699 2062 4754 divina

472 4791 852 4866 prmveniendo
899 4791 1063 4859 dicit;
1105 4791 1202 4847 sed
1232 4807 1298 4847 eo
1344 4791 1487 4863 quod
1516 4802 1700 4863 postea
1743 4792 1949 4847 dictura
1993 4792 2063 4848 sit

472 4886 629 4941 nobis
679 4885 927 4940 animalia
957 4899 1023 4940 ex
1050 4885 1203 4955 aquis
1233 4884 1350 4940 istis
1382 4900 1449 4940 ex
1489 4896 1760 4956 prmeepto
1808 4886 1900 4939 Dei
1946 4899 2063 4940 om-

474 4976 619 5028 nium
649 4974 942 5029 conditoris
963 4974 1218 5044 producta
1246 4973 1429 5042 fuisse,
1455 4986 1737 5046 propterea
1764 4976 2060 5031 auditorem

474 5066 561 5120 hic
591 5080 731 5119 nunc
760 5066 919 5120 docet
942 5080 1046 5121 non
1075 5067 1191 5121 sine
1214 5080 1374 5123 causa
1401 5080 1591 5138 aquam
1624 5067 1769 5122 illam
1793 5069 2065 5125 constitis-

472 5172 555 5223 se,
578 5154 673 5211 sed
696 5164 753 5210 ut
778 5166 1104 5224 moveretur,
1133 5157 1476 5225 discurreret,
1506 5167 1562 5214 et
1607 5159 1787 5213 omnia
1813 5159 2057 5214 allueret.

471 5248 912 5319 Quandoquidem
958 5248 1114 5321 igitur
1163 5250 1353 5306 diii'usa
1420 5259 1537 5307 erat
1587 5267 1777 5324 magna
1823 5252 2058 5308 universi
2087 5300 2122 5320 ,λ

472 5339 694 5396 visibilis
723 5339 1045 5407 informitas,
1073 5352 1341 5412 prmcepto
1368 5358 1466 5398 suo
1496 5343 1666 5411 Deus,
1709 5345 1943 5414 optimus
1974 5346 2063 5401 ille
2092 5333 2129 5370 λ

470 5432 681 5499 artifex,
705 5433 1097 5489 deformitatem
1127 5434 1270 5490 illam
1292 5435 1515 5506 depulit,
1557 5445 1611 5493 et
1635 5436 1896 5492 immensa
1925 5438 2058 5494 lucis

471 5526 695 5582 visibilis
721 5524 1061 5596 pulchritudo
1095 5526 1349 5596 producta
1379 5527 1628 5583 tenebras
1655 5528 1854 5598 fugavit
1875 5529 2049 5585 sensi-

472 5617 627 5684 biles,
667 5617 1057 5688 illustravitque
1077 5618 1277 5673 omnia.
1308 5619 1360 5673 3.
1399 5617 1463 5672 Et
1493 5619 1645 5686 dixit,
1675 5621 1865 5690 inquit,
1900 5620 2059 5689 Deus,

467 5713 561 5783 ﬁat
581 5713 708 5775 lux;
739 5721 786 5766 et
822 5715 958 5782 facta
980 5720 1052 5766 est
1080 5712 1188 5766 lux.
1222 5711 1390 5776 Dixit,
1419 5721 1474 5768 et
1517 5710 1655 5769 facta
1680 5722 1764 5769 est
1795 5730 1808 5767 :
1839 5714 2061 5769 manda-

469 5806 565 5876 vit,
597 5815 650 5861 et
677 5804 912 5861 tenebrae
940 5802 1154 5874 quidem
1185 5801 1376 5875 iugatae
1426 5810 1570 5875 sunt,
1596 5803 1686 5860 lux
1715 5813 1894 5861 autem
1926 5821 2056 5876 pro-

1618 371 1682 426 IN
1721 371 1874 428 CAP.
1916 371 1959 428 l.
1999 370 2250 428 GENEF.
2287 371 2516 430 llOMlL.
2559 372 2644 429 Ill.

3710 388 3779 443 ξπ

2190 484 2368 540 ducta.
2414 484 2575 541 Vides
2619 483 2942 541 ineffabilem
2986 488 3317 559 potentiam?
3348 490 3546 548 Verum
3575 496 3662 564 qui
3692 511 3782 549 er-

2189 590 2310 631 rore
2337 577 2693 647 praeoccupati
2715 586 2857 642 sunt,
2880 594 2983 631 non
3004 579 3342 636 attendentes
3362 582 3624 638 dictorum
3653 599 3754 639 eoa
3769 617 3783 625 -

2187 667 2547 736 sequentium,
2596 683 2770 738 neque
2796 669 3072 727 audientes
3096 669 3311 728 beatqu
3355 674 3557 730 Mosem
3598 676 3781 731 dicen-

2189 765 2296 813 tem
2328 776 2342 811 :
2374 757 2443 813 In
2490 760 2740 830 principio
2792 764 2911 832 fecit
2958 762 3097 820 Deus
3144 767 3327 822 ctutum
3377 779 3425 824 et
3478 779 3702 840 terram;
3729 782 3784 828 et

2186 863 2310 904 mox
2336 850 2652 908 subdentem
2678 870 2692 907 :
2726 853 2885 909 Terra
2910 867 3076 911 autem
3098 867 3204 912 erat
3226 859 3488 916 invisibilis
3514 872 3559 917 et
3587 864 3782 918 incom-

2188 941 2373 1008 posita,
2417 958 2483 998 eo
2523 944 2664 1014 quod
2689 946 2924 1002 tenebris
2952 959 3007 1004 et
3047 952 3200 1021 aquis
3215 960 3381 1007 °esset
3407 953 3652 1024 obtecta;
3698 957 3777 1011 sic

2185 1031 2327 1086 enim
2355 1033 2524 1088 visum
2548 1033 2649 1090 fuit
2677 1037 2901 1094 Domino
2921 1038 2989 1095 ab
3017 1039 3167 1097 initio
3184 1056 3301 1097 eam
3330 1045 3662 1112 producere:
3690 1047 3781 1103 di-

2185 1134 2313 1178 cunt
2351 1132 2507 1181 antea
2533 1126 2696 1183 fuisse
2729 1128 3022 1199 subjectam
3070 1133 3348 1188 materiam
3371 1175 3385 1201 ,
3438 1145 3493 1190 et
3531 1136 3780 1192 tenebras

2186 1217 2586 1283 prmexstitisse.
2618 1217 2756 1285 Quid
2778 1218 2879 1276 hac
2912 1224 3145 1277 amentia
3175 1222 3370 1294 pejus?
3396 1224 3564 1281 Audis
3614 1226 3779 1282 Deum

2183 1304 2237 1359 in
2274 1307 2534 1378 principio
2565 1308 2758 1366 fecisse
2791 1311 2979 1367 caelum
3037 1320 3092 1368 et
3121 1321 3355 1383 terram,
3399 1323 3454 1370 et
3490 1331 3557 1372 ex
3605 1315 3778 1381 nihilo

2183 1411 2300 1466 qua:
2321 1408 2446 1454 sunt
2476 1398 2613 1456 facta
2644 1402 2836 1469 fuisse,
2866 1413 2921 1459 et
2948 1405 3081 1460 dicis
3109 1407 3256 1478 prius
3302 1408 3574 1465 exstitisse
3602 1421 3773 1467 mate-

2183 1490 2355 1545 riam?
2383 1491 2513 1560 Quis
2539 1508 2729 1549 eorum
2757 1496 2847 1566 qui
2899 1507 3135 1553 mentem
3165 1498 3394 1565 habent,
3424 1508 3622 1557 tantam
3666 1502 3776 1558 fer-

2182 1589 2265 1636 ret
2288 1582 2581 1639 insaniam?
2602 1586 2880 1662 Numquid
2904 1588 3065 1645 homo
3092 1596 3175 1644 est
3200 1588 3386 1661 Opifex
3412 1590 3525 1659 ille,
3559 1604 3617 1647 ut
3642 1609 3778 1664 opus

2183 1670 2378 1728 habeat
2399 1673 2641 1745 subjecto
2682 1677 2863 1746 aliquo
2889 1676 2958 1733 ad
2985 1677 3454 1736 demonstrandam
3498 1697 3649 1737 suam
3689 1699 3778 1739 ar—

2185 1762 2336 1818 tem?
2363 1765 2506 1821 Deus
2531 1775 2614 1821 est
2640 1768 2726 1822 cui
2755 1768 2935 1824 omnia
2965 1769 3182 1835 cedunt,
3212 1771 3301 1842 qui
3330 1772 3494 1829 verbo
3538 1785 3596 1830 et
3637 1792 3778 1846 pra:-

2180 1864 2335 1925 cepto
2360 1871 2459 1912 suo
2484 1858 2664 1913 omnia
2685 1858 2942 1915 condidit.
2970 1861 3203 1918 Attende
3228 1863 3371 1917 enim
3397 1882 3410 1917 :
3438 1863 3567 1919 dicit
3583 1866 3778 1936 solum,

2180 1955 2233 1999 et
2263 1944 2519 2015 producta
2544 1957 2627 2004 est
2666 1948 2755 2004 lux
2774 1989 2790 2018 ,
2822 1956 2879 2005 et
2910 1950 3289 2008 abscesserunt
3337 1954 3593 2010 tenebrm.
3620 1957 3673 2012 4.
3706 1956 3776 2012 Et

2180 2038 2410 2092 distinxit
2437 2038 2577 2095 Deus
2610 2043 2741 2096 inter
2779 2042 2941 2097 lucem
2971 2051 3019 2097 et
3056 2044 3189 2099 inter
3229 2046 3479 2100 tenebras.
3508 2046 3645 2114 Quid
3672 2059 3778 2119 est,

2179 2129 2469 2186 Distinxit?
2495 2132 2790 2204 Unicuique
2817 2135 2992 2190 locum
3021 2138 3292 2206 proprium
3321 2138 3613 2207 distribuit,
3645 2156 3779 2195 con-

2179 2238 2481 2295 grucnsque
2509 2234 2722 2295 tempus
2741 2225 3002 2281 dctinivit.
3037 2227 3105 2281 Et
3132 2237 3411 2297 postquam
3443 2228 3547 2284 hoc
3577 2228 3773 2286 factum

2179 2324 2283 2383 est,
2316 2324 2440 2369 tunc
2463 2330 2617 2370 suum
2669 2316 2863 2387 cuique
2887 2317 3205 2372 vocabulum
3236 2318 3445 2372 indidit.
3476 2319 3528 2374 5.
3568 2318 3779 2374 Vocavit

2177 2406 2344 2471 enim,
2375 2405 2582 2476 inquit,
2632 2405 2771 2463 Deus
2815 2408 2976 2461 lucent
3008 2407 3141 2462 diem
3183 2425 3196 2461 :
3234 2417 3283 2463 et
3318 2409 3546 2466 tenebras
3584 2414 3778 2466 vocavit

2178 2506 2391 2551 noctem.
2422 2496 2887 2568 VidistiOptimam
2918 2498 3316 2556 distinctionem
3337 2542 3354 2571 ,
3385 2510 3441 2558 et
3465 2501 3777 2560 admirabile

2177 2589 2470 2660 opiﬁcium,
2517 2591 2661 2662 quod
2699 2606 2914 2647 omnem
2951 2594 3215 2649 rationem
3258 2596 3624 2663 transcendit,
3667 2613 3775 2653 uno

2179 2681 2345 2737 verbo
2389 2693 2445 2738 et
2491 2693 2757 2753 praecepto
2785 2681 3025 2738 factum?
3053 2684 3241 2741 Vidisti
3288 2696 3547 2757 quantum
3584 2705 3643 2744 se
3670 2707 3775 2743 nn.

2176 2781 2409 2827 strorum
2426 2773 2759 2845 ingeniorum
2777 2775 3022 2844 parvitati
3036 2784 3197 2832 attem
3205 2791 3329 2846 pera
3338 2778 3476 2832 verit
3489 2778 3673 2833 beatus
3689 2779 3778 2835 ille

2176 2864 2456 2935 propheta,
2486 2865 2594 2920 imo
2617 2865 2878 2936 benignus
2930 2866 3070 2922 Deus
3109 2882 3204 2937 per
3230 2869 3505 2937 proiihetze
3536 2870 3768 2941 linguam

2175 2955 2470 3012 erudiendo
2496 2971 2656 3012 omne
2682 2956 2959 3012 hominum
2982 2973 3170 3029 genus,
3200 2964 3256 3013 ut
3289 2960 3421 3015 sciat
3446 2976 3632 3015 eorum
3655 2978 3775 3034 qua:

2177 3044 2316 3101 facta
2342 3054 2467 3101 sunt
2496 3047 2759 3115 ordinem,
2790 3049 2909 3118 quis
2938 3049 3173 3106 universi
3221 3051 3294 3107 sit
3331 3052 3529 3124 opifex,
3563 3063 3618 3109 et
3642 3071 3776 3125 quo-

2176 3137 2338 3193 modo
2381 3137 2801 3210 unumquodque
2830 3139 3149 3209 productum
3197 3140 3300 3197 sit?
3326 3142 3588 3210 Quoniam
3627 3146 3770 3200 enim

2175 3229 2348 3285 adhuc
2370 3230 2689 3286 imbecillius
2718 3240 2839 3286 erat
2865 3231 3153 3288 humanum
3182 3249 3370 3304 genus,
3385 3250 3543 3307 quam
3567 3246 3623 3292 ut
3651 3254 3775 3308 per-

2176 3319 2398 3376 fectiora
2428 3337 2623 3392 capere
2650 3333 2866 3393 posset;
2899 3335 3178 3395 propterea
3209 3340 3308 3396 pro
3334 3327 3638 3384 auditorum
3663 3331 3764 3385 im-

2175 3410 2465 3468 becillitate
2483 3414 2759 3484 propheta:
2785 3415 3020 3486 linguam
3050 3432 3272 3472 movens
3287 3415 3525 3487 Spiritus
3551 3434 3771 3479 sanetus

2175 3503 2229 3559 in
2284 3503 2426 3558 hunc
2473 3505 2687 3560 modum
2717 3505 2872 3561 nobis
2901 3506 3080 3562 omnia
3106 3506 3457 3564 edisserebat.
3490 3511 3555 3564 Et
3595 3521 3653 3567 ut
3691 3513 3773 3569 di-
3871 3561 3874 3563 λ

2173 3608 2293 3651 scas
2320 3596 2465 3650 illum
2496 3596 2566 3651 ob
2586 3597 2779 3652 mentis
2809 3606 3009 3653 nostra:
3036 3597 3452 3655 imbecillitatem
3474 3601 3581 3658 hoc
3608 3618 3764 3659 enar-

2175 3686 2417 3741 rationis-
2447 3696 2868 3759 temperamento
2913 3688 3077 3745 fuisse
3122 3704 3301 3760 usum,
3349 3691 3474 3748 vide
3501 3695 3773 3764 quomodo

2175 3778 2393 3834 tonitrui
2424 3779 2583 3848 filius,
2615 3796 2735 3834 eum
2760 3780 2868 3856 jam
2902 3779 3175 3836 hominum
3211 3797 3378 3853 genus
3407 3784 3472 3838 ad
3521 3786 3768 3842 virtutem

2184 3870 2521 3940 profecisset,
2550 3887 2656 3926 non
2673 3870 2782 3941 jam
2805 3870 2906 3928 hac
2934 3872 3020 3926 via
3047 3872 3393 3943 ingrediatur,
3425 3876 3519 3930 sed
3557 3876 3610 3932 in
3638 3877 3769 3934 sub-

2178 3962 2439 4017 limiorem
2473 3961 2828 4017 eruditionem
2880 3962 3178 4019 auditorem
3222 3965 3502 4021 subducat.
3545 3967 3677 4023 Nam
3715 3979 3773 4025 ut

2173 4054 2305 4110 dixit
2337 4072 2350 4108 :
2387 4054 2453 4108 In
2484 4055 2734 4124 principio
2763 4063 2869 4108 erat
2909 4053 3145 4123 Verbum,
3168 4064 3215 4109 et
3268 4057 3481 4112 Verbum
3506 4069 3613 4112 erat
3631 4063 3771 4131 apud

2173 4144 2358 4212 Deum,
2382 4155 2427 4201 et
2448 4144 2588 4200 Deus
2614 4156 2719 4200 erat
2744 4144 2959 4200 Verbum
2979 4145 3158 4220 (Joan.
3185 4149 3235 4202 Ι.
3263 4150 3336 4217 l);
3355 4164 3481 4203 mox
3512 4150 3729 4219 subiicit
3753 4172 3765 4207 :

2173 4238 2300 4293 Erat
2325 4240 2416 4294 tua:
2455 4254 2596 4307 vera,
2623 4255 2734 4311 qua:
2760 4238 3019 4292 illuminat
3045 4255 3245 4295 omnem
3281 4242 3535 4297 hominem
3563 4246 3770 4299 venien-

2174 4341 2274 4386 tem
2300 4330 2617 4385 inmundum
2647 4328 2814 4404 (Ibid.
2842 4347 2889 4385 v.
2919 4329 2998 4401 9).
3029 4330 3161 4390 Nam
3183 4333 3633 4402 quemadmodum
3666 4336 3766 4391 hoc

2173 4423 2292 4478 loco
2332 4423 2421 4477 lux
2453 4423 2554 4477 ista
2599 4418 2869 4476 sensibilis
2911 4431 3185 4493 praecepto
3233 4425 3445 4480 Domini
3484 4427 3763 4498 producta,

2176 4514 2428 4571 tenebras
2457 4514 2579 4568 illas
2606 4512 2839 4568 visibiles
2865 4513 3145 4569 abscondit
3171 4533 3183 4569 :
3207 4516 3284 4571 sic
3310 4525 3364 4571 et
3398 4516 3488 4571 lux
3524 4521 3769 4576 mentalis

2174 4605 2424 4662 tenebras
2448 4619 2693 4660 errorum
2717 4603 2990 4676 eli'ugavit,
3024 4613 3077 4661 et
3102 4606 3169 4662 ad
3198 4609 3475 4663 veritatem
3505 4609 3770 4665 errabun.

2171 4699 2270 4756 dos
2295 4699 2629 4754 manuduxit.

2241 4792 2294 4846 '5.
2327 4789 2689 4861 Suscipiamus
2716 4806 2843 4861 ergo
2866 4788 3167 4860 gratissimo
3195 4788 3374 4844 animo
3394 4788 3483 4844 illa
3510 4804 3539 4842 a
3567 4789 3761 4845 divinis

2171 4882 2462 4952 Scripturis
2509 4882 2867 4946 documenta,
2915 4886 3066 4934 etne
3118 4879 3467 4933 adversentur
3511 4879 3723 4933 veritati
3751 4921 3765 4945 ,

2172 4990 2348 5046 neque
2377 4973 2429 5028 in
2461 4974 2695 5029 tenebris
2727 4985 3039 5028 maneamus
3072 4986 3085 5022 :
3115 4969 3209 5025 sed
3249 4970 3314 5023 ad
3365 4970 3538 5024 lucem
3571 4985 3765 5040 prope-

2169 5080 2370 5133 remus,
2399 5077 2789 5135 operemurque
2814 5062 2971 5134 digna
2994 5062 3113 5117 luce
3128 5070 3182 5115 et
3200 5060 3309 5125 die,
3333 5059 3472 5114 sicut
3498 5068 3553 5114 et
3572 5059 3766 5116 Paulus

2171 5161 2456 5227 admouet,
2497 5156 2683 5213 dicens
2734 5174 2748 5210 :
2800 5156 2946 5210 Sicut
2991 5155 3043 5208 in
3084 5154 3166 5207 die
3206 5153 3412 5205 honeste
3453 5150 3766 5206 ambulemus

2171 5254 2347 5326 (Rom.
2380 5253 2476 5308 l3.
2499 5250 2611 5322 l3),
2639 5260 2693 5305 et
2719 5264 2785 5304 ne
2810 5259 3093 5317 eperemur
3118 5258 3277 5314 opera
3303 5242 3666 5298 tenebrarum.
3699 5241 3767 5297 Et

2170 5347 2385 5415 vocavit,
2440 5343 2649 5415 inquit,
2694 5340 2829 5395 Deus
2857 5340 3016 5394 lucem
3059 5337 3224 5401 diem,
3256 5345 3301 5391 et
3330 5337 3557 5391 tenebras
3577 5337 3766 5391 vocavit

2171 5447 2386 5493 noctem.
2419 5434 2523 5490 Sed
2550 5431 2693 5504 quod
2718 5428 2883 5485 ferme
2906 5442 3005 5483 nos
3027 5427 3376 5497 praeterierat,
3400 5425 3762 5481 necessarium

2170 5530 2330 5585 fuerit
2360 5528 2552 5582 iterum
2584 5531 2850 5592 repetere.
2903 5518 3035 5573 Nam
3065 5526 3342 5588 postquam
3373 5516 3614 5582 dixerat,
3646 5513 3762 5568 Fiat

2171 5622 2260 5675 lux
2285 5627 2330 5673 et
2355 5620 2490 5690 facta
2516 5622 2587 5668 est
2613 5613 2723 5683 luat,
2765 5609 3047 5680 subiunxit
3068 5625 3084 5663 :
3106 5609 3161 5663 4.
3193 5606 3262 5663 Et
3281 5608 3405 5662 vidit
3424 5606 3558 5662 Deus
3580 5604 3763 5673 lucem,

2169 5709 2303 5783 quod
2327 5709 2455 5763 bona
2486 5712 2632 5760 esset.
2662 5702 2798 5759 Vide
2826 5716 3008 5771 qumso
3037 5698 3144 5764 hic,
3173 5698 3385 5763 dilecte,
3419 5712 3578 5767 quam
3626 5704 3750 5752 tem-

2170 5810 2356 5873 perata
2398 5796 2681 5854 verborum
2728 5795 2887 5851 ratio.
2922 5792 3065 5861 Quid
3099 5793 3300 5865 igitur?
3326 5808 3392 5849 an
3431 5791 3741 5862 priusquam
