4144 6464
387 410 453 463 53
1129 402 1184 461 S.
1229 398 1505 458 30.“le
1542 391 2018 452 CllltYSOSTOlll
2058 391 2377 449 ABCHIEP.
2419 393 2957 450 CONSTANTINOP.
3611 390 3677 449 58

388 528 536 581 ﬁrrct
568 523 658 580 lux
681 569 695 592 ,
730 519 997 578 nesciebat
1026 534 1144 574 eam
1172 518 1366 573 bonam
1400 514 1628 568 futuram
1655 527 1669 575 ;
1701 509 1796 566 sed
1827 516 1973 580 post-

389 633 548 684 quam
588 615 845 687 producta
879 613 994 679 fuit,
1039 627 1104 667 ex
1144 618 1361 679 aspectu
1392 608 1619 677 primum
1649 603 1837 674 Opifex
1868 602 1982 671 pul-

386 708 743 763 chritudinem
770 714 824 761 ct
852 704 1143 759 bonitatem
1171 700 1288 770 ejus
1316 698 1586 770 producta:
1617 692 1892 765 percepit?
1915 692 1978 745 Et

383 802 502 868 quis
527 813 670 854 sana:
692 797 887 852 mentis
911 795 1016 850 tale
1040 792 1308 864 quidpiam
1339 788 1572 844 dixerit?
1593 785 1723 841 Nam
1749 783 1792 838 si
1816 783 1980 837 homo

383 890 471 961 qui
505 888 702 960 aliquid
737 904 829 959 per
855 894 1022 941 artem
1050 896 1320 955 operatur,
1350 881 1659 951 priusquam
1695 875 1981 931 fabricetur

385 981 525 1051 quod
560 981 672 1036 vult
702 981 876 1034 facere
899 1021 913 1045 ,
940 962 1000 1033 'et
1031 975 1338 1048 priusquam
1379 970 1629 1027 eﬁ'ormet
1650 1009 1666 1034 ,
1699 967 1799 1022 scit
1827 979 1979 1019 usum

388 1075 505 1141 ejus
545 1073 687 1145 quod
721 1073 1001 1128 elaborare
1030 1068 1216 1123 statuit
1247 1085 1261 1121 :
1296 1072 1495 1135 quanto
1538 1060 1706 1132 magis
1741 1059 1981 1116 omnium

387 1166 596 1238 Opifex,
629 1165 716 1237 qui
736 1145 1105 1221 verbu'omnia
1134 1175 1203 1216 ex
1228 1158 1394 1213 nihilo
1416 1164 1474 1211 ut
1506 1160 1690 1210 essent
1713 1150 1979 1223 produxit,

390 1261 596 1317 sciebat
620 1268 903 1328 antequam
951 1258 1120 1311 lucem
1167 1252 1401 1317 faceret,
1447 1263 1565 1303 eam
1595 1260 1718 1302 esse
1741 1245 1977 1301 bonam!

386 1353 564 1420 Quare
605 1367 733 1421 ergo
771 1351 870 1404 hac
911 1346 1143 1402 dictione
1193 1357 1323 1399 usus
1368 1340 1489 1396 est?
1536 1338 1776 1394 Demittit
1800 1350 1898 1402 se,
1930 1343 1985 1390 et

385 1440 677 1498 secundum
722 1439 1008 1493 humanam
1040 1431 1485 1491 consuetudinem
1533 1428 1649 1483 lucc
1688 1426 1866 1483 omnia
1901 1426 1979 1480 lo-

384 1534 563 1604 quitur
588 1531 773 1587 beatus
800 1529 890 1584 ille
919 1526 1195 1598 prepheta.
1226 1522 1295 1577 Et
1324 1517 1775 1593 quemadmodum
1805 1516 1982 1571 homi-

385 1639 480 1679 nes
508 1639 630 1679 cuni
659 1620 854 1693 aliquid
878 1632 1070 1689 magno
1105 1616 1282 1671 studio
1310 1611 1718 1678 elaboraverint,
1747 1618 1801 1666 et
1824 1609 1983 1663 ﬁnem

384 1715 656 1772 laboribus
680 1714 790 1769 suis
840 1701 1224 1782 imposuerint,
1253 1718 1380 1763 tunc
1419 1705 1632 1761 tandem
1679 1719 1775 1775 per
1817 1717 1983 1773 expe-

385 1809 630 1864 rientiam
657 1816 712 1863 et
742 1805 1109 1876 probationem
1139 1816 1273 1872 opus
1304 1800 1551 1856 laudibus
1570 1797 1831 1855 extollunt
1865 1816 1879 1853 :
1904 1797 1974 1851 ita

385 1908 443 1956 et
471 1900 648 1955 divina
679 1897 951 1967 Scriptura
985 1910 1148 1962 nunc,
1181 1909 1300 1950 cum
1333 1907 1392 1951 se
1441 1890 1510 1946 ad
1539 1898 1841 1946 nostrarum
1875 1904 1972 1944 au-

387 1994 525 2050 rium
552 1990 917 2046 inﬁrmitatem
969 1986 1219 2053 demisit,
1278 1992 1334 2039 et
1380 1983 1515 2038 dixit
1543 2000 1557 2038 :
1588 1982 1657 2037 Et
1691 1981 1813 2037 vidit
1841 1979 1981 2036 Deus

385 2084 586 2147 lucem,
627 2080 763 2152 quod
789 2079 918 2133 bona
947 2085 1106 2143 esset,
1156 2083 1280 2129 tunc
1309 2072 1537 2144 subjecit
1580 2090 1594 2127 :
1641 2071 1709 2126 Et
1755 2070 1985 2125 distinxit

386 2174 527 2230 Deus
552 2175 683 2228 inter
715 2172 918 2238 lucem,
973 2178 1021 2224 et
1062 2169 1194 2224 inter
1221 2166 1447 2223 tenebras
1487 2181 1507 2220 :
1544 2173 1592 2222 et
1622 2163 1813 2220 vocavit
1847 2162 1987 2219 Deus

389 2272 551 2326 lucem
576 2269 730 2333 diem,
755 2277 801 2321 et
832 2266 1058 2321 tenebras
1080 2263 1270 2318 vocavit
1296 2271 1510 2328 noctem,
1539 2269 1593 2317 et
1618 2274 1770 2316 suam
1792 2259 1986 2331 cuique

388 2361 663 2433 regionem
703 2356 972 2413 distribuit
1016 2373 1031 2409 :
1074 2369 1199 2409 nam
1229 2352 1297 2408 ab
1323 2353 1476 2407 initio
1504 2351 1699 2422 cuique
1723 2365 1851 2406 suos
1881 2360 1987 2406 ter-

389 2457 566 2509 minos
594 2450 819 2523 prteﬁxit
842 2491 860 2518 ,
891 2463 1029 2521 quos
1068 2457 1326 2519 perpetuo
1366 2446 1571 2517 absque
1607 2445 1987 2517 impedimento

386 2544 701 2600 custodiret.
729 2542 787 2598 ld
816 2540 957 2611 quod
978 2539 1217 2608 cuilibet,
1242 2538 1332 2611 qui
1359 2547 1506 2594 recte
1530 2538 1720 2608 sopiat,
1744 2536 1986 2593 contueri

387 2636 553 2704 licet,
594 2632 864 2706 quomodo
910 2648 979 2689 ex
1030 2646 1097 2687 eo
1146 2639 1386 2701 tempore
1428 2644 1598 2700 usque
1648 2630 1698 2684 in
1748 2643 1987 2700 prccsens

393 2741 570 2797 neque
624 2725 714 2779 lux
776 2723 1036 2779 terminos
1093 2736 1223 2778 suos
1279 2730 1609 2792 transgressa
1658 2721 1761 2787 sit,
1814 2736 1989 2791 neque

401 2818 637 2873 tenebra:
664 2831 820 2871 suum
850 2814 1092 2870 ordinem
1137 2812 1498 2884 prmterieriiit
1520 2853 1535 2880 ,
1580 2812 1895 2869 confusione
1932 2822 1990 2869 et

390 2907 791 2981 perturbatione
834 2904 1064 2977 quadam
1109 2904 1432 2961 introducta.
1481 2903 1631 2960 Sane
1670 2903 1775 2960 hoc
1819 2920 1984 2960 unum

358 3002 363 3051 Ι
390 3000 609 3072 ingratis
636 2999 745 3055 illis
774 2998 1023 3054 sufﬁcere
1051 2996 1308 3066 deberet,
1336 3004 1395 3052 ut
1418 2995 1700 3054 crederent
1724 3004 1779 3053 et
1803 2995 1987 3053 obedi-

388 3101 510 3149 rent
563 3092 629 3149 iis
672 3106 791 3162 qua:
833 3105 864 3145 a
903 3089 1080 3145 divina
1121 3088 1396 3159 Scriptura
1443 3087 1582 3143 dicta
1613 3096 1782 3143 sunt:
1816 3087 1889 3144 ita
1932 3095 1989 3145 ut

392 3184 479 3239 vel
544 3183 809 3238 elementa
855 3180 1124 3236 imitantes
1150 3220 1165 3245 ,
1221 3194 1344 3250 qua:
1400 3193 1618 3234 cursum
1669 3177 1988 3235 inoffensiim

392 3282 652 3346 perpetuo
707 3279 967 3340 servant,
1023 3271 1299 3327 dimensos
1367 3269 1624 3326 terminos
1691 3283 1818 3326 suos
1879 3285 1987 3326 non

344 3367 930 3439 :praatergrediantur,
992 3365 1087 3422 sed
1143 3372 1435 3437 agnoscant
1500 3364 1773 3436 pr0priam
1835 3374 1989 3420 natu-

393 3477 530 3516 ram.
581 3459 719 3514 Exin
764 3467 1047 3530 postquam
1095 3456 1307 3526 utrique
1351 3469 1507 3510 suum
1555 3470 1750 3511 nomen
1795 3455 1985 3521 dedit,

391 3562 678 3623 utrumque
720 3551 773 3606 in
813 3565 977 3605 unum
1016 3548 1274 3619 copulatis
1302 3546 1463 3613 dicit,
1505 3547 1563 3603 5.
1594 3543 1664 3600 Et
1690 3551 1882 3619 factum
1917 3556 1988 3600 est

395 3658 619 3714 vespere,
645 3650 693 3696 et
733 3645 925 3713 factum
949 3649 1023 3695 est
1051 3655 1200 3693 mane
1218 3680 1233 3705 ,
1266 3637 1372 3692 dies
1404 3654 1553 3692 unus.
1584 3637 1772 3693 Finem
1800 3637 1904 3693 diei
1935 3648 1989 3694 et

396 3737 559 3790 ﬁnem
601 3731 773 3788 noctis
801 3747 966 3786 unum
998 3744 1252 3800 expresse
1295 3729 1623 3794 nominavit,
1653 3736 1710 3783 ut
1746 3729 1985 3784 ordinem

394 3826 629 3896 aliquem
651 3832 705 3880 et
725 3822 1161 3894 consequentiam
1188 3829 1452 3878 statueret
1475 3820 1782 3889 visibilium,
1805 3821 1977 3877 nulla-

397 3932 504 3988 que
525 3917 676 3972 ﬁeret
701 3913 964 3972 confusio.

458 4008 563 4064 Cur
582 4006 724 4062 Deus
758 4023 860 4061 non
893 4007 1065 4061 omnia
1080 4004 1235 4060 simul
1250 4019 1349 4059 uno
1362 4004 1444 4059 die
1459 4003 1788 4075 produxerit;
1803 4014 1986 4059 contra

387 4116 471 4156 eos
494 4101 582 4173 qui
597 4099 767 4154 omnia
784 4098 991 4170 fortuito
1018 4097 1130 4168 ﬁeri
1166 4095 1361 4150 dicunt.
1388 4124 1461 4135 --
1495 4094 1692 4150 Verum
1713 4093 1983 4150 discamus

387 4201 600 4266 oportet
624 4208 655 4248 a
683 4192 886 4262 Spiritu
913 4198 1100 4246 sancto
1130 4204 1228 4259 per
1246 4188 1480 4259 linguam
1514 4187 1654 4243 beati
1685 4187 1840 4259 hujus
1862 4203 1987 4259 pro-

360 4287 585 4357 ;phctae,
619 4299 738 4354 quae
754 4282 926 4352 primo
950 4279 1039 4336 die
1064 4277 1278 4335 condita
1308 4284 1453 4344 sunt,
1477 4285 1533 4333 et
1555 4292 1674 4348 qua:
1694 4278 1832 4334 aliis.
1852 4278 1984 4334 Nam

368 4376 448 4445 iet
474 4376 617 4434 istud
645 4376 817 4446 ipsum
848 4373 1170 4429 clementem
1195 4370 1360 4426 Deum
1387 4383 1508 4425 sese
1541 4378 1983 4440 attemperantem

374 4462 630 4528 ‘iexhibct.
649 4465 832 4537 Neque
856 4465 999 4520 enim
1022 4463 1175 4534 inops
1198 4471 1316 4517 erat
1336 4461 1673 4530 omnipotens
1699 4460 1839 4516 illius
1867 4477 1985 4515 ma-

374 4536 493 4627 gnus
519 4570 574 4616 et
602 4536 809 4613 inﬁnita
854 4553 1136 4624 sapientia,
1166 4561 1225 4608 ut
1257 4566 1363 4607 non
1396 4558 1577 4622 posset
1601 4567 1706 4607 uno
1726 4551 1813 4607 die
1859 4567 1986 4622 pro-

370 4634 592 4708 [ducere
629 4648 827 4704 omnia.
864 4645 1001 4714 Quid
1041 4645 1183 4713 dico,
1210 4660 1320 4699 uno
1343 4643 1475 4700 die?
1518 4644 1583 4699 Et
1612 4644 1839 4715 simplici
1868 4659 1983 4700 mo-

370 4750 575 4800 ‘mento
604 4748 830 4812 poterat.
866 4737 971 4795 Sed
1011 4735 1443 4808 quandoquidem
1471 4750 1559 4791 res
1588 4751 1696 4791 non
1737 4736 1809 4792 ob
1833 4750 1986 4792 suam

354 4818 367 4909 ί
393 4834 679 4890 utilitatem
721 4828 1007 4902 produxit;
1037 4842 1209 4897 neque
1230 4827 1372 4883 enim
1401 4827 1506 4882 ulla
1534 4841 1593 4881 re
1622 4841 1757 4896 opus
1786 4826 1943 4882 habet
1968 4841 1983 4893 ;

344 4972 349 4995 ,
391 4927 484 4983 sed
515 4925 585 4981 ob
612 4938 761 4980 suam
790 4919 1173 4992 benignitatem
1202 4927 1258 4974 et
1283 4918 1575 4973 bonitatem
1606 4916 1847 4973 condidit
1866 4934 1983 4972 om-

338 5060 343 5091 ,
391 5020 479 5074 nia
522 5034 536 5071 :
577 5016 775 5073 idcirco
803 5011 1142 5070 successione
1170 5008 1398 5081 quadam
1429 5018 1483 5064 et
1527 5023 1622 5078 per
1654 5018 1830 5079 partes
1854 5024 1980 5064 con-

336 5102 342 5185 ξ
391 5110 547 5180 didit,
569 5115 626 5165 et
651 5106 949 5165 doctrinam
991 5103 1146 5158 nobis
1188 5099 1526 5156 manifestam
1569 5098 1636 5155 de
1666 5098 1825 5154 rebus
1850 5115 1983 5153 con-

336 5192 347 5295 j
393 5203 521 5259 ditis
551 5216 649 5272 per
694 5201 932 5271 linguam
960 5195 1105 5253 beati
1130 5193 1290 5277 hujps
1334 5191 1611 5295 propheta:
1656 5190 1894 5257 tradidit,
1928 5200 1988 5246 ut

396 5294 511 5349 haec
538 5301 786 5347 accurate
810 5288 974 5354 docti,
1003 5303 1112 5343 non
1154 5284 1448 5340 incidamus
1469 5282 1522 5337 in
1552 5297 1738 5337 eorum
1767 5290 1985 5337 senten-

397 5387 522 5440 tiam
549 5381 639 5455 qui
665 5380 914 5434 humanis
958 5377 1251 5433 ratiociniis
1293 5382 1596 5431 moventur.
1625 5373 1683 5430 Si
1732 5387 1984 5443 namque,

399 5476 484 5531 his
515 5475 605 5529 illo
642 5469 802 5527 modo
842 5470 1094 5539 peractis,
1140 5484 1246 5524 non
1292 5467 1487 5523 desunt
1515 5466 1605 5537 qui
1634 5465 1853 5520 fortuito
1900 5479 1988 5522 res

401 5579 590 5621 omnes
618 5564 788 5619 factas
815 5574 936 5617 esse
966 5568 1208 5614 asserant
1241 5578 1254 5613 :
1287 5559 1333 5615 si
1362 5574 1466 5614 non
1498 5568 1603 5613 tam
1637 5564 1985 5626 attemperata

404 5656 626 5710 docendi
657 5653 863 5708 ratione
895 5664 993 5704 nos
1019 5648 1264 5719 dignatus
1278 5660 1443 5718 esset,
1478 5649 1603 5720 quid
1628 5665 1730 5703 non
1763 5647 1987 5704 fuissent

408 5744 546 5808 ausi,
597 5740 691 5809 qui
713 5740 930 5794 adcrsus
955 5737 1180 5795 salutem
1217 5754 1365 5796 suam
1389 5754 1611 5811 quaeque
1638 5749 1690 5797 et
1724 5739 1903 5796 dicere
1932 5748 1987 5796 et

401 5832 574 5887 facere
601 5828 817 5886 student
847 5832 868 5883 ?
1644 5856 1649 5859 -

2163 507 2215 562 4.
2258 505 2393 574 Quid
2422 508 2565 562 enim
2595 508 2842 563 miserius
2879 518 2931 565 et
2959 507 3295 580 insipientius
3313 509 3392 575 iis,
3425 509 3515 582 qui
3557 513 3678 567 talia

2086 598 2263 654 dicere
2303 608 2588 666 attentant,
2617 609 2670 655 et
2700 600 2970 655 affirmant
3006 616 3093 656 res
3122 600 3339 657 fortuito
3374 601 3507 669 ﬁeri,
3537 602 3681 659 frau-

2085 689 2318 761 dantque
2357 706 2572 747 onmem
2595 694 2920 748 creationem
2950 692 3127 748 divina
3152 693 3485 764 providentia
3510 696 3533 749 ?
3562 697 3678 764 Quo

2089 791 2243 852 pacto
2282 782 2425 837 enim
2472 785 2665 840 rationi
2706 794 3126 842 consentaneum
3166 786 3344 853 fuerit,
3393 787 3502 855 dic,
3557 804 3675 855 orn,

2090 881 2233 929 tanta
2281 875 2566 944 elementa,
2613 888 2667 933 et
2714 887 2919 933 tantum
2951 887 3197 933 ornatum
3250 880 3454 952 absque
3500 881 3679 952 aliquo

2087 968 2424 1025 moderatore
2453 978 2509 1025 et
2536 968 2712 1025 omnia
2740 982 3092 1027 conscrvante
3122 973 3409 1043 gubernari
3437 973 3461 1028 ?
3490 973 3556 1028 Et
3586 989 3677 1027 na-

2087 1061 2169 1116 vis
2192 1078 2477 1133 numquam
2500 1064 2693 1133 poterit
2723 1063 2926 1135 absque
2969 1064 3324 1135 gubernatore
3366 1065 3530 1120 maris
3579 1064 3676 1119 ﬁu-

2087 1161 2204 1210 ctus
2242 1169 2538 1225 permeare,
2567 1155 2825 1227 milesque
2863 1156 2995 1211 nihil
3021 1165 3298 1212 strenuum
3325 1165 3380 1213 et
3405 1158 3676 1229 egregium

2087 1245 2291 1317 absqt'e
2339 1250 2581 1317 primoris
2629 1246 2792 1303 ductu
2836 1257 2891 1303 ct
2919 1248 3171 1318 auSpiciis
3213 1248 3370 1320 gerit,
3401 1256 3457 1305 et
3485 1248 3677 1304 domus

2088 1347 2336 1394 constare
2393 1340 2577 1409 nequit
2607 1379 2623 1406 ,
2666 1338 2766 1394 nisi
2820 1338 2960 1395 adsit
2988 1337 3077 1411 qui
3105 1354 3224 1394 eam
3250 1338 3586 1394 administret
3616 1339 3632 1371 ¹
3662 1357 3674 1391 :

2089 1432 2320 1487 mundus
2364 1441 2541 1487 autem
2574 1433 2661 1489 hic
2689 1434 3007 1499 immensus,
3041 1441 3096 1489 et
3135 1432 3524 1488 elementorum
3556 1432 3677 1487 illo-

2088 1539 2206 1579 rum
2252 1532 2491 1592 ornatus,
2525 1523 2742 1580 fortuito
2770 1534 2823 1580 et
2864 1534 3065 1581 temere
3096 1523 3216 1580 ferri
3262 1523 3493 1595 poterit,
3533 1524 3679 1579 nullo

2088 1616 2382 1672 exsistente
2428 1617 2516 1688 qui
2557 1617 2735 1671 omnia
2789 1617 2958 1687 possit
3008 1615 3298 1684 moderari,
3345 1625 3400 1673 et
3447 1616 3537 1686 qui
3586 1628 3679 1682 per

2087 1722 2238 1763 suam
2282 1707 2596 1778 sapientiam
2627 1723 2689 1764 ea
2729 1708 3001 1764 contineat
3027 1716 3083 1763 et
3105 1707 3438 1763 conservet?
3480 1707 3675 1762 Verum

2088 1800 2215 1872 quid
2246 1800 2468 1857 ulterius
2508 1801 2882 1856 contendimus
2921 1799 3025 1856 illis
3061 1800 3286 1870 probare
3334 1814 3419 1868 ea,
3470 1815 3589 1870 qua:
3628 1809 3678 1855 et

2090 1892 2268 1961 czecis,
2312 1901 2369 1947 ut
2412 1892 2465 1948 in
2497 1892 2780 1963 proverbio
2806 1901 2906 1957 est,
2933 1891 3209 1962 perspicua
3236 1891 3403 1946 sunt?
3431 1891 3679 1945 Attamen

2090 1997 2158 2039 ne
2180 1983 2488 2040 omittamus
2510 1998 2810 2055 proponere
2839 1986 2918 2040 eis
2946 1983 3242 2040 doctrinam
3261 1984 3678 2055 Scripturarum,

2091 2072 2184 2129 sed
2215 2089 2375 2129 omne
2412 2074 2784 2146 impendamus
2833 2076 3090 2144 studium,
3137 2084 3195 2132 ut
3236 2075 3305 2131 ab
3326 2092 3510 2133 errore
3548 2077 3682 2134 libe-

2091 2165 2215 2233 rati,
2237 2163 2307 2220 ad
2328 2167 2602 2221 veritatem
2621 2166 2965 2222 reducantur.
2990 2166 3119 2222 Nam
3140 2166 3450 2223 licetadhuc
3475 2183 3680 2239 prmoc-

2090 2258 2270 2329 cupati
2299 2258 2575 2316 erroribus
2602 2259 2730 2329 sint,
2760 2259 3000 2332 ejusdem
3029 2269 3226 2326 tamen,
3259 2261 3413 2331 cujus
3440 2276 3558 2329 nos,
3584 2278 3680 2333 ge-

2091 2350 2237 2406 neris
2265 2358 2391 2406 stint
2433 2367 2446 2405 :
2476 2360 2531 2408 et
2559 2365 2655 2422 par
2682 2363 2761 2408 est
2791 2362 2851 2407 ut
2879 2367 3126 2424 magnam
3156 2368 3343 2409 eorum
3374 2369 3554 2410 curam
3583 2354 3681 2409 lia-

2092 2441 2330 2508 beamus,
2362 2457 2649 2514 numquam
2666 2451 3048 2515 torpesccntes,
3065 2444 3158 2500 sed
3175 2445 3447 2516 diligentia
3473 2461 3680 2501 summa

2094 2533 2349 2592 facientes
2370 2550 2435 2591 ea
2460 2551 2578 2607 quae
2596 2534 2647 2591 in
2675 2536 2830 2592 nobis
2856 2546 3002 2604 sunt,
3036 2537 3220 2593 utilem
3240 2538 3341 2593 illis
3364 2539 3681 2595 medicinam

2091 2626 2464 2693 adhibeamus,
2514 2637 2573 2683 ut
2617 2629 2806 2684 saltem
2851 2629 3064 2685 tandem
3095 2631 3380 2702 aliquando
3408 2631 3473 2686 ad
3500 2648 3681 2687 veram

2093 2720 2374 2776 sanitatem
2403 2720 2645 2777 redeant.
2676 2721 2818 2778 Nihil
2844 2723 2986 2779 enim
3014 2722 3085 2778 ita
3114 2733 3268 2780 curat
3293 2724 3454 2788 Deus,
3480 2732 3536 2779 ut
3560 2724 3682 2777 ani-

2093 2828 2299 2869 marum
2344 2813 2594 2870 salutem.
2629 2813 2685 2871 Id
2724 2814 2919 2871 clamat
2942 2815 3158 2884 Paulus,
3189 2814 3379 2872 dicens
3412 2834 3424 2869 :
3452 2817 3552 2885 Qui
3577 2817 3684 2871 vult

2092 2923 2264 2963 omnes
2308 2907 2534 2962 homines
2565 2909 2733 2964 salvos
2765 2909 2897 2979 ﬁeri,
2943 2918 2991 2965 et
3016 2910 3086 2964 ad
3112 2911 3419 2981 agnitionem
3461 2911 3683 2966 veritatis

2093 2997 2260 3052 venire
2290 2998 2366 3071 (1.
2401 2996 2533 3054 Tim.
2571 2998 2626 3053 2.
2655 3000 2736 3071 4),
2769 3000 2834 3055 Ει
2862 3001 3054 3056 iterum
3087 3001 3228 3057 Deus
3254 3002 3367 3072 ipse
3393 3002 3468 3057 ait
3496 3020 3511 3058 :
3543 3001 3682 3056 Nolo

2093 3097 2305 3143 mortem
2335 3091 2633 3160 peccatoris,
2671 3092 2761 3147 sed
2786 3106 2840 3146 ut
2866 3102 3206 3161 convertatur,
3240 3103 3285 3149 et
3309 3094 3440 3149 vivat
3466 3094 3680 3165 (Eucti.

2094 3181 2182 3237 18.
2205 3181 2322 3256 25).
2350 3183 2577 3254 PrOpter
2596 3185 2696 3241 hoc
2720 3185 2879 3241 etiam
2902 3196 3145 3241 naturam
3175 3185 3313 3242 hanc
3328 3202 3541 3243 omnem
3561 3202 3683 3257 pro-

2092 3271 2266 3342 duxit,
2298 3282 2353 3330 et
2384 3288 2482 3329 nos
2507 3274 2784 3343 formavit,
2805 3293 2910 3332 non
2937 3284 2996 3332 ut
3020 3291 3324 3347 pereamus,
3358 3293 3531 3350 neque
3556 3279 3681 3334 utin

2093 3366 2409 3437 supplicium
2436 3381 2535 3422 nos
2560 3368 2768 3435 mittat;
2795 3368 2890 3424 sed
2920 3377 2976 3423 ut
3005 3368 3182 3424 salvos
3211 3368 3390 3435 faciat,
3422 3377 3478 3425 et
3500 3370 3568 3424 ab
3589 3385 3681 3426 er-

2093 3472 2216 3514 rore
2237 3457 2497 3526 liberatis,
2548 3475 2715 3532 regno
2753 3461 2855 3516 frui
2904 3461 3059 3517 nobis
3087 3462 3366 3518 concedat.
3399 3462 3511 3518 Hoc
3536 3463 3679 3519 enim

2093 3548 2249 3604 nobis
2275 3551 2610 3621 praeparavit,
2643 3567 2750 3606 non
2796 3568 2941 3609 nunc
2975 3564 3254 3624 postquam
3295 3554 3421 3610 facti
3472 3571 3680 3621 sumus,

2093 3641 2188 3699 sed
2227 3651 2352 3697 ante
2385 3641 2528 3711 jacta
2574 3641 2920 3698 fundamenta
2964 3645 3169 3710 mundi,
3201 3646 3338 3701 sicut
3359 3644 3476 3716 ipse
3505 3646 3677 3701 dicit:

2103 3733 2295 3802 Venite,
2345 3733 2591 3789 benedicti
2631 3716 2805 3790 patris
2847 3737 2966 3803 mei,
3009 3737 3062 3790 in
3090 3736 3433 3792 hereditatem
3470 3738 3683 3808 accipite

2096 3835 2439 3897 praeparatum
2468 3826 2605 3881 vobis
2646 3841 2857 3896 regnum
2900 3835 3020 3881 ante
3055 3828 3463 3882 constitutionem
3504 3826 3683 3881 mundi

2096 3918 2309 3991 (Matth.
2336 3918 2427 3975 25.
2453 3919 2566 3990 54).
2591 3917 2725 3976 Vide
2751 3919 3132 3992 benignitatem
3154 3922 3383 3990 Domini,
3410 3922 3681 3993 quomodo

2091 4020 2375 4081 antequam
2397 4008 2719 4066 formarctur
2740 4011 2991 4078 mundus,
3014 4020 3070 4069 et
3091 4013 3473 4083 produceretur
3496 4012 3677 4081 homo,

2092 4101 2300 4159 inﬁnita
2332 4102 2431 4172 ipsi
2472 4103 2612 4159 bona
2642 4102 3024 4173 przeparaverit
3059 4119 3073 4157 :
3104 4103 3397 4160 ostendens
3423 4115 3679 4175 quantam

2091 4196 2261 4251 nostri
2288 4195 2502 4267 generis
2530 4196 2917 4268 providentiam
2938 4205 3112 4267 gerat,
3144 4207 3198 4252 et
3225 4212 3284 4253 se
3307 4197 3545 4253 omnium
3589 4214 3680 4255 sa—

2093 4293 2260 4350 lutem
2281 4292 2439 4348 velle.

2171 4384 2292 4440 Non
2321 4393 2547 4439 nostram
2586 4382 2772 4449 solum,
2806 4382 2897 4437 sed
2926 4390 2973 4436 et
3010 4381 3231 4437 aliorum
3267 4381 3484 4436 salutem
3503 4398 3686 4458 curare

2094 4474 2652 4533 delicium—Talem
2695 4473 2854 4543 igitur
2900 4471 3158 4528 habentes
3213 4472 3517 4542 Dominum,
3574 4483 3682 4529 tam

2093 4567 2514 4632 misericordem,
2546 4574 2654 4621 tam
2680 4565 2989 4636 benignum,
3021 4573 3126 4619 tam
3157 4573 3518 4632 mansuetum,
3558 4579 3679 4619 cuni

2092 4669 2311 4725 nostrze,
2344 4667 2455 4714 tum
2490 4657 2710 4712 fratrum
2741 4666 3044 4712 nostrorum
3073 4656 3259 4710 salutis
3303 4670 3485 4712 curam
3525 4672 3674 4728 gera-

2093 4768 2232 4810 mus.
2263 4753 2394 4808 Nam
2425 4751 2607 4808 ethoc
2642 4759 2841 4807 nostra:
2883 4748 3071 4805 salutis
3098 4758 3471 4819 argumentum
3499 4751 3602 4805 erit
3625 4761 3680 4808 et

2092 4845 2326 4911 occasio,
2356 4844 2401 4899 si
2444 4858 2551 4898 non
2577 4845 2749 4899 solum
2776 4856 2871 4911 pro
2898 4840 3052 4897 nobis
3078 4840 3209 4911 ipsis
3235 4841 3472 4906 Solliciti,
3504 4842 3596 4899 sed
3627 4850 3677 4896 et

2093 4938 2338 5009 proximo
2378 4936 2537 4992 utiles
2577 4934 2854 4999 fuerimus,
2895 4942 2946 4988 et
2975 4932 3146 5002 ipsum
3172 4930 3239 4986 ad
3266 4931 3405 4986 viam
3438 4933 3676 4988 veritatis

2092 5032 2436 5087 deducamus.
2492 5026 2561 5082 Et
2609 5035 2667 5082 ut
2705 5024 2880 5082 discas
2920 5031 3176 5095 quantum
3224 5023 3421 5079 bonum
3451 5024 3519 5078 sit
3558 5039 3680 5079 cum

2093 5132 2279 5178 nostra
2304 5122 2528 5176 aliorum
2551 5118 2712 5174 etiam
2733 5118 2960 5174 salutem
2986 5115 3202 5181 lucrari,
3221 5115 3342 5169 audi
3368 5115 3682 5185 prophetam

2091 5232 2163 5272 ex
2192 5229 2418 5287 persona
2446 5212 2539 5269 Dei
2565 5210 2830 5266 dicentem
2866 5226 2879 5262 :
2910 5207 3012 5276 Qui
3037 5208 3202 5262 educit
3228 5208 3499 5278 pretiosum
3523 5223 3555 5260 a
3576 5207 3680 5274 viti,

2091 5311 2233 5383 quasi
2261 5326 2318 5365 os
2358 5324 2525 5363 meum
2573 5306 2665 5362 erit
2709 5303 2841 5378 (Jer.
2872 5303 2959 5358 i5.
2991 5301 3102 5373 19).
3130 5299 3267 5368 Quid
3295 5300 3399 5355 hoc
3426 5310 3509 5355 est
3537 5299 3679 5368 ’ἰριιὶ

2156 5472 2170 5502 ¹
2207 5475 2335 5518 Unus
2356 5465 2659 5515 Colbertinus
2681 5460 2843 5511 Codex
2871 5459 3024 5508 habet
3043 5468 3228 5518 vocem,
3253 5454 3575 5518 adniiiiLtrct.
3597 5454 3677 5505 Alii

2090 5514 2532 5589 mnes—cumrﬁsliti
2553 5532 2655 5589 tum
2678 5522 2992 5589 uss._ferunt,_
3010 5514 3237 5589 azdiﬁcet’.
3263 5516 3356 5589 sed
3380 5530 3545 5589 veram
3570 5529 3685 5567 esse

2092 5578 2353 5643 lectionem
2367 5587 2628 5637 Colbertini
2647 5587 2830 5635 Codicis
2851 5583 3095 5643 existimo.
3110 5578 3382 5629 Secundum
3401 5578 3544 5643 aliam
3567 5591 3684 5626 vero

2093 5641 2354 5703 lectionem
2377 5662 2473 5700 non
2496 5654 2657 5711 potest
2677 5646 2920 5711 sententia
2942 5642 3199 5711 quadrare:
3244 5647 3361 5689 Num
3383 5641 3577 5711 dicatur“
3586 5652 3680 5711 non

2093 5700 2239 5778 ilbg’ie
2257 5712 2455 5778 domum
2477 5700 2764 5778 consistelﬁs
2786 5707 2874 5756 ηίδί
2887 5700 3121 5778 ,θβέηιεῖυί
3149 5700 3279 5778 “im
3297 5702 3577 5778 ωῃθδῗιδθιῗ
3597 5703 3633 5778 ῌ
3643 5704 3686 5751 λε

2092 5763 2428 5835 dedeinojam
2449 5778 2631 5822 structa
2653 5763 2830 5834 agitur,
2853 5769 2935 5817 ubi
2961 5763 3122 5815 nullus
3144 5763 3267 5815 ultra
3280 5763 3577 5815 architectus
3597 5766 3682 5816 dc-

2096 5836 2353 5886 sidcratur.
