4144 6442
438 363 500 416 57
1253 354 1310 409 S.
1349 351 1634 408 JUANNIS
1669 344 2163 407 CllRYSOSTOMl
2204 345 2522 404 AliClllEP.
2563 348 3110 407 CONSTANTINUP.
3809 352 3875 406 38

434 474 592 545 φησὶ,
620 470 992 544 χειραγωγῶν,
1030 470 1063 540 ἢ
1098 470 1205 523 ἀπὸ
1232 469 1328 539 τῆς
1357 467 1551 531 κακίας
1581 466 1716 537 πρὸς
1754 465 1955 537 ἀρετὴν
1980 463 2099 533 ὁδη-

435 562 548 629 γῶν
576 561 665 615 τὸν
706 558 951 630 πλησίον,
988 557 1129 610 κατά
1154 556 1381 626 δύναμιν
1409 553 1756 626 ἀνθρωπίνην
1790 552 1889 622 ἐμὲ
1916 553 2102 623 μιμεῖ-

436 664 541 701 ται.
582 647 692 699 Kal
727 645 833 716 γάρ
862 646 955 698 καὶ
984 644 1147 707 αὑτὸς
1183 643 1249 695 δι’
1283 643 1433 695 οὐδὲν
1464 642 1672 712 ἕτερον,
1703 638 1833 702 Θεὸς
1873 636 1970 700 ὢν,
2003 636 2103 706 τὴν

437 734 708 804 ἡμετέραν
737 733 903 785 ὑπέδυ
938 732 1140 803 σάρκα,
1182 730 1275 784 καὶ
1301 730 1389 782 διὰ
1416 729 1514 797 τὴν
1559 725 1829 797 σωτηρίαν
1856 723 1952 778 τοῦ
1994 722 2102 776 τῶν

435 820 736 889 ἀνθρώπων
767 821 954 888 γένους
992 820 1209 887 γέγονεν
1237 817 1539 887 ἄνθρωπος.
1573 814 1682 868 Kal
1717 812 1769 866 τί
1814 810 1976 879 λέγω,
2004 809 2102 879 τὴν

435 908 710 978 ἡμετέραν
753 908 918 960 ὑπέδυ
950 908 1147 979 σάρκα.
1193 906 1285 957 καὶ
1316 904 1380 958 τά
1407 903 1543 957 ἄλλα
1572 903 1748 957 πάντα
1790 899 1859 953 τά
1888 897 2100 969 ἀνθρώ-

437 1011 569 1048 πινα
601 995 913 1066 ὑπέμεινεν,
945 996 1077 1047 ὅπου
1116 1010 1181 1061 γε
1225 992 1320 1045 καὶ
1362 989 1453 1042 τὸν
1494 988 1725 1060 σταυρὸν
1759 984 2100 1051 κατεδέξατο,

438 1081 525 1133 ἵνα
558 1083 704 1151 ἡμᾶς
730 1083 855 1145 τοὺς
888 1081 993 1134 ὑπὸ
1035 1079 1315 1152 ἁμαρτιῶν
1346 1075 1763 1147 προδεδομένους
1804 1072 1905 1143 τῆς
1936 1070 2103 1124 κατά-

440 1183 535 1236 ρας
564 1167 903 1243 ἐλευθερώσῃ
923 1187 936 1233 ;
963 1169 1070 1221 Kal
1093 1167 1187 1237 βοᾷ
1213 1165 1369 1219 τοῦτο
1392 1163 1598 1226 Παῦλος
1619 1162 1791 1229 λέγων
1811 1177 1824 1191 ο
1849 1160 2103 1229 Χριστὸς

437 1251 595 1320 ἡμᾶς
624 1254 1000 1323 ἐξηγόρασεν
1038 1252 1105 1305 ἐκ
1137 1250 1246 1317 τῆς
1277 1248 1537 1318 κατάρας
1563 1244 1669 1303 τοῦ
1700 1248 1907 1315 νόμου,
1937 1247 2105 1314 γενό-

433 1357 615 1409 μενος
645 1341 796 1409 ὑπὲρ
842 1338 1010 1409 ἡμῶν
1035 1338 1281 1408 κατάρα.
1327 1339 1390 1392 Εἰ
1431 1336 1610 1390 τοίνυν
1649 1335 1832 1398 αὐτὸς,
1862 1333 1995 1396 Θεὸς
2030 1331 2105 1386 ὣν

439 1427 656 1497 καὶτῆς
700 1427 888 1490 οὐσίας
924 1427 1137 1499 ἐκείνης
1170 1426 1270 1497 τῆς
1314 1426 1626 1498 ἀπορρήτου
1670 1422 1973 1493 τυγχάνων,
2018 1420 2107 1474 διά

440 1514 848 1589 φιλανθρωπίαν
871 1514 1078 1585 ἀφατον
1094 1513 1266 1570 ταῦτα
1288 1514 1505 1569 ᾶπαντα
1528 1510 1849 1575 κατεδέξατο
1872 1510 1937 1564 δι’
1956 1509 2105 1579 ἡμᾶς

440 1603 532 1655 καὶ
557 1603 656 1673 τὴν
684 1602 957 1673 σωτηρίαν
984 1603 1086 1675 τὴν
1112 1601 1386 1673 ἡμετέραν
1407 1615 1421 1631 ⁶
1452 1600 1503 1653 τί
1529 1600 1629 1653 οὑκ
1646 1598 1712 1653 ἂν
1745 1598 1934 1667 εῐημεν
1955 1595 2107 1650 αὑτοὶ

439 1688 638 1743 δίκαιοι
665 1692 794 1762 περὶ
819 1692 945 1754 τοὺς
970 1693 1248 1763 ὁμογενεῖς
1272 1687 1638 1755 ἐπιδείξασθαι
1661 1685 1754 1741 καὶ
1780 1686 1846 1739 τά
1876 1683 2012 1754 μέλη
2037 1681 2108 1736 τὰ

441 1774 704 1846 ἡμέτερα,
740 1776 880 1831 ὥστε
931 1778 1025 1831 καὶ
1064 1780 1164 1849 τῆς
1205 1776 1485 1847 φάρυγγος
1513 1773 1711 1837 αὑτοὺς
1745 1783 1770 1812 ι
1801 1770 2107 1842 ἐξαρπάσαι

440 1861 534 1913 τοῦ
563 1861 829 1928 διαϐόλου,
862 1866 957 1919 καὶ
986 1866 1122 1933 πρὸς
1163 1863 1261 1935 τὴν
1307 1864 1405 1933 τῆς
1439 1860 1643 1933 ἀρετῆς
1687 1859 1804 1913 ὁδὸν
1834 1873 2105 1929 χειραγω-

441 1948 643 2017 γῆσαι;
673 1946 824 2020 Ὂσῳ
868 1949 977 2022 γὰρ
1024 1949 1170 2021 ψυχὴ
1218 1950 1468 2021 σώματος
1514 1947 1817 2019 κρείσσων,
1867 1944 2107 2015 τοσούτῳ

439 2035 549 2087 τῶν
586 2037 829 2106 χρήμασι
862 2036 1196 2107 βοηθούντων
1224 2040 1335 2100 τοῖς
1370 2036 1642 2106 δεομένοις
1673 2027 1817 2087 οὗτοι
1844 2030 2107 2103 μειζόνων

440 2121 716 2186 ἀξιοῦνται
743 2123 853 2176 τῶν
882 2123 1126 2194 ἀμοιϐῶν
1161 2125 1210 2177 οί
1244 2124 1333 2177 διὰ
1360 2123 1459 2193 τῆς
1487 2121 1861 2195 παραινέσεως
1888 2120 1981 2172 καὶ
2008 2119 2106 2190 τῆς

441 2211 697 2281 συνεχοῦς
715 2212 1060 2276 διδασκαλίας
1079 2213 1203 2278 τοὺς
1239 2211 1514 2284 ῥᾳθύμους
1533 2212 1627 2265 καὶ
1647 2206 2107 2271 ἀναπεπτωκότας

440 2297 730 2365 ἀνάγοντες
758 2299 852 2351 ἐπὶ
875 2299 974 2369 τὴν
1002 2299 1217 2353 εὐθεῖαν
1248 2299 1388 2361 ὁδὸν,
1412 2299 1507 2352 καὶ
1541 2297 1846 2358 δεικνύντες
1874 2295 1974 2365 τῆς
2009 2294 2107 2364 μὲν

442 2386 639 2449 κακίας
668 2386 728 2440 τὸ
750 2386 1004 2454 δυσειδὲς,
1033 2387 1131 2457 τῆς
1153 2386 1208 2440 δὲ
1237 2387 1377 2442 κατά
1401 2387 1533 2441 Θεὸν
1556 2385 1757 2457 ἀρετῆς
1782 2383 1881 2455 τὴν
1907 2381 2107 2453 πολλὴν

441 2473 743 2543 εὐμορφίαν
767 2474 816 2530 δ.

480 2583 541 2630 ε’.
557 2577 742 2632 Ταῦτα
756 2579 935 2633 τοίνυν
954 2580 1167 2635 ἅπαντα
1185 2580 1404 2646 εἰδότες,
1423 2579 1529 2652 πρὸ
1548 2577 1656 2633 τῶν
1666 2578 1840 2634 ἀλλων
1854 2577 2108 2632 ἀπάντων

440 2675 548 2729 τῶν
577 2675 846 2746 βιωτικῶν
875 2677 1004 2749 περὶ
1033 2677 1132 2748 τῆς
1164 2677 1305 2733 κατά
1335 2678 1513 2749 ψυχὴν
1542 2676 1816 2749 σωτηρίας
1848 2674 2107 2743 διαλεγώ-

444 2769 581 2838 μεθα
620 2769 734 2835 τοῖς
770 2769 1031 2840 πλησίον,
1079 2771 1161 2834 είς
1203 2769 1407 2840 ταύτην
1442 2770 1639 2834 αὑτοὺς
1683 2769 1966 2838 ἐνάγοντες
2009 2767 2108 2836 τὴν

443 2867 728 2939 μέριμναν.
775 2867 1083 2940 Ἀγαπητὸν
1136 2868 1275 2939 γάρ,
1309 2867 1624 2940 ἀγαπητὸν,
1665 2866 1905 2937 συνεχῶς
1937 2866 2109 2920 ταῦτα

442 2963 807 3035 ἐνηχουμένην
844 2964 941 3035 τὴν
988 2963 1167 3037 ψυχὴν
1214 2961 1510 3033 δυνηθῆναι
1553 2964 1868 3031 ἀνενεγκεῖν
1901 2963 1967 3016 ἐκ
2009 2963 2109 3033 τῆς

442 3054 678 3108 ἀϐύσσου
707 3053 816 3108 τῶν
852 3054 1039 3108 κακῶν
1065 3056 1176 3108 τῶν
1210 3057 1267 3108 ἐν
1293 3054 1373 3125 τῷ
1405 3054 1555 3125 μέσῳ
1588 3053 1990 3124 στρεφομένων,
2015 3053 2111 3106 καὶ

443 3141 825 3213 περιγενέσθαι
858 3144 956 3215 τῆς
992 3143 1102 3198 τῶν
1137 3143 1324 3198 παθῶν
1352 3142 1804 3206 ἐπαναστάσεως,
1852 3141 1994 3211 άπερ
2033 3139 2112 3193 δι-

440 3232 652 3303 ηνεκῶς
685 3232 961 3304 πολιορκεῖ
1009 3231 1107 3303 τὴν
1148 3233 1420 3304 ἡμετέραν
1466 3232 1666 3303 ψυχήν.
1687 3230 1798 3304 Kal
1831 3228 1921 3284 διὰ
1951 3228 2111 3283 τοῦτο

439 3319 597 3389 χρεία
619 3320 751 3391 ἡμῖν
794 3320 993 3391 πολλῆς
1017 3320 1117 3391 τῆς
1146 3320 1472 3390 ἀγρυπνίας,
1511 3319 1699 3391 ἐπειδὴ
1730 3320 1824 3373 καὶ
1857 3316 2110 3388 διηνεκὴς

440 3408 571 3479 ἡμῖν
603 3408 748 3461 ἐστιν
779 3410 808 3461 6
830 3407 1083 3479 πόλεμος.
1115 3409 1208 3461 καὶ
1238 3408 1528 3480 ἀνακωχην
1550 3407 1803 3461 οὐδέποτε
1831 3405 1972 3477 ἔχων
1992 3422 2005 3436 ο
2028 3404 2111 3457 διὸ

440 3494 535 3547 καὶ
572 3494 783 3559 Παῦλος
809 3494 992 3564 ἔλεγεν
1029 3495 1296 3565 Ἐφεσίοις
1323 3494 1550 3567 γράφων
1569 3511 1583 3527 ·
1616 3495 1738 3549 οὐκ
1766 3495 1938 3548 ἐστιν
1963 3490 2110 3563 ἡμῖν

440 3582 480 3649 ἢ
504 3582 666 3650 πάλη
699 3582 847 3650 πρὸς
870 3579 1013 3652 alga
1036 3582 1134 3636 καὶ
1166 3582 1382 3651 σάρκα,
1412 3582 1572 3637 ἀλλὰ
1591 3580 1741 3650 πρὸς
1768 3580 1874 3647 τὰς
1896 3580 2107 3650 ἀρχὰς,

444 3668 560 3739 [ΞΟ]
591 3667 740 3735 πρὸς
773 3669 879 3734 τὰς
909 3667 1217 3735 ἐξουσίας,
1260 3670 1409 3737 πρὸς
1439 3668 1582 3735 τοὺς
1623 3665 2108 3736 κοσμοκράτορας

441 3755 548 3809 τοῦ
587 3755 851 3820 σκότους
881 3753 989 3809 τοῦ
1015 3754 1231 3821 αἰῶνος
1271 3755 1507 3821 τούτου,
1542 3753 1694 3824 πρὸς
1742 3753 1814 3808 τὰ
1848 3769 2110 3823 πνευμα-

442 3840 576 3896 τικὰ
599 3841 709 3911 τῆς
732 3844 1024 3912 πονηρίας
1044 3843 1115 3896 ἐν
1139 3841 1261 3910 τοῖς
1282 3842 1681 3911 ἐπουρανίοις.
1713 3841 1804 3913 Μὴ
1827 3842 2106 3913 νομίσητε,

442 3928 598 3998 φησὶ,
619 3929 709 3983 τὸν
734 3929 965 4001 τυχόντα
983 3931 1117 4002 ἡμῖν
1148 3930 1467 4003 προκεῖσθαι
1494 3929 1681 3999 ἀγῶνα
1702 3946 1716 3959 ·
1735 3930 1797 3983 οὑ
1819 3929 1955 4000 πρὸς
1979 3931 2109 4001 ὀμο-

442 4019 617 4085 γενεῖς
641 4018 769 4089 ἡμῖν
800 4020 948 4073 ἐστιν
985 4021 1019 4090 ἡ
1050 4019 1217 4092 πάλη,
1241 4019 1363 4074 οὑδὲ
1388 4020 1573 4092 ἐξίσης
1601 4021 1734 4091 ἡμῖν
1764 4019 1881 4072 ἐστι
1910 4018 1977 4072 τά
2006 4018 2109 4090 τῆς

444 4107 816 4179 παρατάξεως.
867 4108 978 4162 Kal
1008 4108 1117 4180 γὰρ
1165 4107 1393 4179 σώματι,
1434 4106 1940 4179 συμπεπλεγμένοι,
1987 4110 2109 4172 ταῖς

439 4193 751 4265 ἀσωμάτοις
784 4192 1035 4247 παλαίειν
1064 4195 1325 4265 δυνάμεσι
1349 4195 1831 4267 προστετάγμεθα·
1865 4194 2002 4249 ἀλλά
2030 4196 2105 4267 μὴ

427 4280 684 4349 ,δείσητε⁸
722 4281 771 4332 εί
800 4280 907 4350 γὰρ
940 4281 1033 4334 καὶ
1085 4281 1371 4352 ἀνώμαλος
1412 4284 1446 4352 ὴ
1490 4283 1672 4354 μάχη,
1719 4282 1856 4336 ἀλλά
1895 4283 2105 4358 μεγάλη

426 4365 546 4421 οτῶν
592 4367 771 4422 ὃπλων
817 4366 924 4420 τῶν
966 4366 1250 4438 ἡμετέρων
1300 4370 1333 4439 ἡ
1370 4367 1619 4439 δύναμις.
1673 4371 1954 4440 Ἐπήγαγε
1997 4371 2107 4443 γὰρ

430 4454 722 4527 Σμονονουχὶ
752 4453 946 4523 λέγων,
977 4454 1164 4526 ἐπειδὴ
1195 4453 1395 4524 ἔγνωτε
1428 4455 1539 4508 τῶν
1577 4456 1850 4527 πολεμίων
1880 4457 1978 4530 τὴν
2002 4458 2106 4528 φύ-

428 4558 546 4606 -σιν,
575 4541 648 4614 μὴ
679 4542 1047 4614 καταπέσητε,
1079 4543 1214 4615 μηδέ
1241 4544 1553 4616 ναρκήσητε
1590 4544 1727 4617 πρὸς
1760 4545 1858 4616 τὴν
1892 4546 2101 4614 πάληνο

441 4630 578 4684 ἀλλὰ
609 4631 709 4684 Διὰ
737 4631 913 4686 τοῦτο
942 4633 1271 4687 ἀναλάϐετε
1293 4631 1406 4700 τὴν
1431 4633 1777 4688 πανοπλίαν
1797 4633 1902 4688 τοῦ
1933 4634 2102 4703 Θεοῦ,

438 4716 589 4785 πρὸς
622 4717 688 4772 τὸ
726 4717 1023 4773 δύνασθαι
1050 4717 1205 4788 ὑμᾶς
1234 4719 1453 4788 στῆναι
1482 4721 1631 4788 πρὸς
1666 4720 1770 4787 τὰς
1793 4720 2096 4791 μεθοδείας

434 4805 544 4859 ,τοῦ
575 4804 876 4859 διαϐόλου.
905 4805 1103 4859 Πολλαὶ
1136 4805 1245 4877 γάρ
1272 4816 1294 4845 ο
1324 4809 1379 4860 αί
1412 4806 1599 4860 τούτου
1634 4807 1927 4877 μεθοδεῖαι,
1958 4808 2103 4863 τοῦτ’

440 4892 586 4945 ἐστιν
611 4892 739 4957 ὁδοὶ,
760 4891 827 4945 δι’
848 4886 923 4947 ὧν
950 4891 1324 4957 ὑποσκελίζειν
1346 4894 1617 4964 ἐπιχειρεῖ
1652 4894 1778 4959 τοὺς
1803 4895 2107 4968 ῥᾳθυμοτέ-

434 4995 592 5051 ρους,
624 4980 718 5032 καὶ
741 4979 822 5033 δεῖ
848 4979 1051 5043 ταύτας
1078 4978 1323 5052 ἀκριϐῶς
1351 4979 1698 5047 ἐπίστασθαι,
1732 4980 1874 5036 ὥστε
1908 4983 2103 5053 διαφυ-

440 5069 556 5134 γεῖν
585 5066 748 5122 αὑτοῦ
791 5067 891 5133 τάς
918 5067 1109 5133 λαϐὰς,
1145 5068 1238 5121 καὶ
1269 5067 1540 5139 μηδεμίαν
1569 5067 1718 5139 αὑτῷ
1752 5070 2103 5142 παρείσδυσιν

426 5153 680 5221 ἀφιέναι,
704 5154 841 5210 άλλά
867 5156 962 5210 καὶ
986 5153 1231 5225 γλώττης
1260 5154 1545 5225 ἀκρίϐειαν
1567 5156 1985 5222 ἐπιδείκνυσθαι,
2009 5157 2102 5211 καὶ

428 5236 729 5308 ςόφθαλμῶν
785 5243 1120 5312 ἀσφάλειαν,
1168 5242 1262 5295 καὶ
1295 5242 1532 5305 διανοίας
1582 5242 1967 5314 καθαρότητα,
2011 5245 2105 5297 καὶ

423 5324 703 5394 ιδιηνεκῶς
734 5327 1022 5394 ἐναγώνιον
1044 5325 1206 5393 εἶναι,
1245 5328 1499 5400 καθάπερ
1531 5328 1721 5400 θηρίου
1749 5330 1894 5393 τινὸς
1926 5331 2105 5385 ἐπιόν-

431 5429 549 5474 τος,
589 5412 684 5464 καὶ
704 5411 1044 5481 λυμήνασθαι
1076 5417 1207 5487 ἡμῖν
1235 5416 1657 5488 ἐπιχειροῦντος.
1693 5417 1792 5470 Διὰ
1818 5418 1926 5488 γὰρ
1946 5418 2105 5472 τοῦτο

430 5498 533 5554 καὶ
558 5500 590 5567 ἡ
626 5498 1007 5570 οὐρανομήκης
1037 5503 1217 5574 ἐκείνη
1246 5504 1412 5576 ψυχὴ,
1449 5507 1478 5558 6
1512 5503 1618 5557 τῶν
1648 5503 1818 5558 ἐθνῶν
1853 5504 2104 5559 διδάσκα-

431 5585 549 5649 λος,
581 5586 615 5653 ἡ
650 5583 866 5651 γλῶττα
895 5585 992 5656 τῆς
1021 5588 1367 5659 οἰκουμένης,
1407 5592 1435 5643 6
1468 5591 1609 5662 ὑπὲρ
1644 5590 1745 5661 τῆς
1782 5591 1892 5645 τῶν
1923 5589 2103 5662 μαθη-

499 5740 527 5769 ι
548 5738 632 5786 Sic
652 5736 801 5787 Savil.
826 5737 951 5799 Reg.
973 5747 1026 5788 el
1044 5739 1245 5790 Coislin.
1267 5756 1277 5800 ;
1305 5743 1456 5793 Morel
1471 5781 1482 5793 .
1504 5745 1669 5797 αὑτοῦ.

502 5801 527 5838 ι»
551 5799 777 5858 Quinque
802 5812 915 5846 mss.
940 5800 1024 5847 τήν
1050 5802 1228 5857 πολλὴν
1254 5804 1466 5853 εὐωδίαν.
1495 5808 1623 5857 Infra
1653 5809 1853 5861 Coislin.
1877 5816 1959 5869 τῆς
1978 5809 2102 5859 κατὰ

430 5859 591 5919 ψυχὴν
610 5859 790 5917 ἀρετῆς.
1012 5918 1015 5919 ν

504 5911 533 5947 θ’
551 5911 928 5968 Ευὶὲηιιζπὸσαι
962 5918 1065 5982 γάρ.

2210 462 2513 531 τευομένων
2549 465 2823 535 σωτηρίας
2860 466 3074 519 ἅπαντα
3107 466 3646 537 πραγματευόμενος,
3682 464 3875 530 εἰπὼν,

2221 549 2575 604 Ἀναλάϐετε
2602 551 2717 620 τὴν
2734 554 3081 608 πανοπλίαν
3095 552 3198 608 τοῦ
3222 552 3391 619 Θεοῦ,
3422 553 3581 607 πάλιν
3606 555 3877 624 ἐπήγαγε,

2209 634 2473 690 πάντοθεν
2510 639 2659 707 ἡμᾶς
2696 640 3079 711 περιφράττων
3102 679 3117 705 ,
3153 641 3248 693 καὶ
3279 639 3612 710 άχειρώτους
3651 641 3881 713 ἐργαζό-

2213 738 2391 791 μενος,
2443 723 2586 777 οῦτω
2630 725 2836 794 λέγων·
2890 726 3080 795 Στῆτε
3127 722 3240 782 οὖν
3280 724 3730 797 περιεζωσμένοι
3763 726 3881 796 τὴν

2210 810 2412 878 δσφὺν
2448 812 2617 882 ὑμῶν
2643 813 2715 868 ἐν
2744 814 3013 882 ἀληθείᾳ,
3054 817 3151 871 καὶ
3186 814 3583 885 ἐνδυσάμενοι
3628 814 3735 869 τὸν
3770 814 3882 869 θὼς-

2201 914 2362 964 ρακα
2391 897 2502 966 τῆς
2529 901 2787 968 πίστεως
2810 899 2859 969 ἀ,
2901 903 2997 956 καὶ
3033 902 3484 972 ὑποδησάμενοι
3508 902 3649 967 τοὺς
3686 901 3882 969 πόδας

2208 985 2278 1038 ἐν
2297 985 2607 1055 ἑτοιμασίᾳ
2628 988 2734 1041 τοῦ
2763 991 3115 1058 εὐαγγελίου
3145 989 3257 1059 τῆς
3275 979 3540 1059 είρήνὴς,
3564 989 3663 1043 ἐπὶ
3687 987 3883 1044 πᾶσιν

2211 1072 2615 1142 ἀναλαϐόντες
2640 1076 2749 1131 τὸν
2792 1078 3008 1145 θιφεὸν
3044 1078 3155 1145 τῆς
3187 1077 3464 1143 πίστεως,
3501 1078 3573 1131 ὲν
3607 1070 3656 1144 ᾧ
3696 1076 3884 1143 δυνήσ-

2209 1165 2394 1217 σεσθε
2426 1162 2624 1218 πάντα
2658 1166 2728 1220 τὰ
2749 1165 2909 1233 ,βέλη
2938 1166 3044 1220 τοῦ
3074 1166 3340 1235 πονηροῦ
3377 1164 3450 1218 τὰ
3482 1164 3884 1234 πεπυρωμένα

2209 1250 2444 1313 σϐέσαι,
2472 1250 2568 1303 καί
2606 1250 2722 1319 τὴν
2751 1254 3222 1321 περικεφαλαίαν
3240 1253 3347 1306 τοῦ
3379 1252 3674 1320 σωτηρίου
3699 1252 3882 1315 δέξα-

2209 1338 2339 1399 σθε,
2375 1338 2473 1390 καί
2502 1338 2618 1406 τὴν
2637 1339 2940 1408 μάχαιραν
2962 1339 3066 1393 τοῦ
3102 1342 3463 1409 Πνεύματος,
3502 1341 3537 1393 ὅ
3560 1341 3690 1394 ἐστι
3711 1338 3884 1408 ῥῆμα

2213 1423 2380 1478 Θεοῦ.
2400 1420 2552 1487 Εἶδες
2583 1427 2758 1480 πάντα
2778 1427 2846 1480 τὰ
2877 1426 3012 1498 μέλη
3041 1427 3189 1491 ὅπως
3218 1425 3569 1499 περιέφραξε,
3588 1424 3885 1479 καὶικαθά-

2210 1528 2319 1582 περ
2349 1528 2433 1576 τις
2462 1513 2542 1575 είς
2571 1513 2805 1584 πόλεμόν
2834 1530 2954 1567 τινα
2984 1513 3195 1584 μέλλων
3220 1514 3532 1584 ἐξαγαγεῖν,
3557 1512 3699 1567 οὑτω
3729 1513 3882 1585 πρῶ-

2209 1615 2302 1651 τον
2334 1599 2432 1669 μὲν
2460 1602 2527 1670 τῇ
2559 1599 2701 1671 ζώνῃ
2746 1600 3103 1669 ἠσφαλίσατο,
3137 1600 3279 1654 ὥστε
3307 1601 3526 1655 εὑκολον
3568 1597 3706 1655 εἶναι
3746 1602 3885 1671 ἡμῖν

2211 1685 2301 1739 τὸν
2330 1685 2549 1758 δρόμον,
2583 1686 2772 1740 ἔπειτα
2822 1687 2913 1741 τὸν
2942 1686 3168 1759 θώρακα
3198 1688 3442 1741 ἐνέδυσεν
3463 1729 3478 1754 ,
3524 1689 3612 1741 ἵνα
3655 1688 3728 1760 μὴ
3773 1687 3886 1741 ὑπὸ

2210 1773 2320 1827 τῶν
2367 1772 2535 1843 βελῶν
2564 1773 2950 1847 πληττώμεθα,
2995 1776 3091 1830 καὶ
3136 1777 3263 1840 τοὺς
3308 1777 3471 1840 πόδας
3521 1776 3884 1846 ἠσφαλίσατο,

2212 1859 2309 1913 καὶ
2336 1860 2670 1931 πανταχόθεν
2692 1864 2758 1933 τῇ
2781 1862 2960 1916 πίστει
2980 1864 3373 1935 περιέφραξεν;
3400 1865 3545 1935 Αῦτη
3568 1865 3694 1934 γάρ,
3714 1864 3884 1935 αὕτη,

2213 1948 2368 2018 φησὶ,
2398 1950 2494 2002 καὶ
2522 1948 2591 2001 τά
2620 1948 2747 2019 βέλη
2777 1948 2871 2003 τοῦ
2908 1950 3144 2021 πονηροῦ
3180 1950 3247 2004 τά
3281 1951 3652 2023 πεπυρωμένα
3689 1949 3885 2004 σϐέσαι

2210 2034 2518 2107 δυνήσεται.
2548 2036 2683 2091 Τίνα
2730 2036 2788 2089 δέ
2820 2038 2936 2090 ἐστι
2978 2036 3071 2091 τοῦ
3104 2037 3351 2092 διαϐόλου
3399 2037 3467 2091 τὰ
3498 2037 3659 2109 βέλη;
3688 2037 3755 2089 Al
3785 2054 3887 2090 πο-

2211 2122 2373 2193 νηραὶ
2417 2122 2727 2194 ἐπιθυμίαι,
2757 2124 2807 2177 οί
2852 2124 3153 2196 ἀκάθαρτοι
3199 2125 3466 2196 λογισμοὶ,
3499 2124 3570 2179 τά
3616 2124 3763 2194 πάθη
3811 2123 3887 2177 τά

2212 2208 2456 2281 ὀλέθρια,
2495 2210 2688 2282 θυμὸς,
2722 2210 3025 2282 βασκανία,
3053 2212 3274 2282 φθόνος,
3316 2212 3485 2285 ὀργὴ,
3522 2213 3707 2283 μῖσος,
3739 2228 3884 2282 κρη-

2215 2296 2402 2367 μάτων
2445 2296 2711 2368 ἐπιθυμία
2757 2299 2850 2352 καὶ
2896 2300 2929 2369 ἠ
2971 2299 3102 2370 άλλη
3135 2300 3322 2354 ἆπασα
3356 2299 3617 2371 ῥᾳθυμία.
3658 2298 3845 2353 Ταῦτα
3869 2338 3885 2361 ,

2214 2382 2400 2454 φησὶν,
2436 2386 2652 2439 ἅπαντα
2683 2384 2875 2439 σϐέσαι
2905 2386 3194 2456 δυνήσεται
3219 2388 3253 2457 ή
3301 2387 3544 2458 μάχαιρα
3581 2385 3674 2438 τοῦ
3709 2384 3889 2438 Πνεύ-

2216 2488 2407 2541 ματος.
2446 2472 2559 2527 Καὶ
2599 2473 2653 2527 τί
2695 2472 2839 2543 λέγω
2882 2473 3106 2541 σϐέσαι;
3155 2473 3265 2528 Kal
3296 2472 3395 2545 τὴν
3435 2471 3673 2543 κεφαλὴν
3710 2471 3888 2541 αὑτὴν

2212 2559 2307 2611 τοῦ
2334 2559 2592 2631 πολεμίου
2619 2560 2915 2632 ἀποτεμεῖν
2942 2560 3251 2633 δυνήσεται.
3281 2556 3432 2625 Εἶδες
3464 2559 3579 2623 πῶς
3610 2557 3888 2628 ἐνεύρωσε

2211 2646 2339 2709 τοὺς
2369 2646 2879 2718 μαθητευομένους;
2918 2646 3037 2711 πῶς
3075 2647 3247 2720 κηροῦ
3278 2647 3693 2718 μαλακωτέρους
3720 2644 3889 2709 ὄντας

2214 2732 2432 2804 σιδήρου
2466 2734 2853 2808 στερροτέρους
2891 2737 3220 2809 εἰργάσατο;
3270 2735 3484 2807 Ἐπειδὴ
3518 2734 3627 2804 γὰρ
3653 2735 3786 2804 ἡμῖν
3817 2734 3888 2787 οὑ

2214 2820 2351 2892 πρὸς
2379 2815 2517 2893 αἷμα
2541 2823 2636 2875 καὶ
2666 2822 2843 2893 σάρκα
2868 2823 2897 2876 6
2925 2823 3176 2893 πόλεμος,
3206 2822 3342 2877 ἀλλὰ
3376 2823 3512 2894 πρὸς
3540 2820 3637 2885 τὰς
3659 2820 3892 2892 ἀσωμά-

2212 2924 2340 2972 τους
2371 2907 2649 2979 δυνάμεις,
2699 2909 2786 2963 διά
2819 2909 2977 2964 τοῦτο
3013 2910 3134 2964 οὑδὲ
3178 2909 3248 2964 τὰ
3297 2909 3437 2964 ὅπλα
3481 2911 3612 2982 ημῖν
3643 2907 3889 2980 σαρκικά

2216 2996 2559 3067 περιέθηκεν,
2589 2996 2726 3051 ἀλλά
2769 2997 2947 3052 πάντα
2995 2997 3377 3069 πνευματικά,
3409 2997 3502 3051 καὶ
3538 2996 3710 3060 οὑτως
3746 2997 3891 3050 ἀπο-

2216 3082 2519 3151 στίλϐοντα,
2566 3083 2706 3137 ὥστε
2740 3084 2874 3157 μηδέ
2902 3085 3002 3156 τὴν
3041 3085 3107 3138 ἐκ
3157 3085 3361 3140 τούτων
3393 3086 3586 3157 αἴγλην
3634 3086 3885 3153 ἐνεγκεῖν

2212 3167 2473 3223 δύνασθαι
2505 3169 2598 3224 τὸν
2635 3171 2871 3242 πονηρὸν
2904 3172 3109 3226 ἐκεῖνον
3145 3172 3391 3243 δαίμονα.
3636 3182 3641 3185 “

2286 3272 2401 3346 [21]
2421 3281 2481 3337 ς’.
2502 3272 2739 3330 Τοιαῦτα
2756 3275 2934 3329 τοίνυν
2950 3276 3089 3329 ὅπλα
3105 3276 3442 3349 ἐνδεδυμένοι
3472 3277 3547 3350 μὴ
3566 3277 3887 3351 φρίττωμεν

2212 3372 2312 3439 τὴν
2339 3371 2537 3443 πάλην,
2571 3372 2706 3443 μηδέ
2746 3373 2845 3445 τὴν
2876 3373 3192 3446 συμπλοκὴν
3233 3375 3540 3446 φεύγωμεν,
3580 3376 3715 3430 ἀλλά
3745 3379 3888 3449 μηδέ

2216 3470 2567 3543 ρᾳθυμῶμεν.
2618 3472 2827 3544 Ὠσπερ
2866 3471 2973 3546 γάρ
3013 3473 3291 3544 νηφόντων
3322 3473 3480 3545 ημῶν
3507 3475 3607 3527 οὑκ
3645 3474 3711 3528 ἀν
3750 3493 3888 3529 ποτε

2215 3567 2551 3639 περιγένοιτο
2586 3572 2615 3624 6
2648 3569 2884 3641 πονηρὸς
2922 3570 3132 3641 δαίμων
3174 3573 3378 3635 ἐκεῖνος
3419 3572 3516 3644 τῆς
3549 3572 3657 3627 τῶν
3702 3571 3889 3628 ὃπλων

2213 3664 2514 3734 δυνάμεως,
2558 3666 2653 3720 ἐάν
2700 3666 3014 3738 βουλώμεθα
3061 3667 3240 3740 ἄκυρα
3285 3669 3449 3722 αὑτοῦ
3500 3671 3721 3743 ποιῆσαι
3766 3672 3886 3726 τάο

2216 3761 2582 3833 μηχανήματα
2603 3776 2615 3789 ·
2645 3759 2816 3827 οὑτως
2842 3761 2936 3819 ἐὰν
2965 3763 3317 3837 ρᾳθυμῶμεν,
3342 3766 3491 3820 οὐδὲν
3521 3767 3653 3837 ἡμῖν
3688 3766 3887 3836 ὄφελος

2213 3856 2390 3923 ἔσται,
2418 3854 2514 3911 τοῦ
2565 3857 2822 3929 πολεμίου
2860 3860 2960 3930 τῆς
3005 3860 3281 3933 ἡμετέρας
3311 3863 3581 3933 σωτηρίας
3618 3864 3887 3935 διηνεκῶς

2212 3953 2598 4024 ἐγρηγορότος,
2631 3954 2726 4010 καὶ
2758 3956 2935 4009 πάντα
2965 3956 3105 4010 κατὰ
3137 3957 3236 4029 τῆς
3270 3958 3543 4030 σωτηρίας
3570 3959 3729 4029 ἡμῶν
3761 3960 3878 4013 διαο

2212 4042 2614 4112 πραττομένου.
2664 4043 3004 4114 Πανταχόθεν
3038 4044 3217 4099 τοίνυν
3260 4046 3570 4117 δπλίξωμεν
3613 4048 3845 4110 ἑαυτοὺς
3867 4088 3883 4113 ,

2214 4131 2305 4183 καὶ
2352 4130 2615 4202 ῥημάτων
2666 4130 2993 4202 φειδόμενοι,
3037 4132 3132 4185 καὶ
3170 4133 3509 4205 πραγμάτων
3552 4134 3886 4205 ἀπεχόμενοι

2209 4227 2319 4281 τῶν
2354 4226 2610 4297 βλάπτειν
2662 4224 2809 4299 ἡμᾶς
2844 4227 3191 4298 δυναμένων,
3228 4230 3321 4282 καὶ
3358 4229 3495 4300 μετὰ
3525 4230 3625 4300 τῆς
3666 4230 3887 4301 ἀποχῆς

2210 4314 2320 4368 τῶν
2346 4313 2670 4385 βρωμάτων,
2695 4316 2788 4368 καὶ
2815 4317 2914 4384 τῆς
2938 4314 3102 4385 ἄλλης
3126 4316 3346 4388 ἀρετῆς,
3366 4317 3460 4371 καὶ
3478 4317 3576 4388 τὴν
3601 4318 3730 4389 περὶ
3754 4322 3884 4383 τοὺς

2211 4403 2450 4473 πένητας
2484 4401 2763 4472 δαψίλειαν
2802 4402 3270 4474 ἐπιδεικνυώμεθα
3300 4403 3346 4471 τ,
3389 4404 3588 4470 εἰδότες
3634 4406 3733 4476 ὅση
3778 4406 3886 4477 τῆς

2212 4490 2341 4561 περὶ
2380 4489 2601 4553 τούτους
2641 4489 2935 4562 θεραπείας
2985 4491 3117 4560 ἡμῖν
3161 4490 3401 4545 κείσεται
3439 4493 3472 4562 ὴ
3504 4492 3883 4558 ἀνταπόδοσις.

2221 4577 2286 4630 '0
2327 4576 2436 4645 γὰρ
2480 4573 2702 4640 ἐλεῶν,
2742 4578 2909 4647 φησὶ,
2951 4576 3219 4646 πτωχὸν,
3260 4576 3508 4638 δανείζει
3551 4578 3693 4645 Θεῷ.
3737 4580 3885 4651 Ὅρα

2208 4664 2421 4719 δανείου
2472 4664 2633 4733 φύσιν
2686 4662 2841 4734 ξένην
2898 4664 2989 4717 καὶ
3037 4663 3356 4736 παράδοξον.
3386 4666 3611 4737 Ἕτερός
3661 4668 3810 4722 ἐστιν
3854 4671 3886 4723 6

2209 4752 2521 4825 λαμϐάνων,
2569 4753 2665 4806 καὶ
2709 4752 2895 4824 ἕτερος
2933 4754 2962 4804 6
2997 4751 3075 4823 τῷ
3121 4752 3317 4825 δανείῳ
3349 4754 3539 4807 ἑαυτὸν
3579 4754 3885 4809 ὑπεύθυνον

2209 4838 2504 4903 καθιστάς·
2538 4838 2633 4892 καὶ
2657 4839 2717 4892 οὑ
2767 4838 2926 4892 τοῦτο
2954 4838 3133 4909 μόνον,
3175 4839 3288 4893 ἀλλ’
3329 4840 3408 4893 ὅτι
3438 4841 3531 4894 ἐπὶ
3554 4842 3746 4895 τούτου
3782 4842 3883 4896 τοῦ

2208 4928 2418 4983 δανείου
2450 4925 2551 4980 οὑκ
2580 4925 2726 4979 ἐστιν
2759 4925 3153 4997 ἀγνωμοσύνην
3181 4927 3498 4998 ὑποστῆναι,
3529 4928 3649 4982 οὑδὲ
3687 4929 3884 5002 ἑτέραν

2207 5015 2331 5069 τινὰ
2373 5012 2595 5084 ζημίαν.
2628 5012 2762 5066 Οὑδέ
2813 5012 2954 5083 γὰρ,
2989 5012 3239 5086 καθάπερ
3269 5013 3534 5079 ἐνταῦθα,
3582 5016 3883 5087 ἑκατοστὴν

2213 5101 2372 5172 μόνον
2399 5100 2740 5170 ὑπισχνεῖται
2766 5098 2956 5152 δώσειν
2978 5101 3023 5166 ε,
3051 5099 3186 5153 ἀλλά
3215 5101 3744 5156 ἑκατονταπλασίονα
3767 5103 3881 5160 τῶν

2207 5188 2521 5259 διδομένων,
2562 5188 2654 5240 καὶ
2686 5185 2806 5239 οὑδὲ
2836 5186 2998 5257 μέχρι
3030 5186 3222 5242 τούτου
3262 5187 3497 5257 ἵσταται,
3529 5190 3665 5244 ἀλλά
3706 5190 3882 5245 ταῦτα

2211 5278 2308 5346 μὲν
2331 5277 2387 5328 ἐν
2421 5272 2500 5345 τῷ
2522 5273 2771 5345 παρόντι,
2794 5273 2887 5327 καὶ
2925 5276 2982 5326 ἐν
3006 5273 3085 5345 τῷ
3116 5274 3363 5345 μέλλοντι
3390 5275 3445 5328 δὲ
3473 5274 3617 5348 ζωὴν
3639 5277 3879 5336 αἰώνιον.

2210 5364 2317 5416 Καὶ
2346 5360 2440 5415 ἐπὶ
2496 5360 2596 5433 μὲν
2628 5359 2722 5414 τοῦ
2773 5361 3036 5433 παρόντος
3070 5362 3184 5432 βίου
3232 5364 3282 5416 εῐ
3318 5381 3402 5427 τις
3446 5366 3579 5434 ἡμῖν
3613 5365 3883 5435 ὑπέσχετο

2207 5452 2525 5506 διπλασίονα
2560 5450 2719 5522 μόνον
2750 5448 2861 5503 τῶν
2908 5449 3196 5523 διδομένων
3230 5451 3319 5520 ὑφ’
3362 5452 3521 5523 ἡμῶν
3552 5456 3878 5524 παρασχεῖν,

2209 5541 2503 5613 προθύμως
2541 5540 2609 5593 ἂν
2634 5539 2850 5595 ἃπασαν
2877 5541 3035 5612 ἡμῶν
3067 5542 3163 5613 τὴν
3196 5542 3429 5614 ὕπαρξιν
3457 5544 3878 5616 προσηκάμεθα,

2270 5681 2297 5721 d
2319 5683 2518 5747 Cpislin.
2542 5681 2623 5732 τὸν
2650 5683 2843 5747 θώρακα
2863 5689 2948 5743 τῆς
2973 5685 3289 5747 δικαιοσύνης.

2276 5744 2402 5815 e_Sjc
2421 5746 2654 5815 quinqpq
2681 5744 2798 5794 mss.
2824 5751 2876 5815 οἱ
2906 5746 3254 5815 ξεινίιηΜοτοι.
3294 5767 3308 5815 _:
3355 5746 3610 5809 δυνάμεως,
3652 5746 3755 5797 ἀλλ’
3794 5747 3879 5798 ἐὰν

2213 5806 2598 5866 βουλώμεθα,καὶ
2627 5806 2778 5870 ἄκυρα
2796 5806 2942 5855 αὑτοῦ
2968 5809 3229 5869 ποιήσομεν
3252 5809 3329 5856 τά.

2282 5866 2301 5903 τ
2325 5865 2538 5914 (ὶοΙὺρη.
2565 5871 2617 5914 et
2642 5870 2838 5917 (Inislin.
2864 5870 3232 5917 ἐπιδεικνύμεθα.

2284 5886 2293 5903 ι
2325 5886 2538 5914 ινιυιυυτι.
2565 5886 2617 5914 υι
2642 5886 2838 5917 υνιειιιι.
2864 5886 3232 5929 επιοεικνυμευα.

2279 5929 2304 5967 Β
2325 5927 2445 5990 Reg.
2478 5933 2531 5977 cl
2554 5929 2751 5979 Coislin.
2776 5930 3070 5991 ὑπισχνεῖται
3106 5931 3253 5979 δόσιν.
3288 5931 3382 5981 Alii
3409 5930 3594 5982 δώσειν,
