4144 6424
426 381 494 439 37
756 336 761 339 i
1572 365 1635 420 IN
1676 364 1827 420 cur.
1871 362 1908 419 t.
1949 360 2193 419 cenes.
2237 359 2466 417 llOllll..
2510 359 2596 417 ιιι.
3648 365 3715 422 εδ

431 492 499 550 ab
523 501 708 546 errore
728 484 795 540 ad
810 482 1107 544 veritatem,
1124 478 1218 543 ait,
1240 476 1632 541 mauuduxerit,
1650 476 1732 531 vel
1754 483 2021 546 apeccato

433 585 500 641 ad
529 590 782 638 virtutem
815 578 1112 648 proximum
1142 571 1429 633 induxerit,
1461 584 1557 638 pro
1587 568 1721 622 virili
1755 576 1903 637 parte
1925 567 1995 619 Im

433 691 589 732 mana
619 689 707 729 me
733 671 993 728 imitatur.
1024 666 1233 724 Etenim
1255 665 1368 736 ipse
1392 678 1511 718 cum
1537 662 1676 716 Deus
1696 662 1781 722 sit,
1805 668 2023 729 propter

434 767 567 824 nihil
590 765 732 820 aliud
762 771 998 817 nostram
1022 758 1193 814 induit
1220 770 1458 821 carnem,
1483 762 1539 809 et
1565 762 1782 823 propter
1805 750 2022 805 humani

434 857 647 930 generis
688 855 917 910 salutem
959 850 1131 907 factus
1157 858 1239 904 est
1276 848 1457 902 homo.
1489 844 1597 901 Sed
1635 843 1761 913 quid
1801 857 1903 913 ego
1929 857 2025 895 no-

435 961 603 1005 stram
644 947 790 1001 illum
820 943 1057 999 induisse
1098 956 1314 996 carnem
1343 938 1484 1003 dico,
1523 945 1822 1005 eteteraque
1847 933 2024 988 omnia

435 1039 760 1095 sustinuisse
805 1037 1057 1100 humana,
1089 1030 1301 1102 quando
1337 1029 1495 1084 etiam
1525 1041 1741 1083 crucem
1772 1025 2025 1094 suscepit,

436 1145 494 1187 ut
514 1146 611 1187 nos
632 1136 850 1202 peccato
875 1127 1136 1182 obnoxios
1158 1140 1187 1177 a
1214 1122 1496 1178 maledicto
1523 1119 1812 1175 liberaret?
1841 1119 1908 1173 Et
1928 1118 2029 1172 hoc

437 1239 649 1296 quoque
695 1221 888 1277 Paulus
937 1218 1152 1284 clamat,
1197 1215 1425 1270 dicens:
1477 1211 1703 1267 Christus
1750 1227 1840 1264 nos
1882 1208 2029 1263 rede-

439 1320 532 1371 mit
580 1333 612 1371 a
660 1314 926 1369 maledicto
973 1311 1117 1382 legis,
1161 1313 1325 1381 factus
1374 1323 1466 1377 pro
1519 1304 1661 1360 nobis
1708 1301 2030 1357 maledictum

442 1409 584 1484 (Gal.
619 1410 672 1463 5.
700 1409 813 1477 l3).
842 1405 896 1461 Si
927 1405 1087 1476 igitur
1115 1403 1249 1472 ipse,
1272 1401 1360 1471 qui
1394 1400 1531 1454 Deus
1560 1407 1721 1453 estet
1749 1394 2033 1451 inefl'ahilis

442 1502 725 1566 essentne,
771 1499 842 1554 ob
894 1496 1278 1567 benignitatem
1321 1493 1641 1548 ineffabilem
1694 1492 1808 1549 lucc
1855 1489 2032 1548 omnia

446 1601 664 1663 prepter
707 1605 807 1646 nos
848 1598 902 1644 et
940 1597 1159 1658 propter
1200 1587 1426 1642 salutem
1467 1593 1706 1640 nostram
1750 1583 2028 1653 suscepit:

444 1684 574 1755 quid
604 1699 709 1739 non
757 1697 788 1737 a
840 1681 995 1737 nobis
1023 1694 1234 1751 aequum
1261 1687 1343 1735 est
1368 1685 1624 1749 praestare
1649 1691 1774 1747 erga
1799 1689 1913 1740 cos,
1945 1676 2033 1745 qui

446 1777 655 1847 cognati
682 1783 807 1830 sunt
830 1789 893 1830 ac
914 1773 1150 1829 membra
1182 1781 1384 1835 nostra,
1408 1779 1467 1825 ut
1491 1779 1707 1840 ereptos
1724 1782 1817 1824 eos
1840 1783 1906 1823 ex
1925 1767 2038 1822 dia-

448 1868 554 1921 buli
601 1865 862 1932 faucibus,
894 1865 947 1919 in
976 1863 1113 1917 viam
1157 1861 1373 1916 virtutis
1401 1859 1762 1915 inducamus?
1803 1858 1937 1913 Nam
1982 1865 2040 1913 ut

448 1959 626 2013 anima
667 1971 895 2028 corpore
923 1953 1260 2025 praestantior
1286 1961 1387 2018 est,
1423 1953 1492 2007 ita
1525 1952 1607 2016 iis,
1633 1951 1723 2021 qui
1752 1950 2033 2020 indigenti—

450 2054 550 2109 bus
595 2052 854 2123 pecunias
901 2058 955 2104 et
999 2048 1276 2104 facultates
1326 2046 1694 2117 suppeditant,
1750 2043 2041 2114 majoribus

449 2146 686 2215 praemiis
731 2142 877 2214 digni
923 2151 1047 2197 sunt
1088 2140 1146 2207 ii,
1191 2139 1281 2210 qui
1326 2136 1667 2193 admonendo
1702 2144 1756 2191 et
1786 2134 2038 2190 continue

451 2239 695 2295 docendo
721 2238 773 2291 in
801 2236 942 2291 viam
972 2244 1175 2290 rectam
1203 2232 1423 2301 supinos
1448 2239 1502 2284 et
1518 2229 1733 2285 desides
1762 2227 2039 2295 inducunt,

455 2327 804 2383 monstrando
830 2327 909 2381 eis
942 2335 999 2381 et
1019 2325 1269 2379 vitiorum
1298 2320 1694 2377 deformitatem
1723 2359 1739 2387 ,
1771 2327 1825 2374 et
1846 2317 2041 2374 divina:

456 2422 667 2477 virtutis
693 2434 937 2491 magnam
965 2414 1412 2488 pulchritudinem
1435 2412 1475 2467 ³.

524 2515 579 2571 5.
613 2512 827 2568 Herulis
878 2510 1182 2567 exhortatio.
1227 2538 1299 2548 —
1343 2508 1467 2562 llatc
1506 2505 1665 2576 igitur
1697 2503 1874 2558 omnia
1912 2517 2034 2558 cum

453 2609 707 2674 sciamus,
733 2621 841 2677 prae
866 2604 1113 2661 omnibus
1140 2603 1260 2658 aliis
1279 2601 1433 2670 hujus
1460 2600 1580 2653 vita:
1600 2598 1744 2652 curis
1774 2597 1841 2652 de
1869 2595 2042 2651 salute

455 2702 647 2756 anima:
678 2699 948 2770 proximos
987 2696 1340 2766 alloquamur,
1372 2691 1617 2748 eamdem
1648 2690 1751 2745 illis
1792 2688 2044 2745 sollicitu-

457 2795 635 2850 dinem
662 2793 983 2862 ingerentes.
1014 2787 1258 2858 Optabile
1287 2786 1428 2842 enim
1457 2824 1475 2851 ,
1507 2783 1737 2853 optabile
1769 2781 1944 2851 plane,
1991 2787 2049 2834 ut

458 2885 656 2950 anima,
689 2882 774 2937 cui
814 2879 938 2943 haec
976 2879 1229 2935 continuo
1278 2875 1633 2938 inculcantur,
1665 2872 1836 2943 possit
1864 2869 2048 2926 reduci

458 2988 528 3030 ex
567 2974 761 3045 abysso
787 2971 1075 3037 malorum,
1104 2969 1157 3024 in
1191 2981 1415 3038 quorum
1450 2963 1629 3020 medio
1674 2976 1971 3027 versamur,
1999 2969 2054 3017 et

459 3058 803 3136 compescere
845 3063 1130 3119 affectuum
1158 3100 1175 3127 ,
1220 3059 1309 3130 qui
1363 3066 1626 3129 perpetuo
1671 3054 1905 3111 animam
1959 3068 2057 3109 no-

463 3170 630 3214 stram
672 3156 945 3219 infestant,
989 3152 1355 3209 rebellionem.
1386 3148 1590 3205 ideirco
1634 3146 1790 3203 nobis
1814 3160 1949 3216 opus
1974 3152 2058 3201 est

462 3264 655 3320 magna
697 3246 990 3319 vigilantia,
1026 3243 1279 3315 quoniam
1319 3250 1372 3297 et
1412 3239 1727 3296 continuum
1770 3237 1927 3294 nobis
1973 3246 2057 3292 est

466 3342 688 3405 bellum,
735 3348 790 3396 et
836 3337 1063 3393 inducite
1104 3334 1266 3390 nullae
1298 3352 1310 3388 :
1342 3332 1570 3403 ideoque
1607 3329 1806 3385 Paulus
1846 3328 2058 3383 dicebat

466 3437 713 3509 Ephesiis
753 3435 995 3491 scribens
1037 3451 1049 3488 :
1083 3430 1203 3487 Non
1230 3439 1302 3485 est
1334 3428 1479 3484 nobis
1508 3426 1798 3482 colluctatio
1818 3424 2059 3480 adversus

466 3532 762 3600 sanguinem
791 3538 835 3583 et
880 3543 1104 3594 carnem,
1130 3524 1220 3581 sed
1246 3523 1484 3578 adversus
1510 3520 1844 3592 principatus,
1873 3517 2056 3572 adver-

467 3642 554 3680 sus
576 3631 859 3695 potestates,
886 3620 1127 3675 adversus
1168 3615 1345 3671 mundi
1374 3615 1627 3679 dominos,
1658 3621 1873 3666 rectores
1919 3620 2059 3664 tene-

467 3716 673 3770 brarum
709 3714 879 3769 swculi
909 3712 1081 3783 hujus,
1114 3709 1359 3763 adversus
1386 3704 1676 3779 spirituales
1719 3704 1964 3772 nequitias
2008 3703 2062 3756 in

468 3806 746 3861 ctrlcstibus
772 3803 987 3875 (Ephes.
1021 3801 1075 3857 6.
1107 3800 1222 3871 12).
1255 3797 1331 3853 Ne
1357 3796 1697 3862 existimetis,
1728 3795 1822 3860 ait,
1846 3793 2063 3864 vulgare

472 3895 627 3952 nobis
653 3904 921 3951 certamen
951 3892 1171 3963 proponi
1206 3908 1219 3944 :
1251 3904 1357 3944 non
1388 3887 1648 3943 adversus
1694 3884 1936 3955 ejusdem
1964 3898 2064 3955 ge-

473 3989 618 4044 neris
645 3987 982 4043 adversarios
1010 3984 1163 4040 nobis
1188 3989 1272 4040 est
1296 3988 1592 4045 certamen,
1624 3993 1797 4049 neque
1824 3993 1890 4032 ex
1911 3990 2065 4047 aequo

478 4081 744 4138 exercitus
770 4087 955 4134 noster
984 4077 1275 4133 instructus
1304 4082 1409 4128 est.
1439 4072 1547 4127 Nos
1576 4071 1717 4127 enim
1753 4070 1843 4141 qui
1873 4084 2068 4139 corpo-

475 4175 623 4230 ribus
647 4188 833 4230 sumus
860 4171 1081 4238 annexi,
1113 4171 1164 4224 in
1201 4182 1319 4224 acte
1345 4164 1593 4221 collocati
1626 4177 1831 4229 sumus,
1863 4171 1919 4216 ut
1944 4176 2066 4218 eum

480 4263 813 4335 ineorporeis
838 4262 1122 4317 virtutibus
1153 4259 1504 4329 confligamus
1533 4272 1548 4310 :
1574 4254 1669 4311 sed
1698 4270 1765 4309 ne
1797 4253 2066 4308 timeatis:

479 4373 604 4414 nam
628 4356 754 4411 licet
782 4353 1059 4424 inaequalis
1103 4350 1175 4406 sit
1213 4363 1411 4421 pugna,
1458 4361 1649 4416 magna
1682 4353 1858 4400 tamen
1886 4358 2070 4398 armo-

483 4465 605 4505 rum
631 4438 935 4502 ndstrorum
956 4446 1123 4499 virtus
1147 4452 1249 4499 est.
1282 4439 1566 4511 Suhjungit
1592 4437 1734 4492 enim
1764 4437 1898 4503 haec,
1922 4434 2072 4504 quasi

480 4540 684 4597 diceret
706 4557 719 4593 :
744 4538 1004 4607 Quoniam
1021 4536 1245 4591 novistis
1268 4533 1499 4588 hostium
1526 4540 1791 4595 naturam,
1815 4545 1881 4584 ne
1898 4529 2076 4583 animo

483 4632 795 4699 coneidatis,
823 4646 890 4687 ne
915 4629 1226 4701 torpeseatis
1242 4626 1306 4682 ad
1328 4640 1580 4697 pugnam;
1604 4622 1721 4689 sed,
1750 4621 1967 4693 Propter
1985 4621 2079 4675 hoc

482 4726 719 4795 suscipite
727 4732 1034 4778 armaturam
1053 4721 1226 4790 Dei,ut
1237 4718 1434 4789 possitis
1449 4717 1675 4772 resistere
1687 4714 1884 4769 insidiis
1894 4712 2083 4768 diaboli

486 4818 706 4891 (Ep/tes.
747 4817 801 4873 6.
831 4814 944 4886 11).
973 4814 1151 4870 Multae
1202 4812 1345 4867 enim
1388 4810 1504 4881 ejus
1551 4818 1677 4864 sunt
1710 4805 1938 4870 insidiaa,
1972 4803 2077 4861 hoc

487 4919 573 4967 est
600 4910 721 4975 viae,
752 4922 849 4978 per
885 4922 1018 4978 quas
1040 4903 1455 4976 negligentiores
1484 4900 1824 4971 supplantare
1850 4897 2037 4951 nititur
2064 4912 2081 4952 :

488 5015 623 5072 quas
663 4998 948 5070 diligenter
977 5009 1305 5068 cognoscere
1328 5007 1505 5062 operae
1530 4990 1758 5061 pretium
1787 4995 1887 5053 est,
1919 4988 1988 5041 ita
2020 4995 2081 5041 ut

491 5092 805 5163 effugiemus
823 5088 940 5160 ejus
957 5096 1198 5153 conatus,
1221 5094 1276 5141 et
1295 5084 1501 5140 nullum
1524 5082 1625 5154 ipsi
1649 5081 1946 5152 ingressum
1966 5092 2091 5149 per—

492 5184 785 5241 mittamus.
800 5179 939 5250 Quin
955 5188 1011 5235 et
1024 5179 1216 5250 linguae
1233 5177 1460 5247 diligens
1470 5172 1716 5228 habenda
1726 5180 1808 5227 est
1825 5168 2088 5236 custodia,

493 5286 548 5333 et
565 5275 702 5331 oculi
730 5271 1006 5330 muniendi
1031 5279 1177 5338 sunt,
1198 5280 1253 5326 et
1276 5284 1428 5323 mens
1442 5264 1737 5337 purganda,
1761 5272 1815 5319 et
1831 5269 2089 5334 perpetuo

497 5369 564 5423 ad
595 5381 825 5438 pugnam
865 5373 1085 5437 paratos
1115 5375 1235 5417 esse
1281 5358 1557 5421 convenit,
1597 5355 1750 5426 quasi
1775 5354 1883 5408 fera
1912 5351 2089 5420 aliqua

499 5475 600 5517 nos
627 5457 883 5522 invadat,
915 5464 970 5510 et
991 5453 1189 5509 lmdere
1214 5458 1457 5506 conetur.
1494 5447 1721 5517 Propter
1748 5442 1891 5515 quod
1933 5440 2090 5495 caele.

498 5554 598 5610 stis
626 5553 713 5609 illa
731 5551 932 5617 anima,
958 5547 1146 5603 doctor
1167 5544 1424 5615 gentium,
1450 5542 1628 5611 lingua
1645 5538 1810 5602 orbis,
1838 5534 1969 5590 nihil
1991 5548 2089 5588 nor

503 5659 668 5717 agens
692 5658 792 5715 pro
819 5641 995 5697 salute
1023 5636 1429 5709 discipulorum,
1457 5641 1740 5704 postquam
1771 5628 1925 5695 dixit,
1959 5625 2079 5681 Acci

567 5823 586 5854 ⁸
618 5825 842 5889 Qulnque
867 5826 993 5878 Mss,
1017 5817 1189 5868 bonum
1207 5813 1421 5872 odorem,
1447 5822 1552 5874 pro,
1576 5802 2003 5873 pulchritudinem.

2134 482 2240 542 pne
2257 483 2574 527 armaturam
2617 472 2711 528 Dei
2735 490 2751 538 ;
2783 472 2975 529 iterum
3003 470 3240 546 subjicit,
3268 482 3324 531 et
3352 489 3451 531 nos
3480 478 3712 549 undique

2130 564 2397 630 muniens,
2450 574 2500 620 et
2552 566 2776 620 invictos
2823 565 3046 634 faciens,
3079 567 3158 623 sic
3180 567 3310 623 dicit
3347 586 3361 623 :
3399 568 3543 625 State
3562 572 3714 641 igitur

2129 656 2340 710 accincti
2387 657 2572 712 lumbis
2611 659 2786 713 vestris
2822 659 2875 713 in
2917 660 3154 728 veritate,
3184 669 3229 714 et
3254 641 3435 715 induti.
3462 664 3715 717 thoracem

2130 748 2251 818 ﬁdei
2279 749 2318 814 ί,
2346 757 2391 802 et
2420 749 2628 804 calceati
2668 750 2817 820 pedes
2854 759 3041 806 vestros
3064 752 3116 805 in
3148 754 3518 823 praeparatione
3558 770 3715 809 evan-

2130 840 2248 910 gelii
2291 842 2449 912 pacis.
2497 840 2564 896 In
2611 842 2839 896 omnibus
2882 843 3120 898 assumite
3143 850 3340 897 scutum
3374 844 3514 909 ﬁdei,
3541 845 3593 899 in
3622 862 3719 913 quo

2133 933 2334 1003 possitis
2370 934 2540 987 omnia
2574 935 2674 989 tela
2716 935 2856 989 illius
2898 935 3060 1006 ignita
3084 937 3417 1007 exstinguere,
3446 947 3493 992 et
3518 939 3718 1009 galeam

2132 1023 2373 1078 salutaris
2401 1024 2631 1093 accipite,
2654 1033 2700 1079 et
2725 1024 2953 1093 gladium
2984 1024 3227 1094 Spiritus,
3259 1026 3394 1095 quod
3418 1036 3491 1081 est
3518 1027 3719 1081 verbum

2134 1114 2230 1170 Dei
2277 1113 2494 1187 (Ep/tes.
2533 1115 2586 1172 6.
2636 1113 2868 1187 14-17).
2919 1115 3110 1172 Vidisti
3164 1118 3434 1187 quomodo
3482 1119 3719 1173 omnium

2137 1207 2377 1262 membra
2420 1208 2739 1273 muniverit,
2769 1218 2824 1263 et
2848 1208 2998 1278 quasi
3038 1209 3090 1263 in
3124 1209 3363 1276 praelium
3413 1225 3721 1282 egressuros

2068 1377 2075 1384 θ
2139 1297 2368 1366 primum
2394 1313 2529 1352 zona
2554 1299 2753 1369 cingat,
2778 1313 2886 1369 quo
2916 1299 3285 1368 expeditiores
3308 1301 3476 1357 simus
3515 1302 3581 1357 ad
3602 1317 3723 1357 cur-

2137 1402 2292 1456 sum;
2323 1388 2446 1443 dein
2488 1388 2671 1443 induat
2697 1403 2796 1444 nos
2835 1388 3074 1455 thorace,
3103 1405 3171 1445 ne
3198 1405 3229 1444 a
3253 1390 3446 1461 jaculis
3474 1393 3725 1447 vulnere-

2139 1496 2278 1547 mur,
2312 1479 2406 1536 sed
2430 1490 2484 1536 et
2510 1479 2673 1550 pedes
2701 1481 2944 1544 munivit,
2975 1488 3031 1535 et
3054 1481 3293 1552 undique
3318 1482 3548 1537 armavit
3576 1482 3722 1539 fide?

2143 1571 2290 1639 Ha‘c,
2324 1571 2418 1637 ait,
2469 1571 2583 1626 lucc
2610 1570 2772 1641 ignita
2797 1570 2900 1626 tela
2929 1571 3101 1625 hostis
3135 1573 3476 1643 exstinguere
3508 1576 3723 1643 poterit.

2140 1663 2395 1731 Qttzenam
2419 1671 2596 1717 autem
2616 1670 2742 1717 sunt
2773 1662 2875 1718 tela
2902 1661 3139 1717 diaboli?
3165 1662 3315 1718 Malae
3340 1664 3726 1733 concupiscen-

2145 1754 2252 1820 tiae,
2281 1754 2569 1809 immundae
2586 1754 2957 1824 cogitationes,
2980 1755 3270 1825 perniciosi
3292 1754 3534 1821 allectus,
3559 1755 3727 1822 furor,

2145 1846 2459 1912 invidentia,
2490 1845 2708 1913 invidia,
2733 1846 2833 1913 ira,
2857 1845 3063 1913 odium,
3085 1847 3327 1917 pecunia:
3346 1849 3729 1918 concupiscen-

2147 1941 2238 2007 tia,
2266 1948 2323 1995 et
2358 1948 2551 1995 caetera
2577 1939 2753 1995 omnis
2781 1938 3008 2009 ignavia.
3040 1939 3184 2004 Huc,
3212 1940 3306 2006 ait,
3334 1941 3513 1995 omnia
3537 1940 3734 1996 exstinv

2143 2045 2310 2102 gnere
2347 2030 2541 2099 poterit
2583 2029 2792 2100 gladius
2831 2029 3077 2101 Spiritus.
3110 2030 3178 2087 Et
3202 2029 3330 2101 quid
3358 2031 3498 2099 dico,
3525 2034 3733 2087 exstin-

2146 2121 2346 2193 guere?
2394 2119 2567 2174 Etiam
2608 2120 2779 2189 ipsum
2824 2119 2994 2174 hostis
3035 2128 3492 2190 caputamputarc
3515 2120 3735 2176 valebit.

2153 2214 2338 2269 Vidisti
2381 2212 2653 2284 quomodo
2681 2212 2952 2267 roboravit
2982 2212 3270 2281 discipulos
3295 2213 3319 2267 ?
3346 2213 3616 2283 quomodo
3644 2229 3739 2269 eos

2149 2316 2304 2362 antea
2328 2321 2450 2362 cera
2474 2305 2771 2373 molliores,
2801 2304 2942 2359 ferro
2965 2302 3213 2358 fortiores
3235 2303 3450 2359 effecit?
3474 2304 3735 2372 Quoniam

2150 2400 2292 2456 enim
2319 2398 2474 2454 nobis
2498 2397 2693 2453 bellum
2710 2405 2812 2461 est,
2843 2411 2950 2451 non
2971 2395 3228 2451 adversus
3274 2411 3491 2452 carnem
3516 2406 3570 2451 et
3612 2410 3740 2451 sau-

2150 2491 2384 2563 guinem,
2404 2489 2498 2545 sed
2515 2489 2771 2544 adversus
2789 2489 3128 2556 incorporeas
3151 2486 3375 2543 virtutes
3394 2505 3408 2540 :
3437 2487 3556 2542 ideo
3573 2502 3746 2555 neque

2152 2581 2456 2638 carnalibus
2476 2594 2575 2636 nos
2602 2578 2767 2635 armis
2783 2579 3029 2645 munivit,
3060 2578 3153 2634 sed
3180 2593 3329 2634 arma
3358 2586 3534 2634 nostra
3567 2580 3745 2634 omnia

2155 2674 2454 2746 Spiritualia
2500 2681 2645 2739 sunt,
2695 2673 2773 2728 sic
2814 2671 3098 2741 radiantia,
3148 2682 3207 2728 ut
3252 2687 3438 2729 eorum
3479 2672 3741 2745 fulgorem

2155 2767 2368 2826 daimon
2400 2769 2486 2823 ille
2513 2768 2683 2822 malus
2708 2765 2849 2822 ferre
2876 2773 3128 2837 nequeat.

2229 2864 2284 2920 6.
2317 2862 2537 2920 Talibus
2572 2862 2732 2932 igitur
2767 2860 2932 2914 armis
2958 2858 3166 2922 induti,
3197 2873 3264 2914 ne
3302 2859 3618 2914 horreamus
3646 2875 3746 2929 pu-

2159 2971 2342 3027 gnam,
2390 2970 2458 3010 ne
2501 2954 2763 3025 fugiamus
2799 2965 3190 3023 congressum;
3235 2950 3329 3005 sed
3372 2966 3547 3019 neque
3580 2951 3752 3020 ignavi

2164 3048 2357 3104 simus.
2387 3045 2522 3101 Nam
2573 3045 2733 3112 sicut,
2762 3043 2918 3099 nobis
2951 3041 3308 3113 vigilantibus,
3358 3041 3622 3111 malignus
3648 3041 3756 3095 dm-

2160 3154 2288 3195 mon
2319 3152 2610 3209 numquam
2635 3149 2906 3191 armorum
2938 3143 3244 3189 nostrorum
3284 3132 3462 3187 virtuti
3497 3132 3754 3202 praevale-

2165 3231 2264 3297 bit,
2291 3229 2339 3285 si
2371 3230 2694 3285 voluerimus
2724 3227 2902 3282 irrilas
2926 3224 3105 3281 facere
3131 3226 3248 3296 ejus
3275 3224 3695 3279 machinationes
3714 3227 3755 3277 ἐ

2163 3317 2239 3372 sic
2293 3315 2338 3369 si
2384 3310 2602 3369 deisides
2644 3311 2919 3376 fuerimus,
2977 3309 3123 3366 nulla
3163 3308 3319 3368 nobis
3367 3308 3565 3366 utilitas
3618 3309 3757 3374 erit;

2164 3397 2592 3479 quandoquidem
2614 3402 2862 3458 inimicus
2881 3401 3068 3456 salutis
3094 3407 3293 3455 nostra:
3323 3414 3612 3468 numquam
3635 3398 3760 3453 dor-

2165 3498 2335 3564 mitat,
2359 3505 2414 3553 et
2433 3495 2636 3564 omnia,
2664 3508 2784 3565 quae
2812 3492 2971 3548 saluti
3005 3501 3201 3547 nostra:
3236 3490 3452 3558 obsunt,
3482 3499 3752 3562 operatur.

2166 3589 2414 3659 Undique
2462 3587 2623 3658 igitur
2674 3599 2944 3640 armemus
3005 3597 3104 3638 nos
3151 3583 3296 3653 ipsos
3333 3623 3351 3650 ,
3401 3589 3459 3640 et
3500 3599 3528 3636 a
3581 3584 3766 3639 verbis

2171 3670 2553 3750 temperemus,
2585 3685 2640 3733 et
2677 3676 2746 3731 ab
2793 3675 3045 3745 cperihus
3090 3675 3471 3737 abstineamus,
3523 3689 3641 3744 qua:
3668 3688 3768 3729 nos

2168 3770 2367 3827 lzedere
2413 3777 2672 3840 possunt;
2724 3775 2780 3822 et
2825 3781 2949 3821 cum
3001 3764 3323 3820 abstinentia
3363 3778 3395 3818 a
3444 3764 3597 3829 cibis,
3655 3772 3769 3817 tum

2169 3862 2394 3916 aliarum
2422 3860 2677 3915 virtutum
2702 3896 2721 3926 ,
2767 3865 2878 3912 tum
2908 3855 3241 3911 liberalitatis
3271 3855 3324 3909 in
3356 3870 3614 3925 pauperes
3642 3870 3738 3926 spe

2170 3954 2344 4010 cimen
2371 3951 2719 4007 exhibeamus
2750 3966 2764 4003 :
2791 3947 3022 4004 scientes
3059 3956 3256 4017 quanta
3289 3945 3443 4001 nobis
3473 3960 3680 4001 merces
3700 3946 3773 4000 ob

2171 4058 2355 4101 curam
2384 4041 2490 4096 illis
2507 4039 2795 4096 exhibitam
2826 4036 3057 4106 reposita
3081 4036 3169 4090 sit.
3187 4034 3341 4098 Nam,
3367 4034 3469 4102 Qui
3488 4036 3767 4099 miseretur,

2174 4136 2284 4202 ait,
2330 4132 2573 4206 pauperi,
2624 4132 2899 4202 faeneratur
2942 4126 3050 4181 Deo
3106 4125 3302 4196 (Prov.
3334 4125 3578 4196 19.17).
3639 4126 3774 4181 Vide

2176 4240 2354 4281 usurae
2380 4237 2557 4278 raram
2585 4228 2826 4276 naturam
2849 4261 2865 4286 ,
2896 4226 2953 4274 et
2980 4216 3370 4273 admirabilem.
3401 4216 3550 4273 Alius
3576 4227 3657 4273 est
3684 4219 3775 4289 qui

2177 4317 2390 4386 accipit,
2422 4323 2477 4372 et
2501 4315 2637 4370 alius
2656 4313 2745 4384 qui
2776 4327 2837 4370 se
2866 4310 3045 4367 dando
3075 4309 3264 4366 faenori
3292 4310 3580 4365 obnoxium
3611 4311 3733 4366 facit
3759 4327 3774 4375 ;

2180 4426 2354 4482 neque
2398 4409 2502 4464 hoc
2544 4407 2717 4463 solum
2754 4403 3126 4476 spectandum,
3174 4402 3268 4459 sed
3318 4403 3480 4458 etiam
3529 4402 3671 4473 quod
3726 4404 3778 4457 in

2185 4504 2289 4559 hoc
2336 4517 2510 4556 usurae
2547 4513 2746 4571 genere
2791 4511 2968 4567 neque
2997 4496 3260 4567 ingratum
3288 4494 3560 4560 animum,
3606 4508 3782 4563 neque

2186 4595 2352 4649 ullum
2375 4591 2516 4648 aliud
2538 4590 2792 4647 damnum
2808 4588 3169 4669 experiamur.
3194 4586 3378 4657 Neque
3402 4586 3566 4650 enim,
3590 4600 3780 4655 quent-

2186 4685 2472 4743 admodum
2504 4683 2612 4751 hic,
2654 4682 3000 4739 centesimam
3048 4679 3122 4754 (a)
3175 4680 3348 4736 solum
3381 4679 3662 4751 promittit,
3688 4677 3782 4734 sed

2189 4778 2440 4849 centuplo
2478 4776 2630 4848 plura
2659 4774 2823 4842 datis,
2855 4788 2957 4830 nec
2982 4773 3156 4828 solum
3187 4771 3441 4842 centuplo
3467 4770 3637 4840 plura,
3687 4769 3783 4824 Sed

2189 4873 2309 4930 haec
2335 4871 2529 4927 dantur
2559 4869 2612 4925 in
2637 4867 2890 4940 praesenti
2930 4866 3059 4933 vita,
3111 4865 3166 4919 in
3211 4863 3390 4918 futuro
3442 4871 3620 4917 autem
3677 4860 3785 4915 vita

2193 4977 2414 5023 eterna.
2470 4963 2537 5018 Et
2575 4963 2629 5018 in
2677 4958 2926 5033 praesenti
2975 4957 3189 5029 quidem
3217 4956 3342 5021 vita,
3387 4955 3433 5011 si
3468 4954 3589 5025 quis
3632 4953 3791 5009 nobis

2195 5059 2368 5115 solum
2395 5054 2623 5125 duplicia
2667 5052 3012 5123 polliceretur
3040 5063 3138 5120 pro
3173 5046 3236 5102 iis
3274 5060 3395 5116 quae
3422 5060 3451 5099 a
3478 5044 3632 5099 nobis
3658 5042 3793 5099 dau-

2197 5163 2306 5222 tur,
2338 5149 2509 5222 parati
2546 5161 2789 5204 essemus
2818 5143 2893 5199 illi
2922 5156 3134 5198 omnem
3164 5146 3400 5194 nostram
3439 5136 3790 5192 substantiam

2265 5355 2284 5388 ί
2319 5348 2532 5406 Coislin.,
2557 5340 2772 5403 institue,
2798 5352 2903 5409 pro,
2928 5336 3064 5409 ﬁdei.

2268 5419 2289 5450 ³
2321 5392 2840 5474 sic'faiﬁﬁtidé'nssgét
2863 5392 3006 5474 savil.
3031 5406 3084 5469 tu
3119 5393 3284 5474 atorel.
3306 5396 3558 5474 autemuita
3577 5392 3795 5474 legem.

2203 5487 2286 5532 tur
2310 5457 2530 5535 {idem
2554 5457 2846 5535 praevalebit,
2870 5461 2975 5520 sed,
3000 5459 3043 5512 si
3064 5458 3371 5516 voluerimus,
3391 5457 3556 5507 irritus
3570 5457 3802 5519 faciemus

2205 5541 2313 5604 qius
2333 5532 2737 5604 mgchina'tiones.‘
2749 5566 2802 5604 _.

2374 5592 2689 5664 Centesimam
2722 5595 2826 5659 (Gr.
2859 5590 3166 5664 euuroa'rﬁv).
3202 5604 3221 5638 ί
3260 5586 3479 5664 Alludit,
3505 5586 3789 5664 inquit‘Sa.--

2214 5650 2403 5724 vil'.','ad
2429 5676 2591 5724 usura;
2622 5650 2782 5724 genus
2828 5650 3212 5724 usitatissimum
3247 5653 3422 5714 priscis
3461 5650 3773 5724 temporibus

2211 5711 2922 5789 quodCentesintavdicebatpr,
2950 5715 3081 5789 quod
3105 5711 3305 5789 centtim
3331 5711 3584 5762 mensibus
3604 5723 3784 5760 sortem

2213 5774 2446 5851 ὦψαι-ει.
2480 5799 2498 5833 ι
2527 5783 2653 5834 Vide
2674 5784 2813 5832 Tomi
2842 5774 2988 5845 hujus
3012 5777 3153 5827 Praef.
3177 5776 3204 5839 §
3230 5774 3287 5824 V.
