2072 3216
240 172 272 198 39
621 171 649 199 S.
665 173 803 201 J0.\NNIS
822 174 1019 203 CllltYSOSTG

1082 177 1238 207 ΑΠΗΝΗ).
1254 181 1520 214 (ἸΟΝΞΤᾹΝΤῘΝΟΡ.

239 227 354 260 offerre,
381 227 484 254 tametsi
507 234 578 262 sape
602 229 675 256 tnulti
693 230 787 265 ingrati
801 231 865 263 sint,
890 231 1034 266 multaque

240 273 293 300 sint
305 281 446 300 avarorum
461 273 579 301 fraudes.
592 274 697 302 Etenim
714 276 820 310 plurimi
836 277 880 311 qui
896 276 970 311 probi
987 277 1034 304 ha-

240 318 344 351 bentur,
369 318 487 346 debitum
511 327 565 347 non
584 321 700 354 solvunt,
716 321 757 348 vel
773 322 842 357 qttod
859 323 952 357 ingrati
969 323 1033 356 sint,

239 365 277 392 t'cl
302 372 373 399 sa'pe
394 365 482 400 inopia
498 367 673 400 prohibente.
698 367 773 395 Circa
792 369 929 396 Dominum
944 374 1032 396 autem

234 411 355 437 omnium
369 411 433 438 nihil
451 411 602 446 ltujusmodi
615 414 816 448 suspicandum,
840 415 886 442 sed
908 419 934 442 et
956 416 1030 450 capi-

234 457 294 483 talis
309 464 412 484 summa
429 458 454 484 in
470 462 525 485 tuto
539 462 589 492 est,
612 463 639 486 et
651 460 802 494 centuplum
817 461 858 488 hic
871 461 1032 495 promittitur

233 503 370 537 dantibus,
390 509 417 531 ct
433 506 458 532 in
484 504 601 532 futurum
625 506 677 533 vita
700 511 800 533 a-terna
815 507 891 534 nobis
906 514 1030 534 reserva-

234 556 287 578 tur.
313 551 378 583 Qua:
400 552 479 586 igitur
503 552 579 579 nobis
601 552 723 579 defensio
744 553 804 584 erit,
823 554 844 580 si
865 554 1030 589 negligentes

233 595 370 628 fuerimus,
388 600 479 623 etnon
496 596 708 624 festinaverintus
727 599 850 634 centupla
872 607 919 633 pro
938 600 1030 634 paucis

232 643 365 677 accipere,
387 647 414 670 ct
429 651 476 677 pro
491 643 665 676 prtrseutibus
680 643 777 677 futura,
791 650 818 672 et
831 653 879 679 pro
895 650 1029 680 tempora-

232 687 300 714 l.bus
313 692 431 719 a-tcrna;
447 689 493 715 sed
509 688 611 723 placide
627 689 752 723 pecunias
766 690 854 724 jattnis
867 695 895 718 ct
911 692 1029 719 vectibus

232 734 427 766 iucluseritnus,
450 739 477 761 et
491 735 669 770 indigentibus
693 744 745 763 non
767 737 974 771 cxpendcrimus
997 746 1028 765 ea

230 787 289 813 qua:
309 779 344 806 illi
371 780 443 806 nullo
473 788 522 807 usu
546 785 572 808 ct
598 785 699 809 temere
718 782 818 816 jacent,
845 788 873 810 ιιι
899 784 925 810 in
940 783 1027 811 futuro

230 825 329 852 S:l'CUi0
349 833 442 852 eorum
463 826 580 853 subsidia
600 828 788 855 inveniamus?
816 829 914 862 Facile,
932 831 1025 866 inquit,

230 870 298 896 vobis
321 871 416 897 antica:
438 879 470 897 ea;
491 879 634 898 mammona
654 873 792 908 iniquitatis
808 882 817 901 :
831 879 858 901 ut
881 883 939 902 cum
958 876 1024 911 drfe~

229 915 324 948 teritis,
345 916 468 950 rccipiunt
482 925 524 943 vos
539 917 564 944 in
577 923 672 945 (uerna
688 918 851 946 tabernacula
877 920 887 956 (
898 920 961 948 Luc.
983 922 1025 949 l6.

229 960 268 996 9).
293 961 365 993 Scio,
390 962 487 990 multos
504 970 556 989 non
575 963 655 991 modo
668 971 720 991 non
733 965 888 1000 adstipulari
904 967 946 997 iis.
967 975 1026 1002 qua:

227 1014 241 1032 a
258 1007 334 1033 nobis
347 1014 417 1033 nunc
431 1013 494 1034 sunt
509 1008 591 1040 dicta,
610 1009 656 1036 sed
677 1010 757 1037 etiam
772 1018 802 1038 ea
817 1015 844 1038 ut
861 1012 984 1039 delirium
999 1018 1026 1041 et

228 1051 340 1078 fabulam
364 1052 515 1085 audientes,
539 1053 628 1081 verbis
653 1056 750 1083 nostris
772 1057 881 1084 minime
904 1065 965 1085 esse
986 1064 1025 1086 at-

228 1102 325 1126 tentos.
340 1098 414 1126 Unde
428 1107 478 1134 ego
489 1100 594 1127 crucior
608 1105 635 1128 et
647 1101 737 1136 doleo,
750 1103 820 1137 quod
835 1111 921 1139 neque
936 1113 1024 1133 rerum

226 1144 402 1178 experientia,
430 1152 517 1179 neque
536 1149 617 1173 tanta=
637 1146 682 1174 Dei
706 1148 908 1182 promissuones,
938 1158 1025 1185 neque

226 1191 305 1217 timor
333 1191 503 1225 futurorum,
536 1200 623 1227 neque
647 1194 809 1227 quotidiana:
829 1195 1024 1225 admonitiones

225 1241 323 1263 nostra:
344 1236 413 1271 apud
438 1237 504 1264 tales
518 1238 662 1273 quidquam
677 1240 826 1274 proﬁciant.
851 1241 909 1269 Non
935 1248 1022 1271 tamen

224 1281 346 1314 cessabo,
372 1282 452 1309 etiam
479 1282 528 1315 sic,
553 1283 587 1310 ab
612 1283 663 1311 hoc
683 1284 771 1312 dando
792 1287 916 1320 consilio,
938 1288 1024 1317 donec

224 1335 271 1354 eos
295 1328 442 1362 frequentia
463 1328 625 1356 monitorum
649 1336 807 1365 superatos,
840 1337 956 1362 attentos
980 1341 1007 1363 at

223 1381 275 1406 qtte
289 1373 429 1407 vigilantes
444 1373 603 1407 reddidero,
627 1380 707 1411 atque
729 1384 760 1404 ex
782 1379 890 1413 crapula
906 1384 933 1407 et
947 1380 1020 1408 ebri-

223 1423 303 1451 etate,
319 1426 397 1453 quatn
414 1419 439 1445 in
453 1419 655 1447 obtencbratatn
675 1421 781 1450 illorum
802 1429 920 1452 mentem
935 1426 1020 1454 avidi-

223 1470 263 1491 tas
283 1465 455 1500 pecuniarum
478 1466 587 1499 invexit,
610 1474 705 1495 eruere
720 1469 839 1497 valuero.
860 1470 922 1500 Scio
932 1473 1020 1506 enim,

222 1511 278 1538 scio
300 1510 357 1538 fore
382 1514 410 1538 ιιι
431 1519 478 1545 per
499 1512 611 1546 gratiam
629 1513 675 1540 Dei
694 1522 847 1544 sermonum
869 1522 1020 1546 nostrorum

223 1556 381 1590 frequentia,
407 1560 434 1584 et
456 1556 551 1592 jejunii
577 1558 694 1586 studium
721 1560 793 1595 ipsos
812 1562 852 1590 vel
867 1570 928 1591 sero
941 1572 955 1591 a
968 1565 1020 1591 dif-

223 1602 283 1629 ﬁcili
298 1602 348 1629 hoe
363 1604 456 1630 morbo
468 1602 582 1632 liberare
593 1625 601 1638 ,
625 1606 804 1642 perfectaeque
821 1610 927 1637 sanitati
942 1613 1019 1639 resti-

221 1653 295 1675 tuere
322 1648 421 1682 possit,
438 1653 467 1676 ttt
481 1654 508 1677 et
521 1650 569 1685 ipsi
584 1658 598 1677 a
612 1653 766 1687 suppliciis,
794 1663 854 1690 qua:
878 1656 910 1683 iis
929 1663 1018 1691 parata

220 1699 291 1726 sunt,
312 1694 467 1729 liberentur,
483 1701 510 1723 et
525 1704 574 1724 nos
590 1705 605 1724 a
620 1698 726 1726 tristitia
746 1708 889 1736 eruantur,
917 1709 944 1732 et
971 1714 1019 1740 pro

219 1739 342 1766 omnibus
361 1740 473 1774 gloriam
498 1741 645 1770 referamus
673 1744 727 1772 Deo
742 1745 825 1780 Patri,
853 1752 880 1776 et
895 1739 977 1784 Filio,
991 1757 1018 1779 et

219 1785 330 1819 Spiritui
350 1791 453 1819 sancto,
470 1795 540 1816 nunc
555 1793 582 1816 et
604 1797 721 1825 semper,
745 1798 772 1820 et
797 1794 822 1821 in
847 1797 943 1823 saecula
968 1806 1019 1825 sae-

218 1831 347 1858 eulorum.
369 1832 463 1859 Amen.

514 1889 655 1920 llOMlLlA
678 1892 722 1921 IV.

219 1941 289 1969 Dixit
299 1951 395 1978 quoque
408 1942 475 1971 Deus
491 1953 500 1971 .'
515 1946 572 1973 Fiat
584 1947 780 1977 ﬁrtnatncntttm
790 1952 816 1979 ιιι
829 1954 917 1982 medio
927 1963 1014 1991 aqum,

253 1994 280 2016 et
292 1989 391 2017 dividat
405 1991 474 2018 inter
486 1999 581 2027 aquam
595 1998 622 2022 ct
636 2002 732 2030 aquam
749 2006 755 2024 :
772 2002 799 2026 et
811 1998 910 2028 factum
922 1989 964 2030 est
979 1989 1015 2031 ita

252 2034 335 2069 (Gen.
353 2037 378 2063 l.
394 2036 441 2072 6).

253 2103 278 2129 t.
301 2102 400 2130 \‘idens
422 2111 482 2139 ego,
507 2106 684 2143 dilectissimi,
708 2112 825 2141 alacrem
839 2119 866 2142 et
881 2119 1013 2152 quotidia-

217 2156 280 2175 nunt
295 2153 412 2176 vestrum
428 2157 600 2187 conventum,
624 2163 747 2192 magnam
763 2161 880 2196 percipio
891 2166 1012 2200 vo!upta-

217 2198 280 2225 teut,
301 2198 328 2220 ct
348 2194 472 2223 clementi
487 2197 541 2225 Deo
554 2199 666 2234 gloriam
680 2202 714 2230 de
729 2194 848 2238 profectu
862 2194 1012 2239 vestro-re-

216 2238 316 2266 ferendi
337 2240 418 2268 linem
439 2250 491 2270 non
514 2243 593 2272 facio.
621 2246 687 2275 Nam
710 2249 779 2279 sicut
799 2254 900 2282 esurire
914 2263 1011 2292 corpo-

215 2284 277 2311 ralis
293 2286 413 2313 sanitatis
426 2287 550 2317 indicium
565 2296 615 2324 est,
626 2292 660 2320 ita
675 2300 701 2321 et
715 2297 802 2324 studio
816 2307 911 2334 magno
919 2284 1012 2331 audire

213 2331 305 2357 divina
328 2332 434 2367 eloquia
458 2334 534 2363 bona!
555 2338 637 2365 animi
661 2341 819 2371 valetudinis
833 2346 1010 2376 certis~imum

213 2380 252 2403 est
268 2383 467 2411 argumentum.
482 2380 542 2409 Ideo
556 2387 584 2410 et
597 2384 723 2414 Dominus
738 2394 828 2417 noster
838 2390 917 2420 Jesus
929 2394 1011 2423 Chria

213 2427 270 2450 stus
300 2423 325 2450 in
346 2424 402 2452 suis
426 2425 642 2463 beatitudinibus,
659 2439 726 2466 quas
743 2434 769 2461 in
783 2442 874 2466 monte
889 2442 1008 2475 protulit,

211 2468 316 2496 dicebat
330 2479 335 2496 :
350 2469 424 2498 Beati
436 2472 480 2506 qui
491 2475 603 2502 esuriant
616 2481 639 2503 et
648 2477 736 2506 sitiunt
745 2481 880 2517 justitiam,
889 2468 1009 2522 quoniam

213 2514 262 2548 ipsi
275 2516 457 2544 saturabrmtur
469 2519 576 2553 (Matth.
588 2522 615 2550 5.
632 2523 670 2559 6).
686 2525 751 2559 Quis
768 2527 847 2563 igitur
863 2514 943 2567 digne
961 2514 1009 2563 vos

214 2560 321 2588 laudare
333 2563 430 2597 valeat,
452 2565 497 2599 qui
520 2568 604 2595 semel
624 2569 658 2597 ab
682 2573 800 2601 omnium
816 2560 928 2605 Domino
943 2579 1008 2608 bea-

212 2605 350 2632 titudinem
364 2609 514 2644 accepistis,
539 2617 567 2640 et
585 2614 619 2641 ab
642 2623 676 2643 eo
699 2617 800 2646 infinita
823 2621 892 2650 bona
912 2631 1007 2660 exspe-

215 2650 314 2660 -,-.ε-..
333 2651 353 2660 .,
405 2654 411 2659 .
466 2656 482 2660 -
534 2658 568 2660 -γ

212 2650 314 2677 etatis?
331 2651 356 2678 Is
369 2654 441 2681 enim
466 2656 569 2686 Domini
592 2662 676 2688 nostri
698 2671 756 2691 mos
774 2670 825 2699 est,
849 2673 878 2695 ut
901 2650 1007 2704 quotlies

213 2694 284 2722 videt
305 2696 419 2724 animam
447 2700 561 2735 aliquam
588 2707 672 2734 multo
702 2709 836 2739 desiderio
864 2694 1006 2752 stuilioque

212 2742 329 2769 maximo
362 2744 547 2778 spiritualibus
577 2752 743 2790 inhiantem,
767 2757 911 2789 liberaliter
934 2742 1005 2792 illam

213 2788 296 2820 gratia
316 2792 344 2815 et.
368 2791 502 2824 opulentis
527 2795 604 2824 donis
628 2801 684 2828 suis
712 2788 865 2839 locupletet.
892 2808 967 2838 Unde
980 2817 1007 2839 ct

212 2840 262 2866 ego
278 2833 302 2859 in
319 2839 434 2863 vestram
448 2837 586 2869 utilitatem
600 2848 626 2871 et
647 2847 850 2879 :ediﬁcationem
865 2862 1004 2890 exspecto,

213 2883 237 2890 ..ι
262 2878 369 2890 ..Ι.,...ἓ,ι..
398 2885 418 2890 Α.
490 2883 495 2890 I
508 2884 513 2889 -
565 2887 570 2890 .

836 2878 850 2879 η
868 2878 912 2882 νη
925 2878 1002 2888 μνη-ν,

213 2883 239 2904 ιιι
262 2878 369 2906 uberior
394 2885 421 2908 ct
452 2883 528 2913 nobis
555 2887 682 2919 doctrina:
708 2901 797 2924 sermo
833 2878 1002 2931 concedatur.

1850 206 1886 232 4t)

1092 234 1203 270 l‘roptcr
1228 246 1274 265 vos
1298 241 1379 273 enim,
1409 247 1436 270 et
1459 251 1567 279 propter
1585 251 1700 277 vestrum
1726 253 1883 286 profectum.

1088 287 1194 308 omnem
1217 282 1287 311 hunc
1309 285 1427 315 laborem
1450 290 1605 324 toleramus,
1631 299 1659 321 ιιι
1684 300 1710 323 et
1737 305 1783 325 vos
1806 299 1885 329 citius

1087 326 1119 353 ad
1141 327 1227 362 ipsttm
1248 330 1352 359 virtutis
1375 333 1506 369 fastigium
1534 339 1694 374 ascendatis,
1717 342 1798 371 futuri
1822 347 1883 374 vita:

1086 372 1182 400 divinze
1201 376 1319 411 magistri
1344 380 1469 408 onmibus
1488 383 1532 417 qui
1548 391 1595 411 vos
1614 387 1770 422 respiciunt,
1786 395 1813 417 et
1834 400 1883 418 no-

1086 418 1125 445 bis
1148 420 1234 455 major
1251 422 1357 451 dicendi
1383 425 1477 454 ﬁducia
1499 430 1619 463 accedat,
1634 418 1678 467 qui
1693 433 1813 463 videmus
1829 445 1882 465 nun

1086 465 1111 492 in
1135 473 1241 500 vanum,
1269 477 1318 497 nec
1341 470 1437 499 frustra
1463 481 1511 501 nos
1537 475 1677 511 laborare;
1703 480 1750 507 Sed
1763 483 1882 515 quotidie

1083 518 1176 539 semen
1192 512 1242 540 hoc
1256 515 1393 548 spirituale
1408 517 1433 544 in
1449 519 1523 546 vobis
1543 528 1676 556 crescere,
1704 532 1791 560 neque
1813 529 1881 556 sicut

1084 557 1110 584 in
1134 560 1275 595 evangelio
1298 563 1439 591 setninanti
1463 567 1562 600 evenit,
1600 568 1636 595 ita
1659 574 1686 597 et
1710 572 1786 600 nobis
1812 581 1879 601 con-

1084 605 1194 639 tingere.
1220 605 1256 633 lbi
1282 608 1354 635 enim
1373 617 1426 635 una
1449 615 1550 639 tantum
1578 621 1637 648 pars
1651 615 1724 643 salva
1749 617 1808 651 fuit,
1826 624 1881 648 tres

1083 651 1228 683 perierunt.
1254 652 1321 686 Quia
1344 661 1447 689 semen,
1482 658 1553 692 quod
1579 667 1656 688 secus
1682 662 1751 689 viam
1771 666 1879 699 cecidit,

1082 696 1140 722 sine
1167 695 1255 724 frttctu
1282 700 1390 732 mansit,
1419 706 1445 727 et
1469 703 1539 737 quod
1564 703 1633 732 inter
1661 707 1767 742 spinas,
1793 711 1877 737 suffo-

1081 745 1169 768 catum
1194 747 1251 775 est;
1272 744 1343 778 qttod
1370 751 1459 773 autem
1489 748 1515 774 in
1542 754 1658 783 tetram,
1686 752 1712 778 in
1737 757 1878 788 superficie

1081 794 1202 821 manens,
1226 789 1340 818 fructum
1366 793 1463 821 afferre
1485 797 1603 830 nequivit
1615 798 1719 833 (Muli/1.
1733 801 1775 828 15.
1790 802 1852 837 4-7)
1870 812 1876 829 :

1081 833 1124 861 hic
1146 834 1172 861 in
1198 837 1282 871 gratia
1311 838 1356 865 Dei
1379 847 1440 874 spes
1468 847 1526 874 est,
1558 843 1633 878 fore,
1664 851 1691 872 ut
1714 854 1773 875 cum
1797 856 1878 878 omne

1081 880 1106 907 in
1133 885 1231 909 terram
1266 883 1361 911 bonam
1384 887 1528 922 ceciderit,
1556 890 1600 917 alii
1622 891 1734 920 reddant
1762 894 1876 923 fructum

1079 928 1243 962 centuplum,
1259 929 1302 956 alii
1325 926 1530 966 sexagesimum,
1552 936 1595 962 alli
1623 937 1797 972 trigesimum.
1821 941 1878 969 lloc

1079 977 1198 1000 nostram
1221 975 1387 1004 alacritatem
1413 977 1505 1011 fovet,
1534 980 1584 1008 ltoc
1609 988 1726 1011 mentem
1757 987 1875 1021 excitat,

1078 1020 1148 1053 quod
1171 1021 1288 1049 sciamus
1311 1031 1364 1050 non
1390 1025 1415 1051 in
1438 1034 1553 1060 vanum,
1577 1037 1627 1057 nec
1653 1030 1750 1059 frustra
1774 1041 1879 1061 sermo—

1078 1072 1125 1091 nes
1141 1073 1189 1093 nos
1206 1066 1301 1100 facere,
1319 1069 1366 1096 sed
1390 1072 1502 1099 arrectis
1517 1074 1625 1102 auribus
1637 1080 1664 1103 et
1676 1076 1775 1105 intenta
1787 1084 1876 1107 mente

1078 1109 1149 1137 dicta
1168 1117 1257 1139 n0stra
1273 1114 1366 1150 accipi.
1387 1117 1472 1151 Atque
1489 1117 1545 1146 lucc
1560 1128 1611 1147 non
1625 1115 1875 1153 adulandocaritati

1080 1162 1176 1183 vestrm
1187 1157 1258 1191 dico,
1279 1160 1325 1187 scd
1341 1162 1463 1196 conjecto
1477 1164 1639 1193 alacritatem
1651 1175 1683 1195 ex
1696 1169 1728 1196 iis
1741 1178 1800 1204 qua:
1817 1171 1875 1199 lteri

1076 1208 1091 1228 a
1107 1202 1184 1229 nobis
1198 1203 1268 1231 dicta
1284 1212 1354 1233 sunt.
1381 1207 1507 1236 Videbam
1524 1212 1594 1238 enitn
1611 1221 1657 1241 vos
1671 1221 1765 1243 omnes
1783 1218 1875 1246 avidos

1076 1249 1205 1278 doctrina:
1218 1252 1253 1279 ab
1268 1261 1315 1281 ore
1330 1262 1390 1282 meo
1407 1257 1564 1290 pendentes.
1589 1264 1616 1287 et
1630 1262 1718 1289 omnia
1735 1263 1874 1298 facientes,

1076 1303 1110 1323 ne
1124 1297 1187 1332 quid
1202 1305 1249 1326 vos
1263 1299 1394 1328 dictorum
1416 1304 1580 1337 pra-terirct;
1605 1312 1733 1340 prieterea
1755 1311 1874 1338 continui

1076 1343 1183 1377 plausus
1202 1346 1322 1374 maxime
1337 1348 1513 1382 testabantur,
1537 1359 1585 1379 vos
1603 1353 1672 1380 dicta
1689 1362 1781 1390 magna
1796 1357 1873 1384 voln-

1075 1393 1146 1424 ptate
1168 1391 1314 1425 suscipere.
1353 1393 1403 1427 Qui
1428 1400 1517 1422 autem
1537 1396 1635 1432 aliqttid
1662 1400 1758 1435 volupe
1780 1403 1871 1436 audit,

1073 1440 1175 1464 certum
1191 1442 1233 1465 est
1254 1439 1317 1465 illud
1339 1440 1469 1474 profunde
1492 1442 1518 1469 in
1542 1444 1632 1471 animo
1654 1445 1734 1481 ﬁgere
1750 1457 1757 1474 :
1774 1449 1871 1484 ubique

1074 1481 1152 1508 altius
1175 1490 1319 1517 reponens,
1345 1485 1408 1512 facit
1430 1494 1465 1514 ne
1487 1488 1691 1518 cradidelerive
1701 1499 1789 1527 queat.
1807 1495 1872 1528 Quis

1075 1526 1154 1561 igitur
1176 1528 1255 1563 digne
1277 1537 1324 1557 vos
1343 1530 1470 1566 laudare,
1495 1538 1523 1560 et
1542 1542 1590 1562 nos
1614 1526 1872 1572 beatosrprtediearc

1075 1579 1175 1607 posset,
1199 1576 1244 1609 qui
1268 1576 1294 1603 in
1319 1584 1398 1605 aures
1417 1578 1551 1614 loquimur
1574 1582 1758 1612 audientium?
1777 1585 1871 1614 Beatus

1073 1620 1155 1651 enim,
1170 1621 1218 1653 ait,
1237 1622 1281 1657 qui
1294 1622 1407 1657 loquitur
1418 1625 1444 1651 in
1459 1633 1533 1654 aures
1548 1628 1705 1656 audientium
1720 1630 1812 1666 (Ecclt'.

1073 1665 1198 1700 12).lloe
1219 1668 1376 1701 prmclarum
1395 1677 1463 1705 opus
1480 1671 1583 1706 jejunio
1604 1665 1741 1710 acceptum
1763 1678 1868 1713 refero,

1073 1710 1123 1738 hoc
1147 1712 1293 1741 remedium
1315 1715 1428 1743 salutem
1450 1723 1588 1752 operatum
1602 1724 1643 1748 est
1656 1722 1805 1751 animarum
1822 1733 1869 1752 no-

1071 1761 1196 1784 strarum.
1210 1758 1286 1792 Quod
1302 1760 1324 1787 si
1338 1761 1373 1788 ab
1388 1762 1463 1790 initio
1476 1766 1565 1792 statim
1582 1771 1682 1794 tantum
1697 1770 1774 1797 nobis
1788 1771 1869 1799 robur

1070 1804 1198 1837 ostendit,
1221 1807 1428 1839 procedentibus
1450 1809 1545 1838 diebus
1567 1819 1665 1847 quanta
1689 1818 1866 1850 exspectanda

1071 1850 1171 1877 utilitas
1186 1851 1322 1880 aliutura'!
1340 1853 1426 1882 Unum
1438 1855 1489 1884 hoc
1502 1865 1550 1885 vos
1563 1859 1685 1893 obsecro,
1701 1861 1732 1888 In
1744 1864 1833 1892 timore
1844 1871 1867 1892 et

1070 1902 1176 1924 tremore
1197 1898 1304 1926 salutent
1326 1905 1433 1928 vestram
1453 1905 1590 1938 cperctttini
1617 1905 1700 1942 (Phil.
1716 1908 1742 1935 2.
1761 1910 1817 1944 12),
1840 1917 1868 1938 ct

1070 1942 1171 1970 nullum
1184 1943 1284 1972 aditum
1299 1947 1437 1975 concedite
1453 1948 1560 1977 inimico
1573 1952 1666 1980 salutis
1681 1959 1787 1983 vestrm.
1800 1956 1864 1984 Nam

1069 1989 1161 2017 videns
1185 1998 1255 2018 nunc
1279 1992 1431 2027 spirituales
1456 2000 1559 2024 vestras
1582 1997 1696 2032 divitias,
1718 2000 1816 2029 insanit
1840 2009 1866 2031 et

1068 2035 1179 2070 ferocit,
1217 2043 1244 2065 et
1266 2038 1335 2067 sicut
1364 2040 1407 2068 leo
1434 2042 1542 2077 rugiens
1572 2044 1714 2079 circumit,
1741 2055 1864 2082 quierens

1067 2089 1146 2117 quem
1166 2082 1279 2111 devoret
1290 2085 1328 2119 (l.
1346 2085 1401 2112 Pet.
1417 2086 1443 2113 5.
1458 2088 1497 2121 8).
1527 2088 1625 2116 Verum
1642 2091 1664 2118 si
1683 2092 1764 2120 sobrii
1781 2093 1862 2122 fueri-

1067 2134 1136 2159 mus,
1152 2128 1215 2155 nulli
1231 2130 1386 2163 prtevalebit
1405 2139 1452 2166 per
1464 2134 1576 2167 gratiam
1592 2135 1647 2162 Dei.

1101 2172 1128 2198 2.
1142 2173 1227 2200 'Talia
1241 2175 1312 2201 enim
1328 2182 1389 2203 sunt
1402 2185 1475 2205 arma
1488 2184 1578 2207 nostra
1592 2181 1758 2219 spiritualia.
1768 2185 1864 2219 quibus

1067 2225 1115 2244 nos
1138 2217 1223 2245 induit
1244 2219 1358 2254 Spiritus
1372 2223 1466 2256 gratia,
1487 2224 1556 2252 sicut
1579 2225 1636 2254 beri
1657 2217 1795 2257 caritatem
1816 2238 1862 2258 ve-

1066 2266 1148 2289 stram
1170 2263 1319 2292 docuimus.
1346 2265 1374 2293 Si
1388 2267 1466 2302 igitur
1482 2268 1522 2297 his
1537 2271 1664 2299 continuo
1678 2274 1796 2302 membra
1812 2283 1862 2303 no-

1066 2313 1120 2334 stra
1140 2309 1325 2343 municrimus,
1351 2313 1422 2340 nulla
1448 2314 1498 2341 tela
1521 2316 1556 2343 ab
1575 2318 1619 2345 Illo
1642 2320 1737 2347 emissa
1758 2321 1790 2348 ad
1814 2329 1862 2349 nus

1064 2353 1217 2389 pertingere
1239 2360 1373 2390 poterunt,
1400 2359 1447 2386 sed
1473 2360 1548 2387 irrita
1575 2362 1609 2389 ad
1633 2363 1718 2398 ipsum
1744 2366 1861 2394 reditura

1063 2404 1126 2427 sunt
1140 2409 1146 2427 :
1163 2402 1303 2430 adamante
1317 2404 1388 2431 enim
1401 2405 1541 2434 solidiores
1555 2408 1600 2435 Dei
1612 2410 1695 2443 gratia
1705 2418 1753 2438 nos
1768 2413 1860 2446 efficit,

1062 2448 1090 2472 et
1103 2445 1125 2472 si
1141 2446 1272 2480 volumus,
1297 2450 1407 2477 omnino
1421 2451 1543 2480 invictos.
1567 2453 1658 2489 itaque
1673 2456 1741 2484 sicttt
1755 2458 1799 2491 qui
1815 2459 1861 2485 ad-

1062 2497 1196 2520 amantem
1219 2494 1315 2528 tundit,
1337 2496 1402 2523 nihil
1423 2497 1556 2526 adamanti
1578 2506 1667 2535 nocet,
1683 2502 1729 2529 sed
1744 2504 1860 2538 seipsum

1062 2537 1165 2573 fatigat,
1188 2543 1215 2566 et
1236 2540 1319 2567 robur
1333 2549 1410 2569 suum
1426 2543 1576 2579 imminuit;
1597 2551 1625 2573 et
1644 2547 1688 2582 qui
1708 2537 1799 2576 contra
1813 2551 1861 2577 sti-

1061 2584 1148 2611 mulos
1160 2585 1290 2619 calcitrat,
1306 2594 1369 2614 suos
1383 2588 1465 2623 pedes
1475 2596 1598 2619 cruentat
1610 2600 1617 2620 :
1628 2592 1655 2620 in
1669 2593 1738 2621 hunc
1751 2596 1858 2623 modum

1060 2622 1104 2657 res
1126 2637 1155 2657 se
1170 2630 1269 2658 habent
1282 2637 1380 2661 nostra:
1393 2641 1453 2662 cum
1466 2635 1559 2664 salutis
1573 2643 1672 2666 nostrae
1693 2640 1857 2675 adversario,

1031 2689 1039 2691 —
1060 2676 1082 2703 si
1096 2676 1188 2709 armis,
1215 2685 1275 2712 qua!
1295 2679 1372 2706 nobis
1388 2680 1502 2715 Spiritus
1523 2684 1608 2710 sancti
1633 2685 1716 2719 gratia
1738 2686 1856 2720 exhibet.

1060 2723 1187 2750 continuo
1201 2731 1250 2752 nos
1265 2726 1425 2754 mttniamus.
1451 2728 1534 2756 Tanta
1557 2731 1627 2757 enim
1649 2731 1754 2760 illorttm
1776 2734 1858 2761 virtus

1060 2773 1110 2801 est,
1133 2773 1163 2796 ut
1182 2770 1271 2798 radios
1285 2771 1347 2799 inde
1366 2773 1528 2808 fulgurantcs
1542 2776 1711 2804 adversarius
1724 2779 1858 2807 sustinere

1060 2821 1112 2841 non
1135 2815 1228 2849 possit,
1250 2816 1297 2844 sed
1323 2818 1375 2845 illis
1402 2821 1471 2847 oculi
1492 2821 1551 2855 ejus
1573 2829 1753 2851 exczecentur.
1792 2826 1857 2858 llis,

1059 2867 1161 2894 quaeso,
1185 2862 1268 2890 armis
1287 2870 1393 2898 semper
1416 2873 1465 2893 nos
1488 2867 1650 2901 muniamus,
1665 2875 1692 2896 et
1706 2872 1745 2898 sic
1765 2871 1857 2898 muniti

1061 2905 1086 2932 in
1103 2905 1188 2935 forum
1202 2914 1251 2936 nos
1273 2909 1459 2939 conferamus:
1484 2912 1523 2940 sic
1547 2913 1616 2948 apud
1635 2915 1736 2944 amicos
1757 2917 1854 2951 simus,
