4144 6422
330 362 397 417 39
1562 367 1626 423 IN
1666 365 1818 423 CAP.
1862 365 1880 419 l
1921 361 2008 418 ΟΕ

2116 361 2165 417 Β.
2211 362 2445 424 IIOMIL.
2480 368 2570 423 IV.
3731 368 3799 421 ιο

331 480 462 535 ὅπου
494 479 673 552 πολλὴ
701 482 965 547 πολλάκις
993 484 1026 555 ἡ
1071 484 1457 555 ἀγνωμοσύνη,
1491 483 1683 537 πολλαί
1714 482 1823 536 τῶν
1866 479 2025 533 πλεο-

2135 481 2406 558 ὑμετέρας
2432 484 2674 555 ἀγάπης.
2716 486 2793 537 Δι’
2828 486 2968 556 ὑμᾶς
2998 485 3105 558 γὰρ
3141 487 3235 541 καὶ
3262 486 3362 558 τὴν
3384 481 3665 555 προκοπὴν
3701 482 3800 551 τὴν

338 556 676 613 νεκτούντων
723 562 782 615 αί
833 562 1151 633 ὑπερϐολαὶ.
1199 563 1309 618 Καὶ
1363 563 1472 635 γάρ
1515 563 1612 618 καὶ
1658 563 1768 615 τῶν
1819 561 2027 629 σφόδρα.
2129 557 2401 630 ὑμετέραν
2444 559 2661 615 ἅπαντα
2695 562 2883 617 τοῦτον
2914 563 3004 617 τὸν
3053 556 3212 618 πόνον
3249 556 3615 633 ὑπομένομεν.
3656 559 3796 613 ὥστε

336 637 574 709 γνησίων
625 641 816 695 πολλοί
844 642 965 696 οὐδὲ
1005 642 1138 697 αὐτὸ
1176 642 1238 696 τὸ
1284 642 1563 697 δανεισθὲν
1606 644 1720 705 τοῖς
1769 639 2024 694 δεδωκόσι

340 714 654 787 παρέσχον,
706 719 741 790 ἡ
783 720 852 774 δι’
893 720 1286 792 ἀγνωμοσύνην
1326 720 1483 775 τοῦτο
1525 719 1939 790 ὑπομείναντες,
1988 717 2022 789 ἡ

343 795 437 848 καὶ
462 794 729 862 πολλάκις
763 798 868 852 ὑπὸ
902 800 1093 864 πενίας
1125 799 1478 864 κωλυθέντες.
1524 799 1649 852 Ἐπὶ
1695 798 1753 851 δὲ
1784 796 1879 851 τοῦ
1913 795 2023 849 τῶν

342 874 595 928 ἁπάντων
626 877 898 930 Δεσπότου
933 877 1088 931 οὐδὲν
1121 877 1327 932 τούτων
1364 878 1482 931 ἐστὶ
1513 876 1854 947 λογίσασθαι,
1885 873 2024 928 ἀλλά

340 951 431 1005 καὶ
465 952 527 1005 τὸ
558 953 769 1009 δάνειον
803 956 1064 1025 ἀκέραιον
1096 956 1267 1027 μένει,
1303 956 1397 1012 καὶ
1430 956 1569 1028 ὑπὲρ
1597 955 1707 1008 τῶν
1745 952 2023 1008 καταϐαλ-

338 1029 578 1100 λομένων
612 1034 1146 1089 ἑκατονταπλασίονα
1172 1037 1477 1107 παρασχεῖν
1502 1035 1845 1105 ὑπισχνεῖται
1885 1030 2022 1103 μετά

338 1109 518 1173 τοῦτο,
548 1113 643 1164 καὶ
675 1111 774 1183 τὴν
813 1113 870 1166 ἐν
898 1112 975 1183 τῷ
1003 1110 1249 1184 μέλλοντι
1280 1114 1426 1184 ζωὴν
1462 1114 1594 1184 ἡμῖν
1626 1110 1945 1183 ταμιεύεται
1969 1122 2016 1162 ιι.

338 1190 435 1252 Τίς
469 1186 563 1243 οὖν
596 1192 730 1261 ἡμῖν
779 1190 964 1246 λοιπὸν
1001 1192 1269 1261 ἀπολογία
1318 1191 1564 1245 λείπεται
1619 1190 1694 1262 μὴ
1730 1189 2019 1244 σπεύδουσι

340 1268 438 1321 καὶ
491 1266 870 1339 ἐπειγομένοις
911 1272 1033 1325 ἀντί
1086 1272 1195 1326 τῶν
1240 1271 1437 1342 ὀλίγων
1487 1270 2018 1325 ἑκατονταπλασίονα

337 1347 545 1412 λαϐεῖν,
582 1348 677 1401 καὶ
718 1348 841 1401 ἀντί
884 1350 994 1403 τῶν
1025 1352 1309 1424 παρόντων
1351 1352 1420 1406 τα
1451 1351 1736 1423 μέλλοντα,
1765 1352 1862 1404 καὶ
1897 1349 2019 1403 ἀντὶ

335 1426 446 1479 τῶν
480 1428 834 1500 προσκαίρων
861 1430 929 1484 τά
958 1430 1174 1497 αἰώνια,
1208 1430 1324 1485 ἀλλ’
1355 1431 1531 1503 ἡδέως
1560 1430 1754 1502 θύραις
1786 1430 1879 1483 καὶ
1918 1446 2016 1499 μοσ-

334 1505 484 1575 χλοῖς
528 1507 942 1563 ἐναποκλείουσι
994 1509 1063 1564 τά
1102 1511 1395 1582 χρήματα,
1432 1511 1528 1565 καὶ
1572 1510 1634 1562 οὐ
1672 1508 2017 1580 βουλομένοις

332 1586 476 1638 αὑτά
511 1585 605 1639 νῦν
654 1587 920 1658 προέσθαι
949 1592 1063 1653 τοῖς
1100 1589 1378 1660 δεομένοις
1426 1588 1494 1643 τὰ
1526 1588 1715 1651 ἁπλῶς
1758 1588 1852 1641 καὶ
1894 1588 2014 1659 εἰκῆ

330 1665 582 1736 κείμενα,
612 1666 699 1720 ἵνα
738 1670 795 1721 ἐν
829 1668 910 1739 τῷ
936 1668 1186 1741 μέλλοντι
1206 1668 1363 1723 αἰῶνι
1396 1668 1497 1738 τῆς
1529 1669 1661 1741 παρ’
1683 1667 1865 1721 αὐτῶν
1892 1684 2018 1738 προ-

332 1746 564 1810 στασίας
591 1746 1025 1819 ἀπολαύσωμεν;
1070 1747 1372 1816 Ποιήσατε
1393 1748 1502 1819 γὰρ
1528 1747 1672 1817 ὑμῖν
1697 1747 1919 1816 φίλους
1947 1747 2016 1800 ἐκ

330 1823 440 1878 τοῦ
479 1824 734 1895 μαμωνᾶ
781 1824 892 1894 τῆς
937 1827 1195 1895 ἀδικίας,
1220 1828 1341 1893 ἵνα,
1373 1826 1520 1880 ὅταν
1550 1826 1891 1893 ἐκλείπητε,
1923 1824 2018 1879 δέ·

331 1906 553 1969 ξωνται
580 1904 731 1975 ὑμᾶς
769 1909 857 1972 εἰς
899 1907 1005 1973 τὰς
1048 1906 1332 1973 αἰωνίους
1368 1904 1569 1960 αὐτῶν
1605 1903 1864 1973 σκηνάς.
1906 1903 2017 1958 Καὶ

329 1980 470 2049 οἶδα,
499 1985 584 2038 δτι
626 1984 812 2039 πολλοὶ
846 1987 905 2039 οὐ
944 1986 1105 2057 μόνον
1137 1986 1199 2039 οὐ
1234 1985 1552 2058 προσίενται
1594 1987 1665 2039 τά
1702 1985 1832 2057 παρ’
1856 1983 2016 2056 ἡμῶν

328 2063 622 2134 λεγόμενα,
641 2064 778 2119 ἀλλά
808 2067 903 2119 καὶ
933 2066 1008 2131 ὡς
1034 2065 1209 2138 λῆρόν
1231 2082 1356 2119 τινα
1378 2065 1473 2119 καὶ
1500 2065 1669 2136 μῦθον
1699 2063 2011 2129 ἀκούοντες,

328 2145 392 2197 οὐ
432 2144 759 2215 προσέχουσι
801 2146 829 2184 ιι
866 2148 975 2210 τοῖς
1013 2146 1306 2218 ἡμετέροις
1338 2146 1538 2215 λόγοις.
1585 2143 1726 2198 Ἀλλ’
1765 2142 1878 2213 ἐγὼ
1922 2145 2015 2196 καὶ

325 2223 419 2277 διὰ
444 2222 603 2276 τοῦτο
642 2223 932 2295 δάκνομαι,
973 2226 1067 2278 καὶ
1109 2224 1410 2296 ὀδυνῶμαι,
1439 2226 1522 2279 ὅτι
1557 2222 1682 2277 οὐτε
1721 2222 1828 2277 τῶν
1867 2238 2009 2292 πρα-

329 2302 560 2374 γμάτων
590 2303 623 2373 ἡ
651 2304 838 2373 πεῖρα,
879 2301 1003 2356 οὐτε
1043 2305 1076 2373 ἡ
1118 2303 1358 2374 τοσαύτη
1389 2302 1485 2357 τοῦ
1521 2300 1658 2355 Θεοῦ
1694 2300 2007 2371 ὑπόσχεσις,

327 2381 455 2436 οὐτε
479 2384 507 2435 ό
536 2381 701 2451 φόϐος
729 2381 839 2435 τῶν
864 2381 1189 2453 μελλόντων,
1212 2380 1336 2435 οὐτε
1363 2384 1420 2437 αἰ
1454 2380 1574 2435 καθ’
1606 2381 1846 2449 ἐκάστην
1875 2378 2013 2449 ἡμέ-

329 2480 434 2532 ραν
467 2462 597 2531 παρ’
626 2461 787 2533 ἡμῶν
830 2463 1182 2533 παραινέσεις
1225 2461 1332 2515 τῶν
1375 2460 1634 2515 τοιούτων
1687 2458 2011 2513 καθικέσθαι

324 2542 673 2612 ἠδυνήθησαν
700 2551 750 2604 ο,
800 2542 896 2594 καὶ
940 2541 1003 2595 οὐ
1053 2540 1337 2612 παύσομαι
1388 2539 1511 2592 οὐδὲ
1570 2537 1686 2611 [2‘2]
1726 2537 1871 2592 οὕτω
1913 2540 2012 2609 τῆς

326 2620 583 2691 τοιαύτης
618 2620 949 2691 συμϐουλῆς,
969 2619 1165 2695 μέχρις
1190 2621 1256 2673 ἂν
1278 2622 1344 2690 τῇ
1378 2616 1544 2689 πολλῇ
1580 2616 1832 2687 συνεχείᾳ
1863 2633 2012 2687 περι-

326 2700 582 2766 γενέσθαι
618 2700 850 2770 δυνηθῶ,
888 2701 983 2755 καὶ
1006 2702 1087 2764 εἰς
1117 2701 1280 2770 νῆψιν
1312 2699 1513 2762 αὐτοὺς
1546 2699 1795 2766 ἀγαγεῖν,
1823 2697 1917 2749 καὶ
1947 2698 2010 2749 ἐκ

323 2779 423 2833 τοῦ
448 2779 615 2851 κάρου
653 2780 748 2832 καὶ
774 2779 875 2851 τῆς
905 2779 1098 2850 μέθης,
1136 2779 1254 2850 ἡνὴ
1283 2778 1391 2831 τῶν
1419 2776 1718 2849 χρημάτων
1745 2774 2009 2847 ἐπιθυμία

327 2860 531 2930 ἤνεγκε
559 2857 882 2912 σκοτώσασα
912 2858 1004 2913 τὸν
1037 2856 1318 2928 λογισμὸν,
1355 2857 1687 2925 ἀνενεγκεῖν.
1714 2851 1846 2909 Οἶδα
1874 2854 2006 2926 γὰρ,

325 2936 447 2992 οἶδα
475 2940 557 2993 ὅτι
589 2937 729 3010 μετά
757 2937 855 3010 τὴν
900 2937 996 2992 τοῦ
1029 2935 1161 2991 Θεοῦ
1198 2935 1360 3008 χάριν
1382 2937 1477 2989 καὶ¹
1511 2937 1545 3005 ἡ
1575 2933 1685 2988 τῶν
1724 2934 2009 3006 ἡμετέρων

325 3018 502 3086 λόγων
541 3018 820 3088 συνέχεια,
855 3017 950 3071 καὶ
993 3019 1028 3089 ἡ
1082 3017 1230 3087 παρά
1276 3015 1376 3086 τῆς
1413 3014 1670 3086 νηστείας
1721 3014 2008 3085 ἐπιμέλεια

325 3098 612 3167 δυνήσεται
643 3096 840 3161 αὐτοὺς
864 3096 963 3166 ὀψὲ
987 3095 1120 3165 γοῦν
1145 3111 1276 3148 ποτε
1307 3094 1618 3161 ἀπαλλάξαι
1641 3093 1736 3147 τοῦ
1766 3094 2008 3164 χαλεποῦ

324 3175 516 3229 τούτου
547 3177 872 3247 νοσήματος,
896 3175 991 3229 καὶ
1016 3176 1095 3238 είς
1124 3174 1339 3228 τελείαν
1365 3174 1578 3241 ὑγίειαν
1611 3175 2005 3242 ἐπαναγαγεῖν,

327 3257 415 3309 ἵνα
446 3257 540 3310 καὶ
564 3256 719 3309 αὐτοὶ
740 3255 840 3326 τῆς
879 3257 1090 3326 ἐπηρτη
1101 3255 1268 3325 μένης
1296 3255 1411 3318 τοῖς
1445 3253 1709 3317 τοιούτοις
1736 3253 2008 3325 τιμωρίας

326 3335 757 3407 ἐλευθερωθῶσι,
774 3336 868 3388 καὶ
888 3336 1049 3405 ἡμεῖς
1074 3335 1171 3405 τῆς
1198 3333 1436 3403 ἀθυμίας
1458 3330 1887 3403 ἀπαλλαγῶμεν,
1913 3332 2010 3386 καὶ

326 3416 470 3486 ὑπὲρ
502 3406 755 3469 ἀπάντῶν
795 3415 953 3479 δόξαν
999 3411 1414 3482 ἀναπέμψωμεν
1450 3411 1529 3483 τῷ
1570 3411 1744 3482 Πατρὶ
1787 3411 1882 3463 καὶ
1929 3410 2008 3481 τῷ

326 3495 443 3565 Τίῷ
463 3495 555 3549 καὶ
581 3493 660 3564 τῷ
683 3493 824 3564 ἁγίῳ
844 3492 1146 3565 Πνεύματι,
1177 3489 1273 3545 νῦν
1300 3489 1393 3543 καί
1420 3490 1531 3558 ἀεὶ,
1555 3491 1649 3546 καὶ
1674 3492 1756 3555 εἰς
1778 3491 1903 3554 τοὺς
1923 3491 2008 3544 αἱ·

325 3575 471 3638 ῶνας
503 3573 612 3627 τῶν
640 3571 873 3628 αἰώνων.
915 3575 1110 3644 Ἀμήν.

990 3690 1232 3743 ΟΜΙΛῙΛ
1269 3691 1341 3742 A'.

326 3779 439 3833 Καὶ
482 3776 653 3834 εἶπεν
694 3783 727 3835 ὀ
778 3779 916 3846 Θεός
945 3797 958 3809 ο
998 3776 1314 3847 Γενηθήτω
1365 3774 1671 3847 στερέωμα
1716 3773 1801 3847 ᾲέν
1836 3774 2007 3847 μέσῳ

399 3847 509 3902 τοῦ
562 3850 782 3918 ὕδατος
799 3892 816 3916 ,
882 3844 979 3905 καί
1049 3844 1207 3903 ἔστω
1267 3844 1614 3918 διαχωρίζῢν
1695 3844 2006 3914 ἀναμέσων

397 3919 620 3986 ὕδατος
646 3917 1025 3985 καίῢδατος·
1048 3918 1147 3973 καὶ
1176 3917 1417 3988 ἐγένετο
1447 3917 1658 3981 οὕτως.

399 4013 468 4061 α’.
507 4007 679 4080 Ὁρῶν
700 4009 883 4080 ὑμῶν,
910 4007 1216 4079 ἀγαπητοὶ,
1242 4005 1342 4077 τὴν
1367 4005 1505 4077 μετά
1539 4004 1852 4076 προθυμίας
1882 4005 2005 4059 καθ’

326 4087 570 4158 ἑκάστην
602 4088 814 4160 ἡμέραν
836 4087 1069 4143 ἐνταῦθα
1112 4086 1450 4149 συνέλευσιν,
1485 4085 1728 4155 μεγάλην
1762 4085 2008 4154 καρποῦ-

331 4183 433 4236 μαι
472 4166 575 4238 τὴν
606 4167 819 4239 ἡδονὴν,
866 4167 961 4221 καὶ
1010 4166 1073 4220 οὐ
1122 4163 1369 4235 παύομαι
1416 4163 1655 4231 δοξάζων
1687 4163 1779 4217 τὸν
1813 4165 2005 4233 φιλάν-

326 4244 551 4316 θρωπον
583 4244 715 4299 Θεὸν
751 4246 845 4299 ἐπὶ⁵
869 4247 936 4317 τῇ
971 4245 1226 4316 προκοπῇ
1261 4245 1328 4314 τῇ
1355 4241 1620 4313 ὑμετέρᾳ.
1657 4242 1868 4315 ’Ὠσπερ
1895 4245 2006 4318 γάρ

322 4325 390 4378 τὸ
434 4327 623 4396 πεινῇν
664 4327 983 4397 σωματικῆς
1024 4322 1238 4391 εὐεξίας
1277 4322 1396 4375 ἐστὶ
1430 4323 1677 4392 σημεῖον,
1721 4322 1864 4377 οὕτω
1911 4327 2007 4378 καὶ

323 4404 388 4457 τὸ
419 4405 551 4475 περὶ
579 4405 681 4476 τὴν
710 4405 975 4476 ἀκρόασιν
1016 4403 1125 4457 τῶν
1166 4401 1327 4457 θείων
1359 4400 1557 4470 λογίων
1603 4402 2001 4458 ἐσπουδακέναι

323 4483 429 4553 τῆς
477 4483 621 4538 κατά
668 4484 846 4556 ψυχὴν
895 4484 1106 4553 ὑγιείας
1150 4481 1452 4553 τεκμήριον
1498 4481 1564 4534 ἄν
1609 4497 1696 4545 τις
1747 4481 2007 4553 μέγιστον

324 4562 636 4633 ποιήσαιτο.
666 4564 758 4617 Διὸ
801 4565 897 4619 καὶ
931 4567 959 4618 ὁ
997 4563 1201 4635 Κύριος
1244 4560 1403 4633 ἡμῶν
1440 4561 1647 4632 Ἰησοῦς
1680 4563 1915 4633 Χριστὸς
1947 4566 2006 4620 ἐν

322 4644 441 4705 τοῖς
471 4646 841 4714 μακαρισμοῖς
875 4642 1127 4707 ἐκείνοις,
1168 4642 1282 4704 τοῖς
1322 4638 1414 4692 ἐπὶ
1442 4640 1538 4694 τοῦ
1578 4639 1739 4712 ὅρους
1778 4657 2008 4715 γεγενη-

329 4721 538 4792 μένοις,
572 4722 757 4791 ἐλεγε·
784 4720 1069 4791 Μακάριοι
1115 4722 1170 4774 οί
1214 4717 1542 4785 πεινῶντες
1577 4720 1677 4773 καὶ
1714 4719 2009 4790 διψῶντες

325 4799 445 4869 τὴν
471 4801 884 4869 δικαιοσύνην,
908 4800 997 4854 ὅτι
1025 4799 1199 4854 αὐτοὶ
1230 4798 1775 4867 χορτασθήσονται.
1809 4799 1905 4864 Τίς
1938 4803 2006 4857 ἂν

322 4876 419 4935 οὖν
441 4882 586 4951 ὑμᾶς
609 4883 731 4935 κατ’
753 4880 909 4946 ἀξίαν
929 4880 1214 4935 ἐπαινέσαι
1235 4878 1513 4949 δυνηθείη,
1532 4880 1658 4943 τοὺς
1681 4878 1829 4946 ἀπαξ
1854 4883 2007 4953 παρά

322 4960 422 5014 τοῦ
444 4959 553 5014 τῶν
585 4962 841 5016 ἁπάντων
865 4960 1136 5014 Δεσπότου
1161 4958 1253 5012 τὸν
1283 4958 1632 5029 μακαρισμὸν
1654 4958 2004 5029 δεξαμένους,

326 5039 422 5093 καὶ
444 5041 513 5094 τά
536 5041 705 5111 μυρία
730 5040 1145 5112 προσδοκῶντας
1175 5037 1306 5107 παρ’
1328 5037 1493 5090 αὐτοῦ
1516 5036 1728 5106 ἀγαθά;
1755 5038 2009 5106 Τοιοῦτος

327 5126 437 5191 γαρ
467 5123 496 5175 ό
546 5122 813 5194 ἡμέτερος
851 5120 1156 5189 Δεσπότης·
1204 5118 1335 5171 ὅταν
1378 5116 1465 5188 ἴδῃ
1494 5116 1673 5189 ψυχὴν
1713 5117 1893 5188 πολλῷ
1929 5121 2007 5190 τῷ

323 5199 480 5270 πόθῳ
508 5202 603 5254 καὶ
633 5200 1006 5273 ἐπιτεταμένῃ
1035 5202 1102 5270 τῇ
1145 5195 1428 5269 προθυμίᾳ
1459 5198 1574 5260 τοῖς
1614 5202 2007 5268 πνευματικοῖς

324 5280 658 5350 προσιοῦσαν
678 5322 694 5346 ,
731 5277 1169 5350 ἐπιδαψιλεύεται
1212 5275 1311 5349 τὴν
1369 5280 1565 5348 χάριν,
1616 5276 1712 5330 καὶ
1746 5276 2007 5341 πλουσίας

326 5360 459 5430 παρ’
488 5360 687 5415 ἑαυτοῦ
716 5359 1001 5432 χαρίζεται
1027 5357 1127 5421 τὰς
1152 5355 1379 5426 δωρεάς.
1404 5355 1564 5410 Ὅθεν
1598 5356 1884 5428 προσδοκῶ
1914 5357 2007 5412 καὶ

327 5440 461 5511 ἡμῖν
485 5442 572 5496 διά
607 5444 708 5516 τὴν
742 5441 1014 5513 ὑμετέραν
1037 5439 1065 5479 ἆ
1093 5436 1363 5508 ὠφέλειαν
1404 5436 1625 5491 πλείονα
1650 5437 2005 5516 παρασχεθὴ-

327 5521 521 5575 csa-0a;
570 5515 670 5576 τὸν
710 5520 811 5592 τῆς
853 5516 1199 5580 διδασκαλίας
1234 5516 1393 5586 λόγον
1440 5516 1523 5579 είς
1573 5515 1861 5589 οἰκοδομὴν
1904 5517 2007 5587 τῆς

390 5619 417 5647 ³
446 5617 515 5668 lla
560 5619 715 5670 Savil.
752 5623 805 5667 et
828 5630 916 5666 sex
935 5629 1049 5666 mss.
1074 5611 1249 5663 Morel.
1276 5612 1396 5675 μετά
1423 5610 1510 5661 τοῦ
1533 5613 1677 5662 καὶ...
1702 5613 2008 5677 ἐνταμιεύεσ-

323 5681 418 5781 θαῖ
441 5742 563 5805 Reg.
586 5755 716 5791 unus
733 5741 788 5790 οὐ
809 5739 1119 5805 προσέχουσι.
1139 5735 1344 5805 (ἷρίειὶρἑ
1367 5736 1879 5805 οὕτω-οιεςροιειςίξέχοντοιι2

389 5809 412 5836 ε
442 5795 629 5854 Οιῐῖηρε
656 5817 768 5851 mss.
798 5795 1018 5850 et'Sav'i'l.
1042 5798 1264 5857 ἠδυνήθη.
1299 5795 1472 5846 \lorel.
1496 5795 1897 5856 ἠδὶινήθὴὰανΈῑ
1920 5797 1986 5849 ita

326 5868 688 5915 restituendum
713 5878 774 5913 ex
795 5864 1073 5920 conjectura
1090 5864 1227 5908 notat
1247 5857 1474 5907 Savilius.

388 5927 417 5967 Il
438 5928 639 5977 Caslin.
666 5918 911 5992 πλουσίως
926 5923 1015 5992 τᾲς
1046 5922 1157 5992 παρξ
1185 5921 1366 5992 ἑαυτῶν
1400 5920 1639 5983 χαρίζεται
1668 5918 1866 5983 δωρεὰς,
1900 5919 1999 5968 ὅθεν

328 5993 670 6050 πεοσδοκῶμεν
690 5990 772 6037 καὶ
789 5986 901 6047 ἡμῖν
922 5985 1000 6033 διὰ
1020 5984 1105 6041 τήν
1133 5984 1382 6044 ἡμετέραν.

2127 636 2223 690 καὶ
2270 638 2416 709 ὑμᾶς
2456 639 2592 711 πρὸς
2634 640 2803 712 αὐτὴν
2827 642 2928 711 τῆς
2959 642 3160 713 ἀρετῆς
3202 643 3300 712 τὴν
3327 641 3569 712 κορυφὴν
3606 638 3799 692 θάττον

2126 715 2477 788 ἀναδραμεῖν,
2508 719 2601 772 καὶ
2634 720 2767 773 πᾶσι
2807 723 2920 784 τοῖς
2949 722 3027 784 εἰς
3060 721 3206 790 ὑμᾶς
3246 719 3414 792 ὁρῶσι
3446 717 3799 782 διδασκάλους

2124 794 2377 863 γενέσθαι
2409 798 2508 868 τῆς
2545 798 2686 852 κατὰ
2728 799 2860 852 Θεὸν
2914 799 3209 864 πολιτείας,
3245 800 3339 853 καὶ
3373 799 3522 868 ἡμᾶς
3558 797 3799 861 πλείονος

2124 872 2419 928 ἀπολαύειν
2471 876 2574 946 τῆς
2628 877 2981 950 παρρησίας,
3032 878 3274 949 ὁρῶντας
3320 879 3381 929 οὐ
3419 877 3634 948 μάτην,
3674 875 3797 929 οὐδὲ

2123 961 2242 1031 εἰκῆ
2298 964 2661 1034 πονουμένους
2717 967 2903 1037 ἡμᾶς,
2939 965 3074 1020 ἀλλά
3120 966 3244 1020 καθ’
3299 966 3536 1034 ἑκάστην
3583 965 3800 1036 ἡμέραν

2122 1040 2490 1112 αὐξανόμενον
2541 1044 2731 1098 τοῦτον
2763 1046 2856 1099 τὸν
2891 1047 3092 1114 σπόρον
3120 1049 3213 1099 τὸν
3256 1043 3662 1115 πνευματικὸν,
3703 1047 3800 1097 καὶ
3833 1059 3839 1065 ’

2125 1118 2200 1190 μὴ
2226 1120 2481 1193 καθάπερ
2512 1122 2570 1175 ἐν
2600 1121 2680 1193 τῷ
2710 1123 3017 1196 εὐαγγελίῳ
3044 1125 3138 1177 ἐπὶ
3170 1124 3264 1177 τοῦ
3302 1126 3615 1194 σπείροντος
3639 1123 3798 1190 γέγο-

2121 1214 2232 1264 νεν,
2261 1198 2403 1253 οὕτω
2441 1200 2537 1254 καὶ
2583 1202 2669 1272 ἐφ’
2697 1201 2854 1272 ἡμῶν
2891 1214 2915 1242 θ
2948 1204 3240 1275 συμϐῆναι.
3285 1204 3434 1256 Ἑκεῖ
3466 1201 3565 1270 μὲν
3601 1201 3711 1271 7&9
3740 1199 3799 1254 ἒν

2124 1277 2289 1349 μέρος
2327 1279 2580 1352 διεσώθη,
2626 1280 2721 1336 καὶ
2753 1281 2821 1335 τά
2863 1281 2987 1353 τρία
3023 1280 3407 1352 παραπώλετο.
3443 1281 3517 1332 Τὸ
3560 1279 3658 1349 μὲν
3691 1278 3799 1347 7&9

2119 1357 2230 1409 τῶν
2273 1359 2606 1430 σπερμάτων
2656 1360 2716 1413 τὸ
2765 1360 2915 1431 παρὰ
2951 1360 3049 1431 τὴν
3087 1360 3204 1413 ὁδὸν
3239 1357 3584 1430 καταϐληθὲν
3627 1358 3798 1427 ἄκαρ-

2121 1454 2221 1490 πον
2252 1437 2457 1508 ἔμεινε,
2500 1440 2561 1491 τὸ
2592 1439 2649 1492 δέ
2684 1439 2790 1493 ὑπὸ
2830 1439 2941 1492 τῶν
2974 1437 3223 1492 ἀκανθῶν
3273 1436 3573 1505 ἀπεπνίγη,
3613 1435 3798 1506 ἕτερον

2118 1516 2174 1571 δὲ
2210 1519 2289 1582 εἱς
2316 1518 2416 1583 τὰς
2447 1519 2653 1590 πέτρας
2685 1518 3048 1591 καταϐληθὲν,
3078 1519 3173 1572 καὶ
3212 1519 3306 1571 ἐπὶ
3349 1518 3449 1588 τῆς
3476 1516 3798 1585 ἐπιφανείας

2122 1598 2330 1665 μεῖναν,
2360 1598 2552 1651 οὐδένα
2587 1599 2802 1669 καρπὸν
2831 1599 3075 1666 ἐνεγκεῖν
3105 1596 3346 1667 ἠδυνήθη
3368 1611 3382 1625 ·
3417 1594 3530 1666 [‘25]
3562 1593 3798 1647 ἐνταῦθα

2118 1674 2173 1727 δὲ
2200 1674 2288 1729 διὰ
2326 1678 2425 1748 τὴν
2466 1676 2559 1731 τοῦ
2598 1677 2734 1731 Θεοῦ
2756 1668 2932 1751 ’χάριν
2977 1674 3364 1749 προσδοκῶμεν
3400 1673 3617 1728 ἅπαντα
3650 1671 3670 1710 τ
3705 1673 3798 1726 τὸν

2120 1761 2323 1834 σπόρον
2368 1765 2451 1828 εἰς
2496 1759 2597 1830 τὴν
2645 1764 2817 1837 καλὴν
2850 1765 2957 1835 γῆν
3004 1761 3486 1833 καταὸεὸλῆσθαι,
3535 1760 3628 1816 καὶ
3671 1761 3798 1824 τοὺς

2121 1839 2222 1910 μὲν
2267 1845 2443 1899 ποιεῖν
2495 1845 2712 1912 ἑκατὸν,
2747 1846 2871 1910 τοὺς
2920 1844 2977 1900 δὲ
3012 1843 3309 1915 ἐξήκοντα,
3358 1841 3488 1904 τοὺς
3536 1839 3593 1893 δὲ
3640 1839 3797 1910 τριά-

2117 1946 2301 1985 κοντα.
2349 1931 2520 1985 Τοῦτο
2572 1933 2731 2004 ἡμῶν
2778 1933 2878 2004 τὴν
2929 1930 3238 2004 προθυμίαν
3270 1926 3447 1995 αὔξει,
3490 1925 3650 1980 τοῦτο
3700 1926 3798 1997 τὴν

2115 2005 2352 2061 διάνοιαν
2378 2009 2654 2082 διεγείρει,
2692 2011 2755 2064 τὸ
2783 2010 3007 2073 εἰδέναι,
3044 2010 3126 2062 ὅτι
3157 2008 3257 2079 οὐχ
3303 2006 3490 2069 ἁπλῶς
3516 2004 3638 2058 οὐδὲ
3675 2005 3796 2074 είκῆ

2114 2086 2240 2149 τοὺς
2280 2087 2472 2155 λόγους
2505 2089 2829 2160 προϊέμεθα,
2870 2089 2985 2142 ἀλλ’
3013 2089 3095 2142 ὅτι
3130 2085 3430 2157 νηφούσαις
3455 2085 3577 2145 ταῖς
3607 2084 3796 2145 ἀκοαῖς

2115 2173 2210 2225 καὶ
2264 2176 2640 2248 συντεταμένῃ
2680 2179 2747 2248 τῇ
2801 2176 3010 2247 διανοίᾳ
3068 2174 3137 2228 τά
3183 2173 3313 2244 παρ’
3353 2170 3511 2242 ἡμῶν
3549 2169 3793 2240 δέχεσθε.

2114 2251 2226 2304 Καὶ
2262 2254 2437 2309 ταῦτα
2468 2256 2530 2309 οὐ
2560 2253 2870 2310 κολακεύων
2900 2255 3055 2325 ὑμῶν
3093 2253 3191 2324 τὴν
3219 2252 3442 2321 ἀγάπην
3472 2250 3636 2318 λέγω,
3661 2248 3794 2303 ἀλλά

2114 2331 2510 2406 στοχαζόμενος
2553 2334 2652 2405 τὴν
2703 2333 3014 2406 προθυμίαν
3060 2333 3126 2385 ἐκ
3162 2331 3270 2384 τῶν
3302 2328 3428 2400 χθὲς
3469 2331 3600 2399 ἡμῖν
3645 2328 3792 2398 εἰρη-

2116 2411 2293 2482 μένων
2324 2402 2370 2468 ε.
2431 2402 2653 2487 Ἐώρων
2697 2402 2807 2486 γάρ
2866 2402 3114 2476 ἅπαντας
3162 2410 3614 2482 ἐκκρεμαμένους
3669 2408 3798 2487 περί

2111 2490 2209 2561 τὴν
2247 2485 2622 2556 διδασκαλίαν,
2661 2494 2757 2547 καὶ
2780 2485 2975 2546 πάντα
3020 2489 3336 2553 ποιοῦντας,
3378 2487 3521 2541 ὥστε
3559 2486 3695 2557 μηδὲ
3735 2485 3797 2539 τὸ

2110 2570 2275 2640 τυχὸν
2302 2570 2445 2641 ὑμᾶς
2482 2571 2590 2625 τῶν
2616 2570 2927 2643 λεγομένων
2960 2569 3376 2641 παραδραμεῖνο
3409 2566 3587 2629 άλλως
3616 2565 3673 2618 δὲ
3703 2566 3797 2643 καῖ

2113 2649 2146 2718 ἡ
2189 2647 2299 2702 τῶν
2342 2648 2552 2720 κρότων
2581 2642 2833 2720 συνέχεια
2885 2649 3114 2722 μεγίστη
3143 2647 3421 2714 ἀπόδειξις
3456 2646 3673 2716 ἐγένετο
3699 2642 3795 2697 τοῦ

2113 2727 2236 2796 μεθ’
2274 2727 2469 2798 ἡδονῆς
2512 2728 2655 2799 ὑμᾶς
2703 2727 2955 2798 δέχεσθαι
3006 2727 3075 2781 τά
3114 2726 3407 2797 λεγόμενα.
3465 2725 3526 2777 'U
3566 2724 3623 2778 δὲ
3675 2722 3797 2794 μεθ’

2111 2806 2303 2878 ἡδονῆς
2338 2806 2553 2861 ἀκούων
2589 2807 2754 2861 τινῶν
2792 2807 3122 2877 λεγομένων,
3166 2806 3324 2876 δῆλον
3360 2805 3443 2858 ὅτι
3486 2802 3579 2856 καὶ
3616 2802 3799 2873 ἐμπή-

2110 2901 2301 2953 γνυσιν
2342 2885 2484 2940 αὐτά
2509 2888 2576 2957 τῇ
2610 2885 2839 2958 διανοίᾳ,
2867 2885 2962 2938 καὶ
3002 2883 3364 2948 ἀνεξάλειπτα
3395 2880 3689 2958 ἐργάζεται
3716 2878 3797 2949 τῷ

2111 2965 2306 3019 πλάτει
2343 2966 2444 3037 τῆς
2476 2964 2715 3029 διανοίας
2754 2964 3227 3035 ἐναποτιθέμενος.
3269 2964 3368 3026 Τίς
3409 2960 3475 3016 ἂν
3521 2957 3615 3015 οὖν
3658 2958 3797 3031 πρὸς

2109 3045 2268 3111 ἀξίαν
2311 3046 2405 3099 καὶ
2452 3046 2596 3117 ὑμᾶς
2639 3045 2975 3110 ἐπαινέσειε,
3022 3043 3117 3097 καὶ
3159 3042 3310 3114 ἡμᾶς
3353 3040 3708 3112 μακαρίσειεν
3741 3040 3794 3106 h,

2109 3123 2193 3177 ὃτι
2227 3125 2308 3188 εἰς
2356 3119 2471 3177 ὦτα
2501 3124 2733 3197 λέγομεν
2773 3123 3117 3188 ἀκουόντων;
3163 3120 3470 3190 Μακάριος
3515 3119 3646 3191 γὰρ,
3691 3136 3797 3189 φη-

2113 3204 2216 3268 σὶν,
2245 3206 2279 3256 ὁ
2304 3203 2501 3275 λέγων
2536 3207 2624 3269 εἰς
2659 3200 2780 3259 ὦτα
2823 3203 3187 3259 ἀκουόντων.
3231 3199 3404 3254 Τοῦτο
3447 3200 3701 3269 νηστείας
3732 3197 3797 3275 τὸ

2110 3282 2481 3353 κατόρθωμα,
2539 3282 2700 3336 τοῦτο
2757 3283 2819 3334 τὸ
2864 3283 3157 3351 φάρμακον
3202 3278 3302 3351 τὴν
3360 3277 3634 3348 σωτηρίαν
3685 3274 3795 3328 τῶν

2110 3361 2396 3432 ἡμετέρων
2445 3360 2632 3431 ψυχῶν
2687 3359 3004 3431 εἰργάσατο.
3053 3358 3116 3411 Εἰ
3152 3356 3210 3410 δὲ
3253 3356 3312 3422 ἐξ
3362 3355 3539 3425 ἀρχῆς
3586 3354 3681 3407 καὶ
3727 3353 3794 3432 ἐκ

2110 3431 2415 3510 προοιμίων
2453 3440 2725 3512 τοσαύτην
2764 3441 2864 3509 τὴν
2907 3439 3061 3508 ἰσχὺν
3096 3436 3434 3501 ἐπεδείξατο,
3489 3431 3794 3503 προϊουσῶν

2108 3527 2219 3581 τῶν
2254 3527 2478 3600 ἡμερῶν
2534 3528 2707 3599 πόσην
2756 3527 2861 3599 χρὴ
2909 3525 3327 3597 προσδοκῆσαιί
3381 3523 3479 3594 τὴν
3526 3520 3794 3590 ὠφέλειαν

2110 3620 2527 3692 προσγίνεσθαι;
2554 3619 2730 3673 Μόνον
2753 3619 2932 3689 ὑμεῖς,
2954 3614 3279 3687 παρακαλῶ,
3300 3612 3463 3668 Μετὰ
3484 3613 3672 3682 φόϐου
3694 3610 3793 3664 καὶ

2108 3704 2332 3773 τρόμου
2387 3702 2504 3770 τὴν
2563 3699 2797 3755 ἑαυτῶν
2850 3697 3155 3768 σωτηρίαν
3204 3693 3650 3765 κατεργάζεσθε,
3698 3693 3794 3746 καὶ

2114 3783 2387 3855 μηδεμίαν
2441 3781 2797 3853 παρείσδυσιν
2846 3779 2965 3833 δότε
3011 3778 3090 3849 τῷ
3139 3776 3331 3855 ἐχθρῷ,
3371 3774 3481 3855 τῆς
3519 3773 3793 3855 σωτηρίας

2107 3852 2209 3933 τῆς
2239 3852 2538 3932 ὑμετέρας.
2569 3859 2742 3932 Ὁρῶν
2778 3857 2889 3929 7&9
2941 3856 3096 3928 ὑμῶν
3142 3855 3236 3909 νῦν
3287 3854 3381 3907 τὸν
3424 3852 3673 3933 πλοῦτον
3700 3852 3794 3904 τὸν

2109 3930 2514 4012 πνευματικὸν,
2586 3930 2799 4010 μέμηνε
2866 3937 2961 3989 καὶ
3015 3935 3325 4006 ἀγριαίνει,
3381 3933 3479 3987 καὶ
3539 3930 3793 4012 καθάπερ

2108 4009 2962 4091 λέωνὼρυόμενοςπεριέρχεται
2989 4015 3170 4085 ζητῶν
3192 4015 3312 4067 τίνα
3344 4011 3611 4083 καταπίῃ.
3649 4009 3792 4091 Ἀλλ’

2109 4102 2205 4156 ἐὰν
2248 4102 2529 4171 νήφωμεν,
2556 4098 2773 4159 οὐδενὸς
2801 4096 3086 4168 περιέσται
3103 4095 3191 4148 διὰ
3205 4094 3305 4164 τὴν
3334 4093 3429 4146 τοῦ
3449 4091 3586 4145 Θεοῦ
3606 4090 3788 4160 χάριν.

2182 4195 2246 4266 β’.
2265 4191 2499 4246 Τοιαῦτα
2520 4191 2631 4263 γὰρ
2652 4192 2684 4264 ἡ
2693 4190 2809 4262 μῶν
2847 4190 2916 4243 τά
2962 4188 3101 4243 ὅπλα
3119 4187 3189 4243 τά
3226 4183 3574 4256 πνευματικά
3594 4223 3609 4248 ,
3647 4183 3791 4266 άπερ

2110 4263 2260 4349 ἡμᾶς
2294 4275 2543 4328 ἐνέδυσεν
2570 4275 2602 4345 ἡ
2633 4263 2726 4326 τοῦ
2761 4272 3079 4345 Πνεύματος
3112 4268 3126 4321 i
3165 4269 3346 4341 χάρις,
3379 4266 3630 4349 καθάπερ
3657 4263 3792 4349 χίές

2110 4343 2429 4426 ἐδιδάξαμεν
2466 4353 2564 4426 τὴν
2593 4343 2887 4425 ὑμετέραν
2915 4343 3187 4421 ἀγάπην.
3217 4351 3314 4426 Ἂν
3351 4346 3542 4426 τοίνυν
3565 4343 3791 4426 Δτούτοις

2107 4420 2373 4514 διηνεκῶς
2396 4420 2547 4504 ὦμεν
2582 4420 2962 4503 πεξρραγμένοι
2994 4420 3173 4484 πάντα
3202 4425 3269 4480 τά
3306 4422 3649 4514 μέληζούδὲν
3678 4420 3790 4514 τῶν

2109 4511 2201 4576 ὑπ’
2227 4520 2434 4577 ἐκείνου
2463 4521 2777 4592 ἀφιεμένων
2811 4518 2981 4591 βελῶν
3015 4515 3339 4572 καθικέσθαι
3374 4513 3534 4586 ἡμῶν
3569 4511 3792 4592 δυνήσε-

2109 4618 2219 4669 ται,
2264 4601 2378 4655 ἀλλ’
2409 4589 2765 4672 ἄκυρα-πρὸς
2797 4589 2961 4653 αὐτὸν
3013 4595 3302 4668 ἐπανήξει·
3343 4594 3649 4665 ἀδάμαντος
3682 4589 3792 4660 γὰρ

2110 4685 2257 4757 ἡμᾶς
2287 4680 2676 4751 στερῤοτέρους
2702 4679 2735 4749 ἡ
2764 4678 2859 4732 τοῦ
2890 4677 3026 4732 Θεοῦ
3062 4678 3224 4757 χάρις
3258 4672 3633 4757 κατεσκεύασε
3650 4712 3678 4757 ,Α
3693 4672 3791 4757 καὶ

2109 4749 2288 4834 πάντῃ
2327 4749 2656 4823 ἀναλώτους,
2693 4758 2789 4812 ἐὰν
2832 4749 3174 4830 βουλώμεθα.
3210 4756 3421 4826 ’Ὠσπερ
3469 4750 3562 4834 οὖν
3655 4749 3789 4834 ἀδά-

2113 4831 2291 4917 μαντα
2314 4839 2491 4894 παίων
2526 4839 2734 4892 ἐκεῖνον
2770 4840 2867 4909 μὲν
2900 4836 3131 4917 ἔϐλαψεν
3160 4835 3333 4917 οὐδὲν,
3355 4831 3557 4917 ,ἐαυτοῦ
3589 4831 3647 4917 δὲ
3687 4832 3789 4917 την

2114 4910 2266 4994 ίσχὺν
2305 4917 2547 4982 καθεῖλε,
2589 4917 2686 4971 καὶ
2728 4919 2757 4971 ὁ
2791 4917 2928 4988 πρὸς
2971 4916 3173 4986 κέντρα
3206 4912 3500 4978 λακτίζων,
3543 4910 3671 4994 τοὺς
3708 4913 3788 4963 οἰ-

2108 4993 2291 5069 κείους
2346 5001 2608 5072 αἱμάσσει
2647 4999 2847 5065 πόδας·
2884 4998 3028 5053 οὑτω
3065 4999 3131 5068 δὴ
3170 4999 3264 5052 καὶ
3303 4997 3391 5065 ἐφ’
3429 4994 3587 5066 ἡμῶν
3633 4993 3790 5047 ἔσται

2108 5092 2202 5143 καὶ
2241 5087 2335 5142 τοῦ
2367 5085 2629 5156 πολεμίου
2658 5084 2760 5154 τῆς
2792 5083 3068 5153 σωτηρίας
3099 5082 3198 5151 τῆς
3221 5079 3519 5150 ἡμετέρας,
3550 5074 3645 5130 ἐάν
3674 5078 3791 5140 τοῖς

2108 5170 2295 5232 ὅπλοις
2342 5169 2454 5230 τοῖς
2489 5165 2795 5237 δεδομένοις
2846 5166 2979 5232 ἡμῖν
3010 5162 3160 5232 παρὰ
3201 5160 3301 5230 τῆς
3342 5157 3439 5212 τοῦ
3467 5156 3789 5228 Πνεύματος

2109 5253 2330 5324 χάριτος
2385 5247 2614 5308 ἐαυτούς
2665 5244 2942 5324 διηνεκῶς
2977 5242 3329 5324 φράττωμεν.
3374 5237 3626 5324 Τοσαύτη
3676 5240 3789 5324 γάρ

2107 5319 2313 5386 τούτων
2347 5330 2381 5400 ἡ
2414 5328 2674 5397 δύναμις,
2725 5327 2801 5390 ὠς
2851 5323 2986 5396 μηδὲ
3035 5322 3134 5392 τὴν
3173 5319 3235 5386 ἐξ
3272 5320 3453 5374 αὐτῶν
3500 5319 3791 5392 ἀστραπὴν

2109 5410 2439 5483 ὑφίστασθαι
2464 5410 2557 5467 τὸν
2591 5407 2879 5479 πολέμιον,
2897 5404 3012 5459 ἀλλ’
3035 5401 3478 5473 ἀποτυφλοῦσθαι
3508 5401 3608 5465 τὰς
3635 5400 3790 5472 ὄψεις

2177 5551 2201 5579 θ
2224 5547 2349 5610 Reg.
2373 5558 2501 5594 unus
2521 5545 2598 5654 ei;
2610 5542 2895 5605 ἡμᾶςιηΐτο
2917 5547 3111 5618 septem
3131 5553 3247 5589 mss.
3271 5546 3325 5589 et
3348 5536 3567 5589 Savﬂurb
3592 5536 3676 5599 μὲν
3697 5535 3789 5599 γὰρ

2143 5612 2205 5654 ὧν
2229 5611 2531 5654 σπερμάτων.
2602 5605 2728 5653 orel.
2757 5604 2814 5652 τὸ
2838 5604 2920 5654 μὲν
2942 5619 3031 5654 γαο
3052 5603 3261 5654 σπέρμα.

2223 5603 3031 5721 εξιιξτιιιέἐεειιιειδιιξνια
3052 5603 3261 5666 σπέρμα·

2177 5683 2192 5710 ι
2223 5683 2418 5721 (ροιειιῐι.
2443 5683 2788 5775 προσοοκωμεν
2810 5683 3028 5721 απαντες.

2176 5735 2202 5797 β
2227 5733 2352 5797 Beg.
2376 5743 2503 5797 unus
2526 5735 2580 5777 et
2598 5728 2706 5779 Cois
2728 5728 2796 5795 in:
2823 5727 3060 5797 χθίεςιποιρ⁷
3083 5723 3323 5797 ἡμῷνᾼείρ.
3352 5783 3364 5797 ι

2174 5793 2202 5832 h
2229 5787 2379 5842 εέὗίι.
2407 5797 2461 5839 ει
2486 5796 2589 5839 tres
2627 5802 2741 5838 mss.
2768 5787 3136 5852 μακαρίᾳ-βενε..
3159 5787 3516 5852 ἐκθαυμάσειεν.

2180 5857 2196 5895 ί
2225 5856 2308 5903 Sic
2330 5854 2482 5903 Savil.
2506 5858 2558 5900 et
2582 5852 2723 5900 mulli
2743 5844 2852 5899 niss.
2876 5844 2929 5898 Ιίι
2955 5848 3126 5901 Morel.
3148 5844 3479 5911 προσδοκῆσαι
3499 5844 3686 5911 qeeral.

2183 5918 2196 5967 ί
2234 5917 2315 5965 Sic
2336 5914 2487 5965 Savil.
2515 5920 2560 5962 el
2586 5925 2760 5961 omnes
2786 5912 2891 5963 fere
2925 5924 3038 5960 mss.
3049 5947 3062 5973 ,
3087 5905 3235 5970 amtie
3261 5910 3327 5958 ila
3367 5905 3491 5969 legit
3511 5906 3783 5967 interpres.

2116 5979 2288 6031 Morel.
2315 5979 2346 6035 ἡ
2371 5974 2457 6024 τοῦ
2486 5976 2685 6039 Πατρός.
