4144 6428
388 384 448 441 41
1176 382 1234 441 S.
1275 381 1562 441 JOANNIS
1600 378 2069 439 CllﬂYSOSTOM

2173 352 2447 432 προίει).
2491 375 3035 433 consum-uxor.
3752 374 3823 430 ιε

388 498 454 551 ἐκ
490 498 588 569 τῆς
632 498 803 569 αὐγῆς
845 498 941 567 τῆς
995 496 1209 551 ἐκεῖθεν
1239 512 1263 538 ιι
1313 498 1758 567 ἐκπεμπομένης.
1804 496 2047 556 Τούτοις,

391 586 713 656 παρακαλῶ,
756 587 863 648 τοῖς
903 585 1087 648 ὅπλοις
1134 584 1423 648 διαπαντὸς
1453 586 1675 647 ἑαυτοὺς
1703 583 2048 654 τειχίζοντες,

397 672 540 724 οὕτω
573 673 664 724 καὶ
698 673 777 735 είς
805 672 1011 744 ἀγοράν
1041 671 1416 742 ἐμϐάλλωμεν,
1445 672 1538 726 καὶ
1570 672 1743 740 φίλοις
1781 668 2055 739 συγγενώ-

397 757 553 827 μεθα,
591 758 684 813 καὶ
714 758 1013 831 πράγματα
1049 759 1536 829 μεταχειρίζωμεν.
1567 759 1678 812 Καὶ
1717 756 1770 810 τί
1806 758 1947 827 λέγω
1975 757 2056 820 εἰς

395 845 638 916 ἀγοράν;
674 846 785 900 Καὶ
836 849 917 909 εἰς
950 845 1245 915 ἐκκλησίαν
1274 846 1620 908 ἀπαντῶντες
1647 845 1819 899 ταῦτα
1845 843 2055 915 ἔχωμεν

395 932 524 1002 ἡμῖν
558 931 673 1005 [24]
704 934 1082 1004 περικείμενα,
1122 933 1216 986 καὶ
1253 932 1433 986 οἴκαδε
1469 933 1777 996 ἐπανιόντες
1805 932 1898 985 καὶ
1924 930 2056 985 καθ·

396 1016 656 1083 εύδοντες,
697 1020 791 1073 καὶ
826 1020 1256 1090 διανιστάμενοι,
1301 1021 1393 1073 καὶ
1438 1020 1706 1091 μηδέποτε
1745 1018 1883 1072 αὑτά
1918 1019 2057 1072 ἀπο-

401 1103 624 1174 θώμεθα
648 1108 798 1178 παρά
826 1108 1003 1161 πᾶσαν
1039 1108 1197 1178 ήμῶν
1225 1108 1323 1174 τὴν
1352 1104 1495 1177 ζωήν
1516 1122 1528 1135 ’
1560 1106 1746 1159 ἄπεισι
1783 1107 1891 1177 γάρ
1931 1106 2054 1176 μεθ’

396 1190 578 1260 ἡμῶν,
605 1193 697 1245 καὶ
731 1193 833 1262 τῆς
858 1195 973 1246 ἐκεῖ
996 1193 1305 1263 παρρησίας
1330 1192 1357 1231 ιι
1384 1191 1639 1255 ὑπόθεσις
1668 1195 1800 1263 ήμῖν
1826 1192 2056 1262 μεγίστη

397 1277 626 1343 γίνεται.
653 1279 788 1331 Οὐδὲ
816 1279 924 1349 γάρ
950 1280 1149 1349 ὁμοίως
1185 1281 1297 1341 τοῖς
1327 1277 1604 1349 αἰσθητοῖς
1629 1280 1813 1343 ὅπλοις
1837 1279 2060 1351 βαρύνει

396 1361 458 1413 τὸ
489 1362 670 1432 σῶμα,
698 1363 834 1418 ἀλλά
889 1364 1089 1435 μᾶλλον
1122 1364 1392 1433 κουφίζει,
1432 1366 1524 1418 καὶ
1560 1367 1849 1435 μετάρσιον
1890 1366 2059 1437 ἐργά-

398 1446 568 1513 ζεται,
600 1451 694 1502 καὶ¹
740 1449 839 1519 τὴν
875 1452 1027 1521 ἰσχὺν
1075 1450 1366 1504 ἐπιτείνει⁸
1405 1451 1565 1522 μόνον
1615 1452 1711 1505 ἐὰν
1757 1453 1895 1506 αὑτά
1936 1452 2059 1506 καθ’

398 1531 637 1604 ἑκάστην
684 1534 902 1604 ἡμέραν
951 1536 1382 1605 ἀποσμήχωμεν,
1429 1534 1568 1589 ὥστε
1618 1534 1844 1608 λαμπρά
1873 1537 2060 1607 φαινό-

302 1686 307 1687 ί
401 1635 539 1687 μενα
578 1619 665 1674 διὰ
696 1620 797 1690 τῆς
843 1622 1049 1685 οἰκείας
1089 1623 1375 1693 ἀστραπῆς
1413 1624 1620 1694 πηροῦν
1652 1624 1750 1688 τὰς
1781 1624 1930 1694 δψεις
1968 1622 2059 1677 τοῦ

402 1705 637 1777 πονηροῦ
665 1705 935 1778 δαίμονος,
971 1708 1147 1761 πάντα
1180 1709 1323 1762 κατὰ
1357 1708 1454 1780 τῆς
1495 1709 1766 1780 σωτηρίας
1797 1711 1896 1778 τῆς
1935 1711 2065 1780 ήμε-

402 1791 568 1860 τέρας
624 1794 1039 1864 μηχανωμένου.
1083 1794 1220 1864 Φέρε
1264 1794 1327 1866 δὴ
1370 1795 1574 1859 λοιπὸν,
1625 1795 1813 1867 ἐπειδὴ
1866 1796 2063 1860 ἱκανῶς

403 1877 546 1947 ὑμᾶς
606 1879 1048 1951 καθωπλίσαμεν,
1104 1881 1202 1952 τὴν
1270 1883 1473 1951 συνήθη
1537 1883 1870 1954 παραϐῶμεν
1933 1884 2062 1953 ὑμῖν

400 1962 700 2033 τράπεζαν,
745 1966 837 2021 καὶ
878 1967 947 2020 τὰ
980 1968 1246 2021 ἀκόλουθα
1295 1969 1403 2022 τῶν
1432 1969 1555 2038 χθὲς
1585 1971 1718 2040 ἡμῖν
1759 1970 2063 2041 εἰρημένων

400 2050 691 2121 προθῶμεν
720 2053 812 2106 ἐπὶ
856 2052 957 2124 τῆς
1005 2053 1274 2125 ὑμετέρας
1304 2056 1546 2126 ἀγάπης,
1594 2056 1754 2110 πάλιν
1786 2057 1876 2109 τὸν
1930 2056 2063 2111 θαυ-

404 2137 595 2205 μάσιον
633 2139 923 2210 ἑστιάτορα
974 2140 1066 2193 τὸν
1108 2142 1372 2212 μακάριον
1432 2143 1689 2203 Μωὺσέα,
1744 2143 1834 2196 τὸν
1891 2144 2063 2214 μέγαν

403 2226 687 2294 προφήτην
713 2226 811 2296 τῆς
835 2226 1006 2296 καλῆς
1030 2227 1233 2297 ταύτης
1254 2229 1602 2293 διδασκαλίας
1623 2229 1867 2300 ἡγεμόνα
1906 2222 2064 2300 ποὶη-

404 2311 646 2381 σάμενοι.
680 2311 907 2380 Ἴδωμεν
939 2308 1030 2366 οὖν
1076 2314 1199 2366 τίνα
1234 2314 1404 2380 ἐστὶν,
1454 2315 1492 2369 ἃ
1520 2318 1614 2370 καί
1652 2319 1889 2387 σήμερον
1923 2319 2064 2387 ἡμᾶς

400 2398 609 2464 διδάξαι
647 2398 911 2469 βούλεται,
954 2400 1048 2453 καὶ
1096 2400 1451 2472 προσέχωμεν
1498 2402 1741 2473 ἀκριϐῶς
1784 2406 1894 2467 τοῖς
1935 2406 2064 2474 παρ’

406 2484 572 2537 αὑτοῦ
602 2484 939 2554 λεγομένοις.
970 2485 1106 2539 Οὑδέ
1147 2486 1256 2557 γάρ
1285 2488 1459 2558 οἰκείᾳ
1489 2488 1711 2558 δυνάμει
1745 2488 2063 2558 φθέγγεται,

406 2571 521 2624 ἀλλ’
562 2571 705 2642 άπερ
746 2571 811 2626 ἂν
842 2574 875 2643 ή
912 2571 1005 2625 τοῦ
1041 2574 1357 2644 ΙΙνεύματος
1387 2576 1546 2644 χάρις
1590 2577 1850 2650 ἐνηχήσῃ,
1899 2576 2069 2631 ταῦτα

409 2656 495 2709 διὰ
526 2657 623 2727 τῆς
655 2657 858 2721 οίκείας
904 2658 1167 2730 προφέρει
1212 2658 1478 2731 γλώττης,
1521 2659 1783 2715 διδάσκων
1820 2662 1919 2733 τὴν
1958 2664 2068 2716 τῶν

409 2742 715 2813 ἀνθρώπων
778 2743 959 2813 φύσιν.
1014 2745 1346 2817 Ἀπαρτίσας
1402 2748 1581 2801 τοίνυν
1636 2749 1727 2801 τὸν
1779 2750 1908 2820 περί
1969 2750 2068 2819 τῆς

411 2829 630 2902 πρώτης
661 2830 870 2902 ἡμέρας
904 2831 1081 2899 λόγον,
1116 2834 1209 2886 καὶ
1251 2832 1421 2886 εἰπὼν
1456 2834 1593 2905 μετὰ
1628 2836 1725 2906 τὴν
1761 2836 1853 2888 τοῦ
1892 2837 2069 2905 φωτὸς

410 2919 788 2989 δημιουργίαν,
844 2918 1105 2989 Ἐγένετο
1160 2921 1423 2990 ἑσπέρα,
1477 2922 1574 2976 καί
1623 2923 1861 2995 ἐγένετο
1898 2926 2068 2995 πρωῒ,

409 3005 598 3074 ἡμέρα
621 3007 750 3075 μία,
784 3006 945 3060 πάλιν
969 3007 1101 3077 φησί
1121 3025 1133 3038 ·
1162 3009 1268 3064 Kal
1299 3006 1467 3063 εἶπεν
1494 3013 1526 3063 ό
1552 3012 1724 3077 Θεόςο
1755 3014 2071 3080 Γενηθήτω

409 3092 712 3162 στερέωμα
741 3094 810 3147 έν
849 3093 1019 3164 μέσῳ
1067 3096 1176 3150 τοῦ
1228 3095 1440 3162 ὕδατος
1465 3134 1480 3161 ,
1525 3096 1624 3151 καί
1661 3097 1817 3152 ἔστω
1861 3098 2071 3169 διαχω-

405 3178 567 3247 ρίζον
596 3180 899 3251 ἀναμέσων
944 3182 1161 3249 ὕδατος
1198 3182 1299 3236 καί
1337 3182 1574 3251 ὓδατος.
1610 3184 1808 3238 Σκόπει
1854 3202 1946 3254 μοι
1987 3188 2074 3240 ἐν-

407 3268 607 3330 ταῦθα,
632 3271 899 3341 ἀγαπητέ,
940 3271 1286 3338 διδασκαλίας
1322 3272 1667 3327 ἀκολουθίαν.
1707 3274 1924 3346 Ἐπειδὴ
1965 3275 2072 3348 γὰρ

409 3356 696 3427 προλαϐὼν
728 3360 857 3429 ἡμῖν
880 3355 1001 3413 εἷπε
1040 3360 1179 3430 μετὰ
1206 3359 1305 3433 τήν
1340 3359 1437 3414 τοῦ
1459 3359 1692 3432 οὐρανοῦ
1723 3362 1816 3414 καί
1841 3361 1942 3432 τῆς
1970 3363 2073 3434 γῆς

408 3442 785 3515 δημιουργίαν,
828 3447 908 3500 ὅτι
966 3448 1025 3501 Ἠ
1060 3446 1129 3501 δέ
1173 3447 1251 3517 γῆ
1300 3444 1379 3519 ἦν
1409 3449 1663 3516 ἀόρατος
1708 3448 1806 3502 καὶ
1858 3449 2076 3503 ἀκατα-

409 3523 779 3589 σκεύαστος,
825 3525 922 3577 καί
979 3524 1097 3593 τὴν
1156 3527 1355 3581 αἰτίαν
1418 3526 1811 3596 προσέθηκεν,
1859 3529 1940 3582 ὅτι
1988 3528 2077 3583 διὰ

408 3599 567 3653 τοῦτο
590 3596 657 3669 ἦν
682 3600 934 3670 ἀόρατος,
957 3603 1046 3656 διὰ
1078 3603 1141 3657 τὸ
1169 3603 1535 3658 καλύπτεσθαι
1563 3608 1669 3662 ὑπὸ
1696 3605 1791 3660 τοῦ
1830 3606 2072 3672 σκότους,

408 3674 508 3734 καὶ
531 3679 640 3731 τῶν
677 3680 884 3734 ὑδάτων
903 3698 917 3712 ·
961 3681 1105 3752 ὓδωρ
1133 3683 1240 3754 γὰρ
1277 3678 1346 3754 ἦν
1374 3684 1435 3737 τὸ
1462 3686 1593 3750 πᾶν,
1617 3686 1713 3739 καί
1743 3684 1953 3748 σκότος,
1982 3685 2078 3738 καὶ

411 3758 564 3810 οὐδὲν
596 3757 813 3830 ἕτερον’
847 3756 965 3813 εἶτα
1004 3761 1097 3814 τοῦ
1130 3762 1401 3815 Δεσπότω
1445 3765 1849 3833 προστάξαντος
1878 3805 1893 3828 ,
1938 3783 2079 3839 παρ·

413 3835 552 3906 ήχθη
592 3836 654 3890 τὸ
700 3838 847 3906 φῶς,
897 3839 992 3893 καὶ
1046 3839 1412 3911 διαχωρισμὺς
1461 3843 1655 3910 γέγονε
1701 3853 1722 3884 α
1771 3844 1945 3912 φωτὸς
1984 3835 2078 3900 καὶ

414 3917 669 3979 σκότους,
719 3918 816 3971 καὶ
869 3919 932 3972 τὸ
992 3919 1089 3990 μὲν
1126 3916 1226 3990 τὴν
1289 3920 1387 3990 τῆς
1439 3921 1653 3993 ἡμέρας
1707 3925 2077 3994 προσηγορίαν

411 3994 592 4072 ἔλαϐε,
619 3995 681 4048 τὸ
727 3996 784 4051 δέ
810 3998 911 4068 τὴν
958 3998 1056 4069 τῆς
1089 3998 1283 4062 νυκτὸς
1310 3998 1560 4065 ἐδέξατοο
1608 4000 1767 4055 πάλιν
1814 4001 1962 4072 ἡμᾶς
1998 4004 2077 4059 δι-

410 4071 566 4137 δάξαι
609 4073 885 4144 βούλεται,
933 4075 1014 4130 ὃτι
1063 4075 1253 4148 ὥσπερ
1297 4075 1358 4130 τὸ
1408 4078 1597 4142 σκότος
1631 4079 1794 4132 διεῖλε
1838 4071 1908 4134 τὸ
1964 4082 2077 4151 φῶς

413 4153 770 4222 παραγαγὼν,
811 4156 907 4208 καλ⁵
953 4155 1168 4225 ἑκάστῳ
1196 4154 1294 4222 τὴν
1324 4156 1670 4225 ἁρμόζουσαν
1707 4158 2077 4229 προσηγορίαν

414 4231 705 4302 ἐπέθηκεν,
729 4232 870 4286 οὑτω
893 4233 987 4287 καὶ
1009 4235 1070 4286 τὸ
1098 4233 1299 4304 πλῆθος
1323 4235 1429 4286 τῶν
1459 4235 1666 4290 ὑδάτων
1695 4237 2077 4309 προστάγματι

411 4311 631 4364 διαιρεῖ.

484 4328 684 4457 33%
714 4389 816 4462 ὅρα
834 4389 1060 4459 δύναμιν
1077 4389 1302 4459 ἄφατον,
1334 4391 1428 4444 και
1453 4391 1629 4445 πάντα
1644 4393 1741 4447 ἀνθ
1746 4388 1979 4463 ρώπινον
1992 4396 2079 4450 λο-

414 4467 611 4538 γισμὸν
645 4468 1097 4538 ὑπερϐαίνουσαν.
1140 4467 1364 4522 Κελεύει
1403 4468 1512 4539 γὰρ
1553 4471 1732 4540 μόνον,
1764 4475 1856 4526 καὶ
1885 4473 1946 4527 τὸ
1980 4473 2079 4544 μὲν

416 4547 729 4618 παράγεται
763 4546 790 4587 ἀ
837 4546 948 4600 τῶν
1001 4547 1299 4617 στοιχείων,
1351 4549 1413 4601 τὸ
1465 4549 1523 4602 δὲ
1577 4554 1919 4621 παραχωρεῖ.
1971 4553 2081 4606 Καὶ

415 4623 565 4694 εἶπε,
604 4628 791 4698 φησὶν,
837 4629 868 4681 ό
912 4626 1072 4693 Θεὸς,
1124 4628 1440 4695 Γενηθήτω
1481 4629 1783 4698 στερέωμα
1810 4630 1879 4684 ἐν
1914 4630 2081 4700 μέσῳ

414 4706 523 4760 τοῦ
559 4704 794 4770 ὕδατος,
828 4705 925 4759 καὶ
965 4705 1119 4760 ἔστω
1146 4705 1492 4776 διαχωρίζον
1525 4707 1834 4776 ἀναμέσον
1864 4708 2081 4776 ὕδατος

416 4783 515 4837 καὶ
549 4783 785 4849 ὓδατος.
833 4784 899 4835 Τί
947 4785 1090 4849 ἐστι,
1134 4784 1452 4854 Γενηθήτω
1502 4786 1844 4855 στερέωμα;
1883 4786 1969 4850 Ὠς
2013 4787 2078 4842 ἂν

415 4863 558 4916 εἴποι
589 4879 674 4926 τις
701 4861 919 4935 γλώττῃ
953 4863 1286 4935 ἀνθρωπίνῃ,
1319 4864 1516 4935 τειχίον
1550 4883 1601 4917 τι
1628 4865 1722 4919 καὶ
1749 4864 2077 4938 διάφραγμα

413 4942 657 5016 διαιροῦν
693 4947 920 5017 μεταξὺ,
963 4948 1058 5000 καὶ
1084 4946 1361 5017 χωρισμὸν
1398 4946 1792 5018 ἐργαζόμενον.
1839 4950 1949 5002 Καὶ
1992 4950 2079 5003 ἵνα

417 5025 597 5097 μάθῃς
646 5026 745 5098 τὴν
793 5026 994 5096 πολλὴν
1040 5026 1284 5096 ὑπακοὴν
1323 5026 1429 5079 τῶν
1479 5027 1776 5099 στοιχείων,
1831 5028 1925 5101 καὶ
1980 5029 2078 5099 τὴν

417 5103 859 5175 ὑπερϐάλλουσαν
909 5105 1137 5177 δύναμιν
1191 5104 1286 5159 τοῦ
1335 5104 1701 5176 δημιουργοῦ,
1755 5105 1921 5176 φησί·
1969 5107 2076 5160 Kal

417 5181 652 5249 ἐγένετο
681 5185 888 5252 οὕτως.
927 5179 1064 5240 Εἶπε
1097 5185 1280 5256 μόνον,
1316 5184 1410 5238 καὶ
1438 5184 1498 5237 τὸ
1532 5184 1692 5256 ἔργον
1722 5185 2076 5255 ἠκολούθησε.

419 5258 528 5313 Kal
562 5260 828 5327 ἐποίησε,
856 5264 1039 5333 φησὶν,
1070 5267 1102 5318 ό
1137 5263 1279 5330 Θεὸς
1312 5263 1376 5316 τὸ
1403 5263 1726 5331 στερέωμα,
1758 5265 1855 5318 καὶ
1882 5263 2082 5333 διεχώ-

413 5352 589 5404 ρισεν
625 5339 659 5391 ό
689 5339 832 5403 Θεὸς
868 5341 1174 5411 ἀναμέσον
1202 5341 1309 5396 τοῦ
1348 5341 1584 5407 ὓδατος,
1616 5341 1648 5395 ὃ
1682 5337 1761 5412 ἦν
1800 5343 2081 5398 ὑποκάτω

421 5413 527 5469 τοῦ
573 5418 976 5488 στερεώματος
995 5461 1009 5486 ,
1054 5423 1152 5476 καί
1186 5420 1494 5490 ἀναμέσον
1544 5421 1649 5476 τοῦ
1705 5421 1920 5489 ὕδατος
1974 5423 2081 5478 τοῦ

421 5493 621 5546 ἐπάνω
652 5495 757 5549 τοῦ
803 5497 1222 5565 στερεώματος.
1269 5500 1583 5569 Γενομένου,
1617 5499 1780 5569 φησὶ,
1824 5500 1917 5554 τοῦ
1958 5517 2080 5554 στε-

426 5571 725 5640 ρεώματος,
750 5575 820 5628 τὰ
856 5574 955 5645 μὲν
982 5573 1089 5628 τῶν
1119 5576 1322 5629 ὑδάτων
1357 5577 1691 5647 προσέταξεν
1717 5578 1819 5632 ὑπὸ
1848 5577 1961 5651 [25]
1986 5577 2081 5633 τοῦ

487 5677 512 5702 ⁸
539 5675 636 5737 Se;
659 5688 776 5737 mss.
801 5682 854 5725 et
876 5676 1025 5725 Savil.
1051 5683 1134 5736 τῆς
1157 5677 1378 5725 ἐντεῦθεν.
1406 5678 1578 5727 Morel.
1604 5685 1687 5737 τῆς
1713 5680 1901 5729 ἐκεῖθεν.
1928 5680 2083 5731 Paulo

424 5740 535 5805 μοι-ἰ
545 5732 741 5805 C‘oisliu:
754 5737 1072 5805 tdgtpafyparg
1078 5732 1611 5805 Slﬁxglplgcbpsoazﬁavil
1622 5732 2064 5805 ,μεταχειριζὼμεθα

485 5794 513 5863 ξ»
544 5794 1022 5863 μεττερ-ἰοδένίιζζει
1042 5794 1245 5862 ΒεεῖἹή
1264 5794 1567 5863 Μοτειλ-ιιινο
1601 5794 2016 5863 ρὲτῐηὶἒξιέίυετθ.

487 5859 512 5927 ξ
534 5855 682 5927 ξείνη.
711 5858 911 5927 ἐγένετο.
939 5858 1059 5911 Octo
1081 5855 1196 5911 mv‘ss.
1219 5859 1399 5919 γέγονε.
1427 5855 1698 5921 “mel-“‘72”-

488 5913 512 5953 ὀ
546 5914 678 5962 ἱήιιε
696 5913 1015 5982 πάραγίνεται.

2157 489 2529 563 στερεώματος
2560 492 2822 563 φέρεσθαι
2861 501 2908 556 ⁸,
2951 493 3022 545 τὰ
3065 490 3121 544 δὲ
3157 490 3297 561 ὑπὲρ
3327 489 3434 544 τῶν
3466 490 3649 544 νώτων
3682 484 3825 545 εἶναι

2152 568 2246 621 τοῦ
2292 568 2689 639 στερεώματος.
2729 569 2892 622 Ἀλλά
2917 570 2970 623 τί
3012 568 3079 623 ἀν
3112 586 3198 632 τις
3225 568 3369 621 εἴποι
3400 569 3560 622 τοῦτο
3592 565 3731 622 εἶναι
3761 569 3825 623 τὸ

2153 656 2468 727 στερέωμας
2499 658 2682 728 ’Ύδωρ
2720 658 2984 727 πεπηγὸς,
3014 657 3128 710 ἀλλ’
3164 658 3303 728 ἀέρα
3338 658 3461 711 τινὰ
3488 675 3826 731 συνεστραμν

2157 735 2335 805 μένον,
2378 735 2491 788 ἀλλ’
2525 737 2715 807 ἐτέραν
2743 736 2863 789 τινὰ
2891 736 3111 800 οὑσίαν;
3140 737 3252 789 Οὑκ
3290 736 3354 790 ἄν
3391 755 3473 800 τις
3499 738 3686 801 ἁπλῶς
3713 739 3826 791 τῶν

2154 809 2213 867 εὖ
2249 814 2587 884 φρονούντων
2623 814 3031 885 διισχυρίσαιτο.
3072 814 3233 867 Ἀλλά
3262 816 3527 885 προσήκει
3560 816 3726 887 πολλῇ
3753 819 3823 886 τῇ

2156 901 2539 973 εὐγνωμοσύνῃ
2585 901 2954 971 κεχρημένους
2986 901 3236 971 δέχεσθαι
3281 901 3350 955 τά
3396 902 3685 973 λεγόμενα,
3727 904 3827 956 καὶ

2160 992 2233 1059 μὴ
2273 991 2579 1061 περαιτέρω
2614 993 2712 1059 τῆς
2753 989 2957 1054 οἰκείας
3008 989 3221 1058 φύσεως
3276 990 3705 1062 ὑπερϐαίνοντας
3745 991 3828 1043 δι-

2157 1069 2475 1139 ερευνᾶσθαι
2521 1068 2587 1122 τὰ
2631 1068 2771 1138 ὑπὲρ
2815 1069 2993 1138 ἡμᾶς,
3037 1068 3172 1122 ἀλλὰ
3213 1068 3372 1122 τοῦτο
3418 1070 3578 1139 μόνον
3625 1070 3827 1124 εἰδέναι

2158 1148 2250 1202 καὶ
2300 1147 2550 1217 κατέχειν
2588 1147 2715 1215 παρ’
2750 1147 2997 1210 ἑαυτοῖς,
3045 1147 3127 1200 ὅτι
3172 1146 3249 1217 τῷ
3306 1148 3686 1219 προστάγματι
3728 1147 3827 1202 τοῦ

2157 1224 2424 1277 Δεσπότου
2474 1224 2729 1295 παρήχθη
2784 1225 2844 1277 τὺ
2892 1224 3181 1295 στερέωμα
3226 1223 3317 1278 τὸν
3380 1226 3656 1296 χωρισμὸν
3713 1226 3828 1279 τῶν

2158 1305 2363 1358 ὑδάτων
2397 1302 2778 1374 ἐργαζόμενον,
2822 1305 2915 1357 καὶ
2945 1305 3014 1357 τά
3059 1306 3157 1374 μὲν
3200 1304 3352 1359 κάτω
3380 1305 3629 1374 κατέχον,
3662 1304 3731 1358 τὰ
3766 1305 3829 1359 δὲ

2157 1382 2270 1437 ἀνω
2303 1383 2549 1454 μετέωρα
2579 1383 2719 1453 ὑπὲρ
2750 1382 2858 1436 τῶν
2892 1384 3111 1437 οἰκείων
3153 1384 3337 1438 νώτων
3368 1383 3552 1454 φέρειν
3587 1384 3827 1454 δυνάμε-

2156 1477 2267 1514 νον.
2297 1461 2407 1515 Kal
2456 1460 2730 1525 ἐκάλεσε,
2778 1462 2962 1531 φησὶν,
3012 1464 3044 1515 ὁ
3086 1461 3228 1527 Θεὸς
3271 1462 3337 1515 τὸ
3378 1463 3678 1530 στερέωμα
3724 1465 3829 1517 οὺ·-

2151 1540 2362 1608 ρανόν.
2386 1539 2525 1610 Ὅρα
2559 1538 2674 1602 πῶς
2706 1543 2770 1610 τῇ
2799 1541 2933 1611 αὑτῇ
2970 1541 3258 1611 ἀκολουθίᾳ
3297 1541 3390 1594 καὶ
3423 1539 3518 1593 νῦν
3560 1543 3831 1612 ἐχρήσατο

2160 1619 2194 1687 ή
2232 1616 2351 1671 θεία
2392 1618 2603 1690 Γραφή.
2646 1618 2912 1689 Καθάπερ
2949 1613 3067 1670 εἷπε
3100 1617 3256 1688 χθὲς,
3305 1618 3624 1685 Γενηθήτω
3676 1619 3829 1688 φῶς,

2160 1696 2256 1748 καὶ
2305 1694 2442 1765 μετά
2473 1696 2531 1747 τὺ
2572 1696 2936 1765 παραχθῆναι,
2988 1696 3106 1749 τότε
3148 1697 3449 1766 ἐπήγαγεν,
3480 1698 3672 1750 Ἔστω
3700 1697 3833 1751 δια-

2161 1771 2405 1842 χωρίζον
2431 1773 2737 1840 ἀναμέσον
2766 1774 2870 1826 τοῦ
2905 1774 3118 1842 φωτὸς,
3146 1775 3240 1826 καί
3270 1774 3539 1843 ἀναμέσον
3572 1774 3665 1826 τοῦ
3703 1775 3833 1829 σκόο

2161 1867 2305 1914 τους,
2351 1853 2444 1904 καί
2486 1852 2660 1914 οὑτως
2697 1851 2759 1903 τὸ
2798 1851 2912 1920 φῶς
2958 1852 3171 1923 ἡμέραν
3220 1853 3513 1906 ἐκάλεσεν·
3548 1853 3691 1906 οὑτω
3735 1855 3835 1908 καὶ

2164 1930 2400 1999 σήμερον
2458 1927 2577 1981 εἰπε
2599 1946 2613 1959 ·
2662 1929 2980 1995 Γενηθήτω
3033 1929 3337 2000 στερέωμα
3390 1932 3460 1984 έν
3506 1930 3674 2000 μέσῳ
3720 1932 3833 1987 τοῦ

2162 2006 2398 2073 ὕδατος.
2434 2003 2563 2060 Εἶτα
2611 2008 2863 2077 καθάπερ
2913 2008 3007 2061 ἐπὶ
3055 2008 3147 2061 τοῦ
3189 2009 3384 2078 φωτὸς,
3432 2009 3574 2061 οὕτω
3605 2011 3696 2062 καὶ
3744 2012 3835 2063 ἐν-

2161 2093 2335 2147 ταῦθα
2386 2093 2623 2158 ἐδίδαξεν
2668 2095 2815 2165 ἡμᾶς
2860 2093 2958 2163 τὴν
3018 2095 3204 2166 χρείαν
3260 2095 3355 2148 τοῦ
3414 2097 3831 2167 στερεώματος,

2167 2172 2349 2225 Ὥστε
2408 2172 2790 2240 διαχωρίζειν,
2833 2174 3016 2242 φησιν,
3074 2171 3379 2241 ἁναμέσον
3447 2174 3665 2239 ὓδατος
3730 2174 3836 2228 καί

2164 2251 2402 2317 ὕδατος.
2439 2255 2547 2306 Καὶ
2575 2255 2663 2306 ὅτε
2704 2252 2869 2304 αὑτοῦ
2912 2254 3009 2325 τὴν
3048 2252 3237 2321 χρείαν
3266 2252 3503 2323 φανεράν
3531 2254 3664 2323 ήμῖν
3696 2271 3835 2306 κατ-

2166 2331 2379 2401 έστησε,
2406 2330 2526 2383 τότε
2557 2330 2809 2400 καθάπερ
2837 2331 2914 2400 τῷ
2944 2332 3082 2399 φωτί
3114 2332 3209 2402 τὴν
3239 2331 3531 2402 ὀνομασίαν
3561 2332 3835 2402 προσέθη-

2166 2425 2280 2471 κεν,
2312 2408 2455 2462 οὑτω
2488 2410 2581 2463 καὶ
2610 2409 2688 2480 τῷ
2726 2408 3065 2481 στερεώματι
3095 2409 3193 2480 τὴν
3237 2409 3610 2481 προσηγορίαν
3639 2410 3837 2479 ἐπέθη-

2167 2503 2282 2542 κεν.
2315 2488 2426 2542 Καὶ
2454 2488 2727 2552 ἐκάλεσε,
2761 2490 2916 2558 φησί,
2943 2488 3010 2542 τὸ
3041 2488 3343 2560 στερέωμα
3370 2487 3650 2556 οὐρανὸν,
3675 2487 3839 2542 τοῦτο

2166 2564 2230 2619 τὸ
2269 2567 2565 2639 ὁρώμενον.
2616 2569 2725 2620 Καὶ
2772 2566 2919 2631 πῶς,
2964 2568 3131 2637 φησὶ,
3166 2568 3308 2630 τινές
3342 2565 3619 2637 βούλονται
3652 2565 3837 2634 λέγειν

2170 2644 2398 2709 πολλοὺς
2450 2647 2713 2717 ούρανοὺς
2767 2645 3134 2716 γεγενῆσθαις
3187 2646 3301 2698 Οὐκ
3358 2645 3466 2699 ἀπὸ
3522 2646 3623 2713 τῆς
3680 2644 3836 2708 θείας

2170 2725 2391 2795 Γραφῆς
2431 2726 2601 2778 ταῦτα
2635 2725 3026 2795 διδασκόμενοι,
3064 2723 3180 2778 ἀλλ’
3213 2722 3271 2788 ἐξ
3301 2723 3517 2776 οἰκείων
3557 2722 3839 2791 λογισμῶν

2168 2802 2498 2873 ὁρμώμενοι.
2553 2805 2610 2856 Ὀ
2664 2804 2770 2875 γὰρ
2815 2804 3085 2874 μακάριος
3124 2803 3374 2873 ’Μωῦσῆς
3430 2801 3580 2856 οὐδὲν
3630 2800 3839 2856 τούτων

2171 2882 2332 2935 πλέον
2368 2883 2513 2953 ἡμᾶς
2552 2881 2818 2936 διδάσκει·
2854 2881 3024 2935 εἰπὼν
3056 2880 3188 2953 γὰρ,
3223 2882 3320 2934 Ἐν
3349 2879 3505 2950 ἀρχῇ
3544 2881 3840 2947 ἐποίησεν

2173 2963 2206 3013 ὀ
2240 2960 2383 3026 Θεὸς
2422 2961 2526 3013 τὸν
2570 2960 2830 3028 οίιρανὸν
2871 2960 2971 3014 καὶ
3016 2960 3131 3028 τὴν
3168 2957 3316 3030 γῆνο
3356 2956 3476 3013 εἶτα
3507 2959 3605 3032 τήν
3657 2960 3839 3014 αἰτίαν

2173 3038 2390 3102 διδάξας
2426 3038 2492 3091 δι’
2523 3040 2588 3109 ἢν
2626 3040 2858 3108 ἀόρατος
2899 3039 3195 3110 ἐτύγχανεν
3232 3040 3266 3110 ἡ
3306 3039 3401 3109 γῆ,
3438 3039 3545 3093 ὑπὸ
3574 3038 3669 3092 τοῦ
3710 3040 3840 3094 σκό-

2172 3134 2298 3181 τους
2328 3118 2558 3171 καὶτῶν
2590 3119 2796 3174 ὑδάτων
2836 3120 2936 3190 τῆς
2973 3119 3212 3173 ἀϐύσσου
3252 3120 3660 3190 καλυπτομένη,
3699 3120 3841 3190 μετὰ

2171 3198 2271 3269 τὴν
2315 3195 2409 3250 τοῦ
2450 3199 2625 3268 φωτὸς
2664 3199 3027 3271 δημιουργίαν
3072 3199 3223 3266 τάξει
3270 3200 3378 3252 τινὶ
3411 3201 3502 3253 καὶ
3539 3199 3841 3271 ἀκολουθίᾳ

2172 3274 2450 3345 χρώμενός
2498 3293 2656 3346 φησι·
2703 3276 2811 3331 Kal
2854 3274 3022 3331 εἶπεν
3058 3280 3090 3331 ό
3125 3276 3296 3343 Θεὸς,
3339 3276 3656 3346 Γενηθήτω
3703 3294 3844 3331 στε-

2165 3354 2383 3424 ρέωμα.
2410 3352 2539 3408 Εἶτα
2562 3356 2659 3427 τὴν
2689 3356 2876 3427 χρείαν
2905 3356 3069 3411 αὑτοῦ
3101 3356 3288 3410 τούτου
3320 3358 3413 3411 τοῦ
3458 3357 3843 3429 στερεώματος

2178 3434 2315 3504 μετά
2345 3435 2627 3506 ἀκριϐείας
2650 3435 2889 3502 διδάξας,
2917 3437 3010 3490 καὶ
3051 3436 3240 3501 εἰπὼν,
3266 3437 3445 3490 ’Ὥστε
3472 3435 3843 3506 διαχωρίζειν

2175 3511 2483 3581 ἀναμέσον
2537 3513 2756 3579 ὕδατος
2800 3516 2899 3569 καί
2952 3515 3202 3581 ὕδατος,
3246 3515 3379 3568 αὐτὸ
3422 3514 3579 3568 τοῦτο
3615 3516 3674 3568 τὸ
3716 3534 3842 3569 στε-

2180 3590 2367 3661 ρέωμα
2391 3592 2618 3662 οὐρανὸν
2646 3593 2871 3646 ἐκάλεσε
2902 3593 2963 3646 τὸ
2992 3594 3100 3647 τῶν
3133 3593 3337 3647 ὑδάτων
3372 3593 3647 3663 χωρισμὸν
3676 3594 3843 3665 ἐργα-

2178 3672 2431 3743 σάμενον.
2460 3674 2556 3737 Τίς
2582 3673 2647 3728 ἂν
2678 3672 2770 3728 οὖν
2792 3674 2976 3728 λοιπὸν
3014 3674 3151 3746 μετά
3180 3675 3277 3745 τὴν
3303 3674 3571 3745 τοσαύτην
3597 3675 3845 3729 διδασκαο

2179 3750 2297 3803 λίαν
2336 3751 2627 3821 ἀνάσχοιτο
2657 3753 2765 3808 τῶν
2818 3752 3004 3818 ἁπλῶς
3037 3754 3097 3818 ἐξ
3135 3752 3342 3816 οἰκείας
3384 3752 3623 3817 διανοίας
3670 3754 3844 3823 φθέγο

2177 3828 2373 3896 γεσθαι
2434 3829 2793 3899 βουλομένων,
2847 3832 2941 3885 καὶ
2974 3831 3304 3894 ἀπεναντίας
3353 3833 3419 3902 τῇ
3470 3831 3592 3899 θείᾳ
3646 3832 3843 3905 Γραφῇ

2177 3905 2406 3971 πολλοὺς
2454 3909 2713 3979 οὐρανοὺς
2769 3909 2948 3979 λέγειν
2998 3908 3454 3980 ἐπιχειρούντωνῖ
3512 3909 3653 3963 Ἀλλ’
3706 3912 3843 3977 ἰδοὺ,

2177 3987 2361 4056 φησὶν,
2388 3988 2418 4040 ό
2451 3986 2715 4060 μακάριος
2740 3988 2902 4050 Δαυῒδ
2929 3983 3077 4042 αἶνον
3106 3989 3392 4059 ἀναφέρων
3428 3986 3507 4058 τῷ
3546 3988 3665 4058 Θεῷ
3704 3989 3843 4061 ἔφη-

2179 4082 2269 4121 σεν
2288 4081 2302 4096 °
2350 4065 2577 4120 Αἰνεῖτε
2616 4067 2803 4124 αὐτὸν
2847 4070 2902 4122 οὶ
2945 4068 3190 4135 οὐρανοὶ
3231 4065 3354 4121 τῶν
3404 4067 3694 4134 οὐρανῶν.
3746 4070 3845 4141 Μὴ

2177 4142 2504 4215 θορυϐηθῇς,
2545 4145 2816 4216 ἀγαητέ,
2855 4145 2991 4216 μηδὲ
3030 4146 3260 4219 νομίσῃς
3289 4144 3386 4217 τὴν
3422 4145 3588 4213 ἁγίαν
3621 4148 3848 4219 Γραφὴν

2176 4223 2394 4276 ἐναντία
2423 4225 2590 4294 ἑαυτῇ
2622 4223 2804 4292 λέγειν
2838 4224 2994 4277 ποτέ·
3027 4224 3163 4278 ἀλλά
3191 4223 3426 4294 μάνθανε
3453 4225 3555 4295 τὴν
3580 4225 3848 4295 ἀλήθειαν

2178 4302 2284 4355 τῶν
2322 4301 2649 4373 εἰρημένων,
2680 4302 2771 4356 καὶ
2813 4302 3057 4372 κατέχων
3088 4303 3187 4375 τὴν
3221 4302 3425 4374 ἀκριϐῆ
3463 4302 3668 4374 ταύτης
3695 4304 3846 4358 διδαο

2178 4388 2402 4442 σκαλίαν
2428 4391 2448 4429 τ
2461 4428 2476 4454 ,
2504 4389 2817 4461 ἀπόφραξω
2846 4389 2946 4454 τὰς
2977 4390 3146 4455 ἀκοὰς
3174 4391 3634 4455 τοῖς-ἀπεναντίας
3665 4390 3846 4465 ταύτῃ

2178 4477 2593 4547 φθεγγομένοις.

2249 4565 2312 4620 δ’.
2334 4567 2400 4618 Τί
2420 4565 2476 4619 δέ
2506 4569 2674 4631 ἐστιν,
2701 4566 2729 4620 ὃ
2762 4565 3022 4637 βούλομαι
3057 4566 3249 4634 εἰπεῖν,
3277 4565 3542 4622 ἀκούσατε
3564 4565 3705 4637 μετά
3719 4567 3846 4622 πολ-

2178 4648 2276 4718 λῆς
2305 4648 2404 4718 τῆς
2433 4650 2723 4720 προσοχῆς,
2749 4649 2837 4703 ἵνα
2871 4649 2945 4720 μὴ
2986 4649 3220 4712 εὐκόλως
3254 4649 3703 4721 παρασαλεύησθε
3736 4652 3847 4705 ὑπὸ

2176 4737 2285 4789 τῶν
2314 4737 2381 4791 τὰ
2413 4738 2792 4808 παριστάμενα
2825 4738 3000 4806 λέγειν
3027 4737 3382 4809 βουλομένων.
3413 4739 3590 4792 Πᾶσαι
3617 4740 3670 4792 αἱ
3701 4739 3848 4794 θεῖαι

2181 4818 2351 4890 βίϐλοι
2394 4817 2491 4887 τῆς
2524 4817 2764 4881 Παλαιᾶς
2789 4818 3061 4888 Διαοήκης
3092 4820 3156 4889 τῇ
3195 4815 3455 4888 Ἑϐραίων
3480 4817 3691 4890 γλώττῃ
3724 4818 3846 4891 [261

2182 4897 2239 4963 ἐξ
2265 4897 2438 4969 ἀρχῆς
2466 4892 2605 4967 ἦσαν
2635 4897 3062 4966 συντεθειμέναι,
3089 4898 3182 4950 καὶ
3207 4896 3365 4949 τοῦτο
3398 4896 3594 4960 πάντες
3620 4897 3684 4950 ἂν
3710 4899 3849 4967 ἡμῖν

2180 4976 2689 5045 συνομολογήσαιεν.
2715 4977 2789 5028 Οὐ
2826 4975 2933 5047 πρὸ
2965 4974 3169 5028 πολλῶν
3205 4974 3261 5028 δὲ
3299 4975 3436 5028 ἐτῶν
3462 4976 3561 5045 τῆς
3593 4975 3687 5029 τοῦ
3716 4978 3851 5046 Χρι-

2183 5053 2306 5107 στοῦ
2371 5053 2667 5124 παρουσίας
2738 5052 2989 5123 βασιλεύς
3037 5069 3119 5116 τις
3184 5053 3516 5123 Πτολεμαῖος
3568 5054 3697 5125 περὶ
3743 5054 3849 5126 τὴν

2178 5133 2288 5189 τῶν
2329 5132 2547 5204 βιϐλίων
2587 5131 2909 5203 συναγωγὴν
2948 5130 3146 5202 πολλήν
3185 5148 3306 5184 τινα
3348 5133 3581 5202 σπουδὴν
3612 5135 3846 5205 ποιησά-

2185 5230 2363 5283 μενος,
2411 5212 2503 5265 καὶ
2539 5210 2707 5264 πολλά
2738 5212 2899 5282 ἕτερα
2940 5209 3257 5278 συναγαγὼν
3288 5210 3382 5264 καὶ
3415 5209 3669 5282 διάφορα,
3702 5211 3850 5279 ἔγνω

2179 5293 2288 5347 δεῖν
2320 5291 2414 5344 καὶ
2452 5290 2655 5354 ταύτας
2696 5289 2794 5354 τὰς
2831 5288 3046 5360 βίϐλους
3090 5290 3432 5356 συναγαγεῖν.
3467 5291 3845 5361 Μεταπεμψά-

2186 5388 2345 5442 μενος
2373 5366 2467 5424 οὑν
2503 5386 2654 5433 τινας
2689 5368 2795 5423 τῶν
2830 5370 2887 5423 ἐν
2928 5367 3319 5439 Ἰεροσολύμοις
3352 5368 3638 5436 Ἰουδαίων,
3679 5388 3851 5441 μετα-

2183 5451 2365 5505 ϐαλεῖν
2407 5453 2484 5515 εἰς
2533 5450 2632 5522 τὴν
2668 5450 2892 5504 Ἐλλάδα
2934 5449 3176 5519 γλῶτταν
3219 5448 3520 5520 προσέταξε
3548 5452 3603 5491 8·
3651 5453 3743 5504 καὶ
3778 5453 3849 5525 δὴ

2181 5532 2340 5588 τοῦτο
2387 5534 2466 5596 εἰς
2519 5531 2679 5602 ἔργον
2736 5531 2882 5601 αὑτῷ
2934 5531 3298 5601 ἐξενήνεκται.
3343 5531 3589 5598 Ἐγένετο
3642 5532 3698 5585 δὲ
3749 5535 3849 5586 καὶ

2183 5614 2339 5667 τοῦτο
2378 5615 2477 5682 τῆς
2518 5612 2609 5665 τοῦ
2639 5611 2773 5663 Θεοῦ
2816 5611 3126 5681 οἰκονομίας
3161 5609 3341 5680 ἔργον,
3370 5609 3511 5663 ὥστε
3564 5611 3637 5681 μὴ
3682 5610 3848 5680 μόνον

2250 5729 2272 5757 ο
2296 5717 2498 5778 Septem
2523 5730 2635 5764 mss.
2665 5722 2715 5764 el
2739 5716 2985 5766 Savilimb
3006 5717 3061 5764 τὸ
3085 5717 3335 5781 στερέωμα
3359 5718 3598 5780 φέρεσθαι.

2252 5776 2271 5815 ί
2296 5779 2492 5829 Coislin.
2539 5779 2623 5834 τήν
2663 5779 2900 5839 ἀκρίϐειαν
2940 5779 3111 5835 ταύτης
3151 5785 3234 5836 τῆς
3254 5779 3594 5839 διδασκαλίας.
3639 5774 3761 5825 Ιηῗνίι
3785 5778 3848 5828 τὰ

2190 5837 2861 5910 παριστάμεναο.ιοιιὶιίφιίιί.ἱη
2881 5846 3081 5910 ηιοιιιςρι
3101 5837 3293 5910 vgyerjt.
3312 5840 3414 5910 ηοε
3434 5852 3529 5887 non
3542 5841 3697 5910 ,ειὶειπι
3706 5854 3738 5910 Ξ
3741 5839 3840 5887 libi.

2261 5903 2283 5941 ι
2308 5902 2390 5949 Sic
2414 5901 2563 5950 Savil.
2590 5901 2752 5961 recte;
2795 5904 2844 5950 in
2870 5903 2980 5951 edit,
3012 5901 3178 5950 Monll'.
3208 5902 3377 5951 aberat
3404 5902 3659 5963 προσέταξε
3706 5901 3839 5949 Emr.
