2072 3226
162 199 191 226 ιι
750 189 781 217 IN
802 188 877 215 CAP.
900 187 918 214 l.
937 185 1057 214 GlZNES.
1081 187 1194 216 llOMIL.
1218 188 1261 216 Ν.
1780 197 1813 225 η

162 258 202 283 sic
226 262 308 289 opera
333 252 528 288 aggrediamur.
566 250 599 277 Et
621 248 683 284 quid
709 248 769 275 dico
797 247 822 273 in
850 245 960 273 forum?

164 302 251 330 Etiam
275 302 300 328 in
324 300 466 328 ecclesiam
488 301 630 333 pergentes
651 294 773 323 instructi
795 293 846 321 illis
868 292 960 325 simus,

165 356 192 379 et
217 350 328 378 domum
354 347 508 379 redeuntes,
536 351 563 373 et
585 343 760 376 dormientes,
784 346 811 370 et
833 340 961 376 evigilan-

165 402 216 427 tes,
243 403 330 430 neqtte
353 400 479 428 umquam
508 399 555 426 per
576 395 658 418 totam
681 389 763 416 vitam
781 392 898 415 nostram
919 385 962 413 illa

164 442 347 478 deponamus;
361 438 538 473 commigrant
551 437 622 465 enim
638 435 787 466 nobiscum,
801 437 829 461 et
847 432 880 460 ad
893 432 963 459 illam

165 490 247 516 vitam
261 494 385 522 magnum
401 484 504 512 ﬁduciae
520 483 596 510 nobis
610 485 796 517 argumentum
810 483 882 507 sunt.
906 478 963 505 Non

165 536 237 562 enim
248 535 316 561 sicut
328 532 464 561 sensibilia
478 538 551 558 arma
562 537 658 565 corpus
671 532 782 564 gravant
798 536 804 554 :
817 527 864 555 sed
880 526 964 554 levius

167 581 282 610 reddunt
304 584 331 606 et
355 578 518 613 expeditius,
543 582 574 603 ac
595 575 747 606 sublimius,
769 574 904 608 roburque
915 580 964 600 au-

166 631 231 662 gent
246 634 254 652 :
273 630 374 660 tantum
389 630 460 651 cura:
471 623 515 656 sit,
529 626 557 649 ut
571 622 628 656 ipsa
638 619 756 656 quotidie
769 619 964 653 abstergamus,

167 676 202 700 ita
226 678 253 700 ut
269 671 366 706 fulgida
382 671 444 702 sint,
458 674 485 697 et
499 668 580 696 radiis
594 671 731 695 excrecent
744 665 836 694 oculos
858 664 964 699 maligni

166 718 311 749 mentonis,
333 716 421 743 omnia
440 719 533 742 contra
554 713 665 741 salutem
681 716 798 739 nostram
812 709 960 737 machinan-

168 765 213 790 tis.
230 765 295 798 Age,
310 762 435 797 quoniam
456 760 521 788 satis
544 766 591 786 vos
604 758 686 786 armis
701 756 885 789 instrttximus,
899 762 964 782 con-

169 816 274 838 suetam
295 815 365 836 nune
380 808 455 835 vobis
475 813 594 834 mensam
612 811 787 840 appunamus,
812 807 839 830 et
856 809 888 829 ea
907 809 966 837 qua:

170 857 322 884 hesternam
348 855 489 882 lectionem
518 856 682 888 sequttntur,
712 850 838 883 deinceps
862 847 965 875 caritati

169 908 265 930 vestrm
281 907 472 936 proponamus,
488 906 592 925 rursum
613 895 798 924 admirabilem
814 894 888 921 illum
903 900 967 920 con-

170 948 235 975 vivii
251 946 428 975 exhibitorem
451 945 554 972 beatum
574 943 685 975 Mosetn,
703 948 827 975 magnum
853 938 967 974 prophe-

170 999 236 1027 tam,
258 994 335 1021 bona:
352 992 430 1027 lutjus
449 990 578 1019 doctrina:
598 989 694 1016 ducem
719 987 854 1014 iacientes.
869 985 967 1012 Videa-

171 1048 230 1068 mus
250 1040 328 1075 igitur
350 1045 472 1073 quautam
498 1036 551 1063 sint
574 1042 604 1062 ea
620 1041 679 1069 quae
701 1033 780 1060 ltodie
797 1039 846 1059 nos
870 1030 967 1058 docere

171 1086 237 1119 vult,
261 1090 288 1113 et
304 1084 447 1119 diligenter
463 1083 540 1110 dictis
553 1081 612 1116 ejus
626 1079 807 1107 attendamus.
823 1077 880 1105 Non
895 1076 966 1104 enim

170 1139 219 1159 sua
245 1131 340 1158 virtute
364 1129 497 1165 loquitur,
527 1128 573 1155 sed
594 1132 769 1162 quaecumque
791 1124 828 1152 illi
854 1122 968 1159 Spiritus

171 1180 256 1207 sancti
281 1178 365 1214 gratia
393 1177 517 1208 insonat,
537 1182 569 1202 ea
589 1181 635 1209 per
654 1179 729 1200 suam
752 1171 887 1206 linguam,
920 1169 969 1196 do-

170 1225 257 1253 cendo
271 1225 415 1252 humanum
428 1229 522 1258 genus,
547 1220 655 1256 profert.
680 1219 871 1246 Consummato
890 1215 969 1251 igitur

171 1271 206 1298 dc
232 1270 276 1297 die
291 1269 376 1304 primo
393 1275 528 1299 sermone,
546 1269 685 1301 postquam
697 1263 808 1291 formata
824 1263 883 1290 luce
891 1261 968 1294 dixit,

173 1317 282 1344 Factum
300 1320 335 1342 est
356 1322 465 1350 vespere,
492 1318 515 1340 et
539 1313 634 1349 factum
656 1315 690 1338 est
710 1317 792 1341 tuane,
816 1308 869 1336 dies
891 1316 967 1341 unus,

172 1364 269 1391 iterum
284 1362 348 1389 dicit
364 1370 371 1388 :
388 1361 415 1388 6.
437 1360 555 1395 Dixitque
574 1358 644 1385 Deus
668 1364 677 1385 ε
699 1355 760 1383 Fiat
782 1356 970 1391 firmamentum

172 1409 198 1435 in
222 1408 303 1435 medio
329 1415 420 1443 aqute,
451 1411 473 1433 et
505 1405 536 1432 sit
566 1404 723 1438 distinguens
742 1402 807 1428 inter
830 1408 922 1435 aquam
947 1403 970 1425 ct

171 1463 274 1490 aquam.
306 1453 421 1481 Attende
447 1452 507 1486 hic,
535 1451 691 1483 carissime,
721 1448 850 1476 doctrina:
874 1453 971 1475 consc-

172 1502 320 1536 quentiam.
336 1500 466 1533 Quoniam
492 1498 563 1526 enim
590 1501 668 1525 antea
694 1495 771 1524 nobis
795 1495 879 1526 dixit,
911 1497 971 1529 post

173 1546 232 1574 czcli
255 1550 283 1573 et
305 1551 383 1573 terra:
409 1544 571 1572 creationem
598 1552 604 1570 ε
630 1542 708 1570 Terra
722 1546 805 1568 autent
819 1545 874 1568 erat
889 1539 971 1566 inuisi-

173 1593 233 1620 bili:
251 1597 273 1619 et
298 1591 485 1627 incomposita;
511 1594 539 1618 et
559 1597 667 1617 causam
694 1588 837 1623 appUSuit,
863 1591 971 1621 propter

175 1639 227 1665 hoc
248 1638 329 1665 luisse
352 1636 521 1669 invisibilem,
547 1636 610 1671 quia
635 1634 753 1662 tenebris
771 1638 798 1661 et
821 1633 899 1668 aquis
923 1633 973 1660 ob-

175 1685 313 1720 tegebatur
331 1692 339 1711 :
357 1684 446 1711 omnia
464 1683 536 1711 enim
561 1687 637 1710 erant
658 1688 726 1717 aqua
750 1685 778 1708 et
797 1681 924 1713 tenebrm,
944 1683 972 1707 et

176 1732 242 1759 nihil
265 1737 412 1767 przeterea;
443 1735 471 1757 et
496 1734 587 1765 postea
616 1733 749 1764 prtecepto
776 1727 881 1755 Domini
910 1733 970 1761 pro-

176 1778 282 1805 duezam
305 1784 365 1804 esse
385 1777 471 1804 lucem
500 1775 651 1811 factamque
676 1774 875 1802 distinctionem
904 1773 971 1800 lucis

176 1829 203 1851 et
231 1823 419 1854 tenebrarum;
454 1822 488 1849 ita
508 1826 536 1849 ut
557 1821 600 1848 illa
619 1821 670 1848 diei
692 1819 898 1855 appellationem
924 1825 971 1846 ae-

176 1869 289 1903 ceperit,
316 1868 375 1895 ha:c
394 1875 458 1895 vero
478 1867 564 1894 noctis
580 1875 587 1894 :
602 1867 699 1894 iterum
721 1873 771 1892 nos
787 1865 886 1892 docere
905 1863 972 1897 vult,

177 1922 250 1947 eum,
267 1915 335 1941 sicut
348 1913 471 1941 tenebras
484 1912 616 1948 separavit
631 1911 758 1946 producta
772 1910 842 1942 luce,
854 1914 881 1937 et
893 1910 973 1936 utris-

177 1968 230 1995 que
251 1967 395 1995 congruum
420 1958 578 1986 vocabulum
603 1957 715 1990 indidit,
739 1957 775 1984 ita
804 1960 832 1983 et
853 1955 973 1983 multitu—

178 2006 269 2033 dinem
287 2012 416 2040 aquarum
440 2009 573 2039 prtecepto
598 2009 750 2037 segregare.

215 2051 242 2078 5.
264 2050 383 2077 Potentia
397 2046 444 2077 Dei
459 2049 555 2076 nullum
568 2056 665 2075 moram
687 2047 816 2080 admittit;
830 2047 974 2081 ﬁrmamen-

180 2103 234 2125 tum
245 2098 305 2133 quid
313 2098 356 2130 sit,
372 2097 413 2123 vim
426 2096 485 2123 sciri
498 2099 598 2132 potest;
610 2095 702 2121 multo:
714 2094 789 2121 caelos
800 2101 852 2120 esse
864 2100 914 2119 non
929 2100 976 2126 pu-

180 2149 218 2170 tat
245 2143 276 2170 Β.
303 2143 505 2178 Chrysastomus.
523 2157 559 2162 ——
573 2142 604 2168 Et
625 2140 686 2168 vide
706 2139 867 2167 inelTabilem
882 2142 973 2174 poten-

181 2189 256 2222 tiam,
267 2197 327 2224 quze
340 2196 447 2216 ornttem
468 2188 612 2215 humanam
631 2186 738 2214 excedit
752 2186 894 2213 rationem.
910 2184 976 2211 Nam

181 2236 268 2262 solum
281 2235 366 2269 jubet.
387 2238 414 2261 et
430 2233 535 2261 accedit
553 2232 624 2260 aliud
639 2232 844 2265 elementorum,
860 2235 887 2259 et
906 2229 977 2257 aliud

181 2281 296 2309 decedit.
310 2281 439 2315 Dixitque,
451 2280 498 2312 ait,
512 2279 578 2307 Deus
590 2286 600 2306 :
615 2278 673 2305 Fiat
685 2278 873 2313 ﬁrmamentum
888 2277 915 2303 in
927 2283 980 2302 me-

182 2329 225 2355 dia
238 2335 321 2363 aquas,
335 2332 358 2354 et
370 2327 401 2354 sit
412 2327 567 2361 distinguens
579 2325 644 2352 inter
654 2332 747 2359 aquam
759 2328 783 2350 et
794 2330 896 2358 aquam.
909 2321 978 2354 Quid

182 2379 235 2405 est,
250 2374 308 2400 Fiat
324 2372 531 2407 ﬁrmamentum?
548 2370 629 2405 Quasi
640 2370 699 2405 quis
712 2369 784 2397 dicat
795 2368 911 2396 humana
927 2367 979 2393 lin-

183 2430 234 2457 gua
249 2431 256 2449 :
272 2421 329 2448 Fiat
341 2421 427 2455 paries
441 2419 547 2454 quidam
561 2422 589 2445 et
600 2421 704 2452 septum
717 2417 743 2443 in
759 2415 847 2443 medio
856 2413 980 2442 dividens

184 2472 211 2495 et
227 2466 423 2501 separationem
437 2464 576 2492 inducens.
596 2463 630 2490 Et
644 2466 671 2490 ut
683 2462 771 2489 discas
784 2468 908 2496 magnam
922 2459 981 2487 ele-

185 2518 336 2541 mentorum
369 2511 567 2544 obedientiam,
599 2509 830 2543 excellenlemque
856 2507 980 2534 virtutem

185 2558 304 2594 Opiﬁeis,
325 2558 361 2584 ait
373 2566 380 2584 :
393 2556 427 2584 Et
439 2557 535 2592 factum
549 2561 584 2583 est
598 2556 645 2583 ita.
662 2554 732 2581 Dixit
754 2553 852 2585 solttm,
875 2556 901 2579 et
916 2559 983 2587 opus

186 2609 328 2639 seqttutum
349 2607 398 2630 est.
416 2603 443 2629 7.
461 2602 492 2629 Et
508 2602 576 2637 fecit,
591 2601 638 2633 ait,
656 2600 726 2627 Deus
746 2599 943 2634 firmamentum,
960 2602 983 2623 et

187 2650 271 2676 diuisit
292 2649 361 2676 Deus
383 2649 448 2675 inter
460 2655 564 2682 aquam,
575 2654 631 2681 qua
644 2650 698 2673 erat
713 2644 758 2673 sub
773 2644 945 2679 ﬁrmamento,
960 2647 984 2669 et

188 2696 253 2722 inter
264 2702 368 2730 aquam,
388 2700 445 2728 qua;
459 2698 510 2720 erat
533 2700 608 2726 super
625 2692 821 2725 ﬁrmamentum.
842 2689 925 2717 Facto
940 2688 984 2715 ﬁr-

188 2745 335 2772 mamento,
351 2739 447 2774 inquit,
460 2738 540 2773 jussit
552 2745 634 2772 aquas
647 2737 712 2763 alias
727 2736 776 2762 sub
787 2735 984 2762 firmamentum

189 2785 264 2819 ferri,
281 2786 347 2813 alias
355 2790 444 2812 autem
459 2792 538 2818 supra
553 2783 661 2810 dorsum
673 2790 732 2809 esse
748 2780 918 2808 ﬁrmamenti.
933 2780 987 2808 Sed

189 2832 252 2868 qttid
262 2832 368 2859 tandem
380 2838 442 2858 esse
449 2831 570 2858 dicemus
581 2831 630 2857 hoc
639 2828 856 2856 ﬁrmamentum?
869 2829 986 2863 Aquam-

191 2888 224 2907 ne
246 2879 396 2911 densatam,
412 2877 454 2905 vel
468 2884 558 2905 acrem
578 2876 721 2912 quemdam
740 2875 925 2909 convolutum,
945 2875 986 2902 vel

191 2927 267 2953 aliam
280 2925 475 2953 substantiam?
489 2923 572 2951 Nemo
586 2921 755 2958 prudentium
768 2921 819 2949 hoc
834 2926 935 2949 temere
947 2929 987 2948 as-

1020 247 1193 293 severaverit.
1210 246 1320 282 Oportet
1342 250 1412 276 ettim
1436 258 1529 286 magna
1552 253 1681 283 modestia
1696 262 1722 284 et
1736 263 1813 293 grato

1018 291 1108 318 artitno
1128 300 1161 320 ea
1172 301 1231 328 qua:
1243 294 1368 323 dicuntttr
1388 305 1402 324 a
1427 298 1502 326 nobis
1516 301 1610 335 accipi,
1627 307 1654 329 et
1675 312 1728 331 non
1740 291 1812 333 ultra

1019 342 1140 366 naturam
1152 344 1271 368 nostram
1283 344 1416 378 progredi,
1433 349 1460 371 et
1472 347 1584 373 scrutari
1597 355 1656 382 qua:
1668 357 1748 384 Supra
1765 359 1815 379 nos

1018 391 1096 415 sunt:
1112 388 1158 415 sed
1173 388 1223 416 hoc
1236 391 1323 417 solum
1340 392 1410 419 scire
1430 398 1457 421 et
1478 398 1568 422 tenere
1581 397 1650 431 apud
1667 406 1725 431 nos,
1743 407 1813 434 pra:-

1017 438 1096 468 copto
1111 434 1215 462 Domini
1230 437 1388 471 productum
1402 446 1463 466 esse
1477 440 1685 477 ﬁrmamentum,
1698 445 1723 471 irt
1738 452 1816 479 sepa-

1019 480 1151 507 rationem
1172 488 1312 517 aquarum,
1335 485 1406 518 quod
1422 486 1508 513 valeat
1529 487 1594 515 aliis
1616 489 1665 517 sub
1688 498 1717 517 se
1732 493 1814 518 conti.

1019 533 1093 559 nere,
1109 527 1175 555 alias
1187 536 1251 556 vero
1270 536 1376 558 sursum
1392 533 1418 558 in
1433 531 1515 560 dorso
1530 540 1578 561 suo
1593 534 1662 562 ferre
1675 537 1812 565 sublimes.

1018 571 1045 599 8.
1071 572 1102 599 Et
1124 574 1232 606 vocavit,
1257 575 1305 609 ait,
1329 575 1397 603 Deus
1417 578 1606 612 ﬁrmamentum
1625 582 1724 608 uelum.
1748 582 1819 610 Vitltr

1018 618 1152 652 quomodo
1177 619 1271 647 eadem
1300 624 1490 657 consequentia
1519 625 1599 652 etiam
1627 634 1697 654 nunc
1722 628 1813 655 divina

1018 662 1154 698 Scriptura
1171 672 1217 692 usa
1231 670 1282 693 est.
1297 666 1363 695 Nam
1383 668 1452 695 sicut
1465 669 1531 697 dixit
1554 670 1623 704 heri,
1642 671 1700 699 Fiat
1715 673 1769 706 lux,
1784 678 1812 701 et

1018 713 1158 743 postquam
1173 709 1300 744 producta
1318 711 1447 745 fuit,t.unc
1459 713 1592 748 subjecit:
1605 717 1820 753 Sildislingttens

1019 754 1085 781 inter
1100 754 1181 781 lucem
1194 760 1217 782 et
1232 756 1298 783 inter
1310 758 1433 791 tenebras,
1455 764 1483 787 et
1495 761 1533 787 sic
1546 761 1632 789 lucem
1649 762 1718 790 diem
1733 772 1813 791 voca-

1018 801 1077 828 vit:
1095 801 1130 828 ila
1153 806 1178 828 et
1196 802 1276 830 hodie
1294 804 1380 831 dixit:
1396 804 1456 832 Fiat
1478 806 1665 841 ﬁrmamentum
1687 810 1712 836 in
1734 811 1815 837 medio

1020 854 1102 882 aquaz.
1118 848 1181 875 Dein
1193 849 1262 876 sicut
1275 849 1310 878 de
1326 850 1384 878 luce
1396 851 1511 885 dixerat,
1524 852 1559 879 ita
1572 858 1598 880 ct
1610 854 1652 881 hic
1667 854 1755 882 docuit
1767 864 1815 883 nos

1020 901 1097 921 ttsurn
1120 895 1290 929 ﬁrmamenti,
1320 896 1354 924 Ut
1378 897 1485 934 dividat,
1518 900 1565 932 ait,
1587 900 1653 927 inter
1677 909 1768 936 aquam
1793 908 1821 929 et

1019 948 1121 975 aquam.
1139 940 1172 968 Et
1186 946 1326 977 postquam
1341 942 1412 971 hunc
1421 945 1479 978 ejus
1491 952 1566 972 usurtt
1581 945 1735 980 declaravit,
1754 952 1816 975 tunc

1020 986 1088 1013 sicut
1102 987 1153 1013 luci
1168 995 1264 1014 nomen
1281 988 1365 1019 dedit.
1388 989 1423 1016 ita
1445 994 1471 1017 et
1487 990 1655 1018 ﬁrmamento
1675 1000 1751 1019 suum
1767 1001 1817 1020 no-

1021 1040 1081 1059 men
1098 1033 1234 1067 imposuit.
1260 1034 1293 1061 Et
1311 1035 1418 1068 vocavit,
1442 1036 1488 1070 ait,
1505 1037 1693 1071 ﬁrmamentum
1714 1040 1816 1073 cazlum,

1021 1079 1071 1107 hoc
1085 1081 1155 1115 qttod
1167 1080 1280 1108 videtur.
1291 1081 1474 1116 thuomodo,
1490 1083 1604 1118 inquies,
1619 1086 1711 1112 volunt
1725 1086 1816 1119 aliqui,

1021 1125 1105 1154 factos
1116 1127 1214 1154 multos
1228 1127 1325 1154 cados?
1339 1135 1392 1154 non
1405 1135 1438 1155 ex
1454 1128 1542 1155 divina
1561 1128 1697 1164 Scriptura
1712 1130 1763 1158 ltoc
1777 1131 1818 1158 di-

1021 1173 1155 1206 dieerttnt,
1171 1173 1217 1200 sed
1230 1180 1262 1200 ex
1278 1174 1333 1200 suis
1349 1174 1496 1202 ratiociniis
1510 1174 1562 1202 hoc
1579 1175 1706 1203 inferunt.
1722 1177 1818 1205 Beatus

1021 1225 1110 1247 atttem
1126 1220 1212 1247 Moses
1227 1220 1292 1247 nihil
1312 1220 1354 1248 his
1367 1221 1482 1256 amplius
1494 1223 1572 1249 docet
1587 1232 1593 1249 ε
1611 1224 1670 1250 riam
1693 1228 1722 1251 ut
1740 1225 1816 1258 dixit,

1021 1265 1055 1292 In
1067 1266 1192 1301 principio
1204 1266 1262 1302 fecit
1279 1266 1348 1293 Deus
1362 1267 1453 1294 cwlum
1468 1273 1491 1294 et
1510 1273 1602 1296 terram
1618 1274 1666 1297 .‘et
1677 1270 1737 1297 dein
1753 1278 1818 1298 catt-

1022 1319 1079 1339 sam
1092 1311 1182 1339 docuit
1195 1320 1278 1346 quare
1293 1316 1363 1339 terra
1377 1318 1449 1340 esset
1465 1313 1615 1348 invisibilis,
1638 1323 1734 1350 nempe
1748 1317 1818 1351 quod

1023 1358 1129 1385 obtecta
1140 1365 1155 1385 a
1167 1359 1284 1386 tenebris
1300 1364 1326 1387 et
1339 1360 1415 1395 aquis
1433 1360 1540 1396 abyssi;
1557 1366 1616 1396 post
1631 1360 1818 1391 formationem

1023 1403 1099 1438 lucis,
1115 1404 1208 1431 ordine
1222 1409 1249 1431 et
1263 1406 1453 1440 consequentia
1471 1406 1587 1441 quadam
1609 1412 1696 1440 utens,
1712 1408 1797 1442 inquit
1811 1418 1817 1436 :

1025 1449 1057 1476 Et
1080 1449 1145 1477 dixit
1160 1450 1240 1482 Deus,
1265 1449 1327 1477 Fiat
1348 1451 1546 1485 ﬁrmamentum.
1564 1453 1664 1481 Deinde
1680 1459 1819 1489 postquam

1023 1494 1113 1522 docuit
1126 1495 1267 1531 diligenter
1281 1504 1356 1523 usum
1377 1496 1453 1524 istius
1462 1496 1633 1532 ﬁrmamenti,
1647 1505 1674 1527 et
1689 1500 1768 1533 dixit,
1786 1501 1820 1528 Ut

1023 1542 1186 1578 distingueret
1206 1543 1270 1570 inter
1280 1551 1373 1577 aquam
1387 1549 1409 1571 et
1425 1552 1526 1580 nquam,
1543 1545 1611 1572 istud
1628 1546 1713 1581 ipsum
1730 1547 1817 1574 ﬁrmav

1024 1593 1143 1616 mentum
1157 1589 1226 1623 quod
1241 1597 1369 1624 aquarum
1381 1591 1576 1625 separationeru
1589 1592 1712 1626 faciebat,
1726 1594 1821 1621 eadunt

1023 1635 1139 1662 vocavit.
1155 1635 1220 1669 Quis
1237 1635 1317 1670 igitur
1336 1640 1396 1671 post
1410 1641 1509 1664 lautam
1528 1637 1676 1665 doctrinam
1692 1638 1758 1665 feret
1775 1647 1822 1666 eos

1024 1682 1069 1717 qui
1083 1689 1115 1709 ex
1138 1689 1186 1709 sua
1200 1687 1291 1710 mente
1306 1682 1387 1717 loqui,
1405 1688 1432 1710 et
1451 1688 1544 1710 contra
1566 1683 1683 1711 divinam
1699 1684 1822 1719 Scriptu-

1025 1735 1081 1755 ram
1096 1728 1194 1755 multos
1207 1728 1288 1755 caelos
1299 1729 1388 1755 dicere
1404 1728 1522 1756 audent?
1542 1730 1577 1756 At
1590 1730 1713 1764 inquiunt
1730 1739 1736 1756 :
1753 1731 1822 1758 Ecce

1025 1774 1119 1801 beatus
1144 1774 1226 1801 David
1249 1774 1355 1801 laudem
1377 1774 1432 1802 Deo
1452 1774 1577 1807 offerens,
1597 1775 1686 1803 dixit:
1708 1775 1823 1803 Laudnte

1026 1828 1093 1853 eum,
1108 1820 1164 1848 creti
1178 1821 1298 1848 celarunt
1311 1820 1397 1856 (Psal.
1410 1821 1470 1848 MS.
1484 1821 1522 1856 Il).
1535 1821 1573 1849 Ne
1584 1821 1708 1852 turbcris,
1716 1822 1823 1854 dilecte,

1027 1874 1113 1902 neque
1129 1871 1205 1902 putes
1222 1874 1325 1894 sacram
1340 1866 1504 1902 Scripturam
1521 1867 1624 1903 sibiipsi
1646 1868 1742 1895 alicubi
1756 1876 1822 1895 emt-

1027 1914 1135 1941 trariam
1154 1923 1160 1940 :
1176 1913 1224 1941 sed
1237 1914 1309 1941 disce
1323 1914 1411 1948 potius
1425 1913 1554 1940 dictorum
1568 1914 1705 1941 veritatem
1716 1935 1723 1947 ,
1744 1919 1771 1942 et
1785 1920 1826 1941 te-

1029 1967 1094 1989 nens
1116 1959 1258 1994 diligenter
1282 1959 1354 1986 illius
1374 1959 1535 1992 doctrinam,
1561 1959 1657 1987 obtura
1677 1967 1756 1987 aures
1785 1960 1828 1988 illi

1028 2007 1162 2035 coutraria
1175 2005 1335 2034 dicentibus.

1063 2054 1090 2081 4.
1113 2051 1266 2079 Ptolemaeus
1280 2055 1399 2077 convocat
1410 2049 1485 2077 LXX
1496 2049 1509 2076 1
1514 2054 1660 2085 nterpretes.
1672 2065 1707 2070 —
1716 2050 1749 2077 Et
1759 2051 1827 2085 quid

1029 2099 1081 2126 hoc
1094 2099 1137 2131 sit,
1154 2097 1224 2133 quod
1240 2097 1328 2124 dicere
1351 2096 1423 2129 volo,
1439 2095 1529 2123 attdite
1550 2103 1644 2130 magna
1666 2096 1824 2129 attentione,

1030 2150 1058 2173 ut
1072 2154 1106 2173 ne
1118 2145 1196 2172 facile
1206 2142 1364 2171 moveamini
1377 2150 1392 2169 a
1407 2142 1557 2170 volentibus
1568 2142 1695 2177 quidquid
1712 2142 1737 2169 in
1751 2150 1826 2170 mett-

1031 2197 1084 2220 tem
1098 2191 1200 2219 venerit
1215 2189 1315 2217 dicere.
1329 2188 1430 2217 Omnes
1442 2188 1524 2215 divini
1541 2188 1600 2215 libri
1617 2188 1721 2216 Veteris
1735 2188 1829 2215 Testa-

1031 2238 1114 2266 meuti
1130 2237 1303 2265 llebrmorutn
1317 2235 1405 2270 lingua
1427 2234 1461 2261 ab
1486 2234 1561 2261 initio
1584 2234 1659 2261 fuere
1674 2235 1827 2268 compositi,

1031 2290 1058 2312 et
1073 2284 1099 2311 in
1116 2285 1166 2311 hoc
1180 2282 1318 2309 nobiscum
1340 2279 1526 2308 consenserint
1545 2286 1650 2306 omnes.
1666 2278 1724 2306 Non
1739 2279 1832 2306 multis

1032 2335 1121 2357 autem
1135 2328 1213 2355 anuis
1227 2331 1289 2354 ante
1306 2326 1450 2353 adventum
1465 2324 1564 2352 Christi
1580 2332 1628 2352 rex
1642 2324 1749 2360 quidatn
1764 2323 1829 2351 Plo-

1032 2377 1141 2403 lemzeus
1157 2374 1207 2412 (a),
1223 2375 1249 2401 in
1261 2373 1419 2408 colligendis
1438 2371 1512 2399 libris
1525 2371 1668 2399 admodum
1682 2370 1829 2402 studiosus»,

1034 2422 1124 2450 multis
1137 2422 1197 2448 aliis
1211 2420 1378 2454 diversisque
1395 2417 1506 2449 coactis,
1521 2425 1610 2452 operas
1622 2418 1735 2452 pretium
1750 2421 1829 2451 puta--

1033 2469 1072 2496 vit
1086 2469 1136 2495 hos
1148 2468 1228 2495 etiam
1250 2466 1334 2492 libros
1353 2463 1488 2498 colligere.
1508 2463 1545 2490 Ea
1559 2463 1592 2490 de
1606 2470 1686 2489 causa
1699 2461 1835 2496 qttosdamv

1034 2514 1187 2542 Judteorum
1211 2510 1497 2547 Jerosolymitanorttm
1525 2508 1635 2541 accivit,
1657 2508 1701 2543 qui
1727 2514 1775 2534 eos
1803 2508 1835 2534 in:

1035 2560 1155 2587 Grtecam
1170 2558 1285 2593 linguam
1297 2559 1453 2584 verterent:
1468 2555 1539 2590 quod
1552 2554 1632 2581 etiam
1648 2552 1793 2587 perfectum
1807 2557 1835 2580 et

1036 2605 1186 2633 absolutum
1203 2603 1260 2631 fuit.
1278 2602 1387 2629 Factum
1400 2606 1488 2628 autern
1500 2604 1541 2627 est
1553 2599 1602 2626 hoc
1612 2598 1709 2626 divina:
1725 2598 1836 2633 dispen-

1037 2651 1149 2679 sationis
1165 2657 1242 2685 opus,
1259 2652 1288 2675 ut
1301 2655 1353 2675 non
1374 2647 1460 2674 solum
1484 2644 1621 2672 llcbraica:
1637 2644 1733 2679 lingua:
1745 2644 1838 2678 periti,

1040 2697 1086 2725 διξὰ
1100 2702 1127 2725 et
1141 2703 1236 2723 omnes
1248 2694 1292 2730 qui
1308 2698 1392 2720 totttm
1407 2691 1499 2719 orbctn
1513 2689 1673 2721 inhabitant,
1685 2697 1719 2717 ex
1731 2689 1770 2716 eis
1785 2690 1840 2717 uti-

1081 2805 1095 2822 η
1123 2795 1275 2823 Ptolernasus,
1287 2793 1319 2817 de
1330 2797 1379 2822 quo
1392 2790 1430 2815 hic
1442 2788 1548 2820 loquttttr
1559 2788 1748 2819 Cbrysostomus,
1762 2788 1840 2812 eluta-

1085 2797 1144 2853 .iuts
1155 2827 1230 2851 fuisse
1242 2825 1328 2849 dicitur
1340 2824 1365 2847 in
1382 2821 1483 2847 Historia
1497 2820 1606 2853 Aristote,
1619 2819 1688 2849 cujus
1705 2819 1776 2843 ﬁderit
1794 2826 1840 2844 cte-

1081 2805 1095 2822 η
1123 2799 1275 2823 Ptolemaeus,
1287 2799 1319 2817 ac
1330 2799 1379 2822 quo
1392 2799 1430 2815 ωε
1443 2799 1548 2820 ιυψιιιιιι·
1559 2799 1748 2819 utrgwstutntrs,
1762 2799 1840 2812 rrum-

1040 2799 1144 2860 deidtus
1155 2827 1230 2860 fuisse
1242 2825 1328 2860 dicitur
1340 2824 1365 2860 in
1382 2819 1688 2860 Historialarisletencttjus
1705 2819 1776 2860 ﬁdem
1794 2826 1843 2844 ea»

1042 2853 1144 2892 tta-raque
1155 2858 1233 2892 omnia
1245 2856 1276 2891 ad_
1288 2853 1592 2892 versionemfeptunqinlu
1607 2853 1764 2892 Itittlelrpretjtm
1784 2857 1842 2885 per-

1041 2881 1143 2917 inietiﬁa
1152 2881 1334 2919 exploravimus
1344 2887 1367 2910 in
1380 2881 1581 2909 Prselimiuaribus
1597 2881 1626 2906 ad
1639 2881 1839 2912 “emptam-ig”.

1045 2919 1083 2945 nis
1094 2926 1145 2948 cap.
1157 2917 1240 2946 sum
1249 2917 1304 2942 vide
1314 2917 1358 2942 sis.
