  <div class='ocr_page' id='page_1' title='image "/cluster/home/n/w/nwhite01/storage/ocr_20150623/53:no.4:pt.1/coo.31924054869536/043.png"; bbox 0 0 4144 6428; ppageno 0'>
   <div class='ocr_carea' id='block_1_1' title="bbox 519 352 3808 426">
    <p class='ocr_par' dir='ltr' id='par_1_1' title="bbox 519 352 3808 426">
     <span class='ocr_line' id='line_1_1' title="bbox 519 352 3808 426; baseline -0.004 0"><span class='ocrx_word' id='word_1_1' title='bbox 519 372 585 426; x_wconf 72' lang='lat'><strong>43</strong></span> <span class='ocrx_word' id='word_1_2' title='bbox 1359 364 1417 421; x_wconf 87' lang='lat' dir='ltr'><strong>S.</strong></span> <span class='ocrx_word' id='word_1_3' title='bbox 1448 363 1724 421; x_wconf 75' lang='lat' dir='ltr'><strong>JOANNIS</strong></span> <span class='ocrx_word' id='word_1_4' title='bbox 1764 356 2237 417; x_wconf 73' lang='lat' dir='ltr'><strong>CllRYSOSTOMl</strong></span> <span class='ocrx_word' id='word_1_5' title='bbox 2278 354 2591 411; x_wconf 78' lang='lat' dir='ltr'><strong>ARCHIEP.</strong></span> <span class='ocrx_word' id='word_1_6' title='bbox 2635 352 3165 410; x_wconf 76' lang='lat' dir='ltr'><strong>CONSTANTINOP.</strong></span> <span class='ocrx_word' id='word_1_7' title='bbox 3742 357 3808 412; x_wconf 73' lang='lat' dir='ltr'><strong>u</strong></span> 
     </span>
    </p>
   </div>
   <div class='ocr_carea' id='block_1_2' title="bbox 521 474 2094 552">
    <p class='ocr_par' dir='ltr' id='par_1_2' title="bbox 521 474 2094 552">
     <span class='ocr_line' id='line_1_2' title="bbox 521 474 2094 552; baseline -0.008 -15"><span class='ocrx_word' id='word_1_8' title='bbox 521 483 722 538; x_wconf 78' lang='lat' dir='ltr'><strong>litatem</strong></span> <span class='ocrx_word' id='word_1_9' title='bbox 756 482 1109 552; x_wconf 87' lang='lat' dir='ltr'><strong>perciperent.</strong></span> <span class='ocrx_word' id='word_1_10' title='bbox 1150 478 1410 549; x_wconf 79' lang='lat' dir='ltr'><strong>Quodque</strong></span> <span class='ocrx_word' id='word_1_11' title='bbox 1448 474 1760 531; x_wconf 82' lang='lat' dir='ltr'><strong>admirabile</strong></span> <span class='ocrx_word' id='word_1_12' title='bbox 1786 489 1848 528; x_wconf 89' lang='lat' dir='ltr'><strong>ac</strong></span> <span class='ocrx_word' id='word_1_13' title='bbox 1884 482 2094 542; x_wconf 81' lang='lat' dir='ltr'><strong>stupen-</strong></span> 
     </span>
    </p>
   </div>
   <div class='ocr_carea' id='block_1_3' title="bbox 518 563 2102 642">
    <p class='ocr_par' dir='ltr' id='par_1_3' title="bbox 518 563 2102 642">
     <span class='ocr_line' id='line_1_3' title="bbox 518 563 2102 642; baseline -0.008 -14"><span class='ocrx_word' id='word_1_14' title='bbox 518 575 644 628; x_wconf 89' lang='lat' dir='ltr'><strong>dum</strong></span> <span class='ocrx_word' id='word_1_15' title='bbox 687 580 785 638; x_wconf 89' lang='lat' dir='ltr'><strong>cst,</strong></span> <span class='ocrx_word' id='word_1_16' title='bbox 818 574 908 642; x_wconf 88' lang='lat' dir='ltr'><strong>qui</strong></span> <span class='ocrx_word' id='word_1_17' title='bbox 956 571 1085 626; x_wconf 85' lang='lat' dir='ltr'><strong>illud</strong></span> <span class='ocrx_word' id='word_1_18' title='bbox 1124 571 1253 642; x_wconf 85' lang='lat' dir='ltr'><strong>egit,</strong></span> <span class='ocrx_word' id='word_1_19' title='bbox 1303 584 1407 623; x_wconf 88' lang='lat' dir='ltr'><strong>non</strong></span> <span class='ocrx_word' id='word_1_20' title='bbox 1442 567 1748 622; x_wconf 57' lang='lat' dir='ltr'><strong>Judarorum</strong></span> <span class='ocrx_word' id='word_1_21' title='bbox 1794 563 2102 633; x_wconf 83' lang='lat' dir='ltr'><strong>religionem</strong></span> 
     </span>
    </p>
   </div>
   <div class='ocr_carea' id='block_1_4' title="bbox 517 653 2105 724">
    <p class='ocr_par' dir='ltr' id='par_1_4' title="bbox 517 653 2105 724">
     <span class='ocr_line' id='line_1_4' title="bbox 517 653 2105 724; baseline -0.006 -8"><span class='ocrx_word' id='word_1_22' title='bbox 517 663 842 724; x_wconf 77' lang='lat' dir='ltr'><strong>sectabatur,</strong></span> <span class='ocrx_word' id='word_1_23' title='bbox 874 661 967 716; x_wconf 89' lang='lat' dir='ltr'><strong>sed</strong></span> <span class='ocrx_word' id='word_1_24' title='bbox 996 660 1259 716; x_wconf 82' lang='lat' dir='ltr'><strong>idolorum</strong></span> <span class='ocrx_word' id='word_1_25' title='bbox 1295 657 1458 714; x_wconf 91' lang='lat' dir='ltr'><strong>cultui</strong></span> <span class='ocrx_word' id='word_1_26' title='bbox 1483 656 1695 712; x_wconf 89' lang='lat' dir='ltr'><strong>deditus</strong></span> <span class='ocrx_word' id='word_1_27' title='bbox 1722 663 1859 719; x_wconf 86' lang='lat' dir='ltr'><strong>erat,</strong></span> <span class='ocrx_word' id='word_1_28' title='bbox 1890 663 1944 708; x_wconf 92' lang='lat' dir='ltr'><strong>et</strong></span> <span class='ocrx_word' id='word_1_29' title='bbox 1976 653 2105 722; x_wconf 86' lang='lat' dir='ltr'><strong>ipsis</strong></span> 
     </span>
    </p>
   </div>
   <div class='ocr_carea' id='block_1_5' title="bbox 516 747 2105 809">
    <p class='ocr_par' dir='ltr' id='par_1_5' title="bbox 516 747 2105 809">
     <span class='ocr_line' id='line_1_5' title="bbox 516 747 2105 809; baseline -0.005 0"><span class='ocrx_word' id='word_1_30' title='bbox 516 754 782 809; x_wconf 78' lang='lat' dir='ltr'><strong>Contraria</strong></span> <span class='ocrx_word' id='word_1_31' title='bbox 811 754 1094 808; x_wconf 72' lang='lat' dir='ltr'><strong>sentiebat.</strong></span> <span class='ocrx_word' id='word_1_32' title='bbox 1126 753 1239 809; x_wconf 82' lang='lat' dir='ltr'><strong>Hoc</strong></span> <span class='ocrx_word' id='word_1_33' title='bbox 1258 753 1400 808; x_wconf 90' lang='lat' dir='ltr'><strong>enim</strong></span> <span class='ocrx_word' id='word_1_34' title='bbox 1424 750 1585 806; x_wconf 90' lang='lat' dir='ltr'><strong>modo</strong></span> <span class='ocrx_word' id='word_1_35' title='bbox 1618 765 1678 804; x_wconf 84' lang='lat' dir='ltr'><strong>se</strong></span> <span class='ocrx_word' id='word_1_36' title='bbox 1705 748 1903 804; x_wconf 81' lang='lat' dir='ltr'><strong>habent</strong></span> <span class='ocrx_word' id='word_1_37' title='bbox 1928 747 2105 802; x_wconf 82' lang='lat' dir='ltr'><strong>omnia</strong></span> 
     </span>
    </p>
   </div>
   <div class='ocr_carea' id='block_1_6' title="bbox 518 839 2106 914">
    <p class='ocr_par' dir='ltr' id='par_1_6' title="bbox 518 839 2106 914">
     <span class='ocr_line' id='line_1_6' title="bbox 518 839 2106 914; baseline -0.004 -17"><span class='ocrx_word' id='word_1_38' title='bbox 518 860 635 913; x_wconf 80' lang='lat' dir='ltr'><strong>quae</strong></span> <span class='ocrx_word' id='word_1_39' title='bbox 657 858 688 898; x_wconf 91' lang='lat' dir='ltr'><strong>a</strong></span> <span class='ocrx_word' id='word_1_40' title='bbox 719 843 946 900; x_wconf 92' lang='lat' dir='ltr'><strong>Domino</strong></span> <span class='ocrx_word' id='word_1_41' title='bbox 975 853 1162 899; x_wconf 90' lang='lat' dir='ltr'><strong>nostro</strong></span> <span class='ocrx_word' id='word_1_42' title='bbox 1200 844 1603 914; x_wconf 83' lang='lat' dir='ltr'><strong>dispensantur,</strong></span> <span class='ocrx_word' id='word_1_43' title='bbox 1636 849 1694 896; x_wconf 92' lang='lat' dir='ltr'><strong>ut</strong></span> <span class='ocrx_word' id='word_1_44' title='bbox 1729 856 1822 910; x_wconf 87' lang='lat' dir='ltr'><strong>per</strong></span> <span class='ocrx_word' id='word_1_45' title='bbox 1849 839 2106 894; x_wconf 85' lang='lat' dir='ltr'><strong>adversa-</strong></span> 
     </span>
    </p>
   </div>
   <div class='ocr_carea' id='block_1_7' title="bbox 518 932 2105 1007">
    <p class='ocr_par' dir='ltr' id='par_1_7' title="bbox 518 932 2105 1007">
     <span class='ocr_line' id='line_1_7' title="bbox 518 932 2105 1007; baseline -0.005 -15"><span class='ocrx_word' id='word_1_46' title='bbox 518 943 626 992; x_wconf 51' lang='lat' dir='ltr'><strong>rios</strong></span> <span class='ocrx_word' id='word_1_47' title='bbox 657 952 871 1007; x_wconf 85' lang='lat' dir='ltr'><strong>semper</strong></span> <span class='ocrx_word' id='word_1_48' title='bbox 898 946 1142 993; x_wconf 86' lang='lat' dir='ltr'><strong>crescant</strong></span> <span class='ocrx_word' id='word_1_49' title='bbox 1175 935 1413 992; x_wconf 72' lang='lat' dir='ltr'><strong>veritatis</strong></span> <span class='ocrx_word' id='word_1_50' title='bbox 1439 942 1726 1005; x_wconf 70' lang='lat' dir='ltr'><strong>praecepta.</strong></span> <span class='ocrx_word' id='word_1_51' title='bbox 1768 932 1894 987; x_wconf 63' lang='lat' dir='ltr'><strong>llaec</strong></span> <span class='ocrx_word' id='word_1_52' title='bbox 1926 941 2105 986; x_wconf 88' lang='lat' dir='ltr'><strong>autem</strong></span> 
     </span>
    </p>
   </div>
   <div class='ocr_carea' id='block_1_8' title="bbox 518 1023 2107 1090">
    <p class='ocr_par' dir='ltr' id='par_1_8' title="bbox 518 1023 2107 1090">
     <span class='ocr_line' id='line_1_8' title="bbox 518 1023 2107 1090; baseline -0.003 -8"><span class='ocrx_word' id='word_1_53' title='bbox 518 1046 625 1083; x_wconf 74' lang='lat' dir='ltr'><strong>nan</strong></span> <span class='ocrx_word' id='word_1_54' title='bbox 655 1039 856 1085; x_wconf 86' lang='lat' dir='ltr'><strong>temere</strong></span> <span class='ocrx_word' id='word_1_55' title='bbox 887 1039 1078 1084; x_wconf 70' lang='lat' dir='ltr'><strong>vestrae</strong></span> <span class='ocrx_word' id='word_1_56' title='bbox 1120 1026 1328 1084; x_wconf 82' lang='lat' dir='ltr'><strong>caritati</strong></span> <span class='ocrx_word' id='word_1_57' title='bbox 1359 1025 1709 1090; x_wconf 87' lang='lat' dir='ltr'><strong>narraveriin,</strong></span> <span class='ocrx_word' id='word_1_58' title='bbox 1753 1023 1847 1079; x_wconf 89' lang='lat' dir='ltr'><strong>sed</strong></span> <span class='ocrx_word' id='word_1_59' title='bbox 1884 1032 1940 1077; x_wconf 94' lang='lat' dir='ltr'><strong>ut</strong></span> <span class='ocrx_word' id='word_1_60' title='bbox 1968 1023 2107 1078; x_wconf 88' lang='lat' dir='ltr'><strong>scire</strong></span> 
     </span>
    </p>
   </div>
   <div class='ocr_carea' id='block_1_9' title="bbox 520 1112 2106 1189">
    <p class='ocr_par' dir='ltr' id='par_1_9' title="bbox 520 1112 2106 1189">
     <span class='ocr_line' id='line_1_9' title="bbox 520 1112 2106 1189; baseline -0.006 -14"><span class='ocrx_word' id='word_1_61' title='bbox 520 1120 757 1189; x_wconf 88' lang='lat' dir='ltr'><strong>possitis,</strong></span> <span class='ocrx_word' id='word_1_62' title='bbox 808 1132 915 1174; x_wconf 85' lang='lat' dir='ltr'><strong>non</strong></span> <span class='ocrx_word' id='word_1_63' title='bbox 948 1119 1048 1174; x_wconf 89' lang='lat' dir='ltr'><strong>hac</strong></span> <span class='ocrx_word' id='word_1_64' title='bbox 1092 1118 1294 1189; x_wconf 80' lang='lat' dir='ltr'><strong>lingua,</strong></span> <span class='ocrx_word' id='word_1_65' title='bbox 1339 1125 1546 1182; x_wconf 88' lang='lat' dir='ltr'><strong>nostra,</strong></span> <span class='ocrx_word' id='word_1_66' title='bbox 1593 1114 1827 1184; x_wconf 88' lang='lat' dir='ltr'><strong>inquam,</strong></span> <span class='ocrx_word' id='word_1_67' title='bbox 1877 1113 1972 1167; x_wconf 90' lang='lat' dir='ltr'><strong>sed</strong></span> <span class='ocrx_word' id='word_1_68' title='bbox 2005 1112 2106 1166; x_wconf 88' lang='lat' dir='ltr'><strong>lle-</strong></span> 
     </span>
    </p>
   </div>
   <div class='ocr_carea' id='block_1_10' title="bbox 518 1203 2107 1276">
    <p class='ocr_par' dir='ltr' id='par_1_10' title="bbox 518 1203 2107 1276">
     <span class='ocr_line' id='line_1_10' title="bbox 518 1203 2107 1276; baseline -0.003 -14"><span class='ocrx_word' id='word_1_69' title='bbox 518 1208 723 1275; x_wconf 84' lang='lat' dir='ltr'><strong>braica,</strong></span> <span class='ocrx_word' id='word_1_70' title='bbox 745 1208 908 1264; x_wconf 85' lang='lat' dir='ltr'><strong>fuisse</strong></span> <span class='ocrx_word' id='word_1_71' title='bbox 934 1207 1032 1263; x_wconf 90' lang='lat' dir='ltr'><strong>hos</strong></span> <span class='ocrx_word' id='word_1_72' title='bbox 1052 1208 1217 1264; x_wconf 91' lang='lat' dir='ltr'><strong>libros</strong></span> <span class='ocrx_word' id='word_1_73' title='bbox 1238 1206 1586 1276; x_wconf 89' lang='lat' dir='ltr'><strong>compositos.</strong></span> <span class='ocrx_word' id='word_1_74' title='bbox 1612 1205 1801 1260; x_wconf 90' lang='lat' dir='ltr'><strong>Dicunt</strong></span> <span class='ocrx_word' id='word_1_75' title='bbox 1827 1204 1990 1274; x_wconf 78' lang='lat' dir='ltr'><strong>igitur</strong></span> <span class='ocrx_word' id='word_1_76' title='bbox 2018 1203 2107 1273; x_wconf 92' lang='lat' dir='ltr'><strong>qui</strong></span> 
     </span>
    </p>
   </div>
   <div class='ocr_carea' id='block_1_11' title="bbox 519 1282 2105 1370">
    <p class='ocr_par' dir='ltr' id='par_1_11' title="bbox 519 1282 2105 1370">
     <span class='ocr_line' id='line_1_11' title="bbox 519 1282 2105 1370; baseline -0.003 -18"><span class='ocrx_word' id='word_1_77' title='bbox 519 1298 714 1370; x_wconf 73' lang='lat' dir='ltr'><strong>iiiiguie</strong></span> <span class='ocrx_word' id='word_1_78' title='bbox 739 1300 858 1368; x_wconf 85' lang='lat' dir='ltr'><strong>ejus</strong></span> <span class='ocrx_word' id='word_1_79' title='bbox 894 1282 1137 1368; x_wconf 73' lang='lat' dir='ltr'><strong>apprime</strong></span> <span class='ocrx_word' id='word_1_80' title='bbox 1162 1297 1312 1368; x_wconf 88' lang='lat' dir='ltr'><strong>gnari</strong></span> <span class='ocrx_word' id='word_1_81' title='bbox 1344 1304 1488 1363; x_wconf 92' lang='lat' dir='ltr'><strong>sunt,</strong></span> <span class='ocrx_word' id='word_1_82' title='bbox 1527 1295 1646 1350; x_wconf 70' lang='lat' dir='ltr'><strong>caili</strong></span> <span class='ocrx_word' id='word_1_83' title='bbox 1686 1309 1882 1350; x_wconf 85' lang='lat' dir='ltr'><strong>nomen</strong></span> <span class='ocrx_word' id='word_1_84' title='bbox 1916 1293 2105 1362; x_wconf 88' lang='lat' dir='ltr'><strong>plurali</strong></span> 
     </span>
    </p>
   </div>
   <div class='ocr_carea' id='block_1_12' title="bbox 517 1384 2106 1457">
    <p class='ocr_par' dir='ltr' id='par_1_12' title="bbox 517 1384 2106 1457">
     <span class='ocr_line' id='line_1_12' title="bbox 517 1384 2106 1457; baseline -0.002 -16"><span class='ocrx_word' id='word_1_85' title='bbox 517 1404 744 1444; x_wconf 87' lang='lat' dir='ltr'><strong>numero</strong></span> <span class='ocrx_word' id='word_1_86' title='bbox 787 1389 854 1443; x_wconf 92' lang='lat' dir='ltr'><strong>ab</strong></span> <span class='ocrx_word' id='word_1_87' title='bbox 892 1388 1131 1457; x_wconf 64' lang='lat' dir='ltr'><strong>Hebraeis</strong></span> <span class='ocrx_word' id='word_1_88' title='bbox 1160 1388 1363 1454; x_wconf 88' lang='lat' dir='ltr'><strong>vocari,</strong></span> <span class='ocrx_word' id='word_1_89' title='bbox 1395 1385 1539 1456; x_wconf 89' lang='lat' dir='ltr'><strong>quod</strong></span> <span class='ocrx_word' id='word_1_90' title='bbox 1577 1385 1902 1442; x_wconf 89' lang='lat' dir='ltr'><strong>conﬁtentur</strong></span> <span class='ocrx_word' id='word_1_91' title='bbox 1942 1384 2106 1439; x_wconf 90' lang='lat' dir='ltr'><strong>etiam</strong></span> 
     </span>
    </p>
   </div>
   <div class='ocr_carea' id='block_1_13' title="bbox 516 1474 2110 1552">
    <p class='ocr_par' dir='ltr' id='par_1_13' title="bbox 516 1474 2110 1552">
     <span class='ocr_line' id='line_1_13' title="bbox 516 1474 2110 1552; baseline 0 -23"><span class='ocrx_word' id='word_1_92' title='bbox 516 1482 604 1549; x_wconf 84' lang='lat' dir='ltr'><strong>qui</strong></span> <span class='ocrx_word' id='word_1_93' title='bbox 636 1480 894 1552; x_wconf 82' lang='lat' dir='ltr'><strong>Syrorum</strong></span> <span class='ocrx_word' id='word_1_94' title='bbox 924 1480 1158 1550; x_wconf 86' lang='lat' dir='ltr'><strong>linguam</strong></span> <span class='ocrx_word' id='word_1_95' title='bbox 1180 1480 1376 1533; x_wconf 90' lang='lat' dir='ltr'><strong>sciunt.</strong></span> <span class='ocrx_word' id='word_1_96' title='bbox 1403 1477 1472 1532; x_wconf 87' lang='lat' dir='ltr'><strong>Et</strong></span> <span class='ocrx_word' id='word_1_97' title='bbox 1504 1492 1661 1531; x_wconf 90' lang='lat' dir='ltr'><strong>nemo</strong></span> <span class='ocrx_word' id='word_1_98' title='bbox 1687 1490 1751 1531; x_wconf 91' lang='lat' dir='ltr'><strong>ea</strong></span> <span class='ocrx_word' id='word_1_99' title='bbox 1776 1476 1952 1545; x_wconf 89' lang='lat' dir='ltr'><strong>lingua</strong></span> <span class='ocrx_word' id='word_1_100' title='bbox 1978 1474 2110 1529; x_wconf 88' lang='lat' dir='ltr'><strong>dicit</strong></span> 
     </span>
    </p>
   </div>
   <div class='ocr_carea' id='block_1_14' title="bbox 515 1566 2111 1639">
    <p class='ocr_par' dir='ltr' id='par_1_14' title="bbox 515 1566 2111 1639">
     <span class='ocr_line' id='line_1_14' title="bbox 515 1566 2111 1639; baseline -0.004 -13"><span class='ocrx_word' id='word_1_101' title='bbox 515 1569 726 1638; x_wconf 68' lang='lat' dir='ltr'><strong>caeliun,</strong></span> <span class='ocrx_word' id='word_1_102' title='bbox 755 1571 849 1626; x_wconf 88' lang='lat' dir='ltr'><strong>sed</strong></span> <span class='ocrx_word' id='word_1_103' title='bbox 871 1571 1007 1626; x_wconf 64' lang='lat' dir='ltr'><strong>caeli.</strong></span> <span class='ocrx_word' id='word_1_104' title='bbox 1037 1570 1214 1639; x_wconf 81' lang='lat' dir='ltr'><strong>Atque</strong></span> <span class='ocrx_word' id='word_1_105' title='bbox 1232 1568 1440 1623; x_wconf 88' lang='lat' dir='ltr'><strong>idcirco</strong></span> <span class='ocrx_word' id='word_1_106' title='bbox 1469 1568 1548 1623; x_wconf 91' lang='lat' dir='ltr'><strong>sic</strong></span> <span class='ocrx_word' id='word_1_107' title='bbox 1567 1567 1766 1622; x_wconf 90' lang='lat' dir='ltr'><strong>dictum</strong></span> <span class='ocrx_word' id='word_1_108' title='bbox 1797 1574 1882 1623; x_wconf 88' lang='lat' dir='ltr'><strong>est</strong></span> <span class='ocrx_word' id='word_1_109' title='bbox 1905 1580 1933 1620; x_wconf 91' lang='lat' dir='ltr'><strong>a</strong></span> <span class='ocrx_word' id='word_1_110' title='bbox 1956 1566 2111 1620; x_wconf 90' lang='lat' dir='ltr'><strong>beato</strong></span> 
     </span>
    </p>
   </div>
   <div class='ocr_carea' id='block_1_15' title="bbox 521 1657 2105 1730">
    <p class='ocr_par' dir='ltr' id='par_1_15' title="bbox 521 1657 2105 1730">
     <span class='ocr_line' id='line_1_15' title="bbox 521 1657 2105 1730; baseline -0.001 -14"><span class='ocrx_word' id='word_1_111' title='bbox 521 1662 740 1730; x_wconf 78' lang='lat' dir='ltr'><strong>Davidc,</strong></span> <span class='ocrx_word' id='word_1_112' title='bbox 783 1660 908 1718; x_wconf 73' lang='grc' dir='ltr'><strong>σιειὶ</strong></span> <span class='ocrx_word' id='word_1_113' title='bbox 943 1662 1357 1716; x_wconf 77' lang='lat' dir='ltr'><strong>ctelorum:non</strong></span> <span class='ocrx_word' id='word_1_114' title='bbox 1404 1659 1548 1729; x_wconf 91' lang='lat' dir='ltr'><strong>quod</strong></span> <span class='ocrx_word' id='word_1_115' title='bbox 1590 1658 1738 1713; x_wconf 90' lang='lat' dir='ltr'><strong>multi</strong></span> <span class='ocrx_word' id='word_1_116' title='bbox 1790 1658 1901 1713; x_wconf 88' lang='lat' dir='ltr'><strong>sint</strong></span> <span class='ocrx_word' id='word_1_117' title='bbox 1943 1657 2105 1714; x_wconf 70' lang='lat' dir='ltr'><strong>cinli:</strong></span> 
     </span>
    </p>
   </div>
   <div class='ocr_carea' id='block_1_16' title="bbox 520 1747 2112 1817">
    <p class='ocr_par' dir='ltr' id='par_1_16' title="bbox 520 1747 2112 1817">
     <span class='ocr_line' id='line_1_16' title="bbox 520 1747 2112 1817; baseline -0.004 -10"><span class='ocrx_word' id='word_1_118' title='bbox 520 1770 625 1808; x_wconf 85' lang='lat' dir='ltr'><strong>non</strong></span> <span class='ocrx_word' id='word_1_119' title='bbox 653 1754 796 1808; x_wconf 92' lang='lat' dir='ltr'><strong>enim</strong></span> <span class='ocrx_word' id='word_1_120' title='bbox 832 1754 932 1807; x_wconf 91' lang='lat' dir='ltr'><strong>hoc</strong></span> <span class='ocrx_word' id='word_1_121' title='bbox 963 1766 1062 1806; x_wconf 90' lang='lat' dir='ltr'><strong>nos</strong></span> <span class='ocrx_word' id='word_1_122' title='bbox 1083 1752 1262 1806; x_wconf 85' lang='lat' dir='ltr'><strong>docuit</strong></span> <span class='ocrx_word' id='word_1_123' title='bbox 1288 1751 1477 1806; x_wconf 73' lang='lat' dir='ltr'><strong>beatus</strong></span> <span class='ocrx_word' id='word_1_124' title='bbox 1494 1749 1703 1810; x_wconf 85' lang='lat' dir='ltr'><strong>Moses;</strong></span> <span class='ocrx_word' id='word_1_125' title='bbox 1734 1747 1827 1802; x_wconf 87' lang='lat' dir='ltr'><strong>sed</strong></span> <span class='ocrx_word' id='word_1_126' title='bbox 1851 1747 1971 1817; x_wconf 89' lang='lat' dir='ltr'><strong>quia</strong></span> <span class='ocrx_word' id='word_1_127' title='bbox 1996 1760 2112 1801; x_wconf 86' lang='lat' dir='ltr'><strong>mos</strong></span> 
     </span>
    </p>
   </div>
   <div class='ocr_carea' id='block_1_17' title="bbox 519 1838 2113 1915">
    <p class='ocr_par' dir='ltr' id='par_1_17' title="bbox 519 1838 2113 1915">
     <span class='ocr_line' id='line_1_17' title="bbox 519 1838 2113 1915; baseline -0.005 -16"><span class='ocrx_word' id='word_1_128' title='bbox 519 1856 599 1899; x_wconf 77' lang='lat' dir='ltr'><strong>est</strong></span> <span class='ocrx_word' id='word_1_129' title='bbox 642 1845 833 1915; x_wconf 68' lang='lat' dir='ltr'><strong>linguzc</strong></span> <span class='ocrx_word' id='word_1_130' title='bbox 864 1844 1134 1898; x_wconf 74' lang='lat' dir='ltr'><strong>llebraicze</strong></span> <span class='ocrx_word' id='word_1_131' title='bbox 1166 1857 1323 1897; x_wconf 90' lang='lat' dir='ltr'><strong>unam</strong></span> <span class='ocrx_word' id='word_1_132' title='bbox 1357 1856 1468 1895; x_wconf 92' lang='lat' dir='ltr'><strong>rem</strong></span> <span class='ocrx_word' id='word_1_133' title='bbox 1499 1841 1776 1894; x_wconf 89' lang='lat' dir='ltr'><strong>nominare</strong></span> <span class='ocrx_word' id='word_1_134' title='bbox 1802 1838 1990 1909; x_wconf 89' lang='lat' dir='ltr'><strong>plurali</strong></span> <span class='ocrx_word' id='word_1_135' title='bbox 2020 1853 2113 1892; x_wconf 84' lang='lat' dir='ltr'><strong>nu-</strong></span> 
     </span>
    </p>
   </div>
   <div class='ocr_carea' id='block_1_18' title="bbox 520 1927 2103 2005">
    <p class='ocr_par' dir='ltr' id='par_1_18' title="bbox 520 1927 2103 2005">
     <span class='ocr_line' id='line_1_18' title="bbox 520 1927 2103 2005; baseline -0.004 -17"><span class='ocrx_word' id='word_1_136' title='bbox 520 1949 669 1989; x_wconf 87' lang='lat' dir='ltr'><strong>mero</strong></span> <span class='ocrx_word' id='word_1_137' title='bbox 695 1934 772 2005; x_wconf 80' lang='lat' dir='ltr'><strong>(a)</strong></span> <span class='ocrx_word' id='word_1_138' title='bbox 803 1951 815 1986; x_wconf 93' lang='lat'>:</span> <span class='ocrx_word' id='word_1_139' title='bbox 851 1934 968 2003; x_wconf 85' lang='lat' dir='ltr'><strong>quia</strong></span> <span class='ocrx_word' id='word_1_140' title='bbox 1002 1932 1045 1987; x_wconf 90' lang='lat' dir='ltr'><strong>si</strong></span> <span class='ocrx_word' id='word_1_141' title='bbox 1087 1931 1238 1986; x_wconf 89' lang='lat' dir='ltr'><strong>multi</strong></span> <span class='ocrx_word' id='word_1_142' title='bbox 1265 1939 1464 1998; x_wconf 86' lang='lat' dir='ltr'><strong>essent,</strong></span> <span class='ocrx_word' id='word_1_143' title='bbox 1500 1945 1606 1983; x_wconf 85' lang='lat' dir='ltr'><strong>non</strong></span> <span class='ocrx_word' id='word_1_144' title='bbox 1637 1929 1906 1983; x_wconf 82' lang='lat' dir='ltr'><strong>omisisset</strong></span> <span class='ocrx_word' id='word_1_145' title='bbox 1933 1927 2103 1997; x_wconf 75' lang='lat' dir='ltr'><strong>Spiri-</strong></span> 
     </span>
    </p>
   </div>
   <div class='ocr_carea' id='block_1_19' title="bbox 523 2018 2113 2095">
    <p class='ocr_par' dir='ltr' id='par_1_19' title="bbox 523 2018 2113 2095">
     <span class='ocr_line' id='line_1_19' title="bbox 523 2018 2113 2095; baseline -0.004 -15"><span class='ocrx_word' id='word_1_146' title='bbox 523 2035 609 2081; x_wconf 87' lang='lat' dir='ltr'><strong>tus</strong></span> <span class='ocrx_word' id='word_1_147' title='bbox 647 2035 866 2080; x_wconf 89' lang='lat' dir='ltr'><strong>sanctus</strong></span> <span class='ocrx_word' id='word_1_148' title='bbox 893 2041 988 2095; x_wconf 90' lang='lat' dir='ltr'><strong>per</strong></span> <span class='ocrx_word' id='word_1_149' title='bbox 1028 2024 1258 2094; x_wconf 78' lang='lat' dir='ltr'><strong>linguam</strong></span> <span class='ocrx_word' id='word_1_150' title='bbox 1301 2021 1439 2077; x_wconf 84' lang='lat' dir='ltr'><strong>beati</strong></span> <span class='ocrx_word' id='word_1_151' title='bbox 1491 2020 1715 2089; x_wconf 87' lang='lat' dir='ltr'><strong>hujusce</strong></span> <span class='ocrx_word' id='word_1_152' title='bbox 1742 2018 2017 2090; x_wconf 76' lang='lat' dir='ltr'><strong>pr0pheta:</strong></span> <span class='ocrx_word' id='word_1_153' title='bbox 2055 2026 2113 2074; x_wconf 94' lang='lat' dir='ltr'><strong>et</strong></span> 
     </span>
    </p>
   </div>
   <div class='ocr_carea' id='block_1_20' title="bbox 518 2110 2115 2181">
    <p class='ocr_par' dir='ltr' id='par_1_20' title="bbox 518 2110 2115 2181">
     <span class='ocr_line' id='line_1_20' title="bbox 518 2110 2115 2181; baseline -0.004 -10"><span class='ocrx_word' id='word_1_154' title='bbox 518 2118 740 2171; x_wconf 90' lang='lat' dir='ltr'><strong>aliorum</strong></span> <span class='ocrx_word' id='word_1_155' title='bbox 774 2115 1141 2171; x_wconf 89' lang='lat' dir='ltr'><strong>formationem</strong></span> <span class='ocrx_word' id='word_1_156' title='bbox 1181 2128 1281 2168; x_wconf 91' lang='lat' dir='ltr'><strong>nos</strong></span> <span class='ocrx_word' id='word_1_157' title='bbox 1309 2112 1522 2168; x_wconf 89' lang='lat' dir='ltr'><strong>docere.</strong></span> <span class='ocrx_word' id='word_1_158' title='bbox 1570 2111 1695 2166; x_wconf 51' lang='lat' dir='ltr'><strong>Haec</strong></span> <span class='ocrx_word' id='word_1_159' title='bbox 1717 2110 1998 2181; x_wconf 76' lang='lat' dir='ltr'><strong>diligenter</strong></span> <span class='ocrx_word' id='word_1_160' title='bbox 2023 2126 2115 2165; x_wconf 81' lang='lat' dir='ltr'><strong>re—</strong></span> 
     </span>
    </p>
   </div>
   <div class='ocr_carea' id='block_1_21' title="bbox 520 2198 2114 2274">
    <p class='ocr_par' dir='ltr' id='par_1_21' title="bbox 520 2198 2114 2274">
     <span class='ocr_line' id='line_1_21' title="bbox 520 2198 2114 2274; baseline -0.004 -14"><span class='ocrx_word' id='word_1_161' title='bbox 520 2207 708 2274; x_wconf 80' lang='lat' dir='ltr'><strong>tinete,</strong></span> <span class='ocrx_word' id='word_1_162' title='bbox 741 2206 986 2272; x_wconf 86' lang='lat' dir='ltr'><strong>obsecro,</strong></span> <span class='ocrx_word' id='word_1_163' title='bbox 1025 2215 1077 2257; x_wconf 92' lang='lat' dir='ltr'><strong>ut</strong></span> <span class='ocrx_word' id='word_1_164' title='bbox 1108 2203 1324 2273; x_wconf 88' lang='lat' dir='ltr'><strong>possitis</strong></span> <span class='ocrx_word' id='word_1_165' title='bbox 1367 2202 1649 2256; x_wconf 80' lang='lat' dir='ltr'><strong>obstruere</strong></span> <span class='ocrx_word' id='word_1_166' title='bbox 1679 2215 1771 2255; x_wconf 89' lang='lat' dir='ltr'><strong>ora</strong></span> <span class='ocrx_word' id='word_1_167' title='bbox 1810 2215 1995 2256; x_wconf 89' lang='lat' dir='ltr'><strong>eorum</strong></span> <span class='ocrx_word' id='word_1_168' title='bbox 2021 2198 2114 2271; x_wconf 86' lang='lat' dir='ltr'><strong>qui</strong></span> 
     </span>
    </p>
   </div>
   <div class='ocr_carea' id='block_1_22' title="bbox 519 2290 2115 2357">
    <p class='ocr_par' dir='ltr' id='par_1_22' title="bbox 519 2290 2115 2357">
     <span class='ocr_line' id='line_1_22' title="bbox 519 2290 2115 2357; baseline -0.005 -5"><span class='ocrx_word' id='word_1_169' title='bbox 519 2297 790 2352; x_wconf 87' lang='lat' dir='ltr'><strong>contraria</strong></span> <span class='ocrx_word' id='word_1_170' title='bbox 818 2295 1197 2351; x_wconf 77' lang='lat' dir='ltr'><strong>ecclesiasticis</strong></span> <span class='ocrx_word' id='word_1_171' title='bbox 1236 2292 1495 2348; x_wconf 86' lang='lat' dir='ltr'><strong>doctrinis</strong></span> <span class='ocrx_word' id='word_1_172' title='bbox 1535 2291 1786 2357; x_wconf 88' lang='lat' dir='ltr'><strong>afferunt,</strong></span> <span class='ocrx_word' id='word_1_173' title='bbox 1819 2300 1873 2344; x_wconf 81' lang='lat' dir='ltr'><strong>et</strong></span> <span class='ocrx_word' id='word_1_174' title='bbox 1911 2290 1964 2344; x_wconf 91' lang='lat' dir='ltr'><strong>in</strong></span> <span class='ocrx_word' id='word_1_175' title='bbox 2001 2299 2115 2344; x_wconf 85' lang='lat' dir='ltr'><strong>toto</strong></span> 
     </span>
    </p>
   </div>
   <div class='ocr_carea' id='block_1_23' title="bbox 521 2381 2117 2453">
    <p class='ocr_par' dir='ltr' id='par_1_23' title="bbox 521 2381 2117 2453">
     <span class='ocr_line' id='line_1_23' title="bbox 521 2381 2117 2453; baseline -0.005 -10"><span class='ocrx_word' id='word_1_176' title='bbox 521 2388 745 2443; x_wconf 79' lang='lat' dir='ltr'><strong>videatis</strong></span> <span class='ocrx_word' id='word_1_177' title='bbox 771 2388 1020 2441; x_wconf 87' lang='lat' dir='ltr'><strong>virtutem</strong></span> <span class='ocrx_word' id='word_1_178' title='bbox 1064 2399 1250 2440; x_wconf 91' lang='lat' dir='ltr'><strong>eorum</strong></span> <span class='ocrx_word' id='word_1_179' title='bbox 1278 2399 1396 2453; x_wconf 79' lang='lat' dir='ltr'><strong>qua:</strong></span> <span class='ocrx_word' id='word_1_180' title='bbox 1446 2382 1498 2437; x_wconf 93' lang='lat' dir='ltr'><strong>in</strong></span> <span class='ocrx_word' id='word_1_181' title='bbox 1530 2381 1804 2453; x_wconf 88' lang='lat' dir='ltr'><strong>Scriptura</strong></span> <span class='ocrx_word' id='word_1_182' title='bbox 1834 2381 2117 2435; x_wconf 88' lang='lat' dir='ltr'><strong>continen-</strong></span> 
     </span>
    </p>
   </div>
   <div class='ocr_carea' id='block_1_24' title="bbox 522 2473 2117 2546">
    <p class='ocr_par' dir='ltr' id='par_1_24' title="bbox 522 2473 2117 2546">
     <span class='ocr_line' id='line_1_24' title="bbox 522 2473 2117 2546; baseline -0.004 -10"><span class='ocrx_word' id='word_1_183' title='bbox 522 2490 626 2536; x_wconf 91' lang='lat' dir='ltr'><strong>tur.</strong></span> <span class='ocrx_word' id='word_1_184' title='bbox 660 2477 792 2534; x_wconf 86' lang='lat' dir='ltr'><strong>Nam</strong></span> <span class='ocrx_word' id='word_1_185' title='bbox 836 2477 1036 2533; x_wconf 91' lang='lat' dir='ltr'><strong>idcirco</strong></span> <span class='ocrx_word' id='word_1_186' title='bbox 1078 2476 1393 2546; x_wconf 88' lang='lat' dir='ltr'><strong>frequenter</strong></span> <span class='ocrx_word' id='word_1_187' title='bbox 1423 2474 1510 2529; x_wconf 90' lang='lat' dir='ltr'><strong>hic</strong></span> <span class='ocrx_word' id='word_1_188' title='bbox 1557 2473 1875 2539; x_wconf 87' lang='lat' dir='ltr'><strong>convenitis,</strong></span> <span class='ocrx_word' id='word_1_189' title='bbox 1923 2483 1979 2528; x_wconf 89' lang='lat' dir='ltr'><strong>et</strong></span> <span class='ocrx_word' id='word_1_190' title='bbox 2017 2488 2117 2529; x_wconf 91' lang='lat' dir='ltr'><strong>nos</strong></span> 
     </span>
    </p>
   </div>
   <div class='ocr_carea' id='block_1_25' title="bbox 522 2567 2116 2636">
    <p class='ocr_par' dir='ltr' id='par_1_25' title="bbox 522 2567 2116 2636">
     <span class='ocr_line' id='line_1_25' title="bbox 522 2567 2116 2636; baseline 0 -13"><span class='ocrx_word' id='word_1_191' title='bbox 522 2570 825 2625; x_wconf 85' lang='lat' dir='ltr'><strong>uberiorem</strong></span> <span class='ocrx_word' id='word_1_192' title='bbox 849 2568 1152 2624; x_wconf 89' lang='lat' dir='ltr'><strong>doctrinam</strong></span> <span class='ocrx_word' id='word_1_193' title='bbox 1179 2567 1659 2632; x_wconf 87' lang='lat' dir='ltr'><strong>communicauius,</strong></span> <span class='ocrx_word' id='word_1_194' title='bbox 1683 2576 1741 2620; x_wconf 91' lang='lat' dir='ltr'><strong>ut</strong></span> <span class='ocrx_word' id='word_1_195' title='bbox 1770 2567 1938 2636; x_wconf 82' lang='lat' dir='ltr'><strong>parati</strong></span> <span class='ocrx_word' id='word_1_196' title='bbox 2000 2567 2116 2624; x_wconf 83' lang='lat' dir='ltr'><strong>sitis</strong></span> 
     </span>
    </p>
   </div>
   <div class='ocr_carea' id='block_1_26' title="bbox 522 2656 2113 2733">
    <p class='ocr_par' dir='ltr' id='par_1_26' title="bbox 522 2656 2113 2733">
     <span class='ocr_line' id='line_1_26' title="bbox 522 2656 2113 2733; baseline -0.001 -17"><span class='ocrx_word' id='word_1_197' title='bbox 522 2662 669 2717; x_wconf 90' lang='lat' dir='ltr'><strong>omni</strong></span> <span class='ocrx_word' id='word_1_198' title='bbox 694 2662 933 2733; x_wconf 90' lang='lat' dir='ltr'><strong>poscenti</strong></span> <span class='ocrx_word' id='word_1_199' title='bbox 964 2676 1061 2716; x_wconf 92' lang='lat' dir='ltr'><strong>vos</strong></span> <span class='ocrx_word' id='word_1_200' title='bbox 1088 2660 1352 2715; x_wconf 84' lang='lat' dir='ltr'><strong>rationem</strong></span> <span class='ocrx_word' id='word_1_201' title='bbox 1385 2657 1615 2714; x_wconf 88' lang='lat' dir='ltr'><strong>reddere</strong></span> <span class='ocrx_word' id='word_1_202' title='bbox 1644 2657 1720 2730; x_wconf 90' lang='grc'><strong>(1.</strong></span> <span class='ocrx_word' id='word_1_203' title='bbox 1756 2656 1873 2712; x_wconf 85' lang='lat' dir='ltr'><strong>Pet.</strong></span> <span class='ocrx_word' id='word_1_204' title='bbox 1906 2658 1960 2714; x_wconf 73' lang='grc' dir='ltr'><strong>ὅ.</strong></span> <span class='ocrx_word' id='word_1_205' title='bbox 2000 2658 2113 2728; x_wconf 85' lang='grc'><strong>15).</strong></span> 
     </span>
    </p>
   </div>
   <div class='ocr_carea' id='block_1_27' title="bbox 522 2748 2119 2825">
    <p class='ocr_par' dir='ltr' id='par_1_27' title="bbox 522 2748 2119 2825">
     <span class='ocr_line' id='line_1_27' title="bbox 522 2748 2119 2825; baseline -0.004 -14"><span class='ocrx_word' id='word_1_206' title='bbox 522 2755 627 2811; x_wconf 90' lang='lat' dir='ltr'><strong>Sed</strong></span> <span class='ocrx_word' id='word_1_207' title='bbox 654 2754 719 2809; x_wconf 91' lang='lat' dir='ltr'><strong>ad</strong></span> <span class='ocrx_word' id='word_1_208' title='bbox 742 2753 1128 2825; x_wconf 84' lang='lat' dir='ltr'><strong>consequentia</strong></span> <span class='ocrx_word' id='word_1_209' title='bbox 1155 2751 1462 2819; x_wconf 89' lang='lat' dir='ltr'><strong>redeamus,</strong></span> <span class='ocrx_word' id='word_1_210' title='bbox 1495 2750 1537 2805; x_wconf 92' lang='lat' dir='ltr'><strong>si</strong></span> <span class='ocrx_word' id='word_1_211' title='bbox 1569 2749 1760 2819; x_wconf 87' lang='lat' dir='ltr'><strong>placet.</strong></span> <span class='ocrx_word' id='word_1_212' title='bbox 1798 2748 1855 2805; x_wconf 92' lang='lat'><strong>8.</strong></span> <span class='ocrx_word' id='word_1_213' title='bbox 1883 2748 1948 2803; x_wconf 83' lang='lat' dir='ltr'><strong>Et</strong></span> <span class='ocrx_word' id='word_1_214' title='bbox 1977 2764 2119 2805; x_wconf 72' lang='lat' dir='ltr'><strong>voca-</strong></span> 
     </span>
    </p>
   </div>
   <div class='ocr_carea' id='block_1_28' title="bbox 521 2836 2114 2921">
    <p class='ocr_par' dir='ltr' id='par_1_28' title="bbox 521 2836 2114 2921">
     <span class='ocr_line' id='line_1_28' title="bbox 521 2836 2114 2921; baseline -0.004 -20"><span class='ocrx_word' id='word_1_215' title='bbox 521 2849 609 2911; x_wconf 84' lang='lat' dir='ltr'><strong>vit,</strong></span> <span class='ocrx_word' id='word_1_216' title='bbox 650 2845 764 2912; x_wconf 89' lang='lat' dir='ltr'><strong>ait,</strong></span> <span class='ocrx_word' id='word_1_217' title='bbox 804 2843 956 2921; x_wconf 36' lang='lat' dir='ltr'><strong>.Deus</strong></span> <span class='ocrx_word' id='word_1_218' title='bbox 1003 2844 1380 2915; x_wconf 84' lang='lat' dir='ltr'><strong>ﬁrmamentum</strong></span> <span class='ocrx_word' id='word_1_219' title='bbox 1429 2840 1631 2895; x_wconf 61' lang='lat' dir='ltr'><strong>caelum.</strong></span> <span class='ocrx_word' id='word_1_220' title='bbox 1667 2838 1737 2894; x_wconf 87' lang='lat' dir='ltr'><strong>Et</strong></span> <span class='ocrx_word' id='word_1_221' title='bbox 1785 2840 1911 2894; x_wconf 82' lang='lat' dir='ltr'><strong>vidit</strong></span> <span class='ocrx_word' id='word_1_222' title='bbox 1949 2836 2114 2906; x_wconf 86' lang='lat' dir='ltr'><strong>Deus,</strong></span> 
     </span>
    </p>
   </div>
   <div class='ocr_carea' id='block_1_29' title="bbox 519 2931 2118 3007">
    <p class='ocr_par' dir='ltr' id='par_1_29' title="bbox 519 2931 2118 3007">
     <span class='ocr_line' id='line_1_29' title="bbox 519 2931 2118 3007; baseline -0.004 -14"><span class='ocrx_word' id='word_1_223' title='bbox 519 2938 657 3007; x_wconf 84' lang='lat' dir='ltr'><strong>quod</strong></span> <span class='ocrx_word' id='word_1_224' title='bbox 681 2946 804 2993; x_wconf 89' lang='lat' dir='ltr'><strong>esset</strong></span> <span class='ocrx_word' id='word_1_225' title='bbox 834 2938 1040 2991; x_wconf 85' lang='lat' dir='ltr'><strong>bonum.</strong></span> <span class='ocrx_word' id='word_1_226' title='bbox 1070 2934 1305 2991; x_wconf 84' lang='lat' dir='ltr'><strong>Attende</strong></span> <span class='ocrx_word' id='word_1_227' title='bbox 1324 2941 1583 3005; x_wconf 89' lang='lat' dir='ltr'><strong>quantum</strong></span> <span class='ocrx_word' id='word_1_228' title='bbox 1611 2931 1693 2986; x_wconf 90' lang='lat' dir='ltr'><strong>his</strong></span> <span class='ocrx_word' id='word_1_229' title='bbox 1721 2932 1899 2987; x_wconf 87' lang='lat' dir='ltr'><strong>verbis</strong></span> <span class='ocrx_word' id='word_1_230' title='bbox 1929 2931 2118 2987; x_wconf 85' lang='lat' dir='ltr'><strong>huma-</strong></span> 
     </span>
    </p>
   </div>
   <div class='ocr_carea' id='block_1_30' title="bbox 524 3023 2114 3098">
    <p class='ocr_par' dir='ltr' id='par_1_30' title="bbox 524 3023 2114 3098">
     <span class='ocr_line' id='line_1_30' title="bbox 524 3023 2114 3098; baseline -0.003 -13"><span class='ocrx_word' id='word_1_231' title='bbox 524 3048 605 3085; x_wconf 73' lang='lat' dir='ltr'><strong>nae</strong></span> <span class='ocrx_word' id='word_1_232' title='bbox 631 3045 694 3085; x_wconf 84' lang='lat' dir='ltr'><strong>se</strong></span> <span class='ocrx_word' id='word_1_233' title='bbox 712 3037 1031 3098; x_wconf 87' lang='lat' dir='ltr'><strong>atlempcret</strong></span> <span class='ocrx_word' id='word_1_234' title='bbox 1053 3026 1369 3082; x_wconf 89' lang='lat' dir='ltr'><strong>inﬁrmitati.</strong></span> <span class='ocrx_word' id='word_1_235' title='bbox 1393 3025 1527 3081; x_wconf 83' lang='lat' dir='ltr'><strong>Nam</strong></span> <span class='ocrx_word' id='word_1_236' title='bbox 1557 3026 1696 3080; x_wconf 86' lang='lat' dir='ltr'><strong>sicut</strong></span> <span class='ocrx_word' id='word_1_237' title='bbox 1718 3023 1785 3080; x_wconf 91' lang='lat' dir='ltr'><strong>de</strong></span> <span class='ocrx_word' id='word_1_238' title='bbox 1811 3024 1932 3079; x_wconf 87' lang='lat' dir='ltr'><strong>luce</strong></span> <span class='ocrx_word' id='word_1_239' title='bbox 1952 3024 2114 3080; x_wconf 79' lang='lat' dir='ltr'><strong>dixit:</strong></span> 
     </span>
    </p>
   </div>
   <div class='ocr_carea' id='block_1_31' title="bbox 535 3116 2118 3191">
    <p class='ocr_par' dir='ltr' id='par_1_31' title="bbox 535 3116 2118 3191">
     <span class='ocr_line' id='line_1_31' title="bbox 535 3116 2118 3191; baseline 0 -17"><span class='ocrx_word' id='word_1_240' title='bbox 535 3120 672 3174; x_wconf 83' lang='lat' dir='ltr'><strong>Vidit</strong></span> <span class='ocrx_word' id='word_1_241' title='bbox 700 3120 838 3191; x_wconf 75' lang='lat' dir='ltr'><strong>quod</strong></span> <span class='ocrx_word' id='word_1_242' title='bbox 862 3128 990 3174; x_wconf 84' lang='lat' dir='ltr'><strong>esset</strong></span> <span class='ocrx_word' id='word_1_243' title='bbox 1015 3117 1148 3174; x_wconf 84' lang='lat' dir='ltr'><strong>bona</strong></span> <span class='ocrx_word' id='word_1_244' title='bbox 1177 3133 1197 3173; x_wconf 90' lang='lat'><strong><em>:</em></strong></span> <span class='ocrx_word' id='word_1_245' title='bbox 1222 3118 1292 3172; x_wconf 91' lang='lat' dir='ltr'><strong>ita</strong></span> <span class='ocrx_word' id='word_1_246' title='bbox 1332 3125 1387 3172; x_wconf 91' lang='lat' dir='ltr'><strong>et</strong></span> <span class='ocrx_word' id='word_1_247' title='bbox 1416 3133 1559 3172; x_wconf 88' lang='lat' dir='ltr'><strong>nunc</strong></span> <span class='ocrx_word' id='word_1_248' title='bbox 1585 3116 1655 3173; x_wconf 90' lang='lat' dir='ltr'><strong>de</strong></span> <span class='ocrx_word' id='word_1_249' title='bbox 1678 3116 1811 3173; x_wconf 66' lang='lat' dir='ltr'><strong>caelo</strong></span> <span class='ocrx_word' id='word_1_250' title='bbox 1833 3116 1986 3185; x_wconf 90' lang='lat' dir='ltr'><strong>dicit,</strong></span> <span class='ocrx_word' id='word_1_251' title='bbox 2013 3116 2118 3174; x_wconf 89' lang='lat' dir='ltr'><strong>hoc</strong></span> 
     </span>
    </p>
   </div>
   <div class='ocr_carea' id='block_1_32' title="bbox 520 3209 2118 3281">
    <p class='ocr_par' dir='ltr' id='par_1_32' title="bbox 520 3209 2118 3281">
     <span class='ocr_line' id='line_1_32' title="bbox 520 3209 2118 3281; baseline -0.001 -14"><span class='ocrx_word' id='word_1_252' title='bbox 520 3222 625 3279; x_wconf 88' lang='lat' dir='ltr'><strong>cst,</strong></span> <span class='ocrx_word' id='word_1_253' title='bbox 655 3211 724 3267; x_wconf 91' lang='lat' dir='ltr'><strong>de</strong></span> <span class='ocrx_word' id='word_1_254' title='bbox 745 3211 1081 3266; x_wconf 88' lang='lat' dir='ltr'><strong>ﬁrmamento</strong></span> <span class='ocrx_word' id='word_1_255' title='bbox 1108 3228 1122 3264; x_wconf 91' lang='lat'><strong>:</strong></span> <span class='ocrx_word' id='word_1_256' title='bbox 1153 3210 1222 3265; x_wconf 87' lang='lat' dir='ltr'><strong>Et</strong></span> <span class='ocrx_word' id='word_1_257' title='bbox 1248 3211 1392 3274; x_wconf 84' lang='lat' dir='ltr'><strong>vidit,</strong></span> <span class='ocrx_word' id='word_1_258' title='bbox 1428 3210 1620 3281; x_wconf 89' lang='lat' dir='ltr'><strong>inquit,</strong></span> <span class='ocrx_word' id='word_1_259' title='bbox 1651 3209 1809 3276; x_wconf 88' lang='lat' dir='ltr'><strong>Deus,</strong></span> <span class='ocrx_word' id='word_1_260' title='bbox 1827 3210 1965 3281; x_wconf 83' lang='lat' dir='ltr'><strong>quod</strong></span> <span class='ocrx_word' id='word_1_261' title='bbox 1993 3220 2118 3268; x_wconf 89' lang='lat' dir='ltr'><strong>esset</strong></span> 
     </span>
    </p>
   </div>
   <div class='ocr_carea' id='block_1_33' title="bbox 520 3302 2117 3373">
    <p class='ocr_par' dir='ltr' id='par_1_33' title="bbox 520 3302 2117 3373">
     <span class='ocr_line' id='line_1_33' title="bbox 520 3302 2117 3373; baseline 0.001 -15"><span class='ocrx_word' id='word_1_262' title='bbox 520 3305 704 3359; x_wconf 85' lang='lat' dir='ltr'><strong>bonum</strong></span> <span class='ocrx_word' id='word_1_263' title='bbox 726 3320 747 3359; x_wconf 88' lang='lat'><strong><em>:</em></strong></span> <span class='ocrx_word' id='word_1_264' title='bbox 767 3303 967 3359; x_wconf 89' lang='lat' dir='ltr'><strong>docens</strong></span> <span class='ocrx_word' id='word_1_265' title='bbox 985 3318 1086 3359; x_wconf 89' lang='lat' dir='ltr'><strong>nos</strong></span> <span class='ocrx_word' id='word_1_266' title='bbox 1117 3318 1212 3373; x_wconf 90' lang='lat' dir='ltr'><strong>per</strong></span> <span class='ocrx_word' id='word_1_267' title='bbox 1238 3303 1380 3358; x_wconf 86' lang='lat' dir='ltr'><strong>istud</strong></span> <span class='ocrx_word' id='word_1_268' title='bbox 1409 3303 1725 3358; x_wconf 89' lang='lat' dir='ltr'><strong>immensam</strong></span> <span class='ocrx_word' id='word_1_269' title='bbox 1758 3302 2117 3373; x_wconf 78' lang='lat' dir='ltr'><strong>pulchritudi-</strong></span> 
     </span>
    </p>
   </div>
   <div class='ocr_carea' id='block_1_34' title="bbox 522 3393 2118 3465">
    <p class='ocr_par' dir='ltr' id='par_1_34' title="bbox 522 3393 2118 3465">
     <span class='ocr_line' id='line_1_34' title="bbox 522 3393 2118 3465; baseline -0.001 -15"><span class='ocrx_word' id='word_1_270' title='bbox 522 3410 643 3450; x_wconf 88' lang='lat' dir='ltr'><strong>nem</strong></span> <span class='ocrx_word' id='word_1_271' title='bbox 671 3395 808 3465; x_wconf 84' lang='lat' dir='ltr'><strong>ejus.</strong></span> <span class='ocrx_word' id='word_1_272' title='bbox 840 3393 971 3461; x_wconf 87' lang='lat' dir='ltr'><strong>Quis</strong></span> <span class='ocrx_word' id='word_1_273' title='bbox 998 3395 1143 3451; x_wconf 90' lang='lat' dir='ltr'><strong>cnim</strong></span> <span class='ocrx_word' id='word_1_274' title='bbox 1176 3409 1283 3450; x_wconf 91' lang='lat' dir='ltr'><strong>non</strong></span> <span class='ocrx_word' id='word_1_275' title='bbox 1311 3394 1719 3464; x_wconf 82' lang='lat' dir='ltr'><strong>obstupesceret</strong></span> <span class='ocrx_word' id='word_1_276' title='bbox 1752 3404 1915 3465; x_wconf 89' lang='lat' dir='ltr'><strong>atque</strong></span> <span class='ocrx_word' id='word_1_277' title='bbox 1943 3394 2118 3449; x_wconf 85' lang='lat' dir='ltr'><strong>admi-</strong></span> 
     </span>
    </p>
   </div>
   <div class='ocr_carea' id='block_1_35' title="bbox 521 3485 2117 3558">
    <p class='ocr_par' dir='ltr' id='par_1_35' title="bbox 521 3485 2117 3558">
     <span class='ocr_line' id='line_1_35' title="bbox 521 3485 2117 3558; baseline -0.001 -16"><span class='ocrx_word' id='word_1_278' title='bbox 521 3496 730 3542; x_wconf 66' lang='lat' dir='ltr'><strong>raretur</strong></span> <span class='ocrx_word' id='word_1_279' title='bbox 748 3485 891 3558; x_wconf 92' lang='lat' dir='ltr'><strong>quod</strong></span> <span class='ocrx_word' id='word_1_280' title='bbox 926 3486 1324 3541; x_wconf 90' lang='lat' dir='ltr'><strong>ﬁrmamentum</strong></span> <span class='ocrx_word' id='word_1_281' title='bbox 1371 3493 1521 3540; x_wconf 88' lang='lat' dir='ltr'><strong>tanto</strong></span> <span class='ocrx_word' id='word_1_282' title='bbox 1562 3493 1807 3556; x_wconf 89' lang='lat' dir='ltr'><strong>tempore</strong></span> <span class='ocrx_word' id='word_1_283' title='bbox 1847 3485 2117 3557; x_wconf 91' lang='lat' dir='ltr'><strong>vigentem</strong></span> 
     </span>
    </p>
   </div>
   <div class='ocr_carea' id='block_1_36' title="bbox 520 3574 2121 3648">
    <p class='ocr_par' dir='ltr' id='par_1_36' title="bbox 520 3574 2121 3648">
     <span class='ocr_line' id='line_1_36' title="bbox 520 3574 2121 3648; baseline 0.001 -17"><span class='ocrx_word' id='word_1_284' title='bbox 520 3585 701 3633; x_wconf 84' lang='lat' dir='ltr'><strong>servet</strong></span> <span class='ocrx_word' id='word_1_285' title='bbox 726 3576 1202 3647; x_wconf 87' lang='lat' dir='ltr'><strong>pulchritudinem,</strong></span> <span class='ocrx_word' id='word_1_286' title='bbox 1243 3583 1298 3630; x_wconf 91' lang='lat' dir='ltr'><strong>et</strong></span> <span class='ocrx_word' id='word_1_287' title='bbox 1323 3574 1465 3645; x_wconf 87' lang='lat' dir='ltr'><strong>quod</strong></span> <span class='ocrx_word' id='word_1_288' title='bbox 1491 3585 1748 3645; x_wconf 89' lang='lat' dir='ltr'><strong>quantum</strong></span> <span class='ocrx_word' id='word_1_289' title='bbox 1777 3576 2121 3648; x_wconf 83' lang='lat' dir='ltr'><strong>progreditur</strong></span> 
     </span>
    </p>
   </div>
   <div class='ocr_carea' id='block_1_37' title="bbox 523 3666 2117 3740">
    <p class='ocr_par' dir='ltr' id='par_1_37' title="bbox 523 3666 2117 3740">
     <span class='ocr_line' id='line_1_37' title="bbox 523 3666 2117 3740; baseline 0 -17"><span class='ocrx_word' id='word_1_290' title='bbox 523 3677 756 3740; x_wconf 87' lang='lat' dir='ltr'><strong>tempus,</strong></span> <span class='ocrx_word' id='word_1_291' title='bbox 785 3677 992 3723; x_wconf 89' lang='lat' dir='ltr'><strong>tantum</strong></span> <span class='ocrx_word' id='word_1_292' title='bbox 1019 3677 1279 3738; x_wconf 86' lang='lat' dir='ltr'><strong>augeatur</strong></span> <span class='ocrx_word' id='word_1_293' title='bbox 1306 3676 1362 3722; x_wconf 92' lang='lat' dir='ltr'><strong>et</strong></span> <span class='ocrx_word' id='word_1_294' title='bbox 1397 3666 1780 3737; x_wconf 79' lang='lat' dir='ltr'><strong>pulchritudo?</strong></span> <span class='ocrx_word' id='word_1_295' title='bbox 1809 3668 1947 3736; x_wconf 86' lang='lat' dir='ltr'><strong>Quid</strong></span> <span class='ocrx_word' id='word_1_296' title='bbox 1972 3670 2117 3725; x_wconf 89' lang='lat' dir='ltr'><strong>enim</strong></span> 
     </span>
    </p>
   </div>
   <div class='ocr_carea' id='block_1_38' title="bbox 522 3754 2120 3831">
    <p class='ocr_par' dir='ltr' id='par_1_38' title="bbox 522 3754 2120 3831">
     <span class='ocr_line' id='line_1_38' title="bbox 522 3754 2120 3831; baseline 0.001 -17"><span class='ocrx_word' id='word_1_297' title='bbox 522 3760 819 3826; x_wconf 75' lang='lat' dir='ltr'><strong>Speciosius</strong></span> <span class='ocrx_word' id='word_1_298' title='bbox 841 3773 928 3824; x_wconf 91' lang='lat' dir='ltr'><strong>eo,</strong></span> <span class='ocrx_word' id='word_1_299' title='bbox 952 3759 1095 3830; x_wconf 91' lang='lat' dir='ltr'><strong>quod</strong></span> <span class='ocrx_word' id='word_1_300' title='bbox 1121 3754 1330 3814; x_wconf 90' lang='lat' dir='ltr'><strong>Iaudem</strong></span> <span class='ocrx_word' id='word_1_301' title='bbox 1357 3760 1423 3813; x_wconf 87' lang='lat' dir='ltr'><strong>ab</strong></span> <span class='ocrx_word' id='word_1_302' title='bbox 1466 3760 1582 3830; x_wconf 88' lang='lat' dir='ltr'><strong>ipso</strong></span> <span class='ocrx_word' id='word_1_303' title='bbox 1621 3758 1828 3830; x_wconf 90' lang='lat' dir='ltr'><strong>Opiﬁce</strong></span> <span class='ocrx_word' id='word_1_304' title='bbox 1873 3760 2120 3831; x_wconf 89' lang='lat' dir='ltr'><strong>accepit?</strong></span> 
     </span>
    </p>
   </div>
   <div class='ocr_carea' id='block_1_39' title="bbox 524 3851 2119 3921">
    <p class='ocr_par' dir='ltr' id='par_1_39' title="bbox 524 3851 2119 3921">
     <span class='ocr_line' id='line_1_39' title="bbox 524 3851 2119 3921; baseline 0.001 -14"><span class='ocrx_word' id='word_1_305' title='bbox 524 3851 656 3907; x_wconf 84' lang='lat' dir='ltr'><strong>Nam</strong></span> <span class='ocrx_word' id='word_1_306' title='bbox 687 3852 730 3907; x_wconf 92' lang='lat' dir='ltr'><strong>si</strong></span> <span class='ocrx_word' id='word_1_307' title='bbox 760 3866 863 3908; x_wconf 90' lang='lat' dir='ltr'><strong>nos</strong></span> <span class='ocrx_word' id='word_1_308' title='bbox 890 3851 1125 3907; x_wconf 81' lang='lat' dir='ltr'><strong>hominis</strong></span> <span class='ocrx_word' id='word_1_309' title='bbox 1151 3866 1289 3921; x_wconf 90' lang='lat' dir='ltr'><strong>opus</strong></span> <span class='ocrx_word' id='word_1_310' title='bbox 1314 3851 1562 3906; x_wconf 86' lang='lat' dir='ltr'><strong>videntes</strong></span> <span class='ocrx_word' id='word_1_311' title='bbox 1582 3852 1911 3921; x_wconf 88' lang='lat' dir='ltr'><strong>absolutum,</strong></span> <span class='ocrx_word' id='word_1_312' title='bbox 1941 3853 2119 3909; x_wconf 87' lang='lat' dir='ltr'><strong>admi-</strong></span> 
     </span>
    </p>
   </div>
   <div class='ocr_carea' id='block_1_40' title="bbox 524 3941 2118 4016">
    <p class='ocr_par' dir='ltr' id='par_1_40' title="bbox 524 3941 2118 4016">
     <span class='ocr_line' id='line_1_40' title="bbox 524 3941 2118 4016; baseline 0.001 -18"><span class='ocrx_word' id='word_1_313' title='bbox 524 3959 706 3999; x_wconf 81' lang='lat' dir='ltr'><strong>rantur</strong></span> <span class='ocrx_word' id='word_1_314' title='bbox 723 3946 965 4016; x_wconf 83' lang='lat' dir='ltr'><strong>ﬁguram,</strong></span> <span class='ocrx_word' id='word_1_315' title='bbox 988 3942 1171 4008; x_wconf 90' lang='lat' dir='ltr'><strong>situm,</strong></span> <span class='ocrx_word' id='word_1_316' title='bbox 1197 3941 1670 4013; x_wconf 87' lang='lat' dir='ltr'><strong>pulchritudinem,</strong></span> <span class='ocrx_word' id='word_1_317' title='bbox 1692 3945 2118 4014; x_wconf 77' lang='lat' dir='ltr'><strong>proportionem,</strong></span> 
     </span>
    </p>
   </div>
   <div class='ocr_carea' id='block_1_41' title="bbox 523 4034 2121 4108">
    <p class='ocr_par' dir='ltr' id='par_1_41' title="bbox 523 4034 2121 4108">
     <span class='ocr_line' id='line_1_41' title="bbox 523 4034 2121 4108; baseline -0.001 -15"><span class='ocrx_word' id='word_1_318' title='bbox 523 4038 865 4108; x_wconf 85' lang='lat' dir='ltr'><strong>elegantiam,</strong></span> <span class='ocrx_word' id='word_1_319' title='bbox 908 4036 1122 4107; x_wconf 91' lang='lat' dir='ltr'><strong>aliaque</strong></span> <span class='ocrx_word' id='word_1_320' title='bbox 1150 4035 1331 4092; x_wconf 89' lang='lat' dir='ltr'><strong>omnia</strong></span> <span class='ocrx_word' id='word_1_321' title='bbox 1360 4051 1374 4090; x_wconf 90' lang='lat'><strong>:</strong></span> <span class='ocrx_word' id='word_1_322' title='bbox 1403 4034 1546 4106; x_wconf 93' lang='lat' dir='ltr'><strong>quod</strong></span> <span class='ocrx_word' id='word_1_323' title='bbox 1588 4034 1789 4090; x_wconf 89' lang='lat' dir='ltr'><strong>factum</strong></span> <span class='ocrx_word' id='word_1_324' title='bbox 1831 4043 1916 4091; x_wconf 76' lang='lat' dir='ltr'><strong>est</strong></span> <span class='ocrx_word' id='word_1_325' title='bbox 1949 4051 1980 4091; x_wconf 89' lang='lat' dir='ltr'><strong>a</strong></span> <span class='ocrx_word' id='word_1_326' title='bbox 2008 4036 2121 4092; x_wconf 90' lang='lat' dir='ltr'><strong>Deo</strong></span> 
     </span>
    </p>
   </div>
   <div class='ocr_carea' id='block_1_42' title="bbox 523 4126 2121 4200">
    <p class='ocr_par' dir='ltr' id='par_1_42' title="bbox 523 4126 2121 4200">
     <span class='ocr_line' id='line_1_42' title="bbox 523 4126 2121 4200; baseline 0.001 -17"><span class='ocrx_word' id='word_1_327' title='bbox 523 4129 644 4199; x_wconf 90' lang='lat' dir='ltr'><strong>quis</strong></span> <span class='ocrx_word' id='word_1_328' title='bbox 668 4128 830 4200; x_wconf 89' lang='lat' dir='ltr'><strong>digne</strong></span> <span class='ocrx_word' id='word_1_329' title='bbox 860 4127 1109 4194; x_wconf 90' lang='lat' dir='ltr'><strong>laudarit,</strong></span> <span class='ocrx_word' id='word_1_330' title='bbox 1143 4126 1445 4198; x_wconf 70' lang='lat' dir='ltr'><strong>praesertim</strong></span> <span class='ocrx_word' id='word_1_331' title='bbox 1480 4142 1604 4181; x_wconf 90' lang='lat' dir='ltr'><strong>cum</strong></span> <span class='ocrx_word' id='word_1_332' title='bbox 1645 4126 1715 4182; x_wconf 85' lang='lat' dir='ltr'><strong>ab</strong></span> <span class='ocrx_word' id='word_1_333' title='bbox 1747 4127 1863 4198; x_wconf 90' lang='lat' dir='ltr'><strong>ipso</strong></span> <span class='ocrx_word' id='word_1_334' title='bbox 1892 4127 2121 4184; x_wconf 90' lang='lat' dir='ltr'><strong>Domino</strong></span> 
     </span>
    </p>
   </div>
   <div class='ocr_carea' id='block_1_43' title="bbox 526 4216 2118 4288">
    <p class='ocr_par' dir='ltr' id='par_1_43' title="bbox 526 4216 2118 4288">
     <span class='ocr_line' id='line_1_43' title="bbox 526 4216 2118 4288; baseline 0.002 -14"><span class='ocrx_word' id='word_1_335' title='bbox 526 4220 738 4275; x_wconf 85' lang='lat' dir='ltr'><strong>laudem</strong></span> <span class='ocrx_word' id='word_1_336' title='bbox 785 4218 1026 4288; x_wconf 84' lang='lat' dir='ltr'><strong>accepit?</strong></span> <span class='ocrx_word' id='word_1_337' title='bbox 1062 4218 1189 4272; x_wconf 65' lang='lat' dir='ltr'><strong>Haec</strong></span> <span class='ocrx_word' id='word_1_338' title='bbox 1214 4217 1357 4271; x_wconf 89' lang='lat' dir='ltr'><strong>enim</strong></span> <span class='ocrx_word' id='word_1_339' title='bbox 1386 4216 1527 4273; x_wconf 91' lang='lat' dir='ltr'><strong>dicta</strong></span> <span class='ocrx_word' id='word_1_340' title='bbox 1569 4216 1643 4272; x_wconf 86' lang='lat' dir='ltr'><strong>ita</strong></span> <span class='ocrx_word' id='word_1_341' title='bbox 1672 4227 1820 4287; x_wconf 88' lang='lat' dir='ltr'><strong>sunt,</strong></span> <span class='ocrx_word' id='word_1_342' title='bbox 1862 4227 1921 4274; x_wconf 92' lang='lat' dir='ltr'><strong>ut</strong></span> <span class='ocrx_word' id='word_1_343' title='bbox 1949 4234 2009 4277; x_wconf 89' lang='lat' dir='ltr'><strong>se</strong></span> <span class='ocrx_word' id='word_1_344' title='bbox 2033 4231 2118 4277; x_wconf 92' lang='lat' dir='ltr'><strong>at-</strong></span> 
     </span>
    </p>
   </div>
   <div class='ocr_carea' id='block_1_44' title="bbox 529 4305 2122 4383">
    <p class='ocr_par' dir='ltr' id='par_1_44' title="bbox 529 4305 2122 4383">
     <span class='ocr_line' id='line_1_44' title="bbox 529 4305 2122 4383; baseline 0.004 -20"><span class='ocrx_word' id='word_1_345' title='bbox 529 4316 855 4378; x_wconf 89' lang='lat' dir='ltr'><strong>temperaret</strong></span> <span class='ocrx_word' id='word_1_346' title='bbox 905 4315 1106 4363; x_wconf 73' lang='lat' dir='ltr'><strong>nostrae</strong></span> <span class='ocrx_word' id='word_1_347' title='bbox 1151 4306 1456 4377; x_wconf 84' lang='lat' dir='ltr'><strong>fragilitati,</strong></span> <span class='ocrx_word' id='word_1_348' title='bbox 1512 4305 1828 4379; x_wconf 89' lang='lat' dir='ltr'><strong>videbisque</strong></span> <span class='ocrx_word' id='word_1_349' title='bbox 1878 4309 1982 4367; x_wconf 91' lang='lat' dir='ltr'><strong>hoc</strong></span> <span class='ocrx_word' id='word_1_350' title='bbox 2027 4327 2122 4383; x_wconf 90' lang='lat' dir='ltr'><strong>per</strong></span> 
     </span>
    </p>
   </div>
   <div class='ocr_carea' id='block_1_45' title="bbox 528 4396 2122 4470">
    <p class='ocr_par' dir='ltr' id='par_1_45' title="bbox 528 4396 2122 4470">
     <span class='ocr_line' id='line_1_45' title="bbox 528 4396 2122 4470; baseline 0.005 -17"><span class='ocrx_word' id='word_1_351' title='bbox 528 4399 766 4470; x_wconf 85' lang='lat' dir='ltr'><strong>singulas</strong></span> <span class='ocrx_word' id='word_1_352' title='bbox 806 4406 1081 4454; x_wconf 86' lang='lat' dir='ltr'><strong>creaturas</strong></span> <span class='ocrx_word' id='word_1_353' title='bbox 1104 4396 1233 4465; x_wconf 90' lang='lat' dir='ltr'><strong>dici,</strong></span> <span class='ocrx_word' id='word_1_354' title='bbox 1275 4407 1332 4453; x_wconf 92' lang='lat' dir='ltr'><strong>ct</strong></span> <span class='ocrx_word' id='word_1_355' title='bbox 1375 4397 1445 4452; x_wconf 89' lang='lat' dir='ltr'><strong>ita</strong></span> <span class='ocrx_word' id='word_1_356' title='bbox 1486 4397 1670 4455; x_wconf 84' lang='lat' dir='ltr'><strong>multis</strong></span> <span class='ocrx_word' id='word_1_357' title='bbox 1708 4409 1866 4456; x_wconf 87' lang='lat' dir='ltr'><strong>antea</strong></span> <span class='ocrx_word' id='word_1_358' title='bbox 1905 4404 2122 4462; x_wconf 68' lang='lat' dir='ltr'><strong>saeculis</strong></span> 
     </span>
    </p>
   </div>
   <div class='ocr_carea' id='block_1_46' title="bbox 529 4489 2119 4563">
    <p class='ocr_par' dir='ltr' id='par_1_46' title="bbox 529 4489 2119 4563">
     <span class='ocr_line' id='line_1_46' title="bbox 529 4489 2119 4563; baseline 0.004 -17"><span class='ocrx_word' id='word_1_359' title='bbox 529 4490 796 4563; x_wconf 63' lang='lat' dir='ltr'><strong>proﬂigari</strong></span> <span class='ocrx_word' id='word_1_360' title='bbox 831 4505 1019 4548; x_wconf 90' lang='lat' dir='ltr'><strong>ausum</strong></span> <span class='ocrx_word' id='word_1_361' title='bbox 1067 4506 1277 4557; x_wconf 90' lang='lat' dir='ltr'><strong>eorum,</strong></span> <span class='ocrx_word' id='word_1_362' title='bbox 1321 4490 1410 4561; x_wconf 91' lang='lat' dir='ltr'><strong>qui</strong></span> <span class='ocrx_word' id='word_1_363' title='bbox 1441 4489 1673 4562; x_wconf 84' lang='lat' dir='ltr'><strong>linguam</strong></span> <span class='ocrx_word' id='word_1_364' title='bbox 1703 4506 1855 4548; x_wconf 89' lang='lat' dir='ltr'><strong>suam</strong></span> <span class='ocrx_word' id='word_1_365' title='bbox 1912 4498 2119 4553; x_wconf 89' lang='lat' dir='ltr'><strong>acuturi</strong></span> 
     </span>
    </p>
   </div>
   <div class='ocr_carea' id='block_1_47' title="bbox 526 4584 2121 4656">
    <p class='ocr_par' dir='ltr' id='par_1_47' title="bbox 526 4584 2121 4656">
     <span class='ocr_line' id='line_1_47' title="bbox 526 4584 2121 4656; baseline 0.003 -15"><span class='ocrx_word' id='word_1_366' title='bbox 526 4596 679 4641; x_wconf 87' lang='lat' dir='ltr'><strong>erant</strong></span> <span class='ocrx_word' id='word_1_367' title='bbox 709 4594 894 4641; x_wconf 88' lang='lat' dir='ltr'><strong>contra</strong></span> <span class='ocrx_word' id='word_1_368' title='bbox 923 4584 1190 4656; x_wconf 90' lang='lat' dir='ltr'><strong>opiﬁcium</strong></span> <span class='ocrx_word' id='word_1_369' title='bbox 1219 4584 1335 4652; x_wconf 89' lang='lat' dir='ltr'><strong>Dei,</strong></span> <span class='ocrx_word' id='word_1_370' title='bbox 1370 4592 1425 4639; x_wconf 88' lang='lat' dir='ltr'><strong>ct</strong></span> <span class='ocrx_word' id='word_1_371' title='bbox 1447 4584 1643 4641; x_wconf 90' lang='lat' dir='ltr'><strong>dicturi</strong></span> <span class='ocrx_word' id='word_1_372' title='bbox 1668 4603 1683 4640; x_wconf 93' lang='lat'><strong>:</strong></span> <span class='ocrx_word' id='word_1_373' title='bbox 1715 4586 1894 4654; x_wconf 85' lang='lat' dir='ltr'><strong>Quare</strong></span> <span class='ocrx_word' id='word_1_374' title='bbox 1936 4589 2039 4645; x_wconf 91' lang='lat' dir='ltr'><strong>hoc</strong></span> <span class='ocrx_word' id='word_1_375' title='bbox 2066 4599 2121 4647; x_wconf 89' lang='lat' dir='ltr'><strong>et</strong></span> 
     </span>
    </p>
   </div>
   <div class='ocr_carea' id='block_1_48' title="bbox 527 4677 2115 4751">
    <p class='ocr_par' dir='ltr' id='par_1_48' title="bbox 527 4677 2115 4751">
     <span class='ocr_line' id='line_1_48' title="bbox 527 4677 2115 4751; baseline 0.001 -16"><span class='ocrx_word' id='word_1_376' title='bbox 527 4680 630 4735; x_wconf 91' lang='lat' dir='ltr'><strong>hoc</strong></span> <span class='ocrx_word' id='word_1_377' title='bbox 656 4678 847 4735; x_wconf 88' lang='lat' dir='ltr'><strong>factum</strong></span> <span class='ocrx_word' id='word_1_378' title='bbox 874 4679 992 4734; x_wconf 89' lang='lat' dir='ltr'><strong>est?</strong></span> <span class='ocrx_word' id='word_1_379' title='bbox 1016 4677 1165 4733; x_wconf 88' lang='lat' dir='ltr'><strong>Talia</strong></span> <span class='ocrx_word' id='word_1_380' title='bbox 1197 4677 1360 4748; x_wconf 86' lang='lat' dir='ltr'><strong>igitur</strong></span> <span class='ocrx_word' id='word_1_381' title='bbox 1377 4677 1614 4733; x_wconf 89' lang='lat' dir='ltr'><strong>dicturos</strong></span> <span class='ocrx_word' id='word_1_382' title='bbox 1639 4685 1765 4734; x_wconf 88' lang='lat' dir='ltr'><strong>ante</strong></span> <span class='ocrx_word' id='word_1_383' title='bbox 1789 4682 2115 4751; x_wconf 86' lang='lat' dir='ltr'><strong>comprimit,</strong></span> 
     </span>
    </p>
   </div>
   <div class='ocr_carea' id='block_1_49' title="bbox 522 4769 2118 4841">
    <p class='ocr_par' dir='ltr' id='par_1_49' title="bbox 522 4769 2118 4841">
     <span class='ocr_line' id='line_1_49' title="bbox 522 4769 2118 4841; baseline 0 -12"><span class='ocrx_word' id='word_1_384' title='bbox 522 4773 748 4829; x_wconf 88' lang='lat' dir='ltr'><strong>dicens:</strong></span> <span class='ocrx_word' id='word_1_385' title='bbox 772 4769 839 4825; x_wconf 86' lang='lat' dir='ltr'><strong>Et</strong></span> <span class='ocrx_word' id='word_1_386' title='bbox 864 4771 989 4825; x_wconf 77' lang='lat' dir='ltr'><strong>vidit</strong></span> <span class='ocrx_word' id='word_1_387' title='bbox 1023 4770 1163 4825; x_wconf 88' lang='lat' dir='ltr'><strong>Deus</strong></span> <span class='ocrx_word' id='word_1_388' title='bbox 1185 4769 1320 4841; x_wconf 86' lang='lat' dir='ltr'><strong>quod</strong></span> <span class='ocrx_word' id='word_1_389' title='bbox 1344 4777 1471 4824; x_wconf 87' lang='lat' dir='ltr'><strong>esset</strong></span> <span class='ocrx_word' id='word_1_390' title='bbox 1511 4770 1717 4825; x_wconf 84' lang='lat' dir='ltr'><strong>bonum.</strong></span> <span class='ocrx_word' id='word_1_391' title='bbox 1749 4770 1975 4838; x_wconf 89' lang='lat' dir='ltr'><strong>Quando</strong></span> <span class='ocrx_word' id='word_1_392' title='bbox 2018 4789 2118 4829; x_wconf 89' lang='lat' dir='ltr'><strong>au-</strong></span> 
     </span>
    </p>
   </div>
   <div class='ocr_carea' id='block_1_50' title="bbox 526 4859 2115 4933">
    <p class='ocr_par' dir='ltr' id='par_1_50' title="bbox 526 4859 2115 4933">
     <span class='ocr_line' id='line_1_50' title="bbox 526 4859 2115 4933; baseline -0.001 -13"><span class='ocrx_word' id='word_1_393' title='bbox 526 4876 633 4920; x_wconf 92' lang='lat' dir='ltr'><strong>tem</strong></span> <span class='ocrx_word' id='word_1_394' title='bbox 672 4862 848 4933; x_wconf 88' lang='lat' dir='ltr'><strong>audis,</strong></span> <span class='ocrx_word' id='word_1_395' title='bbox 880 4862 1025 4919; x_wconf 83' lang='lat' dir='ltr'><strong>Vidit</strong></span> <span class='ocrx_word' id='word_1_396' title='bbox 1054 4863 1194 4918; x_wconf 89' lang='lat' dir='ltr'><strong>Deus</strong></span> <span class='ocrx_word' id='word_1_397' title='bbox 1230 4868 1286 4916; x_wconf 90' lang='lat' dir='ltr'><strong>et</strong></span> <span class='ocrx_word' id='word_1_398' title='bbox 1325 4859 1582 4925; x_wconf 83' lang='lat' dir='ltr'><strong>laudavit,</strong></span> <span class='ocrx_word' id='word_1_399' title='bbox 1624 4861 1861 4930; x_wconf 87' lang='lat' dir='ltr'><strong>iiitellige</strong></span> <span class='ocrx_word' id='word_1_400' title='bbox 1887 4862 2115 4931; x_wconf 91' lang='lat' dir='ltr'><strong>dictum,</strong></span> 
     </span>
    </p>
   </div>
   <div class='ocr_carea' id='block_1_51' title="bbox 527 4949 2117 5026">
    <p class='ocr_par' dir='ltr' id='par_1_51' title="bbox 527 4949 2117 5026">
     <span class='ocr_line' id='line_1_51' title="bbox 527 4949 2117 5026; baseline 0.001 -16"><span class='ocrx_word' id='word_1_401' title='bbox 527 4963 687 5025; x_wconf 87' lang='lat' dir='ltr'><strong>prout</strong></span> <span class='ocrx_word' id='word_1_402' title='bbox 711 4955 930 5026; x_wconf 85' lang='lat' dir='ltr'><strong>dignum</strong></span> <span class='ocrx_word' id='word_1_403' title='bbox 970 4952 1150 5009; x_wconf 88' lang='lat' dir='ltr'><strong>estde</strong></span> <span class='ocrx_word' id='word_1_404' title='bbox 1198 4952 1309 5006; x_wconf 90' lang='lat' dir='ltr'><strong>Deo</strong></span> <span class='ocrx_word' id='word_1_405' title='bbox 1341 4949 1510 5019; x_wconf 92' lang='lat' dir='ltr'><strong>loqui.</strong></span> <span class='ocrx_word' id='word_1_406' title='bbox 1543 4949 1674 5005; x_wconf 85' lang='lat' dir='ltr'><strong>Nam</strong></span> <span class='ocrx_word' id='word_1_407' title='bbox 1718 4952 1809 5022; x_wconf 91' lang='lat' dir='ltr'><strong>qui</strong></span> <span class='ocrx_word' id='word_1_408' title='bbox 1847 4954 2117 5023; x_wconf 77' lang='lat' dir='ltr'><strong>produxit,</strong></span> 
     </span>
    </p>
   </div>
   <div class='ocr_carea' id='block_1_52' title="bbox 525 5038 2120 5117">
    <p class='ocr_par' dir='ltr' id='par_1_52' title="bbox 525 5038 2120 5117">
     <span class='ocr_line' id='line_1_52' title="bbox 525 5038 2120 5117; baseline -0.001 -16"><span class='ocrx_word' id='word_1_409' title='bbox 525 5047 687 5102; x_wconf 78' lang='lat' dir='ltr'><strong>etiam</strong></span> <span class='ocrx_word' id='word_1_410' title='bbox 713 5046 1022 5117; x_wconf 88' lang='lat' dir='ltr'><strong>priusquam</strong></span> <span class='ocrx_word' id='word_1_411' title='bbox 1055 5042 1331 5106; x_wconf 85' lang='lat' dir='ltr'><strong>formaret,</strong></span> <span class='ocrx_word' id='word_1_412' title='bbox 1356 5038 1557 5095; x_wconf 88' lang='lat' dir='ltr'><strong>sciebat</strong></span> <span class='ocrx_word' id='word_1_413' title='bbox 1580 5039 1875 5098; x_wconf 61' lang='lat' dir='ltr'><strong>formandae</strong></span> <span class='ocrx_word' id='word_1_414' title='bbox 1902 5044 1975 5100; x_wconf 90' lang='lat' dir='ltr'><strong>rei</strong></span> <span class='ocrx_word' id='word_1_415' title='bbox 2004 5045 2120 5114; x_wconf 86' lang='lat' dir='ltr'><strong>pul-</strong></span> 
     </span>
    </p>
   </div>
   <div class='ocr_carea' id='block_1_53' title="bbox 523 5130 2119 5206">
    <p class='ocr_par' dir='ltr' id='par_1_53' title="bbox 523 5130 2119 5206">
     <span class='ocr_line' id='line_1_53' title="bbox 523 5130 2119 5206; baseline 0.001 -15"><span class='ocrx_word' id='word_1_416' title='bbox 523 5138 924 5205; x_wconf 78' lang='lat' dir='ltr'><strong>chritudinem;</strong></span> <span class='ocrx_word' id='word_1_417' title='bbox 976 5135 1070 5192; x_wconf 87' lang='lat' dir='ltr'><strong>sed</strong></span> <span class='ocrx_word' id='word_1_418' title='bbox 1119 5133 1243 5206; x_wconf 86' lang='lat' dir='ltr'><strong>quia</strong></span> <span class='ocrx_word' id='word_1_419' title='bbox 1292 5146 1393 5187; x_wconf 92' lang='lat' dir='ltr'><strong>nos</strong></span> <span class='ocrx_word' id='word_1_420' title='bbox 1436 5130 1681 5188; x_wconf 87' lang='lat' dir='ltr'><strong>homines</strong></span> <span class='ocrx_word' id='word_1_421' title='bbox 1717 5132 1887 5205; x_wconf 91' lang='lat' dir='ltr'><strong>(tanta</strong></span> <span class='ocrx_word' id='word_1_422' title='bbox 1934 5150 2119 5193; x_wconf 89' lang='lat' dir='ltr'><strong>sumus</strong></span> 
     </span>
    </p>
   </div>
   <div class='ocr_carea' id='block_1_54' title="bbox 527 5222 2114 5297">
    <p class='ocr_par' dir='ltr' id='par_1_54' title="bbox 527 5222 2114 5297">
     <span class='ocr_line' id='line_1_54' title="bbox 527 5222 2114 5297; baseline 0.003 -17"><span class='ocrx_word' id='word_1_423' title='bbox 527 5228 893 5285; x_wconf 86' lang='lat' dir='ltr'><strong>iiiibeciliitate</strong></span> <span class='ocrx_word' id='word_1_424' title='bbox 925 5224 1267 5296; x_wconf 87' lang='lat' dir='ltr'><strong>circumdati)</strong></span> <span class='ocrx_word' id='word_1_425' title='bbox 1316 5223 1474 5278; x_wconf 90' lang='lat' dir='ltr'><strong>aliter</strong></span> <span class='ocrx_word' id='word_1_426' title='bbox 1510 5222 1614 5279; x_wconf 89' lang='lat' dir='ltr'><strong>hoc</strong></span> <span class='ocrx_word' id='word_1_427' title='bbox 1660 5223 1962 5297; x_wconf 82' lang='lat' dir='ltr'><strong>intelligere</strong></span> <span class='ocrx_word' id='word_1_428' title='bbox 2007 5243 2114 5284; x_wconf 92' lang='lat' dir='ltr'><strong>non</strong></span> 
     </span>
    </p>
   </div>
   <div class='ocr_carea' id='block_1_55' title="bbox 528 5314 2115 5391">
    <p class='ocr_par' dir='ltr' id='par_1_55' title="bbox 528 5314 2115 5391">
     <span class='ocr_line' id='line_1_55' title="bbox 528 5314 2115 5391; baseline 0.002 -19"><span class='ocrx_word' id='word_1_429' title='bbox 528 5318 820 5389; x_wconf 75' lang='lat' dir='ltr'><strong>potuimus,</strong></span> <span class='ocrx_word' id='word_1_430' title='bbox 863 5320 984 5376; x_wconf 85' lang='lat' dir='ltr'><strong>ideo</strong></span> <span class='ocrx_word' id='word_1_431' title='bbox 1030 5320 1112 5374; x_wconf 89' lang='lat' dir='ltr'><strong>sic</strong></span> <span class='ocrx_word' id='word_1_432' title='bbox 1141 5316 1341 5375; x_wconf 83' lang='lat' dir='ltr'><strong>direxit</strong></span> <span class='ocrx_word' id='word_1_433' title='bbox 1380 5314 1519 5371; x_wconf 85' lang='lat' dir='ltr'><strong>beati</strong></span> <span class='ocrx_word' id='word_1_434' title='bbox 1550 5319 1828 5386; x_wconf 74' lang='lat' dir='ltr'><strong>propheta:</strong></span> <span class='ocrx_word' id='word_1_435' title='bbox 1858 5318 2115 5391; x_wconf 80' lang='lat' dir='ltr'><strong>linguam,</strong></span> 
     </span>
    </p>
   </div>
   <div class='ocr_carea' id='block_1_56' title="bbox 529 5408 2120 5479">
    <p class='ocr_par' dir='ltr' id='par_1_56' title="bbox 529 5408 2120 5479">
     <span class='ocr_line' id='line_1_56' title="bbox 529 5408 2120 5479; baseline 0.004 -16"><span class='ocrx_word' id='word_1_436' title='bbox 529 5419 586 5464; x_wconf 92' lang='lat' dir='ltr'><strong>ut</strong></span> <span class='ocrx_word' id='word_1_437' title='bbox 627 5409 694 5463; x_wconf 90' lang='lat' dir='ltr'><strong>ad</strong></span> <span class='ocrx_word' id='word_1_438' title='bbox 724 5408 1072 5465; x_wconf 89' lang='lat' dir='ltr'><strong>erudiendum</strong></span> <span class='ocrx_word' id='word_1_439' title='bbox 1099 5410 1393 5466; x_wconf 89' lang='lat' dir='ltr'><strong>humanum</strong></span> <span class='ocrx_word' id='word_1_440' title='bbox 1438 5422 1608 5479; x_wconf 88' lang='lat' dir='ltr'><strong>genus</strong></span> <span class='ocrx_word' id='word_1_441' title='bbox 1647 5416 1792 5464; x_wconf 87' lang='lat' dir='ltr'><strong>tanta</strong></span> <span class='ocrx_word' id='word_1_442' title='bbox 1833 5413 2120 5470; x_wconf 78' lang='lat' dir='ltr'><strong>verborum</strong></span> 
     </span>
    </p>
   </div>
   <div class='ocr_carea' id='block_1_57' title="bbox 531 5499 1168 5557">
    <p class='ocr_par' dir='ltr' id='par_1_57' title="bbox 531 5499 1168 5557">
     <span class='ocr_line' id='line_1_57' title="bbox 531 5499 1168 5557; baseline 0.005 -3"><span class='ocrx_word' id='word_1_443' title='bbox 531 5509 769 5555; x_wconf 88' lang='lat' dir='ltr'><strong>uteretur</strong></span> <span class='ocrx_word' id='word_1_444' title='bbox 796 5499 1168 5557; x_wconf 87' lang='lat' dir='ltr'><strong>crassitudine.</strong></span> 
     </span>
    </p>
   </div>
   <div class='ocr_carea' id='block_1_58' title="bbox 591 5613 2119 5671">
    <p class='ocr_par' dir='ltr' id='par_1_58' title="bbox 591 5613 2119 5671">
     <span class='ocr_line' id='line_1_58' title="bbox 591 5613 2119 5671; baseline 0.005 -11"><span class='ocrx_word' id='word_1_445' title='bbox 591 5615 668 5671; x_wconf 82' lang='lat' dir='ltr'><strong>(a)</strong></span> <span class='ocrx_word' id='word_1_446' title='bbox 700 5613 933 5661; x_wconf 66' lang='lat' dir='ltr'><strong>caelorum</strong></span> <span class='ocrx_word' id='word_1_447' title='bbox 977 5625 1156 5663; x_wconf 87' lang='lat' dir='ltr'><strong>nomen</strong></span> <span class='ocrx_word' id='word_1_448' title='bbox 1197 5615 1433 5664; x_wconf 84' lang='lat' dir='ltr'><strong>behraice</strong></span> <span class='ocrx_word' id='word_1_449' title='bbox 1467 5616 1658 5668; x_wconf 60' lang='lat' dir='ltr'><strong>ulmi}.</strong></span> <span class='ocrx_word' id='word_1_450' title='bbox 1704 5618 1899 5667; x_wconf 88' lang='lat' dir='ltr'><strong>Unicum</strong></span> <span class='ocrx_word' id='word_1_451' title='bbox 1946 5616 2119 5668; x_wconf 60' lang='lat' dir='ltr'><strong>celum</strong></span> 
     </span>
    </p>
   </div>
   <div class='ocr_carea' id='block_1_59' title="bbox 528 5671 2119 5745">
    <p class='ocr_par' dir='ltr' id='par_1_59' title="bbox 528 5671 2119 5745">
     <span class='ocr_line' id='line_1_59' title="bbox 528 5671 2119 5745; baseline 0.007 -27"><span class='ocrx_word' id='word_1_452' title='bbox 528 5671 734 5745; x_wconf 72' lang='lat' dir='ltr'><strong>admittit</strong></span> <span class='ocrx_word' id='word_1_453' title='bbox 754 5674 1130 5745; x_wconf 72' lang='lat' dir='ltr'><strong>chrysostomus.</strong></span> <span class='ocrx_word' id='word_1_454' title='bbox 1157 5685 1209 5727; x_wconf 86' lang='lat' dir='ltr'><strong>et</strong></span> <span class='ocrx_word' id='word_1_455' title='bbox 1226 5680 1490 5745; x_wconf 71' lang='lat' dir='ltr'><strong>respondet</strong></span> <span class='ocrx_word' id='word_1_456' title='bbox 1510 5688 1809 5745; x_wconf 78' lang='lat' dir='ltr'><strong>argumento</strong></span> <span class='ocrx_word' id='word_1_457' title='bbox 1831 5692 1896 5730; x_wconf 85' lang='lat' dir='ltr'><strong>ex</strong></span> <span class='ocrx_word' id='word_1_458' title='bbox 1921 5680 2119 5745; x_wconf 63' lang='lat' dir='ltr'><strong>Psalmis</strong></span> 
     </span>
    </p>
   </div>
   <div class='ocr_carea' id='block_1_60' title="bbox 529 5731 2119 5805">
    <p class='ocr_par' dir='ltr' id='par_1_60' title="bbox 529 5731 2119 5805">
     <span class='ocr_line' id='line_1_60' title="bbox 529 5731 2119 5805; baseline 0.008 -27"><span class='ocrx_word' id='word_1_459' title='bbox 529 5731 753 5805; x_wconf 63' lang='lat' dir='ltr'><strong>deducto,</strong></span> <span class='ocrx_word' id='word_1_460' title='bbox 777 5731 876 5805; x_wconf 80' lang='lat' dir='ltr'><strong>quo</strong></span> <span class='ocrx_word' id='word_1_461' title='bbox 900 5734 1066 5796; x_wconf 88' lang='lat' dir='ltr'><strong>plures</strong></span> <span class='ocrx_word' id='word_1_462' title='bbox 1103 5731 1403 5805; x_wconf 74' lang='lat' dir='ltr'><strong>coimirubari</strong></span> <span class='ocrx_word' id='word_1_463' title='bbox 1445 5731 1670 5793; x_wconf 68' lang='lat' dir='ltr'><strong>videntur</strong></span> <span class='ocrx_word' id='word_1_464' title='bbox 1708 5742 1833 5805; x_wconf 74' lang='lat' dir='ltr'><strong>ea&#39;li;</strong></span> <span class='ocrx_word' id='word_1_465' title='bbox 1859 5741 1949 5791; x_wconf 88' lang='lat' dir='ltr'><strong>sed</strong></span> <span class='ocrx_word' id='word_1_466' title='bbox 1988 5748 2119 5791; x_wconf 82' lang='lat' dir='ltr'><strong>tacet</strong></span> 
     </span>
    </p>
   </div>
   <div class='ocr_carea' id='block_1_61' title="bbox 524 5792 1634 5859">
    <p class='ocr_par' dir='ltr' id='par_1_61' title="bbox 524 5792 1634 5859">
     <span class='ocr_line' id='line_1_61' title="bbox 524 5792 1634 5859; baseline 0.013 -20"><span class='ocrx_word' id='word_1_467' title='bbox 524 5792 727 5844; x_wconf 79' lang='lat' dir='ltr'><strong>l’aiiluin</strong></span> <span class='ocrx_word' id='word_1_468' title='bbox 748 5792 930 5856; x_wconf 67' lang='lat' dir='ltr'><strong>raptum</strong></span> <span class='ocrx_word' id='word_1_469' title='bbox 955 5808 1109 5859; x_wconf 83' lang='lat' dir='ltr'><strong>usque</strong></span> <span class='ocrx_word' id='word_1_470' title='bbox 1133 5802 1192 5849; x_wconf 87' lang='lat' dir='ltr'><strong>ad</strong></span> <span class='ocrx_word' id='word_1_471' title='bbox 1212 5792 1411 5850; x_wconf 78' lang='lat' dir='ltr'><strong>tertium</strong></span> <span class='ocrx_word' id='word_1_472' title='bbox 1443 5792 1634 5855; x_wconf 60' lang='lat' dir='ltr'><strong>cretum.</strong></span> 
     </span>
    </p>
   </div>
   <div class='ocr_carea' id='block_1_62' title="bbox 2282 466 3810 538">
    <p class='ocr_par' dir='ltr' id='par_1_62' title="bbox 2282 466 3810 538">
     <span class='ocr_line' id='line_1_62' title="bbox 2282 466 3810 538; baseline -0.001 -13"><span class='ocrx_word' id='word_1_473' title='bbox 2282 470 2337 525; x_wconf 85' lang='lat'><strong>5.</strong></span> <span class='ocrx_word' id='word_1_474' title='bbox 2381 468 2605 535; x_wconf 81' lang='lat' dir='ltr'><strong>Quando</strong></span> <span class='ocrx_word' id='word_1_475' title='bbox 2650 468 2808 538; x_wconf 87' lang='lat' dir='ltr'><strong>igitur</strong></span> <span class='ocrx_word' id='word_1_476' title='bbox 2836 467 3087 522; x_wconf 87' lang='lat' dir='ltr'><strong>sublevas</strong></span> <span class='ocrx_word' id='word_1_477' title='bbox 3121 466 3329 531; x_wconf 84' lang='lat' dir='ltr'><strong>oculos,</strong></span> <span class='ocrx_word' id='word_1_478' title='bbox 3364 476 3420 522; x_wconf 91' lang='lat' dir='ltr'><strong>et</strong></span> <span class='ocrx_word' id='word_1_479' title='bbox 3446 477 3661 536; x_wconf 85' lang='lat' dir='ltr'><strong>spectas</strong></span> <span class='ocrx_word' id='word_1_480' title='bbox 3689 470 3810 526; x_wconf 74' lang='lat' dir='ltr'><strong>caili</strong></span> 
     </span>
    </p>
   </div>
   <div class='ocr_carea' id='block_1_63' title="bbox 2210 558 3811 630">
    <p class='ocr_par' dir='ltr' id='par_1_63' title="bbox 2210 558 3811 630">
     <span class='ocr_line' id='line_1_63' title="bbox 2210 558 3811 630; baseline 0.001 -16"><span class='ocrx_word' id='word_1_481' title='bbox 2210 559 2686 630; x_wconf 87' lang='lat' dir='ltr'><strong>pulchritudinem,</strong></span> <span class='ocrx_word' id='word_1_482' title='bbox 2718 559 3159 630; x_wconf 86' lang='lat' dir='ltr'><strong>magnitudinem,</strong></span> <span class='ocrx_word' id='word_1_483' title='bbox 3192 558 3497 623; x_wconf 87' lang='lat' dir='ltr'><strong>utilitatem,</strong></span> <span class='ocrx_word' id='word_1_484' title='bbox 3528 568 3655 617; x_wconf 90' lang='lat' dir='ltr'><strong>tunc</strong></span> <span class='ocrx_word' id='word_1_485' title='bbox 3683 559 3811 616; x_wconf 88' lang='lat' dir='ltr'><strong>inde</strong></span> 
     </span>
    </p>
   </div>
   <div class='ocr_carea' id='block_1_64' title="bbox 2208 650 3812 723">
    <p class='ocr_par' dir='ltr' id='par_1_64' title="bbox 2208 650 3812 723">
     <span class='ocr_line' id='line_1_64' title="bbox 2208 650 3812 723; baseline 0.003 -17"><span class='ocrx_word' id='word_1_486' title='bbox 2208 654 2275 707; x_wconf 90' lang='lat' dir='ltr'><strong>ad</strong></span> <span class='ocrx_word' id='word_1_487' title='bbox 2319 651 2581 723; x_wconf 88' lang='lat' dir='ltr'><strong>Opiﬁeem</strong></span> <span class='ocrx_word' id='word_1_488' title='bbox 2625 650 2897 718; x_wconf 82' lang='lat' dir='ltr'><strong>ascende,</strong></span> <span class='ocrx_word' id='word_1_489' title='bbox 2940 652 3084 707; x_wconf 87' lang='lat' dir='ltr'><strong>sicut</strong></span> <span class='ocrx_word' id='word_1_490' title='bbox 3129 661 3184 708; x_wconf 92' lang='lat' dir='ltr'><strong>et</strong></span> <span class='ocrx_word' id='word_1_491' title='bbox 3218 652 3433 721; x_wconf 87' lang='lat' dir='ltr'><strong>sapiens</strong></span> <span class='ocrx_word' id='word_1_492' title='bbox 3459 652 3678 723; x_wconf 88' lang='lat' dir='ltr'><strong>quidam</strong></span> <span class='ocrx_word' id='word_1_493' title='bbox 3727 655 3812 711; x_wconf 90' lang='lat' dir='ltr'><strong>di-</strong></span> 
     </span>
    </p>
   </div>
   <div class='ocr_carea' id='block_1_65' title="bbox 2208 740 3812 812">
    <p class='ocr_par' dir='ltr' id='par_1_65' title="bbox 2208 740 3812 812">
     <span class='ocr_line' id='line_1_65' title="bbox 2208 740 3812 812; baseline 0.002 -16"><span class='ocrx_word' id='word_1_494' title='bbox 2208 741 2365 797; x_wconf 90' lang='lat' dir='ltr'><strong>cebat</strong></span> <span class='ocrx_word' id='word_1_495' title='bbox 2415 758 2430 795; x_wconf 91' lang='lat'><strong>:</strong></span> <span class='ocrx_word' id='word_1_496' title='bbox 2477 740 2561 795; x_wconf 77' lang='lat' dir='ltr'><strong>Ea:</strong></span> <span class='ocrx_word' id='word_1_497' title='bbox 2620 742 2968 812; x_wconf 83' lang='lat' dir='ltr'><strong>magnitudine</strong></span> <span class='ocrx_word' id='word_1_498' title='bbox 3022 750 3070 796; x_wconf 87' lang='lat' dir='ltr'><strong>et</strong></span> <span class='ocrx_word' id='word_1_499' title='bbox 3127 742 3508 812; x_wconf 73' lang='lat' dir='ltr'><strong>pulchritudine</strong></span> <span class='ocrx_word' id='word_1_500' title='bbox 3555 754 3812 800; x_wconf 77' lang='lat' dir='ltr'><strong>creatura-</strong></span> 
     </span>
    </p>
   </div>
   <div class='ocr_carea' id='block_1_66' title="bbox 2209 832 3817 903">
    <p class='ocr_par' dir='ltr' id='par_1_66' title="bbox 2209 832 3817 903">
     <span class='ocr_line' id='line_1_66' title="bbox 2209 832 3817 903; baseline 0.002 -16"><span class='ocrx_word' id='word_1_501' title='bbox 2209 849 2325 887; x_wconf 82' lang='lat' dir='ltr'><strong>rum</strong></span> <span class='ocrx_word' id='word_1_502' title='bbox 2368 833 2589 887; x_wconf 84' lang='lat' dir='ltr'><strong>universi</strong></span> <span class='ocrx_word' id='word_1_503' title='bbox 2628 832 2874 888; x_wconf 83' lang='lat' dir='ltr'><strong>Conditor</strong></span> <span class='ocrx_word' id='word_1_504' title='bbox 2909 849 3000 903; x_wconf 88' lang='lat' dir='ltr'><strong>per</strong></span> <span class='ocrx_word' id='word_1_505' title='bbox 3036 834 3418 902; x_wconf 83' lang='lat' dir='ltr'><strong>proportionem</strong></span> <span class='ocrx_word' id='word_1_506' title='bbox 3454 835 3817 893; x_wconf 76' lang='lat' dir='ltr'><strong>consideratur</strong></span> 
     </span>
    </p>
   </div>
   <div class='ocr_carea' id='block_1_67' title="bbox 2215 923 3810 995">
    <p class='ocr_par' dir='ltr' id='par_1_67' title="bbox 2215 923 3810 995">
     <span class='ocr_line' id='line_1_67' title="bbox 2215 923 3810 995; baseline 0.004 -16"><span class='ocrx_word' id='word_1_507' title='bbox 2215 923 2370 994; x_wconf 80' lang='lat' dir='ltr'><strong>(Sap.</strong></span> <span class='ocrx_word' id='word_1_508' title='bbox 2404 926 2492 979; x_wconf 77' lang='grc'><strong>15.</strong></span> <span class='ocrx_word' id='word_1_509' title='bbox 2522 925 2598 995; x_wconf 83' lang='lat'><strong>5).</strong></span> <span class='ocrx_word' id='word_1_510' title='bbox 2631 924 2700 979; x_wconf 87' lang='lat' dir='ltr'><strong>Et</strong></span> <span class='ocrx_word' id='word_1_511' title='bbox 2739 924 2861 981; x_wconf 88' lang='lat' dir='ltr'><strong>vide</strong></span> <span class='ocrx_word' id='word_1_512' title='bbox 2887 925 3047 980; x_wconf 91' lang='lat' dir='ltr'><strong>etiam</strong></span> <span class='ocrx_word' id='word_1_513' title='bbox 3076 940 3140 980; x_wconf 83' lang='lat' dir='ltr'><strong>ex</strong></span> <span class='ocrx_word' id='word_1_514' title='bbox 3181 925 3373 982; x_wconf 89' lang='lat' dir='ltr'><strong>horum</strong></span> <span class='ocrx_word' id='word_1_515' title='bbox 3415 927 3810 985; x_wconf 78' lang='lat' dir='ltr'><strong>elementorum</strong></span> 
     </span>
    </p>
   </div>
   <div class='ocr_carea' id='block_1_68' title="bbox 2211 1015 3810 1087">
    <p class='ocr_par' dir='ltr' id='par_1_68' title="bbox 2211 1015 3810 1087">
     <span class='ocr_line' id='line_1_68' title="bbox 2211 1015 3810 1087; baseline 0.004 -17"><span class='ocrx_word' id='word_1_516' title='bbox 2211 1015 2552 1080; x_wconf 85' lang='lat' dir='ltr'><strong>formatione,</strong></span> <span class='ocrx_word' id='word_1_517' title='bbox 2596 1026 2794 1087; x_wconf 85' lang='lat' dir='ltr'><strong>quanta</strong></span> <span class='ocrx_word' id='word_1_518' title='bbox 2834 1017 2906 1072; x_wconf 86' lang='lat' dir='ltr'><strong>sit</strong></span> <span class='ocrx_word' id='word_1_519' title='bbox 2947 1016 3160 1072; x_wconf 86' lang='lat' dir='ltr'><strong>Domini</strong></span> <span class='ocrx_word' id='word_1_520' title='bbox 3202 1018 3276 1073; x_wconf 90' lang='lat' dir='ltr'><strong>tui</strong></span> <span class='ocrx_word' id='word_1_521' title='bbox 3306 1020 3496 1077; x_wconf 87' lang='lat' dir='ltr'><strong>virtus.</strong></span> <span class='ocrx_word' id='word_1_522' title='bbox 3539 1019 3671 1076; x_wconf 83' lang='lat' dir='ltr'><strong>Nam</strong></span> <span class='ocrx_word' id='word_1_523' title='bbox 3721 1024 3810 1077; x_wconf 88' lang='lat' dir='ltr'><strong>cui</strong></span> 
     </span>
    </p>
   </div>
   <div class='ocr_carea' id='block_1_69' title="bbox 2212 1106 3812 1183">
    <p class='ocr_par' dir='ltr' id='par_1_69' title="bbox 2212 1106 3812 1183">
     <span class='ocr_line' id='line_1_69' title="bbox 2212 1106 3812 1183; baseline 0.004 -21"><span class='ocrx_word' id='word_1_524' title='bbox 2212 1120 2375 1176; x_wconf 69' lang='lat' dir='ltr'><strong>sigax</strong></span> <span class='ocrx_word' id='word_1_525' title='bbox 2398 1114 2454 1161; x_wconf 88' lang='lat' dir='ltr'><strong>et</strong></span> <span class='ocrx_word' id='word_1_526' title='bbox 2482 1106 2681 1176; x_wconf 87' lang='lat' dir='ltr'><strong>probus</strong></span> <span class='ocrx_word' id='word_1_527' title='bbox 2725 1120 2809 1163; x_wconf 88' lang='lat' dir='ltr'><strong>est</strong></span> <span class='ocrx_word' id='word_1_528' title='bbox 2834 1108 3068 1177; x_wconf 91' lang='lat' dir='ltr'><strong>animus,</strong></span> <span class='ocrx_word' id='word_1_529' title='bbox 3115 1108 3162 1164; x_wconf 91' lang='lat' dir='ltr'><strong>si</strong></span> <span class='ocrx_word' id='word_1_530' title='bbox 3187 1110 3419 1166; x_wconf 86' lang='lat' dir='ltr'><strong>voluerit</strong></span> <span class='ocrx_word' id='word_1_531' title='bbox 3443 1112 3649 1183; x_wconf 87' lang='lat' dir='ltr'><strong>singula</strong></span> <span class='ocrx_word' id='word_1_532' title='bbox 3679 1113 3812 1169; x_wconf 78' lang='lat' dir='ltr'><strong>visi-</strong></span> 
     </span>
    </p>
   </div>
   <div class='ocr_carea' id='block_1_70' title="bbox 2216 1197 3813 1272">
    <p class='ocr_par' dir='ltr' id='par_1_70' title="bbox 2216 1197 3813 1272">
     <span class='ocr_line' id='line_1_70' title="bbox 2216 1197 3813 1272; baseline 0.005 -20"><span class='ocrx_word' id='word_1_533' title='bbox 2216 1197 2337 1252; x_wconf 87' lang='lat' dir='ltr'><strong>bilia</strong></span> <span class='ocrx_word' id='word_1_534' title='bbox 2366 1199 2590 1253; x_wconf 85' lang='lat' dir='ltr'><strong>scrutari</strong></span> <span class='ocrx_word' id='word_1_535' title='bbox 2616 1214 2631 1263; x_wconf 92' lang='lat'><strong>;</strong></span> <span class='ocrx_word' id='word_1_536' title='bbox 2661 1207 2718 1255; x_wconf 93' lang='lat' dir='ltr'><strong>et</strong></span> <span class='ocrx_word' id='word_1_537' title='bbox 2754 1198 2881 1268; x_wconf 91' lang='lat' dir='ltr'><strong>quid</strong></span> <span class='ocrx_word' id='word_1_538' title='bbox 2920 1199 3065 1266; x_wconf 89' lang='lat' dir='ltr'><strong>dico,</strong></span> <span class='ocrx_word' id='word_1_539' title='bbox 3096 1201 3302 1272; x_wconf 84' lang='lat' dir='ltr'><strong>singula</strong></span> <span class='ocrx_word' id='word_1_540' title='bbox 3329 1218 3450 1272; x_wconf 63' lang='lat' dir='ltr'><strong>qua:</strong></span> <span class='ocrx_word' id='word_1_541' title='bbox 3477 1201 3614 1258; x_wconf 85' lang='lat' dir='ltr'><strong>facta</strong></span> <span class='ocrx_word' id='word_1_542' title='bbox 3642 1205 3813 1259; x_wconf 77' lang='lat' dir='ltr'><strong>sunt?</strong></span> 
     </span>
    </p>
   </div>
   <div class='ocr_carea' id='block_1_71' title="bbox 2215 1289 3812 1353">
    <p class='ocr_par' dir='ltr' id='par_1_71' title="bbox 2215 1289 3812 1353">
     <span class='ocr_line' id='line_1_71' title="bbox 2215 1289 3812 1353; baseline 0.006 -10"><span class='ocrx_word' id='word_1_543' title='bbox 2215 1304 2366 1344; x_wconf 89' lang='lat' dir='ltr'><strong>suam</strong></span> <span class='ocrx_word' id='word_1_544' title='bbox 2399 1290 2567 1346; x_wconf 91' lang='lat' dir='ltr'><strong>solam</strong></span> <span class='ocrx_word' id='word_1_545' title='bbox 2596 1289 2970 1348; x_wconf 80' lang='lat' dir='ltr'><strong>formationem</strong></span> <span class='ocrx_word' id='word_1_546' title='bbox 3016 1293 3060 1349; x_wconf 94' lang='lat' dir='ltr'><strong>si</strong></span> <span class='ocrx_word' id='word_1_547' title='bbox 3092 1302 3344 1350; x_wconf 88' lang='lat' dir='ltr'><strong>accurate</strong></span> <span class='ocrx_word' id='word_1_548' title='bbox 3372 1296 3600 1353; x_wconf 88' lang='lat' dir='ltr'><strong>voluerit</strong></span> <span class='ocrx_word' id='word_1_549' title='bbox 3626 1299 3812 1353; x_wconf 62' lang='lat' dir='ltr'><strong>censio</strong></span> 
     </span>
    </p>
   </div>
   <div class='ocr_carea' id='block_1_72' title="bbox 2216 1380 3812 1452">
    <p class='ocr_par' dir='ltr' id='par_1_72' title="bbox 2216 1380 3812 1452">
     <span class='ocr_line' id='line_1_72' title="bbox 2216 1380 3812 1452; baseline 0.004 -18"><span class='ocrx_word' id='word_1_550' title='bbox 2216 1380 2428 1448; x_wconf 89' lang='lat' dir='ltr'><strong>derare,</strong></span> <span class='ocrx_word' id='word_1_551' title='bbox 2459 1381 2658 1436; x_wconf 81' lang='lat' dir='ltr'><strong>videbit</strong></span> <span class='ocrx_word' id='word_1_552' title='bbox 2682 1397 2745 1437; x_wconf 80' lang='lat' dir='ltr'><strong>ex</strong></span> <span class='ocrx_word' id='word_1_553' title='bbox 2776 1384 2952 1452; x_wconf 88' lang='lat' dir='ltr'><strong>parvis</strong></span> <span class='ocrx_word' id='word_1_554' title='bbox 2992 1384 3100 1439; x_wconf 86' lang='lat' dir='ltr'><strong>illis</strong></span> <span class='ocrx_word' id='word_1_555' title='bbox 3130 1384 3445 1441; x_wconf 89' lang='lat' dir='ltr'><strong>immensam</strong></span> <span class='ocrx_word' id='word_1_556' title='bbox 3476 1391 3533 1442; x_wconf 90' lang='lat' dir='ltr'><strong>et</strong></span> <span class='ocrx_word' id='word_1_557' title='bbox 3561 1386 3812 1444; x_wconf 81' lang='lat' dir='ltr'><strong>ineﬁ‘abi-</strong></span> 
     </span>
    </p>
   </div>
   <div class='ocr_carea' id='block_1_73' title="bbox 2216 1470 3818 1542">
    <p class='ocr_par' dir='ltr' id='par_1_73' title="bbox 2216 1470 3818 1542">
     <span class='ocr_line' id='line_1_73' title="bbox 2216 1470 3818 1542; baseline 0.006 -17"><span class='ocrx_word' id='word_1_558' title='bbox 2216 1470 2319 1526; x_wconf 90' lang='lat' dir='ltr'><strong>lein</strong></span> <span class='ocrx_word' id='word_1_559' title='bbox 2356 1471 2448 1526; x_wconf 91' lang='lat' dir='ltr'><strong>Dei</strong></span> <span class='ocrx_word' id='word_1_560' title='bbox 2496 1474 2808 1542; x_wconf 87' lang='lat' dir='ltr'><strong>potentiam.</strong></span> <span class='ocrx_word' id='word_1_561' title='bbox 2834 1474 2988 1541; x_wconf 85' lang='lat' dir='ltr'><strong>Quod</strong></span> <span class='ocrx_word' id='word_1_562' title='bbox 3033 1476 3079 1532; x_wconf 88' lang='lat' dir='ltr'><strong>si</strong></span> <span class='ocrx_word' id='word_1_563' title='bbox 3107 1476 3336 1532; x_wconf 73' lang='lat' dir='ltr'><strong>visibilis</strong></span> <span class='ocrx_word' id='word_1_564' title='bbox 3378 1477 3492 1533; x_wconf 87' lang='lat' dir='ltr'><strong>sola</strong></span> <span class='ocrx_word' id='word_1_565' title='bbox 3536 1478 3818 1535; x_wconf 80' lang='lat' dir='ltr'><strong>sufﬁciunt</strong></span> 
     </span>
    </p>
   </div>
   <div class='ocr_carea' id='block_1_74' title="bbox 2216 1562 3817 1642">
    <p class='ocr_par' dir='ltr' id='par_1_74' title="bbox 2216 1562 3817 1642">
     <span class='ocr_line' id='line_1_74' title="bbox 2216 1562 3817 1642; baseline 0.007 -26"><span class='ocrx_word' id='word_1_566' title='bbox 2216 1562 2371 1618; x_wconf 90' lang='lat' dir='ltr'><strong>nobis</strong></span> <span class='ocrx_word' id='word_1_567' title='bbox 2407 1563 2470 1618; x_wconf 84' lang='lat' dir='ltr'><strong>ad</strong></span> <span class='ocrx_word' id='word_1_568' title='bbox 2513 1563 2809 1620; x_wconf 87' lang='lat' dir='ltr'><strong>docendam</strong></span> <span class='ocrx_word' id='word_1_569' title='bbox 2847 1567 3101 1637; x_wconf 73' lang='lat' dir='ltr'><strong>potentias</strong></span> <span class='ocrx_word' id='word_1_570' title='bbox 3140 1567 3446 1625; x_wconf 84' lang='lat' dir='ltr'><strong>Conditoris</strong></span> <span class='ocrx_word' id='word_1_571' title='bbox 3488 1571 3817 1642; x_wconf 80' lang='lat' dir='ltr'><strong>magnitudi-</strong></span> 
     </span>
    </p>
   </div>
   <div class='ocr_carea' id='block_1_75' title="bbox 2218 1654 3815 1727">
    <p class='ocr_par' dir='ltr' id='par_1_75' title="bbox 2218 1654 3815 1727">
     <span class='ocr_line' id='line_1_75' title="bbox 2218 1654 3815 1727; baseline 0.007 -20"><span class='ocrx_word' id='word_1_572' title='bbox 2218 1667 2365 1719; x_wconf 89' lang='lat' dir='ltr'><strong>nem,</strong></span> <span class='ocrx_word' id='word_1_573' title='bbox 2406 1654 2449 1707; x_wconf 92' lang='lat' dir='ltr'><strong>si</strong></span> <span class='ocrx_word' id='word_1_574' title='bbox 2488 1663 2541 1709; x_wconf 92' lang='lat' dir='ltr'><strong>et</strong></span> <span class='ocrx_word' id='word_1_575' title='bbox 2568 1655 2635 1709; x_wconf 92' lang='lat' dir='ltr'><strong>ad</strong></span> <span class='ocrx_word' id='word_1_576' title='bbox 2664 1655 2955 1712; x_wconf 73' lang='lat' dir='ltr'><strong>invisibiles</strong></span> <span class='ocrx_word' id='word_1_577' title='bbox 2985 1658 3195 1714; x_wconf 79' lang='lat' dir='ltr'><strong>veneris</strong></span> <span class='ocrx_word' id='word_1_578' title='bbox 3224 1658 3468 1727; x_wconf 86' lang='lat' dir='ltr'><strong>virtutes,</strong></span> <span class='ocrx_word' id='word_1_579' title='bbox 3496 1669 3551 1716; x_wconf 92' lang='lat' dir='ltr'><strong>et</strong></span> <span class='ocrx_word' id='word_1_580' title='bbox 3576 1672 3815 1717; x_wconf 83' lang='lat' dir='ltr'><strong>mentem</strong></span> 
     </span>
    </p>
   </div>
   <div class='ocr_carea' id='block_1_76' title="bbox 2217 1746 3813 1822">
    <p class='ocr_par' dir='ltr' id='par_1_76' title="bbox 2217 1746 3813 1822">
     <span class='ocr_line' id='line_1_76' title="bbox 2217 1746 3813 1822; baseline 0.004 -20"><span class='ocrx_word' id='word_1_581' title='bbox 2217 1746 2522 1803; x_wconf 80' lang='lat' dir='ltr'><strong>cxtenderis</strong></span> <span class='ocrx_word' id='word_1_582' title='bbox 2552 1746 2619 1802; x_wconf 92' lang='lat' dir='ltr'><strong>ad</strong></span> <span class='ocrx_word' id='word_1_583' title='bbox 2662 1747 2972 1819; x_wconf 90' lang='lat' dir='ltr'><strong>angelorum</strong></span> <span class='ocrx_word' id='word_1_584' title='bbox 3015 1750 3303 1819; x_wconf 81' lang='lat' dir='ltr'><strong>exercitus,</strong></span> <span class='ocrx_word' id='word_1_585' title='bbox 3345 1750 3813 1822; x_wconf 78' lang='lat' dir='ltr'><strong>archangelorum,</strong></span> 
     </span>
    </p>
   </div>
   <div class='ocr_carea' id='block_1_77' title="bbox 2218 1838 3812 1911">
    <p class='ocr_par' dir='ltr' id='par_1_77' title="bbox 2218 1838 3812 1911">
     <span class='ocr_line' id='line_1_77' title="bbox 2218 1838 3812 1911; baseline 0.006 -20"><span class='ocrx_word' id='word_1_586' title='bbox 2218 1853 2572 1907; x_wconf 83' lang='lat' dir='ltr'><strong>supernarum</strong></span> <span class='ocrx_word' id='word_1_587' title='bbox 2626 1838 2902 1906; x_wconf 88' lang='lat' dir='ltr'><strong>virtutum,</strong></span> <span class='ocrx_word' id='word_1_588' title='bbox 2965 1841 3306 1909; x_wconf 88' lang='lat' dir='ltr'><strong>thronoruin,</strong></span> <span class='ocrx_word' id='word_1_589' title='bbox 3363 1842 3812 1911; x_wconf 88' lang='lat' dir='ltr'><strong>dominationum,</strong></span> 
     </span>
    </p>
   </div>
   <div class='ocr_carea' id='block_1_78' title="bbox 2219 1928 3819 2006">
    <p class='ocr_par' dir='ltr' id='par_1_78' title="bbox 2219 1928 3819 2006">
     <span class='ocr_line' id='line_1_78' title="bbox 2219 1928 3819 2006; baseline 0.006 -23"><span class='ocrx_word' id='word_1_590' title='bbox 2219 1928 2632 1998; x_wconf 83' lang='lat' dir='ltr'><strong>principatuum,</strong></span> <span class='ocrx_word' id='word_1_591' title='bbox 2653 1938 2992 1998; x_wconf 88' lang='lat' dir='ltr'><strong>potestatum,</strong></span> <span class='ocrx_word' id='word_1_592' title='bbox 3019 1930 3332 1997; x_wconf 86' lang='lat' dir='ltr'><strong>Cherubim,</strong></span> <span class='ocrx_word' id='word_1_593' title='bbox 3363 1932 3643 2004; x_wconf 90' lang='lat' dir='ltr'><strong>Seraphim</strong></span> <span class='ocrx_word' id='word_1_594' title='bbox 3666 1952 3819 2006; x_wconf 73' lang='lat' dir='ltr'><strong>:qua:</strong></span> 
     </span>
    </p>
   </div>
   <div class='ocr_carea' id='block_1_79' title="bbox 2220 2022 3816 2097">
    <p class='ocr_par' dir='ltr' id='par_1_79' title="bbox 2220 2022 3816 2097">
     <span class='ocr_line' id='line_1_79' title="bbox 2220 2022 3816 2097; baseline 0.005 -22"><span class='ocrx_word' id='word_1_595' title='bbox 2220 2036 2395 2086; x_wconf 88' lang='lat' dir='ltr'><strong>meus,</strong></span> <span class='ocrx_word' id='word_1_596' title='bbox 2419 2022 2508 2091; x_wconf 92' lang='lat' dir='ltr'><strong>qui</strong></span> <span class='ocrx_word' id='word_1_597' title='bbox 2528 2037 2708 2077; x_wconf 89' lang='lat' dir='ltr'><strong>sermo</strong></span> <span class='ocrx_word' id='word_1_598' title='bbox 2729 2023 2921 2092; x_wconf 90' lang='lat' dir='ltr'><strong>poterit</strong></span> <span class='ocrx_word' id='word_1_599' title='bbox 2941 2037 3196 2081; x_wconf 87' lang='lat' dir='ltr'><strong>enarrare</strong></span> <span class='ocrx_word' id='word_1_600' title='bbox 3222 2026 3667 2096; x_wconf 87' lang='lat' dir='ltr'><strong>magniﬁcentiam</strong></span> <span class='ocrx_word' id='word_1_601' title='bbox 3693 2029 3816 2097; x_wconf 89' lang='lat' dir='ltr'><strong>ejus</strong></span> 
     </span>
    </p>
   </div>
   <div class='ocr_carea' id='block_1_80' title="bbox 2220 2110 3814 2187">
    <p class='ocr_par' dir='ltr' id='par_1_80' title="bbox 2220 2110 3814 2187">
     <span class='ocr_line' id='line_1_80' title="bbox 2220 2110 3814 2187; baseline 0.006 -22"><span class='ocrx_word' id='word_1_602' title='bbox 2220 2110 2581 2168; x_wconf 72' lang='lat' dir='ltr'><strong>ineffabilem?</strong></span> <span class='ocrx_word' id='word_1_603' title='bbox 2626 2111 2759 2168; x_wconf 86' lang='lat' dir='ltr'><strong>Nam</strong></span> <span class='ocrx_word' id='word_1_604' title='bbox 2805 2114 2849 2168; x_wconf 92' lang='lat' dir='ltr'><strong>si</strong></span> <span class='ocrx_word' id='word_1_605' title='bbox 2904 2113 3093 2170; x_wconf 86' lang='lat' dir='ltr'><strong>beatus</strong></span> <span class='ocrx_word' id='word_1_606' title='bbox 3147 2116 3406 2187; x_wconf 89' lang='lat' dir='ltr'><strong>propheta</strong></span> <span class='ocrx_word' id='word_1_607' title='bbox 3453 2117 3637 2185; x_wconf 83' lang='lat' dir='ltr'><strong>David,</strong></span> <span class='ocrx_word' id='word_1_608' title='bbox 3688 2135 3814 2175; x_wconf 89' lang='lat' dir='ltr'><strong>cum</strong></span> 
     </span>
    </p>
   </div>
   <div class='ocr_carea' id='block_1_81' title="bbox 2219 2203 3817 2279">
    <p class='ocr_par' dir='ltr' id='par_1_81' title="bbox 2219 2203 3817 2279">
     <span class='ocr_line' id='line_1_81' title="bbox 2219 2203 3817 2279; baseline 0.004 -22"><span class='ocrx_word' id='word_1_609' title='bbox 2219 2203 2624 2273; x_wconf 60' lang='lat' dir='ltr'><strong>dispositionem</strong></span> <span class='ocrx_word' id='word_1_610' title='bbox 2667 2205 2956 2261; x_wconf 89' lang='lat' dir='ltr'><strong>visibilium</strong></span> <span class='ocrx_word' id='word_1_611' title='bbox 2996 2206 3411 2275; x_wconf 87' lang='lat' dir='ltr'><strong>considerasset,</strong></span> <span class='ocrx_word' id='word_1_612' title='bbox 3456 2209 3817 2279; x_wconf 77' lang='lat' dir='ltr'><strong>exclamabat,</strong></span> 
     </span>
    </p>
   </div>
   <div class='ocr_carea' id='block_1_82' title="bbox 2222 2294 3821 2369">
    <p class='ocr_par' dir='ltr' id='par_1_82' title="bbox 2222 2294 3821 2369">
     <span class='ocr_line' id='line_1_82' title="bbox 2222 2294 3821 2369; baseline 0.004 -20"><span class='ocrx_word' id='word_1_613' title='bbox 2222 2294 2445 2350; x_wconf 85' lang='lat' dir='ltr'><strong>dicens:</strong></span> <span class='ocrx_word' id='word_1_614' title='bbox 2481 2294 2649 2362; x_wconf 84' lang='lat' dir='ltr'><strong>Quam</strong></span> <span class='ocrx_word' id='word_1_615' title='bbox 2689 2297 3019 2367; x_wconf 79' lang='lat' dir='ltr'><strong>magniﬁcam</strong></span> <span class='ocrx_word' id='word_1_616' title='bbox 3057 2309 3175 2353; x_wconf 88' lang='lat' dir='ltr'><strong>sunt</strong></span> <span class='ocrx_word' id='word_1_617' title='bbox 3223 2314 3376 2369; x_wconf 80' lang='lat' dir='ltr'><strong>Opera</strong></span> <span class='ocrx_word' id='word_1_618' title='bbox 3417 2310 3527 2367; x_wconf 87' lang='lat' dir='ltr'><strong>tua,</strong></span> <span class='ocrx_word' id='word_1_619' title='bbox 3561 2298 3821 2355; x_wconf 81' lang='lat' dir='ltr'><strong>Domine!</strong></span> 
     </span>
    </p>
   </div>
   <div class='ocr_carea' id='block_1_83' title="bbox 2222 2387 3814 2463">
    <p class='ocr_par' dir='ltr' id='par_1_83' title="bbox 2222 2387 3814 2463">
     <span class='ocr_line' id='line_1_83' title="bbox 2222 2387 3814 2463; baseline 0.006 -24"><span class='ocrx_word' id='word_1_620' title='bbox 2222 2387 2393 2440; x_wconf 86' lang='lat' dir='ltr'><strong>omnia</strong></span> <span class='ocrx_word' id='word_1_621' title='bbox 2417 2387 2471 2441; x_wconf 88' lang='lat' dir='ltr'><strong>in</strong></span> <span class='ocrx_word' id='word_1_622' title='bbox 2497 2389 2747 2458; x_wconf 84' lang='lat' dir='ltr'><strong>sapientia</strong></span> <span class='ocrx_word' id='word_1_623' title='bbox 2774 2388 2939 2457; x_wconf 78' lang='lat' dir='ltr'><strong>fecisti</strong></span> <span class='ocrx_word' id='word_1_624' title='bbox 2961 2387 3131 2458; x_wconf 81' lang='lat' dir='ltr'><strong>(Psal.</strong></span> <span class='ocrx_word' id='word_1_625' title='bbox 3158 2389 3279 2445; x_wconf 76' lang='grc'><strong>105.</strong></span> <span class='ocrx_word' id='word_1_626' title='bbox 3306 2389 3400 2462; x_wconf 64' lang='grc'><strong>24)</strong></span> <span class='ocrx_word' id='word_1_627' title='bbox 3431 2408 3446 2447; x_wconf 90' lang='lat'>:</span> <span class='ocrx_word' id='word_1_628' title='bbox 3478 2391 3544 2457; x_wconf 91' lang='lat' dir='ltr'><strong>si,</strong></span> <span class='ocrx_word' id='word_1_629' title='bbox 3573 2392 3814 2463; x_wconf 88' lang='lat' dir='ltr'><strong>inquam,</strong></span> 
     </span>
    </p>
   </div>
   <div class='ocr_carea' id='block_1_84' title="bbox 2222 2476 3823 2553">
    <p class='ocr_par' dir='ltr' id='par_1_84' title="bbox 2222 2476 3823 2553">
     <span class='ocr_line' id='line_1_84' title="bbox 2222 2476 3823 2553; baseline 0.007 -22"><span class='ocrx_word' id='word_1_630' title='bbox 2222 2476 2304 2532; x_wconf 86' lang='lat' dir='ltr'><strong>vir</strong></span> <span class='ocrx_word' id='word_1_631' title='bbox 2332 2483 2479 2532; x_wconf 87' lang='lat' dir='ltr'><strong>tanto</strong></span> <span class='ocrx_word' id='word_1_632' title='bbox 2507 2478 2704 2548; x_wconf 79' lang='lat' dir='ltr'><strong>Spiritu</strong></span> <span class='ocrx_word' id='word_1_633' title='bbox 2736 2480 3008 2550; x_wconf 78' lang='lat' dir='ltr'><strong>praeditus,</strong></span> <span class='ocrx_word' id='word_1_634' title='bbox 3037 2488 3092 2536; x_wconf 90' lang='lat' dir='ltr'><strong>et</strong></span> <span class='ocrx_word' id='word_1_635' title='bbox 3129 2480 3321 2553; x_wconf 86' lang='lat' dir='ltr'><strong>dignus</strong></span> <span class='ocrx_word' id='word_1_636' title='bbox 3349 2480 3581 2550; x_wconf 87' lang='lat' dir='ltr'><strong>habitus,</strong></span> <span class='ocrx_word' id='word_1_637' title='bbox 3621 2485 3708 2540; x_wconf 87' lang='lat' dir='ltr'><strong>cui</strong></span> <span class='ocrx_word' id='word_1_638' title='bbox 3736 2486 3823 2542; x_wconf 82' lang='lat' dir='ltr'><strong>in-</strong></span> 
     </span>
    </p>
   </div>
   <div class='ocr_carea' id='block_1_85' title="bbox 2221 2572 3820 2643">
    <p class='ocr_par' dir='ltr' id='par_1_85' title="bbox 2221 2572 3820 2643">
     <span class='ocr_line' id='line_1_85' title="bbox 2221 2572 3820 2643; baseline 0.007 -20"><span class='ocrx_word' id='word_1_639' title='bbox 2221 2579 2368 2625; x_wconf 90' lang='lat' dir='ltr'><strong>certa</strong></span> <span class='ocrx_word' id='word_1_640' title='bbox 2393 2578 2448 2626; x_wconf 88' lang='lat' dir='ltr'><strong>et</strong></span> <span class='ocrx_word' id='word_1_641' title='bbox 2470 2572 2677 2626; x_wconf 88' lang='lat' dir='ltr'><strong>occulta</strong></span> <span class='ocrx_word' id='word_1_642' title='bbox 2704 2572 2982 2643; x_wconf 76' lang='lat' dir='ltr'><strong>sapientia:</strong></span> <span class='ocrx_word' id='word_1_643' title='bbox 3000 2573 3194 2628; x_wconf 76' lang='lat' dir='ltr'><strong>divina:</strong></span> <span class='ocrx_word' id='word_1_644' title='bbox 3216 2573 3703 2643; x_wconf 86' lang='lat' dir='ltr'><strong>maiiil&#39;estarcutur,</strong></span> <span class='ocrx_word' id='word_1_645' title='bbox 3734 2578 3820 2634; x_wconf 90' lang='lat' dir='ltr'><strong>sic</strong></span> 
     </span>
    </p>
   </div>
   <div class='ocr_carea' id='block_1_86' title="bbox 2222 2660 3823 2738">
    <p class='ocr_par' dir='ltr' id='par_1_86' title="bbox 2222 2660 3823 2738">
     <span class='ocr_line' id='line_1_86' title="bbox 2222 2660 3823 2738; baseline 0.004 -21"><span class='ocrx_word' id='word_1_646' title='bbox 2222 2660 2555 2717; x_wconf 80' lang='lat' dir='ltr'><strong>exclamabat</strong></span> <span class='ocrx_word' id='word_1_647' title='bbox 2587 2678 2602 2717; x_wconf 91' lang='lat'><strong>:</strong></span> <span class='ocrx_word' id='word_1_648' title='bbox 2634 2663 2761 2733; x_wconf 92' lang='lat' dir='ltr'><strong>quid</strong></span> <span class='ocrx_word' id='word_1_649' title='bbox 2803 2663 3105 2720; x_wconf 87' lang='lat' dir='ltr'><strong>diceremus</strong></span> <span class='ocrx_word' id='word_1_650' title='bbox 3144 2680 3242 2721; x_wconf 89' lang='lat' dir='ltr'><strong>nos</strong></span> <span class='ocrx_word' id='word_1_651' title='bbox 3284 2666 3375 2738; x_wconf 89' lang='lat' dir='ltr'><strong>qui</strong></span> <span class='ocrx_word' id='word_1_652' title='bbox 3403 2674 3544 2722; x_wconf 89' lang='lat' dir='ltr'><strong>terra</strong></span> <span class='ocrx_word' id='word_1_653' title='bbox 3592 2678 3648 2723; x_wconf 90' lang='lat' dir='ltr'><strong>et</strong></span> <span class='ocrx_word' id='word_1_654' title='bbox 3680 2670 3823 2725; x_wconf 87' lang='lat' dir='ltr'><strong>cinis</strong></span> 
     </span>
    </p>
   </div>
   <div class='ocr_carea' id='block_1_87' title="bbox 2221 2755 3823 2829">
    <p class='ocr_par' dir='ltr' id='par_1_87' title="bbox 2221 2755 3823 2829">
     <span class='ocr_line' id='line_1_87' title="bbox 2221 2755 3823 2829; baseline 0.004 -18"><span class='ocrx_word' id='word_1_655' title='bbox 2221 2769 2430 2822; x_wconf 90' lang='lat' dir='ltr'><strong>sumus,</strong></span> <span class='ocrx_word' id='word_1_656' title='bbox 2474 2765 2531 2812; x_wconf 91' lang='lat' dir='ltr'><strong>et</strong></span> <span class='ocrx_word' id='word_1_657' title='bbox 2549 2755 2815 2813; x_wconf 89' lang='lat' dir='ltr'><strong>.debemus</strong></span> <span class='ocrx_word' id='word_1_658' title='bbox 2842 2759 3101 2815; x_wconf 89' lang='lat' dir='ltr'><strong>continuo</strong></span> <span class='ocrx_word' id='word_1_659' title='bbox 3129 2759 3335 2816; x_wconf 85' lang='lat' dir='ltr'><strong>vultum</strong></span> <span class='ocrx_word' id='word_1_660' title='bbox 3381 2760 3720 2829; x_wconf 89' lang='lat' dir='ltr'><strong>submittere,</strong></span> <span class='ocrx_word' id='word_1_661' title='bbox 3764 2771 3823 2820; x_wconf 89' lang='lat' dir='ltr'><strong>et</strong></span> 
     </span>
    </p>
   </div>
   <div class='ocr_carea' id='block_1_88' title="bbox 2222 2849 3820 2921">
    <p class='ocr_par' dir='ltr' id='par_1_88' title="bbox 2222 2849 3820 2921">
     <span class='ocr_line' id='line_1_88' title="bbox 2222 2849 3820 2921; baseline 0.006 -18"><span class='ocrx_word' id='word_1_662' title='bbox 2222 2849 2607 2921; x_wconf 85' lang='lat' dir='ltr'><strong>obstupescere</strong></span> <span class='ocrx_word' id='word_1_663' title='bbox 2641 2849 3015 2906; x_wconf 89' lang='lat' dir='ltr'><strong>universorum</strong></span> <span class='ocrx_word' id='word_1_664' title='bbox 3063 2851 3275 2907; x_wconf 89' lang='lat' dir='ltr'><strong>Domini</strong></span> <span class='ocrx_word' id='word_1_665' title='bbox 3313 2853 3635 2911; x_wconf 85' lang='lat' dir='ltr'><strong>inelfabilem</strong></span> <span class='ocrx_word' id='word_1_666' title='bbox 3663 2854 3820 2913; x_wconf 81' lang='lat' dir='ltr'><strong>beni-</strong></span> 
     </span>
    </p>
   </div>
   <div class='ocr_carea' id='block_1_89' title="bbox 2222 2940 3823 3017">
    <p class='ocr_par' dir='ltr' id='par_1_89' title="bbox 2222 2940 3823 3017">
     <span class='ocr_line' id='line_1_89' title="bbox 2222 2940 3823 3017; baseline 0.007 -24"><span class='ocrx_word' id='word_1_667' title='bbox 2222 2940 2523 3011; x_wconf 84' lang='lat' dir='ltr'><strong>gnitatem?</strong></span> <span class='ocrx_word' id='word_1_668' title='bbox 2592 2940 2661 2998; x_wconf 86' lang='lat' dir='ltr'><strong>Et</strong></span> <span class='ocrx_word' id='word_1_669' title='bbox 2696 2941 2825 3011; x_wconf 91' lang='lat' dir='ltr'><strong>quid</strong></span> <span class='ocrx_word' id='word_1_670' title='bbox 2867 2942 2988 2998; x_wconf 89' lang='lat' dir='ltr'><strong>dico</strong></span> <span class='ocrx_word' id='word_1_671' title='bbox 3054 2942 3405 3013; x_wconf 84' lang='lat' dir='ltr'><strong>pr0phctam?</strong></span> <span class='ocrx_word' id='word_1_672' title='bbox 3453 2944 3648 3003; x_wconf 86' lang='lat' dir='ltr'><strong>Beatus</strong></span> <span class='ocrx_word' id='word_1_673' title='bbox 3703 2945 3823 3017; x_wconf 88' lang='lat' dir='ltr'><strong>ipse</strong></span> 
     </span>
    </p>
   </div>
   <div class='ocr_carea' id='block_1_90' title="bbox 2224 3032 3820 3113">
    <p class='ocr_par' dir='ltr' id='par_1_90' title="bbox 2224 3032 3820 3113">
     <span class='ocr_line' id='line_1_90' title="bbox 2224 3032 3820 3113; baseline 0.006 -27"><span class='ocrx_word' id='word_1_674' title='bbox 2224 3032 2441 3099; x_wconf 89' lang='lat' dir='ltr'><strong>Paulus,</strong></span> <span class='ocrx_word' id='word_1_675' title='bbox 2462 3033 2639 3088; x_wconf 87' lang='lat' dir='ltr'><strong>anima</strong></span> <span class='ocrx_word' id='word_1_676' title='bbox 2665 3033 2754 3089; x_wconf 88' lang='lat' dir='ltr'><strong>illa</strong></span> <span class='ocrx_word' id='word_1_677' title='bbox 2798 3033 2866 3089; x_wconf 91' lang='lat' dir='ltr'><strong>ad</strong></span> <span class='ocrx_word' id='word_1_678' title='bbox 2901 3034 3063 3091; x_wconf 66' lang='lat' dir='ltr'><strong>caelos</strong></span> <span class='ocrx_word' id='word_1_679' title='bbox 3092 3050 3261 3107; x_wconf 90' lang='lat' dir='ltr'><strong>usque</strong></span> <span class='ocrx_word' id='word_1_680' title='bbox 3284 3035 3552 3106; x_wconf 88' lang='lat' dir='ltr'><strong>sublimis,</strong></span> <span class='ocrx_word' id='word_1_681' title='bbox 3591 3051 3820 3113; x_wconf 85' lang='lat' dir='ltr'><strong>corpore</strong></span> 
     </span>
    </p>
   </div>
   <div class='ocr_carea' id='block_1_91' title="bbox 2222 3129 3820 3203">
    <p class='ocr_par' dir='ltr' id='par_1_91' title="bbox 2222 3129 3820 3203">
     <span class='ocr_line' id='line_1_91' title="bbox 2222 3129 3820 3203; baseline 0.004 -20"><span class='ocrx_word' id='word_1_682' title='bbox 2222 3129 2605 3196; x_wconf 89' lang='lat' dir='ltr'><strong>circumdatus,</strong></span> <span class='ocrx_word' id='word_1_683' title='bbox 2638 3138 2844 3188; x_wconf 91' lang='lat' dir='ltr'><strong>etcum</strong></span> <span class='ocrx_word' id='word_1_684' title='bbox 2893 3131 3224 3202; x_wconf 89' lang='lat' dir='ltr'><strong>iucorporeis</strong></span> <span class='ocrx_word' id='word_1_685' title='bbox 3250 3132 3536 3189; x_wconf 87' lang='lat' dir='ltr'><strong>virtutibus</strong></span> <span class='ocrx_word' id='word_1_686' title='bbox 3579 3142 3820 3203; x_wconf 84' lang='lat' dir='ltr'><strong>certans,</strong></span> 
     </span>
    </p>
   </div>
   <div class='ocr_carea' id='block_1_92' title="bbox 2225 3221 3821 3297">
    <p class='ocr_par' dir='ltr' id='par_1_92' title="bbox 2225 3221 3821 3297">
     <span class='ocr_line' id='line_1_92' title="bbox 2225 3221 3821 3297; baseline 0.004 -21"><span class='ocrx_word' id='word_1_687' title='bbox 2225 3221 2278 3276; x_wconf 92' lang='lat' dir='ltr'><strong>in</strong></span> <span class='ocrx_word' id='word_1_688' title='bbox 2307 3229 2449 3277; x_wconf 90' lang='lat' dir='ltr'><strong>terra</strong></span> <span class='ocrx_word' id='word_1_689' title='bbox 2479 3223 2781 3291; x_wconf 88' lang='lat' dir='ltr'><strong>ambulans,</strong></span> <span class='ocrx_word' id='word_1_690' title='bbox 2812 3234 2866 3281; x_wconf 91' lang='lat' dir='ltr'><strong>et</strong></span> <span class='ocrx_word' id='word_1_691' title='bbox 2896 3226 3060 3280; x_wconf 88' lang='lat' dir='ltr'><strong>animi</strong></span> <span class='ocrx_word' id='word_1_692' title='bbox 3087 3225 3266 3282; x_wconf 90' lang='lat' dir='ltr'><strong>studio</strong></span> <span class='ocrx_word' id='word_1_693' title='bbox 3292 3226 3479 3282; x_wconf 75' lang='lat' dir='ltr'><strong>caelum</strong></span> <span class='ocrx_word' id='word_1_694' title='bbox 3508 3240 3821 3297; x_wconf 89' lang='lat' dir='ltr'><strong>peragrans,</strong></span> 
     </span>
    </p>
   </div>
   <div class='ocr_carea' id='block_1_93' title="bbox 2223 3315 3823 3388">
    <p class='ocr_par' dir='ltr' id='par_1_93' title="bbox 2223 3315 3823 3388">
     <span class='ocr_line' id='line_1_93' title="bbox 2223 3315 3823 3388; baseline 0.003 -18"><span class='ocrx_word' id='word_1_695' title='bbox 2223 3329 2343 3370; x_wconf 90' lang='lat' dir='ltr'><strong>cum</strong></span> <span class='ocrx_word' id='word_1_696' title='bbox 2386 3315 2439 3370; x_wconf 92' lang='lat' dir='ltr'><strong>in</strong></span> <span class='ocrx_word' id='word_1_697' title='bbox 2489 3331 2647 3371; x_wconf 91' lang='lat' dir='ltr'><strong>unam</strong></span> <span class='ocrx_word' id='word_1_698' title='bbox 2677 3325 2882 3386; x_wconf 89' lang='lat' dir='ltr'><strong>partem</strong></span> <span class='ocrx_word' id='word_1_699' title='bbox 2913 3318 3371 3388; x_wconf 79' lang='lat' dir='ltr'><strong>diSpciisationum</strong></span> <span class='ocrx_word' id='word_1_700' title='bbox 3419 3318 3513 3374; x_wconf 85' lang='lat' dir='ltr'><strong>Dei</strong></span> <span class='ocrx_word' id='word_1_701' title='bbox 3557 3319 3823 3376; x_wconf 84' lang='lat' dir='ltr'><strong>incideret</strong></span> 
     </span>
    </p>
   </div>
   <div class='ocr_carea' id='block_1_94' title="bbox 2227 3404 3821 3482">
    <p class='ocr_par' dir='ltr' id='par_1_94' title="bbox 2227 3404 3821 3482">
     <span class='ocr_line' id='line_1_94' title="bbox 2227 3404 3821 3482; baseline 0.003 -22"><span class='ocrx_word' id='word_1_702' title='bbox 2227 3404 2319 3477; x_wconf 83' lang='lat' dir='ltr'><strong>(de</strong></span> <span class='ocrx_word' id='word_1_703' title='bbox 2363 3404 2565 3463; x_wconf 62' lang='lat' dir='ltr'><strong>Iudaeis</strong></span> <span class='ocrx_word' id='word_1_704' title='bbox 2603 3415 2660 3462; x_wconf 91' lang='lat' dir='ltr'><strong>et</strong></span> <span class='ocrx_word' id='word_1_705' title='bbox 2706 3409 2996 3479; x_wconf 88' lang='lat' dir='ltr'><strong>gentilibus</strong></span> <span class='ocrx_word' id='word_1_706' title='bbox 3034 3409 3250 3480; x_wconf 90' lang='lat' dir='ltr'><strong>loquor,</strong></span> <span class='ocrx_word' id='word_1_707' title='bbox 3295 3409 3439 3482; x_wconf 90' lang='lat' dir='ltr'><strong>quod</strong></span> <span class='ocrx_word' id='word_1_708' title='bbox 3483 3410 3557 3466; x_wconf 92' lang='lat' dir='ltr'><strong>illi</strong></span> <span class='ocrx_word' id='word_1_709' title='bbox 3603 3410 3821 3481; x_wconf 89' lang='lat' dir='ltr'><strong>quidem</strong></span> 
     </span>
    </p>
   </div>
   <div class='ocr_carea' id='block_1_95' title="bbox 2223 3497 3821 3572">
    <p class='ocr_par' dir='ltr' id='par_1_95' title="bbox 2223 3497 3821 3572">
     <span class='ocr_line' id='line_1_95' title="bbox 2223 3497 3821 3572; baseline 0.003 -20"><span class='ocrx_word' id='word_1_710' title='bbox 2223 3497 2405 3568; x_wconf 89' lang='lat' dir='ltr'><strong>ejecti,</strong></span> <span class='ocrx_word' id='word_1_711' title='bbox 2434 3498 2488 3553; x_wconf 89' lang='lat' dir='ltr'><strong>lii</strong></span> <span class='ocrx_word' id='word_1_712' title='bbox 2509 3508 2686 3554; x_wconf 89' lang='lat' dir='ltr'><strong>autem</strong></span> <span class='ocrx_word' id='word_1_713' title='bbox 2716 3501 2768 3555; x_wconf 91' lang='lat' dir='ltr'><strong>in</strong></span> <span class='ocrx_word' id='word_1_714' title='bbox 2792 3500 2966 3556; x_wconf 86' lang='lat' dir='ltr'><strong>locum</strong></span> <span class='ocrx_word' id='word_1_715' title='bbox 2993 3501 3209 3557; x_wconf 91' lang='lat' dir='ltr'><strong>illorum</strong></span> <span class='ocrx_word' id='word_1_716' title='bbox 3237 3502 3521 3559; x_wconf 89' lang='lat' dir='ltr'><strong>introducti</strong></span> <span class='ocrx_word' id='word_1_717' title='bbox 3544 3503 3821 3572; x_wconf 87' lang='lat' dir='ltr'><strong>fuissent),</strong></span> 
     </span>
    </p>
   </div>
   <div class='ocr_carea' id='block_1_96' title="bbox 2224 3589 3820 3657">
    <p class='ocr_par' dir='ltr' id='par_1_96' title="bbox 2224 3589 3820 3657">
     <span class='ocr_line' id='line_1_96' title="bbox 2224 3589 3820 3657; baseline 0.003 -13"><span class='ocrx_word' id='word_1_718' title='bbox 2224 3599 2279 3644; x_wconf 88' lang='lat' dir='ltr'><strong>et</strong></span> <span class='ocrx_word' id='word_1_719' title='bbox 2306 3603 2491 3645; x_wconf 85' lang='lat' dir='ltr'><strong>secum</strong></span> <span class='ocrx_word' id='word_1_720' title='bbox 2532 3589 2818 3657; x_wconf 88' lang='lat' dir='ltr'><strong>dubitaret,</strong></span> <span class='ocrx_word' id='word_1_721' title='bbox 2864 3600 2921 3649; x_wconf 86' lang='lat' dir='ltr'><strong>et</strong></span> <span class='ocrx_word' id='word_1_722' title='bbox 2964 3593 3293 3650; x_wconf 81' lang='lat' dir='ltr'><strong>internarum</strong></span> <span class='ocrx_word' id='word_1_723' title='bbox 3336 3595 3614 3650; x_wconf 89' lang='lat' dir='ltr'><strong>oculorum</strong></span> <span class='ocrx_word' id='word_1_724' title='bbox 3648 3597 3820 3649; x_wconf 86' lang='lat' dir='ltr'><strong>verti-</strong></span> 
     </span>
    </p>
   </div>
   <div class='ocr_carea' id='block_1_97' title="bbox 2222 3681 3823 3754">
    <p class='ocr_par' dir='ltr' id='par_1_97' title="bbox 2222 3681 3823 3754">
     <span class='ocr_line' id='line_1_97' title="bbox 2222 3681 3823 3754; baseline 0.004 -20"><span class='ocrx_word' id='word_1_725' title='bbox 2222 3681 2348 3750; x_wconf 88' lang='lat' dir='ltr'><strong>gine</strong></span> <span class='ocrx_word' id='word_1_726' title='bbox 2378 3681 2665 3751; x_wconf 83' lang='lat' dir='ltr'><strong>laboraret,</strong></span> <span class='ocrx_word' id='word_1_727' title='bbox 2714 3686 3050 3754; x_wconf 79' lang='lat' dir='ltr'><strong>exclamavit,</strong></span> <span class='ocrx_word' id='word_1_728' title='bbox 3092 3686 3319 3743; x_wconf 86' lang='lat' dir='ltr'><strong>dicens:</strong></span> <span class='ocrx_word' id='word_1_729' title='bbox 3356 3686 3403 3742; x_wconf 92' lang='lat'><em>0</em></span> <span class='ocrx_word' id='word_1_730' title='bbox 3440 3687 3659 3743; x_wconf 86' lang='lat' dir='ltr'><strong>altitudo</strong></span> <span class='ocrx_word' id='word_1_731' title='bbox 3690 3687 3823 3741; x_wconf 79' lang='lat' dir='ltr'><strong>diui-</strong></span> 
     </span>
    </p>
   </div>
   <div class='ocr_carea' id='block_1_98' title="bbox 2227 3771 3824 3849">
    <p class='ocr_par' dir='ltr' id='par_1_98' title="bbox 2227 3771 3824 3849">
     <span class='ocr_line' id='line_1_98' title="bbox 2227 3771 3824 3849; baseline 0.004 -25"><span class='ocrx_word' id='word_1_732' title='bbox 2227 3771 2413 3826; x_wconf 80' lang='lat' dir='ltr'><strong>tiarum</strong></span> <span class='ocrx_word' id='word_1_733' title='bbox 2437 3780 2484 3827; x_wconf 82' lang='lat' dir='ltr'><strong>et</strong></span> <span class='ocrx_word' id='word_1_734' title='bbox 2509 3775 2792 3844; x_wconf 66' lang='lat' dir='ltr'><strong>sapientiae,</strong></span> <span class='ocrx_word' id='word_1_735' title='bbox 2820 3786 2867 3830; x_wconf 81' lang='lat' dir='ltr'><strong>et</strong></span> <span class='ocrx_word' id='word_1_736' title='bbox 2894 3777 3119 3832; x_wconf 67' lang='lat' dir='ltr'><strong>scientia</strong></span> <span class='ocrx_word' id='word_1_737' title='bbox 3148 3776 3265 3844; x_wconf 85' lang='lat' dir='ltr'><strong>Dei,</strong></span> <span class='ocrx_word' id='word_1_738' title='bbox 3291 3795 3444 3849; x_wconf 76' lang='lat' dir='ltr'><strong>quam</strong></span> <span class='ocrx_word' id='word_1_739' title='bbox 3475 3777 3824 3832; x_wconf 82' lang='lat' dir='ltr'><strong>iuscrutabilia</strong></span> 
     </span>
    </p>
   </div>
   <div class='ocr_carea' id='block_1_99' title="bbox 2224 3865 3819 3942">
    <p class='ocr_par' dir='ltr' id='par_1_99' title="bbox 2224 3865 3819 3942">
     <span class='ocr_line' id='line_1_99' title="bbox 2224 3865 3819 3942; baseline 0.003 -24"><span class='ocrx_word' id='word_1_740' title='bbox 2224 3874 2344 3919; x_wconf 85' lang='lat' dir='ltr'><strong>sunt</strong></span> <span class='ocrx_word' id='word_1_741' title='bbox 2372 3865 2568 3934; x_wconf 81' lang='lat' dir='ltr'><strong>iudicia</strong></span> <span class='ocrx_word' id='word_1_742' title='bbox 2594 3868 2724 3939; x_wconf 83' lang='lat' dir='ltr'><strong>ejus,</strong></span> <span class='ocrx_word' id='word_1_743' title='bbox 2756 3878 2805 3922; x_wconf 87' lang='lat' dir='ltr'><strong>et</strong></span> <span class='ocrx_word' id='word_1_744' title='bbox 2845 3869 3214 3941; x_wconf 75' lang='lat' dir='ltr'><strong>inaestigabiles</strong></span> <span class='ocrx_word' id='word_1_745' title='bbox 3250 3871 3347 3925; x_wconf 68' lang='lat' dir='ltr'><strong>vita</strong></span> <span class='ocrx_word' id='word_1_746' title='bbox 3372 3870 3484 3942; x_wconf 81' lang='lat' dir='ltr'><strong>ejus</strong></span> <span class='ocrx_word' id='word_1_747' title='bbox 3513 3870 3695 3941; x_wconf 87' lang='lat' dir='ltr'><strong>(Rom.</strong></span> <span class='ocrx_word' id='word_1_748' title='bbox 3729 3870 3819 3924; x_wconf 88' lang='grc'><strong>11.</strong></span> 
     </span>
    </p>
   </div>
   <div class='ocr_carea' id='block_1_100' title="bbox 2225 3955 3825 4031">
    <p class='ocr_par' dir='ltr' id='par_1_100' title="bbox 2225 3955 3825 4031">
     <span class='ocr_line' id='line_1_100' title="bbox 2225 3955 3825 4031; baseline 0.003 -20"><span class='ocrx_word' id='word_1_749' title='bbox 2225 3955 2355 4026; x_wconf 78' lang='lat'><strong>&#39;55)!</strong></span> <span class='ocrx_word' id='word_1_750' title='bbox 2388 3955 2525 4013; x_wconf 59' lang='lat' dir='ltr'><strong>Sed:</strong></span> <span class='ocrx_word' id='word_1_751' title='bbox 2545 3956 2631 4013; x_wconf 87' lang='lat' dir='ltr'><strong>hic</strong></span> <span class='ocrx_word' id='word_1_752' title='bbox 2673 3959 2904 4015; x_wconf 88' lang='lat' dir='ltr'><strong>libenter</strong></span> <span class='ocrx_word' id='word_1_753' title='bbox 2933 3961 3165 4031; x_wconf 89' lang='lat' dir='ltr'><strong>rogariin</strong></span> <span class='ocrx_word' id='word_1_754' title='bbox 3216 3975 3332 4030; x_wconf 86' lang='lat' dir='ltr'><strong>eos,</strong></span> <span class='ocrx_word' id='word_1_755' title='bbox 3364 3961 3455 4031; x_wconf 91' lang='lat' dir='ltr'><strong>qui</strong></span> <span class='ocrx_word' id='word_1_756' title='bbox 3485 3960 3556 4017; x_wconf 91' lang='lat' dir='ltr'><strong>de</strong></span> <span class='ocrx_word' id='word_1_757' title='bbox 3592 3976 3825 4031; x_wconf 83' lang='lat' dir='ltr'><strong>genera-</strong></span> 
     </span>
    </p>
   </div>
   <div class='ocr_carea' id='block_1_101' title="bbox 2228 4047 3824 4123">
    <p class='ocr_par' dir='ltr' id='par_1_101' title="bbox 2228 4047 3824 4123">
     <span class='ocr_line' id='line_1_101' title="bbox 2228 4047 3824 4123; baseline 0.003 -22"><span class='ocrx_word' id='word_1_758' title='bbox 2228 4047 2373 4104; x_wconf 88' lang='lat' dir='ltr'><strong>tione</strong></span> <span class='ocrx_word' id='word_1_759' title='bbox 2405 4048 2527 4105; x_wconf 86' lang='lat' dir='ltr'><strong>Filii</strong></span> <span class='ocrx_word' id='word_1_760' title='bbox 2557 4049 2649 4106; x_wconf 89' lang='lat' dir='ltr'><strong>Dei</strong></span> <span class='ocrx_word' id='word_1_761' title='bbox 2678 4052 2943 4107; x_wconf 88' lang='lat' dir='ltr'><strong>curiosius</strong></span> <span class='ocrx_word' id='word_1_762' title='bbox 2970 4052 3278 4123; x_wconf 81' lang='lat' dir='ltr'><strong>exquirunt,</strong></span> <span class='ocrx_word' id='word_1_763' title='bbox 3305 4061 3361 4108; x_wconf 89' lang='lat' dir='ltr'><strong>et</strong></span> <span class='ocrx_word' id='word_1_764' title='bbox 3385 4051 3558 4107; x_wconf 88' lang='lat' dir='ltr'><strong>sancti</strong></span> <span class='ocrx_word' id='word_1_765' title='bbox 3587 4051 3824 4121; x_wconf 88' lang='lat' dir='ltr'><strong>Spiritus</strong></span> 
     </span>
    </p>
   </div>
   <div class='ocr_carea' id='block_1_102' title="bbox 2226 4139 3826 4211">
    <p class='ocr_par' dir='ltr' id='par_1_102' title="bbox 2226 4139 3826 4211">
     <span class='ocr_line' id='line_1_102' title="bbox 2226 4139 3826 4211; baseline 0.002 -16"><span class='ocrx_word' id='word_1_766' title='bbox 2226 4139 2538 4211; x_wconf 87' lang='lat' dir='ltr'><strong>dignitatem</strong></span> <span class='ocrx_word' id='word_1_767' title='bbox 2591 4140 2805 4198; x_wconf 88' lang='lat' dir='ltr'><strong>auferre</strong></span> <span class='ocrx_word' id='word_1_768' title='bbox 2844 4150 3051 4198; x_wconf 85' lang='lat' dir='ltr'><strong>tentant</strong></span> <span class='ocrx_word' id='word_1_769' title='bbox 3093 4160 3107 4199; x_wconf 91' lang='lat'>:</span> <span class='ocrx_word' id='word_1_770' title='bbox 3151 4141 3307 4199; x_wconf 90' lang='lat' dir='ltr'><strong>Unde</strong></span> <span class='ocrx_word' id='word_1_771' title='bbox 3345 4142 3517 4208; x_wconf 88' lang='lat' dir='ltr'><strong>vobis,</strong></span> <span class='ocrx_word' id='word_1_772' title='bbox 3571 4143 3826 4209; x_wconf 82' lang='lat' dir='ltr'><strong>obsecro,</strong></span> 
     </span>
    </p>
   </div>
   <div class='ocr_carea' id='block_1_103' title="bbox 2229 4232 3827 4305">
    <p class='ocr_par' dir='ltr' id='par_1_103' title="bbox 2229 4232 3827 4305">
     <span class='ocr_line' id='line_1_103' title="bbox 2229 4232 3827 4305; baseline 0.001 -19"><span class='ocrx_word' id='word_1_773' title='bbox 2229 4240 2394 4288; x_wconf 66' lang='lat' dir='ltr'><strong>tanta:</strong></span> <span class='ocrx_word' id='word_1_774' title='bbox 2421 4232 2664 4289; x_wconf 69' lang='lat' dir='ltr'><strong>audaciai</strong></span> <span class='ocrx_word' id='word_1_775' title='bbox 2693 4232 3003 4291; x_wconf 84' lang='lat' dir='ltr'><strong>temeritas?</strong></span> <span class='ocrx_word' id='word_1_776' title='bbox 3023 4249 3056 4289; x_wconf 88' lang='lat' dir='ltr'><strong>a</strong></span> <span class='ocrx_word' id='word_1_777' title='bbox 3080 4249 3184 4305; x_wconf 91' lang='lat' dir='ltr'><strong>qua</strong></span> <span class='ocrx_word' id='word_1_778' title='bbox 3211 4232 3512 4289; x_wconf 89' lang='lat' dir='ltr'><strong>temeritate</strong></span> <span class='ocrx_word' id='word_1_779' title='bbox 3540 4233 3592 4288; x_wconf 92' lang='lat' dir='ltr'><strong>in</strong></span> <span class='ocrx_word' id='word_1_780' title='bbox 3621 4241 3827 4288; x_wconf 88' lang='lat' dir='ltr'><strong>tantam</strong></span> 
     </span>
    </p>
   </div>
   <div class='ocr_carea' id='block_1_104' title="bbox 2226 4324 3829 4382">
    <p class='ocr_par' dir='ltr' id='par_1_104' title="bbox 2226 4324 3829 4382">
     <span class='ocr_line' id='line_1_104' title="bbox 2226 4324 3829 4382; baseline 0.002 -4"><span class='ocrx_word' id='word_1_781' title='bbox 2226 4324 2409 4381; x_wconf 90' lang='lat' dir='ltr'><strong>ruistis</strong></span> <span class='ocrx_word' id='word_1_782' title='bbox 2449 4324 2751 4380; x_wconf 88' lang='lat' dir='ltr'><strong>insaniam?</strong></span> <span class='ocrx_word' id='word_1_783' title='bbox 2792 4325 2925 4380; x_wconf 88' lang='lat' dir='ltr'><strong>Nam</strong></span> <span class='ocrx_word' id='word_1_784' title='bbox 2955 4325 3000 4380; x_wconf 92' lang='lat' dir='ltr'><strong>si</strong></span> <span class='ocrx_word' id='word_1_785' title='bbox 3029 4324 3227 4381; x_wconf 87' lang='lat' dir='ltr'><strong>Paulus</strong></span> <span class='ocrx_word' id='word_1_786' title='bbox 3270 4324 3363 4380; x_wconf 90' lang='lat' dir='ltr'><strong>ille</strong></span> <span class='ocrx_word' id='word_1_787' title='bbox 3411 4333 3594 4379; x_wconf 83' lang='lat' dir='ltr'><strong>tantus</strong></span> <span class='ocrx_word' id='word_1_788' title='bbox 3620 4332 3675 4380; x_wconf 89' lang='lat' dir='ltr'><strong>et</strong></span> <span class='ocrx_word' id='word_1_789' title='bbox 3701 4325 3829 4382; x_wconf 84' lang='lat' dir='ltr'><strong>talis</strong></span> 
     </span>
    </p>
   </div>
   <div class='ocr_carea' id='block_1_105' title="bbox 2222 4414 3824 4488">
    <p class='ocr_par' dir='ltr' id='par_1_105' title="bbox 2222 4414 3824 4488">
     <span class='ocr_line' id='line_1_105' title="bbox 2222 4414 3824 4488; baseline 0.001 -19"><span class='ocrx_word' id='word_1_790' title='bbox 2222 4415 2421 4483; x_wconf 89' lang='lat' dir='ltr'><strong>judicia</strong></span> <span class='ocrx_word' id='word_1_791' title='bbox 2443 4415 2577 4485; x_wconf 91' lang='lat' dir='ltr'><strong>ejus,</strong></span> <span class='ocrx_word' id='word_1_792' title='bbox 2611 4414 2714 4473; x_wconf 88' lang='lat' dir='ltr'><strong>hoc</strong></span> <span class='ocrx_word' id='word_1_793' title='bbox 2738 4427 2840 4483; x_wconf 90' lang='lat' dir='ltr'><strong>est,</strong></span> <span class='ocrx_word' id='word_1_794' title='bbox 2863 4416 3290 4486; x_wconf 88' lang='lat' dir='ltr'><strong>dispensationes</strong></span> <span class='ocrx_word' id='word_1_795' title='bbox 3308 4423 3365 4472; x_wconf 91' lang='lat' dir='ltr'><strong>et</strong></span> <span class='ocrx_word' id='word_1_796' title='bbox 3381 4414 3824 4488; x_wconf 86' lang='lat' dir='ltr'><strong>gubernatioues,</strong></span> 
     </span>
    </p>
   </div>
   <div class='ocr_carea' id='block_1_106' title="bbox 2229 4505 3822 4576">
    <p class='ocr_par' dir='ltr' id='par_1_106' title="bbox 2229 4505 3822 4576">
     <span class='ocr_line' id='line_1_106' title="bbox 2229 4505 3822 4576; baseline -0.001 -15"><span class='ocrx_word' id='word_1_797' title='bbox 2229 4506 2593 4561; x_wconf 90' lang='lat' dir='ltr'><strong>iuscrutabilia</strong></span> <span class='ocrx_word' id='word_1_798' title='bbox 2619 4522 2742 4564; x_wconf 87' lang='lat' dir='ltr'><strong>esse</strong></span> <span class='ocrx_word' id='word_1_799' title='bbox 2765 4506 2896 4562; x_wconf 88' lang='lat' dir='ltr'><strong>dicit</strong></span> <span class='ocrx_word' id='word_1_800' title='bbox 2924 4523 2938 4561; x_wconf 94' lang='lat'>:</span> <span class='ocrx_word' id='word_1_801' title='bbox 2968 4515 3155 4563; x_wconf 89' lang='lat' dir='ltr'><strong>etnon</strong></span> <span class='ocrx_word' id='word_1_802' title='bbox 3193 4505 3324 4562; x_wconf 91' lang='lat' dir='ltr'><strong>dicit</strong></span> <span class='ocrx_word' id='word_1_803' title='bbox 3352 4505 3822 4576; x_wconf 88' lang='lat' dir='ltr'><strong>incomprehensi-</strong></span> 
     </span>
    </p>
   </div>
   <div class='ocr_carea' id='block_1_107' title="bbox 2225 4597 3829 4666">
    <p class='ocr_par' dir='ltr' id='par_1_107' title="bbox 2225 4597 3829 4666">
     <span class='ocr_line' id='line_1_107' title="bbox 2225 4597 3829 4666; baseline -0.002 -12"><span class='ocrx_word' id='word_1_804' title='bbox 2225 4597 2374 4666; x_wconf 91' lang='lat' dir='ltr'><strong>bilia,</strong></span> <span class='ocrx_word' id='word_1_805' title='bbox 2411 4598 2508 4655; x_wconf 89' lang='lat' dir='ltr'><strong>sed</strong></span> <span class='ocrx_word' id='word_1_806' title='bbox 2537 4598 2922 4665; x_wconf 86' lang='lat' dir='ltr'><strong>iuscrutabilia,</strong></span> <span class='ocrx_word' id='word_1_807' title='bbox 2968 4599 3037 4654; x_wconf 92' lang='lat' dir='ltr'><strong>ita</strong></span> <span class='ocrx_word' id='word_1_808' title='bbox 3066 4607 3124 4653; x_wconf 93' lang='lat' dir='ltr'><strong>ut</strong></span> <span class='ocrx_word' id='word_1_809' title='bbox 3161 4598 3389 4654; x_wconf 91' lang='lat' dir='ltr'><strong>scrutari</strong></span> <span class='ocrx_word' id='word_1_810' title='bbox 3417 4611 3479 4652; x_wconf 90' lang='lat' dir='ltr'><strong>ea</strong></span> <span class='ocrx_word' id='word_1_811' title='bbox 3510 4611 3670 4652; x_wconf 90' lang='lat' dir='ltr'><strong>nemo</strong></span> <span class='ocrx_word' id='word_1_812' title='bbox 3699 4610 3829 4666; x_wconf 62' lang='lat' dir='ltr'><strong>pos-</strong></span> 
     </span>
    </p>
   </div>
   <div class='ocr_carea' id='block_1_108' title="bbox 2226 4688 3824 4761">
    <p class='ocr_par' dir='ltr' id='par_1_108' title="bbox 2226 4688 3824 4761">
     <span class='ocr_line' id='line_1_108' title="bbox 2226 4688 3824 4761; baseline -0.003 -16"><span class='ocrx_word' id='word_1_813' title='bbox 2226 4690 2330 4757; x_wconf 89' lang='lat' dir='ltr'><strong>sit;</strong></span> <span class='ocrx_word' id='word_1_814' title='bbox 2371 4697 2427 4746; x_wconf 94' lang='lat' dir='ltr'><strong>et</strong></span> <span class='ocrx_word' id='word_1_815' title='bbox 2470 4690 2868 4761; x_wconf 81' lang='lat' dir='ltr'><strong>investigabiles</strong></span> <span class='ocrx_word' id='word_1_816' title='bbox 2917 4690 3048 4746; x_wconf 90' lang='lat' dir='ltr'><strong>dicit</strong></span> <span class='ocrx_word' id='word_1_817' title='bbox 3088 4689 3205 4745; x_wconf 89' lang='lat' dir='ltr'><strong>vias</strong></span> <span class='ocrx_word' id='word_1_818' title='bbox 3247 4689 3395 4760; x_wconf 85' lang='lat' dir='ltr'><strong>ejus;</strong></span> <span class='ocrx_word' id='word_1_819' title='bbox 3441 4688 3638 4744; x_wconf 89' lang='lat' dir='ltr'><strong>iterum</strong></span> <span class='ocrx_word' id='word_1_820' title='bbox 3680 4688 3824 4744; x_wconf 86' lang='lat' dir='ltr'><strong>idem</strong></span> 
     </span>
    </p>
   </div>
   <div class='ocr_carea' id='block_1_109' title="bbox 2226 4782 3824 4854">
    <p class='ocr_par' dir='ltr' id='par_1_109' title="bbox 2226 4782 3824 4854">
     <span class='ocr_line' id='line_1_109' title="bbox 2226 4782 3824 4854; baseline -0.001 -15"><span class='ocrx_word' id='word_1_821' title='bbox 2226 4783 2430 4849; x_wconf 89' lang='lat' dir='ltr'><strong>dicens,</strong></span> <span class='ocrx_word' id='word_1_822' title='bbox 2460 4784 2572 4840; x_wconf 88' lang='lat' dir='ltr'><strong>vias</strong></span> <span class='ocrx_word' id='word_1_823' title='bbox 2611 4784 2861 4840; x_wconf 87' lang='lat' dir='ltr'><strong>mandata</strong></span> <span class='ocrx_word' id='word_1_824' title='bbox 2888 4799 3089 4841; x_wconf 89' lang='lat' dir='ltr'><strong>vocans</strong></span> <span class='ocrx_word' id='word_1_825' title='bbox 3118 4791 3172 4840; x_wconf 88' lang='lat' dir='ltr'><strong>et</strong></span> <span class='ocrx_word' id='word_1_826' title='bbox 3213 4791 3475 4854; x_wconf 66' lang='lat' dir='ltr'><strong>praecepta</strong></span> <span class='ocrx_word' id='word_1_827' title='bbox 3504 4801 3518 4839; x_wconf 91' lang='lat'><strong>:</strong></span> <span class='ocrx_word' id='word_1_828' title='bbox 3549 4782 3824 4853; x_wconf 86' lang='lat' dir='ltr'><strong>quomodo</strong></span> 
     </span>
    </p>
   </div>
   <div class='ocr_carea' id='block_1_110' title="bbox 2227 4876 3823 4949">
    <p class='ocr_par' dir='ltr' id='par_1_110' title="bbox 2227 4876 3823 4949">
     <span class='ocr_line' id='line_1_110' title="bbox 2227 4876 3823 4949; baseline -0.001 -17"><span class='ocrx_word' id='word_1_829' title='bbox 2227 4892 2322 4933; x_wconf 88' lang='lat' dir='ltr'><strong>vos</strong></span> <span class='ocrx_word' id='word_1_830' title='bbox 2350 4878 2700 4934; x_wconf 86' lang='lat' dir='ltr'><strong>substantiam</strong></span> <span class='ocrx_word' id='word_1_831' title='bbox 2730 4879 2898 4949; x_wconf 89' lang='lat' dir='ltr'><strong>ipsam</strong></span> <span class='ocrx_word' id='word_1_832' title='bbox 2923 4877 3194 4949; x_wconf 88' lang='lat' dir='ltr'><strong>Unigeniti</strong></span> <span class='ocrx_word' id='word_1_833' title='bbox 3216 4878 3480 4933; x_wconf 81' lang='lat' dir='ltr'><strong>curiosius</strong></span> <span class='ocrx_word' id='word_1_834' title='bbox 3513 4876 3823 4946; x_wconf 57' lang='lat' dir='ltr'><strong>explorare,</strong></span> 
     </span>
    </p>
   </div>
   <div class='ocr_carea' id='block_1_111' title="bbox 2225 4970 3826 5042">
    <p class='ocr_par' dir='ltr' id='par_1_111' title="bbox 2225 4970 3826 5042">
     <span class='ocr_line' id='line_1_111' title="bbox 2225 4970 3826 5042; baseline -0.003 -15"><span class='ocrx_word' id='word_1_835' title='bbox 2225 4981 2281 5027; x_wconf 89' lang='lat' dir='ltr'><strong>et</strong></span> <span class='ocrx_word' id='word_1_836' title='bbox 2313 4970 2547 5042; x_wconf 89' lang='lat' dir='ltr'><strong>Spiritus</strong></span> <span class='ocrx_word' id='word_1_837' title='bbox 2572 4971 2746 5026; x_wconf 85' lang='lat' dir='ltr'><strong>sancti</strong></span> <span class='ocrx_word' id='word_1_838' title='bbox 2773 4971 3109 5042; x_wconf 85' lang='lat' dir='ltr'><strong>dignitatem.</strong></span> <span class='ocrx_word' id='word_1_839' title='bbox 3156 4978 3416 5041; x_wconf 86' lang='lat' dir='ltr'><strong>quantum</strong></span> <span class='ocrx_word' id='word_1_840' title='bbox 3458 4971 3509 5023; x_wconf 91' lang='lat' dir='ltr'><strong>in</strong></span> <span class='ocrx_word' id='word_1_841' title='bbox 3538 4970 3690 5025; x_wconf 87' lang='lat' dir='ltr'><strong>vobis</strong></span> <span class='ocrx_word' id='word_1_842' title='bbox 3716 4979 3826 5036; x_wconf 87' lang='lat' dir='ltr'><strong>est,</strong></span> 
     </span>
    </p>
   </div>
   <div class='ocr_carea' id='block_1_112' title="bbox 2227 5060 3827 5135">
    <p class='ocr_par' dir='ltr' id='par_1_112' title="bbox 2227 5060 3827 5135">
     <span class='ocr_line' id='line_1_112' title="bbox 2227 5060 3827 5135; baseline -0.002 -15"><span class='ocrx_word' id='word_1_843' title='bbox 2227 5065 2545 5120; x_wconf 88' lang='lat' dir='ltr'><strong>imminuere</strong></span> <span class='ocrx_word' id='word_1_844' title='bbox 2568 5063 2774 5119; x_wconf 89' lang='lat' dir='ltr'><strong>audetis</strong></span> <span class='ocrx_word' id='word_1_845' title='bbox 2800 5061 2913 5135; x_wconf 90' lang='lat' dir='ltr'><strong>(a)?</strong></span> <span class='ocrx_word' id='word_1_846' title='bbox 2940 5062 3142 5128; x_wconf 87' lang='lat' dir='ltr'><strong>Videte,</strong></span> <span class='ocrx_word' id='word_1_847' title='bbox 3175 5060 3529 5126; x_wconf 90' lang='lat' dir='ltr'><strong>dilectissimi,</strong></span> <span class='ocrx_word' id='word_1_848' title='bbox 3558 5072 3827 5132; x_wconf 86' lang='lat' dir='ltr'><strong>quantum</strong></span> 
     </span>
    </p>
   </div>
   <div class='ocr_carea' id='block_1_113' title="bbox 2226 5153 3824 5226">
    <p class='ocr_par' dir='ltr' id='par_1_113' title="bbox 2226 5153 3824 5226">
     <span class='ocr_line' id='line_1_113' title="bbox 2226 5153 3824 5226; baseline -0.003 -14"><span class='ocrx_word' id='word_1_849' title='bbox 2226 5157 2425 5212; x_wconf 90' lang='lat' dir='ltr'><strong>malum</strong></span> <span class='ocrx_word' id='word_1_850' title='bbox 2463 5157 2534 5210; x_wconf 88' lang='lat' dir='ltr'><strong>sit</strong></span> <span class='ocrx_word' id='word_1_851' title='bbox 2562 5171 2668 5212; x_wconf 92' lang='lat' dir='ltr'><strong>non</strong></span> <span class='ocrx_word' id='word_1_852' title='bbox 2697 5156 2982 5226; x_wconf 87' lang='lat' dir='ltr'><strong>diligenter</strong></span> <span class='ocrx_word' id='word_1_853' title='bbox 3010 5153 3289 5210; x_wconf 89' lang='lat' dir='ltr'><strong>attendere</strong></span> <span class='ocrx_word' id='word_1_854' title='bbox 3320 5153 3387 5209; x_wconf 92' lang='lat' dir='ltr'><strong>ad</strong></span> <span class='ocrx_word' id='word_1_855' title='bbox 3413 5169 3475 5209; x_wconf 89' lang='lat' dir='ltr'><strong>ea</strong></span> <span class='ocrx_word' id='word_1_856' title='bbox 3505 5169 3625 5223; x_wconf 77' lang='lat' dir='ltr'><strong>quin</strong></span> <span class='ocrx_word' id='word_1_857' title='bbox 3653 5154 3703 5207; x_wconf 90' lang='lat' dir='ltr'><strong>in</strong></span> <span class='ocrx_word' id='word_1_858' title='bbox 3733 5153 3824 5208; x_wconf 93' lang='lat' dir='ltr'><strong>di-</strong></span> 
     </span>
    </p>
   </div>
   <div class='ocr_carea' id='block_1_114' title="bbox 2226 5238 3824 5320">
    <p class='ocr_par' dir='ltr' id='par_1_114' title="bbox 2226 5238 3824 5320">
     <span class='ocr_line' id='line_1_114' title="bbox 2226 5238 3824 5320; baseline -0.002 -17"><span class='ocrx_word' id='word_1_859' title='bbox 2226 5249 2365 5304; x_wconf 88' lang='lat' dir='ltr'><strong>vinis</strong></span> <span class='ocrx_word' id='word_1_860' title='bbox 2386 5248 2677 5320; x_wconf 89' lang='lat' dir='ltr'><strong>Scripturis</strong></span> <span class='ocrx_word' id='word_1_861' title='bbox 2704 5238 2831 5302; x_wconf 91' lang='lat' dir='ltr'><strong>sunt</strong></span> <span class='ocrx_word' id='word_1_862' title='bbox 2850 5254 3120 5302; x_wconf 90' lang='lat' dir='ltr'><strong>contenta.</strong></span> <span class='ocrx_word' id='word_1_863' title='bbox 3154 5246 3217 5301; x_wconf 89' lang='lat' dir='ltr'><strong>lli</strong></span> <span class='ocrx_word' id='word_1_864' title='bbox 3244 5244 3386 5300; x_wconf 86' lang='lat' dir='ltr'><strong>enim</strong></span> <span class='ocrx_word' id='word_1_865' title='bbox 3413 5246 3458 5301; x_wconf 92' lang='lat' dir='ltr'><strong>si</strong></span> <span class='ocrx_word' id='word_1_866' title='bbox 3488 5260 3610 5300; x_wconf 88' lang='lat' dir='ltr'><strong>cum</strong></span> <span class='ocrx_word' id='word_1_867' title='bbox 3642 5246 3824 5315; x_wconf 89' lang='lat' dir='ltr'><strong>sagaci</strong></span> 
     </span>
    </p>
   </div>
   <div class='ocr_carea' id='block_1_115' title="bbox 2223 5336 3824 5414">
    <p class='ocr_par' dir='ltr' id='par_1_115' title="bbox 2223 5336 3824 5414">
     <span class='ocr_line' id='line_1_115' title="bbox 2223 5336 3824 5414; baseline -0.006 -15"><span class='ocrx_word' id='word_1_868' title='bbox 2223 5352 2279 5399; x_wconf 92' lang='lat' dir='ltr'><strong>et</strong></span> <span class='ocrx_word' id='word_1_869' title='bbox 2309 5343 2474 5414; x_wconf 89' lang='lat' dir='ltr'><strong>proba</strong></span> <span class='ocrx_word' id='word_1_870' title='bbox 2501 5350 2683 5397; x_wconf 89' lang='lat' dir='ltr'><strong>mente</strong></span> <span class='ocrx_word' id='word_1_871' title='bbox 2709 5339 3009 5397; x_wconf 88' lang='lat' dir='ltr'><strong>doctrinam</strong></span> <span class='ocrx_word' id='word_1_872' title='bbox 3038 5339 3232 5395; x_wconf 71' lang='lat' dir='ltr'><strong>divina:</strong></span> <span class='ocrx_word' id='word_1_873' title='bbox 3256 5336 3549 5407; x_wconf 70' lang='lat' dir='ltr'><strong>Scriptura:</strong></span> <span class='ocrx_word' id='word_1_874' title='bbox 3573 5337 3824 5406; x_wconf 87' lang='lat' dir='ltr'><strong>accepis-</strong></span> 
     </span>
    </p>
   </div>
   <div class='ocr_carea' id='block_1_116' title="bbox 2223 5428 3821 5502">
    <p class='ocr_par' dir='ltr' id='par_1_116' title="bbox 2223 5428 3821 5502">
     <span class='ocr_line' id='line_1_116' title="bbox 2223 5428 3821 5502; baseline -0.007 -10"><span class='ocrx_word' id='word_1_875' title='bbox 2223 5446 2362 5502; x_wconf 82' lang='lat' dir='ltr'><strong>sent,</strong></span> <span class='ocrx_word' id='word_1_876' title='bbox 2399 5444 2457 5490; x_wconf 91' lang='lat' dir='ltr'><strong>et</strong></span> <span class='ocrx_word' id='word_1_877' title='bbox 2495 5448 2601 5489; x_wconf 89' lang='lat' dir='ltr'><strong>non</strong></span> <span class='ocrx_word' id='word_1_878' title='bbox 2629 5447 2726 5489; x_wconf 90' lang='lat' dir='ltr'><strong>sua</strong></span> <span class='ocrx_word' id='word_1_879' title='bbox 2756 5447 2822 5489; x_wconf 76' lang='lat' dir='ltr'><strong>ex</strong></span> <span class='ocrx_word' id='word_1_880' title='bbox 2850 5431 3067 5502; x_wconf 90' lang='lat' dir='ltr'><strong>proprio</strong></span> <span class='ocrx_word' id='word_1_881' title='bbox 3092 5429 3375 5486; x_wconf 88' lang='lat' dir='ltr'><strong>ratiocinio</strong></span> <span class='ocrx_word' id='word_1_882' title='bbox 3401 5428 3821 5500; x_wconf 82' lang='lat' dir='ltr'><strong>excogitasseni,</strong></span> 
     </span>
    </p>
   </div>
   <div class='ocr_carea' id='block_1_117' title="bbox 2286 5601 3822 5675">
    <p class='ocr_par' dir='ltr' id='par_1_117' title="bbox 2286 5601 3822 5675">
     <span class='ocr_line' id='line_1_117' title="bbox 2286 5601 3822 5675; baseline -0.008 -14"><span class='ocrx_word' id='word_1_883' title='bbox 2286 5613 2359 5675; x_wconf 91' lang='lat' dir='ltr'><strong>(a)</strong></span> <span class='ocrx_word' id='word_1_884' title='bbox 2391 5613 2616 5662; x_wconf 60' lang='lat' dir='ltr'><strong>Raetici</strong></span> <span class='ocrx_word' id='word_1_885' title='bbox 2650 5612 2733 5675; x_wconf 87' lang='lat' dir='ltr'><strong>qui</strong></span> <span class='ocrx_word' id='word_1_886' title='bbox 2761 5610 3079 5675; x_wconf 80' lang='lat' dir='ltr'><strong>substantiam</strong></span> <span class='ocrx_word' id='word_1_887' title='bbox 3100 5608 3347 5675; x_wconf 78' lang='lat' dir='ltr'><strong>Unigeniti</strong></span> <span class='ocrx_word' id='word_1_888' title='bbox 3383 5605 3625 5675; x_wconf 75' lang='lat' dir='ltr'><strong>curiosius</strong></span> <span class='ocrx_word' id='word_1_889' title='bbox 3647 5601 3822 5673; x_wconf 49' lang='lat' dir='ltr'><strong>capio:</strong></span> 
     </span>
    </p>
   </div>
   <div class='ocr_carea' id='block_1_118' title="bbox 2222 5664 3813 5737">
    <p class='ocr_par' dir='ltr' id='par_1_118' title="bbox 2222 5664 3813 5737">
     <span class='ocr_line' id='line_1_118' title="bbox 2222 5664 3813 5737; baseline -0.006 -14"><span class='ocrx_word' id='word_1_890' title='bbox 2222 5664 2412 5732; x_wconf 74' lang='lat' dir='ltr'><strong>rabaitt,</strong></span> <span class='ocrx_word' id='word_1_891' title='bbox 2438 5681 2490 5723; x_wconf 91' lang='lat' dir='ltr'><strong>et</strong></span> <span class='ocrx_word' id='word_1_892' title='bbox 2510 5664 2711 5737; x_wconf 78' lang='lat' dir='ltr'><strong>Spiritus</strong></span> <span class='ocrx_word' id='word_1_893' title='bbox 2732 5673 2884 5723; x_wconf 89' lang='lat' dir='ltr'><strong>sancti</strong></span> <span class='ocrx_word' id='word_1_894' title='bbox 2911 5664 3216 5737; x_wconf 61' lang='lat' dir='ltr'><strong>dignitatem&#39;</strong></span> <span class='ocrx_word' id='word_1_895' title='bbox 3243 5668 3546 5737; x_wconf 77' lang='lat' dir='ltr'><strong>minuebant,</strong></span> <span class='ocrx_word' id='word_1_896' title='bbox 3590 5664 3813 5737; x_wconf 56' lang='grc' dir='ltr'><strong>Δηρείηή</strong></span> 
     </span>
    </p>
   </div>
   <div class='ocr_carea' id='block_1_119' title="bbox 2226 5730 3814 5798">
    <p class='ocr_par' dir='ltr' id='par_1_119' title="bbox 2226 5730 3814 5798">
     <span class='ocr_line' id='line_1_119' title="bbox 2226 5730 3814 5798; baseline -0.006 -14"><span class='ocrx_word' id='word_1_897' title='bbox 2226 5746 2364 5787; x_wconf 81' lang='lat' dir='ltr'><strong>erant</strong></span> <span class='ocrx_word' id='word_1_898' title='bbox 2403 5730 2456 5798; x_wconf 83' lang='lat' dir='ltr'><strong>et</strong></span> <span class='ocrx_word' id='word_1_899' title='bbox 2494 5730 2831 5786; x_wconf 77' lang='lat' dir='ltr'><strong>Macedoniam.</strong></span> <span class='ocrx_word' id='word_1_900' title='bbox 2855 5730 3028 5798; x_wconf 59' lang='lat' dir='ltr'><strong>Contra</strong></span> <span class='ocrx_word' id='word_1_901' title='bbox 3055 5733 3317 5781; x_wconf 69' lang='lat' dir='ltr'><strong>Aaomoeos</strong></span> <span class='ocrx_word' id='word_1_902' title='bbox 3359 5730 3814 5798; x_wconf 79' lang='lat' dir='ltr'><strong>multas_orationos</strong></span> 
     </span>
    </p>
   </div>
   <div class='ocr_carea' id='block_1_120' title="bbox 2227 5796 3575 5861">
    <p class='ocr_par' dir='ltr' id='par_1_120' title="bbox 2227 5796 3575 5861">
     <span class='ocr_line' id='line_1_120' title="bbox 2227 5796 3575 5861; baseline -0.006 -16"><span class='ocrx_word' id='word_1_903' title='bbox 2227 5798 2393 5848; x_wconf 84' lang='lat' dir='ltr'><strong>habuit</strong></span> <span class='ocrx_word' id='word_1_904' title='bbox 2414 5797 2774 5861; x_wconf 80' lang='lat' dir='ltr'><strong>Clirysustomiis</strong></span> <span class='ocrx_word' id='word_1_905' title='bbox 2791 5796 3058 5846; x_wconf 68' lang='lat' dir='ltr'><strong>Antiochia!</strong></span> <span class='ocrx_word' id='word_1_906' title='bbox 3079 5804 3131 5844; x_wconf 90' lang='lat' dir='ltr'><strong>et</strong></span> <span class='ocrx_word' id='word_1_907' title='bbox 3152 5796 3575 5852; x_wconf 84' lang='lat' dir='ltr'><strong>Constantinopoli.</strong></span> 
     </span>
    </p>
   </div>
  </div>
