4144 6420
254 306 316 365 τε
420 286 431 295 '
1465 309 1532 369 IN
1572 311 1726 373 CAP.
1764 314 1785 371 ι
1819 314 1939 375 cm

2039 320 2069 375 ἱ.
2115 316 2353 377 ηοκιι..
2394 317 2485 377 IV.
3637 333 3709 388 ιι

254 425 382 491 τοὺς
419 424 524 498 τὴν
572 424 855 498 Ἐϐραίων
899 427 1140 497 γλῶτταν
1192 430 1534 502 ἠσκημένους
1558 444 1615 495 ει,
1657 431 1794 488 ἀλλά
1846 434 1937 486 καὶ

264 511 471 577 uina;
516 514 647 576 τοὺς
679 513 782 585 τὴν
824 515 1150 586 οἰκουμένην
1197 516 1480 580 οἰκοῦντας
1526 519 1627 587 τὴν
1663 518 1722 584 ἐξ
1763 519 1939 573 αὐτῶν

263 599 530 667 ὠφέλειαν
569 599 992 671 καρπώσασθαι.
1028 602 1137 655 Καὶ
1174 602 1235 655 τὸ
1271 602 1335 673 δὴ
1365 602 1677 674 θαυμαστὸν
1704 605 1795 659 καὶ
1837 623 1941 659 πα-

268 687 510 759 ράδοξον,
539 687 622 740 ὅτι
664 688 726 740 ού
766 684 876 741 τῶν
908 688 977 741 τά
1015 690 1278 743 Ἰουδαϊκὰ
1327 690 1670 761 φρονούντων
1716 709 1801 756 τις
1844 693 1941 765 τὴν

268 774 504 845 crva
554 772 760 846 ταύτην
812 777 1135 848 ἐποιήσατο,
1178 776 1294 832 ἀλλ’
1333 779 1473 850 ἀνὴρ
1520 784 1635 843 τοίς
1705 778 1942 845 εἰδώλοις

267 859 675 932 προστετηκὼς,
708 861 801 914 καὶ
833 863 1160 928 ἀπεναντίας
1184 864 1249 934 τῇ
1284 864 1550 937 θρησκείᾳ
1579 865 1936 937 διακείμενος.

266 946 507 1001 Τοιαῦτα
533 948 642 1019 γάρ
695 950 842 1002 ἐστιν
890 948 1110 1003 ἅπαντα
1138 950 1206 1004 τὰ
1248 950 1354 1004 ὑπὸ
1400 952 1494 1005 τοῦ
1546 952 1817 1007 Δεσπότου
1847 954 1940 1008 τοῦ

266 1035 542 1104 ἡμετέρου
586 1034 1044 1104 οἰκονομούμεναθ
1082 1035 1170 1089 ἀεὶ
1211 1035 1300 1090 διὰ
1341 1035 1451 1091 τῶν
1495 1037 1752 1093 ἐναντίων
1789 1037 1942 1105 αὔξει

266 1123 338 1173 τά
381 1121 479 1192 τῆς
507 1121 764 1192 ἀληθείας
806 1122 1221 1194 προστάγματα.
1267 1122 1454 1179 Ταῦτα
1501 1123 1559 1179 δέ
1602 1127 1702 1196 οὐχ
1753 1127 1941 1193 ἀπλῶς

266 1207 616 1279 διηγησάμην
638 1208 733 1261 ἐπὶ
769 1209 867 1279 τῆς
902 1208 1173 1280 ὑμετέρας
1201 1210 1441 1282 ἀγάπης,
1484 1212 1600 1265 ἀλλ’
1627 1213 1715 1267 ἵνα
1742 1213 1942 1268 εἰδέναι

268 1293 452 1363 ἔχητε,
474 1295 556 1346 ὅτι
581 1293 640 1347 οὐ
666 1293 843 1367 ταύτῃ
881 1298 947 1366 τῇ
981 1293 1216 1367 γλώττῃ,
1245 1296 1313 1368 τῇ
1347 1295 1592 1369 ἡμετέρᾳ
1619 1297 1782 1367 λέγω,
1808 1299 1943 1353 ἀλλά

266 1382 333 1449 τῇ
369 1380 608 1451 Ἐϐραΐδι
639 1376 779 1451 ἦσαν
810 1381 1235 1452 συντεθειμέναι.
1263 1382 1498 1450 Λέγουσι
1530 1384 1709 1437 τοίνυν
1749 1385 1799 1437 οἰ
1842 1384 1941 1457 τὴν

265 1468 515 1534 γλῶτταν
546 1470 759 1540 ἐκείνην
800 1467 1041 1540 ἀκριϐῶς
1071 1470 1371 1541 ἠσκημένοι
1394 1471 1443 1536 ι),
1476 1472 1540 1524 τὸ
1582 1470 1678 1524 τοῦ
1711 1471 1940 1543 ούρανοῦ

264 1554 443 1623 ὄνομα
473 1554 851 1625 πληθυντικῶς
878 1555 1161 1609 καλεῖσθαι
1190 1557 1342 1628 παρά
1363 1558 1475 1620 τοῖς
1513 1557 1808 1629 Ἑϐραίοις,
1844 1559 1941 1612 καὶ

264 1640 421 1691 τοῦτο
456 1641 546 1694 καὶ
578 1642 625 1694 οἰ
668 1641 767 1712 τὴν
807 1640 993 1712 Σύρων
1032 1641 1278 1710 γλῶτταν
1309 1643 1663 1713 ἐπιστάμενοι
1712 1660 1941 1714 συνομο-

263 1725 502 1793 λογοῦσι.
543 1729 651 1781 Καὶ
689 1727 789 1781 ούκ
833 1727 900 1781 ἄν
950 1743 1032 1790 τις
1087 1728 1260 1795 εἴποι,
1296 1730 1363 1802 τῇ
1417 1728 1653 1802 γλώττῃ,
1691 1731 1843 1800 φησὶ,
1873 1732 1940 1802 τῇ

261 1814 393 1886 παρ’
447 1815 663 1882 αὐτοῖς,
703 1817 731 1870 ὁ
788 1815 1047 1886 οὐρανὸς,
1094 1815 1205 1869 ἀλλ’
1259 1818 1308 1870 οἰ
1355 1816 1589 1888 οὐρανοί,
1626 1817 1725 1870 Διά
1782 1816 1942 1870 τοῦτο

259 1901 444 1953 τοίνυν
504 1899 678 1964 οὕτως
737 1901 955 1973 εἴρηται
1016 1903 1079 1954 τὸ
1128 1902 1231 1955 ὑπὸ
1288 1902 1381 1956 τοῦ
1449 1903 1720 1973 μακαρίου
1780 1903 1943 1956 Δαυῖδ

260 1987 578 2057 εἰρημένον,
613 1990 680 2041 Οἱ
710 1989 954 2056 οὐρανοί
986 1987 1106 2042 τῶν
1131 1988 1425 2059 οὐρανῶν,
1460 1991 1561 2043 οὐκ
1592 1989 1779 2062 ἐπειδὴ
1813 1989 1942 2043 πολ-

262 2071 347 2125 λοί
373 2074 513 2125 εἰσιν
547 2074 595 2125 οἰ
644 2074 897 2145 ούρανοίο
935 2074 1059 2127 οὐδὲ
1102 2073 1212 2145 7&9
1254 2073 1415 2128 τοῦτο
1457 2076 1605 2146 ἡμᾶς
1651 2075 1887 2141 ἐδίδαξεν
1912 2079 1942 2130 ὁ

264 2159 537 2229 μακάριος
564 2160 836 2230 Μωῦσῆς·
871 2158 988 2214 ἀλλ’
1015 2162 1204 2232 ἐπειδὴ
1237 2160 1464 2231 σύνηθες
1496 2165 1562 2233 τῇ
1593 2160 1808 2234 γλώττῃ
1834 2162 1941 2216 τῶν

274 2246 550 2315 Ἐϐραίων
585 2245 758 2309 οὕτως
804 2245 1094 2317 ὀνομάζειν
1129 2248 1222 2301 τοῦ
1256 2249 1354 2318 τὴν
1402 2249 1522 2312 ἐνὸς
1570 2250 1940 2321 προσηγορίαν

262 2333 676 2403 πληθυντικῶς
720 2332 845 2386 ἐπεὶ
892 2334 942 2387 εἰ
976 2334 1161 2387 πολλοὶ
1201 2330 1361 2407 ἦσαν,
1404 2336 1506 2388 ούκ
1543 2335 1609 2389 ἂν
1642 2335 1940 2408 παρέλειπε

258 2415 324 2468 τὸ
385 2414 610 2487 Πνεῦμα
637 2416 696 2470 τὸ
723 2415 880 2485 ἅγιον
916 2418 991 2489 μὴ
1016 2416 1105 2471 διὰ
1134 2418 1234 2488 τῆς
1262 2416 1508 2489 γλώττης
1537 2417 1631 2471 τοῦ
1665 2418 1939 2490 μακαρίου

259 2502 452 2557 τούτου
497 2504 776 2574 προφήτου
810 2504 1018 2569 διδάξαι
1048 2506 1196 2575 ἡμᾶς
1225 2505 1320 2560 καὶ
1350 2504 1460 2560 τῶν
1487 2505 1663 2560 ἄλλων
1709 2507 1806 2577 τὴν
1845 2506 1937 2577 δη-

186 2579 192 2583 ’
262 2591 573 2663 μιουργίαν.
622 2590 807 2646 Ταῦτα
849 2592 1094 2664 ἀκριϐῶς
1142 2592 1439 2663 κατέχετε,
1483 2593 1810 2667 παρακαλῶ,
1851 2594 1940 2648 ἵνα

258 2678 491 2748 δύνησθε
541 2678 910 2749 ἐπιστομίζειν
950 2680 1077 2744 τοὺς
1121 2679 1341 2734 ἐναντία
1381 2682 1449 2752 τῇ
1505 2680 1808 2752 Ἐκκλησία
1850 2681 1937 2734 δό-

260 2780 447 2834 γματα
503 2765 852 2836 ἐπεισφέρειν
895 2776 919 2805 ο
973 2766 1363 2838 βουλομένους,
1417 2767 1513 2820 καὶ
1564 2767 1740 2837 εἰδῆτε
1801 2767 1940 2838 μετά

262 2852 564 2920 ἀσφαλείας
600 2852 709 2905 τῶν
741 2854 801 2907 ἐν
841 2856 964 2918 ταῖς
1009 2853 1184 2919 θείαις
1227 2855 1473 2926 Γραφατς
1519 2855 1793 2927 κειμένων
1840 2855 1940 2927 τὴν

263 2937 511 3008 δύναμιν.
537 2937 635 2991 Διά
669 2939 778 3011 7&9
820 2939 979 2993 τοῦτο
1011 2941 1106 2994 καὶ
1145 2941 1380 3011 συνεχῶς
1427 2940 1663 2996 ἐνταῦθα
1702 2941 1940 3013 παραγί-

262 3028 446 3094 νεσθε,
487 3029 581 3081 καὶ
618 3030 779 3100 ἡμεῖς
820 3029 1151 3101 πυκνότερον
1192 3030 1293 3100 τὴν
1332 3029 1468 3101 πρὸς
1497 3029 1642 3101 ὑμᾶς
1681 3030 1938 3084 διδασκα-

263 3113 383 3167 Αἰαν
434 3114 765 3185 ποιούμεθα,
808 3116 895 3169 ἵνα
951 3115 1462 3187 παρεσκευασμένοι
1506 3113 1606 3189 ἦτε
1645 3118 1814 3172 παντὶ
1861 3119 1938 3190 τῷ

262 3199 503 3254 αἰτοῦντι
547 3202 694 3272 ὑμᾶς
738 3201 938 3255 διδόναι
976 3201 1132 3271 λόγον
1162 3202 1215 3257 ἀ.
1259 3203 1398 3256 Ἀλλ’
1426 3204 1521 3257 ἐπὶ
1568 3205 1667 3274 τὴν
1711 3204 1937 3258 ἀκολου·-

263 3286 387 3340 θίαν
414 3287 820 3358 ἐπανέλθωμεν,
840 3290 889 3341 εί
909 3288 1074 3342 δοκεῖ.
1099 3289 1206 3343 Καὶ
1229 3289 1570 3344 ἐκάλεσενό
1592 3290 1756 3357 Θεὸς,
1783 3292 1935 3362 φησί,

265 3374 331 3428 τὸ
360 3375 663 3443 στερέωμα
702 3376 982 3443 οὐρανόν.
1017 3376 1125 3429 Καί
1174 3372 1334 3430 εἶδεν
1361 3379 1394 3430 ὀ
1432 3376 1577 3442 Θεὸς
1600 3376 1690 3430 ὅτι
1724 3378 1934 3433 καλόν.

262 3462 467 3515 Σκόπει
514 3463 655 3532 πόση
702 3458 1119 3533 τῶνβημάτων
1164 3464 1196 3533 ἡ
1250 3464 1656 3532 συγκατάϐασις
1706 3464 1794 3518 διὰ
1840 3465 1938 3534 τὴν

260 3551 548 3604 ἀσθένειαν
582 3550 680 3622 τὴν
708 3551 1072 3622 ἀνθρωπίνην.
1099 3551 1365 3623 Καθάπερ
1421 3553 1529 3623 7&9
1562 3552 1655 3604 ἐπὶ
1694 3552 1789 3604 τοῦ
1829 3569 1940 3621 φω-

262 3638 356 3700 τὸς
393 3634 568 3703 εἶπεν,
600 3635 780 3692 Εἶδεν
812 3637 901 3691 ὅτι
932 3639 1143 3703 καλὸν,
1170 3638 1313 3692 οὕτω
1344 3639 1439 3692 καὶ
1469 3637 1562 3691 νῦν
1596 3641 1688 3692 ἐπλ⁵
1722 3637 1814 3691 τοῦ
1849 3639 1938 3691 ού-

270 3724 456 3797 ρανοῦ,
505 3728 622 3795 ἡτοι
668 3724 762 3778 τοῦ
815 3725 1230 3797 στερεώματος,
1271 3726 1381 3780 Καὶ
1420 3722 1608 3791 εἶδεν,
1632 3716 1641 3725 ’
1665 3726 1857 3797 φησὶν,
1906 3727 1939 3779 ὀ

265 3813 415 3878 Θεὸς
457 3812 547 3865 ὅτι
594 3814 823 3866 καλόν·
856 3812 1122 3866 διδάσκων
1155 3814 1300 3883 ἡμᾶς
1334 3811 1424 3865 διὰ
1467 3810 1659 3864 τούτου
1698 3811 1759 3864 τὸ
1803 3811 1939 3866 κάλ--

260 3898 354 3963 λος
379 3899 548 3952 αὑτοῦ
588 3899 649 3952 τδ
675 3900 975 3970 ἀμήχανον.
1006 3900 1049 3950 Τ
1055 3899 1103 3961 ίς
1135 3900 1244 3968 7&9
1277 3898 1375 3950 οὐκ
1400 3896 1467 3950 ἂν
1509 3896 1812 3967 ἐκπλαγείη
1845 3898 1940 3951 καὶ

262 3986 621 4057 θαυμάσειεν,
669 3986 751 4038 ὅτι
787 3988 845 4038 ἐν
879 3985 1122 4055 τοσούτῳ
1161 3985 1337 4056 χρόνῳ
1378 3985 1613 4054 ἀκμαῖον
1653 3985 1939 4056 διετήρησε

260 4075 327 4127 τὸ
357 4072 573 4137 κάλλος,
613 4073 708 4126 καὶ
737 4074 849 4143 ὅσῳ
879 4072 1125 4142 πρόεισιν
1153 4075 1184 4126 ό
1220 4073 1431 4143 χρόνος,
1466 4070 1705 4141 τοσούτῳ
1735 4072 1831 4125 καὶ
1877 4072 1940 4126 τὸ

262 4159 462 4223 κάλλος
491 4159 851 4225 ἐπιτείνεται;
883 4159 946 4212 Τί
981 4161 1094 4229 γάρ
1131 4157 1460 4229 ώραιότερον
1488 4157 1604 4229 [37]
1637 4157 1838 4226 γένοιτ’
1872 4158 1941 4212 ἂν

259 4248 360 4300 τοῦ
380 4249 535 4320 παρά
556 4247 650 4301 τοῦ
668 4246 1003 4320 δημιουργοῦ
1028 4247 1121 4302 τὸν
1148 4247 1367 4301 ἐπαινον
1386 4247 1676 4318 δεξαμένου
1697 4264 1712 4313 ;
1746 4248 1811 4301 Εἰ
1831 4245 1940 4318 7&9

259 4337 428 4407 ἡμεῖς
460 4335 750 4407 ἀνθρώπου
784 4334 943 4406 ἔργον
974 4333 1210 4407 ὁρῶντες
1262 4334 1695 4407 ἀπηρτισμένον,
1730 4335 1942 4405 θαυμά-

260 4426 434 4495 ζομεν
463 4423 524 4477 τὸ
565 4422 773 4494 σχῆμα,
806 4421 906 4492 τὴν
943 4421 1112 4485 θέσιν,
1151 4421 1212 4475 τὸ
1243 4419 1462 4485 κάλλος,
1496 4420 1595 4493 τὴν
1627 4420 1938 4489 ἀναλογίαν,

258 4514 357 4566 τὸν
383 4511 617 4584 ῥυθμὸν,
649 4510 719 4564 τὰ
746 4509 881 4564 ἄλλα
911 4509 1145 4574 ἅπαντα,
1173 4508 1236 4562 τὸ
1269 4508 1375 4561 ὑπὸ
1398 4507 1492 4562 τοῦ
1521 4507 1655 4561 Θεοῦ
1677 4508 1942 4580 δημιουρ-

260 4600 436 4669 γηθὲν
482 4599 598 4663 πῶς
654 4598 720 4652 ἄν
752 4615 836 4661 τις
862 4597 983 4651 κατ’
1010 4593 1169 4660 ἀξίαν
1197 4595 1525 4660 ἐπαινέσειε,
1568 4596 1664 4649 καὶ
1707 4596 1942 4665 μάλιστα

262 4689 396 4741 ὅταν
451 4687 545 4739 καὶ
593 4682 759 4738 αὐτοῦ
815 4682 908 4735 τοῦ
953 4683 1224 4736 Δεσπότου
1268 4680 1361 4735 τὸν
1411 4682 1631 4737 ἔπαινον
1679 4681 1937 4753 δέξηται;

264 4773 441 4827 Τοῦτο
465 4773 573 4845 7&9
598 4772 686 4825 διά
709 4772 809 4842 τὴν
838 4769 1114 4841 ἡμετέραν
1142 4768 1550 4837 συγκατάὸασιν
1577 4769 1815 4841 εἴρηται,
1847 4768 1942 4822 καὶ

262 4860 389 4929 δέρει
418 4860 582 4914 αὐτὸν
614 4860 703 4927 ἐφ’
745 4857 976 4910 ἑκάστου
1008 4856 1117 4909 τῶν
1155 4857 1454 4925 γινομένων
1495 4855 1655 4910 τοῦτο
1692 4856 1938 4925 λέγοντα,

263 4948 363 5001 καὶ
400 4945 834 5018 προαναιροῦντα
877 4944 975 5015 τὴν
1004 4943 1208 5013 τόλμαν
1252 4941 1364 4995 τῶν
1420 4943 1559 5013 μετὰ
1596 4942 1769 4996 ταῦτα
1815 4941 1941 5013 μελ-

262 5035 472 5088 λόντων
508 5032 607 5105 τὴν
629 5031 837 5085 οἰκείαν
861 5029 1113 5099 γλῶσσαν
1139 5029 1342 5100 ἀκονᾷν
1381 5028 1525 5083 κατά
1553 5030 1652 5099 τῆς
1683 5028 1777 5081 τοῦ
1804 5027 1939 5082 Θεοῦ

263 5121 652 5193 δημιουργίας,
684 5120 781 5172 καὶ
821 5118 1109 5185 λεγόντων,
1147 5116 1235 5171 διὰ
1272 5116 1325 5170 τί
1361 5116 1422 5168 τὸ
1454 5116 1546 5170 καὶ
1602 5116 1664 5169 τὸ
1716 5117 1938 5185 γέγονε;

265 5211 408 5272 Τοὺς
432 5207 606 5262 ταῦτα
634 5206 812 5259 τοίνυν
845 5203 1257 5277 ἐπιχειροῦντας
1285 5203 1462 5271 λέγειν
1496 5202 1941 5272 προαναστέλλων

266 5297 437 5369 φησι·
476 5297 585 5350 Καί
621 5291 783 5349 εἶδεν
827 5296 860 5347 ό
906 5291 1053 5358 Θεὸς
1096 5292 1437 5344 ὅτινκαλόν.
1466 5290 1637 5343 Ὅταν
1679 5290 1736 5342 δὲ
1773 5288 1940 5342 ἀκού-

268 5401 372 5458 σῃς
393 5395 441 5452 ο,
460 5384 542 5437 ὅτι
578 5377 719 5436 εἶδεν
747 5383 777 5435 ό
800 5379 953 5444 Θέδς,
974 5378 1068 5433 καὶ
1095 5377 1345 5449 ἐπῄνεσε,
1386 5375 1704 5447 θεοπρεπῶς
1736 5375 1846 5430 νόει
1879 5374 1941 5429 τὸ

334 5528 358 5554 ³³
387 5526 458 5575 Ita
477 5528 591 5574 oclo
614 5536 731 5572 mss.
758 5527 811 5571 et
828 5519 979 5570 Savil.
1005 5525 1057 5569 el
1082 5517 1256 5568 Morel.
1282 5530 1400 5566 vero
1421 5516 1755 5577 κεκτημένους.
1795 5574 1813 5577 _
1888 5506 1917 5577 ξ

327 5584 356 5624 δ
378 5574 535 5636 Iidem
552 5583 1033 5659 WWL‘EOI‘OI.
1054 5580 1352 5642 κεκτημένοι.
1377 5578 1503 5627 lul'ra
1522 5574 1620 5626 ddo
1644 5590 1760 5625 mss.
1787 5574 1937 5624 Savil.

266 5651 319 5701 in
342 5663 495 5711 marg.
519 5663 607 5704 την
632 5646 784 5711 Σύραν
807 5646 1038 5711 γλῶτταν.

331 5715 353 5741 ε
375 5698 582 5770 Αἰῖίιυοί
601 5698 728 5770 mss.
745 5698 1049 5770 ἐπεισφέρειν.
1063 5701 1491 5770 ΞεΪΠι-έπιςξέριιινἱ
1503 5699 1675 5770 Morf'l.
1691 5698 1936 5770 εἰσφέρειν.

325 5770 352 5809 σι
375 5760 526 5820 εεςίι.
551 5772 677 5831 ὑμᾶς
710 5760 1086 5831 εςιεδόνειιιίῂἀγονἶ
1124 5763 1176 5812 ιιι
1202 5760 1573 5831 μογέιέδιεάναι
1592 5760 1753 5831 άθςει.

334 5837 362 5866 ⁸
386 5834 511 5883 Tres
550 5820 675 5879 uias.
715 5834 770 5875 el
790 5820 1125 5881 ΕυίεΙὶηίτοὺς
1146 5823 1298 5872 ταῦτα
1334 5822 1415 5871 νῦν
1453 5821 1704 5885 ἐπιχειρεῖν
1721 5820 1944 5882 λέγοντας

270 5894 765 5959 ιροαναστέλ).ων.....
777 5888 889 5936 ὅταν
904 5887 983 5935 οὖν
1002 5887 1229 5948 ἀκούσῃς.

699 5999 966 6059 Pyram"
1011 5994 1128 6056 Gn.
1177 5989 1341 6055 LIII.

2044 436 2232 507 ῥηθὲν,’
2256 438 2352 491 καὶ
2377 441 2453 502 ὡς
2487 436 2633 502 εἰκὸς
2662 439 2755 492 ἐπὶ
2788 434 2944 493 Θεοῦ.
2982 435 3039 494 Ὀ
3066 439 3182 513 γάρ
3225 444 3586 513 παραγαγὼν,
3618 450 3712 501 καὶ

2042 523 2239 596 πρίνῆ
2293 524 2708 598 δημιουργήσῃ,
2760 526 3031 597 ἠπίστατο
3066 527 3162 582 τοῦ
3212 529 3713 603 δημιουργουμένου

2037 610 2101 662 τὸ
2141 611 2367 675 κάλλος·
2416 613 2532 667 ἀλλ’
2580 613 2768 684 ἐπειδὴ
2810 614 3132 686 ἀνθρώπους
3183 618 3332 688 ἡμᾶς
3377 618 3570 685 ὄντας,
3618 622 3715 674 καὶ

2037 702 2275 772 τοσατύῃ
2318 700 2574 774 ἀσθενείᾳ
2621 703 3120 776 περιϐεϐλημένους
3173 706 3273 760 οὐκ
3322 708 3444 779 ἐνῆν
3509 708 3714 780 ἑτέρως

2037 785 2285 850 ἀκοῦσαι,
2333 787 2422 841 διά
2457 788 2615 844 τοῦτο
2648 791 3026 862 παρεσκεύασε
3057 791 3151 847 τοῦ
3187 793 3459 865 μακαρίου
3495 798 3711 867 προφή-

2037 888 2132 925 του
2167 874 2274 945 τὴν
2312 875 2576 943 γλῶτταν,
2616 880 2683 949 τῇ
2725 876 2996 950 παχύτητι
3027 877 3232 932 τούτων
3265 879 3570 951 χρήσασθαι
3599 881 3710 937 τῶν

2041 960 2302 1032 ῥημάτων
2344 961 2479 1034 πρὸς
2505 962 2853 1019 διδασκαλίαν
2875 966 2975 1035 τῆς
3003 966 3112 1020 τῶν
3136 966 3442 1038 ἀνθρώπων
3473 966 3712 1036 φύσεως.

2111 1053 2174 1105 ε’.
2203 1047 2377 1102 Ὅταν
2406 1051 2588 1103 τοίνυν
2603 1051 2888 1123 ἀνατείνῃς
2919 1051 2981 1105 τὸ
2997 1051 3174 1123 δμμα,
3203 1052 3299 1106 καὶ
3322 1052 3490 1124 θεάσῃ
3505 1052 3599 1106 τοῦ
3621 1055 3717 1107 ούο

2042 1134 2205 1203 ρανοῦ
2238 1134 2299 1187 τὸ
2322 1135 2535 1201 κάλλος,
2560 1136 2624 1189 τὸ
2662 1137 2912 1207 μέγεθος,
2942 1138 3042 1210 τὴν
3070 1138 3281 1210 χρείαν,
3311 1138 3434 1192 τότε
3465 1139 3714 1193 ἐντεῦθεν

2041 1220 2138 1274 ἐπὶ
2170 1219 2263 1274 τδν
2291 1222 2624 1294 δημιουργὸν
2661 1224 2962 1297 ἀνάδραμε,
3005 1225 3259 1297 καθάπερ
3297 1227 3461 1297 σοφός
3490 1244 3575 1291 τις
3600 1227 3716 1279 ἑλε-

2041 1323 2137 1375 γεν
2160 1322 2175 1338 ·
2225 1308 2281 1360 Ἐ
2289 1326 2324 1361 κ
2373 1310 2486 1378 τὰρ
2534 1310 2826 1382 μεγέθους
2867 1312 2965 1366 καί
3017 1308 3327 1382 καλλονῆς
3373 1313 3716 1382 κτισμάτων

2039 1394 2363 1465 ἀναλόγως
2391 1397 2423 1449 ὁ
2456 1399 2879 1468 γενεσιουρτὸς
2906 1398 3221 1467 θεωρεῖται.
3250 1399 3361 1453 Καὶ
3399 1399 3592 1454 σκόπει
3616 1398 3715 1455 τοῦ

2039 1482 2308 1536 Δεσπότου
2350 1499 2443 1536 σου
2477 1483 2577 1555 τὴν
2619 1484 2871 1556 δύναμιν,
2913 1486 3013 1555 ὅση
3050 1503 3134 1547 τις
3175 1488 3315 1551 ἐστὶ,
3365 1487 3458 1540 καὶ
3501 1488 3567 1540 ἐκ
3614 1489 3716 1558 τῆς

2038 1568 2149 1621 τῶν
2184 1571 2464 1640 στοιχείων
2495 1571 2701 1625 τούτων
2731 1573 3110 1644 δημιουργίας.
3147 1574 3206 1626 Ὀ
3250 1574 3357 1643 7&9
3396 1572 3713 1644 εὐγνώμονα

2038 1655 2216 1728 ψυχὴν
2243 1656 2402 1728 ἔχων,
2434 1658 2484 1711 εί
2526 1658 2815 1729 βουληθείη
2857 1660 2980 1713 καθ’
3008 1659 3239 1713 ἕκαστον
3275 1661 3385 1713 τῶν
3419 1662 3716 1733 ὁρωμένων

2038 1742 2446 1815 διερευνᾶσθαι·
2484 1745 2579 1797 καὶ
2608 1745 2664 1798 τί
2695 1745 2837 1814 λέγω
2866 1745 2990 1799 καθ’
3051 1746 3284 1800 ἕκαστον
3347 1748 3459 1801 τῶν
3502 1749 3716 1819 γινομέ-

2039 1847 2147 1884 νων
2170 1831 2214 1898 f;
2246 1831 2346 1903 τὴν
2377 1832 2586 1886 οἰκείαν
2603 1833 2762 1903 μόνον
2786 1832 3071 1888 διάπλασιν
3087 1835 3181 1888 ἐὰν
3205 1834 3447 1906 ἀκριϐῶς
3479 1835 3712 1908 βουληθῇ

2037 1916 2451 1987 διασκέψασθαι,
2478 1919 2668 1989 ὄψεται
2697 1921 2793 1976 καὶ
2835 1920 2926 1975 διὰ
2969 1922 3077 1974 τῶν
3121 1922 3335 1993 μικρῶν
3368 1923 3572 1977 τούτων
3612 1924 3715 1994 τὴν

2037 2006 2246 2075 ἄφατον
2283 2006 2378 2060 καὶ
2409 2007 2801 2079 ἀνεκδιήγητον
2831 2007 2928 2061 τοῦ
2982 2007 3119 2062 Θεοῦ
3157 2009 3415 2079 δύναμιν.
3448 2011 3511 2063 Εἰ
3543 2010 3601 2063 δὲ
3644 2013 3714 2064 τὰ

2038 2092 2288 2164 ὁρώμενα
2316 2093 2476 2147 ἰκανὰ
2506 2093 2714 2159 διδάξαι
2750 2094 2811 2147 τὸ
2848 2094 3079 2165 μέγεθος
3104 2095 3208 2166 τῆς
3247 2095 3342 2148 τοῦ
3379 2096 3713 2167 δημιουργοῦ

2038 2180 2337 2250 δυνάμεως,
2384 2181 2480 2234 ἐὰν
2511 2183 2606 2235 καὶ
2652 2182 2747 2235 ἐπὶ
2790 2182 2891 2245 τὰς
2940 2181 3205 2250 ἀοράτους
3242 2181 3500 2253 δυνάμεις
3529 2182 3712 2254 ἔλθῃς,

2040 2267 2135 2321 καὶ
2163 2266 2254 2322 τὸν
2285 2267 2546 2339 λογισμὸν
2576 2268 2865 2341 ἀνατείνῃς
2898 2268 2992 2321 ἐπὶ
3023 2268 3121 2332 τὰς
3148 2268 3257 2322 τῶν
3281 2268 3528 2337 ἀγγέλων
3558 2284 3717 2339 στρα-

2038 2352 2178 2418 τιάς,
2220 2352 2328 2407 τῶν
2359 2354 2737 2425 ἀρχαγγέλων,
2776 2354 2884 2407 τῶν
2922 2354 3035 2408 ἀνω
3073 2353 3382 2425 δυνάμεων,
3426 2354 3542 2409 τῶν
3589 2355 3715 2427 θρό-

2039 2458 2166 2506 νων,
2196 2440 2305 2495 τῶν
2341 2443 2699 2513 κυριοτήτων,
2732 2440 2841 2496 τῶν
2883 2442 3090 2514 ἀρχῶν,
3136 2442 3244 2496 τῶν
3288 2442 3565 2509 ἐξουσιῶν,
3604 2443 3714 2497 τῶν

2038 2529 2339 2599 Χερουϐὶμ,
2367 2530 2475 2582 τῶν
2512 2528 2781 2600 Σεραφίμ,
2817 2529 2945 2583 ποία
2973 2530 3202 2594 διάνοια.
3243 2532 3394 2593 ποῖος
3426 2529 3584 2598 λόγος
3615 2530 3718 2602 ἀρ-

2014 2618 2127 2669 ’κεῖ
2174 2615 2408 2680 ἐξειπεῖν
2455 2615 2556 2687 τὴν
2606 2616 2998 2688 μεγαλωσύνην
3048 2616 3212 2671 αὐτοῦ
3240 2616 3341 2688 τὴν
3382 2616 3716 2689 ἀνεκδιὴγη-

2037 2722 2133 2758 τον
2166 2722 2182 2770 ;
2241 2705 2307 2757 Εἰ
2340 2704 2450 2776 7&9
2488 2704 2650 2758 Δαυῒδ
2675 2706 2704 2757 ὁ
2740 2705 3010 2777 μακάριος
3045 2706 3329 2777 προφήτης
3356 2704 3467 2758 τῶν
3504 2706 3717 2776 ὁρωμέ-

2038 2808 2146 2846 νων
2172 2792 2270 2863 τὴν
2304 2792 2666 2863 διακόσμησιν
2706 2792 3042 2864 καταμαθὼν
3069 2792 3198 2845 ἐϐόα
3234 2792 3425 2863 λέγων,
3470 2790 3568 2857 Ὠς
3591 2793 3717 2862 ἐμε-

2038 2881 2307 2951 ταλύνθη
2341 2880 2415 2934 τὰ
2436 2882 2581 2950 ἔργα
2605 2894 2743 2943 σου,
2776 2882 2970 2948 Κύριε·
2998 2879 3194 2935 πάντα
3213 2882 3284 2934 ἐν
3307 2883 3496 2950 σοφίᾳ
3520 2883 3717 2949 ἐποίη-

2038 2985 2188 3036 σας’
2244 2970 2380 3041 ἀνὴρ
2435 2970 2690 3023 τοσούτου
2754 2969 3072 3040 Πνεύματος
3134 2970 3466 3040 ἠξιωμένος,
3513 2970 3607 3023 καὶ
3644 2971 3715 3024 τά

2037 3056 2207 3128 ἄδηλα
2266 3058 2361 3111 καὶ
2400 3056 2469 3110 τὰ
2502 3057 2711 3129 κρύφια
2746 3057 2846 3126 τῆς
2882 3056 3074 3127 σοφίας
3119 3057 3284 3110 αὑτοῦ
3335 3057 3528 3128 μαθεῖν
3578 3073 3714 3110 κατ-

2037 3132 2392 3213 αξιωθεὶς,’τί
2430 3146 2497 3201 ἂν
2525 3148 2773 3217 εἰποιμεν
2794 3148 2977 3218 ἡμεῖς,
3002 3149 3050 3200 οἱ
3079 3147 3152 3215 γῆ
3187 3148 3281 3201 καὶ
3305 3147 3497 3210 σποδὸς
3536 3148 3712 3212 ὄντες,

2038 3235 2132 3288 καὶ
2177 3234 2438 3305 διηνεκῶς
2484 3233 2793 3304 ὀφείλοντες
2838 3236 2990 3290 κάτω
3033 3236 3282 3297 κύπτειν,
3328 3233 3423 3288 καὶ
3473 3235 3715 3306 ἐκπλήτ-

2037 3318 2225 3370 τεσθαι
2259 3317 2353 3370 τοῦ
2393 3317 2503 3372 τῶν
2545 3319 2802 3373 ἀπάντων
2832 3319 3102 3372 Δεσπότου
3146 3319 3247 3389 τὴν
3279 3319 3485 3386 ἄφατον
3528 3319 3714 3383 φιλανο

2039 3404 2311 3476 θρωπίαν;
2356 3406 2467 3458 Καὶ
2511 3406 2564 3458 τί
2593 3406 2736 3473 λέγω
2767 3405 2858 3459 τὸν
2910 3406 3234 3476 προφήτην;
3274 3405 3333 3457 Ὁ
3379 3403 3489 3474 7&9
3535 3405 3711 3473 μακά-

2042 3508 2153 3562 ριος
2186 3490 2420 3556 Παῦλος,
2455 3492 2488 3561 ἡ
2527 3491 2912 3563 οὐρανομήκης
2942 3492 3127 3560 ἐκείνη
3160 3490 3330 3562 ψυχὴ,
3355 3490 3385 3542 ὁ
3420 3488 3583 3559 σῶμα
3612 3508 3713 3543 πε-

2041 3579 2369 3650 ρικείμενος,
2402 3580 2496 3632 καὶ
2526 3582 2648 3644 ταῖς
2679 3580 2991 3649 ἀσωμάτοις
3011 3578 3308 3647 δυνάμεσιν
3394 3575 3713 3648 ἁμιλλώμε-

2039 3675 2149 3722 νος,
2177 3661 2205 3710 ό
2230 3660 2288 3710 ἐν
2316 3660 2386 3729 γῇ
2424 3656 2677 3728 βαδίζων,
2707 3658 2800 3711 καί
2822 3655 2942 3729 [28]
2965 3659 3031 3728 τῇ
3064 3655 3344 3727 προθυμίᾳ
3374 3654 3467 3708 τὸν
3488 3655 3715 3725 οὐρανὸν

2042 3744 2371 3817 περιπολῶν,
2413 3747 2491 3808 εἰς
2541 3744 2705 3815 μέρος
2744 3743 2804 3796 ἐν
2833 3760 2885 3796 τι
2915 3741 3025 3795 τῶν
3070 3738 3395 3811 οἰκονομιῶν
3433 3736 3527 3817 τοῦ
3579 3738 3714 3791 Θεοῦ

2041 3816 2297 3893 ἐμπεσὼν
2334 3822 2416 3892 (τὸ
2463 3822 2605 3877 κατὰ
2642 3822 2925 3883 Ἰουδαίους
2968 3819 3063 3873 καὶ
3091 3818 3360 3887 Ἕλληνας
3407 3816 3572 3885 λέγω,
3621 3817 3720 3870 καὶ

2041 3901 2159 3963 πῶς
2185 3902 2234 3954 οἱ
2273 3902 2372 3971 μὲν
2402 3900 2789 3970 ἐξεϐλήθησαν,
2818 3899 2867 3951 οἰ
2890 3898 2947 3950 δὲ
2973 3894 3457 3967 ἀντεισήχθησαν),
3480 3893 3575 3947 καὶ
3600 3895 3717 3947 διαε-

2040 3986 2288 4057 πορὴσας
2310 3986 2403 4040 καὶ
2430 3986 2735 4054 ἰλιγγιάσας
2757 3983 3021 4055 ἀνέκραξε
3055 3982 3195 4052 μέγα
3218 3980 3377 4050 βοῶν,
3395 3982 3489 4034 καὶ
3514 3979 3712 4048 λέγων,

2042 4065 2102 4116 Ὢ
2127 4065 2319 4129 βάθος
2352 4065 2621 4117 πλούτου
2644 4062 2742 4115 καὶ
2774 4062 2997 4129 σοφίας
3017 4061 3115 4113 καί
3142 4061 3420 4129 γνώσεως
3441 4058 3611 4121 Θεοῦ.
3634 4060 3716 4123 ὡς

2040 4142 2479 4210 ἀνεξερεύνητα
2508 4143 2579 4197 τὰ
2613 4142 2866 4210 κρίματα
2897 4138 3105 4211 αὐτοῦ,
3134 4137 3231 4192 καὶ
3266 4136 3715 4205 ἀνεξιχνίαστοι

2040 4224 2100 4275 αἱ
2138 4221 2264 4275 ὁδοί
2303 4221 2512 4275 αὑτοῦ.
2555 4221 2694 4274 Ἀλλ’
2725 4219 2961 4274 ἐνταῦθα
2991 4218 3163 4290 ἡδέως
3189 4217 3419 4289 ἐροίμην
3459 4216 3585 4280 τοὺς
3613 4216 3715 4286 τὴν

2039 4299 2134 4353 τοῦ
2178 4299 2307 4353 Υἱοῦ
2340 4298 2436 4352 τοῦ
2479 4299 2616 4353 Θεοῦ
2668 4299 2924 4371 γέννησιν
2961 4295 3426 4369 περιεργάζεσθαι
3475 4296 3715 4366 τολμῶν-

2039 4406 2160 4454 τας,
2195 4389 2290 4443 καὶ
2314 4388 2409 4443 τοῦ
2440 4390 2600 4459 ἀγίου
2631 4388 2952 4460 Πνεύματος
2974 4387 3073 4459 τὴν
3099 4386 3257 4451 ἀξίαν
3285 4384 3569 4456 καθαιρεῖν
3589 4385 3713 4438 ἐπι-

2040 4477 2358 4551 χειροῦντας
2376 4496 2390 4509 ·
2426 4478 2592 4533 πόθεν
2616 4479 2765 4548 ὑμῖν,
2794 4476 2917 4530 εἰπέ
2952 4493 3061 4546 μοι,
3089 4476 3188 4546 τῆς
3217 4475 3486 4544 τοσαύτης
3509 4474 3716 4545 τόλμης

2039 4561 2072 4630 ή
2102 4559 2438 4630 προπέτεια;
2475 4559 2585 4612 ἀπὸ
2627 4559 2785 4620 ποίας
2820 4555 3107 4627 παροινίας
3129 4557 3153 4594 ε
3186 4555 3266 4617 εἰς
3306 4552 3562 4607 τοσοῦτον
3608 4570 3715 4623 μα·

2040 4640 2161 4705 νίας
2190 4640 2542 4707 ἐξωκείλατε;
2580 4641 2643 4692 Εἰ
2691 4642 2799 4712 γάρ
2828 4639 3040 4702 Παῦλος
3076 4640 3104 4692 ὁ
3131 4637 3406 4700 τοσοῦτος,
3440 4637 3535 4689 καὶ
3561 4635 3715 4705 τηλι-

2040 4728 2257 4794 κοῦτος,
2298 4728 2367 4782 τά
2402 4715 2649 4801 κρίματα
2678 4726 2867 4792 αὐτοῦ,
2903 4727 3046 4780 τοῦτ’
3067 4725 3205 4784 ἔστι,
3233 4724 3335 4789 τὰς
3374 4723 3713 4801 οἰκονομίας,

2038 4807 2138 4870 τάς
2161 4797 2477 4879 διοικήσεις,
2505 4797 2909 4878 ἀνεξερεύνητά
2942 4821 3107 4874 φησιν
3137 4801 3298 4867 εἶναι,
3323 4803 3418 4857 καὶ
3437 4802 3537 4856 οὐκ
3558 4797 3715 4856 εἶπεν

2039 4886 2423 4956 ἀκατάληπτα,
2477 4886 2592 4940 ἀλλ’
2640 4885 3060 4956 ἀνεξερεύνητα,
3112 4883 3253 4937 ὥστε
3312 4882 3448 4951 μηδέ
3485 4881 3716 4952 έρευναν

2043 4965 2466 5030 ἐπιδέξασθαιιι,
2496 4966 2592 5019 καὶ
2629 4965 3047 5035 ἀνεξιχνίαστοι,
3077 4963 3261 5034 φησὶν,
3295 4963 3353 5016 αί
3378 4961 3489 5014 ὁδοὶ
3520 4959 3710 5024 αὐτοῦ,

2042 5045 2209 5098 πάλιν
2234 5045 2297 5098 τὸ
2323 5041 2456 5097 αὐτὸ
2482 5044 2678 5113 λέγων,
2709 5045 2861 5108 ὀδοὺς
2893 5043 2962 5097 τά
2988 5042 3386 5115 προστάγματα
3412 5037 3593 5093 καλῶν
3617 5038 3714 5092 καὶ

2038 5134 2138 5196 τὰς
2166 5133 2408 5196 ἐντολάς,
2440 5132 2560 5194 πῶς
2587 5133 2745 5202 ὑμεῖς
2778 5130 2948 5199 αὐτὴν
2983 5129 3081 5198 τὴν
3122 5128 3310 5180 οὐσίαν
3348 5123 3444 5179 τοῦ
3474 5125 3714 5202 Μονογε-

2039 5211 2165 5276 νοῦς
2195 5201 2653 5282 περιεργάζεσθαι
2674 5210 2930 5279 τολμᾶτε,
2971 5207 3064 5260 καὶ
3085 5205 3179 5258 τοῦ
3214 5203 3368 5271 ἁγίου
3392 5201 3713 5272 ΙΙνεύματος

2039 5290 2137 5361 τὴν
2168 5290 2326 5357 ἀξίαν
2372 5289 2631 5344 ἐλαττοῦν
2665 5288 2726 5341 τό
2765 5305 2828 5357 γε
2869 5286 2991 5342 καθ’
3020 5285 3198 5355 ὑμᾶς;
3238 5284 3451 5356 Ὁρᾶτε,
3487 5283 3710 5354 ἀγαπη-

2039 5370 2142 5432 τοὶ,
2175 5369 2299 5423 ὅσον
2330 5370 2449 5422 ἐστὶ
2478 5367 2648 5422 κακὸν
2679 5368 2742 5421 τὸ
2779 5366 2853 5437 μὴ
2898 5365 3187 5437 προσέχειν
3237 5363 3377 5432 μετὰ
3424 5361 3711 5432 ἀκριϐείας

2037 5452 2150 5511 τοῖς
2181 5448 2240 5502 ἐν
2272 5451 2338 5519 τῇ
2369 5447 2491 5519 θεία
2520 5449 2709 5518 Γραφῇ
2730 5446 3024 5515 κειμένοις.
3069 5439 3226 5498 Οῦτοι
3271 5442 3380 5513 7&9
3412 5442 3462 5494 εἰ
3500 5439 3569 5494 τά
3599 5440 3711 5494 ἀπὸ

2037 5527 2139 5592 τῆς
2178 5526 2332 5590 θείας
2361 5526 2585 5599 Γραφῆς
2631 5525 2938 5595 διδάγματα
2983 5526 3102 5595 μετ’
3139 5520 3561 5593 εὐγνωμοσύνης
3589 5519 3708 5573 ἐδέ-

2038 5631 2217 5685 χοντο,
2251 5615 2348 5668 καὶ
2380 5615 2454 5686 μὴ
2483 5613 2552 5668 τά
2583 5612 2692 5666 ἀπὸ
2720 5610 2827 5664 τῶν
2855 5610 3071 5667 οἰκείων
3096 5608 3373 5682 λογισμῶν
3401 5607 3706 5680 εἰσέφερον,

2108 5749 2139 5824 f_
2160 5752 2438 5824 ﬁegnunus
2457 5750 2841 5824 τῶνρρωμέςίων.

2114 5815 2139 5878 _8
2163 5810 2359 5878 ροίἷιιίἰη.
2381 5810 2640 5878 παροινίαςξ
2663 5810 2759 5861 Alii
2781 5810 3053 5878 παρανοίας.

2112 5874 2141 5913 ιι
2168 5876 2289 5936 Reg.
2321 5873 2757 5925 unus'elColbert.
2783 5873 2911 5926 unus
2935 5874 3268 5929 ἐπιδείξασθαι.
