4144 6434
568 336 642 392 £7
1280 336 1337 392 S.
1379 335 1658 394 JO.\N.\'IS
1696 338 2173 395 CHRYSOSTOMI
2213 340 2536 398 ARCHIEP.
2574 342 3115 402 CONSTANTINOP.

575 483 668 526 rex
700 470 891 541 aliquis
933 477 1178 526 terrenus
1225 470 1398 542 legem
1439 473 1736 542 posuisset,
1772 484 1830 528 ut
1853 475 1938 529 vel
1985 475 2163 529 inimi-

575 579 762 618 corum
788 576 1094 619 nostrorum
1115 577 1308 619 curam
1351 580 1597 634 geramus
1622 605 1639 629 ,
1666 567 1747 620 vel
1778 577 1952 621 morte
1978 569 2166 632 punia-

569 671 715 721 mur,
748 671 926 710 attiton
977 665 1120 711 metu
1167 657 1354 712 mortis
1369 658 1676 726 corporalis
1701 672 1890 714 omnes
1915 674 2164 714 accurre-

572 757 694 802 rent
720 747 787 802 ad
817 748 1141 818 implendam
1171 749 1366 820 legem?
1389 749 1596 817 Quanta
1621 751 1780 822 igitur
1795 753 2168 810 criminatione

571 839 766 911 dignus
797 839 956 896 fuerit
983 841 1029 896 is
1050 883 1065 907 ,
1095 841 1186 913 qui
1214 841 1284 897 ob
1330 843 1664 913 corporalem
1713 853 1938 900 mortem
1967 887 1980 908 ,
2007 860 2167 915 quam

573 933 775 1002 alioqui
807 943 1010 988 natura:
1037 936 1331 990 necessitas
1356 935 1560 1001 all'eret,
1578 937 1769 991 omnia
1790 937 2042 1006 amplecti
2067 952 2164 1007 pa-

573 1031 745 1089 ratus,
765 1025 1034 1094 proposita
1063 1037 1241 1080 autem
1270 1039 1427 1097 paena
1452 1027 1638 1082 mortis
1657 1067 1672 1092 ,
1706 1041 1825 1097 quae
1856 1027 2053 1081 nullam
2084 1028 2168 1081 in-

574 1114 783 1167 venerit
826 1115 1284 1179 consolationem,
1320 1115 1496 1170 minus
1540 1125 1689 1172 curat
1738 1116 1908 1187 legem
1937 1117 2005 1172 ab
2053 1119 2168 1172 uni-

577 1217 857 1259 versorum
885 1205 1110 1260 Domino
1138 1205 1339 1260 latam?

645 1293 699 1350 8.
729 1293 834 1349 Sed
863 1295 966 1348 mei
1005 1295 1204 1351 oblitus
1240 1310 1360 1352 sum
1389 1338 1404 1363 ,
1430 1295 1556 1352 dum
1581 1297 1695 1352 lucc
1723 1297 1913 1368 loquor
1945 1299 2008 1352 iis
2031 1342 2046 1364 ,
2078 1299 2167 1369 qui

571 1397 674 1438 nec
712 1384 1166 1441 benefacientibus
1207 1402 1390 1457 parem
1424 1389 1648 1458 gratiam
1695 1389 2014 1458 rependunt.
2040 1390 2169 1457 Quis

571 1472 732 1542 igitur
755 1474 978 1544 posthac
1000 1493 1031 1533 e
1052 1477 1320 1547 supplicio
1342 1479 1433 1532 illo
1459 1494 1556 1532 nos
1587 1479 1798 1549 eripiet,
1823 1482 2037 1550 quando
2062 1499 2166 1536 non

570 1565 745 1619 solum
767 1566 836 1620 ab
854 1566 957 1622 hoc
986 1569 1241 1624 mandato
1264 1570 1420 1642 longe
1459 1571 1722 1625 distamus
1742 1613 1756 1634 ,
1785 1572 1878 1628 sed
1905 1589 2076 1642 neque
2105 1589 2167 1628 ea

572 1657 796 1711 facimus
847 1673 966 1728 quae
1015 1660 1324 1729 publicani?
1380 1661 1440 1716 Si
1483 1664 1615 1716 enim
1657 1662 1868 1732 diligitis
1907 1665 2168 1733 diligentes

573 1763 661 1802 vos
681 1790 696 1815 ,
718 1748 834 1812 ait,
866 1751 988 1820 quid
1031 1753 1204 1822 magni
1232 1753 1442 1821 facitis?
1483 1770 1649 1808 nonne
1675 1764 1721 1808 et
1767 1754 2026 1826 publicani
2073 1757 2170 1809 hoc

575 1841 709 1896 idem
737 1843 932 1912 faciunt
963 1843 1173 1918 (Matth.
1198 1847 1251 1900 5.
1293 1846 1432 1916 46)?
1479 1845 1612 1902 Cum
1651 1847 1809 1917 igitur
1852 1863 2024 1917 neque
2070 1850 2171 1903 hoc

575 1946 606 1984 a
635 1931 790 1986 nobis
822 1934 939 1998 tiat,
970 1951 1090 2005 qua:
1131 1937 1319 1991 salutis
1361 1947 1559 1992 nostra:
1599 1938 1764 2008 Spes?
1809 1939 1932 1994 Ideo
1963 1955 2076 2003 oro,
2104 1955 2171 1995 ne

571 2022 743 2077 simus
761 2023 1212 2083 immisericordes
1229 2028 1268 2094 ¹,
1283 2028 1376 2083 sed
1399 2039 1611 2083 nostras
1627 2029 1976 2099 cogitationes
1995 2031 2170 2086 dome-

557 2129 697 2169 -mus
720 2155 735 2182 ,
765 2125 819 2172 et
838 2118 1067 2187 primum
1092 2118 1305 2185 quidem
1331 2118 1448 2174 disc
1482 2134 1602 2175 mus
1622 2121 1836 2176 vincere
1862 2122 2168 2192 proximum

558 2205 794 2261 .caritate
812 2218 904 2273 ,νει
927 2209 1225 2265 secundum
1255 2210 1469 2266 beatum
1497 2213 1794 2281 apostolum
1817 2255 1830 2278 ,
1872 2215 2032 2268 alium
2057 2215 2170 2270 sin-

557 2296 682 2366 _gnli
713 2311 772 2352 se
811 2298 1014 2356 honore
1035 2302 1473 2370 .prmstantiorem
1515 2303 1836 2359 arbitrantes
1860 2303 2082 2376 (Philip.
2112 2307 2168 2360 2.

576 2387 661 2457 3),
693 2389 744 2442 in
769 2387 872 2444 hoc
901 2391 1038 2445 vinei
1068 2407 1174 2446 non
1201 2391 1456 2459 feramus,
1486 2393 1580 2448 sed
1608 2395 1882 2450 vincamus
1921 2403 1973 2450 ct
2014 2410 2171 2466 supe-

552 2493 782 2545 .remus,
806 2481 899 2536 sed
917 2492 969 2538 et
992 2483 1248 2552 majorem
1276 2483 1722 2540 etl'erventiorem
1745 2501 1868 2555 erga
1891 2487 2172 2557 diligentes

562 2573 824 2630 .all'ectum
852 2576 1304 2633 demonstremus.
1335 2577 1446 2634 Hoc
1495 2579 1638 2633 enim
1671 2579 1903 2635 maxime
1932 2580 2171 2634 omnium

579 2666 740 2720 vitam
773 2676 1009 2723 nostram
1037 2669 1277 2724 continet
1300 2678 1356 2724 et
1377 2678 1696 2738 conservat,
1728 2680 1782 2725 et
1809 2671 1913 2726 hoc
1939 2685 1970 2724 a
2001 2671 2171 2726 brutis

557 2757 812 2830 .l‘erisque
860 2761 1120 2816 distamus
1143 2804 1159 2828 ,
1181 2762 1322 2834 quod
1373 2767 1676 2833 possimus,
1725 2766 1771 2819 si
1803 2765 2128 2820 voluerimus
2153 2807 2169 2832 ,

563 2860 964 2921 congruentem
993 2853 1150 2909 nobis
1177 2868 1498 2910 conservare
1522 2855 1769 2911 ordinem
1791 2897 1807 2922 ,
1835 2865 1889 2912 et
1926 2871 2172 2927 magnam

580 2955 704 2994 cum
739 2943 994 3010 proximis
1017 2944 1357 2998 concordiam
1379 2943 1636 3001 exhibere
1660 2963 1673 2999 :
1706 2945 1898 3002 deinde
1929 2961 2057 3002 vero
2083 2961 2175 3001 co-

559 3032 892 3101 .gitationem
935 3042 1171 3089 nostram
1216 3051 1498 3102 coercere,
1541 3051 1604 3092 ac
1630 3037 1984 3092 truculentam
2031 3037 2173 3092 illam

585 3125 748 3176 l'eram
779 3165 792 3188 ,
827 3125 958 3178 iram
987 3125 1140 3192 dico,
1179 3126 1452 3181 lancinare
1478 3167 1493 3192 ,
1521 3142 1583 3181 ac
1613 3127 1874 3182 tremendi
1904 3129 2046 3184 illius
2075 3131 2172 3184 tri-

585 3211 795 3266 lninalis
824 3213 1099 3270 horrorem
1127 3217 1223 3285 ipsi
1250 3227 1657 3288 repraesentare,
1685 3218 1932 3289 illamque
1955 3219 2174 3289 docere,

589 3305 634 3357 si
663 3304 853 3359 adduci
887 3307 1055 3376 possit
1083 3318 1138 3362 ut
1165 3307 1392 3364 inimicis
1421 3310 1795 3366 reconcilietur
1813 3351 1828 3376 ,
1859 3309 1972 3366 fore
1993 3321 2055 3364 ut
2083 3310 2181 3366 bo-

590 3395 675 3447 nis
705 3395 1009 3466 ingentibus
1037 3399 1474 3466 cumuletur;sin
1514 3410 1694 3456 autem
1735 3401 1787 3454 in
1832 3401 2178 3457 contentione

547 3534 550 3538 .
580 3497 894 3552 perseveret
914 3489 1389 3561 ,..gravi.supplicio
1421 3491 1686 3561 puniatur.
1721 3491 1904 3562 Neque
1929 3493 2070 3548 enim
2095 3501 2176 3547 te-

590 3590 738 3630 mere
762 3586 816 3630 et
835 3576 1102 3633 inutiliter
1128 3587 1340 3650 tempus
1363 3582 1668 3651 expendere
1695 3597 1793 3638 nos
1821 3593 2052 3653 oportet,
2083 3583 2178 3639 sed

587 3665 809 3736 singulis
835 3667 1022 3725 diebus
1050 3681 1104 3724 et
1156 3671 1302 3726 horis
1334 3681 1461 3728 ante
1503 3673 1690 3729 oculos
1720 3684 1932 3731 nostros
1979 3691 2178 3747 propoe

591 3770 722 3810 nere
753 3757 965 3812 Domini
998 3759 1255 3830 judicium
1281 3778 1297 3828 ;
1328 3772 1382 3818 et
1403 3779 1521 3835 qua:
1547 3764 1656 3818 sint
1697 3780 1759 3820 ea
1788 3781 1909 3837 qua:
1929 3782 2178 3838 magnam

564 3849 743 3902 -nobis
775 3850 1018 3906 lidui-iam
1039 3853 1231 3910 all‘erre
1255 3865 1468 3926 queant,
1495 3871 1737 3927 quasnam
1766 3857 1890 3912 item
1917 3874 2034 3928 qua:
2062 3875 2178 3929 pce-

558 3975 572 3984 .
591 3952 714 3991 nam
744 3939 992 3996 inierant.
1022 3945 1194 4014 Atque
1215 3945 1328 4001 hac
1374 3947 1442 4000 ita
1471 3956 1747 4003 versantes
1774 3948 1829 4004 in
1870 3953 2067 4004 nostris
2089 3965 2182 4006 co-

562 4030 936 4097 .gitationilius
961 4075 978 4102 ,
1004 4050 1318 4105 superemus
1344 4037 1569 4094 allectus
1587 4077 1603 4106 ,
1630 4054 2038 4110 compcscamus
2057 4057 2178 4095 car-

593 4120 962 4191 nislascivias,
981 4135 1036 4180 et
1058 4129 1462 4195 mortiﬁcemns,
1485 4131 1778 4186 secundum
1807 4132 2022 4188 beatum
2046 4133 2180 4188 Pau-

593 4211 724 4277 lum,
759 4213 984 4268 Membra
1027 4227 1198 4272 nostra
1215 4236 1334 4289 qua:
1360 4230 1478 4274 sunt
1521 4239 1672 4293 super
1699 4231 1886 4277 terram
1909 4266 1924 4290 ,
1954 4226 2179 4295 fornica-

592 4303 823 4370 tionem,
885 4305 1258 4361 immunditiam
1286 4348 1304 4376 ,
1357 4311 1662 4378 mollitiem,
1715 4316 2180 4385 concupiscentiam

593 4395 778 4447 nudam
804 4394 981 4463 (Colos
1004 4401 1208 4455 sens.5.
1233 4399 1310 4465 5),
1345 4400 1579 4456 furorem
1605 4443 1621 4470 ,
1650 4404 1919 4458 avaritiam
1939 4446 1955 4471 ,
1987 4421 2178 4461 vanam

563 4486 830 4554 .‘glm-iam,
847 4488 1369 4560 invidentiam.Quod
1385 4495 1428 4548 si
1448 4494 1530 4549 his
1544 4495 1911 4552 all‘ectionibus
1925 4513 2022 4554 nos
2035 4516 2180 4555 mor-

575 4589 711 4632 tuos
744 4581 1152 4652 reddiderimus,
1188 4587 1259 4640 ita
1304 4597 1360 4642 ut
1405 4589 1456 4642 in
1488 4589 1643 4644 nobis
1681 4591 1812 4645 nihil
1837 4594 2046 4662 operari
2085 4609 2178 4648 va-

590 4669 750 4735 leant,
770 4674 1060 4742 poterimus
1076 4679 1317 4748 accipere
1333 4681 1354 4731 l'
1353 4689 1532 4736 ructus
1547 4679 1891 4755 Spiritus,qui
1907 4693 2031 4739 sunt
2045 4685 2183 4741 Cari-

588 4773 686 4830 tas,
709 4765 973 4833 gaudium,
993 4785 1115 4835 pax,
1138 4771 1513 4841 longanimitas,
1538 4773 1836 4846 benignitas,
1867 4775 2084 4842 bonitas,
2113 4779 2182 4844 ﬁ-

586 4857 695 4920 des,
715 4860 1066 4920 nntrtsuetudo,
1081 4865 1386 4918 continentia
1396 4867 1419 4934 (
1430 4864 1545 4919 Gal.
1561 4867 1616 4922 5.
1631 4866 1701 4921 22
1710 4867 1728 4937 )
1737 4908 1749 4920 .
1768 4867 1882 4923 Hoc
1895 4867 2068 4924 Christ
2078 4871 2181 4924 iani

567 4947 655 5001 .ab
683 4947 882 5005 inﬁdeli
913 4950 1198 5007 discrimen
1242 4955 1309 5008 sit
1345 4973 1358 5008 :
1391 4955 1472 5010 bis
1513 4957 1802 5027 signaculis
1842 4958 2179 5014 internosca-

585 5053 728 5104 nutr,
762 5054 829 5093 ne
849 5041 961 5095 sola
991 5043 1650 5114 appellatione-ornemur,
1675 5064 1848 5120 neque
1875 5049 2057 5104 habitu
2088 5065 2183 5105 ex-

589 5138 744 5184 terno
783 5131 1031 5187 inﬂentur
1064 5144 1120 5189 et
1145 5137 1524 5205 superbiamus
1547 5180 1560 5202 ,
1592 5139 1699 5193 imo
1727 5139 1850 5194 licet
1877 5140 2180 5210 possidere-

3793 346 3874 404 48

2266 458 2585 526 poterimus
2600 467 2658 512 et
2680 456 2834 512 nobis
2861 459 2992 529 ipsis
3025 459 3280 528 prodesse
3312 460 3621 532 plurimum,
3647 473 3698 520 ct
3728 481 3758 520 ι
3789 465 3866 520 ln-

2281 557 2399 602 turo
2423 551 2682 618 supplicio
2709 550 2841 619 eripi
2867 591 2882 616 ,
2905 551 3049 605 etiis
3083 553 3172 621 qui
3201 568 3301 606 nos
3327 554 3594 620 viderint,
3627 559 3870 628 magistri

2277 656 2397 696 esse
2425 657 2614 695 rerum
2648 642 2856 696 utilium
2890 661 2902 696 :
2933 653 2990 697 ut
3033 643 3321 714 diligenter
3349 657 3537 702 exacta
3590 649 3690 704 hac
3714 651 3824 704 vita
3851 694 3867 715 ,

2275 743 2625 800 assequamur
2649 747 2793 798 eam,
2821 749 2942 803 qua:
2973 734 3025 788 in
3049 733 3228 789 futuro
3257 737 3455 791 sincqu
3478 739 3600 806 erit,
3624 740 3868 812 benigni-

2278 829 2464 888 tatem,
2492 838 2648 893 quam
2666 824 2818 880 nobis
2843 826 3092 882 omnibus
3115 828 3374 884 concedat
3389 831 3555 899 gratia
3583 841 3638 888 et
3657 833 3870 888 miseri-

2275 914 2459 969 cordia
2484 915 2690 971 Domini
2719 917 2888 972 nostri
2912 916 3036 973 Jesu
3064 918 3284 986 Christi,
3307 936 3429 976 cum
3451 937 3560 993 quo
3589 923 3870 994 Patriglo-

2277 1007 2376 1072 ria,
2406 1007 2709 1078 imperium,
2735 1007 2908 1064 honor
2925 1010 2978 1064 in
3008 1013 3200 1066 saecula
3218 1014 3560 1072 surculorum.
3578 1018 3745 1072 Amen
3766 1017 3872 1087 (a).

2843 1120 3121 1177 HOMILIA
3166 1122 3229 1178 ν.

2282 1245 2343 1299 Et
2379 1246 2507 1300 dixit
2536 1245 2595 1300 υ.
2614 1264 2670 1301 us
2702 1265 2714 1301 :
2744 1247 3111 1318 Congregetur
3147 1265 3281 1320 aqua
3309 1266 3431 1322 qum
3461 1251 3563 1307 sub
3585 1253 3718 1306 ca-lo
3746 1263 3830 1307 est
3859 1296 3878 1320 ,

2278 1338 2328 1392 in
2353 1340 2816 1409 congregationem
2837 1355 3014 1406 unam,
3036 1350 3088 1396 et
3105 1354 3357 1412 appareat
3375 1343 3517 1397 arida
3542 1343 3695 1416 (Gen.
3722 1347 3770 1400 l.
3794 1349 3882 1414 9).

2350 1469 2400 1524 l.
2426 1469 2694 1538 Scriptura
2717 1472 3023 1541 aurifodinis
3048 1485 3395 1543 comparatur.
3417 1503 3489 1516 —
3508 1477 3618 1545 Age
3639 1486 3690 1529 et
3714 1475 3878 1531 hodie

2275 1578 2340 1617 ex
2373 1562 2513 1617 beati
2541 1563 2749 1618 Moseos
2782 1566 2962 1620 verbis
2982 1567 3284 1621 convivium
3317 1569 3641 1623 instruamus
3680 1581 3881 1624 vestra:

2275 1655 2519 1720 caritati,
2549 1665 2603 1710 et
2628 1672 2746 1725 qtta‘.
2781 1673 2808 1709 a
2842 1657 3071 1712 Domino
3103 1658 3192 1713 die
3226 1659 3383 1714 tertio
3410 1659 3545 1714 facta
3575 1661 3679 1714 sint
3699 1701 3716 1725 ,
3746 1661 3881 1714 dili-

2275 1754 2463 1814 genter
2477 1745 2900 1800 consideremus.
2924 1746 3055 1800 Nam
3081 1747 3126 1800 si
3155 1747 3186 1802 ii
3205 1749 3292 1818 qui
3312 1749 3362 1802 in
3381 1748 3698 1804 aurifodinis
3721 1750 3882 1804 labo-

2276 1845 2394 1890 rant
2421 1834 2494 1908 (ὁ)
2516 1878 2529 1902 ,
2559 1837 2644 1891 tibi
2678 1853 2838 1891 venas
2863 1839 3120 1908 quasdam
3152 1849 3392 1895 ramenta
3425 1856 3533 1910 prze
3562 1842 3883 1897 seferentes

2275 1929 2569 1998 conspicati
2612 1930 2800 1986 fuerint
2828 1973 2841 1994 ,
2875 1947 2902 1984 a
2939 1932 3192 1987 fodiendo
3221 1948 3326 1987 non
3359 1934 3660 2002 desistunt,
3703 1936 3885 1991 donec

2275 2035 2395 2090 qua:
2412 2021 2627 2076 obstant
2641 2024 2960 2090 amoverim,
2981 2033 3034 2078 et
3053 2025 3104 2078 in
3127 2025 3446 2094 profundum
3465 2027 3882 2092 descendentes,

2276 2127 2408 2181 opes
2430 2113 2552 2168 inde
2578 2129 2796 2184 magnas
2832 2117 3206 2186 perceperint:
3234 2117 3404 2171 multo
3445 2119 3610 2188 magis
3645 2134 3742 2172 nos
3767 2136 3882 2174 non

2276 2204 2391 2257 auri
2410 2212 2647 2258 ramenta
2664 2205 3010 2276 inquit-entes,
3032 2206 3124 2262 sed
3144 2207 3552 2263 inenarrabilem'
3567 2211 3882 2265 thesaurum

2279 2297 2590 2354 inventuros
2611 2308 2910 2368 sperantes,
2931 2299 3088 2354 decet
3107 2301 3344 2370 quotidie
3369 2301 3515 2355 illum
3535 2303 3882 2372 investigare,

2287 2399 2346 2443 ut
2376 2390 2552 2445 multis
2583 2392 2945 2461 spiritualihus
2970 2392 3169 2447 divitiis
3203 2391 3327 2448 inde
3353 2395 3616 2459 collectis,
3656 2395 3884 2449 domum

2279 2480 2583 2536 redeamus.
2603 2481 2732 2536 Nam
2753 2482 2858 2538 illic
2884 2483 3099 2554 quidem
3117 2483 3314 2540 divitiae
3340 2486 3620 2541 scnsibiles
3647 2486 3889 2541 dominis

2277 2573 2388 2628 suis
2419 2573 2728 2644 frequenter
2750 2574 3042 2630 multorum
3070 2576 3429 2645 periculorum
3455 2591 3614 2632 causa
3640 2576 3885 2640 hiet-unt,

2281 2671 2335 2717 et
2376 2671 2500 2717 ante
2531 2663 2766 2733 pericula
2795 2665 3012 2720 brevem
3047 2667 3370 2736 voluptatem
3408 2667 3710 2736 praebentes
3737 2667 3885 2731 illis,

2280 2754 2464 2808 statim
2508 2754 2788 2808 avolarunt
2811 2794 2828 2821 ,
2855 2755 2940 2809 vel
2967 2755 3314 2826 sycopliantis
3357 2756 3727 2810 insidiantibus
3749 2797 3764 2818 ,
3793 2757 3887 2811 vel

2279 2843 2502 2907 furibus,
2535 2845 2619 2901 vel
2651 2845 2946 2901 latronibus
2972 2846 3203 2917 parietes
3221 2847 3640 2918 t-ll’ringcntibus,
3672 2850 3754 2903 vel
3781 2866 3888 2902 cu-

2282 2935 2528 2990 stodibus
2554 2934 2762 2990 famulis
2789 2937 3202 3006 Sarripicntibus
3228 2978 3242 3001 ,
3283 2947 3337 2993 et
3367 2939 3486 3010 luga
3524 2939 3886 2997 clabentibus.

2283 3027 2382 3083 llic
2425 3037 2604 3082 autem
2633 3029 2761 3083 nihil
2791 3029 2896 3083 tale
2935 3031 3191 3100 suspicari
3224 3032 3382 3086 licet:
3414 3032 3569 3102 diripi
3599 3033 3741 3087 enim
3768 3034 3890 3102 Spi-

2273 3120 2496 3174 ritnalis
2525 3120 2622 3176 iste
2649 3119 2930 3176 thesaurus
2974 3121 3184 3192 nequit,
3218 3132 3271 3177 et
3305 3122 3391 3177 ubi
3422 3123 3474 3177 in
3505 3126 3887 3193 proniptnariis

2271 3211 2479 3268 tuentis
2503 3220 2698 3266 nostra:
2734 3211 3046 3268 reconditus
3087 3213 3240 3270 fuerit
3261 3255 3274 3279 ,
3303 3215 3372 3269 ab
3400 3216 3650 3269 omnibus
3677 3216 3886 3270 insidiis

2282 3314 2365 3361 est
2393 3305 2839 3361 securuszmodo
2886 3320 2991 3360 non
3038 3321 3135 3376 per
3162 3305 3428 3376 ignaviam
3469 3307 3645 3362 locum
3691 3307 3887 3364 demus

2285 3396 2334 3452 ei
2364 3396 2454 3467 qui
2501 3397 2651 3450 illum
2680 3395 2839 3451 nobis
2870 3397 3083 3453 auferre
3105 3397 3285 3467 cupit.
3315 3397 3753 3469 Quandoquidem
3783 3400 3886 3454 iui-

2286 3487 2456 3544 micus
2486 3496 2689 3553 noster,
2718 3489 3007 3559 malignus,
3035 3490 3250 3559 inquam
3275 3531 3290 3557 ,
3320 3489 3530 3546 dmnton
3548 3533 3562 3554 ,
3588 3506 3708 3546 cum
3739 3493 3887 3548 videt

2281 3582 2584 3651 quempiam
2631 3581 2938 3649 spirituales
2975 3582 3268 3650 collegisse
3321 3581 3534 3636 divitias
3564 3624 3581 3649 ,
3639 3581 3772 3637 furit
3825 3593 3882 3638 et

2284 3671 2530 3727 dentibus
2561 3669 2737 3727 fremit
2762 3713 2775 3736 ,
2804 3673 3134 3742 multumque
3173 3672 3388 3743 vigilat,
3419 3682 3475 3726 ut
3516 3683 3878 3742 opportunum

2284 3773 2496 3836 tctnpus
2523 3772 2733 3834 captet,
2763 3781 2870 3836 quo
2905 3765 3070 3820 iurari
3099 3773 3260 3836 queat
3289 3765 3486 3836 aliquid
3525 3783 3588 3820 es
3619 3767 3762 3821 intus
3793 3783 3882 3822 re-

2288 3855 2542 3912 conditis.
2569 3854 2784 3911 Nullum
2827 3865 3008 3909 autem
3023 3855 3372 3910 commodum
3405 3855 3480 3909 illi
3511 3865 3717 3926 tempus
3757 3867 3841 3911 est
3865 3899 3882 3924 ,

2287 3955 2644 4018 prmtcrquam
2671 3947 2797 4001 dum
2827 3946 3001 4016 ignavi
3031 3960 3215 4000 sumus
3249 3964 3261 4000 :
3296 3945 3415 4002 ideo
3443 3958 3696 4016 perpetua
3729 3948 3888 4002 nobis

2285 4040 2554 4109 vigilantia
2583 4053 2717 4108 opus
2751 4046 2835 4092 est
2873 4037 2940 4092 ad
2971 4037 3329 4093 excludendos
3353 4038 3492 4092 illius
3522 4037 3882 4094 incursiones.

2286 4131 2418 4187 Nam
2459 4146 2554 4187 eos
2595 4144 2732 4201 quos
2779 4129 2971 4184 viderit
3001 4128 3294 4183 admodum
3335 4127 3546 4183 sobrios
3575 4138 3629 4184 et
3654 4130 3883 4200 vigiles,

2285 4238 2407 4277 cum
2435 4221 2603 4277 semel
2629 4228 2790 4290 atque
2815 4219 3008 4275 iterum
3052 4232 3334 4289 aggressus
3359 4258 3374 4284 ,
3396 4218 3602 4273 irritum
3632 4230 3886 4274 conatum

2284 4313 2463 4378 videt,
2505 4311 2760 4382 relinquit
2806 4309 3018 4365 tandem
3050 4309 3256 4379 pudore
3295 4308 3552 4373 affectus,
3583 4324 3781 4380 gnarus
3823 4325 3887 4364 se

2289 4405 2420 4460 nihil
2451 4403 2713 4474 prolicere
2732 4443 2748 4469 ,
2779 4402 2823 4456 si
2855 4401 2908 4456 in
2935 4401 3177 4456 custodia
3205 4400 3613 4471 perstiterimus.
3653 4399 3886 4455 Proinde

2285 4511 2406 4550 cum
2437 4496 2670 4550 sciamus
2700 4508 2795 4562 per
2827 4501 2990 4546 totam
3023 4492 3163 4547 hanc
3194 4493 3362 4546 vitam
3387 4492 3548 4546 nobis
3565 4493 3884 4546 certandum

2288 4601 2428 4650 esse,
2467 4587 2667 4639 siones
2692 4598 2961 4637 armemus
2981 4622 2996 4649 ,
3027 4585 3176 4652 quasi
3206 4593 3523 4652 priescntem
3551 4598 3761 4650 semper
3792 4587 3884 4636 lia-

2288 4679 2506 4732 beamus
2533 4678 2825 4738 inimicum,
2855 4677 2942 4746 qui
2971 4675 3172 4746 absque
3193 4676 3589 4730 intermissione
3608 4676 3881 4742 observet,

2287 4785 2413 4822 num
2461 4767 2746 4837 aliquando
2791 4767 2870 4820 vel
2918 4781 3103 4835 parum
3155 4766 3546 4832 dormitantes,
3598 4767 3884 4821 insidiandi

2261 4931 2264 4934 Ι
2287 4863 2620 4918 occasionem
2647 4861 2695 4915 ei
2714 4861 3084 4930 prmbcamus.

2371 4955 2618 5009 l’iuticum
2645 4953 2712 5007 ad
2736 4955 2888 5006 vitam
2916 4955 3144 5020 futuram
3163 4952 3313 5006 nobis
3340 4951 3744 5023 comparandum
3769 4960 3881 5018 cst,

2335 5057 2408 5120 (a)
2441 5056 2690 5108 conclusio
2711 5057 2921 5124 homilia:
2959 5061 3008 5108 in
3042 5065 3149 5124 Mss.
3177 5067 3228 5109 et
3250 5059 3392 5124 savii.
3417 5062 3571 5111 variat
3593 5075 3680 5124 pro
3701 5077 3860 5112 more.

2270 5127 2380 5185 Haec
2403 5127 2568 5185 autem
2592 5122 2814 5185 apposite
2837 5127 2972 5185 notat
3006 5121 3242 5185 Savilius:
3287 5140 3308 5166 ι
3334 5123 3441 5185 Mira
3484 5130 3562 5173 est
3587 5121 3767 5185 ubique
3809 5124 3860 5174 in

2269 5181 2500 5232 clausulis
2533 5181 2839 5247 homiliarum
2864 5183 3189 5247 inconstantia
3228 5185 3276 5231 in
3301 5183 3444 5247 codd.
3484 5191 3611 5243 tttss.,
3648 5181 3864 5247 ideoque

591 5234 710 5271 mus
737 5224 912 5278 omnia
938 5265 953 5290 ,
982 5240 1102 5294 quae
1147 5241 1289 5280 nunc
1328 5229 1675 5296 enumeravi,
1709 5245 1778 5286 ne
1807 5231 2180 5300 superbiamus
2258 5224 3276 5304 Lai'aaii'sariai'i“iéi~'i'u§'isaiii§;'663i;
3304 5224 3616 5296 “ait'iiiéiaiié
3648 5224 3864 5296 ἓξὲὲῖἷῖιῖ

588 5321 870 5376 umquam,
908 5314 1015 5369 imo
1061 5317 1228 5387 magis
1281 5333 1378 5373 nos
1429 5318 1789 5376 humilietnus.
1837 5320 2006 5389 Nam,
2054 5323 2179 5375 Cum

589 5401 762 5454 omnia
791 5405 1026 5472 feceritis,
1058 5409 1151 5475 ait,
1184 5410 1336 5465 dicite
1367 5428 1385 5466 :
1412 5411 1561 5466 Servi
1588 5411 1795 5469 inutiles
1817 5430 1993 5470 smnus
2024 5413 2179 5488 (Luc.

592 5493 679 5546 17.
717 5492 912 5562 l0)..Si
941 5497 1012 5551 ita
1033 5499 1244 5555 solliciti
1269 5512 1506 5558 nostratn
1532 5505 1754 5561 salutem
1786 5505 2176 5572 curaverimus,

809 5645 1012 5722 inultum
1031 5651 1219 5722 variant
1233 5654 1547 5722 exemplaria.
1567 5657 1707 5709 Savil.
1730 5667 1782 5709 et
1793 5657 2013 5709 ﬁtilliert.
2035 5673 2177 5722 unus,

587 5715 649 5784 fit:
671 5718 823 5784 fuistis»
842 5714 967 5784 tgtuu
977 5714 999 5780 _t'
1020 5714 1153 5782 circa
1174 5714 1544 5784 ooset‘uat'ionem
1565 5727 1918 5784 intentatorum.
1966 5714 2174 5784 Coislin

585 5777 650 5814 ne
665 5766 931 5827 pabulantis
945 5771 1094 5823 simus
1109 5773 1308 5826 similes.
1328 5766 2178 5848 Morel.,tteﬂsiitt'tts‘inuniericoi‘des:

2272 5314 2441 5356 enatas
2463 5305 2624 5366 putavi
2650 5319 2662 5354 :
2691 5312 2744 5353 ut
2767 5318 2860 5352 non
2887 5305 3057 5353 inscite
3079 5304 3191 5354 mihi
3216 5304 3392 5366 fecisse
3418 5307 3671 5355 videantur
3702 5307 3862 5357 Vero-

2263 5379 2411 5416 ~nens.
2437 5364 2554 5414 FJdit.
2579 5366 2896 5428 (:lirysostomi
2924 5366 2971 5412 iu
2998 5367 3138 5428 Epist.
3155 5364 3372 5415 Paulinae
3385 5375 3627 5427 auctores,
3651 5371 3863 5430 quicum

2271 5441 2473 5502 ventum
2499 5432 2658 5502 estad
2692 5431 2832 5502 illud,
2857 5431 3025 5502 gratia
3061 5441 3107 5483 et
3129 5434 3492 5502 misericordia
3515 5475 3528 5495 ,
3570 5441 3723 5502 χάριτι
3765 5443 3850 5488 καὶ

2277 5494 2608 5562 φιλανθρωπίᾳ,
2637 5493 2825 5554 reliqua
2847 5493 2938 5556 pro
2969 5498 3167 5545 let-toris
3191 5497 3398 5547 arbitrio
3421 5493 3667 5562 explenda
3693 5505 3850 5548 relin-

2269 5561 2448 5617 quunt.
2489 5569 2512 5602 ι

2331 5623 2402 5694 (lt)
2437 5625 2551 5671 Hinc
2573 5623 2879 5694 desumptum
2904 5635 2978 5676 est
3005 5628 3190 5694 initium
3205 5629 3420 5679 liomiliaa
3443 5630 3570 5680 illius
3590 5647 3700 5694 quae
3733 5636 3864 5686 inter

2268 5697 2307 5745 s;
2327 5687 2428 5733 uria
2461 5694 2504 5732 s.
2548 5687 2780 5756 Athan-isii
2819 5701 2860 5747 oi
2884 5691 3045 5756 uascula
3071 5691 3503 5756 circumfertur,et
3537 5687 3680 5756 qttam
3703 5697 3863 5746 edidi-

2271 5754 2542 5818 nnts‘l'oino
2576 5747 2612 5794 ll
2653 5759 2862 5808 ttpernin
2901 5753 3144 5799 Athanasii
3189 5767 3233 5814 p.
3261 5753 3371 5803 lOl.
3401 5747 3508 5816 Ejus
3535 5747 3721 5807 initium
3757 5767 3855 5818 est,

2275 5810 2393 5871 ἀσπιρ
2417 5821 2451 5858 ei
2471 5823 2534 5869 τήν
2558 5826 2705 5871 ιρισὶτιι
2737 5828 2797 5873 τῆς
2817 5824 3058 5872 permissus“.
