2072 3210
195 213 231 241 ω
770 198 801 226 IN
820 197 896 225 car.
918 197 939 225 t.
959 197 999 226 es

1052 198 1079 225 S.
1101 195 1216 225 HOMIL.
1239 196 1271 225 νς
1801 202 1834 230 se
1844 210 1847 213 -

184 268 372 295 mxumum
385 270 504 291 virtutum
519 266 542 289 et
554 260 658 288 assidua
669 265 829 296 peccatorum
843 258 982 294 confessio-

190 309 332 339 ιιι-σθεοη
339 309 415 337 vides
428 307 586 344 pecuniosos
594 306 663 339 illos,
674 313 735 333 eum
746 304 861 332 hostium
869 308 989 331 metuunt

193 356 388 389 incursionem,
399 358 498 390 quanta
511 353 614 381 scilicet
625 360 691 380 cttra
701 359 746 379 res
757 358 819 378 suas
829 349 990 377 custodiant?

194 401 262 430 Nam
275 401 320 429 alii
333 401 405 428 seris
419 404 445 428 et
459 399 595 434 repagulis
606 398 702 433 jattuas
716 397 847 427 muniunt,
864 401 892 422 ιιι
905 402 950 422 cas
964 394 989 421 in

195 447 414 476 humillimam:
426 446 470 474 alii
483 446 509 473 in
520 450 618 473 terram
632 443 807 475 abscondunt,
823 442 857 469 ita
870 446 897 468 ut
912 448 990 469 nemo

187 493 269 522 seire
277 493 362 530 pinsit
380 493 425 520 ubi
439 493 553 520 lateant.»
565 491 663 518 Eadem
679 490 814 525 diligentia
827 494 855 517 et
872 496 921 516 nos
934 488 990 515 col-

196 539 296 568 heh
308 538 438 567 virtutum
450 545 541 573 gazam
554 536 689 565 custodire
703 544 750 570 par
760 539 809 567 cst,
823 539 851 562 et
862 542 915 562 non
930 538 991 560 ante

196 585 435 614 multinominis.
449 590 600 619 proponere
612 603 620 616 ,
634 581 681 609 sed
701 581 727 609 in
742 581 873 609 tutissimo
895 579 992 606 mentis

198 632 382 668 Μινυεία
396 639 525 666 reponere
537 651 546 663 ,
560 635 587 657 et
598 636 693 657 omnes
707 635 802 663 rapere
817 627 931 654 volentis
950 626 991 652 in-

197 677 499 709 sidianteleludereunt
512 683 572 704 cum
588 683 603 701 a
618 674 743 710 prmdone
757 678 840 701 tutam
854 680 911 699 eam
934 678 993 699 ser-

198 723 352 751 uiuit-us
362 742 372 756 ,
385 723 420 750 sit
432 722 509 749 nobis
523 721 648 748 viaticum
662 720 695 747 ad
709 719 823 746 futuram
837 718 917 745 vitam
932 717 994 744 hinc

199 767 386 804 litigantibus.
408 767 513 795 Etenim
526 766 594 793 sicut
607 765 625 792 ii
639 765 684 800 qui
699 765 725 792 in
738 768 807 791 terra
821 763 905 790 aliena
921 766 992 795 sunt,

200 813 309 850 qtnndo
322 814 349 842 in
363 813 475 850 patriam
491 820 567 840 suam
582 812 671 840 redire
688 810 817 846 cupiunt,
830 809 915 837 multo
928 813 995 835 tem-

200 868 269 897 pre
290 860 416 896 paulatim
439 859 547 887 student
561 863 588 886 et
610 862 704 886 curant
726 861 832 884 tantum
852 855 995 882 corradere

201 906 459 942 iatlei,.quantum
482 905 516 932 ad
531 905 580 932 vite
602 903 793 939 longitudinem
814 903 854 930 cis
874 902 996 930 sufﬁcere

202 957 286 989 queat
295 972 304 986 ,
318 957 349 980 ut
363 959 399 980 ne
412 950 598 979 ineuriafame
619 950 723 985 seipsos
733 949 846 985 perdant
860 958 868 976 :
883 949 919 975 ita
930 956 995 976 sane

201 1001 291 1028 me
310 1003 339 1027 et
356 1005 406 1026 nos
428 1002 554 1032 oportet,
574 997 635 1032 quia
650 996 781 1031 peregrini
801 995 844 1022 ltic
865 1003 956 1022 sumus
970 999 997 1022 et

199 1044 312 1074 edunt:
324 1065 332 1077 .
354 1049 385 1072 ut:
395 1043 581 1079 provideamus
594 1047 618 1070 et
642 1048 810 1077 reponamus.
822 1040 900 1068 nobis
919 1040 996 1075 spiri-

202 1090 313 1119 tualium
326 1090 453 1117 virtutum
465 1089 559 1116 viatica
573 1097 580 1115 :
595 1092 623 1115 ut
633 1088 740 1123 quando
749 1086 906 1123 praeceperit
915 1086 993 1113 nobis

202 1135 368 1166 Domiltnsin
383 1140 500 1163 nostram
514 1134 604 1162 redire
618 1134 740 1169 patriam,
758 1133 841 1168 parati
861 1133 955 1165 simtts,
970 1136 998 1159 et

201 1182 255 1211 alis
265 1182 373 1218 quidem
381 1181 518 1209 nobiscum
530 1181 681 1213 affet-amns,
699 1180 749 1207 alia
760 1184 849 1207 autem
860 1179 915 1214 jam
928 1186 996 1214 pra:-

202 1226 456 1255 Ilibarbabeamus.
473 1226 572 1253 [lorum
583 1225 655 1252 enim
665 1225 820 1252 viaticorum
834 1224 894 1251 talis
905 1228 997 1251 natttra

201 1277 257 1307 est,
267 1277 299 1301 ut
310 1280 343 1301 ea
355 1280 420 1308 quae
430 1280 478 1308 per
492 1272 622 1300 bonorum
638 1271 821 1305 operationem
832 1270 997 1298 voluerimus

202 1323 267 1347 ante
286 1325 336 1346 nos
358 1318 521 1354 praemittere
534 1337 542 1351 ,
566 1324 627 1344 cum
651 1317 714 1344 illuc
734 1323 784 1343 nos
799 1316 975 1351 prterenerint
988 1336 996 1348 ,

200 1363 298 1399 ianuas
309 1363 387 1392 nobis
399 1363 522 1398 aperiant
544 1362 646 1390 ﬁducia:
660 1361 693 1389 ad
708 1362 848 1389 Dominum
863 1367 888 1388 et
904 1361 999 1388 introi-

203 1414 260 1437 tum
272 1409 386 1443 facilem,
400 1413 428 1436 et
442 1408 542 1443 absque
556 1415 656 1443 pavore
665 1428 672 1439 ,
686 1411 714 1435 et
728 1415 850 1442 magnam
865 1407 938 1442 apud
949 1405 998 1434 Ju-

201 1454 290 1483 dioem
304 1454 517 1482 benevolentiam!
528 1453 678 1480 concilient.

238 1499 269 1528 2.
282 1500 316 1528 Et
335 1504 366 1527 lt
378 1499 467 1527 discas
480 1519 487 1531 ,
501 1499 600 1526 dilecte
611 1519 618 1531 ,
635 1498 692 1525 hinc
708 1499 732 1525 in
749 1499 820 1525 ltttnc
842 1505 871 1525 se
891 1498 998 1524 modum

204 1545 312 1577 habere,
323 1545 418 1579 collige
430 1544 502 1577 hittc,
511 1544 582 1578 quod
593 1544 636 1578 qui
646 1543 792 1571 liberaliter
802 1544 998 1578 elcetnosyuam

203 1591 323 1626 impertit
332 1610 346 1623 ,.
354 1594 384 1618 et
397 1590 440 1617 hie
455 1597 515 1617 cum
532 1589 600 1616 bona
623 1589 787 1616 conscientia
802 1593 940 1621 versatur,
956 1589 999 1615 ubi

203 1635 266 1664 ltili:
278 1635 420 1664 umolatus
435 1635 524 1668 fuerit,
541 1643 663 1670 magnam
677 1635 746 1669 apud
761 1634 880 1662 Iudicem
896 1635 1001 1662 miseri-

202 1681 323 1710 cordiam
335 1682 470 1714 inveniat,
486 1685 567 1716 atque
581 1681 662 1708 beata»
671 1681 714 1708 illa
729 1681 881 1708 verba-cum
897 1683 1000 1709 caneris

202 1727 315 1758 animi:
333 1727 431 1762 Venite,
446 1727 572 1754 benedicti.
582 1727 670 1754 Putris
689 1727 737 1754 mei
746 1748 754 1760 ,
770 1728 875 1762 accipite
886 1728 911 1755 in
923 1730 1001 1755 lucre-

203 1775 438 1811 ﬁ'mregnum,
451 1774 519 1810 quod
528 1774 599 1802 vobis.
609 1779 781 1809 prmpuratum
797 1779 832 1801 est
850 1783 865 1800 (ι
883 1776 1000 1801 constitu-

202 1821 460 1856 u'uumndiawuia
477 1821 587 1853 uurhn',
612 1825 634 1847 et
648 1820 753 1847 dedistis
772 1821 832 1847 nti/ti
849 1821 1001 1848 manducare

203 1866 319 1904 (ﬂatus.
329 1866 434 1895 ἥλιε.
450 1867 512 1902 55).
528 1866 732 1901 Ιιιίρειιιιιτοοιΐο
753 1871 779 1893 et
792 1867 817 1892 in
840 1866 899 1893 aliis
914 1866 999 1893 virtu-

205 1912 282 1941 ιίδιιιί
289 1912 444 1948 contingere
458 1912 588 1939 invenias.
604 1911 648 1939 Sic
663 1916 690 1939 et
708 1912 734 1938 itt
757 1911 926 1939 confessione
940 1919 1002 1946 pec-

203 1963 326 1986 catorum
338 1978 346 1991 ,
359 1962 390 1987 et
410 1958 436 1985 in
458 1957 614 1985 assiduitate
636 1956 796 1992 fervoreque
818 1958 1000 1991 prccalionum

207 2008 373 2032 mrum.
389 2008 441 2032 est.
464 2003 577 2037 Quando
597 2003 668 2030 enim
691 2003 716 2029 in
742 2003 866 2037 praesenti
880 2002 932 2029 vita
956 2010 1003 2037 per

203 2048 401 2078 confessionem
416 2053 522 2084 pomata
537 2049 660 2082 abluere,
678 2053 705 2076 et
720 2048 903 2076 remiSsionem
918 2056 934 2075 a
950 2049 1002 2075 Do-

210 2096 410 2132 minoassequi
423 2095 588 2131 potuerimus
600 2115 607 2127 ,
630 2095 760 2122 abibimus
776 2095 837 2122 illuc
860 2102 874 2120 a
889 2095 1004 2129 peccatis

205 2141 279 2178 ptui,
291 2146 319 2171 ω
330 2149 463 2176 magnam,
476 2149 535 2177 quae
549 2146 612 2168 tunc
623 2140 700 2168 nobis
712 2140 864 2173 donabitur,
881 2140 1003 2167 ﬁduciam

204 2187 386 2216 inveniemus.
397 2186 489 2222 Neque
496 2187 567 2214 enim
576 2186 631 2213 ﬁcri
646 2190 733 2220 potest
743 2190 772 2213 ut
786 2186 826 2218 iis,
841 2186 885 2220 qui
900 2186 925 2212 in
937 2193 1005 2220 pra:-

205 2234 281 2263 δαιιί
288 2234 342 2261 vita
354 2238 461 2269 peccata
475 2241 531 2261 non
542 2233 672 2264 abluerit,
689 2236 779 2266 postea
795 2232 1003 2259 consolationem

205 2280 322 2316 aliquam
337 2279 390 2307 illic
404 2279 560 2307 inventurus
573 2279 617 2306 sit.
633 2278 665 2305 In
680 2278 778 2313 inferna
792 2279 873 2311 enim,
890 2278 936 2310 ait,
950 2278 1006 2311 quis

204 2325 366 2362 Win:
376 2325 566 2361 tibi;('l?sat..6.
577 2324 594 2352 6
606 2324 634 2359 )7
650 2324 682 2352 Et
698 2324 792 2351 merito
804 2333 810 2350 :
825 2323 876 2351 hoc
886 2323 956 2351 enim
965 2327 1007 2351 est

205 2372 354 2401 stadiorum
367 2375 482 2407 tempus,
499 2376 529 2399 et
538 2370 720 2404 conﬂictuum,
735 2375 763 2398 et
770 2370 961 2397 certaminum:
975 2369 1008 2396 il-

207 2419 258 2448 lud
267 2426 331 2448 vero
339 2425 510 2451 coronarum,
517 2417 659 2449 mercedis,
667 2421 694 2445 et
702 2417 882 2452 przentiorum.
893 2416 1007 2444 Proinde

205 2467 342 2492 “emta
351 2463 423 2491 dum.
430 2463 517 2491 adhuc
528 2463 554 2490 itt
565 2462 652 2490 stadio
660 2469 807 2495 versamur,
822 2469 856 2489 ne
868 2466 1002 2496 tempore,

206 2517 377 2546 quomoda:
389 2514 418 2538 et
435 2509 556 2538 laborum
571 2509 680 2544 praemia
699 2514 857 2541 sutnuntur,
873 2509 942 2535 inter
961 2515 1008 2535 eos

206 2555 305 2590 sim
317 2555 363 2592 qui
378 2555 483 2591 pudore
495 2554 664 2587 afﬁcientur;
681 2554 728 2582 sed
744 2554 816 2582 inter
830 2561 877 2581 eos
890 2554 933 2588 qui
946 2561 1007 2581 cum

207 2600 304 2630 ﬁducia
312 2601 442 2638 capitibus
451 2600 720 2635 coronas-excipient.
732 2600 787 2627 Hoc
795 2600 926 2635 prooemio
938 2599 1008 2634 apud

208 2646 346 2676 caritatem
354 2651 469 2676 vestram
477 2653 531 2674 non
543 2650 655 2680 temere,
665 2653 751 2681 neque
759 2646 889 2673 invanum
900 2645 1007 2672 utimur:

207 2691 386 2729 sedunotidie
396 2691 431 2721 de
440 2692 518 2721 bonis
528 2691 657 2727 operibus.
662 2699 712 2719 vos
718 2692 864 2719 admonere
875 2692 1007 2726 cupimus,

208 2738 383 2775 “perfecti,
396 2737 596 2770 consummati,
615 2737 812 2772 virtutibusque
827 2736 937 2772 prmdita
956 2736 1009 2764 vita

207 2785 372 2820 spectabiles
386 2784 459 2819 facti,
467 2785 529 2812 sitis
538 2783 784 2819 irrepreltensibilcs
798 2788 824 2811 et
839 2784 947 2816 sinceri,
958 2784 1010 2810 im-

209 2831 337 2859 ntaoulati
353 2831 400 2859 ﬁlii
413 2830 460 2858 Dei
477 2839 484 2858 :
499 2836 526 2858 et
539 2830 649 2858 luceatis
660 2830 729 2858 sicut
739 2830 880 2857 luminaria
895 2829 920 2856 in
932 2837 1010 2856 mun-

209 2878 246 2906 do
257 2898 267 2910 .
287 2883 448 2906 sermonem
459 2877 520 2905 vita:
535 2876 669 2904 habentes
680 2876 706 2904 in
727 2876 812 2904 nostri
826 2875 1009 2911 gloriationcm

210 2922 412 2958 insdieﬁlm‘stl,
429 2922 510 2951 utvvel
523 2920 748 2958 s'oloaspcctu‘iis
763 2921 890 2957 prodesse
903 2920 1009 2956 possitis

1044 258 1087 293 qui
1099 257 1235 286 vobiscum
1249 264 1397 293 versantur,
1413 265 1441 288 ut
1453 265 1547 288 t'cstrrc
1558 261 1701 297 spiritualis
1716 261 1835 297 fragran-

1043 305 1085 331 tite
1098 325 1105 337 ,
1123 309 1270 340 t'estrchue
1283 305 1390 339 Optima:
1403 305 1463 334 vitro
1478 307 1587 335 rationis
1598 315 1630 335 ex
1645 308 1740 335 vestris
1753 307 1837 335 collo-

1043 350 1112 384 quiis
1125 350 1189 377 ﬁant
1203 351 1354 386 participes.
1370 352 1472 380 Etenim
1486 353 1553 380 sicut
1576 353 1756 389 improborum
1773 362 1837 381 cott-

1046 397 1160 425 sueludo
1174 397 1349 426 familiaribus
1365 400 1420 427 suis
1435 400 1546 427 ntultum
1560 405 1647 433 nocet,
1663 400 1838 435 quemadmo-

1043 443 1106 469 dum
1127 443 1219 471 beatus
1236 444 1333 472 Paulus
1349 445 1452 481 inquit:
1467 445 1639 480 Corrumpunt
1661 446 1737 473 bonos
1756 454 1837 472 ntat‘t‘s

1044 488 1169 524 colloquia
1183 497 1260 524 prava
1273 490 1282 526 (
1294 492 1319 517 l.
1336 491 1395 518 Car.
1412 491 1455 519 l5.
1471 492 1506 519 55
1519 492 1527 526 )
1540 500 1546 519 :
1560 491 1598 518 sic
1611 496 1637 519 et
1651 491 1782 519 bonorum
1799 490 1838 517 fa-

1046 535 1184 564 miliaritas
1203 545 1254 564 una
1269 538 1438 565 versantibus
1451 538 1568 565 maxima
1590 538 1729 565 commoda
1750 538 1837 565 affert.

1045 582 1222 615 Quamobrem
1246 583 1377 619 benignus
1402 585 1528 612 Dominus
1548 589 1639 612 ttostcr
1661 584 1730 611 inter
1755 584 1839 611 malos

1046 628 1166 662 permisit
1189 629 1273 656 bonos
1293 630 1404 663 vivere,
1424 634 1451 658 ul
1474 630 1587 665 improbi
1610 630 1712 657 luerutn
1733 630 1839 665 aliquod

1047 673 1161 700 habeant
1174 681 1205 701 cx
1221 682 1250 701 ea
1264 675 1456 702 consuetudine
1466 696 1474 708 ,
1490 683 1539 703 ncc
1558 683 1666 710 semper
1679 675 1704 702 in
1718 683 1765 703 sua
1780 683 1840 710 pcr-

1047 724 1171 746 maneant
1193 720 1292 747 malitia
1314 729 1319 746 :
1342 721 1390 748 sed
1414 720 1500 749 bonos
1520 721 1647 748 contittuo
1665 727 1727 749 ante
1747 721 1841 748 oculos

1047 769 1208 799 spectantes,
1222 765 1320 800 aliquid
1335 766 1454 794 utilitatis
1465 775 1497 794 ex
1508 775 1600 794 eorum
1611 767 1714 802 capiant
1729 766 1842 794 familia-

1047 809 1135 837 ritate.
1151 809 1234 837 Tanta
1249 811 1319 838 enim
1333 812 1437 839 virtutis
1452 812 1567 847 potentia
1581 816 1621 840 cst
1631 833 1637 844 ,
1655 816 1682 839 ut
1700 819 1841 839 revcreau-

1048 851 1090 883 tur
1110 861 1138 883 et
1159 857 1270 884 multum
1284 857 1390 885 laudent
1412 865 1491 892 eam,
1516 858 1595 885 ctiam
1611 858 1655 893 qui
1672 858 1715 884 illa
1739 862 1840 884 carent.

1048 901 1122 929 Sicut
1142 906 1169 929 et
1183 902 1273 929 vitium
1293 903 1373 930 etiam
1392 903 1425 930 ab
1439 904 1470 931 iis
1480 925 1487 936 ,
1500 904 1544 939 qui
1560 904 1621 931 mali
1635 907 1697 930 sttnt
1707 925 1713 937 ,
1729 902 1843 931 subinde

1048 951 1186 974 accusatur
1200 952 1228 975 et
1242 948 1376 983 carpitur:
1386 949 1453 976 adeo
1463 949 1555 977 vitium
1567 949 1690 976 omttibus
1702 953 1744 976 cst
1758 949 1844 975 mani-

1047 993 1143 1020 festum
1160 995 1374 1029 ct‘pcrspicuutn
1389 1016 1395 1026 ,
1410 1003 1495 1030 neque
1510 995 1593 1022 ullum
1618 1002 1741 1029 umquam
1767 994 1844 1022 facile

1048 1039 1166 1073 reperias
1187 1039 1232 1074 qui
1253 1039 1334 1067 libere
1356 1040 1453 1067 malum
1476 1048 1506 1068 se
1526 1047 1586 1068 esse
1605 1040 1781 1075 proﬁteatur:
1796 1040 1843 1067 sed

1049 1084 1119 1120 quod
1133 1085 1229 1112 mirum
1254 1089 1313 1118 cst,
1337 1085 1443 1120 ipsimet
1462 1093 1492 1113 ea
1507 1107 1513 1118 ,
1527 1094 1586 1120 qua:
1607 1086 1732 1120 operibus
1756 1085 1843 1113 facere

1051 1135 1190 1162 attcntant,
1206 1131 1296 1158 verbis
1309 1131 1376 1157 ntala
1389 1139 1449 1158 esse
1463 1131 1589 1164 fatentur,
1604 1139 1635 1158 ac
1648 1131 1782 1166 plerisque
1795 1138 1844 1158 oc”

1050 1178 1119 1205 culta
1129 1184 1188 1205 esse
1199 1177 1308 1205 vellent.
1322 1177 1397 1211 Quod
1410 1183 1437 1205 et
1449 1178 1534 1212 ipsutn
1547 1178 1642 1205 divina:
1654 1177 1844 1205 misericordia:

1050 1228 1100 1255 est,
1115 1231 1174 1258 quze
1190 1223 1326 1250 hominum
1342 1223 1432 1258 generi
1445 1224 1588 1257 concessit,
1605 1227 1633 1251 ut
1644 1224 1785 1258 unicttiqtte
1799 1231 1845 1251 uo-

1050 1273 1134 1296 strum
1150 1269 1256 1296 ittsitunt
1271 1269 1305 1296 sit
1315 1269 1497 1304 incorruptum
1509 1269 1638 1303 judicium
1654 1269 1826 1297 conscientiae
1837 1290 1843 1301 ,

1050 1314 1120 1349 quod
1132 1318 1254 1341 accurate
1266 1319 1352 1349 potest
1365 1322 1378 1340 a
1391 1314 1461 1341 malo
1472 1315 1569 1341 bontttn
1582 1314 1735 1342 discernere
1747 1323 1755 1347 ;
1767 1315 1846 1350 idque

1051 1360 1219 1394 potissimum
1242 1368 1347 1387 otnttcnt
1369 1360 1445 1387 nobis
1466 1359 1648 1387 defensionem
1665 1360 1751 1394 tollit,
1774 1361 1846 1395 qttod

1052 1413 1104 1432 non
1121 1412 1168 1439 per
1182 1404 1356 1440 ignorantiam
1378 1404 1403 1431 in
1419 1409 1526 1440 peccata
1548 1404 1695 1432 incidamus
1707 1425 1714 1437 ,
1739 1405 1786 1432 sed
1799 1412 1848 1440 per
1866 1422 1869 1427 -

1052 1452 1146 1478 anima:
1160 1451 1288 1479 desidiam
1301 1456 1327 1479 et
1341 1451 1445 1478 virtutis
1459 1454 1649 1486 contemptum.

1087 1499 1114 1525 5.
1135 1498 1197 1525 llmc
1212 1498 1323 1533 singulis
1336 1498 1408 1525 horis
1422 1503 1513 1525 nostro
1523 1505 1660 1525 versemus
1673 1498 1771 1531 animo,
1789 1506 1847 1525 tua-

1052 1552 1129 1580 gnam
1155 1545 1247 1572 salutis
1270 1549 1368 1571 nostra:
1394 1544 1520 1571 habentes
1544 1544 1747 1571 sollicitudinem
1762 1565 1768 1577 ,
1794 1552 1845 1577 ne,

1052 1595 1229 1626 prmtcreunte
1249 1595 1378 1626 tempore,
1401 1590 1564 1626 ignorantes,
1587 1590 1664 1618 ttobis
1687 1590 1751 1625 ipsis
1765 1591 1848 1618 maxi-

1053 1644 1124 1663 tntun
1147 1635 1292 1663 inferamus
1314 1635 1451 1662 damnum.
1475 1635 1526 1663 Sed
1549 1635 1738 1670 prommiorum
1762 1635 1845 1663 satis:

1051 1682 1190 1708 attdiamus
1203 1685 1291 1707 autem
1302 1701 1309 1713 ,
1326 1681 1348 1708 si
1364 1681 1459 1715 placet,
1474 1688 1534 1715 qua:
1548 1686 1575 1708 et
1587 1680 1666 1708 bodie
1686 1688 1733 1707 nos
1749 1680 1846 1708 docere

1048 1725 1109 1754 ’vult
1122 1727 1236 1762 Spiritus
1248 1727 1332 1754 sancti
1346 1726 1428 1761 gratia
1444 1734 1490 1761 per
1504 1727 1574 1754 beati
1588 1726 1669 1753 Mosis
1679 1726 1806 1761 linguam.
1817 1726 1845 1754 9.

1055 1773 1087 1800 Et
1102 1774 1176 1804 dixit,
1189 1772 1284 1807 inquit,
1302 1772 1389 1799 Deus:
1402 1772 1571 1807 Congregelur
1583 1780 1649 1806 aqua
1661 1780 1717 1806 qua:
1730 1772 1775 1799 sub
1785 1772 1848 1799 mlo

1054 1825 1104 1852 cst,
1121 1820 1147 1846 in
1169 1819 1385 1854 congregationem
1409 1827 1496 1852 unum,
1521 1823 1542 1845 ct
1565 1824 1686 1853 apparent
1709 1819 1791 1846 arida.
1817 1819 1849 1845 Et

1054 1868 1150 1901 factum
1162 1865 1253 1891 estita.
1269 1864 1333 1892 Vide
1346 1864 1404 1897 ltic,
1420 1865 1530 1891 obsecro
1540 1885 1546 1895 ,
1561 1864 1657 1892 dilecte
1668 1886 1674 1895 ,
1687 1864 1806 1892 ordinent
1822 1870 1849 1892 et

1054 1911 1271 1946 consequentiam
1292 1909 1429 1944 optimam.
1446 1909 1512 1943 Quia
1534 1909 1636 1937 dixerat
1656 1909 1681 1936 itt
1700 1910 1846 1944 principio:

1055 1957 1134 1984 Terra
1148 1963 1202 1983 erat
1214 1956 1345 1983 invisibilis
1359 1960 1382 1982 et
1401 1956 1579 1990 incomposita,
1596 1963 1628 1983 co
1648 1956 1717 1990 qttod
1733 1955 1850 1983 tenebris

1055 2007 1082 2029 et
1097 2002 1171 2037 aquis
1181 2001 1371 2036 obtegeretur:
1385 2005 1412 2028 et
1424 2001 1519 2028 deinde
1532 2001 1660 2035 prmcepit
1669 2001 1712 2028 die
1720 2001 1848 2034 secundo,

1056 2054 1084 2074 ut
1108 2051 1181 2074 esset
1205 2047 1421 2079 firmamentum,
1450 2050 1477 2072 et
1499 2052 1628 2079 aquarum
1653 2046 1850 2079 scparationcm

1056 2093 1127 2125 fecit,
1142 2093 1298 2127 vocavitque
1319 2092 1514 2118 ﬁrmamentum
1534 2091 1626 2118 caelum
1642 2100 1648 2118 :
1664 2099 1732 2118 nunc
1753 2091 1849 2119 iterum

1055 2139 1133 2166 (locet
1147 2146 1213 2171 nos,
1233 2145 1262 2165 se
1281 2138 1324 2165 die
1340 2137 1417 2164 tertio
1433 2137 1590 2172 prmcepisse
1611 2145 1687 2172 aquae
1698 2159 1704 2170 ,
1719 2146 1779 2172 quae
1802 2138 1852 2165 sub

1057 2185 1137 2217 etelo,
1153 2184 1202 2211 ltoc
1221 2187 1277 2216 est,
1293 2183 1470 2216 firmamento,
1487 2187 1515 2210 ut
1531 2183 1646 2210 inunam
1667 2183 1852 2218 congregatio~

1057 2239 1118 2258 nem
1140 2230 1309 2262 conveniret,
1333 2234 1360 2257 ct
1381 2230 1468 2256 locum
1490 2229 1583 2261 daret,
1607 2233 1686 2264 atque
1711 2235 1853 2264 appareret

1057 2276 1149 2304 arida:
1173 2280 1199 2304 ct
1220 2276 1319 2303 factum
1333 2279 1373 2303 est
1392 2275 1438 2302 ita.
1453 2275 1519 2309 Quia
1537 2274 1609 2302 enim
1632 2275 1721 2303 omnia
1743 2275 1852 2310 impleta

1058 2325 1135 2350 erant
1151 2322 1228 2356 aquis
1239 2342 1246 2355 ,
1256 2321 1334 2356 jussit
1347 2321 1372 2347 in
1386 2328 1466 2348 ttnam
1479 2321 1710 2356 cmgrcgationem
1723 2328 1852 2356 aquarum

1058 2367 1256 2394 multitudinem
1270 2366 1427 2398 concedere,
1440 2371 1468 2393 ιιι
1481 2366 1520 2393 sic
1534 2371 1673 2401 appareret
1687 2366 1771 2395 arida,
1784 2366 1862 2393 ,Vide‘

1058 2412 1192 2447 quomodo
1218 2412 1344 2447 paulatim
1374 2411 1444 2438 illius
1470 2411 1548 2438 nobis
1575 2411 1798 2446 pulchritudinem
1825 2415 1854 2438 et

1059 2463 1181 2486 ornatum
1195 2457 1319 2485 ostendit.
1337 2457 1368 2484 Et
1390 2459 1484 2492 factum
1501 2461 1552 2489 est,
1565 2457 1619 2490 ait,
1634 2456 1679 2482 ita.
1693 2456 1862 2489 Quomodo?

1059 2505 1132 2533 Sicut
1159 2508 1319 2539 pncceperat
1346 2503 1482 2530 Dominus.
1513 2503 1583 2530 Dixit
1604 2502 1710 2535 solum,
1734 2505 1762 2529 et
1780 2509 1855 2537 opus

1060 2551 1250 2585 subscquutum
1274 2553 1325 2576 est.
1349 2549 1405 2576 Hec
1423 2548 1493 2576 enim
1515 2547 1648 2583 peculiare
1671 2547 1717 2574 Del
1746 2551 1797 2579 est,
1822 2551 1852 2574 ut

1060 2596 1206 2625 secundum
1221 2595 1384 2623 voluntatem
1400 2601 1474 2622 suam
1492 2597 1627 2620 creaturas
1642 2592 1803 2620 moderetur.
1821 2591 1856 2619 Et

1061 2646 1213 2678 congregata
1231 2645 1266 2667 est
1275 2661 1283 2672 ,
1297 2639 1397 2674 inquit,
1413 2646 1478 2673 aqua
1490 2646 1550 2673 qua:
1558 2638 1603 2665 sub
1615 2638 1677 2664 uelo
1686 2658 1693 2669 ,
1708 2638 1734 2665 in
1747 2645 1855 2673 congre-

1062 2688 1173 2724 gatione:
1188 2694 1258 2719 suas,
1281 2690 1305 2713 et
1329 2685 1448 2719 apparuit
1470 2683 1554 2710 arida.
1577 2683 1806 2716 Quemadmodum
1821 2683 1856 2711 de

1060 2735 1120 2762 luce
1134 2733 1232 2760 dictum
1248 2736 1289 2759 est
1300 2751 1308 2765 ,
1324 2730 1393 2765 quod
1409 2737 1468 2758 cum
1489 2734 1579 2757 essent
1598 2728 1696 2764 ubique
1720 2729 1856 2761 tenebras,

1060 2778 1169 2815 jusserit
1183 2777 1291 2813 produci
1306 2778 1391 2804 lucem
1403 2797 1410 2810 ,
1427 2780 1453 2803 et
1467 2776 1662 2811 scparatiouem
1679 2775 1772 2803 fecerit
1790 2775 1857 2803 lucis

1062 2833 1093 2854 ac
1104 2826 1283 2856 tenebrarum,
1295 2828 1322 2851 et
1333 2823 1400 2850 banc
1413 2822 1536 2850 tribuerit
1546 2822 1608 2855 diei,
1617 2820 1685 2848 istas
1695 2825 1759 2846 vero
1769 2819 1842 2848 nocti
1853 2827 1860 2851 ;

1063 2872 1184 2901 similiter
1199 2871 1297 2898 dictum
1312 2874 1352 2898 est
1363 2891 1370 2903 ,
1384 2869 1454 2905 quod
1476 2876 1536 2896 cum
1557 2867 1683 2903 produxit
1701 2867 1856 2894 ﬁrmamen-

1064 2924 1129 2953 tum,
1143 2925 1270 2954 aquarum
1285 2918 1350 2945 alias
1363 2916 1526 2952 superiorem
1539 2915 1625 2943 locum
1637 2921 1780 2949 occupare,
1791 2914 1857 2943 alias
