4144 6482
453 414 518 472 Il
1111 419 1167 474 S.
1207 417 1484 476 JOANNIS
1519 412 1992 475 CHRYSOSTOMI
2037 412 2353 472 AllClllEP.
2393 418 2926 478 CONSTANTINOP.
3654 425 3729 480 52

456 538 634 585 autem
659 531 760 588 sub
787 531 1120 587 llrtn‘amento
1152 547 1271 589 esse
1295 534 1549 603 jusserit:
1573 535 1652 590 sic
1675 543 1729 590 et
1755 549 1893 588 nunc
1923 532 2040 588 illas

461 623 602 690 ipsas
642 638 838 693 aquas,
866 639 984 693 qua:
1030 624 1130 678 sub
1171 623 1509 680 ﬁrmamento
1554 636 1705 680 erant
1729 668 1743 688 ,
1800 626 1851 679 in
1880 639 2038 680 unam

460 718 921 784 congregationem
938 716 1090 786 jubet
1115 718 1278 782 coire,
1304 729 1357 774 ut
1380 728 1632 788 appareat
1650 719 1817 782 arida,
1842 731 1895 775 et
1919 731 2046 777 tunc

464 803 585 856 huic
613 806 773 859 etiam
803 821 958 861 suum
1000 823 1192 865 nomen
1230 810 1503 878 imponat;
1545 811 1681 865 sicut
1717 809 1786 864 de
1827 809 1945 864 luce
1987 817 2041 864 et

463 894 700 951 tenebris
727 897 923 952 dictum
951 910 1050 955 est.
1080 900 1408 974 Congregata:
1428 903 1559 957 enim
1581 913 1724 969 sunt,
1751 904 1860 966 ait,
1897 918 2044 974 aqua

462 1004 575 1053 qua:
599 990 690 1043 sub
718 993 843 1045 ca'lo
867 1003 1030 1060 erant,
1059 994 1112 1049 in
1141 997 1548 1067 congregationes
1571 1013 1707 1060 suas,
1733 1006 1779 1051 et
1807 997 2044 1065 apparuit

463 1081 652 1136 arida:
705 1083 792 1138 10.
838 1095 885 1138 et
929 1087 1116 1140 vocavit
1158 1085 1296 1142 Deus
1335 1089 1534 1142 aridam
1579 1098 1782 1142 terram.
1815 1089 2043 1153 Vidisti,

466 1170 678 1234 dilecte,
703 1175 970 1242 quomodo
1003 1177 1138 1232 Deus
1161 1189 1375 1244 terram,
1403 1195 1522 1248 quae
1553 1180 1827 1235 invisibilis
1856 1191 1968 1234 erat
1992 1191 2048 1234 et

471 1262 835 1332 incomposita,
868 1273 922 1319 et
958 1267 1106 1334 aquis
1145 1269 1294 1336 quasi
1347 1270 1693 1325 vclaminibus
1731 1269 2045 1340 quibusdam

468 1353 832 1422 obtegebatur,
857 1355 1189 1424 despoliavit,
1214 1366 1271 1411 ut
1295 1358 1372 1412 sic
1394 1359 1591 1424 dicam,
1619 1368 1674 1416 et
1698 1359 1886 1415 faciem
1911 1360 2052 1416 illius

472 1443 624 1496 nobis
655 1447 986 1512 monstravit,
1011 1450 1225 1517 prpprio
1248 1451 1408 1504 etiam
1437 1451 1652 1505 nomine
1675 1451 1960 1520 imposito?
1983 1449 2049 1505 Et

469 1538 896 1606 congregationes,
927 1539 1034 1605 ait,
1080 1557 1324 1610 aquarum
1365 1542 1554 1595 vocavit
1601 1543 1783 1594 maria.
1833 1542 1972 1596 Ect‘e
1997 1551 2054 1597 et

469 1643 620 1698 aqua:
650 1644 841 1684 nomen
873 1645 1028 1685 suum
1056 1633 1254 1686 sortita:
1285 1642 1426 1687 sunt.
1449 1633 1579 1686 Nam
1609 1633 2052 1702 quemadmodum

470 1720 705 1789 optimus
740 1721 924 1777 artifex
964 1731 1079 1778 arte
1117 1739 1210 1777 sua
1253 1738 1346 1778 vas
1386 1723 1598 1794 aliquod
1641 1723 1895 1790 facturus,
1945 1740 2050 1777 non

473 1821 626 1867 antea
650 1813 722 1867 illi
751 1829 940 1869 nomen
973 1815 1216 1885 imponit,
1238 1816 1407 1872 donec
1430 1817 1700 1870 absolvat:
1728 1817 1798 1870 ita
1824 1826 1876 1871 et
1905 1815 2053 1870 beni-

473 1917 608 1971 gnus
650 1902 902 1958 Dominus
929 1905 1140 1959 nomina
1171 1906 1449 1961 elementis
1485 1921 1590 1960 non
1620 1915 1772 1960 antea
1809 1905 2053 1974 imponit,

473 1994 646 2049 donec
680 2009 739 2049 ca
776 1995 828 2048 in
865 1996 1090 2066 propriis
1118 1997 1247 2052 locis
1275 2012 1373 2051 suo
1398 2007 1662 2068 pnecepto
1687 2007 1864 2067 ponat.
1896 1997 2055 2067 Igitur

475 2095 751 2155 postquam
779 2095 917 2142 terra
944 2104 1135 2143 nomen
1175 2105 1327 2144 suum
1355 2091 1577 2159 accepit,
1609 2099 1664 2145 et
1689 2089 1752 2144 ad
1786 2091 2055 2160 propriam

475 2174 696 2228 fortnam
744 2178 1020 2246 pervenit,
1058 2179 1218 2233 etiam
1259 2195 1411 2248 aqua:
1455 2189 1787 2250 congregata:
1839 2182 2056 2250 prOprio

473 2266 728 2319 vocabulo
767 2267 1050 2322 nominata:
1092 2277 1235 2324 sunt.
1281 2268 1481 2323 Vocavit
1509 2270 1681 2337 enim,
1714 2271 1823 2339 ait,
1849 2287 2058 2341 congre-

474 2357 698 2424 gationes
741 2374 988 2424 aquarum
1027 2360 1209 2412 maria.
1256 2359 1502 2415 Subdidit
1553 2362 1784 2417 iterum:
1833 2361 1895 2414 Et
1935 2362 2056 2416 vidit

481 2448 614 2501 Deus
638 2451 770 2518 quod
801 2451 1004 2504 bonttm.
1035 2451 1163 2506 Nam
1189 2453 1309 2522 quia
1339 2452 1566 2508 humana
1605 2464 1788 2509 natura
1819 2455 2058 2509 imbecil-

480 2539 543 2592 lis
589 2549 690 2603 cst,
740 2551 794 2596 ct
848 2557 1010 2611 opera
1065 2544 1157 2597 Dei
1206 2543 1364 2614 digne
1405 2543 1621 2599 laudare
1668 2560 1772 2598 non
1811 2553 2056 2613 poterat,

482 2647 853 2700 przeoccupans
880 2633 1054 2688 divina
1085 2633 1356 2706 Scriptura
1387 2645 1655 2705 acceptam
1688 2636 1755 2691 ab
1783 2636 1896 2706 ipso
1928 2635 2058 2705 Opi-

478 2721 576 2777 tice
601 2723 805 2778 laudem
830 2740 925 2779 nos
954 2724 1128 2780 docet.

548 2815 601 2868 4.
644 2814 805 2885 Igitur
839 2817 1052 2886 quando
1089 2817 1251 2873 discis
1274 2857 1289 2882 ,
1341 2817 1437 2888 ipsi
1475 2817 1750 2874 Conditori
1789 2827 2060 2875 creaturas

480 2906 645 2962 bonas
673 2909 812 2963 visas
841 2923 992 2975 esse,
1043 2911 1300 2979 majorem
1329 2911 1542 2980 quidem
1570 2911 1621 2966 in
1650 2911 1862 2966 modum
1886 2911 2060 2966 admi-

477 3000 614 3054 reris
635 3015 852 3057 necesse
868 3011 950 3057 est
973 3019 988 3066 ;
1016 3001 1146 3056 nihil
1169 3012 1342 3058 tamen
1365 3005 1429 3058 ad
1452 3003 1661 3060 laudem
1683 3013 1736 3059 et
1760 3003 2059 3058 encomium

478 3093 704 3161 amplius
737 3093 926 3150 afferre
955 3097 1174 3162 poteris.
1204 3095 1384 3149 Talem
1415 3097 1557 3150 enim
1604 3096 1824 3150 sortitus
1861 3111 1922 3150 es
1954 3096 2060 3149 Do-

481 3183 704 3248 minum,
729 3185 817 3253 qui
849 3185 1110 3253 ejusmodi
1138 3200 1298 3255 opera
1331 3185 1473 3249 facit,
1501 3202 1620 3255 qua:
1645 3202 1672 3238 a
1706 3185 1859 3240 nobis
1888 3201 2060 3255 neque

480 3273 682 3328 laudari
723 3275 850 3329 satis
874 3285 1116 3344 possunt.
1148 3275 1428 3342 Quomodo
1451 3276 1591 3332 enim
1636 3293 1885 3348 umquam
1930 3291 2064 3347 opus

482 3370 572 3425 Dei
623 3387 719 3440 pro
759 3372 1012 3442 dignitate
1063 3373 1278 3431 laudare
1328 3385 1505 3446 posset
1553 3376 1779 3431 ltumana
1836 3377 2064 3432 natura?

479 3461 744 3517 Ca'tcrum
772 3478 868 3532 pcr
887 3479 947 3518 ea
975 3480 1091 3534 qua:
1126 3465 1534 3536 subjunguntur,
1563 3467 1843 3522 considera
1873 3468 2061 3523 inetia-

480 3553 639 3608 bilem
665 3553 756 3609 Dei
781 3556 980 3625 egregii
1001 3556 1218 3612 artificis
1246 3558 1580 3627 sapientiam.
1612 3559 1896 3628 Postquam
1918 3558 2060 3613 enint

479 3646 632 3701 nobis
657 3657 892 3714 apertam
919 3658 1072 3703 terra:
1099 3649 1284 3703 faciem
1311 3649 1642 3712 monstravit,
1673 3660 2065 3718 consequenter

479 3752 578 3792 suo
607 3746 877 3807 prmcepto
897 3738 1172 3793 decentem
1200 3739 1248 3794 ei
1277 3740 1521 3795 concedit
1540 3741 1795 3809 speciem,
1825 3752 1878 3796 et
1897 3743 2064 3796 senti-

480 3841 605 3879 nunt
633 3826 888 3882 varietate
915 3828 1029 3897 ejus
1055 3828 1278 3883 adornat
1308 3829 1515 3885 faciem.
1549 3831 1632 3884 ll.
1660 3829 1728 3883 Et
1754 3831 1881 3885 dixit
1901 3874 1914 3894 ,
1948 3833 2021 3886 ait
2044 3871 2062 3898 ,

481 3917 618 3972 Deus
642 3935 661 3973 :
705 3917 958 3974 Ger-minet
1005 3931 1139 3974 terra
1189 3921 1392 3975 herbam
1429 3923 1579 3992 fwni,
1609 3923 1863 3976 seminans
1897 3940 2062 3977 semen

477 4009 753 4064 secundum
771 4028 927 4080 genus
947 4022 993 4065 et
1015 4013 1430 4067 similitudinem:
1451 4023 1498 4068 et
1526 4014 1717 4083 lignum
1737 4014 2059 4084 frugiferum,

478 4103 667 4174 faciens
706 4103 925 4184 fructum
949 4145 963 4171 ,
991 4107 1136 4175 cujus
1178 4123 1347 4160 semen
1395 4106 1446 4160 in
1487 4107 1754 4177 semetipso
1787 4107 2064 4160 secundum

476 4195 877 4262 similitudinem,
901 4198 1172 4250 secundum
1198 4214 1356 4267 genus
1379 4214 1531 4268 super
1549 4207 1754 4252 terram.
1781 4196 1845 4250 Et
1874 4201 2063 4269 factum

476 4297 550 4340 est
574 4289 664 4341 ita.
695 4288 832 4355 Quid
872 4299 954 4342 est
997 4289 1124 4343 illud
1152 4329 1166 4354 ,
1203 4289 1267 4340 Et
1297 4292 1486 4360 factum
1515 4299 1586 4342 est
1623 4291 1735 4343 ita?
1763 4289 2022 4358 Prwcepit
2045 4330 2060 4356 ,

478 4377 680 4445 inquit,
718 4377 1004 4441 Dominus,
1036 4386 1092 4432 et
1125 4377 1304 4430 statim
1340 4387 1478 4432 terra
1513 4393 1640 4433 suos
1669 4388 1852 4447 partus
1889 4389 2064 4432 matu-

479 4482 622 4531 rans,
657 4467 722 4522 ad
751 4469 1011 4522 seminum
1043 4485 1260 4538 germen
1288 4469 1516 4539 seipsam
1547 4469 1844 4523 adornavit.
1878 4470 1966 4523 19..
1995 4469 2061 4522 Et

479 4558 687 4625 protulit
735 4568 868 4610 terra
914 4559 1116 4612 herbam
1161 4559 1283 4627 freni
1306 4601 1320 4622 ,
1373 4559 1562 4629 inquit,
1609 4560 1860 4613 seminans
1897 4577 2064 4614 semen

474 4649 750 4703 secundant
773 4666 949 4720 genus,
977 4660 1022 4705 et
1051 4651 1326 4704 secundum
1354 4651 1773 4704 similitudinem:
1801 4659 1845 4703 et
1871 4651 2062 4721 lignum

476 4741 779 4812 frugiferum
805 4741 996 4812 faciens
1023 4743 1245 4811 fructum
1268 4781 1282 4805 ,
1310 4742 1457 4813 cujus
1484 4757 1652 4795 semen
1681 4757 1828 4794 suum
1854 4741 1907 4794 in
1953 4742 2063 4810 ipso

473 4831 750 4885 secundum
791 4849 950 4903 genus
976 4849 1127 4902 super
1157 4841 1360 4886 terram.
1406 4831 1502 4886 llic
1545 4829 1908 4886 animadverte
1931 4872 1945 4894 ,
1979 4830 2062 4884 di-

474 4923 634 4990 lecte,
664 4923 934 4994 quomodo
958 4924 1122 4979 verbo
1151 4925 1357 4979 Domini
1384 4924 1561 4979 omnia
1593 4923 1728 4978 facta
1755 4933 1878 4976 sunt
1905 4938 2065 4992 super

477 5024 692 5069 terram.
725 5014 840 5070 Non
897 5015 1038 5070 enim
1083 5023 1198 5070 erat
1245 5015 1405 5069 homo
1432 5014 1523 5084 qui
1573 5024 1904 5085 operaretur,
1957 5029 2062 5068 non

475 5116 708 5159 aratrum
735 5147 750 5173 ,
782 5123 887 5160 non
931 5107 1091 5161 boum
1117 5106 1425 5174 cooperatio
1449 5147 1466 5172 ,
1492 5121 1598 5160 non
1637 5104 1778 5160 aliud
1798 5105 2062 5174 ejusmodi

474 5197 706 5252 stmlium
739 5215 752 5252 :
784 5198 877 5254 sed
917 5198 1089 5253 solum
1139 5197 1340 5252 audivit
1385 5205 1730 5267 praeceptum,
1777 5207 1832 5252 ct
1884 5201 2063 5252 statim

475 5287 617 5352 quod
661 5301 812 5340 suum
843 5297 958 5342 erat
1001 5288 1142 5343 fecit.
1185 5288 1260 5341 Ex
1289 5302 1396 5357 quo
1429 5287 1708 5352 discimus,
1733 5288 1891 5342 etiam
1924 5302 2065 5342 nunc

478 5391 651 5444 neque
695 5392 876 5430 curam
921 5381 1270 5447 agricolarum
1297 5422 1312 5447 ,
1360 5395 1531 5450 neque
1575 5379 1850 5444 laborem,
1895 5395 2066 5448 neque

476 5469 611 5523 alias
653 5467 706 5522 in
757 5469 999 5524 colendis
1045 5475 1186 5541 agris
1230 5486 1538 5534 aerumnas,
1596 5467 1862 5526 fructuum
1913 5470 2070 5526 nobis

477 5568 794 5630 proventum
847 5574 1130 5627 promere;
1163 5563 1254 5617 sed
1303 5573 1428 5618 ante
1459 5563 1572 5618 ltarc
1611 5563 1789 5616 omnia
1842 5563 2064 5618 verbum

479 5653 609 5716 Dei,
641 5651 782 5721 quod
821 5650 890 5703 ab
933 5652 1082 5709 initio
1123 5653 1189 5707 ad
1236 5665 1430 5712 terram
1479 5656 1678 5712 factum
1717 5665 1819 5710 est.
1847 5657 1987 5723 Quin
2013 5664 2067 5712 et

479 5746 710 5801 futuram
750 5745 1004 5811 ingratam
1059 5746 1330 5802 hominum
1384 5760 1616 5806 mentem
1665 5749 1937 5820 corrigens
1982 5748 2065 5803 di-

479 5838 598 5890 vina
655 5836 971 5905 Scriptura,
1021 5839 1301 5909 diligenter
1345 5841 1522 5897 omnia
1572 5839 1724 5898 nobis
1773 5839 2064 5898 secundum

2146 532 2389 588 ordinem
2420 533 2675 590 factorum
2705 546 2882 589 narrat
2904 576 2920 599 ,
2949 546 3005 589 ut
3031 546 3331 604 compescat
3371 539 3727 594 temeritatem

2145 633 2199 678 et
2235 624 2578 680 deliramenta
2606 641 2791 680 eorum
2818 627 2905 696 qui
2948 625 3192 695 figmenta
3230 642 3322 681 sua
3363 628 3637 683 venditant
3671 640 3731 683 et

2145 714 2324 771 dicere
2344 716 2560 782 audent,
2584 717 2711 771 solis
2732 717 3103 785 coeperatione
3122 718 3187 771 ad
3215 717 3478 773 fructuum
3500 734 3732 787 proven-

2147 814 2258 861 tum
2286 821 2421 875 Opus
2449 822 2589 861 esse.
2621 806 2756 862 Sunt
2783 819 2830 862 et
2872 807 2983 873 alii,
3013 809 3100 878 qui
3132 807 3246 862 hzee
3281 808 3440 862 astris
3465 809 3733 879 aliquibus

2146 897 2450 953 adscribere
2476 898 2712 951 nituntur
2743 897 2838 968 (a).
2870 898 3153 966 Propterea
3180 899 3339 954 docet
3373 915 3470 954 nos
3497 899 3731 968 Spiritus

2147 999 2382 1056 sanctus,
2410 998 2532 1044 ante
2571 989 2936 1046 formationem
2966 989 3153 1044 horum
3193 993 3575 1045 elementorum
3615 1006 3732 1045 ser-

2150 1081 2291 1136 moni
2313 1091 2364 1137 et
2389 1090 2655 1150 prazcepto
2679 1081 2767 1136 Dei
2795 1083 3249 1150 obtemperantem
3279 1081 3521 1135 tellurem
3551 1083 3730 1134 omnia

2149 1172 2351 1227 semina
2391 1171 2639 1238 edidisse,
2687 1172 2832 1226 nullo
2875 1173 2980 1226 alio
3016 1172 3082 1226 ad
3125 1174 3552 1241 cooperationem
3597 1187 3734 1240 opus

2152 1262 2453 1317 habentem.
2481 1263 2788 1320 Sufficiebat
2823 1263 2964 1318 enim
2998 1265 3047 1318 ei
3093 1277 3187 1331 pro
3228 1261 3477 1317 omnibus
3511 1263 3733 1316 verbum

2153 1355 2321 1409 illud:
2369 1354 2622 1409 Cerminet
2661 1364 2794 1409 terra
2837 1355 3040 1408 herbam
3069 1355 3210 1423 finiti.
3252 1353 3510 1420 Quocirca
3536 1353 3733 1408 divina:

2152 1447 2439 1517 Scriptura:
2467 1447 2684 1516 vestigia
2725 1461 3031 1515 sequamur,
3068 1461 3237 1516 neque
3265 1445 3496 1500 feramus
3522 1459 3616 1499 eos
3640 1446 3732 1513 qui

2154 1539 2377 1593 adversa
2413 1539 2520 1592 illis
2550 1548 2750 1594 temere
2779 1538 3056 1594 blateratu.
3086 1539 3218 1593 Nam
3255 1538 3460 1593 etiamsi
3489 1537 3734 1591 homines

2157 1638 2351 1685 terram
2382 1638 2686 1700 operentur,
2715 1630 3140 1698 etjumentormn
3169 1629 3364 1683 auxilio
3388 1628 3646 1692 fruantur,
3679 1637 3736 1680 ct

2157 1738 2398 1793 magnam
2443 1731 2599 1777 terra:
2631 1737 2810 1778 curam
2855 1721 3101 1783 habeant,
3141 1725 3250 1780 etsi
3283 1735 3471 1789 magna
3512 1719 3581 1773 sit
3616 1719 3734 1773 czeli

2157 1814 2466 1885 temperies,
2497 1823 2551 1868 et
2579 1814 2756 1869 omnia
2798 1813 2900 1867 alia
2929 1821 3267 1874 concurrant,
3313 1812 3410 1865 nisi
3443 1821 3595 1864 nutus
3627 1809 3736 1863 Do-

2157 1906 2284 1961 mini
2311 1905 2562 1969 accedat,
2593 1903 2770 1960 omnia
2799 1902 2900 1957 alia
2931 1902 3121 1956 frustra
3149 1912 3200 1956 et
3228 1901 3280 1956 in
3307 1916 3498 1955 vanum
3521 1898 3737 1965 cedent,

2156 2006 2210 2054 et
2239 1997 2369 2052 nihil
2415 1995 2655 2067 proficiet
2691 1995 2862 2066 quivis
2909 1995 3057 2050 labor
3093 2001 3146 2073 et
3188 1994 3373 2056 sudor,
3405 1993 3506 2049 nisi
3549 2007 3741 2046 manus
3802 2031 3808 2035 -

2160 2090 2368 2145 Domini
2396 2103 2627 2158 superne
2667 2087 2900 2157 adjuvet,
2946 2095 2999 2142 et
3037 2085 3413 2156 perfectionem
3459 2085 3542 2138 his
3582 2085 3744 2138 rebus

2160 2182 2374 2237 tribuat.
2400 2181 2530 2248 Quis
2560 2195 2667 2236 non
2690 2180 3088 2249 obstupesceret
3109 2187 3164 2232 et
3185 2177 3536 2231 admiraretur
3555 2217 3569 2238 ,
3591 2175 3737 2244 cogi-

2160 2281 2277 2327 tam
2305 2273 2572 2342 quomodo
2603 2273 2822 2327 verbum
2863 2271 3070 2326 Domini
3114 2269 3278 2338 illud,
3323 2267 3574 2322 Gerntinet
3610 2277 3746 2320 terra

2159 2363 2363 2417 herbam
2391 2365 2534 2434 fani,
2563 2364 2613 2417 in
2641 2363 2750 2433 ipsa
2780 2364 2979 2417 viscera
3003 2371 3160 2417 terra:
3179 2360 3486 2425 descendat,
3509 2368 3563 2413 et
3590 2361 3744 2427 quasi

2159 2457 2456 2512 admirabili
2484 2457 2710 2527 quodam
2741 2457 2914 2526 peplo,
2939 2465 3094 2513 terra:
3123 2457 3309 2512 faciem
3339 2456 3496 2511 variis
3524 2454 3748 2508 floribus

2161 2547 2424 2604 adornet?
2448 2548 2740 2618 Videreque
2763 2558 2878 2603 erat
2903 2548 3076 2604 subito
3103 2555 3317 2613 terram,
3346 2563 3464 2617 qum
3489 2556 3642 2601 antea
3666 2547 3749 2599 in-

2165 2639 2347 2694 formis
2375 2650 2428 2694 et
2465 2639 2660 2694 inculta
2687 2650 2801 2694 erat
2825 2681 2840 2705 ,
2869 2650 3067 2694 tantam
3105 2639 3375 2706 accepisse
3401 2637 3750 2707 pulchritudi-

2162 2744 2308 2794 nem,
2341 2738 2398 2782 ut
2433 2729 2584 2798 quasi
2618 2745 2738 2783 cum
2778 2730 2910 2784 cmlo
2948 2737 3198 2784 certaret.
3235 2727 3365 2782 Nam
3393 2729 3528 2780 sicut
3554 2726 3747 2780 aulum

2164 2820 2320 2889 paulo
2347 2829 2468 2890 post
2507 2819 2801 2874 ornandum
2831 2828 2944 2874 erat
2980 2831 3244 2873 astrorum
3272 2819 3551 2882 varietate,
3579 2817 3655 2869 sic
3693 2824 3752 2869 et

2165 2911 2320 2966 tellus
2344 2911 2532 2966 florum
2565 2911 2839 2981 multijuga
2871 2911 3126 2965 varietate
3150 2910 3469 2970 ornabatur,
3499 2909 3565 2961 ita
3599 2917 3656 2960 ut
3693 2916 3750 2960 et

2164 3001 2349 3072 Opifex
2396 3003 2449 3057 in
2492 3001 2700 3058 laudem
2738 3005 2852 3072 ejus
2897 3010 3304 3073 prorumperet:
3349 3000 3544 3055 etenim
3585 2997 3747 3062 Vidit,

2164 3096 2270 3160 ait,
2301 3093 2453 3160 Deus,
2481 3094 2616 3164 quod
2642 3103 2768 3148 esset
2797 3094 2999 3148 bonum.

2237 3189 2293 3244 5.
2337 3187 2522 3240 Vidisti
2565 3186 2832 3257 quomodo
2868 3201 2962 3255 per
3007 3185 3211 3256 singula
3264 3201 3382 3255 qua:
3425 3185 3558 3239 facta
3589 3189 3750 3246 sunt,

2166 3279 2410 3337 ostendat
2435 3278 2734 3334 laudantem
2755 3277 3029 3346 Opificem,
3053 3286 3110 3332 ut
3130 3277 3373 3331 homines
3399 3284 3600 3346 postea,
3635 3276 3752 3330 hac

2165 3370 2361 3437 edocti,
2386 3386 2452 3425 ex
2478 3369 2734 3425 creaturis
2759 3369 2824 3423 ad
2861 3368 3167 3423 Creatorem
3211 3368 3589 3422 recurrerent?
3615 3366 3748 3421 Nam

2166 3463 2212 3518 si
2237 3470 2498 3518 creatura:
2537 3459 2839 3531 ltujusmodi
2870 3460 2974 3514 sint
2996 3501 3011 3523 ,
3041 3467 3098 3514 ut
3121 3459 3187 3514 ab
3213 3459 3427 3512 ltomine
3457 3473 3554 3528 pro
3579 3457 3752 3526 digni-

2169 3564 2276 3610 tate
2313 3553 2513 3609 laudari
2554 3561 2858 3622 nequeant:
2899 3550 3024 3621 quid
3067 3550 3136 3605 de
3174 3551 3364 3620 opifiee
3413 3551 3529 3620 ipso
3571 3549 3752 3603 dicere

2165 3646 2287 3716 quis
2308 3645 2539 3716 poterit?
2565 3644 2629 3697 Et
2654 3643 2775 3697 vidit
2791 3685 2805 3709 ,
2837 3643 2938 3706 ait,
2967 3640 3106 3698 Deus
3129 3642 3264 3711 quod
3285 3651 3409 3696 esset
3430 3642 3632 3695 bonunt.
3662 3641 3748 3694 l5.

2169 3740 2237 3793 Et
2265 3743 2453 3810 [uetant
2481 3748 2553 3793 est
2574 3753 2778 3810 uespere
2796 3778 2811 3800 ,
2842 3746 2891 3790 et
2920 3738 3109 3807 factum
3138 3745 3208 3790 est
3230 3752 3397 3798 mane,
3422 3734 3527 3787 dies
3555 3735 3749 3787 tertius.

2168 3831 2330 3888 Vides
2348 3830 2619 3902 quomodo
2647 3829 2888 3884 iterando
2915 3828 3221 3898 frequenter
3241 3827 3558 3891 doctrinam,
3585 3826 3750 3878 menti

2169 3933 2364 3978 nostrte
2402 3921 2667 3977 dictorum
2698 3921 2804 3975 vim
2838 3920 3057 3989 infigere
3086 3918 3234 3972 vult?
3277 3915 3570 3986 Oportebat
3606 3915 3750 3968 enim

2166 4016 2381 4071 dicere:
2418 4015 2482 4068 Et
2510 4014 2676 4068 lactus
2702 4021 2784 4066 est
2815 4010 2931 4066 dies
2961 4010 3171 4064 tertius.
3201 4008 3304 4062 Sed
3332 4007 3451 4060 vide
3485 4003 3754 4076 quomodo

2166 4108 2235 4163 de
2260 4107 2480 4178 singulis
2506 4105 2695 4162 diebus
2721 4104 2799 4159 sic
2823 4103 2966 4158 dicat
2990 4120 3002 4156 :
3033 4101 3102 4156 Et
3129 4101 3319 4171 factum
3345 4108 3417 4154 est
3441 4113 3642 4167 vespere
3659 4136 3675 4162 ,
3707 4107 3754 4149 et

2167 4205 2356 4273 factum
2395 4209 2466 4254 est
2505 4215 2670 4262 mane,
2719 4198 2824 4251 dies
2871 4197 3042 4250 tertius
3065 4213 3083 4249 :
3127 4209 3233 4248 non
3279 4192 3611 4262 simpliciter,
3654 4205 3754 4245 nec

2167 4293 2368 4364 absque
2395 4307 2589 4347 causa:
2622 4290 2716 4345 sed
2749 4305 2815 4344 ne
2844 4289 3085 4344 ordinem
3121 4285 3508 4341 confundamus
3532 4325 3548 4350 ,
3581 4297 3756 4351 neque

2167 4395 2413 4456 putemus
2457 4397 2678 4454 vespera
2725 4383 3004 4452 ingruente
3055 4381 3212 4435 tinem
3252 4377 3522 4447 accepisse
3569 4374 3752 4438 diem;

2165 4477 2260 4534 sed
2303 4479 2535 4533 sciamus
2575 4489 2852 4543 vesperam
2892 4473 3050 4528 finem
3093 4487 3213 4527 esse
3258 4470 3410 4534 lucis,
3457 4478 3510 4524 et
3561 4468 3757 4537 princi-

2166 4572 2311 4642 pium
2339 4569 2549 4624 noctis:
2582 4583 2738 4622 mane
2775 4574 2952 4620 autem
2996 4563 3154 4618 finem
3196 4562 3400 4628 noctis,
3436 4569 3492 4615 et
3516 4559 3756 4627 comple-

2168 4670 2405 4719 mentum
2429 4659 2557 4715 diei.
2582 4659 2694 4714 Hoc
2713 4659 2852 4713 enim
2874 4655 3069 4711 docere
3091 4668 3188 4709 nos
3212 4653 3324 4707 vult
3351 4653 3538 4708 beatus
3559 4651 3752 4714 Moses,

2167 4755 2349 4812 dicens
2373 4771 2387 4808 :
2420 4751 2488 4806 Et
2513 4751 2702 4821 factum
2723 4759 2795 4804 est
2823 4764 3043 4819 vespere,
3075 4756 3121 4801 et
3151 4749 3341 4816 factum
3366 4752 3437 4798 est
3464 4758 3629 4804 mane,
3649 4741 3758 4794 dies

2167 4847 2359 4902 tertius.
2389 4845 2456 4899 Et
2474 4858 2541 4899 ne
2566 4841 2796 4908 mireris,
2823 4839 3039 4902 dilecte,
3065 4837 3110 4893 si
3131 4836 3248 4893 haec
3270 4850 3411 4905 saepe
3432 4843 3484 4888 et
3503 4833 3758 4888 continuo

2167 4939 2309 4993 dicat
2355 4936 2542 4996 divina,
2581 4933 2875 5002 Scriptura.
2922 4929 2978 4985 Si
3026 4929 3168 4984 enim
3216 4936 3337 4997 post
3382 4933 3580 4980 tantam
3627 4923 3757 4976 dicti

2170 5031 2520 5100 frequentiam
2547 5025 2714 5082 Judmi
2753 5024 2929 5082 adhuc
2953 5036 3141 5076 errore
3169 5017 3521 5090 przcoccupati
3543 5058 3558 5081 ,
3585 5030 3757 5070 excat-

2168 5135 2290 5180 cato
2309 5122 2474 5179 corde
2493 5117 2845 5179 contendunt,
2868 5123 2924 5169 et
2944 5127 3219 5183 vesperam
3249 5111 3454 5166 initium
3486 5106 3761 5176 sequentis

2169 5216 2274 5271 diei
2318 5229 2440 5270 esse
2483 5212 2769 5282 opinantur
2794 5207 2905 5280 (b),
2944 5205 3274 5275 decipientes
3320 5199 3658 5268 semetipsos,
3706 5207 3762 5251 et

2169 5308 2347 5362 adhuc
2376 5306 2428 5359 in
2459 5303 2646 5357 umbra
2677 5300 2866 5357 sedent
2888 5339 2902 5362 ,
2935 5297 3156 5352 veritate
3183 5295 3431 5349 omnibus
3459 5290 3718 5360 patefacta
3745 5331 3760 5353 ,

2171 5409 2224 5454 et
2253 5397 2316 5452 ad
2347 5398 2618 5451 lucernam
2659 5390 2895 5446 assident
2914 5430 2928 5453 ,
2957 5388 3071 5442 sole
3102 5385 3322 5455 justitia:
3363 5393 3531 5437 totum
3574 5381 3762 5435 orbem

2171 5488 2404 5558 undique
2424 5486 2742 5545 illustrantc,
2767 5480 2867 5536 nisi
2891 5487 3032 5533 tanta
3060 5477 3329 5546 diligentia
3351 5483 3403 5529 et
3423 5472 3766 5527 accuratione

2171 5581 2464 5646 docuisset,
2496 5575 2656 5646 aliqui
2703 5584 2811 5628 tam
2856 5569 3164 5626 indocilinm
3209 5565 3610 5621 contentionem
3659 5560 3765 5616 fer-

2171 5681 2309 5730 τθιιι.

2257 5784 2308 5836 a)
2341 5789 2482 5833 Erant
2502 5793 2586 5836 mn
2610 5781 2754 5829 astris
2777 5785 2923 5827 terra:
2947 5777 3172 5836 regimen
3197 5771 3550 5822 adscriberent.
3598 5829 3606 5835 _
3663 5825 3693 5836 μ
3736 5827 3744 5835 ·

2257 5797 2286 5832 a
2341 5789 2482 5833 Erant
2502 5793 2586 5836 mn
2610 5788 2754 5829 astris
2777 5788 2923 5827 terra:
2947 5788 3172 5836 regimen
3197 5788 3550 5822 ansermerem.
3598 5829 3606 5835 _
3684 5827 3693 5835 θ
3736 5827 3744 5835 .

2235 5788 2310 5909 ibi
2335 5845 2481 5896 ωειωὲ
2506 5843 2733 5894 dicebant
2755 5851 3012 5904 vesperam
3035 5837 3220 5887 initium
3246 5847 3360 5885 esse
3383 5836 3637 5896 sequentis
3648 5825 3765 5876 dtet.
