4144 6424
429 361 498 418 55
1193 360 1248 416 S.
1291 359 1566 417 JO.\.\'NIS
1605 358 2082 417 CIIRYSOSTOMI
2125 359 2446 418 ARCIIIEP.
2485 360 3024 421 CONSTANTINOP.
3656 365 3728 422 56

431 476 672 547 laqueos.
703 488 754 532 et
782 491 1022 547 magnam
1053 477 1261 531 virtutis
1291 475 1622 542 facilitatem,
1653 477 1697 530 si
1730 487 1904 530 tamen
1936 475 2016 528 vi-

2130 474 2180 528 in
2208 475 2554 532 sensibilibus
2585 478 2760 545 rebus,
2793 479 2862 533 ita
2890 489 2945 534 et
2970 479 3056 534 hic
3081 496 3178 536 usu
3205 483 3414 547 evenit;
3441 481 3549 538 illic
3575 497 3727 537 nam-

428 569 564 639 giles
599 583 721 623 esse
757 569 1097 622 voluerimus.
1147 569 1227 622 An
1272 567 1487 622 nescitis
1511 581 1606 621 eos
1646 567 1733 636 qui
1764 566 1842 621 sic
1869 581 2020 620 suam
2052 617 2086 639 ,
2125 581 2232 635 que
2274 567 2319 623 is
2363 568 2455 638 qui
2502 583 2570 624 ex
2614 567 2814 625 divitiis
2851 570 2904 624 in
2935 581 3228 625 extremam
3273 573 3519 628 redactus
3566 573 3731 628 fuerit

433 660 656 712 salutem
688 658 980 730 negligunt,
1013 667 1067 712 et
1086 657 1370 728 aliquando
1401 657 1502 712 huc
1530 657 1766 723 veniunt,
1789 657 2023 727 aliquan-

438 750 510 805 do
536 762 714 805 autem
747 751 798 805 in
826 751 1129 806 da-monum
1155 751 1286 805 retia
1314 766 1372 805 se
1402 750 1662 820 injiciunt,
1691 766 1721 804 a
1749 749 2022 820 Scriptura

431 842 607 896 divina
639 843 862 898 canibus
904 843 1240 912 comparari?
1285 841 1454 898 Homo
1488 842 1628 898 enim
1654 881 1670 906 ,
1700 842 1906 912 inquit,
1939 841 2022 909 qui

430 935 735 987 convertitur
761 952 792 986 a
821 945 1026 1004 peccato
1051 951 1172 999 suo,
1199 945 1244 989 et
1286 937 1466 988 iterum
1492 935 1543 987 in
1586 934 1806 1003 idipsum
1848 933 1980 986 redit
2005 973 2021 998 ,

431 1024 614 1078 similis
652 1034 724 1078 est
761 1025 876 1078 caui
919 1025 987 1078 ad
1027 1026 1266 1078 vomitum
1297 1041 1444 1080 suum
1482 1023 1908 1095 redeuuti(Prov.
1930 1022 2022 1079 26.

435 1114 548 1185 Η).
578 1114 741 1170 Vides
766 1117 849 1170 cui
877 1116 1080 1170 similes
1108 1115 1230 1171 facti
1269 1123 1396 1170 sunt
1417 1116 1505 1185 qui
1545 1115 1610 1169 ad
1651 1115 1892 1170 illicitum
1925 1115 2026 1171 hoc

434 1206 798 1276 spectaculum
846 1207 1236 1261 occurrerunt?
1278 1207 1389 1261 Non
1437 1206 1663 1262 audistis
1709 1205 1980 1261 Christum
2007 1247 2024 1271 ,

435 1296 704 1352 dicentem
737 1315 750 1352 ε
784 1298 960 1351 Omnis
991 1299 1076 1368 qui
1099 1299 1242 1350 audit
1270 1299 1362 1352 Itos
1389 1313 1644 1352 sermones
1670 1315 1828 1362 meos,
1851 1307 1898 1350 et
1927 1313 2026 1352 non

436 1387 563 1456 facit
589 1404 672 1442 eos
691 1428 705 1452 ,
733 1388 912 1442 similis
945 1389 1038 1442 erit
1065 1389 1170 1443 viro
1195 1389 1350 1442 stulto
1369 1429 1385 1455 ,
1414 1390 1500 1458 qui
1524 1389 1794 1459 wdiﬁcavit
1819 1390 2029 1444 domum

435 1495 580 1535 suam
607 1495 759 1550 super
787 1496 1033 1546 arenam;
1075 1495 1122 1535 et
1160 1491 1398 1536 venerunt
1426 1483 1641 1551 ﬂumina
1665 1522 1679 1547 ,
1709 1491 1756 1536 et
1783 1483 2029 1551 [laverunt

435 1575 568 1629 venti
591 1614 607 1639 ,
645 1583 692 1627 et
721 1575 976 1628 irrueruut
1013 1575 1065 1628 in
1098 1575 1304 1630 domum
1331 1575 1504 1640 illam,
1537 1585 1584 1628 et
1622 1575 1834 1642 cecidit,
1861 1584 1908 1629 et
1933 1575 2031 1645 fuit

437 1667 588 1720 ruina
625 1667 762 1721 illius
790 1683 976 1736 magna
1004 1666 1215 1738 (Matth.
1245 1669 1297 1720 7.
1326 1667 1416 1722 26.
1446 1667 1585 1738 27)?
1615 1668 1684 1722 At
1707 1668 1797 1738 qui
1828 1667 1895 1721 ad
1919 1667 2029 1721 cir-

438 1771 629 1811 censes
668 1756 823 1812 ludos
852 1756 1059 1820 ierunt,
1091 1758 1181 1812 illo
1222 1758 1377 1828 longe
1399 1757 1694 1814 deteriores
1721 1759 1842 1814 facti
1883 1769 2026 1815 sunt.

443 1847 586 1903 Illius
625 1849 768 1902 enim
793 1848 984 1904 domus
1011 1849 1216 1919 dejecta
1241 1859 1324 1904 est
1345 1891 1362 1916 ,
1393 1850 1487 1904 sed
1519 1861 1638 1920 post
1668 1851 1896 1906 validam
1927 1851 2032 1904 im-

441 1939 786 2008 pulsionem:
832 1940 1050 1996 flumina
1090 1943 1232 1996 enim
1281 1954 1335 1997 et
1380 1952 1566 1997 ventos
1607 1943 1778 2011 dixit,
1823 1958 1930 1997 non
1977 1951 2034 1998 ut

441 2040 720 2087 ventorum
763 2033 993 2102 impetus
1019 2042 1074 2088 et
1100 2049 1355 2104 aquarum
1389 2034 1756 2091 multitudines
1792 2035 2022 2103 indicet,

439 2123 533 2179 sed
579 2134 636 2178 ut
679 2125 1028 2179 tentatiouum
1071 2125 1378 2181 violentiam
1421 2127 1687 2194 insinuet;
1727 2137 1781 2182 et
1821 2129 2031 2182 ruinam

438 2215 631 2271 domus
655 2256 670 2279 ,
702 2232 810 2270 non
851 2223 910 2270 ut
941 2217 1245 2272 sensibilem
1285 2217 1502 2272 domum
1533 2219 1886 2290 imaginemur
1916 2237 1930 2273 :
1966 2219 2034 2275 de

438 2306 616 2360 anima
646 2307 790 2361 enim
836 2321 1015 2362 set-mo
1055 2318 1134 2362 est
1160 2348 1175 2374 ,
1207 2323 1326 2378 qua:
1370 2309 1620 2378 gravibus
1657 2309 2034 2366 aﬂlictionibus

441 2402 691 2472 dejicitur
714 2443 730 2469 ,
763 2419 933 2474 neque
959 2404 1062 2458 illis
1101 2404 1350 2459 resistere
1388 2413 1597 2473 petest;
1646 2405 1699 2458 in
1730 2420 1825 2459 vos
1854 2415 2033 2461 autem

445 2509 618 2564 neque
665 2503 854 2549 ventus
895 2494 1135 2562 afﬂavit,
1179 2510 1350 2565 neque
1390 2497 1535 2550 fluvii
1581 2495 1890 2561 irruerunt;
1939 2495 2035 2552 sed

443 2585 722 2642 dumtaxat
761 2589 934 2642 tenuis
973 2589 1216 2658 qua'dam
1244 2605 1373 2644 aura
1404 2589 1667 2645 diabolica
1697 2591 1953 2660 spiravit,
1980 2600 2037 2647 et

441 2695 632 2735 omnes
668 2696 765 2736 vos
802 2682 1084 2737 subvertit.
1131 2681 1267 2750 Quid
1312 2683 1412 2738 hac
1455 2683 1757 2754 insipientia
1800 2684 2035 2739 deterius

442 2769 636 2826 fuerit?
665 2787 781 2840 qua:
803 2772 991 2842 jejunii
1023 2774 1258 2828 utilitas?
1281 2773 1384 2840 dic,
1413 2789 1540 2839 oro;
1573 2775 1713 2844 quod
1744 2775 1944 2828 lucrum
1967 2790 2035 2829 ex

445 2862 543 2916 hac
586 2864 1038 2934 congregatione?
1081 2865 1208 2932 Quis
1238 2883 1343 2920 non
1387 2875 1443 2921 et
1480 2881 1575 2922 vos
1601 2866 1939 2936 deploraret,
1979 2877 2036 2922 et

443 2969 542 3008 nos
572 2955 796 3010 miseros
823 2955 1066 3011 diceret?
1097 2955 1204 3012 Vos
1228 2998 1244 3023 ,
1279 2959 1492 3028 inquam
1517 2999 1532 3025 ,
1565 2958 1686 3028 quia
1711 2959 1888 3012 omnia
1913 2973 2034 3027 qua:

439 3046 731 3114 collegistis
749 3087 764 3113 ,
793 3049 953 3103 simul
978 3049 1238 3105 ell'udistis
1259 3092 1274 3117 ,
1303 3061 1356 3108 et
1378 3050 1570 3122 januas
1607 3051 1802 3106 mentis
1839 3060 2033 3107 vestrae

441 3153 607 3208 pravo
632 3138 861 3195 diemeni
887 3143 1171 3210 aperuistis
1191 3184 1207 3210 ,
1237 3154 1292 3200 ut
1323 3145 1490 3200 facilis
1517 3145 1564 3199 ei
1596 3145 1770 3200 aditus
1795 3153 1939 3201 esset
1966 3145 2034 3199 ad

442 3229 740 3285 efl‘ercndas
769 3247 958 3288 omnes
987 3244 1194 3291 vestras
1217 3236 1522 3305 spiritualcs
1545 3236 1791 3304 divitias;
1823 3253 1919 3293 nos
1941 3253 2035 3294 ve-

444 3335 504 3376 ro
531 3322 756 3378 miseros
781 3325 900 3394 quis
922 3325 1045 3395 jure
1070 3326 1283 3396 dixerit,
1309 3327 1450 3398 quod
1475 3329 1545 3383 ita
1570 3329 1794 3386 mortuis
1815 3330 2032 3387 auribus

439 3416 824 3472 concionemur
845 3459 861 3485 ,
893 3433 957 3475 ac
983 3429 1180 3475 tantam
1206 3420 1467 3491 jacturam
1494 3421 1784 3485 faciamus,
1816 3433 1869 3478 et
1898 3440 2033 3495 quo-

440 3505 567 3561 tidie
586 3508 930 3574 seminantes,
956 3511 1158 3564 nullum
1185 3513 1462 3582 percipere
1488 3512 1716 3567 fructum
1743 3513 2029 3582 possimus.

437 3595 574 3651 Num
595 3597 696 3654 hac
717 3600 827 3654 sola
849 3600 916 3656 de
935 3617 1092 3656 causa
1119 3611 1224 3656 tam
1251 3603 1474 3658 studiosi
1497 3603 1548 3659 in
1571 3605 1802 3660 dicendo
1822 3621 2028 3675 sumus,

437 3699 496 3741 ut
525 3703 681 3744 aures
713 3700 918 3746 vestras
945 3692 1298 3761 oblectemus,
1326 3697 1408 3750 vel
1431 3696 1574 3766 quod
1599 3697 1799 3751 laudari
1825 3713 1854 3752 a
1882 3700 2032 3754 vobis

435 3780 750 3850 cupiamus?
776 3781 886 3836 Nisi
929 3782 1133 3838 lucrum
1164 3785 1314 3840 vobis
1351 3787 1420 3841 sit
1453 3803 1518 3841 ex
1557 3789 1895 3843 sermonibus
1934 3805 2032 3844 no-

437 3871 564 3928 stris
590 3913 604 3937 ,
637 3872 803 3928 satius
831 3873 986 3929 fuerit
1024 3890 1122 3930 nos
1161 3875 1383 3945 posthac
1411 3877 1587 3933 silere.
1638 3877 1844 3933 Nollem
1885 3881 2029 3934 enim

437 3963 587 4018 vobis
612 3965 827 4034 majoris
852 3965 1207 4022 damnationis
1227 3983 1386 4024 causa
1414 3969 1547 4025 fieri.
1575 3970 1862 4026 Enimvero
1892 3973 2030 4027 sicut

435 4057 735 4125 negotiator
755 4097 768 4122 ,
800 4058 889 4129 qui
929 4075 1050 4114 cum
1079 4061 1258 4116 multis
1292 4062 1561 4118 mercibus
1599 4071 1654 4118 et
1679 4064 1868 4132 opibus
1893 4079 2021 4118 eon-

433 4148 666 4218 gregatis
696 4164 886 4204 navem
915 4150 1235 4220 impleverit,
1269 4154 1446 4209 subito
1469 4165 1584 4210 orta
1611 4165 1948 4226 tempestate,
1972 4167 2028 4212 et

435 4239 756 4306 praevalente
778 4247 1054 4295 ventorum
1077 4243 1327 4298 violentia
1344 4285 1360 4308 ,
1384 4261 1560 4301 mersa
1583 4261 1702 4301 cum
1724 4249 2027 4305 vectoribus

433 4343 590 4394 nave,
619 4329 675 4383 lit
703 4330 952 4387 omnibus
977 4333 1282 4390 miserabile
1318 4338 1706 4407 spectaculum,
1735 4341 1907 4396 nudus
1933 4357 2023 4397 re-

435 4428 594 4488 pente
621 4435 885 4490 apparens
907 4465 924 4490 ,
953 4434 1007 4480 et
1035 4433 1154 4496 post
1185 4427 1438 4496 plurimas
1466 4428 1856 4502 immensaSque
1881 4433 2022 4489 divi-

432 4511 535 4564 tias
558 4511 609 4566 in
635 4521 928 4569 extremam
953 4517 1200 4572 redactus
1227 4529 1537 4590 egestatem,
1567 4523 1636 4578 ita
1667 4533 1718 4579 et
1747 4527 2020 4581 vobiscum

427 4604 672 4660 diabolus
703 4622 843 4663 nunc
867 4609 995 4679 egit.
1027 4609 1157 4665 Nam
1185 4613 1306 4683 quia
1341 4614 1544 4670 invenit
1568 4632 1756 4672 navem
1784 4628 2017 4674 vestram

427 4695 760 4765 spiritualem
789 4700 968 4755 nmltis
992 4701 1192 4757 divitiis
1219 4713 1512 4773 oneratam,
1539 4716 1592 4762 et
1613 4708 1740 4762 vidit
1765 4709 2019 4779 grandem

432 4788 764 4857 thesaurum,
795 4807 952 4862 quem
995 4811 1061 4849 ex
1101 4795 1319 4865 jcjuniis
1357 4807 1412 4853 et
1455 4801 1724 4856 continuis
1761 4803 2020 4860 doctrinis

425 4880 675 4952 colligere
705 4884 948 4953 potuistis
977 4903 990 4939 :
1018 4888 1166 4956 quasi
1197 4896 1512 4958 tempestate
1541 4893 1787 4963 quapiam
1818 4893 2019 4949 immis-

429 4987 485 5026 sa
516 5013 531 5038 ,
564 4972 748 5030 inutile
791 4985 846 5031 et
893 4978 1250 5046 perniciosum
1297 4980 1424 5035 illud
1471 4994 1718 5053 equestre
1744 4996 2015 5043 certamen

427 5063 547 5119 dico
571 5107 585 5133 ,
620 5083 717 5139 per
756 5068 882 5125 illud
931 5071 1101 5142 ipsum
1145 5074 1392 5130 omnibus
1421 5090 1513 5130 vos
1553 5076 1748 5134 divitiis
1777 5079 2018 5136 destituit

427 5167 474 5210 et
502 5161 767 5226 Spoliavit.

494 5248 549 5300 2.
609 5249 732 5307 Scio
779 5269 866 5309 me
915 5257 1312 5314 vehementiore
1353 5259 1714 5332 increpatione
1754 5265 1826 5320 uti
1853 5307 1868 5332 ,
1919 5267 2012 5321 sed

423 5346 733 5413 ignoscatis,
760 5360 854 5400 oro
879 5365 891 5401 :
919 5351 988 5405 ita
1015 5354 1212 5424 quippe
1232 5354 1420 5410 dolens
1447 5358 1624 5411 anima
1651 5359 1804 5414 solet.
1831 5359 2013 5431 Neque

429 5437 564 5488 enim
594 5451 660 5490 ex
691 5439 902 5493 mimico
935 5452 1147 5510 pectore
1174 5447 1288 5502 hare
1319 5449 1507 5517 loquor
1526 5491 1541 5514 ,
1572 5450 1666 5504 sed
1695 5467 1758 5506 ex
1787 5453 2012 5509 sollicita

427 5525 694 5596 vestrique
713 5530 1070 5586 amantissima
1093 5535 1265 5589 anima
1292 5554 1305 5590 :
1330 5549 1616 5608 propterea
1639 5557 1702 5597 ex
1729 5547 2012 5600 severitate

426 5617 619 5686 aliquid
653 5619 866 5675 remitto
887 5661 901 5686 ,
929 5630 984 5675 et
1008 5625 1129 5693 quia
1156 5627 1304 5682 ulcus
1334 5646 1557 5700 serpens
1583 5632 1796 5689 cohibui
1823 5677 1836 5699 ,
1869 5637 2010 5691 eari-

426 5716 584 5762 tatcm
611 5720 837 5764 vestram
867 5712 1055 5769 iterum
1081 5717 1216 5771 bona
1242 5735 1338 5787 spe
1366 5723 1603 5780 animare
1631 5727 1754 5780 volo
1773 5768 1788 5793 ,
1820 5742 1886 5783 ne
1909 5728 2006 5782 dc-

440 5793 694 5860 speretis,
729 5810 828 5852 nec
853 5799 1092 5857 animum
1126 5804 1524 5872 despondeatis.
1557 5816 1672 5873 Non
1704 5819 1844 5876 enim
1873 5819 2011 5877 sicut

2129 655 2361 728 inopiam
2385 700 2401 724 ,
2431 659 2577 716 brevi
2619 675 2710 716 eas
2744 676 2994 732 reparare
3025 664 3245 732 nequit;
3297 663 3382 718 hic
3420 672 3596 718 autem
3629 680 3726 734 per

2132 751 2551 808 misericordiam
2580 754 2698 819 Dei,
2726 755 2770 808 si
2798 754 2955 809 modo
2973 754 3330 810 condemnare
3355 755 3491 810 facta
3516 767 3723 820 nostra,

2132 853 2184 897 et
2209 843 2319 911 jam
2347 844 2538 900 sistere
2561 845 2822 914 ignaviam
2851 846 3195 904 voluerimus.
3224 847 3515 914 poterimus
3542 849 3726 902 statim

2129 934 2197 988 ad
2222 935 2500 1007 pristinam
2530 936 2911 992 abundantiam
2942 939 3135 993 redire.
3166 939 3310 994 Talis
3338 940 3486 993 enim
3511 936 3725 994 est'bo-

2131 1026 2309 1080 minus
2350 1036 2536 1082 noster
2559 1069 2574 1095 ,
2609 1038 2821 1099 tamque
2852 1029 3161 1100 magniﬁcus
3191 1040 3245 1084 et
3276 1030 3510 1084 liberalis
3542 1048 3554 1083 :
3585 1030 3729 1085 unde

2131 1125 2186 1172 et
2230 1118 2426 1172 clamat
2466 1134 2561 1190 per
2609 1119 2922 1190 prophetam
2946 1161 2960 1184 ,
3006 1118 3190 1175 dicens
3232 1137 3248 1174 :
3301 1119 3568 1174 Voluntate
3609 1120 3730 1174 uolo

2132 1217 2343 1261 mortem
2371 1211 2648 1279 peccatoris
2667 1251 2683 1277 ,
2708 1210 2798 1264 sed
2825 1220 2881 1264 ut
2909 1220 3244 1274 convertatur,
3273 1221 3321 1266 et
3349 1213 3481 1266 vivat
3511 1211 3722 1283 (Ezecli.

2135 1300 2222 1354 18.
2263 1301 2335 1355 25
2357 1300 2395 1371 ).
2425 1301 2546 1356 Scio
2574 1317 2668 1356 vos
2695 1302 2829 1372 frugi
2859 1302 3103 1358 homines
3127 1317 3248 1358 esse
3271 1345 3286 1370 ,
3317 1313 3371 1358 et
3399 1303 3602 1373 lapsum
3630 1318 3725 1358 ve-

2133 1401 2302 1444 strum
2331 1393 2742 1461 persentiscere.
2773 1393 2890 1448 Non
2919 1402 3096 1449 autem
3126 1407 3284 1463 parva
3311 1394 3376 1448 ad
3408 1395 3616 1448 virtutis
3643 1409 3728 1448 re-

2133 1480 2302 1536 ditum
2343 1484 2426 1537 via
2455 1491 2566 1549 est,
2599 1485 2739 1539 scire
2769 1493 3108 1554 peccatorum
3135 1484 3573 1555 magnitudinem.
3606 1483 3726 1540 iam

2136 1590 2204 1630 ne
2230 1576 2350 1646 quis
2390 1576 2518 1630 mihi
2561 1578 2751 1632 iterum
2778 1577 3026 1633 diabolici
3058 1577 3201 1632 illius
3228 1579 3428 1633 erroris
3458 1578 3615 1632 verba
3642 1579 3725 1631 af.

2136 1666 2270 1721 ferat
2292 1708 2308 1734 ,
2333 1667 2516 1723 dicens
2555 1687 2568 1723 :
2599 1669 2764 1735 Quale
2794 1680 3067 1739 peccatum
3093 1679 3208 1735 est,
3241 1670 3421 1725 videre
3449 1678 3729 1724 currentes

2135 1762 2342 1828 equos?
2369 1761 2424 1814 Si
2454 1760 2686 1815 Volueris
2728 1761 3017 1830 prudenter
3054 1762 3232 1816 omnia
3264 1762 3472 1818 discere
3503 1777 3623 1832 quae
3656 1763 3726 1815 ibi

2138 1849 2293 1916 fiunt,
2332 1850 2572 1906 invenies
2609 1852 2787 1905 omnia
2822 1867 2888 1906 ex
2927 1853 3161 1907 satanica
3202 1852 3512 1922 operatione
3545 1853 3729 1921 prodi-

2136 1954 2196 1994 re
2221 1940 2318 2010 (τι).
2350 1939 2468 1996 Νοη
2497 1941 2639 1996 enim
2664 1941 2910 1997 videntur
2935 1943 3033 2000 soli
3062 1943 3184 2014 equi
3212 1954 3488 1999 currentes
3509 1986 3524 2010 ,
3551 1943 3644 1998 sed
3674 1955 3730 1998 et

2135 2032 2402 2088 clamores
2425 2075 2439 2100 ,
2469 2043 2522 2089 et
2553 2035 2896 2106 blasphemia:
2920 2077 2936 2103 ,
2964 2045 3018 2092 et
3043 2037 3192 2091 multi
3234 2037 3586 2106 intempestivi
3616 2051 3731 2090 ser-

2137 2139 2324 2179 mones
2351 2125 2638 2181 audiuntur
2660 2166 2675 2192 ,
2706 2135 2760 2182 et
2789 2128 3042 2182 mulieres
3067 2128 3370 2197 prostituta:
3410 2127 3461 2181 in
3494 2127 3730 2182 medium

2138 2216 2400 2285 prodeunt
2422 2258 2438 2284 ,
2469 2227 2524 2274 et
2563 2227 2871 2288 spectantur
2909 2219 3098 2274 molles
3135 2229 3190 2275 et
3227 2218 3515 2274 effeminati
3557 2221 3728 2289 pueri.

2138 2306 2271 2360 Num
2302 2322 2461 2376 parva
2494 2309 2586 2364 tibi
2619 2310 2732 2364 hinc
2763 2310 3029 2377 videntur,
3058 2321 3111 2365 ct
3135 2326 3257 2380 qua:
3287 2310 3352 2366 ad
3379 2311 3614 2381 captivas
3637 2312 3732 2364 ab-

2137 2396 2411 2453 ducendas
2434 2401 2640 2456 animas
2669 2416 2854 2471 parum
2884 2401 3119 2456 faciant?
3145 2401 3276 2456 Nam
3299 2403 3341 2457 si
3373 2403 3572 2456 fortuiti
3599 2419 3732 2458 cou-

2137 2498 2330 2542 ventus
2357 2489 2599 2546 incautos
2625 2505 2768 2561 saepe
2797 2493 3226 2562 supplautarunt,
3253 2503 3308 2548 et
3337 2493 3387 2547 iu
3419 2493 3732 2563 perditionis

2140 2579 2456 2650 profundum
2475 2599 2616 2653 stupe
2639 2593 2939 2651 traxerunt,
2955 2585 3078 2655 quid
3100 2586 3386 2642 verisimile
3397 2597 3472 2641 est
3487 2587 3732 2642 accidere

2140 2671 2266 2737 illis,
2299 2674 2387 2742 qui
2418 2673 2544 2730 illuc
2566 2690 2628 2729 ea
2657 2675 2726 2729 de
2755 2691 2916 2730 causa
2945 2677 3183 2742 veniunt,
3212 2687 3266 2732 ct
3293 2679 3476 2732 oculos
3509 2691 3730 2746 pascunt

2138 2762 2333 2818 illicitis
2359 2765 2505 2820 hisce
2531 2766 2938 2835 simcLaculis,et
2963 2767 3085 2822 inde
3111 2767 3327 2837 perfecti
3358 2768 3578 2822 adulteri
3609 2769 3730 2823 dis-

2137 2858 2375 2913 cedunt?
2421 2857 2689 2928 Beniguus
2728 2861 2871 2914 enim
2922 2860 3175 2914 Dominus
3224 2871 3405 2915 noster
3429 2862 3605 2915 sciens
3632 2877 3728 2914 na-

2139 2960 2310 3006 turam
2342 2959 2577 3005 nostram
2597 2951 2870 3006 tentationi
2901 2953 3218 3021 expositam,
3241 2961 3295 3006 et
3322 2952 3582 3006 daunonis
3603 2967 3726 3005 ver-

2137 3051 2313 3097 sutam
2358 3051 2413 3097 et
2457 3041 2656 3095 variam
2707 3041 3003 3108 malitiam,
3056 3041 3191 3097 bene
3241 3057 3340 3098 nos
3391 3043 3635 3096 muniens
3678 3053 3728 3097 et

2139 3132 2578 3203 inexpugnabiles
2615 3132 2838 3188 reddere
2875 3133 3064 3190 volens
3087 3174 3102 3201 ,
3137 3133 3308 3204 legem
3351 3135 3485 3189 hanc
3514 3135 3727 3206 posuit,

2135 3227 2320 3282 dicens
2353 3244 2366 3280 :
2402 3227 2503 3293 Qui
2529 3227 2730 3296 inspicit
2757 3228 3016 3282 mulierem
3043 3237 3095 3280 ut
3115 3228 3434 3298 concupiscat
3463 3229 3726 3298 eam,.jam

2135 3319 2453 3374 adutteratus
2478 3329 2550 3374 est
2576 3335 2689 3373 eam
2710 3321 2764 3374 iu
2793 3321 2945 3375 corde
2970 3336 3063 3376 suo
3083 3319 3305 3390 (Matth.
3327 3321 3380 3377 5.
3409 3319 3503 3392 28)
3522 3363 3538 3388 ,
3569 3323 3724 3376 adul~

2137 3412 2328 3467 terium
2359 3422 2788 3468 consummatum
2819 3413 3060 3468 vocando
3089 3422 3365 3482 aspectum
3395 3429 3516 3468 eum
3544 3415 3725 3469 curio-

2135 3504 2292 3558 sitate
2338 3503 2555 3559 factum.
2603 3504 2680 3559 Ne
2712 3504 2870 3575 igitur
2897 3504 2982 3559 dic
3012 3505 3147 3558 ultra
3177 3522 3191 3558 :
3221 3505 3355 3573 Quid
3386 3506 3508 3560 mali
3537 3523 3602 3562 ex
3635 3507 3721 3561 illa

2135 3593 2599 3662 frequentatione?
2646 3595 2788 3649 lstud
2834 3596 3006 3665 ipsum
3053 3596 3195 3650 enim
3239 3596 3420 3652 videre
3465 3613 3722 3666 equorum

2135 3693 2408 3738 certamen
2434 3725 2449 3751 ,
2477 3683 2668 3738 sufficit
2697 3684 2762 3738 ad
2792 3685 3012 3739 multam
3041 3685 3329 3754 perniciem
3356 3687 3548 3742 anima:
3588 3687 3724 3742 infe-

2135 3773 2376 3829 rendam.
2403 3774 2534 3829 Nam
2567 3790 2686 3830 cum
2720 3776 2770 3830 in
2801 3775 3001 3831 inutilia
3021 3817 3035 3842 ,
3065 3785 3118 3832 et
3141 3792 3204 3832 ea
3230 3793 3350 3848 qua:
3374 3779 3566 3833 anima:
3595 3779 3724 3837 nihil

2133 3867 2456 3935 conducunt,
2481 3869 2576 3925 sed
2602 3878 2657 3924 ct
2683 3868 2938 3926 damnosa
2965 3882 3117 3937 sunt,
3143 3881 3351 3942 tempus
3373 3874 3688 3928 insumimus
3707 3916 3722 3940 ,

2131 3963 2489 4029 altercamur,
2520 3972 2576 4019 et
2619 3965 2896 4019 innumera
2942 3965 3100 4018 verba
3125 4006 3141 4032 ,
3173 3975 3230 4021 et
3268 3981 3386 4036 qua:
3431 3967 3571 4038 loqui
3617 3983 3722 4023 nou

2131 4063 2382 4124 Oportet,
2414 4055 2683 4126 loquimur
2711 4073 2722 4108 :
2754 4070 2913 4126 quam
2943 4055 3260 4110 habebimus
3285 4057 3494 4112 veniam
3515 4059 3540 4110 ‘1
3564 4074 3720 4128 quam

2131 4145 2575 4202 excusationem?
2627 4147 2693 4200 Et
2723 4145 2809 4200 hic
2832 4147 3044 4216 quidem
3074 4147 3120 4200 si
3155 4147 3311 4216 paulo
3342 4145 3597 4218 prolixius
3622 4149 3721 4202 do-

2129 4254 2337 4308 cemus,
2367 4241 2519 4295 multi
2550 4248 2864 4295 succensent
2890 4248 2944 4295 et
2973 4256 3114 4310 :egre
3141 4239 3336 4304 ferunt,
3364 4250 3418 4296 et
3447 4241 3722 4296 inﬁrmita-

2129 4341 2237 4390 tem
2275 4335 2519 4404 corporis
2555 4343 2610 4388 et
2638 4333 2847 4389 labores
2878 4341 3176 4402 prietexunt
3200 4374 3215 4400 ,
3249 4333 3374 4388 licet
3410 4333 3721 4389 admirabile

2129 4425 2288 4494 hujus
2316 4426 2496 4495 templi
2529 4433 2725 4480 tectum
2755 4425 2976 4479 multum
3007 4425 3247 4491 soletur;
3279 4425 3408 4479 nihil
3437 4426 3578 4480 enim
3608 4443 3720 4480 mo-

2128 4519 2295 4575 lestia:
2317 4519 2456 4588 parit
2477 4518 2664 4588 frigus,
2686 4518 2770 4572 vel
2793 4518 2988 4588 pluvia,
3011 4528 3104 4572 aut
3127 4528 3404 4572 ventorum
3424 4519 3715 4588 asperitas;

2127 4611 2234 4667 illic
2264 4627 2413 4676 vero,
2445 4611 2567 4666 licet
2591 4611 2814 4665 multum
2845 4611 3239 4680 eompluantur,
3271 4625 3302 4664 a
3330 4611 3503 4665 ventis
3529 4611 3719 4664 validis

2125 4712 2404 4763 vexentur,
2425 4712 2480 4758 et
2499 4703 2678 4758 calore
2696 4703 2825 4758 solis
2841 4702 3121 4772 aliquando
3136 4711 3384 4768 aestuent,
3405 4716 3510 4756 non
3534 4718 3714 4768 unam,

2126 4810 2301 4865 neque
2339 4794 2474 4850 duas
2514 4803 2718 4848 tantum
2761 4795 2958 4859 horas,
2992 4793 3086 4849 sed
3133 4793 3325 4848 bonam
3365 4793 3468 4848 diei
3513 4804 3714 4863 partem

2124 4897 2422 4952 versantur,
2442 4894 2495 4940 et
2517 4900 2688 4956 neque
2709 4901 2871 4942 senex
2895 4900 3057 4941 canos
3083 4900 3207 4940 suos
3229 4895 3520 4950 reveretur,
3544 4899 3716 4956 neque

2118 4978 2372 5048 juvenem
2404 4978 2563 5049 pudet
2586 4978 2653 5033 ad
2679 4993 2931 5034 canorum
2960 4977 3287 5032 irritamenta
3316 4979 3430 5033 ire:
3454 4977 3549 5033 sed
3573 4986 3711 5032 tanta

2121 5082 2204 5126 est
2240 5072 2351 5126 haec
2381 5071 2624 5140 deceptio
2647 5112 2663 5139 ,
2695 5079 2753 5125 ut
2777 5086 2896 5124 cum
2926 5070 3194 5138 voluptate
3225 5069 3342 5126 haec
3364 5085 3486 5126 esea
3513 5071 3712 5125 anima-

2124 5178 2240 5217 rum
2269 5161 2598 5228 admittatur,
2626 5175 2726 5216 nec
2750 5161 3034 5230 cogitetur,
3058 5159 3371 5218 damnosam
3402 5160 3539 5216 hanc
3563 5161 3714 5216 volu-

2123 5264 2320 5326 ptatem
2362 5255 2576 5309 brevem
2615 5267 2738 5308 esse
2773 5262 2826 5307 et
2865 5253 3240 5322 temporariam
3265 5293 3281 5320 ,
3312 5252 3552 5307 dolorem
3584 5267 3711 5308 vero

2123 5357 2474 5417 perpetuum,
2524 5355 2579 5400 et
2620 5345 2852 5415 graviter
2893 5352 3261 5399 accusaturum
3302 5345 3708 5398 conscientiam.

2123 5437 2291 5492 Video
2318 5437 2458 5491 enim
2488 5451 2626 5490 nunc
2655 5435 2954 5505 aliquorum
2985 5434 3166 5499 facies,
3195 5443 3249 5490 et
3275 5434 3518 5503 conjecto
3538 5434 3710 5503 qualis

2119 5531 2310 5584 animm.
2338 5545 2523 5584 coruunt
2553 5538 2721 5582 status
2740 5569 2755 5594 ,
2787 5537 3089 5597 quantaque
3120 5541 3258 5580 nunc
3285 5526 3594 5598 paenitentia
3627 5534 3710 5579 te-

2121 5633 2364 5678 neantur.
2403 5621 2597 5677 Verum
2631 5637 2697 5677 ne
2729 5622 2916 5676 iterum
2947 5622 2998 5676 in
3026 5621 3212 5676 eadem
3240 5621 3511 5690 recidat‘is,
3537 5635 3710 5690 neque

2179 5827 2255 5884 (al
2287 5825 2344 5878 In
2365 5827 2497 5877 circo
2521 5823 2677 5888 turpia
2699 5821 2974 5889 spectacula
2998 5819 3350 5872 offerebantur.
