4144 6420
288 322 360 381 55
1530 325 1603 382 1N
1638 322 1794 380 CAP.
1834 324 1855 379 1
1890 322 2141 381 GENES.
2179 323 2416 384 IIOMIL.
2458 329 2547 383 VI.
3694 326 3767 384 ὅθ

293 436 506 509 καὶτῆς
530 438 747 511 ἀρετῆς
778 441 876 512 τὴν
907 439 1105 511 πολλὴν
1132 440 1404 505 εὐκολίαν,
1431 440 1526 495 ἐάν
1550 443 1741 513 νήφειν
1774 441 1981 513 βουλοί-

302 528 456 598 μεθα.
487 527 560 578 "ll
590 527 698 580 οὐκ
731 527 848 580 ῖστε
879 528 961 580 ὅτι
988 529 1117 591 τοὺς
1145 527 1288 581 οὑτω
1323 527 1423 598 τῆς
1455 529 1664 581 ἐαυτῶν
1707 528 1981 598 σωτηρίας

302 614 642 687 ἀμελοῦντας
668 656 685 680 ,
732 614 830 668 καί
870 630 1001 668 ποτε
1052 614 1153 685 μὲν
1199 613 1433 669 ἐνταῦθα
1472 615 1978 686 παραγινομένους,

307 702 489 759 ἀλλοτε
523 701 580 754 δέ
602 702 687 764 εἰς
717 699 785 753 τά
816 699 909 753 τοῦ
935 699 1182 754 διαϐόλου
1203 699 1393 753 δίκτυα
1424 701 1650 764 ἑαυτοὺς
1675 700 1982 763 ἐκδιδόντας

308 791 418 849 τοῖς
447 787 574 841 κυσὶ
606 785 948 857 παραϐάλλει
980 788 1014 857 ἡ
1051 785 1169 839 θεία
1206 787 1396 858 Γραφή
1426 803 1440 852 ;
1468 787 1817 855 Ἀνθρωπος
1849 786 1979 857 γάρ,

312 875 494 947 φησιν,
507 871 909 943 ἀποστρέφων
920 873 1036 927 ἀπὸ
1054 872 1164 941 τῆς
1174 872 1464 943 ἁμαρτίας
1480 873 1666 928 αὐτοῦ
1681 874 1780 927 καί
1796 873 1986 927 πάλιν

309 961 397 1025 εἰς
415 957 610 1026 αὐτὴν
631 955 913 1021 ἐπανιὼν,
932 954 1134 1025 ὅμοιός
1153 956 1282 1009 ἐστι
1298 954 1436 1009 κυνί
1448 954 1865 1026 ἐπιστρέφοντι
1885 955 1982 1008 ἐπί

309 1044 589 1099 τὸγῖδιον
604 1043 839 1113 ἔμετον.
878 1043 1041 1113 Ὁρᾷς
1062 1041 1168 1095 τίνι
1192 1041 1432 1094 ἐοίκασιν
1473 1043 1521 1095 οἰ
1569 1042 1706 1113 πρὸς
1734 1042 1831 1111 τὴν
1860 1041 1985 1097 θέαν

310 1133 527 1204 ἐκείνην
552 1131 651 1203 τὴν
684 1131 998 1203 παράνομον
1024 1128 1428 1200 δεδραμηκότες
1453 1142 1517 1195 II;
1561 1130 1676 1183 Οὐκ
1715 1130 1987 1200 ἠκούσατε

310 1220 405 1275 τοῦ
430 1218 667 1291 Χριστοῦ
682 1219 952 1288 λέγοντος,
970 1216 1091 1283 Πᾶς
1122 1220 1155 1271 ό
1188 1216 1426 1271 ἀκούων
1447 1235 1566 1287 μου
1599 1218 1742 1284 τοὺς
1764 1219 1988 1287 λόγους

310 1310 583 1374 τούτους,
624 1306 723 1360 ταὶ
742 1305 830 1374 μὴ
853 1302 1037 1358 ποιῶν
1055 1303 1307 1369 αὐτοὺς,
1345 1304 1773 1372 ὁμοιωθήσεται
1814 1304 1989 1373 ἀνδρί

305 1395 506 1467 μωρῷ,
524 1397 693 1461 ὅστις
715 1392 1059 1463 ᾠκοδόμησε
1071 1392 1186 1462 τὴν
1201 1393 1399 1446 οἰκίαν
1410 1394 1600 1448 αὑτοῦ
1628 1394 1726 1448 ἐπὶ
1751 1392 1867 1461 τὴν
1881 1394 1988 1462 dp-

307 1501 452 1554 μον,
465 1483 563 1536 καί
576 1479 767 1552 ἦλθον
776 1483 831 1535 οὶ
842 1481 1115 1550 ποταμοί,
1134 1478 1235 1534 καί
1247 1479 1561 1534 ἔπνευσαν
1575 1484 1629 1535 οι
1644 1480 1872 1550 ἄνεμοι,
1889 1481 1991 1535 καί

313 1567 819 1641 προσέρῤηξαντῇ
837 1569 991 1635 οἰκίᾳ
1009 1567 1234 1638 ἐκείνῃ.
1248 1567 1347 1622 καί
1362 1567 1567 1633 ἔπεσε,
1588 1568 1683 1621 καί
1704 1564 1781 1639 ἦν
1791 1570 1828 1637 ἡ
1847 1566 1992 1621 πτῶ-

312 1675 416 1724 σις
430 1656 620 1725 αὐτῆς
629 1656 888 1726 μεγάλω
910 1657 971 1709 Οἱ
999 1654 1054 1708 δὲ
1069 1657 1148 1718 εἰς
1173 1656 1271 1726 τὴν
1287 1654 1648 1727 ἱπποδρομίαν
1661 1655 1995 1727 δεδραμηκό-

312 1763 407 1809 τες
424 1745 519 1799 καὶ
539 1744 730 1796 τούτου
748 1742 963 1813 χείρους
978 1742 1283 1811 γεγόνασιν.
1300 1740 1539 1795 Ἐκείνου
1555 1743 1665 1815 γάρ
1679 1742 1713 1813 ἡ
1728 1742 1872 1796 οἰκία
1892 1742 1993 1796 κᾶν

320 1832 461 1903 μετά
497 1831 595 1901 τὴν
620 1829 927 1901 προσϐολὴν
949 1829 1046 1900 τὴν
1077 1830 1429 1882 κατάπτωσιν
1467 1829 1728 1899 ὑπέμεινε
1767 1846 1781 1859 ·
1822 1846 1991 1882 ποτα·

321 1919 459 1990 μούς
502 1916 612 1989 γὰρ
664 1917 760 1970 καί
802 1916 1039 1986 ἀνέμους
1082 1911 1233 1968 εἶπεν
1257 1958 1272 1983 ,
1304 1916 1403 1986 οὐχ
1445 1915 1531 1968 ἵνα
1556 1914 1764 1969 ὑδάτων
1791 1914 1995 1987 πλῆθος

320 1999 591 2075 αἰνίξηται
625 2002 653 2041 1³
684 2005 816 2075 ἡμῖν
874 2003 967 2055 καὶ
1020 2002 1237 2073 ἀνέμων
1287 2002 1658 2073 σφοδρότητα,
1702 2001 1839 2055 ἀ)λά
1887 2001 1996 2054 τῶν

320 2091 643 2166 πειρασμῶν
671 2090 769 2161 τὴν
793 2089 1088 2161 ἐπαγωγὴν
1110 2090 1208 2161 τὴν
1237 2089 1472 2159 σφοδράν
1512 2107 1524 2120 ·
1573 2092 1668 2142 καὶ
1699 2089 1798 2159 τὴν
1826 2090 1995 2143 κατά-

322 2197 532 2234 πτωσιν
564 2179 663 2249 τῆς
693 2178 888 2241 οἰκίας,
921 2177 1017 2247 οὐχ
1047 2177 1133 2230 ἵνα
1166 2178 1294 2248 περὶ
1316 2175 1584 2247 αἰσθητῆς
1627 2177 1804 2240 οίκίας
1848 2177 1999 2246 νομί-

325 2286 510 2340 σωμεν
554 2284 568 2298 ο
621 2266 751 2337 περὶ
803 2266 912 2337 γάρ
964 2264 1144 2336 ψυχῆς
1191 2264 1219 2315 ὀ
1275 2264 1432 2333 λόγος
1476 2265 1575 2335 τῆς
1604 2263 1713 2317 ἀπὸ
1755 2265 1856 2335 τῆς
1891 2262 1999 2316 τῶν

322 2353 517 2408 δεινῶν
559 2351 869 2424 προσϐολῆς
917 2350 1374 2420 καταπιπτοὺσης
1397 2391 1411 2416 ,
1442 2352 1538 2404 καὶ
1566 2351 1641 2422 μὴ
1675 2349 2001 2422 δυνηθείσης

324 2442 602 2510 ἀντισχεῖν
630 2456 645 2469 ’
676 2437 763 2508 ἐφ’
816 2437 973 2505 ὑμῶν
1023 2438 1080 2492 δὲ
1123 2436 1249 2491 οὐτε
1308 2437 1509 2507 ἄνεμος
1556 2437 1821 2509 ἐκινήθη,
1877 2435 2001 2489 οὐτε

325 2527 566 2597 ποταμοὶ
618 2523 1020 2597 προσέρρηξαν,
1077 2524 1192 2579 ἀλλ’
1250 2524 1439 2586 ἀπλῶς
1488 2523 1630 2595 αὑρα
1678 2541 1762 2589 τις
1828 2524 2004 2595 μικρά

324 2613 609 2683 διαϐολικὴ
650 2613 902 2679 ἔπνευσε,
953 2612 1050 2665 καὶ
1098 2612 1309 2675 πάντας
1354 2612 1501 2683 ὑμᾶς
1550 2610 1891 2683 ἀνερρίπισε.
1935 2610 2002 2664 Τί

325 2703 535 2771 ταύτης
576 2700 676 2772 τῆς
712 2700 899 2764 ἀνοίας
937 2703 1123 2771 χεῖρον
1165 2700 1366 2770 γένοιτ’
1395 2701 1496 2767 ἄν;
1537 2700 1591 2753 τί
1620 2700 1722 2769 τῆς
1750 2699 2007 2770 νηστείας

326 2788 543 2859 ϐφελος,
576 2787 696 2840 εἰπέ
723 2804 842 2858 μοι;
870 2787 922 2840 τί
940 2789 1039 2858 τῆς
1062 2786 1297 2841 ἐνταῦθα
1323 2786 1687 2851 συνελεύσεως
1711 2785 1772 2840 τὸ
1796 2786 2005 2857 κέρδος;

329 2875 428 2941 Τίς
455 2876 555 2928 οὐκ
580 2874 643 2928 ἂν
671 2876 764 2928 καὶ
789 2875 931 2945 ὑπὲρ
959 2875 1114 2946 ὑμῶν
1144 2876 1415 2940 στενάξειε
1438 2916 1454 2942 ,
1485 2876 1581 2928 καὶ
1616 2876 1761 2947 ἡμᾶς
1790 2874 2009 2928 ταλανί-

332 2978 514 3028 deum;
553 2962 723 3032 ’Υπὲρ
750 2961 905 3032 ὑμῶν
934 2962 1031 3032 μὲν
1051 3002 1066 3028 ,
1097 2962 1179 3015 ὅτι
1207 2962 1424 3016 ἅπαντα
1443 3001 1459 3023 ,
1502 2962 1604 3017 ὅσα
1632 2962 1969 3031 συνηγάγετε
1992 3000 2007 3025 ,

332 3050 426 3119 ὑφ’
457 3048 515 3101 ἐν
547 3048 797 3119 ἐξεχέατε
823 3090 836 3109 ,
873 3051 966 3101 καὶ
999 3050 1099 3112 τὰς
1128 3048 1298 3121 θύρας
1325 3048 1428 3119 τῆς
1451 3049 1691 3113 διανοίας
1730 3049 1884 3119 ὑειιῖῦν
1912 3050 2010 3101 ἀν-

331 3135 641 3189 επετάσατε
670 3134 747 3204 τῷ
773 3135 995 3205 πονηρῷ
1019 3134 1236 3206 δαίμονι
1254 3177 1266 3198 ,
1294 3135 1435 3189 ὥστε
1461 3136 1557 3189 καὶ
1586 3135 1846 3189 εἰσελθεῖν
1865 3176 1881 3201 ,
1915 3136 2012 3189 καὶ

338 3225 479 3296 μετά
522 3222 723 3293 πολλῆς
749 3223 850 3293 τῆς
870 3223 1121 3288 εὐκολίας
1160 3223 1340 3277 πάντα
1380 3220 1533 3295 ὑμῶν
1578 3224 1883 3295 ἐκφορῆσαι
1920 3224 2012 3277 τὸν

335 3311 566 3368 πλοῦτον
604 3309 692 3363 τὸν
722 3310 1108 3381 πνευματικόν
1140 3312 1289 3382 ἡμᾶς
1311 3311 1368 3364 δὲ
1396 3310 1733 3364 ταλανίσειεν
1765 3309 2010 3374 εἰκότως,

334 3399 419 3452 ὃτι
462 3398 542 3461 εἰς
591 3398 789 3469 νεκράς
832 3397 1004 3462 οὑτως
1050 3398 1351 3469 ἐνηχοῦμεν
1385 3398 1556 3462 ἀκοάς
1578 3436 1594 3461 ,
1623 3399 1718 3451 καὶ
1742 3396 2014 3466 τοσαύτην

334 3479 545 3551 ζημίαν
589 3480 934 3552 ὑπομένομεν
983 3480 1103 3533 καθ’
1155 3479 1394 3551 ἑκάστην
1443 3480 1657 3551 ἡμέραν
1701 3479 2015 3550 σπείροντες

338 3569 482 3638 μὲν,
545 3566 710 3637 μηδὲν
754 3567 812 3620 δὲ
869 3566 1216 3639 καρποῦσθαι
1277 3567 1590 3638 δυνάμενοι.
1646 3567 1740 3638 Μὴ
1781 3567 1891 3637 γάρ
1929 3565 2017 3618 διὰ

335 3654 499 3709 τοῦτο
526 3655 703 3723 λέγειν
734 3654 1148 3727 σπουδάζομεν,
1195 3656 1338 3710 ὥστε
1386 3655 1575 3719 ἀπλῶς
1622 3654 1819 3727 τέρψαι
1861 3653 2016 3725 ὑμῶν

334 3744 440 3814 τὴν
469 3742 657 3814 ἀκοὴν,
689 3743 723 3814 ἢ
760 3742 835 3805 ὡς
863 3743 957 3797 τοῦ
994 3745 1126 3814 παρ’
1155 3743 1311 3815 ὑμῶν
1348 3743 1570 3797 ἐπαίνου
1613 3743 1924 3814 ἐφιέμενοι;
1956 3742 2018 3796 Εἰ

339 3831 419 3901 μὴ
446 3829 691 3900 μέλλοιτέ
709 3847 761 3884 τι
783 3830 1088 3901 κερδαίνειν
1120 3833 1185 3884 ἐκ
1204 3830 1312 3884 τῶν
1340 3831 1471 3904 παρ’
1500 3831 1657 3903 ἡμῶν
1684 3830 2018 3902 λεγομένων,

340 3915 554 3987 βέλτιον
582 3918 727 3988 ἡμᾶς
760 3918 983 3989 σιγῆσαι
1012 3918 1217 3972 λοιπόν.
1262 3918 1396 3972 Οὐδέ
1435 3918 1545 3990 γάρ
1586 3918 1848 3989 βούλομαι
1891 3918 2019 3988 ὑμῖν

338 4003 567 4057 πλείονα
619 4003 717 4075 τὴν
764 4005 1089 4075 κατάκρισιν
1145 4004 1495 4076 ἐργάζεσθαι.
1572 4003 1840 4076 Καθάπερ
1910 4004 2021 4076 γὰρ

339 4087 605 4158 ἔμπορος,
658 4089 876 4143 ἐπειδὰν
919 4090 1087 4145 πολὺν
1138 4091 1232 4145 τὸν
1274 4090 1469 4163 φόρτον
1519 4090 1798 4161 συναγάγῃ
1825 4101 1874 4154 ο,
1927 4089 2023 4142 καὶ

340 4176 786 4248 πεπληρωμένην
828 4178 926 4249 τὴν
972 4178 1173 4232 ὁλκάδα
1208 4178 1348 4250 ἔχων
1381 4176 1578 4231 πολλοῦ
1616 4175 1711 4231 τοῦ
1746 4175 1979 4231 πλούτου
2004 4216 2020 4241 ,

339 4264 551 4334 ἀθρόας
575 4264 885 4335 καταιγίδος
918 4266 1355 4337 προσπεσούσης,
1389 4265 1484 4321 καί
1512 4266 1613 4337 τῆς
1638 4264 1747 4319 τῶν
1779 4264 2024 4335 πνευμάο

340 4367 454 4402 των
487 4350 608 4421 βίας
647 4355 1078 4425 περιγενομένης
1102 4353 1397 4425 αὔτανδρον
1423 4354 1700 4426 καταδύσῃ
1715 4354 1777 4407 τὸ
1794 4354 2022 4421 σκάφος,

343 4437 581 4492 ἐλεεινὸν
611 4439 784 4493 ἀπασι
817 4441 995 4512 θέαμα
1019 4441 1254 4510 γίνεται,
1284 4442 1490 4512 γυμνὸς
1515 4440 1774 4513 ἐξαίφνης
1810 4441 2021 4512 φανεὶς,

345 4526 445 4580 καὶ
482 4526 622 4597 μετά
663 4528 831 4582 πολὺν
870 4530 965 4583 καὶ
1007 4530 1214 4598 ἄφατον
1257 4529 1487 4583 πλοῦτον
1530 4530 1589 4583 ἐν
1627 4530 1832 4601 ἐσχάτῃ
1862 4527 2025 4599 πενίᾳ

345 4612 627 4677 καταστὰς
655 4613 796 4688 [ﬁ],
824 4616 915 4669 τὸν
944 4617 1106 4670 αὐτὸν
1156 4616 1221 4688 δὴ
1263 4616 1465 4688 τρόπον
1510 4617 1604 4671 καὶ
1655 4617 1800 4689 ὑμᾶς
1846 4615 1943 4669 νῦν
1993 4616 2023 4668 ὁ

343 4702 590 4764 διάϐολος
618 4704 887 4776 διέθηκεν.
918 4706 1107 4779 Εὑρὼν
1134 4708 1242 4777 γάρ
1269 4706 1423 4779 ὑμῶν
1453 4706 1892 4778 πεπληρωμένην
1920 4705 2023 4776 τὴν

346 4789 686 4861 ὁλκάδατὴν
733 4793 1104 4865 πνευματικὴν
1157 4793 1354 4847 πολλοῦ
1403 4792 1635 4846 πλούτου
1654 4833 1669 4859 ,
1700 4792 1793 4847 καὶ
1817 4792 2026 4862 ἄφατον

352 4876 479 4929 ἰδὼν
502 4877 595 4931 τὸν
622 4877 915 4951 θησαυρὸν,
941 4881 999 4935 ὃν
1025 4881 1134 4935 ἀπό
1165 4898 1225 4935 τε
1257 4883 1357 4953 τῆς
1385 4881 1638 4952 νηστείας
1655 4920 1672 4946 ,
1698 4881 1808 4935 ἀπό
1829 4897 1889 4933 τε
1924 4879 2026 4950 τῆς

351 4964 609 5035 συνεχοῦς
640 4966 989 5033 διδασκαλίας
1025 4971 1351 5038 συναγαγεῖν
1391 4968 1729 5040 ἠδυνήθητε,
1772 4967 2027 5039 καθάπερ

351 5051 644 5121 καταιγίδα
670 5054 794 5107 τινὰ
820 5057 1049 5126 ἐπαφεὶς
1091 5056 1191 5129 τὴν
1222 5056 1482 5128 ἀνόνητον
1520 5055 1736 5126 ἐκείνην
1774 5056 1869 5109 καὶ
1899 5056 2024 5110 ἐπι-

349 5139 530 5211 ϐλαϐῆ
576 5140 687 5194 τῶν
729 5142 912 5197 ῖππων
956 5144 1211 5217 ἅμιλλαν,
1262 5145 1332 5199 δι’
1379 5145 1597 5216 ἐκείνης
1643 5143 1884 5215 ἐρήμους
1933 5144 2030 5198 καὶ

351 5230 595 5298 γυμνοὺς
626 5230 809 5302 πάσης
842 5231 940 5303 τῆς
966 5233 1229 5305 εὐπορίας
1254 5233 1612 5306 κατέστησεν.

427 5317 494 5387 β’.
547 5313 681 5373 οἶδα
723 5320 806 5374 ὅτι
850 5323 1056 5394 σφοδρᾷ
1094 5326 1161 5395 τῇ
1209 5324 1525 5397 ἐπιτιμήσει
1561 5322 1863 5397 κέχρημαι,
1893 5324 2034 5381 ἀλλά

355 5402 656 5474 σύγγνωτε,
683 5409 1008 5480 παρακαλῶ*
1035 5411 1277 5467 τοιοῦτον
1313 5412 1422 5486 γάρ
1450 5415 1485 5485 ἡ
1522 5414 1830 5486 όδυνωμένη
1863 5414 2029 5488 ψυχή.

356 5494 489 5548 οὐδέ
520 5494 631 5565 γὰρ
656 5496 714 5562 ἐξ
745 5498 1042 5569 ἀπεχθείας
1069 5499 1243 5555 ταῦτα
1273 5501 1604 5574 φθέγγομαι,
1636 5501 1752 5558 ἀλλ’
1791 5502 1899 5557 ἀπὸ
1932 5518 2037 5573 κηο

355 5579 607 5646 δεμονίας
639 5584 734 5636 καί
767 5584 1123 5658 φιλοστόργου
1164 5587 1347 5659 ψυχῆς
1370 5606 1385 5621 ·
1437 5590 1518 5643 διὸ
1540 5590 1636 5661 τῆς
1670 5588 2034 5661 σφοδρότητος

359 5669 553 5739 μικρὸν
593 5668 890 5743 καθυφεὶς,
939 5675 1127 5746 ἐπειδὴ
1159 5676 1328 5748 αὐτῆς
1367 5677 1470 5749 τῆς
1501 5677 1672 5748 νομῆς
1710 5676 1801 5730 τοῦ
1843 5677 2036 5741 ἐλκους

414 5790 449 5868 ξ
467 5797 623 5868 ξδγίίε
635 5805 690 5850 ει
707 5801 916 5868 Comini
934 5805 1383 5868 συνδεδραμηκότες.

416 5856 449 5927 ξι
473 5858 676 5927 ςοῇαιιῖη.
700 5866 877 5923 πλῆθος
894 5865 1006 5927 ἡμῖν
1025 5856 1296 5924 ἐνδείξηται.

417 5920 443 5950 ⁸
468 5918 668 5973 Coisiiu.
693 5918 842 5973 πολύν
866 5918 1068 5975 πλοῦτον
1090 5918 1348 5987 συναγάγῃ.

2085 443 2435 511 περιγέγονα,
2483 442 2742 513 βούλομαι
2778 443 2871 496 καὶ
2901 443 2978 506 εἰς
3008 442 3233 505 ἐλπίδας
3264 441 3506 514 χρηστὰς
3536 443 3765 512 ἀγαγεῖν

2085 523 2181 595 τὴν
2211 525 2486 597 ὑμετέραν
2501 525 2740 595 ἀγάπην,
2760 526 2899 578 ὥστε
2929 525 3003 597 μὴ
3028 526 3362 594 ἀπογνῶναι,
3390 526 3525 595 μηδὲ
3555 527 3765 596 ἀπαγο-

2089 605 2297 676 ρεῦσαι.
2353 606 2489 660 Οὐδὲ
2533 607 2643 679 γὰρ
2686 608 2939 679 καθάπερ
2973 609 3201 662 ἐπὶτῶν
3242 608 3515 675 αἰσθητῶν
3559 610 3763 676 γίνεται

2085 688 2453 761 πραγμάτων,
2481 688 2625 742 οὕτω
2656 690 2751 743 καὶ
2784 689 3018 743 ἐνταῦθα
3042 689 3362 759 συμϐαίνει·
3393 691 3511 743 ἐκεῖ
3540 689 3641 760 μὲν
3656 691 3766 760 γὰρ

2085 771 2185 823 οὐκ
2214 770 2293 822 ἐνι
2331 770 2422 823 τὸν
2467 769 2578 824 ἀπὸ
2611 769 2707 824 τοῦ
2756 770 2989 824 πλούτου
3032 769 3244 823 ἐκείνου
3286 771 3367 833 εἰς
3392 770 3493 841 τὴν
3530 769 3767 840 ἐσχάτην

2088 852 2280 906 πενίαν
2308 852 2703 923 κατενεχθέντα
2721 853 2926 917 εὐθέως
2952 854 3269 921 ἀνενεγκεῖν
3291 868 3307 884 ο
3335 853 3568 907 ἐνταῦθα
3595 853 3652 907 δέ
3678 852 3769 906 διά

2086 934 2186 1006 τὴν
2206 934 2302 989 τοῦ
2336 935 2473 989 Θεοῦ
2501 935 2933 1006 φιλανθρωπίαν,
2971 937 3068 990 ἐὰν
3110 934 3428 1006 βουλώμεθα
3479 936 3641 1007 μόνον
3671 952 3769 988 κα-

2087 1017 2360 1085 ταγνῶναι
2388 1018 2498 1070 τῶν
2523 1018 2623 1089 ήδη
2664 1017 3043 1089 είργασμένων
3072 1020 3225 1090 ἡμῖν,
3254 1018 3349 1072 καὶ
3380 1019 3544 1090 μέχρι
3573 1018 3767 1071 τούτου

2091 1100 2285 1169 στῆσαι
2313 1100 2381 1154 τά
2401 1102 2501 1172 τῆς
2530 1101 2823 1172 ῥᾳθυμίας,
2858 1102 3135 1172 δυνάμεθα
3162 1102 3371 1173 ταχέως
3401 1104 3493 1156 ἐπὶ
3512 1102 3611 1173 τὴν
3636 1118 3770 1173 προ-

2090 1183 2255 1255 τέραν
2286 1184 2548 1254 εὐπορίαν
2576 1185 2914 1240 ἐπανελθεῖν.
2949 1183 3205 1249 Τοιοῦτος
3231 1187 3338 1256 γάρ
3372 1188 3402 1241 ὁ
3431 1186 3709 1255 Δεσπότης
3743 1187 3774 1238 ὁ

2091 1265 2380 1335 ἡμέτερος,
2424 1264 2568 1318 οὑτω
2604 1266 2887 1338 φιλότιμος
2931 1268 3027 1320 καί⁵
3067 1267 3448 1338 μεγαλόδωρος
3473 1284 3487 1297 ·
3540 1268 3637 1323 καὶ
3671 1268 3773 1339 βοᾷ

2090 1347 2177 1401 διὰ
2199 1346 2291 1401 τοῦ
2327 1349 2635 1419 προφήτου,
2683 1350 2860 1418 λέγων
2887 1366 2901 1381 ο
2953 1351 3035 1403 Οὐ
3069 1350 3317 1417 θελήσει
3348 1350 3502 1404 θέλω
3532 1352 3641 1404 τὸν
3667 1351 3771 1405 0d-

2091 1448 2278 1484 ναῖον
2323 1428 2430 1484 τοῦ
2470 1432 2847 1499 ἁμαρτωλοῦ,
2893 1433 2974 1499 ὡς
3013 1433 3081 1486 τὸ
3124 1433 3486 1501 ἐπιστρέψαι
3527 1433 3627 1487 καὶ
3666 1431 3776 1501 ζῇν

2092 1516 2297 1568 αὐτόν.
2380 1511 2512 1568 Οἶδα
2579 1516 2660 1569 ὅτι
2706 1515 3054 1585 εὐγνώμονες
3091 1516 3243 1579 ὄντες
3293 1515 3615 1570 αἰσθάνεσθε
3664 1516 3776 1569 τῶν

2093 1598 2471 1669 ἐπταισμένων
2500 1598 2650 1669 ὑμῖν.
2682 1599 2756 1651 Οὐ
2791 1598 2963 1670 μικρά
2992 1599 3049 1652 δὲ
3078 1599 3195 1664 ὁδὸς
3218 1601 3355 1672 πρὸς
3386 1600 3485 1671 τὴν
3512 1599 3775 1653 ἐπάνοδον

2094 1680 2193 1749 τῆς
2230 1680 2431 1750 ἀρετῆς
2472 1679 2534 1733 τὸ
2578 1680 2777 1735 εἰδέναι
2820 1680 2930 1733 τῶν
2971 1681 3378 1755 ἡμαρτημένων
3427 1682 3489 1735 τὸ
3524 1681 3777 1752 μέγεθος.

2109 1764 2270 1817 Ἀλλά
2304 1766 2375 1835 μή
2408 1781 2499 1836 μοι
2520 1763 2684 1817 πάλιν
2715 1763 2817 1831 τῆς
2845 1763 3157 1835 διαϐολικῆς
3193 1764 3409 1836 ἐκείνης
3439 1766 3654 1838 ἀπάτης
3677 1768 3776 1836 ῥή-

2103 1850 2248 1919 ματά
2277 1866 2358 1912 τις
2385 1848 2701 1919 παραγέτω,
2724 1846 2898 1916 λέγων
2919 1863 2933 1877 ⁸
2977 1851 3128 1902 ποῖον
3154 1849 3263 1921 γὰρ
3289 1849 3511 1922 άμάρτη
3520 1867 3615 1921 μα,
3650 1851 3779 1904 ἰδεῖν

2100 1930 2298 1993 ἵππους
2331 1931 2658 2002 τρέχοντας;
2700 1929 2826 1984 Ἐἀν
2847 1929 2959 2001 γὰρ
2987 1929 3256 2003 βουληθῇς
3283 1932 3647 2003 εὐγνωμόνως
3678 1950 3781 1986 κα·

2098 2012 2366 2081 ταμαθεῖν
2418 2012 2631 2067 ἅπαντα
2680 2013 2750 2066 τά
2792 2014 2909 2065 ἐκεῖ
2948 2014 3235 2084 γινόμενα,
3293 2015 3550 2085 εὑρήσεις
3602 2015 3780 2069 πάντα

2104 2094 2278 2166 μεστά
2317 2094 2614 2165 σατανικῆς
2643 2094 2948 2164 ἐνεργείας.
2991 2095 3066 2148 Οὐ
3102 2095 3264 2163 μόνον
3288 2095 3400 2165 γὰρ
3435 2097 3631 2159 ἵππους
3666 2095 3782 2165 τρέ-

2102 2196 2297 2250 χοντας
2329 2178 2476 2231 ἐστιν
2497 2177 2646 2240 ἰδεῖν,
2668 2176 2803 2231 ἀλλά
2834 2178 2929 2230 καὶ
2957 2180 3235 2247 κραυγῶν,
3268 2180 3364 2233 καὶ
3398 2178 3779 2251 βλασφημιῶν,

2103 2262 2197 2315 καὶ
2235 2260 2446 2331 μυρίων
2477 2260 2723 2330 ἀκαίρων
2754 2258 2901 2311 ἐστιν
2924 2260 3157 2312 ἀκοῦσαι
3177 2260 3374 2329 λόγων,
3399 2262 3494 2314 καὶ
3517 2264 3782 2330 γυναῖκας

2104 2341 2469 2413 ἡταιρηκυίας
2515 2342 2597 2404 τίς
2629 2341 2690 2393 τὸ
2736 2340 2900 2410 μέσον
2949 2340 3254 2411 παριούσας
3305 2342 3455 2407 ίδεῖν,
3506 2342 3603 2394 κειιί⁵
3630 2342 3784 2406 νέους

2105 2425 2244 2496 πρὸς
2269 2424 2369 2495 τὴν
2393 2422 2504 2477 τῶν
2532 2422 2808 2491 γυναικῶν
2839 2423 3160 2494 ἁπαλότητα
3203 2424 3430 2486 ἑαυτοὺς
3457 2424 3784 2487 ἐκδιδόντας.

2109 2510 2179 2561 Ἢ
2222 2508 2395 2579 μικρά
2445 2523 2529 2559 σοι
2582 2504 2756 2560 ταῦτα
2799 2506 2948 2559 δοκεῖ
2992 2502 3132 2560 εἶναι
3178 2507 3318 2579 πρὸς
3366 2507 3428 2559 τὸ
3479 2510 3579 2578 τὴν
3608 2507 3789 2578 ψυχὴν

2108 2591 2454 2663 αἰχμάλωτον
2482 2589 2855 2661 ἐργάσασθαι;
2893 2591 2957 2644 Εἰ
2980 2589 3089 2662 γάρ
3117 2590 3212 2645 καὶ
3233 2590 3291 2644 αί
3312 2590 3422 2644 ἀπὸ
3448 2592 3789 2661 ταύτομάτου

2111 2673 2400 2744 συντυχίαι
2427 2671 2689 2736 πολλάκις
2714 2672 3080 2728 ὑπεσκέλισαν
3108 2673 3204 2726 καὶ
3230 2672 3547 2740 κατέϐαλον,
3587 2674 3681 2727 καὶ
3712 2676 3791 2737 εἰς

2111 2755 2244 2811 αὐτὸ
2290 2755 2391 2825 τῆς
2440 2752 2717 2817 ἀπωλείας
2770 2753 2833 2806 τὺ
2883 2753 3159 2825 βάραθρον
3198 2757 3544 2825 κατήνεγκαν
3580 2755 3673 2808 τὸν
3716 2756 3791 2825 μὴ

2111 2837 2468 2910 προσέχοντα,
2499 2835 2553 2888 τί
2589 2835 2736 2899 εἰκὸς
2775 2834 2968 2888 παθεῖν
3012 2834 3139 2897 τοὺς
3187 2834 3276 2887 ἐπ’
3304 2834 3437 2887 αὐτὸ
3480 2833 3639 2888 τοῦτο
3678 2836 3792 2888 ἐκεῖ

2114 2918 2608 2989 παραγινομένους,
2658 2917 2916 2979 καὶτοὺς
2966 2917 3281 2987 ὀφθαλμοὺς
3332 2916 3629 2982 ἑστιῶντας
3671 2921 3793 2983 ταῖς

2115 3000 2455 3072 παρανόμοις
2483 2999 2720 3063 ἐκείναις
2752 2999 2923 3064 θέαις,
2960 3001 3054 3054 καὶ
3092 2999 3539 3071 ἀπηρτισμένους
3573 3002 3793 3072 μοιχοὺς

2115 3081 2327 3136 ἐκεῖθεν
2374 3082 2698 3147 κατιόντας;
2758 3081 2930 3147 Εἰδὼς
2977 3083 3085 3154 γὰρ
3136 3085 3163 3135 ὁ
3211 3081 3593 3155 φιλάνθρωπος
3638 3083 3794 3155 ἡμῶν

2117 3163 2398 3233 Δεσπότης
2441 3162 2542 3232 τῆς
2582 3161 2796 3230 φύσεως
2831 3163 2931 3233 τῆς
2960 3162 3239 3233 ἡμετέρας
3265 3162 3343 3214 τὸ’
3365 3162 3792 3234 εὐεπηρέαστον,

2120 3244 2214 3296 καὶ
2242 3242 2343 3311 τῆς
2377 3241 2473 3294 τοῦ
2506 3240 2752 3294 διαϐόλου
2784 3241 3123 3311 κακουργίας
3154 3241 3216 3293 τὸ
3244 3240 3550 3311 πανοῦργον
3570 3242 3663 3294 καὶ
3698 3258 3795 3294 πο-

2118 3321 2408 3387 λύπλοκον,
2442 3324 2507 3374 ἐκ
2544 3320 2742 3373 πολλοῦ
2773 3320 2869 3373 τοῦ
2901 3320 3187 3391 περιόντος
3215 3321 3468 3390 τειχίζων
3498 3323 3665 3392 ἡμᾶς,
3705 3323 3795 3376 καὶ

2123 3400 2448 3472 βουλόμενος
2488 3398 2800 3461 ἀναλώτους
2834 3398 3173 3468 ἐργάσασθαι
3209 3400 3331 3461 ταῖς
3358 3398 3550 3451 τούτου
3581 3400 3798 3468 παγίσι,

2119 3480 2211 3532 τὸν
2269 3479 2432 3549 νόμον
2500 3477 2693 3531 τοῦτον
2753 3476 3029 3544 τέθεικεν,
3101 3476 3293 3545 λέγων’
3370 3476 3423 3527 '0
3490 3477 3795 3547 ἐμϐλέψας

2121 3557 2364 3628 γυναικί
2398 3555 2547 3625 πρὸς
2590 3556 2657 3609 τὸ
2692 3555 3062 3625 ἐπιθυμῆσαι
3096 3555 3287 3624 αὐτῆς
3308 3595 3322 3617 ,
3366 3555 3483 3624 ἤδη
3524 3558 3799 3627 ἐμοίχευ-

2124 3654 2238 3692 σεν
2266 3636 2463 3705 αὐτὴν
2493 3636 2564 3689 ἐν
2590 3634 2664 3705 τῇ
2686 3635 2897 3704 καρδίᾳ
2928 3636 3138 3700 αὐτοῦ,
3171 3635 3421 3707 μοιχείαν
3445 3637 3799 3710 ἀπηρτισμέ-

2123 3734 2221 3788 νην
2251 3715 2434 3769 καλῶν
2467 3713 2562 3785 τὴν
2601 3713 2739 3786 μετά
2774 3715 3098 3786 περιεργίας
3131 3713 3369 3786 θεωρίαν
3398 3716 3799 3789 γεγενημένην.

2124 3795 2217 3867 Μὴ
2253 3796 2434 3849 τοίνυν
2475 3811 2567 3865 μοι
2603 3794 2731 3864 λέγε
2769 3794 2957 3848 λοιπόν
2983 3813 2996 3826 ·
3050 3795 3103 3848 τὶ
3139 3798 3251 3867 γὰρ
3276 3795 3391 3868 [42]
3444 3796 3642 3867 βλάϐος
3694 3799 3804 3851 ἀπὸ

2124 3877 2225 3946 τῆς
2268 3877 2448 3928 ἐκεῖσε
2476 3874 2798 3945 διατριϐῆς;
2840 3876 2948 3928 Καὶ
2984 3876 3117 3930 αὐτὸ
3157 3876 3266 3947 γάρ
3301 3878 3463 3946 μόνον
3481 3878 3545 3931 τὸ
3565 3879 3664 3949 τῆς
3693 3879 3804 3933 τῶν

2129 3955 2312 4009 ἵππων
2355 3954 2591 4025 ἁμίλλης
2618 3954 2803 4007 ἰκανὸν
2838 3954 3005 4006 πολὺν
3054 3957 3118 4025 τῇ
3150 3954 3295 4025 ψυχῇ
3325 3956 3416 4010 τὸν
3452 3957 3673 4028 ὄλεθρον
3701 3960 3803 4012 ἐπ-

2126 4036 2375 4102 αγαγεῖν.
2403 4033 2573 4085 Ὅταν
2594 4032 2704 4102 γάρ
2720 4033 2860 4101 ὑπὲρ
2889 4033 3185 4103 ἀνονήτων,
3217 4036 3312 4086 καί
3336 4036 3411 4105 μὴ
3438 4035 3599 4105 μόνον
3634 4036 3803 4107 μηδὲν

2126 4116 2192 4183 τῇ
2226 4111 2370 4181 ψυχῇ
2418 4109 2899 4188 συμϐαλλομένων,
2930 4109 3067 4163 ἀλλά
3095 4112 3192 4163 καὶ
3213 4111 3625 4183 λυμαινομένων
3662 4117 3802 4188 αὐτῇ

2127 4191 2220 4243 τὸν
2247 4188 2436 4259 καιρὸν
2469 4187 2980 4257 καταναλίσκωμεν,
3021 4188 3115 4241 καὶ
3147 4188 3686 4261 διαπληκτιζώμεθα,
3711 4187 3807 4247 καὶ

2133 4267 2301 4339 μυρία
2337 4266 2477 4337 ρητά
2536 4266 2628 4319 καὶ
2655 4265 2870 4337 ἄρρητα
2903 4265 3300 4337 φθεγγώμεθα,
3349 4267 3430 4332 τίς
3473 4270 3604 4340 ἡμῖν
3651 4270 3806 4327 ἔσται

2132 4344 2464 4415 συγγνώμη;
2528 4345 2661 4399 ποία
2698 4345 2755 4398 δέ
2787 4345 3091 4414 ἀπολογίας
3137 4346 3248 4400 Καὶ
3291 4347 3527 4401 ἐνταῦθα
3576 4349 3677 4420 μὲν
3708 4350 3806 4404 ἐὰν

2133 4424 2329 4497 μικρὸν
2352 4423 2772 4496 παρατείνωμεν
2793 4424 2892 4495 τὴν
2920 4425 3290 4490 διδασκαλίαν,
3320 4426 3505 4480 πολλοὶ
3523 4427 3809 4500 δυσχεραί-

2128 4519 2280 4557 νουσι
2308 4502 2403 4556 καὶ
2426 4501 2711 4567 ἀλύουσιά,
2737 4505 2831 4557 καὶ
2859 4505 3020 4560 πόνον
3046 4506 3142 4559 τοῦ
3174 4505 3427 4577 σώματος
3447 4509 3541 4560 καὶ
3561 4510 3809 4579 κάματον

2131 4580 2558 4660 προϐάλλονται,
2582 4582 2675 4635 καὶ
2704 4582 2877 4638 ταῦτα
2919 4582 3012 4637 τοῦ
3046 4583 3361 4655 θαυμαστοῦ
3386 4586 3577 4641 τούτου
3606 4588 3806 4660 ὀρόφου

2132 4659 2318 4715 ἰκανοῦ
2365 4661 2517 4739 ὄντος
2546 4661 3046 4739 παραμυθήσασθαι
3073 4681 3087 4695 ο
3144 4660 3268 4717 οὐτε
3307 4664 3416 4737 γὰρ
3460 4665 3566 4719 ὑπὸ
3591 4659 3806 4739 κρυμοῦ

2130 4739 2277 4792 ἐστιν
2303 4738 2680 4810 ἐνοχληθῆναι,
2725 4738 2848 4793 οὔτε
2886 4741 2992 4795 ὑπὸ
3033 4742 3214 4806 ὑετοῦ,
3241 4742 3275 4813 ἡ
3307 4744 3406 4814 τῆς
3434 4745 3543 4797 τῶν
3589 4746 3807 4816 ἀνέμων

2133 4816 2495 4888 σφοδρότητος
2540 4833 2554 4849 ·
2589 4818 2705 4871 ἐκεῖ
2734 4817 2791 4871 δὲ
2816 4822 2910 4873 καὶ
2942 4820 3099 4874 ὑετοῦ
3124 4820 3326 4892 λάϐρου
3351 4824 3810 4894 καταρρηγνυμέ-

2131 4914 2245 4962 νου,
2265 4897 2359 4952 καὶ
2381 4898 2598 4969 ἀνέμων
2622 4898 2865 4971 σφοδρῶν
2894 4901 3187 4965 πνεόντων,
3203 4903 3299 4955 καὶ
3321 4901 3505 4957 ἄλλοτε
3535 4901 3631 4955 τοῦ
3652 4904 3808 4974 ἡλίου

2133 4978 2344 5051 θερμὴν
2385 4978 2484 5051 τὴν
2520 4981 2713 5034 ἀκτῖνα
2751 4981 3034 5051 ἀφιέντος,
3082 4984 3141 5037 οὐ
3197 4984 3327 5054 μίαν
3356 4982 3477 5035 οὐδὲ
3511 4983 3605 5036 δύο
3635 4983 3808 5056 ὥρας,

2134 5058 2271 5113 ἀλλά
2311 5058 2372 5111 τὸ
2405 5057 2566 5113 πλέον
2610 5059 2711 5130 τῆς
2761 5061 2976 5132 ἡμέρας
3025 5060 3432 5133 διημερεύουσι,
3481 5062 3576 5115 καὶ
3622 5063 3745 5116 οὔτε
3780 5065 3811 5117 δ

2094 5164 2099 5167 Α
2133 5140 2313 5212 γέρων
2344 5139 2572 5195 αἰδεῖται
2601 5142 2700 5212 τὴν
2730 5142 2943 5207 πολιὰν,
2968 5141 3090 5196 οὐτε
3115 5144 3145 5194 ὁ
3178 5143 3297 5205 νέος
3324 5139 3638 5210 αἰσχύνεται
3672 5144 3812 5216 πρὸς

2065 5275 2116 5295 Α
2134 5222 2205 5276 τά
2232 5221 2332 5289 τῆς
2361 5219 2553 5283 πολιᾶς
2580 5220 2987 5291 ὑπεκκαύματα
3017 5219 3249 5291 βαδίζων
3273 5236 3288 5252 ’
3337 5220 3475 5274 ἀλλά
3510 5221 3746 5295 τοσαύτη
3775 5226 3812 5295 ἡ

2137 5301 2344 5370 ἀπάτη,
2374 5298 2450 5362 ώς
2479 5299 2574 5352 καὶ
2605 5298 2727 5369 μεθ’
2751 5297 2947 5371 ἡδονῆς
2978 5299 3039 5352 τὸ
3071 5298 3263 5371 δέλεαρ
3288 5299 3467 5353 ἐκεῖνο
3493 5299 3602 5354 τῶν
3625 5300 3816 5372 ψυχῶν

2139 5378 2485 5452 προσίεσθαι,
2521 5378 2618 5432 καὶ
2673 5379 2747 5450 μὴ
2787 5379 2987 5432 ἐννοεῖν
3024 5380 3123 5449 τῆς
3164 5378 3362 5450 ἡδονῆς
3399 5378 3500 5451 μὲν
3547 5379 3647 5450 τῆς
3695 5382 3818 5433 ἐπι-

2135 5457 2374 5524 ϐλαϐοῦς
2417 5460 2477 5512 τὸ
2526 5457 2702 5530 βραχύ
2750 5459 2844 5511 καὶ
2886 5459 3256 5531 πρόσκαιρον,
3298 5458 3400 5530 τῆς
3441 5459 3500 5512 δέ
3531 5459 3724 5530 ὀδύνης
3754 5460 3818 5514 τὸ

2138 5538 2409 5610 διηνεκὲς,
2435 5538 2530 5593 καὶ
2559 5537 2654 5591 τοῦ
2687 5537 2986 5603 συνειδότος
3018 5538 3117 5609 τὴν
3144 5538 3503 5610 κατηγορίαν.
3542 5535 3687 5610 Ὅρῶ
3707 5539 3818 5609 γάρ

2140 5618 2298 5674 ἐνίων
2326 5618 2421 5672 καὶ
2448 5617 2543 5673 νῦν
2580 5616 2651 5671 τὰ
2682 5617 2970 5689 πρόσωπα,
3007 5620 3104 5673 καὶ
3154 5616 3487 5689 στοχάζομαι
3513 5619 3613 5687 τῆς
3636 5617 3819 5689 ψυχῆς

2139 5699 2240 5770 τὴν
2274 5698 2633 5761 κατάστασιν,
2671 5697 2768 5753 καὶ
2818 5699 2921 5770 ὅση
2964 5698 3059 5753 νῦν
3097 5699 3281 5761 αὐτοῖς
3314 5699 3348 5768 ἡ
3402 5697 3658 5767 μετάνοια
3702 5699 3820 5751 εἰσ-

2145 5778 2383 5850 έρχεται.
2432 5778 2571 5830 Ἀλλ’
2606 5779 2756 5843 ὅπως
2804 5779 2881 5850 μὴ
2927 5779 3090 5834 πάλιν
3117 5781 3229 5841 τοῖς
3252 5776 3436 5841 αὐτοῖς
3464 5777 3820 5851 περιπέσητε,

2207 5928 2234 5969 ά
2262 5930 2314 5980 1η
2335 5930 2536 5984 Colslin.
2566 5936 2647 5983 καὶ
2669 5936 2866 5985 meum
2893 5935 3055 5985 deest.
