  <div class='ocr_page' id='page_1' title='image "/cluster/home/n/w/nwhite01/storage/ocr_20150623/53:no.4:pt.1/coo.31924054869536/059.png"; bbox 0 0 4144 6448; ppageno 0'>
   <div class='ocr_carea' id='block_1_1' title="bbox 455 373 3744 446">
    <p class='ocr_par' dir='ltr' id='par_1_1' title="bbox 455 373 3744 446">
     <span class='ocr_line' id='line_1_1' title="bbox 455 373 3744 446; baseline -0.002 0"><span class='ocrx_word' id='word_1_1' title='bbox 455 385 528 446; x_wconf 77' lang='lat'><strong>59</strong></span> <span class='ocrx_word' id='word_1_2' title='bbox 1163 382 1219 439; x_wconf 78' lang='grc' dir='ltr'><strong>Β.</strong></span> <span class='ocrx_word' id='word_1_3' title='bbox 1260 379 1538 438; x_wconf 75' lang='lat' dir='ltr'><strong>JOANNIS</strong></span> <span class='ocrx_word' id='word_1_4' title='bbox 1571 373 2046 437; x_wconf 73' lang='lat' dir='ltr'><strong>CllRYSOSTOMl</strong></span> <span class='ocrx_word' id='word_1_5' title='bbox 2085 373 2405 432; x_wconf 76' lang='lat' dir='ltr'><strong>ARClllEP.</strong></span> <span class='ocrx_word' id='word_1_6' title='bbox 2446 376 2982 438; x_wconf 72' lang='lat' dir='ltr'><strong>CONSTANTINOP.</strong></span> <span class='ocrx_word' id='word_1_7' title='bbox 3669 378 3744 440; x_wconf 76' lang='grc' dir='ltr'><strong>ϐο</strong></span> 
     </span>
    </p>
   </div>
   <div class='ocr_carea' id='block_1_2' title="bbox 459 491 2039 568">
    <p class='ocr_par' dir='ltr' id='par_1_2' title="bbox 459 491 2039 568">
     <span class='ocr_line' id='line_1_2' title="bbox 459 491 2039 568; baseline -0.006 -17"><span class='ocrx_word' id='word_1_8' title='bbox 459 510 614 568; x_wconf 99' lang='lat' dir='ltr'><strong>putes</strong></span> <span class='ocrx_word' id='word_1_9' title='bbox 640 500 786 554; x_wconf 88' lang='lat' dir='ltr'><strong>illum</strong></span> <span class='ocrx_word' id='word_1_10' title='bbox 816 496 919 552; x_wconf 92' lang='lat' dir='ltr'><strong>diei</strong></span> <span class='ocrx_word' id='word_1_11' title='bbox 947 504 1241 551; x_wconf 75' lang='lat' dir='ltr'><strong>auctorem.</strong></span> <span class='ocrx_word' id='word_1_12' title='bbox 1271 494 1404 549; x_wconf 84' lang='lat' dir='ltr'><strong>Nam</strong></span> <span class='ocrx_word' id='word_1_13' title='bbox 1432 492 1572 564; x_wconf 90' lang='lat' dir='ltr'><strong>quod</strong></span> <span class='ocrx_word' id='word_1_14' title='bbox 1599 492 1667 549; x_wconf 89' lang='lat' dir='ltr'><strong>de</strong></span> <span class='ocrx_word' id='word_1_15' title='bbox 1688 491 1981 548; x_wconf 80' lang='lat' dir='ltr'><strong>seminibus</strong></span> <span class='ocrx_word' id='word_1_16' title='bbox 2011 503 2039 542; x_wconf 89' lang='lat' dir='ltr'><strong>a</strong></span> 
     </span>
    </p>
   </div>
   <div class='ocr_carea' id='block_1_3' title="bbox 462 581 2047 654">
    <p class='ocr_par' dir='ltr' id='par_1_3' title="bbox 462 581 2047 654">
     <span class='ocr_line' id='line_1_3' title="bbox 462 581 2047 654; baseline -0.007 -11"><span class='ocrx_word' id='word_1_17' title='bbox 462 590 616 644; x_wconf 89' lang='lat' dir='ltr'><strong>nobis</strong></span> <span class='ocrx_word' id='word_1_18' title='bbox 645 589 844 643; x_wconf 82' lang='lat' dir='ltr'><strong>dictum</strong></span> <span class='ocrx_word' id='word_1_19' title='bbox 874 596 979 654; x_wconf 88' lang='lat' dir='ltr'><strong>est,</strong></span> <span class='ocrx_word' id='word_1_20' title='bbox 1007 595 1062 641; x_wconf 91' lang='lat' dir='ltr'><strong>et</strong></span> <span class='ocrx_word' id='word_1_21' title='bbox 1085 587 1153 641; x_wconf 91' lang='lat' dir='ltr'><strong>de</strong></span> <span class='ocrx_word' id='word_1_22' title='bbox 1177 586 1265 641; x_wconf 88' lang='lat' dir='ltr'><strong>die</strong></span> <span class='ocrx_word' id='word_1_23' title='bbox 1294 586 1415 640; x_wconf 90' lang='lat' dir='ltr'><strong>licet</strong></span> <span class='ocrx_word' id='word_1_24' title='bbox 1438 585 1639 649; x_wconf 79' lang='lat' dir='ltr'><strong>dicere,</strong></span> <span class='ocrx_word' id='word_1_25' title='bbox 1663 598 1855 652; x_wconf 90' lang='lat' dir='ltr'><strong>nempe</strong></span> <span class='ocrx_word' id='word_1_26' title='bbox 1886 581 2047 634; x_wconf 58' lang='lat' dir='ltr'><strong>fuissm</strong></span> 
     </span>
    </p>
   </div>
   <div class='ocr_carea' id='block_1_4' title="bbox 462 670 2050 736">
    <p class='ocr_par' dir='ltr' id='par_1_4' title="bbox 462 670 2050 736">
     <span class='ocr_line' id='line_1_4' title="bbox 462 670 2050 736; baseline -0.006 -2"><span class='ocrx_word' id='word_1_27' title='bbox 462 691 571 735; x_wconf 89' lang='lat' dir='ltr'><strong>tres</strong></span> <span class='ocrx_word' id='word_1_28' title='bbox 596 680 711 735; x_wconf 87' lang='lat' dir='ltr'><strong>dies</strong></span> <span class='ocrx_word' id='word_1_29' title='bbox 735 687 861 736; x_wconf 84' lang='lat' dir='ltr'><strong>ante</strong></span> <span class='ocrx_word' id='word_1_30' title='bbox 887 680 1016 734; x_wconf 91' lang='lat' dir='ltr'><strong>solis</strong></span> <span class='ocrx_word' id='word_1_31' title='bbox 1041 675 1436 733; x_wconf 91' lang='lat' dir='ltr'><strong>formationem.</strong></span> <span class='ocrx_word' id='word_1_32' title='bbox 1464 675 1636 729; x_wconf 82' lang='lat' dir='ltr'><strong>Voluit</strong></span> <span class='ocrx_word' id='word_1_33' title='bbox 1665 684 1843 729; x_wconf 88' lang='lat' dir='ltr'><strong>autem</strong></span> <span class='ocrx_word' id='word_1_34' title='bbox 1871 670 2050 726; x_wconf 65' lang='lat' dir='ltr'><strong>mimi-</strong></span> 
     </span>
    </p>
   </div>
   <div class='ocr_carea' id='block_1_5' title="bbox 463 760 2047 840">
    <p class='ocr_par' dir='ltr' id='par_1_5' title="bbox 463 760 2047 840">
     <span class='ocr_line' id='line_1_5' title="bbox 463 760 2047 840; baseline -0.006 -15"><span class='ocrx_word' id='word_1_35' title='bbox 463 787 563 825; x_wconf 88' lang='lat' dir='ltr'><strong>nus</strong></span> <span class='ocrx_word' id='word_1_36' title='bbox 588 779 642 824; x_wconf 85' lang='lat' dir='ltr'><strong>et</strong></span> <span class='ocrx_word' id='word_1_37' title='bbox 668 785 763 840; x_wconf 83' lang='lat' dir='ltr'><strong>per</strong></span> <span class='ocrx_word' id='word_1_38' title='bbox 793 770 893 826; x_wconf 91' lang='lat' dir='ltr'><strong>hoc</strong></span> <span class='ocrx_word' id='word_1_39' title='bbox 921 770 1245 826; x_wconf 79' lang='lat' dir='ltr'><strong>elementum</strong></span> <span class='ocrx_word' id='word_1_40' title='bbox 1275 768 1557 823; x_wconf 88' lang='lat' dir='ltr'><strong>clariorem</strong></span> <span class='ocrx_word' id='word_1_41' title='bbox 1582 765 1688 821; x_wconf 90' lang='lat' dir='ltr'><strong>diei</strong></span> <span class='ocrx_word' id='word_1_42' title='bbox 1717 766 1890 818; x_wconf 85' lang='lat' dir='ltr'><strong>lucem</strong></span> <span class='ocrx_word' id='word_1_43' title='bbox 1920 760 2047 816; x_wconf 89' lang='lat' dir='ltr'><strong>red-</strong></span> 
     </span>
    </p>
   </div>
   <div class='ocr_carea' id='block_1_6' title="bbox 462 854 2049 931">
    <p class='ocr_par' dir='ltr' id='par_1_6' title="bbox 462 854 2049 931">
     <span class='ocr_line' id='line_1_6' title="bbox 462 854 2049 931; baseline -0.004 -16"><span class='ocrx_word' id='word_1_44' title='bbox 462 861 590 916; x_wconf 73' lang='lat' dir='ltr'><strong>dere</strong></span> <span class='ocrx_word' id='word_1_45' title='bbox 614 879 627 914; x_wconf 90' lang='lat'><strong>:</strong></span> <span class='ocrx_word' id='word_1_46' title='bbox 649 861 700 915; x_wconf 88' lang='lat' dir='ltr'><strong>id</strong></span> <span class='ocrx_word' id='word_1_47' title='bbox 726 860 866 931; x_wconf 91' lang='lat' dir='ltr'><strong>quod</strong></span> <span class='ocrx_word' id='word_1_48' title='bbox 890 870 945 916; x_wconf 90' lang='lat' dir='ltr'><strong>et</strong></span> <span class='ocrx_word' id='word_1_49' title='bbox 972 860 1040 923; x_wconf 79' lang='lat' dir='ltr'><strong>de</strong></span> <span class='ocrx_word' id='word_1_50' title='bbox 1064 860 1256 916; x_wconf 90' lang='lat' dir='ltr'><strong>minori</strong></span> <span class='ocrx_word' id='word_1_51' title='bbox 1284 858 1554 923; x_wconf 88' lang='lat' dir='ltr'><strong>luminari,</strong></span> <span class='ocrx_word' id='word_1_52' title='bbox 1580 858 1679 912; x_wconf 90' lang='lat' dir='ltr'><strong>hoc</strong></span> <span class='ocrx_word' id='word_1_53' title='bbox 1705 857 1805 919; x_wconf 72' lang='lat' dir='ltr'><strong>est,</strong></span> <span class='ocrx_word' id='word_1_54' title='bbox 1834 854 1903 909; x_wconf 92' lang='lat' dir='ltr'><strong>de</strong></span> <span class='ocrx_word' id='word_1_55' title='bbox 1930 855 2049 908; x_wconf 88' lang='lat' dir='ltr'><strong>luna</strong></span> 
     </span>
    </p>
   </div>
   <div class='ocr_carea' id='block_1_7' title="bbox 465 945 2053 1015">
    <p class='ocr_par' dir='ltr' id='par_1_7' title="bbox 465 945 2053 1015">
     <span class='ocr_line' id='line_1_7' title="bbox 465 945 2053 1015; baseline -0.003 -10"><span class='ocrx_word' id='word_1_56' title='bbox 465 955 804 1009; x_wconf 79' lang='lat' dir='ltr'><strong>dixerimus:</strong></span> <span class='ocrx_word' id='word_1_57' title='bbox 839 951 992 1009; x_wconf 82' lang='lat' dir='ltr'><strong>facta:</strong></span> <span class='ocrx_word' id='word_1_58' title='bbox 1043 954 1184 1008; x_wconf 89' lang='lat' dir='ltr'><strong>enim</strong></span> <span class='ocrx_word' id='word_1_59' title='bbox 1227 961 1353 1008; x_wconf 91' lang='lat' dir='ltr'><strong>sunt</strong></span> <span class='ocrx_word' id='word_1_60' title='bbox 1397 961 1507 1006; x_wconf 62' lang='lat' dir='ltr'><strong>tres</strong></span> <span class='ocrx_word' id='word_1_61' title='bbox 1545 957 1728 1005; x_wconf 86' lang='lat' dir='ltr'><strong>noctes</strong></span> <span class='ocrx_word' id='word_1_62' title='bbox 1770 956 1893 1001; x_wconf 91' lang='lat' dir='ltr'><strong>ante</strong></span> <span class='ocrx_word' id='word_1_63' title='bbox 1937 945 2053 1015; x_wconf 87' lang='lat' dir='ltr'><strong>ejus</strong></span> 
     </span>
    </p>
   </div>
   <div class='ocr_carea' id='block_1_8' title="bbox 467 1035 2055 1111">
    <p class='ocr_par' dir='ltr' id='par_1_8' title="bbox 467 1035 2055 1111">
     <span class='ocr_line' id='line_1_8' title="bbox 467 1035 2055 1111; baseline -0.005 -15"><span class='ocrx_word' id='word_1_64' title='bbox 467 1043 862 1099; x_wconf 76' lang='lat' dir='ltr'><strong>formationem.</strong></span> <span class='ocrx_word' id='word_1_65' title='bbox 904 1046 1154 1099; x_wconf 83' lang='lat' dir='ltr'><strong>Attamen</strong></span> <span class='ocrx_word' id='word_1_66' title='bbox 1196 1053 1249 1098; x_wconf 91' lang='lat' dir='ltr'><strong>et</strong></span> <span class='ocrx_word' id='word_1_67' title='bbox 1291 1042 1407 1097; x_wconf 70' lang='lat' dir='ltr'><strong>haec</strong></span> <span class='ocrx_word' id='word_1_68' title='bbox 1446 1039 1695 1111; x_wconf 86' lang='lat' dir='ltr'><strong>producta</strong></span> <span class='ocrx_word' id='word_1_69' title='bbox 1723 1051 1873 1093; x_wconf 91' lang='lat' dir='ltr'><strong>suam</strong></span> <span class='ocrx_word' id='word_1_70' title='bbox 1901 1035 2055 1089; x_wconf 78' lang='lat' dir='ltr'><strong>affert</strong></span> 
     </span>
    </p>
   </div>
   <div class='ocr_carea' id='block_1_9' title="bbox 469 1128 2053 1206">
    <p class='ocr_par' dir='ltr' id='par_1_9' title="bbox 469 1128 2053 1206">
     <span class='ocr_line' id='line_1_9' title="bbox 469 1128 2053 1206; baseline -0.007 -17"><span class='ocrx_word' id='word_1_71' title='bbox 469 1136 752 1191; x_wconf 81' lang='lat' dir='ltr'><strong>utilitatem</strong></span> <span class='ocrx_word' id='word_1_72' title='bbox 785 1138 1043 1206; x_wconf 89' lang='lat' dir='ltr'><strong>:dissipat</strong></span> <span class='ocrx_word' id='word_1_73' title='bbox 1080 1135 1221 1191; x_wconf 91' lang='lat' dir='ltr'><strong>enim</strong></span> <span class='ocrx_word' id='word_1_74' title='bbox 1262 1134 1432 1188; x_wconf 87' lang='lat' dir='ltr'><strong>noctis</strong></span> <span class='ocrx_word' id='word_1_75' title='bbox 1473 1131 1741 1196; x_wconf 86' lang='lat' dir='ltr'><strong>tenebras,</strong></span> <span class='ocrx_word' id='word_1_76' title='bbox 1765 1137 1822 1183; x_wconf 80' lang='lat' dir='ltr'><strong>et</strong></span> <span class='ocrx_word' id='word_1_77' title='bbox 1852 1128 2053 1189; x_wconf 85' lang='lat' dir='ltr'><strong>ferme,</strong></span> 
     </span>
    </p>
   </div>
   <div class='ocr_carea' id='block_1_10' title="bbox 468 1218 2054 1295">
    <p class='ocr_par' dir='ltr' id='par_1_10' title="bbox 468 1218 2054 1295">
     <span class='ocr_line' id='line_1_10' title="bbox 468 1218 2054 1295; baseline -0.007 -14"><span class='ocrx_word' id='word_1_78' title='bbox 468 1237 528 1281; x_wconf 88' lang='lat' dir='ltr'><strong>ut</strong></span> <span class='ocrx_word' id='word_1_79' title='bbox 556 1228 623 1281; x_wconf 88' lang='lat' dir='ltr'><strong>ita</strong></span> <span class='ocrx_word' id='word_1_80' title='bbox 653 1228 847 1295; x_wconf 86' lang='lat' dir='ltr'><strong>dicam,</strong></span> <span class='ocrx_word' id='word_1_81' title='bbox 875 1226 1060 1281; x_wconf 90' lang='lat' dir='ltr'><strong>eadem</strong></span> <span class='ocrx_word' id='word_1_82' title='bbox 1084 1226 1295 1295; x_wconf 74' lang='lat' dir='ltr'><strong>qua-sol</strong></span> <span class='ocrx_word' id='word_1_83' title='bbox 1314 1225 1426 1294; x_wconf 90' lang='lat' dir='ltr'><strong>ipse</strong></span> <span class='ocrx_word' id='word_1_84' title='bbox 1446 1222 1565 1277; x_wconf 80' lang='lat' dir='ltr'><strong>facit</strong></span> <span class='ocrx_word' id='word_1_85' title='bbox 1587 1236 1711 1292; x_wconf 90' lang='lat' dir='ltr'><strong>erga</strong></span> <span class='ocrx_word' id='word_1_86' title='bbox 1733 1221 1833 1273; x_wconf 90' lang='lat' dir='ltr'><strong>alia</strong></span> <span class='ocrx_word' id='word_1_87' title='bbox 1855 1218 2054 1273; x_wconf 90' lang='lat' dir='ltr'><strong>omnia.</strong></span> 
     </span>
    </p>
   </div>
   <div class='ocr_carea' id='block_1_11' title="bbox 473 1307 2056 1383">
    <p class='ocr_par' dir='ltr' id='par_1_11' title="bbox 473 1307 2056 1383">
     <span class='ocr_line' id='line_1_11' title="bbox 473 1307 2056 1383; baseline -0.007 -12"><span class='ocrx_word' id='word_1_88' title='bbox 473 1318 566 1371; x_wconf 87' lang='lat' dir='ltr'><strong>Sol</strong></span> <span class='ocrx_word' id='word_1_89' title='bbox 595 1317 735 1371; x_wconf 87' lang='lat' dir='ltr'><strong>enim</strong></span> <span class='ocrx_word' id='word_1_90' title='bbox 763 1316 1039 1371; x_wconf 88' lang='lat' dir='ltr'><strong>ordinatus</strong></span> <span class='ocrx_word' id='word_1_91' title='bbox 1063 1324 1146 1369; x_wconf 90' lang='lat' dir='ltr'><strong>est</strong></span> <span class='ocrx_word' id='word_1_92' title='bbox 1170 1314 1237 1369; x_wconf 91' lang='lat' dir='ltr'><strong>ad</strong></span> <span class='ocrx_word' id='word_1_93' title='bbox 1267 1313 1369 1369; x_wconf 89' lang='lat' dir='ltr'><strong>hoc</strong></span> <span class='ocrx_word' id='word_1_94' title='bbox 1403 1311 1472 1367; x_wconf 97' lang='lat' dir='ltr'><strong>Ut</strong></span> <span class='ocrx_word' id='word_1_95' title='bbox 1497 1320 1734 1383; x_wconf 77' lang='lat' dir='ltr'><strong>prwesset</strong></span> <span class='ocrx_word' id='word_1_96' title='bbox 1762 1308 1863 1363; x_wconf 82' lang='lat' dir='ltr'><strong>diei</strong></span> <span class='ocrx_word' id='word_1_97' title='bbox 1886 1350 1900 1374; x_wconf 95' lang='lat'><strong>,</strong></span> <span class='ocrx_word' id='word_1_98' title='bbox 1934 1307 2056 1361; x_wconf 87' lang='lat' dir='ltr'><strong>luna</strong></span> 
     </span>
    </p>
   </div>
   <div class='ocr_carea' id='block_1_12' title="bbox 473 1399 2062 1477">
    <p class='ocr_par' dir='ltr' id='par_1_12' title="bbox 473 1399 2062 1477">
     <span class='ocr_line' id='line_1_12' title="bbox 473 1399 2062 1477; baseline -0.007 -17"><span class='ocrx_word' id='word_1_99' title='bbox 473 1415 676 1472; x_wconf 88' lang='lat' dir='ltr'><strong>autem,</strong></span> <span class='ocrx_word' id='word_1_100' title='bbox 707 1406 774 1461; x_wconf 90' lang='lat' dir='ltr'><strong>Ut</strong></span> <span class='ocrx_word' id='word_1_101' title='bbox 795 1414 1026 1477; x_wconf 65' lang='lat' dir='ltr'><strong>pratesset</strong></span> <span class='ocrx_word' id='word_1_102' title='bbox 1047 1405 1201 1459; x_wconf 87' lang='lat' dir='ltr'><strong>nocti.</strong></span> <span class='ocrx_word' id='word_1_103' title='bbox 1230 1404 1365 1472; x_wconf 83' lang='lat' dir='ltr'><strong>Quid</strong></span> <span class='ocrx_word' id='word_1_104' title='bbox 1395 1411 1480 1459; x_wconf 88' lang='lat' dir='ltr'><strong>est</strong></span> <span class='ocrx_word' id='word_1_105' title='bbox 1508 1400 1576 1457; x_wconf 94' lang='lat' dir='ltr'><strong>Ut</strong></span> <span class='ocrx_word' id='word_1_106' title='bbox 1603 1409 1834 1473; x_wconf 70' lang='lat' dir='ltr'><strong>prmesset</strong></span> <span class='ocrx_word' id='word_1_107' title='bbox 1858 1399 1975 1461; x_wconf 83' lang='lat' dir='ltr'><strong>diei,</strong></span> <span class='ocrx_word' id='word_1_108' title='bbox 2006 1404 2062 1450; x_wconf 85' lang='lat' dir='ltr'><strong>et</strong></span> 
     </span>
    </p>
   </div>
   <div class='ocr_carea' id='block_1_13' title="bbox 474 1489 2061 1566">
    <p class='ocr_par' dir='ltr' id='par_1_13' title="bbox 474 1489 2061 1566">
     <span class='ocr_line' id='line_1_13' title="bbox 474 1489 2061 1566; baseline -0.004 -15"><span class='ocrx_word' id='word_1_109' title='bbox 474 1495 542 1551; x_wconf 86' lang='lat' dir='ltr'><strong>Ut</strong></span> <span class='ocrx_word' id='word_1_110' title='bbox 591 1504 822 1566; x_wconf 69' lang='lat' dir='ltr'><strong>prmesset</strong></span> <span class='ocrx_word' id='word_1_111' title='bbox 861 1497 1038 1550; x_wconf 81' lang='lat' dir='ltr'><strong>nocti?</strong></span> <span class='ocrx_word' id='word_1_112' title='bbox 1080 1495 1437 1559; x_wconf 87' lang='lat' dir='ltr'><strong>Potestatem,</strong></span> <span class='ocrx_word' id='word_1_113' title='bbox 1473 1493 1639 1563; x_wconf 88' lang='lat' dir='ltr'><strong>inquit</strong></span> <span class='ocrx_word' id='word_1_114' title='bbox 1662 1534 1678 1560; x_wconf 94' lang='lat'><strong>,</strong></span> <span class='ocrx_word' id='word_1_115' title='bbox 1708 1491 1940 1560; x_wconf 87' lang='lat' dir='ltr'><strong>accepit,</strong></span> <span class='ocrx_word' id='word_1_116' title='bbox 1972 1489 2061 1544; x_wconf 89' lang='lat' dir='ltr'><strong>ille</strong></span> 
     </span>
    </p>
   </div>
   <div class='ocr_carea' id='block_1_14' title="bbox 471 1577 2062 1653">
    <p class='ocr_par' dir='ltr' id='par_1_14' title="bbox 471 1577 2062 1653">
     <span class='ocr_line' id='line_1_14' title="bbox 471 1577 2062 1653; baseline -0.004 -14"><span class='ocrx_word' id='word_1_117' title='bbox 471 1585 684 1653; x_wconf 77' lang='lat' dir='ltr'><strong>quidem</strong></span> <span class='ocrx_word' id='word_1_118' title='bbox 714 1584 841 1649; x_wconf 87' lang='lat' dir='ltr'><strong>diei,</strong></span> <span class='ocrx_word' id='word_1_119' title='bbox 871 1584 985 1638; x_wconf 59' lang='lat' dir='ltr'><strong>haec</strong></span> <span class='ocrx_word' id='word_1_120' title='bbox 1011 1598 1140 1638; x_wconf 88' lang='lat' dir='ltr'><strong>vero</strong></span> <span class='ocrx_word' id='word_1_121' title='bbox 1164 1583 1336 1638; x_wconf 90' lang='lat' dir='ltr'><strong>noctis</strong></span> <span class='ocrx_word' id='word_1_122' title='bbox 1356 1623 1371 1648; x_wconf 94' lang='lat'><strong>,</strong></span> <span class='ocrx_word' id='word_1_123' title='bbox 1403 1591 1462 1637; x_wconf 91' lang='lat' dir='ltr'><strong>ut</strong></span> <span class='ocrx_word' id='word_1_124' title='bbox 1486 1582 1564 1636; x_wconf 90' lang='lat' dir='ltr'><strong>sol</strong></span> <span class='ocrx_word' id='word_1_125' title='bbox 1592 1581 1733 1635; x_wconf 76' lang='lat' dir='ltr'><strong>diem</strong></span> <span class='ocrx_word' id='word_1_126' title='bbox 1763 1581 1875 1634; x_wconf 92' lang='lat' dir='ltr'><strong>suis</strong></span> <span class='ocrx_word' id='word_1_127' title='bbox 1902 1577 2062 1633; x_wconf 89' lang='lat' dir='ltr'><strong>radiis</strong></span> 
     </span>
    </p>
   </div>
   <div class='ocr_carea' id='block_1_15' title="bbox 474 1672 2065 1745">
    <p class='ocr_par' dir='ltr' id='par_1_15' title="bbox 474 1672 2065 1745">
     <span class='ocr_line' id='line_1_15' title="bbox 474 1672 2065 1745; baseline -0.003 -15"><span class='ocrx_word' id='word_1_128' title='bbox 474 1676 756 1731; x_wconf 89' lang='lat' dir='ltr'><strong>clariorem</strong></span> <span class='ocrx_word' id='word_1_129' title='bbox 779 1676 1003 1741; x_wconf 81' lang='lat' dir='ltr'><strong>reddat;</strong></span> <span class='ocrx_word' id='word_1_130' title='bbox 1033 1676 1157 1730; x_wconf 90' lang='lat' dir='ltr'><strong>luna</strong></span> <span class='ocrx_word' id='word_1_131' title='bbox 1180 1684 1359 1731; x_wconf 87' lang='lat' dir='ltr'><strong>autem</strong></span> <span class='ocrx_word' id='word_1_132' title='bbox 1390 1683 1446 1729; x_wconf 93' lang='lat' dir='ltr'><strong>ut</strong></span> <span class='ocrx_word' id='word_1_133' title='bbox 1471 1673 1714 1745; x_wconf 89' lang='lat' dir='ltr'><strong>dispellat</strong></span> <span class='ocrx_word' id='word_1_134' title='bbox 1745 1672 1990 1728; x_wconf 84' lang='lat' dir='ltr'><strong>tenebras</strong></span> <span class='ocrx_word' id='word_1_135' title='bbox 2008 1682 2065 1726; x_wconf 92' lang='lat' dir='ltr'><strong>et</strong></span> 
     </span>
    </p>
   </div>
   <div class='ocr_carea' id='block_1_16' title="bbox 478 1762 2065 1838">
    <p class='ocr_par' dir='ltr' id='par_1_16' title="bbox 478 1762 2065 1838">
     <span class='ocr_line' id='line_1_16' title="bbox 478 1762 2065 1838; baseline -0.004 -16"><span class='ocrx_word' id='word_1_136' title='bbox 478 1767 752 1822; x_wconf 87' lang='lat' dir='ltr'><strong>hominum</strong></span> <span class='ocrx_word' id='word_1_137' title='bbox 783 1767 964 1838; x_wconf 81' lang='lat' dir='ltr'><strong>generi</strong></span> <span class='ocrx_word' id='word_1_138' title='bbox 994 1768 1191 1822; x_wconf 86' lang='lat' dir='ltr'><strong>lumine</strong></span> <span class='ocrx_word' id='word_1_139' title='bbox 1224 1781 1321 1821; x_wconf 90' lang='lat' dir='ltr'><strong>suo</strong></span> <span class='ocrx_word' id='word_1_140' title='bbox 1351 1765 1653 1821; x_wconf 82' lang='lat' dir='ltr'><strong>facultatem</strong></span> <span class='ocrx_word' id='word_1_141' title='bbox 1683 1763 1920 1834; x_wconf 66' lang='lat' dir='ltr'><strong>praebeat</strong></span> <span class='ocrx_word' id='word_1_142' title='bbox 1953 1762 2065 1816; x_wconf 91' lang='lat' dir='ltr'><strong>suis</strong></span> 
     </span>
    </p>
   </div>
   <div class='ocr_carea' id='block_1_17' title="bbox 480 1852 2061 1929">
    <p class='ocr_par' dir='ltr' id='par_1_17' title="bbox 480 1852 2061 1929">
     <span class='ocr_line' id='line_1_17' title="bbox 480 1852 2061 1929; baseline -0.004 -18"><span class='ocrx_word' id='word_1_143' title='bbox 480 1858 705 1929; x_wconf 76' lang='lat' dir='ltr'><strong>negotiis</strong></span> <span class='ocrx_word' id='word_1_144' title='bbox 722 1858 962 1912; x_wconf 87' lang='lat' dir='ltr'><strong>vacandi.</strong></span> <span class='ocrx_word' id='word_1_145' title='bbox 994 1857 1143 1912; x_wconf 88' lang='lat' dir='ltr'><strong>Tunc</strong></span> <span class='ocrx_word' id='word_1_146' title='bbox 1169 1858 1310 1912; x_wconf 91' lang='lat' dir='ltr'><strong>enim</strong></span> <span class='ocrx_word' id='word_1_147' title='bbox 1330 1858 1500 1910; x_wconf 84' lang='lat' dir='ltr'><strong>viator</strong></span> <span class='ocrx_word' id='word_1_148' title='bbox 1520 1855 1765 1910; x_wconf 75' lang='lat' dir='ltr'><strong>fidentius</strong></span> <span class='ocrx_word' id='word_1_149' title='bbox 1788 1855 1890 1908; x_wconf 84' lang='lat' dir='ltr'><strong>iter</strong></span> <span class='ocrx_word' id='word_1_150' title='bbox 1918 1852 2061 1916; x_wconf 88' lang='lat' dir='ltr'><strong>facit,</strong></span> 
     </span>
    </p>
   </div>
   <div class='ocr_carea' id='block_1_18' title="bbox 477 1945 2068 2018">
    <p class='ocr_par' dir='ltr' id='par_1_18' title="bbox 477 1945 2068 2018">
     <span class='ocr_line' id='line_1_18' title="bbox 477 1945 2068 2018; baseline -0.001 -18"><span class='ocrx_word' id='word_1_151' title='bbox 477 1958 533 2001; x_wconf 88' lang='lat' dir='ltr'><strong>et</strong></span> <span class='ocrx_word' id='word_1_152' title='bbox 576 1957 735 2001; x_wconf 85' lang='lat' dir='ltr'><strong>nauta</strong></span> <span class='ocrx_word' id='word_1_153' title='bbox 778 1949 953 2002; x_wconf 82' lang='lat' dir='ltr'><strong>navim</strong></span> <span class='ocrx_word' id='word_1_154' title='bbox 981 1949 1135 2018; x_wconf 90' lang='lat' dir='ltr'><strong>regit,</strong></span> <span class='ocrx_word' id='word_1_155' title='bbox 1160 1956 1214 2002; x_wconf 91' lang='lat' dir='ltr'><strong>et</strong></span> <span class='ocrx_word' id='word_1_156' title='bbox 1239 1947 1405 2002; x_wconf 90' lang='lat' dir='ltr'><strong>maria</strong></span> <span class='ocrx_word' id='word_1_157' title='bbox 1434 1945 1648 2015; x_wconf 85' lang='lat' dir='ltr'><strong>trajicit,</strong></span> <span class='ocrx_word' id='word_1_158' title='bbox 1672 1954 1726 2001; x_wconf 90' lang='lat' dir='ltr'><strong>et</strong></span> <span class='ocrx_word' id='word_1_159' title='bbox 1750 1959 1846 1999; x_wconf 88' lang='lat' dir='ltr'><strong>sua</strong></span> <span class='ocrx_word' id='word_1_160' title='bbox 1874 1945 2068 2014; x_wconf 88' lang='lat' dir='ltr'><strong>cuique</strong></span> 
     </span>
    </p>
   </div>
   <div class='ocr_carea' id='block_1_19' title="bbox 480 2036 2063 2109">
    <p class='ocr_par' dir='ltr' id='par_1_19' title="bbox 480 2036 2063 2109">
     <span class='ocr_line' id='line_1_19' title="bbox 480 2036 2063 2109; baseline 0 -18"><span class='ocrx_word' id='word_1_161' title='bbox 480 2036 678 2103; x_wconf 88' lang='lat' dir='ltr'><strong>studia,</strong></span> <span class='ocrx_word' id='word_1_162' title='bbox 700 2052 929 2109; x_wconf 91' lang='lat' dir='ltr'><strong>suasque</strong></span> <span class='ocrx_word' id='word_1_163' title='bbox 957 2048 1102 2093; x_wconf 87' lang='lat' dir='ltr'><strong>artes</strong></span> <span class='ocrx_word' id='word_1_164' title='bbox 1138 2047 1282 2093; x_wconf 87' lang='lat' dir='ltr'><strong>metu</strong></span> <span class='ocrx_word' id='word_1_165' title='bbox 1325 2038 1498 2108; x_wconf 90' lang='lat' dir='ltr'><strong>posito</strong></span> <span class='ocrx_word' id='word_1_166' title='bbox 1533 2038 1928 2108; x_wconf 85' lang='lat' dir='ltr'><strong>aggrediuntur.</strong></span> <span class='ocrx_word' id='word_1_167' title='bbox 1962 2037 2063 2092; x_wconf 90' lang='lat' dir='ltr'><strong>De-</strong></span> 
     </span>
    </p>
   </div>
   <div class='ocr_carea' id='block_1_20' title="bbox 479 2128 2070 2200">
    <p class='ocr_par' dir='ltr' id='par_1_20' title="bbox 479 2128 2070 2200">
     <span class='ocr_line' id='line_1_20' title="bbox 479 2128 2070 2200; baseline 0.002 -20"><span class='ocrx_word' id='word_1_168' title='bbox 479 2128 605 2184; x_wconf 90' lang='lat' dir='ltr'><strong>inde</strong></span> <span class='ocrx_word' id='word_1_169' title='bbox 646 2138 925 2200; x_wconf 79' lang='lat' dir='ltr'><strong>postquam</strong></span> <span class='ocrx_word' id='word_1_170' title='bbox 956 2145 1055 2184; x_wconf 92' lang='lat' dir='ltr'><strong>nos</strong></span> <span class='ocrx_word' id='word_1_171' title='bbox 1086 2129 1262 2185; x_wconf 90' lang='lat' dir='ltr'><strong>docuit</strong></span> <span class='ocrx_word' id='word_1_172' title='bbox 1295 2130 1517 2185; x_wconf 90' lang='lat' dir='ltr'><strong>istorum</strong></span> <span class='ocrx_word' id='word_1_173' title='bbox 1556 2129 1894 2184; x_wconf 88' lang='lat' dir='ltr'><strong>luminarium</strong></span> <span class='ocrx_word' id='word_1_174' title='bbox 1927 2129 2070 2183; x_wconf 83' lang='lat' dir='ltr'><strong>utili-</strong></span> 
     </span>
    </p>
   </div>
   <div class='ocr_carea' id='block_1_21' title="bbox 479 2218 2068 2290">
    <p class='ocr_par' dir='ltr' id='par_1_21' title="bbox 479 2218 2068 2290">
     <span class='ocr_line' id='line_1_21' title="bbox 479 2218 2068 2290; baseline 0 -17"><span class='ocrx_word' id='word_1_175' title='bbox 479 2229 667 2285; x_wconf 86' lang='lat' dir='ltr'><strong>tatem,</strong></span> <span class='ocrx_word' id='word_1_176' title='bbox 695 2220 866 2290; x_wconf 88' lang='lat' dir='ltr'><strong>inquit</strong></span> <span class='ocrx_word' id='word_1_177' title='bbox 894 2238 907 2275; x_wconf 93' lang='lat'><strong>:</strong></span> <span class='ocrx_word' id='word_1_178' title='bbox 942 2222 1027 2274; x_wconf 80' lang='lat' dir='ltr'><strong>l7.</strong></span> <span class='ocrx_word' id='word_1_179' title='bbox 1062 2218 1129 2273; x_wconf 82' lang='lat' dir='ltr'><strong>Et</strong></span> <span class='ocrx_word' id='word_1_180' title='bbox 1155 2221 1344 2275; x_wconf 89' lang='lat' dir='ltr'><strong>stellas.</strong></span> <span class='ocrx_word' id='word_1_181' title='bbox 1389 2219 1454 2273; x_wconf 80' lang='lat' dir='ltr'><strong>Et</strong></span> <span class='ocrx_word' id='word_1_182' title='bbox 1484 2221 1649 2290; x_wconf 86' lang='lat' dir='ltr'><strong>posuit</strong></span> <span class='ocrx_word' id='word_1_183' title='bbox 1685 2219 1825 2274; x_wconf 84' lang='lat' dir='ltr'><strong>Deus</strong></span> <span class='ocrx_word' id='word_1_184' title='bbox 1862 2220 1981 2274; x_wconf 82' lang='lat' dir='ltr'><strong>illus</strong></span> <span class='ocrx_word' id='word_1_185' title='bbox 2015 2220 2068 2273; x_wconf 88' lang='lat' dir='ltr'><strong>in</strong></span> 
     </span>
    </p>
   </div>
   <div class='ocr_carea' id='block_1_22' title="bbox 481 2312 2070 2383">
    <p class='ocr_par' dir='ltr' id='par_1_22' title="bbox 481 2312 2070 2383">
     <span class='ocr_line' id='line_1_22' title="bbox 481 2312 2070 2383; baseline 0.002 -20"><span class='ocrx_word' id='word_1_186' title='bbox 481 2312 799 2379; x_wconf 79' lang='lat' dir='ltr'><strong>ﬁrmamento</strong></span> <span class='ocrx_word' id='word_1_187' title='bbox 839 2313 951 2365; x_wconf 72' lang='grc' dir='ltr'><strong>ειειὶ</strong></span> <span class='ocrx_word' id='word_1_188' title='bbox 970 2350 985 2377; x_wconf 90' lang='grc'><strong><em>,</em></strong></span> <span class='ocrx_word' id='word_1_189' title='bbox 1023 2312 1094 2364; x_wconf 90' lang='lat' dir='ltr'><strong>ita</strong></span> <span class='ocrx_word' id='word_1_190' title='bbox 1136 2323 1189 2366; x_wconf 87' lang='lat' dir='ltr'><strong>ut</strong></span> <span class='ocrx_word' id='word_1_191' title='bbox 1237 2313 1437 2365; x_wconf 81' lang='lat' dir='ltr'><strong>luceant</strong></span> <span class='ocrx_word' id='word_1_192' title='bbox 1477 2329 1628 2383; x_wconf 81' lang='lat' dir='ltr'><strong>super</strong></span> <span class='ocrx_word' id='word_1_193' title='bbox 1669 2322 1871 2377; x_wconf 87' lang='lat' dir='ltr'><strong>terram,</strong></span> <span class='ocrx_word' id='word_1_194' title='bbox 1904 2312 1992 2377; x_wconf 63' lang='lat' dir='ltr'><strong>l8,</strong></span> <span class='ocrx_word' id='word_1_195' title='bbox 2024 2322 2070 2366; x_wconf 89' lang='lat' dir='ltr'><strong>et</strong></span> 
     </span>
    </p>
   </div>
   <div class='ocr_carea' id='block_1_23' title="bbox 480 2402 2068 2473">
    <p class='ocr_par' dir='ltr' id='par_1_23' title="bbox 480 2402 2068 2473">
     <span class='ocr_line' id='line_1_23' title="bbox 480 2402 2068 2473; baseline 0.001 -18"><span class='ocrx_word' id='word_1_196' title='bbox 480 2403 687 2472; x_wconf 81' lang='lat' dir='ltr'><strong>prtesint</strong></span> <span class='ocrx_word' id='word_1_197' title='bbox 708 2402 807 2456; x_wconf 85' lang='lat' dir='ltr'><strong>diei</strong></span> <span class='ocrx_word' id='word_1_198' title='bbox 830 2418 891 2455; x_wconf 88' lang='lat' dir='ltr'><strong>ac</strong></span> <span class='ocrx_word' id='word_1_199' title='bbox 910 2402 1062 2467; x_wconf 78' lang='lat' dir='ltr'><strong>nocti,</strong></span> <span class='ocrx_word' id='word_1_200' title='bbox 1083 2414 1129 2455; x_wconf 89' lang='lat' dir='ltr'><strong>et</strong></span> <span class='ocrx_word' id='word_1_201' title='bbox 1153 2414 1382 2473; x_wconf 84' lang='lat' dir='ltr'><strong>separent</strong></span> <span class='ocrx_word' id='word_1_202' title='bbox 1407 2402 1536 2456; x_wconf 87' lang='lat' dir='ltr'><strong>inter</strong></span> <span class='ocrx_word' id='word_1_203' title='bbox 1559 2404 1724 2456; x_wconf 82' lang='lat' dir='ltr'><strong>lucem</strong></span> <span class='ocrx_word' id='word_1_204' title='bbox 1752 2412 1800 2456; x_wconf 90' lang='lat' dir='ltr'><strong>et</strong></span> <span class='ocrx_word' id='word_1_205' title='bbox 1820 2402 2068 2457; x_wconf 82' lang='lat' dir='ltr'><strong>tenebras.</strong></span> 
     </span>
    </p>
   </div>
   <div class='ocr_carea' id='block_1_24' title="bbox 553 2480 2075 2565">
    <p class='ocr_par' dir='ltr' id='par_1_24' title="bbox 553 2480 2075 2565">
     <span class='ocr_line' id='line_1_24' title="bbox 553 2480 2075 2565; baseline -0.001 -17"><span class='ocrx_word' id='word_1_206' title='bbox 553 2480 607 2548; x_wconf 81' lang='lat'><strong>5.</strong></span> <span class='ocrx_word' id='word_1_207' title='bbox 644 2492 977 2548; x_wconf 80' lang='lat' dir='ltr'><strong>Pulcltritudo</strong></span> <span class='ocrx_word' id='word_1_208' title='bbox 1006 2504 1054 2548; x_wconf 90' lang='lat' dir='ltr'><strong>et</strong></span> <span class='ocrx_word' id='word_1_209' title='bbox 1079 2494 1270 2548; x_wconf 79' lang='lat' dir='ltr'><strong>utilitas</strong></span> <span class='ocrx_word' id='word_1_210' title='bbox 1288 2495 1401 2548; x_wconf 75' lang='grc' dir='ltr'><strong>ειειί</strong></span> <span class='ocrx_word' id='word_1_211' title='bbox 1415 2511 1438 2559; x_wconf 85' lang='grc'><strong><em>;</em></strong></span> <span class='ocrx_word' id='word_1_212' title='bbox 1474 2494 1645 2548; x_wconf 83' lang='lat' dir='ltr'><strong>omnia</strong></span> <span class='ocrx_word' id='word_1_213' title='bbox 1679 2502 1882 2565; x_wconf 78' lang='lat' dir='ltr'><strong>propter</strong></span> <span class='ocrx_word' id='word_1_214' title='bbox 1911 2494 2075 2547; x_wconf 80' lang='lat' dir='ltr'><strong>homi-</strong></span> 
     </span>
    </p>
   </div>
   <div class='ocr_carea' id='block_1_25' title="bbox 482 2582 2074 2655">
    <p class='ocr_par' dir='ltr' id='par_1_25' title="bbox 482 2582 2074 2655">
     <span class='ocr_line' id='line_1_25' title="bbox 482 2582 2074 2655; baseline -0.001 -18"><span class='ocrx_word' id='word_1_215' title='bbox 482 2600 595 2638; x_wconf 80' lang='lat' dir='ltr'><strong>nem</strong></span> <span class='ocrx_word' id='word_1_216' title='bbox 619 2592 787 2638; x_wconf 82' lang='lat' dir='ltr'><strong>creata</strong></span> <span class='ocrx_word' id='word_1_217' title='bbox 809 2593 1036 2637; x_wconf 87' lang='lat' dir='ltr'><strong>sunt.—</strong></span> <span class='ocrx_word' id='word_1_218' title='bbox 1063 2583 1438 2639; x_wconf 81' lang='lat' dir='ltr'><strong>Animadverte</strong></span> <span class='ocrx_word' id='word_1_219' title='bbox 1471 2582 1555 2638; x_wconf 93' lang='lat' dir='ltr'><strong>hic</strong></span> <span class='ocrx_word' id='word_1_220' title='bbox 1575 2593 1830 2655; x_wconf 88' lang='lat' dir='ltr'><strong>quantum</strong></span> <span class='ocrx_word' id='word_1_221' title='bbox 1860 2592 1915 2638; x_wconf 87' lang='lat' dir='ltr'><strong>et</strong></span> <span class='ocrx_word' id='word_1_222' title='bbox 1945 2584 2074 2638; x_wconf 88' lang='lat' dir='ltr'><strong>ista-</strong></span> 
     </span>
    </p>
   </div>
   <div class='ocr_carea' id='block_1_26' title="bbox 485 2672 2074 2745">
    <p class='ocr_par' dir='ltr' id='par_1_26' title="bbox 485 2672 2074 2745">
     <span class='ocr_line' id='line_1_26' title="bbox 485 2672 2074 2745; baseline 0 -18"><span class='ocrx_word' id='word_1_223' title='bbox 485 2689 605 2728; x_wconf 87' lang='lat' dir='ltr'><strong>rum</strong></span> <span class='ocrx_word' id='word_1_224' title='bbox 636 2688 789 2729; x_wconf 89' lang='lat' dir='ltr'><strong>usum</strong></span> <span class='ocrx_word' id='word_1_225' title='bbox 822 2674 974 2728; x_wconf 87' lang='lat' dir='ltr'><strong>nobis</strong></span> <span class='ocrx_word' id='word_1_226' title='bbox 998 2674 1305 2729; x_wconf 81' lang='lat' dir='ltr'><strong>declaravit.</strong></span> <span class='ocrx_word' id='word_1_227' title='bbox 1343 2672 1521 2728; x_wconf 83' lang='lat' dir='ltr'><strong>Posuit</strong></span> <span class='ocrx_word' id='word_1_228' title='bbox 1544 2674 1681 2741; x_wconf 87' lang='lat' dir='ltr'><strong>illas,</strong></span> <span class='ocrx_word' id='word_1_229' title='bbox 1702 2673 1890 2745; x_wconf 88' lang='lat' dir='ltr'><strong>inquit,</strong></span> <span class='ocrx_word' id='word_1_230' title='bbox 1909 2675 1960 2728; x_wconf 88' lang='lat' dir='ltr'><strong>in</strong></span> <span class='ocrx_word' id='word_1_231' title='bbox 1981 2674 2074 2744; x_wconf 78' lang='lat' dir='ltr'><strong>fir-</strong></span> 
     </span>
    </p>
   </div>
   <div class='ocr_carea' id='block_1_27' title="bbox 484 2765 2076 2837">
    <p class='ocr_par' dir='ltr' id='par_1_27' title="bbox 484 2765 2076 2837">
     <span class='ocr_line' id='line_1_27' title="bbox 484 2765 2076 2837; baseline 0.003 -20"><span class='ocrx_word' id='word_1_232' title='bbox 484 2776 733 2819; x_wconf 84' lang='lat' dir='ltr'><strong>mamento</strong></span> <span class='ocrx_word' id='word_1_233' title='bbox 750 2768 880 2820; x_wconf 78' lang='lat' dir='ltr'><strong>aeli.</strong></span> <span class='ocrx_word' id='word_1_234' title='bbox 903 2766 1042 2834; x_wconf 86' lang='lat' dir='ltr'><strong>Quid</strong></span> <span class='ocrx_word' id='word_1_235' title='bbox 1059 2777 1160 2833; x_wconf 85' lang='lat' dir='ltr'><strong>est,</strong></span> <span class='ocrx_word' id='word_1_236' title='bbox 1184 2765 1398 2821; x_wconf 78' lang='lat' dir='ltr'><strong>Posuit?</strong></span> <span class='ocrx_word' id='word_1_237' title='bbox 1419 2765 1682 2837; x_wconf 87' lang='lat' dir='ltr'><strong>Numquid</strong></span> <span class='ocrx_word' id='word_1_238' title='bbox 1703 2767 1850 2836; x_wconf 90' lang='lat' dir='ltr'><strong>quasi</strong></span> <span class='ocrx_word' id='word_1_239' title='bbox 1871 2767 2076 2822; x_wconf 87' lang='lat' dir='ltr'><strong>diceret</strong></span> 
     </span>
    </p>
   </div>
   <div class='ocr_carea' id='block_1_28' title="bbox 486 2855 2075 2928">
    <p class='ocr_par' dir='ltr' id='par_1_28' title="bbox 486 2855 2075 2928">
     <span class='ocr_line' id='line_1_28' title="bbox 486 2855 2075 2928; baseline 0.003 -20"><span class='ocrx_word' id='word_1_240' title='bbox 486 2855 696 2926; x_wconf 89' lang='lat' dir='ltr'><strong>aliquis,</strong></span> <span class='ocrx_word' id='word_1_241' title='bbox 724 2856 902 2911; x_wconf 78' lang='lat' dir='ltr'><strong>Fixit?</strong></span> <span class='ocrx_word' id='word_1_242' title='bbox 931 2857 1120 2912; x_wconf 79' lang='lat' dir='ltr'><strong>Absit:</strong></span> <span class='ocrx_word' id='word_1_243' title='bbox 1147 2857 1388 2913; x_wconf 78' lang='lat' dir='ltr'><strong>videmus</strong></span> <span class='ocrx_word' id='word_1_244' title='bbox 1412 2858 1556 2912; x_wconf 90' lang='lat' dir='ltr'><strong>enim</strong></span> <span class='ocrx_word' id='word_1_245' title='bbox 1587 2857 1730 2928; x_wconf 87' lang='lat' dir='ltr'><strong>ipsas</strong></span> <span class='ocrx_word' id='word_1_246' title='bbox 1754 2872 1897 2928; x_wconf 69' lang='lat' dir='ltr'><strong>smpe</strong></span> <span class='ocrx_word' id='word_1_247' title='bbox 1920 2858 2075 2913; x_wconf 90' lang='lat' dir='ltr'><strong>unico</strong></span> 
     </span>
    </p>
   </div>
   <div class='ocr_carea' id='block_1_29' title="bbox 488 2948 2077 3020">
    <p class='ocr_par' dir='ltr' id='par_1_29' title="bbox 488 2948 2077 3020">
     <span class='ocr_line' id='line_1_29' title="bbox 488 2948 2077 3020; baseline 0.004 -20"><span class='ocrx_word' id='word_1_248' title='bbox 488 2948 749 3017; x_wconf 85' lang='lat' dir='ltr'><strong>temporis</strong></span> <span class='ocrx_word' id='word_1_249' title='bbox 805 2957 1079 3003; x_wconf 90' lang='lat' dir='ltr'><strong>momento</strong></span> <span class='ocrx_word' id='word_1_250' title='bbox 1132 2964 1382 3019; x_wconf 89' lang='lat' dir='ltr'><strong>maguum</strong></span> <span class='ocrx_word' id='word_1_251' title='bbox 1430 2950 1661 3005; x_wconf 88' lang='lat' dir='ltr'><strong>transire</strong></span> <span class='ocrx_word' id='word_1_252' title='bbox 1709 2952 1973 3020; x_wconf 82' lang='lat' dir='ltr'><strong>spatium,</strong></span> <span class='ocrx_word' id='word_1_253' title='bbox 2021 2959 2077 3006; x_wconf 90' lang='lat' dir='ltr'><strong>et</strong></span> 
     </span>
    </p>
   </div>
   <div class='ocr_carea' id='block_1_30' title="bbox 483 3039 2077 3111">
    <p class='ocr_par' dir='ltr' id='par_1_30' title="bbox 483 3039 2077 3111">
     <span class='ocr_line' id='line_1_30' title="bbox 483 3039 2077 3111; baseline 0.003 -20"><span class='ocrx_word' id='word_1_254' title='bbox 483 3053 772 3108; x_wconf 87' lang='lat' dir='ltr'><strong>numquam</strong></span> <span class='ocrx_word' id='word_1_255' title='bbox 822 3039 873 3093; x_wconf 92' lang='lat' dir='ltr'><strong>iu</strong></span> <span class='ocrx_word' id='word_1_256' title='bbox 914 3053 1023 3094; x_wconf 90' lang='lat' dir='ltr'><strong>uno</strong></span> <span class='ocrx_word' id='word_1_257' title='bbox 1065 3040 1186 3094; x_wconf 88' lang='lat' dir='ltr'><strong>loco</strong></span> <span class='ocrx_word' id='word_1_258' title='bbox 1232 3049 1396 3107; x_wconf 88' lang='lat' dir='ltr'><strong>stare,</strong></span> <span class='ocrx_word' id='word_1_259' title='bbox 1441 3041 1534 3095; x_wconf 87' lang='lat' dir='ltr'><strong>sed</strong></span> <span class='ocrx_word' id='word_1_260' title='bbox 1571 3055 1749 3106; x_wconf 87' lang='lat' dir='ltr'><strong>suum,</strong></span> <span class='ocrx_word' id='word_1_261' title='bbox 1785 3056 1942 3111; x_wconf 89' lang='lat' dir='ltr'><strong>quem</strong></span> <span class='ocrx_word' id='word_1_262' title='bbox 1973 3040 2077 3096; x_wconf 81' lang='lat' dir='ltr'><strong>illis</strong></span> 
     </span>
    </p>
   </div>
   <div class='ocr_carea' id='block_1_31' title="bbox 487 3126 2073 3211">
    <p class='ocr_par' dir='ltr' id='par_1_31' title="bbox 487 3126 2073 3211">
     <span class='ocr_line' id='line_1_31' title="bbox 487 3126 2073 3211; baseline 0.003 -32"><span class='ocrx_word' id='word_1_263' title='bbox 487 3126 743 3211; x_wconf 52' lang='lat' dir='ltr'><strong>Dominus</strong></span> <span class='ocrx_word' id='word_1_264' title='bbox 772 3128 1045 3198; x_wconf 71' lang='lat' dir='ltr'><strong>pra-cepit,</strong></span> <span class='ocrx_word' id='word_1_265' title='bbox 1074 3143 1288 3183; x_wconf 90' lang='lat' dir='ltr'><strong>cursum</strong></span> <span class='ocrx_word' id='word_1_266' title='bbox 1318 3129 1593 3199; x_wconf 87' lang='lat' dir='ltr'><strong>perficere.</strong></span> <span class='ocrx_word' id='word_1_267' title='bbox 1623 3129 1760 3199; x_wconf 86' lang='lat' dir='ltr'><strong>Quid</strong></span> <span class='ocrx_word' id='word_1_268' title='bbox 1787 3131 1946 3200; x_wconf 78' lang='lat' dir='ltr'><strong>igitur</strong></span> <span class='ocrx_word' id='word_1_269' title='bbox 1969 3138 2073 3198; x_wconf 90' lang='lat' dir='ltr'><strong>est,</strong></span> 
     </span>
    </p>
   </div>
   <div class='ocr_carea' id='block_1_32' title="bbox 489 3214 2075 3289">
    <p class='ocr_par' dir='ltr' id='par_1_32' title="bbox 489 3214 2075 3289">
     <span class='ocr_line' id='line_1_32' title="bbox 489 3214 2075 3289; baseline 0.003 -20"><span class='ocrx_word' id='word_1_270' title='bbox 489 3214 712 3271; x_wconf 77' lang='lat' dir='ltr'><strong>Posuit?</strong></span> <span class='ocrx_word' id='word_1_271' title='bbox 752 3217 807 3272; x_wconf 92' lang='lat' dir='ltr'><strong>ld</strong></span> <span class='ocrx_word' id='word_1_272' title='bbox 843 3227 940 3285; x_wconf 88' lang='lat' dir='ltr'><strong>est,</strong></span> <span class='ocrx_word' id='word_1_273' title='bbox 972 3217 1251 3288; x_wconf 86' lang='lat' dir='ltr'><strong>imperavit</strong></span> <span class='ocrx_word' id='word_1_274' title='bbox 1277 3230 1334 3273; x_wconf 93' lang='lat' dir='ltr'><strong>ut</strong></span> <span class='ocrx_word' id='word_1_275' title='bbox 1360 3220 1487 3289; x_wconf 70' lang='lat' dir='ltr'><strong>ipsa:</strong></span> <span class='ocrx_word' id='word_1_276' title='bbox 1508 3228 1691 3275; x_wconf 86' lang='lat' dir='ltr'><strong>essent</strong></span> <span class='ocrx_word' id='word_1_277' title='bbox 1716 3220 1766 3273; x_wconf 91' lang='lat' dir='ltr'><strong>in</strong></span> <span class='ocrx_word' id='word_1_278' title='bbox 1795 3221 1946 3274; x_wconf 68' lang='lat' dir='ltr'><strong>caelo.</strong></span> <span class='ocrx_word' id='word_1_279' title='bbox 1980 3219 2075 3274; x_wconf 81' lang='lat' dir='ltr'><strong>Et—</strong></span> 
     </span>
    </p>
   </div>
   <div class='ocr_carea' id='block_1_33' title="bbox 487 3310 2076 3383">
    <p class='ocr_par' dir='ltr' id='par_1_33' title="bbox 487 3310 2076 3383">
     <span class='ocr_line' id='line_1_33' title="bbox 487 3310 2076 3383; baseline 0.002 -20"><span class='ocrx_word' id='word_1_280' title='bbox 487 3310 633 3363; x_wconf 88' lang='lat' dir='ltr'><strong>enim</strong></span> <span class='ocrx_word' id='word_1_281' title='bbox 677 3310 779 3365; x_wconf 87' lang='lat' dir='ltr'><strong>hoc</strong></span> <span class='ocrx_word' id='word_1_282' title='bbox 820 3326 883 3364; x_wconf 80' lang='lat' dir='ltr'><strong>ex</strong></span> <span class='ocrx_word' id='word_1_283' title='bbox 924 3310 1152 3366; x_wconf 89' lang='lat' dir='ltr'><strong>decursu</strong></span> <span class='ocrx_word' id='word_1_284' title='bbox 1187 3311 1481 3382; x_wconf 64' lang='lat' dir='ltr'><strong>Scriptura:</strong></span> <span class='ocrx_word' id='word_1_285' title='bbox 1508 3312 1686 3368; x_wconf 87' lang='lat' dir='ltr'><strong>licebit</strong></span> <span class='ocrx_word' id='word_1_286' title='bbox 1713 3313 1921 3374; x_wconf 85' lang='lat' dir='ltr'><strong>videre,</strong></span> <span class='ocrx_word' id='word_1_287' title='bbox 1953 3313 2076 3383; x_wconf 87' lang='lat' dir='ltr'><strong>quia</strong></span> 
     </span>
    </p>
   </div>
   <div class='ocr_carea' id='block_1_34' title="bbox 486 3399 2075 3476">
    <p class='ocr_par' dir='ltr' id='par_1_34' title="bbox 486 3399 2075 3476">
     <span class='ocr_line' id='line_1_34' title="bbox 486 3399 2075 3476; baseline 0.005 -23"><span class='ocrx_word' id='word_1_288' title='bbox 486 3401 610 3455; x_wconf 82' lang='lat' dir='ltr'><strong>alibi</strong></span> <span class='ocrx_word' id='word_1_289' title='bbox 638 3401 767 3456; x_wconf 90' lang='lat' dir='ltr'><strong>dicit</strong></span> <span class='ocrx_word' id='word_1_290' title='bbox 796 3419 811 3454; x_wconf 90' lang='lat'><strong>:</strong></span> <span class='ocrx_word' id='word_1_291' title='bbox 844 3399 1022 3456; x_wconf 82' lang='lat' dir='ltr'><strong>Posuit</strong></span> <span class='ocrx_word' id='word_1_292' title='bbox 1045 3403 1180 3458; x_wconf 83' lang='lat' dir='ltr'><strong>Deus</strong></span> <span class='ocrx_word' id='word_1_293' title='bbox 1207 3405 1369 3457; x_wconf 77' lang='lat' dir='ltr'><strong>Adam</strong></span> <span class='ocrx_word' id='word_1_294' title='bbox 1389 3406 1441 3458; x_wconf 87' lang='lat' dir='ltr'><strong>in</strong></span> <span class='ocrx_word' id='word_1_295' title='bbox 1462 3405 1701 3475; x_wconf 82' lang='lat' dir='ltr'><strong>paradiso</strong></span> <span class='ocrx_word' id='word_1_296' title='bbox 1727 3403 1877 3472; x_wconf 76' lang='lat' dir='ltr'><strong>(Gen.</strong></span> <span class='ocrx_word' id='word_1_297' title='bbox 1913 3405 1967 3459; x_wconf 74' lang='lat'><strong>2.</strong></span> <span class='ocrx_word' id='word_1_298' title='bbox 1993 3404 2075 3476; x_wconf 88' lang='lat'><strong>8),</strong></span> 
     </span>
    </p>
   </div>
   <div class='ocr_carea' id='block_1_35' title="bbox 489 3493 2079 3567">
    <p class='ocr_par' dir='ltr' id='par_1_35' title="bbox 489 3493 2079 3567">
     <span class='ocr_line' id='line_1_35' title="bbox 489 3493 2079 3567; baseline 0.004 -22"><span class='ocrx_word' id='word_1_299' title='bbox 489 3506 593 3546; x_wconf 87' lang='lat' dir='ltr'><strong>non</strong></span> <span class='ocrx_word' id='word_1_300' title='bbox 619 3493 761 3563; x_wconf 91' lang='lat' dir='ltr'><strong>quod</strong></span> <span class='ocrx_word' id='word_1_301' title='bbox 793 3493 1026 3549; x_wconf 76' lang='lat' dir='ltr'><strong>infixerit</strong></span> <span class='ocrx_word' id='word_1_302' title='bbox 1043 3510 1165 3549; x_wconf 90' lang='lat' dir='ltr'><strong>eum</strong></span> <span class='ocrx_word' id='word_1_303' title='bbox 1195 3496 1463 3565; x_wconf 85' lang='lat' dir='ltr'><strong>paradiso,</strong></span> <span class='ocrx_word' id='word_1_304' title='bbox 1485 3496 1580 3551; x_wconf 89' lang='lat' dir='ltr'><strong>sed</strong></span> <span class='ocrx_word' id='word_1_305' title='bbox 1601 3496 1742 3567; x_wconf 88' lang='lat' dir='ltr'><strong>quod</strong></span> <span class='ocrx_word' id='word_1_306' title='bbox 1764 3496 2079 3567; x_wconf 71' lang='lat' dir='ltr'><strong>pracCeperit</strong></span> 
     </span>
    </p>
   </div>
   <div class='ocr_carea' id='block_1_36' title="bbox 485 3584 2076 3658">
    <p class='ocr_par' dir='ltr' id='par_1_36' title="bbox 485 3584 2076 3658">
     <span class='ocr_line' id='line_1_36' title="bbox 485 3584 2076 3658; baseline 0.004 -21"><span class='ocrx_word' id='word_1_307' title='bbox 485 3591 547 3637; x_wconf 85' lang='lat' dir='ltr'><strong>ut</strong></span> <span class='ocrx_word' id='word_1_308' title='bbox 568 3594 712 3638; x_wconf 87' lang='lat' dir='ltr'><strong>esset</strong></span> <span class='ocrx_word' id='word_1_309' title='bbox 739 3584 792 3637; x_wconf 92' lang='lat' dir='ltr'><strong>in</strong></span> <span class='ocrx_word' id='word_1_310' title='bbox 826 3586 1089 3654; x_wconf 86' lang='lat' dir='ltr'><strong>paradiso.</strong></span> <span class='ocrx_word' id='word_1_311' title='bbox 1122 3585 1383 3642; x_wconf 86' lang='lat' dir='ltr'><strong>Similiter</strong></span> <span class='ocrx_word' id='word_1_312' title='bbox 1400 3596 1455 3642; x_wconf 93' lang='lat' dir='ltr'><strong>et</strong></span> <span class='ocrx_word' id='word_1_313' title='bbox 1479 3589 1546 3642; x_wconf 89' lang='lat' dir='ltr'><strong>de</strong></span> <span class='ocrx_word' id='word_1_314' title='bbox 1569 3588 1739 3644; x_wconf 83' lang='lat' dir='ltr'><strong>stellis</strong></span> <span class='ocrx_word' id='word_1_315' title='bbox 1763 3590 2076 3658; x_wconf 80' lang='lat' dir='ltr'><strong>dixerimus,</strong></span> 
     </span>
    </p>
   </div>
   <div class='ocr_carea' id='block_1_37' title="bbox 492 3672 2082 3745">
    <p class='ocr_par' dir='ltr' id='par_1_37' title="bbox 492 3672 2082 3745">
     <span class='ocr_line' id='line_1_37' title="bbox 492 3672 2082 3745; baseline 0.007 -21"><span class='ocrx_word' id='word_1_316' title='bbox 492 3672 783 3741; x_wconf 83' lang='lat' dir='ltr'><strong>imperasse</strong></span> <span class='ocrx_word' id='word_1_317' title='bbox 813 3688 1005 3744; x_wconf 88' lang='lat' dir='ltr'><strong>nempe</strong></span> <span class='ocrx_word' id='word_1_318' title='bbox 1031 3675 1109 3730; x_wconf 84' lang='lat' dir='ltr'><strong>eis</strong></span> <span class='ocrx_word' id='word_1_319' title='bbox 1141 3685 1199 3730; x_wconf 91' lang='lat' dir='ltr'><strong>ut</strong></span> <span class='ocrx_word' id='word_1_320' title='bbox 1222 3687 1403 3731; x_wconf 85' lang='lat' dir='ltr'><strong>essent</strong></span> <span class='ocrx_word' id='word_1_321' title='bbox 1429 3678 1482 3731; x_wconf 92' lang='lat' dir='ltr'><strong>in</strong></span> <span class='ocrx_word' id='word_1_322' title='bbox 1509 3676 1843 3733; x_wconf 89' lang='lat' dir='ltr'><strong>firmamento</strong></span> <span class='ocrx_word' id='word_1_323' title='bbox 1867 3680 2004 3745; x_wconf 72' lang='lat' dir='ltr'><strong>cteli,</strong></span> <span class='ocrx_word' id='word_1_324' title='bbox 2026 3689 2082 3734; x_wconf 90' lang='lat' dir='ltr'><strong>et</strong></span> 
     </span>
    </p>
   </div>
   <div class='ocr_carea' id='block_1_38' title="bbox 492 3762 2078 3837">
    <p class='ocr_par' dir='ltr' id='par_1_38' title="bbox 492 3762 2078 3837">
     <span class='ocr_line' id='line_1_38' title="bbox 492 3762 2078 3837; baseline 0.008 -24"><span class='ocrx_word' id='word_1_325' title='bbox 492 3776 648 3814; x_wconf 88' lang='lat' dir='ltr'><strong>suum</strong></span> <span class='ocrx_word' id='word_1_326' title='bbox 679 3762 857 3817; x_wconf 89' lang='lat' dir='ltr'><strong>lumen</strong></span> <span class='ocrx_word' id='word_1_327' title='bbox 887 3778 1047 3833; x_wconf 86' lang='lat' dir='ltr'><strong>super</strong></span> <span class='ocrx_word' id='word_1_328' title='bbox 1082 3775 1276 3820; x_wconf 87' lang='lat' dir='ltr'><strong>terram</strong></span> <span class='ocrx_word' id='word_1_329' title='bbox 1306 3769 1632 3823; x_wconf 82' lang='lat' dir='ltr'><strong>emitterent.</strong></span> <span class='ocrx_word' id='word_1_330' title='bbox 1663 3768 2078 3837; x_wconf 86' lang='lat' dir='ltr'><strong>Animadverte,</strong></span> 
     </span>
    </p>
   </div>
   <div class='ocr_carea' id='block_1_39' title="bbox 489 3850 2082 3929">
    <p class='ocr_par' dir='ltr' id='par_1_39' title="bbox 489 3850 2082 3929">
     <span class='ocr_line' id='line_1_39' title="bbox 489 3850 2082 3929; baseline 0.008 -27"><span class='ocrx_word' id='word_1_331' title='bbox 489 3850 737 3916; x_wconf 84' lang='lat' dir='ltr'><strong>obsecro,</strong></span> <span class='ocrx_word' id='word_1_332' title='bbox 759 3852 973 3922; x_wconf 88' lang='lat' dir='ltr'><strong>dilecte,</strong></span> <span class='ocrx_word' id='word_1_333' title='bbox 1005 3856 1319 3925; x_wconf 86' lang='lat' dir='ltr'><strong>quibusnam</strong></span> <span class='ocrx_word' id='word_1_334' title='bbox 1346 3857 1512 3927; x_wconf 88' lang='lat' dir='ltr'><strong>pratis</strong></span> <span class='ocrx_word' id='word_1_335' title='bbox 1526 3867 1582 3913; x_wconf 91' lang='lat' dir='ltr'><strong>et</strong></span> <span class='ocrx_word' id='word_1_336' title='bbox 1600 3858 1771 3913; x_wconf 88' lang='lat' dir='ltr'><strong>hortis</strong></span> <span class='ocrx_word' id='word_1_337' title='bbox 1794 3859 2082 3929; x_wconf 88' lang='lat' dir='ltr'><strong>jucundius</strong></span> 
     </span>
    </p>
   </div>
   <div class='ocr_carea' id='block_1_40' title="bbox 497 3946 2081 4018">
    <p class='ocr_par' dir='ltr' id='par_1_40' title="bbox 497 3946 2081 4018">
     <span class='ocr_line' id='line_1_40' title="bbox 497 3946 2081 4018; baseline 0.006 -20"><span class='ocrx_word' id='word_1_338' title='bbox 497 3960 604 3999; x_wconf 89' lang='lat' dir='ltr'><strong>non</strong></span> <span class='ocrx_word' id='word_1_339' title='bbox 645 3946 803 4001; x_wconf 90' lang='lat' dir='ltr'><strong>fuerit</strong></span> <span class='ocrx_word' id='word_1_340' title='bbox 829 3957 1075 4018; x_wconf 88' lang='lat' dir='ltr'><strong>spectare</strong></span> <span class='ocrx_word' id='word_1_341' title='bbox 1103 3950 1154 4004; x_wconf 91' lang='lat' dir='ltr'><strong>in</strong></span> <span class='ocrx_word' id='word_1_342' title='bbox 1186 3949 1360 4005; x_wconf 87' lang='lat' dir='ltr'><strong>media</strong></span> <span class='ocrx_word' id='word_1_343' title='bbox 1387 3960 1542 4006; x_wconf 89' lang='lat' dir='ltr'><strong>nocte</strong></span> <span class='ocrx_word' id='word_1_344' title='bbox 1569 3951 1758 4006; x_wconf 67' lang='lat' dir='ltr'><strong>cwlum</strong></span> <span class='ocrx_word' id='word_1_345' title='bbox 1788 3951 1959 4008; x_wconf 87' lang='lat' dir='ltr'><strong>stellis</strong></span> <span class='ocrx_word' id='word_1_346' title='bbox 1991 3952 2081 4007; x_wconf 87' lang='lat' dir='ltr'><strong>di-</strong></span> 
     </span>
    </p>
   </div>
   <div class='ocr_carea' id='block_1_41' title="bbox 490 4036 2084 4116">
    <p class='ocr_par' dir='ltr' id='par_1_41' title="bbox 490 4036 2084 4116">
     <span class='ocr_line' id='line_1_41' title="bbox 490 4036 2084 4116; baseline 0.006 -26"><span class='ocrx_word' id='word_1_347' title='bbox 490 4036 765 4103; x_wconf 87' lang='lat' dir='ltr'><strong>stinctum,</strong></span> <span class='ocrx_word' id='word_1_348' title='bbox 780 4047 835 4092; x_wconf 88' lang='lat' dir='ltr'><strong>et</strong></span> <span class='ocrx_word' id='word_1_349' title='bbox 858 4040 1132 4095; x_wconf 89' lang='lat' dir='ltr'><strong>stellarum</strong></span> <span class='ocrx_word' id='word_1_350' title='bbox 1161 4040 1419 4097; x_wconf 84' lang='lat' dir='ltr'><strong>varietate</strong></span> <span class='ocrx_word' id='word_1_351' title='bbox 1440 4044 1591 4113; x_wconf 80' lang='lat' dir='ltr'><strong>quasi</strong></span> <span class='ocrx_word' id='word_1_352' title='bbox 1619 4042 1841 4099; x_wconf 87' lang='lat' dir='ltr'><strong>floribus</strong></span> <span class='ocrx_word' id='word_1_353' title='bbox 1866 4044 2084 4116; x_wconf 55' lang='lat' dir='ltr'><strong>quibus.</strong></span> 
     </span>
    </p>
   </div>
   <div class='ocr_carea' id='block_1_42' title="bbox 491 4129 2082 4208">
    <p class='ocr_par' dir='ltr' id='par_1_42' title="bbox 491 4129 2082 4208">
     <span class='ocr_line' id='line_1_42' title="bbox 491 4129 2082 4208; baseline 0.004 -25"><span class='ocrx_word' id='word_1_354' title='bbox 491 4129 616 4184; x_wconf 85' lang='lat' dir='ltr'><strong>dam</strong></span> <span class='ocrx_word' id='word_1_355' title='bbox 634 4145 983 4200; x_wconf 86' lang='lat' dir='ltr'><strong>conspersum</strong></span> <span class='ocrx_word' id='word_1_356' title='bbox 1006 4141 1061 4188; x_wconf 91' lang='lat' dir='ltr'><strong>et</strong></span> <span class='ocrx_word' id='word_1_357' title='bbox 1079 4143 1349 4201; x_wconf 89' lang='lat' dir='ltr'><strong>ornatum,</strong></span> <span class='ocrx_word' id='word_1_358' title='bbox 1381 4136 1604 4190; x_wconf 90' lang='lat' dir='ltr'><strong>multum</strong></span> <span class='ocrx_word' id='word_1_359' title='bbox 1632 4136 1764 4191; x_wconf 89' lang='lat' dir='ltr'><strong>lucis</strong></span> <span class='ocrx_word' id='word_1_360' title='bbox 1788 4150 1952 4208; x_wconf 85' lang='lat' dir='ltr'><strong>super</strong></span> <span class='ocrx_word' id='word_1_361' title='bbox 1977 4147 2082 4193; x_wconf 85' lang='lat' dir='ltr'><strong>ter-</strong></span> 
     </span>
    </p>
   </div>
   <div class='ocr_carea' id='block_1_43' title="bbox 492 4223 2085 4296">
    <p class='ocr_par' dir='ltr' id='par_1_43' title="bbox 492 4223 2085 4296">
     <span class='ocr_line' id='line_1_43' title="bbox 492 4223 2085 4296; baseline 0.004 -19"><span class='ocrx_word' id='word_1_362' title='bbox 492 4237 607 4277; x_wconf 89' lang='lat' dir='ltr'><strong>ram</strong></span> <span class='ocrx_word' id='word_1_363' title='bbox 650 4223 965 4279; x_wconf 81' lang='lat' dir='ltr'><strong>efl‘nndere?</strong></span> <span class='ocrx_word' id='word_1_364' title='bbox 1007 4225 1138 4279; x_wconf 83' lang='lat' dir='ltr'><strong>Nam</strong></span> <span class='ocrx_word' id='word_1_365' title='bbox 1180 4234 1236 4281; x_wconf 89' lang='lat' dir='ltr'><strong>et</strong></span> <span class='ocrx_word' id='word_1_366' title='bbox 1278 4227 1332 4281; x_wconf 92' lang='lat' dir='ltr'><strong>in</strong></span> <span class='ocrx_word' id='word_1_367' title='bbox 1379 4226 1483 4282; x_wconf 88' lang='lat' dir='ltr'><strong>hoc</strong></span> <span class='ocrx_word' id='word_1_368' title='bbox 1524 4228 1785 4284; x_wconf 71' lang='lat' dir='ltr'><strong>ordinatae</strong></span> <span class='ocrx_word' id='word_1_369' title='bbox 1827 4238 1985 4296; x_wconf 88' lang='lat' dir='ltr'><strong>sunt,</strong></span> <span class='ocrx_word' id='word_1_370' title='bbox 2028 4239 2085 4284; x_wconf 92' lang='lat' dir='ltr'><strong>ut</strong></span> 
     </span>
    </p>
   </div>
   <div class='ocr_carea' id='block_1_44' title="bbox 495 4316 2078 4393">
    <p class='ocr_par' dir='ltr' id='par_1_44' title="bbox 495 4316 2078 4393">
     <span class='ocr_line' id='line_1_44' title="bbox 495 4316 2078 4393; baseline 0.005 -25"><span class='ocrx_word' id='word_1_371' title='bbox 495 4316 707 4368; x_wconf 92' lang='lat' dir='ltr'><strong>luceant</strong></span> <span class='ocrx_word' id='word_1_372' title='bbox 731 4329 893 4385; x_wconf 89' lang='lat' dir='ltr'><strong>super</strong></span> <span class='ocrx_word' id='word_1_373' title='bbox 917 4325 1112 4369; x_wconf 87' lang='lat' dir='ltr'><strong>terram</strong></span> <span class='ocrx_word' id='word_1_374' title='bbox 1136 4358 1148 4380; x_wconf 90' lang='lat'><strong>,</strong></span> <span class='ocrx_word' id='word_1_375' title='bbox 1177 4327 1233 4371; x_wconf 88' lang='lat' dir='ltr'><strong>et</strong></span> <span class='ocrx_word' id='word_1_376' title='bbox 1260 4318 1478 4385; x_wconf 85' lang='lat' dir='ltr'><strong>praesint</strong></span> <span class='ocrx_word' id='word_1_377' title='bbox 1502 4318 1609 4374; x_wconf 85' lang='lat' dir='ltr'><strong>diei</strong></span> <span class='ocrx_word' id='word_1_378' title='bbox 1640 4334 1704 4375; x_wconf 91' lang='lat' dir='ltr'><strong>ac</strong></span> <span class='ocrx_word' id='word_1_379' title='bbox 1730 4322 1905 4388; x_wconf 79' lang='lat' dir='ltr'><strong>necti,</strong></span> <span class='ocrx_word' id='word_1_380' title='bbox 1936 4322 2078 4393; x_wconf 89' lang='lat' dir='ltr'><strong>quod</strong></span> 
     </span>
    </p>
   </div>
   <div class='ocr_carea' id='block_1_45' title="bbox 493 4404 2081 4477">
    <p class='ocr_par' dir='ltr' id='par_1_45' title="bbox 493 4404 2081 4477">
     <span class='ocr_line' id='line_1_45' title="bbox 493 4404 2081 4477; baseline 0.007 -20"><span class='ocrx_word' id='word_1_381' title='bbox 493 4404 815 4474; x_wconf 72' lang='lat' dir='ltr'><strong>generaliter</strong></span> <span class='ocrx_word' id='word_1_382' title='bbox 833 4415 887 4460; x_wconf 89' lang='lat' dir='ltr'><strong>et</strong></span> <span class='ocrx_word' id='word_1_383' title='bbox 911 4406 981 4461; x_wconf 87' lang='lat' dir='ltr'><strong>de</strong></span> <span class='ocrx_word' id='word_1_384' title='bbox 1002 4407 1207 4477; x_wconf 87' lang='lat' dir='ltr'><strong>magnis</strong></span> <span class='ocrx_word' id='word_1_385' title='bbox 1230 4407 1579 4464; x_wconf 89' lang='lat' dir='ltr'><strong>luminaribus</strong></span> <span class='ocrx_word' id='word_1_386' title='bbox 1597 4410 1798 4466; x_wconf 87' lang='lat' dir='ltr'><strong>dictum</strong></span> <span class='ocrx_word' id='word_1_387' title='bbox 1818 4420 1920 4468; x_wconf 91' lang='lat' dir='ltr'><strong>est.</strong></span> <span class='ocrx_word' id='word_1_388' title='bbox 1948 4413 2081 4468; x_wconf 83' lang='lat' dir='ltr'><strong>Nam</strong></span> 
     </span>
    </p>
   </div>
   <div class='ocr_carea' id='block_1_46' title="bbox 496 4496 2085 4570">
    <p class='ocr_par' dir='ltr' id='par_1_46' title="bbox 496 4496 2085 4570">
     <span class='ocr_line' id='line_1_46' title="bbox 496 4496 2085 4570; baseline 0.009 -23"><span class='ocrx_word' id='word_1_389' title='bbox 496 4503 776 4566; x_wconf 84' lang='lat' dir='ltr'><strong>postquam</strong></span> <span class='ocrx_word' id='word_1_390' title='bbox 801 4496 982 4553; x_wconf 90' lang='lat' dir='ltr'><strong>docuit</strong></span> <span class='ocrx_word' id='word_1_391' title='bbox 1022 4513 1120 4553; x_wconf 90' lang='lat' dir='ltr'><strong>nos</strong></span> <span class='ocrx_word' id='word_1_392' title='bbox 1144 4540 1160 4567; x_wconf 90' lang='lat'><strong>,</strong></span> <span class='ocrx_word' id='word_1_393' title='bbox 1200 4500 1468 4570; x_wconf 88' lang='lat' dir='ltr'><strong>quomodo</strong></span> <span class='ocrx_word' id='word_1_394' title='bbox 1499 4502 1723 4558; x_wconf 85' lang='lat' dir='ltr'><strong>formata</strong></span> <span class='ocrx_word' id='word_1_395' title='bbox 1750 4503 1951 4560; x_wconf 90' lang='lat' dir='ltr'><strong>fuerint</strong></span> <span class='ocrx_word' id='word_1_396' title='bbox 1977 4506 2085 4561; x_wconf 88' lang='lat' dir='ltr'><strong>duo</strong></span> 
     </span>
    </p>
   </div>
   <div class='ocr_carea' id='block_1_47' title="bbox 500 4590 2086 4669">
    <p class='ocr_par' dir='ltr' id='par_1_47' title="bbox 500 4590 2086 4669">
     <span class='ocr_line' id='line_1_47' title="bbox 500 4590 2086 4669; baseline 0.008 -26"><span class='ocrx_word' id='word_1_397' title='bbox 500 4590 778 4645; x_wconf 88' lang='lat' dir='ltr'><strong>lmniuaria</strong></span> <span class='ocrx_word' id='word_1_398' title='bbox 810 4606 1024 4662; x_wconf 84' lang='lat' dir='ltr'><strong>magna,</strong></span> <span class='ocrx_word' id='word_1_399' title='bbox 1060 4601 1116 4649; x_wconf 89' lang='lat' dir='ltr'><strong>et</strong></span> <span class='ocrx_word' id='word_1_400' title='bbox 1150 4595 1321 4649; x_wconf 51' lang='lat' dir='ltr'><strong>stellte</strong></span> <span class='ocrx_word' id='word_1_401' title='bbox 1349 4612 1363 4649; x_wconf 90' lang='lat'><strong>:</strong></span> <span class='ocrx_word' id='word_1_402' title='bbox 1390 4594 1460 4651; x_wconf 91' lang='lat' dir='ltr'><strong>de</strong></span> <span class='ocrx_word' id='word_1_403' title='bbox 1499 4597 1752 4652; x_wconf 90' lang='lat' dir='ltr'><strong>omnibus</strong></span> <span class='ocrx_word' id='word_1_404' title='bbox 1793 4598 1846 4652; x_wconf 94' lang='lat' dir='ltr'><strong>in</strong></span> <span class='ocrx_word' id='word_1_405' title='bbox 1885 4613 2086 4669; x_wconf 86' lang='lat' dir='ltr'><strong>genere</strong></span> 
     </span>
    </p>
   </div>
   <div class='ocr_carea' id='block_1_48' title="bbox 495 4678 2085 4756">
    <p class='ocr_par' dir='ltr' id='par_1_48' title="bbox 495 4678 2085 4756">
     <span class='ocr_line' id='line_1_48' title="bbox 495 4678 2085 4756; baseline 0.006 -23"><span class='ocrx_word' id='word_1_406' title='bbox 495 4679 644 4746; x_wconf 83' lang='lat' dir='ltr'><strong>dicit,</strong></span> <span class='ocrx_word' id='word_1_407' title='bbox 677 4679 740 4734; x_wconf 76' lang='lat' dir='ltr'><strong>Et</strong></span> <span class='ocrx_word' id='word_1_408' title='bbox 765 4683 970 4751; x_wconf 79' lang='lat' dir='ltr'><strong>prtesint</strong></span> <span class='ocrx_word' id='word_1_409' title='bbox 991 4684 1092 4737; x_wconf 85' lang='lat' dir='ltr'><strong>diei</strong></span> <span class='ocrx_word' id='word_1_410' title='bbox 1114 4699 1175 4737; x_wconf 84' lang='lat' dir='ltr'><strong>ac</strong></span> <span class='ocrx_word' id='word_1_411' title='bbox 1200 4685 1353 4750; x_wconf 85' lang='lat' dir='ltr'><strong>nocti,</strong></span> <span class='ocrx_word' id='word_1_412' title='bbox 1372 4695 1421 4738; x_wconf 87' lang='lat' dir='ltr'><strong>et</strong></span> <span class='ocrx_word' id='word_1_413' title='bbox 1441 4678 1674 4756; x_wconf 83' lang='lat' dir='ltr'><strong>separent</strong></span> <span class='ocrx_word' id='word_1_414' title='bbox 1699 4689 1830 4741; x_wconf 85' lang='lat' dir='ltr'><strong>inter</strong></span> <span class='ocrx_word' id='word_1_415' title='bbox 1856 4689 2017 4743; x_wconf 84' lang='lat' dir='ltr'><strong>lucem</strong></span> <span class='ocrx_word' id='word_1_416' title='bbox 2037 4699 2085 4743; x_wconf 84' lang='lat' dir='ltr'><strong>et</strong></span> 
     </span>
    </p>
   </div>
   <div class='ocr_carea' id='block_1_49' title="bbox 497 4772 2084 4836">
    <p class='ocr_par' dir='ltr' id='par_1_49' title="bbox 497 4772 2084 4836">
     <span class='ocr_line' id='line_1_49' title="bbox 497 4772 2084 4836; baseline 0.006 -10"><span class='ocrx_word' id='word_1_417' title='bbox 497 4773 746 4828; x_wconf 84' lang='lat' dir='ltr'><strong>tenebras.</strong></span> <span class='ocrx_word' id='word_1_418' title='bbox 788 4772 1077 4831; x_wconf 84' lang='lat' dir='ltr'><strong>Enimvero</strong></span> <span class='ocrx_word' id='word_1_419' title='bbox 1114 4776 1251 4831; x_wconf 91' lang='lat' dir='ltr'><strong>sicut</strong></span> <span class='ocrx_word' id='word_1_420' title='bbox 1281 4777 1509 4832; x_wconf 91' lang='lat' dir='ltr'><strong>interdiu</strong></span> <span class='ocrx_word' id='word_1_421' title='bbox 1540 4777 1709 4833; x_wconf 72' lang='lat' dir='ltr'><strong>stella:</strong></span> <span class='ocrx_word' id='word_1_422' title='bbox 1731 4778 1786 4834; x_wconf 93' lang='lat' dir='ltr'><strong>in</strong></span> <span class='ocrx_word' id='word_1_423' title='bbox 1815 4780 1948 4835; x_wconf 85' lang='lat' dir='ltr'><strong>caelo</strong></span> <span class='ocrx_word' id='word_1_424' title='bbox 1977 4796 2084 4836; x_wconf 91' lang='lat' dir='ltr'><strong>non</strong></span> 
     </span>
    </p>
   </div>
   <div class='ocr_carea' id='block_1_50' title="bbox 494 4865 2087 4937">
    <p class='ocr_par' dir='ltr' id='par_1_50' title="bbox 494 4865 2087 4937">
     <span class='ocr_line' id='line_1_50' title="bbox 494 4865 2087 4937; baseline 0.004 -17"><span class='ocrx_word' id='word_1_425' title='bbox 494 4865 743 4921; x_wconf 84' lang='lat' dir='ltr'><strong>videntur</strong></span> <span class='ocrx_word' id='word_1_426' title='bbox 784 4866 1086 4923; x_wconf 89' lang='lat' dir='ltr'><strong>discurrere</strong></span> <span class='ocrx_word' id='word_1_427' title='bbox 1121 4868 1368 4937; x_wconf 90' lang='lat' dir='ltr'><strong>(illarum</strong></span> <span class='ocrx_word' id='word_1_428' title='bbox 1395 4870 1537 4924; x_wconf 91' lang='lat' dir='ltr'><strong>enim</strong></span> <span class='ocrx_word' id='word_1_429' title='bbox 1564 4884 1718 4926; x_wconf 86' lang='lat' dir='ltr'><strong>usum</strong></span> <span class='ocrx_word' id='word_1_430' title='bbox 1748 4870 1927 4927; x_wconf 90' lang='lat' dir='ltr'><strong>lumen</strong></span> <span class='ocrx_word' id='word_1_431' title='bbox 1956 4871 2087 4927; x_wconf 87' lang='lat' dir='ltr'><strong>solis</strong></span> 
     </span>
    </p>
   </div>
   <div class='ocr_carea' id='block_1_51' title="bbox 496 4960 2083 5036">
    <p class='ocr_par' dir='ltr' id='par_1_51' title="bbox 496 4960 2083 5036">
     <span class='ocr_line' id='line_1_51' title="bbox 496 4960 2083 5036; baseline 0.003 -22"><span class='ocrx_word' id='word_1_432' title='bbox 496 4960 661 5015; x_wconf 86' lang='lat' dir='ltr'><strong>multa</strong></span> <span class='ocrx_word' id='word_1_433' title='bbox 688 4960 932 5016; x_wconf 87' lang='lat' dir='ltr'><strong>claritate</strong></span> <span class='ocrx_word' id='word_1_434' title='bbox 956 4960 1203 5032; x_wconf 76' lang='lat' dir='ltr'><strong>obtegit),</strong></span> <span class='ocrx_word' id='word_1_435' title='bbox 1236 4963 1308 5016; x_wconf 92' lang='lat' dir='ltr'><strong>ita</strong></span> <span class='ocrx_word' id='word_1_436' title='bbox 1334 4977 1507 5033; x_wconf 89' lang='lat' dir='ltr'><strong>neque</strong></span> <span class='ocrx_word' id='word_1_437' title='bbox 1537 4974 1695 5020; x_wconf 88' lang='lat' dir='ltr'><strong>noctu</strong></span> <span class='ocrx_word' id='word_1_438' title='bbox 1724 4965 1806 5020; x_wconf 88' lang='lat' dir='ltr'><strong>sol</strong></span> <span class='ocrx_word' id='word_1_439' title='bbox 1833 4976 2083 5036; x_wconf 88' lang='lat' dir='ltr'><strong>apparet,</strong></span> 
     </span>
    </p>
   </div>
   <div class='ocr_carea' id='block_1_52' title="bbox 493 5052 2085 5119">
    <p class='ocr_par' dir='ltr' id='par_1_52' title="bbox 493 5052 2085 5119">
     <span class='ocr_line' id='line_1_52' title="bbox 493 5052 2085 5119; baseline 0.006 -13"><span class='ocrx_word' id='word_1_440' title='bbox 493 5052 794 5110; x_wconf 84' lang='lat' dir='ltr'><strong>sufficiente</strong></span> <span class='ocrx_word' id='word_1_441' title='bbox 819 5054 941 5109; x_wconf 88' lang='lat' dir='ltr'><strong>luna</strong></span> <span class='ocrx_word' id='word_1_442' title='bbox 968 5054 1299 5119; x_wconf 88' lang='lat' dir='ltr'><strong>suolumine</strong></span> <span class='ocrx_word' id='word_1_443' title='bbox 1337 5054 1403 5109; x_wconf 90' lang='lat' dir='ltr'><strong>ad</strong></span> <span class='ocrx_word' id='word_1_444' title='bbox 1440 5056 1785 5113; x_wconf 80' lang='lat' dir='ltr'><strong>illustrandae</strong></span> <span class='ocrx_word' id='word_1_445' title='bbox 1807 5060 1979 5115; x_wconf 88' lang='lat' dir='ltr'><strong>noctis</strong></span> <span class='ocrx_word' id='word_1_446' title='bbox 2005 5068 2085 5115; x_wconf 87' lang='lat' dir='ltr'><strong>te-</strong></span> 
     </span>
    </p>
   </div>
   <div class='ocr_carea' id='block_1_53' title="bbox 497 5145 2086 5219">
    <p class='ocr_par' dir='ltr' id='par_1_53' title="bbox 497 5145 2086 5219">
     <span class='ocr_line' id='line_1_53' title="bbox 497 5145 2086 5219; baseline 0.008 -21"><span class='ocrx_word' id='word_1_447' title='bbox 497 5145 692 5202; x_wconf 85' lang='lat' dir='ltr'><strong>nebras</strong></span> <span class='ocrx_word' id='word_1_448' title='bbox 722 5163 737 5201; x_wconf 91' lang='lat'><strong>:</strong></span> <span class='ocrx_word' id='word_1_449' title='bbox 761 5162 947 5203; x_wconf 88' lang='lat' dir='ltr'><strong>verum</strong></span> <span class='ocrx_word' id='word_1_450' title='bbox 975 5149 1242 5204; x_wconf 88' lang='lat' dir='ltr'><strong>elementa</strong></span> <span class='ocrx_word' id='word_1_451' title='bbox 1262 5162 1487 5219; x_wconf 63' lang='lat' dir='ltr'><strong>quaeque</strong></span> <span class='ocrx_word' id='word_1_452' title='bbox 1511 5150 1649 5205; x_wconf 88' lang='lat' dir='ltr'><strong>intra</strong></span> <span class='ocrx_word' id='word_1_453' title='bbox 1674 5164 1802 5207; x_wconf 90' lang='lat' dir='ltr'><strong>suos</strong></span> <span class='ocrx_word' id='word_1_454' title='bbox 1827 5153 2086 5211; x_wconf 82' lang='lat' dir='ltr'><strong>terminos</strong></span> 
     </span>
    </p>
   </div>
   <div class='ocr_carea' id='block_1_54' title="bbox 503 5245 2085 5315">
    <p class='ocr_par' dir='ltr' id='par_1_54' title="bbox 503 5245 2085 5315">
     <span class='ocr_line' id='line_1_54' title="bbox 503 5245 2085 5315; baseline 0.006 -27"><span class='ocrx_word' id='word_1_455' title='bbox 503 5245 739 5304; x_wconf 69' lang='lat' dir='ltr'><strong>unaueut,</strong></span> <span class='ocrx_word' id='word_1_456' title='bbox 766 5247 821 5294; x_wconf 92' lang='lat' dir='ltr'><strong>et</strong></span> <span class='ocrx_word' id='word_1_457' title='bbox 848 5254 1135 5312; x_wconf 87' lang='lat' dir='ltr'><strong>numquam</strong></span> <span class='ocrx_word' id='word_1_458' title='bbox 1162 5255 1316 5297; x_wconf 88' lang='lat' dir='ltr'><strong>suam</strong></span> <span class='ocrx_word' id='word_1_459' title='bbox 1348 5256 1652 5297; x_wconf 87' lang='lat' dir='ltr'><strong>mensuram</strong></span> <span class='ocrx_word' id='word_1_460' title='bbox 1685 5246 2085 5315; x_wconf 78' lang='lat' dir='ltr'><strong>transgrediun-</strong></span> 
     </span>
    </p>
   </div>
   <div class='ocr_carea' id='block_1_55' title="bbox 499 5330 2083 5407">
    <p class='ocr_par' dir='ltr' id='par_1_55' title="bbox 499 5330 2083 5407">
     <span class='ocr_line' id='line_1_55' title="bbox 499 5330 2083 5407; baseline 0.008 -25"><span class='ocrx_word' id='word_1_461' title='bbox 499 5336 586 5382; x_wconf 88' lang='lat' dir='ltr'><strong>tur</strong></span> <span class='ocrx_word' id='word_1_462' title='bbox 608 5345 624 5384; x_wconf 88' lang='lat'><strong>:</strong></span> <span class='ocrx_word' id='word_1_463' title='bbox 647 5330 742 5384; x_wconf 87' lang='lat' dir='ltr'><strong>sed</strong></span> <span class='ocrx_word' id='word_1_464' title='bbox 766 5331 1168 5402; x_wconf 86' lang='lat' dir='ltr'><strong>dispositionem</strong></span> <span class='ocrx_word' id='word_1_465' title='bbox 1190 5345 1244 5393; x_wconf 89' lang='lat' dir='ltr'><strong>et</strong></span> <span class='ocrx_word' id='word_1_466' title='bbox 1263 5335 1504 5391; x_wconf 90' lang='lat' dir='ltr'><strong>ordinem</strong></span> <span class='ocrx_word' id='word_1_467' title='bbox 1530 5336 1736 5391; x_wconf 88' lang='lat' dir='ltr'><strong>Domini</strong></span> <span class='ocrx_word' id='word_1_468' title='bbox 1759 5340 2083 5407; x_wconf 90' lang='lat' dir='ltr'><strong>custodiunt,</strong></span> 
     </span>
    </p>
   </div>
   <div class='ocr_carea' id='block_1_56' title="bbox 499 5426 2089 5496">
    <p class='ocr_par' dir='ltr' id='par_1_56' title="bbox 499 5426 2089 5496">
     <span class='ocr_line' id='line_1_56' title="bbox 499 5426 2089 5496; baseline 0.009 -23"><span class='ocrx_word' id='word_1_469' title='bbox 499 5434 765 5490; x_wconf 88' lang='lat' dir='ltr'><strong>suumque</strong></span> <span class='ocrx_word' id='word_1_470' title='bbox 789 5436 923 5491; x_wconf 90' lang='lat' dir='ltr'><strong>opus</strong></span> <span class='ocrx_word' id='word_1_471' title='bbox 951 5426 1169 5483; x_wconf 84' lang='lat' dir='ltr'><strong>faciunt.</strong></span> <span class='ocrx_word' id='word_1_472' title='bbox 1212 5427 1343 5496; x_wconf 84' lang='lat' dir='ltr'><strong>Quis</strong></span> <span class='ocrx_word' id='word_1_473' title='bbox 1382 5437 1561 5484; x_wconf 86' lang='lat' dir='ltr'><strong>autem</strong></span> <span class='ocrx_word' id='word_1_474' title='bbox 1597 5429 1700 5485; x_wconf 89' lang='lat' dir='ltr'><strong>alia</strong></span> <span class='ocrx_word' id='word_1_475' title='bbox 1726 5435 1903 5486; x_wconf 82' lang='lat' dir='ltr'><strong>omnia</strong></span> <span class='ocrx_word' id='word_1_476' title='bbox 1930 5448 2089 5488; x_wconf 87' lang='lat' dir='ltr'><strong>enar-</strong></span> 
     </span>
    </p>
   </div>
   <div class='ocr_carea' id='block_1_57' title="bbox 500 5515 2087 5591">
    <p class='ocr_par' dir='ltr' id='par_1_57' title="bbox 500 5515 2087 5591">
     <span class='ocr_line' id='line_1_57' title="bbox 500 5515 2087 5591; baseline 0.01 -25"><span class='ocrx_word' id='word_1_477' title='bbox 500 5515 718 5579; x_wconf 85' lang='lat' dir='ltr'><strong>raverit,</strong></span> <span class='ocrx_word' id='word_1_478' title='bbox 761 5530 881 5585; x_wconf 69' lang='lat' dir='ltr'><strong>quae</strong></span> <span class='ocrx_word' id='word_1_479' title='bbox 921 5517 1110 5575; x_wconf 88' lang='lat' dir='ltr'><strong>horum</strong></span> <span class='ocrx_word' id='word_1_480' title='bbox 1154 5522 1492 5579; x_wconf 89' lang='lat' dir='ltr'><strong>luminarium</strong></span> <span class='ocrx_word' id='word_1_481' title='bbox 1538 5532 1596 5579; x_wconf 86' lang='lat' dir='ltr'><strong>et</strong></span> <span class='ocrx_word' id='word_1_482' title='bbox 1638 5525 1914 5591; x_wconf 81' lang='lat' dir='ltr'><strong>stellarum</strong></span> <span class='ocrx_word' id='word_1_483' title='bbox 1959 5543 2087 5582; x_wconf 82' lang='lat' dir='ltr'><strong>usus</strong></span> 
     </span>
    </p>
   </div>
   <div class='ocr_carea' id='block_1_58' title="bbox 502 5605 2084 5693">
    <p class='ocr_par' dir='ltr' id='par_1_58' title="bbox 502 5605 2084 5693">
     <span class='ocr_line' id='line_1_58' title="bbox 502 5605 2084 5693; baseline 0.011 -35"><span class='ocrx_word' id='word_1_484' title='bbox 502 5605 738 5663; x_wconf 78' lang='lat' dir='ltr'><strong>humano</strong></span> <span class='ocrx_word' id='word_1_485' title='bbox 765 5612 947 5680; x_wconf 83' lang='lat' dir='ltr'><strong>generi</strong></span> <span class='ocrx_word' id='word_1_486' title='bbox 976 5614 1224 5670; x_wconf 79' lang='lat' dir='ltr'><strong>confert?</strong></span> <span class='ocrx_word' id='word_1_487' title='bbox 1266 5617 1384 5674; x_wconf 85' lang='lat' dir='ltr'><strong>Sint</strong></span> <span class='ocrx_word' id='word_1_488' title='bbox 1416 5619 1580 5687; x_wconf 89' lang='lat' dir='ltr'><strong>enim,</strong></span> <span class='ocrx_word' id='word_1_489' title='bbox 1614 5620 1802 5691; x_wconf 90' lang='lat' dir='ltr'><strong>inquit,</strong></span> <span class='ocrx_word' id='word_1_490' title='bbox 1829 5622 1882 5675; x_wconf 88' lang='lat' dir='ltr'><strong>in</strong></span> <span class='ocrx_word' id='word_1_491' title='bbox 1917 5623 2084 5693; x_wconf 84' lang='lat' dir='ltr'><strong>signa,</strong></span> 
     </span>
    </p>
   </div>
   <div class='ocr_carea' id='block_1_59' title="bbox 492 5698 2085 5778">
    <p class='ocr_par' dir='ltr' id='par_1_59' title="bbox 492 5698 2085 5778">
     <span class='ocr_line' id='line_1_59' title="bbox 492 5698 2085 5778; baseline 0.012 -28"><span class='ocrx_word' id='word_1_492' title='bbox 492 5707 543 5750; x_wconf 87' lang='lat' dir='ltr'><strong>et</strong></span> <span class='ocrx_word' id='word_1_493' title='bbox 575 5698 629 5751; x_wconf 82' lang='lat' dir='ltr'><strong>in</strong></span> <span class='ocrx_word' id='word_1_494' title='bbox 659 5709 906 5769; x_wconf 70' lang='lat' dir='ltr'><strong>tenipora,</strong></span> <span class='ocrx_word' id='word_1_495' title='bbox 932 5715 978 5757; x_wconf 85' lang='lat' dir='ltr'><strong>et</strong></span> <span class='ocrx_word' id='word_1_496' title='bbox 1001 5705 1204 5772; x_wconf 77' lang='lat' dir='ltr'><strong>indies,</strong></span> <span class='ocrx_word' id='word_1_497' title='bbox 1230 5718 1279 5760; x_wconf 90' lang='lat' dir='ltr'><strong>et</strong></span> <span class='ocrx_word' id='word_1_498' title='bbox 1304 5709 1357 5764; x_wconf 88' lang='lat' dir='ltr'><strong>in</strong></span> <span class='ocrx_word' id='word_1_499' title='bbox 1384 5725 1565 5765; x_wconf 86' lang='lat' dir='ltr'><strong>annos.</strong></span> <span class='ocrx_word' id='word_1_500' title='bbox 1605 5710 1741 5778; x_wconf 90' lang='lat' dir='ltr'><strong>Quid</strong></span> <span class='ocrx_word' id='word_1_501' title='bbox 1768 5714 1885 5768; x_wconf 79' lang='lat' dir='ltr'><strong>est?</strong></span> <span class='ocrx_word' id='word_1_502' title='bbox 1915 5712 1983 5767; x_wconf 86' lang='lat' dir='ltr'><strong>In</strong></span> <span class='ocrx_word' id='word_1_503' title='bbox 2011 5715 2085 5768; x_wconf 85' lang='lat' dir='ltr'><strong>si-</strong></span> 
     </span>
    </p>
   </div>
   <div class='ocr_carea' id='block_1_60' title="bbox 506 5791 2081 5868">
    <p class='ocr_par' dir='ltr' id='par_1_60' title="bbox 506 5791 2081 5868">
     <span class='ocr_line' id='line_1_60' title="bbox 506 5791 2081 5868; baseline 0.017 -30"><span class='ocrx_word' id='word_1_504' title='bbox 506 5801 611 5855; x_wconf 78' lang='lat' dir='ltr'><strong>gna</strong></span> <span class='ocrx_word' id='word_1_505' title='bbox 639 5799 686 5845; x_wconf 85' lang='lat' dir='ltr'><strong>et</strong></span> <span class='ocrx_word' id='word_1_506' title='bbox 709 5791 761 5845; x_wconf 87' lang='lat' dir='ltr'><strong>in</strong></span> <span class='ocrx_word' id='word_1_507' title='bbox 789 5800 1033 5865; x_wconf 85' lang='lat' dir='ltr'><strong>tempora,</strong></span> <span class='ocrx_word' id='word_1_508' title='bbox 1062 5808 1111 5855; x_wconf 86' lang='lat' dir='ltr'><strong>et</strong></span> <span class='ocrx_word' id='word_1_509' title='bbox 1144 5798 1197 5852; x_wconf 87' lang='lat' dir='ltr'><strong>in</strong></span> <span class='ocrx_word' id='word_1_510' title='bbox 1222 5798 1346 5868; x_wconf 80' lang='lat' dir='ltr'><strong>dies,</strong></span> <span class='ocrx_word' id='word_1_511' title='bbox 1373 5811 1419 5857; x_wconf 86' lang='lat' dir='ltr'><strong>et</strong></span> <span class='ocrx_word' id='word_1_512' title='bbox 1445 5803 1498 5856; x_wconf 87' lang='lat' dir='ltr'><strong>in</strong></span> <span class='ocrx_word' id='word_1_513' title='bbox 1524 5805 1726 5861; x_wconf 78' lang='lat' dir='ltr'><strong>annos?</strong></span> <span class='ocrx_word' id='word_1_514' title='bbox 1752 5805 1954 5863; x_wconf 89' lang='lat' dir='ltr'><strong>Docere</strong></span> <span class='ocrx_word' id='word_1_515' title='bbox 1982 5822 2081 5864; x_wconf 88' lang='lat' dir='ltr'><strong>nos</strong></span> 
     </span>
    </p>
   </div>
   <div class='ocr_carea' id='block_1_61' title="bbox 2156 489 3747 561">
    <p class='ocr_par' dir='ltr' id='par_1_61' title="bbox 2156 489 3747 561">
     <span class='ocr_line' id='line_1_61' title="bbox 2156 489 3747 561; baseline 0.001 -17"><span class='ocrx_word' id='word_1_516' title='bbox 2156 490 2264 546; x_wconf 88' lang='lat' dir='ltr'><strong>vult</strong></span> <span class='ocrx_word' id='word_1_517' title='bbox 2292 489 2469 545; x_wconf 87' lang='lat' dir='ltr'><strong>divina</strong></span> <span class='ocrx_word' id='word_1_518' title='bbox 2495 491 2766 561; x_wconf 84' lang='lat' dir='ltr'><strong>Scriptura</strong></span> <span class='ocrx_word' id='word_1_519' title='bbox 2786 532 2802 556; x_wconf 93' lang='lat'><strong>,</strong></span> <span class='ocrx_word' id='word_1_520' title='bbox 2832 489 3020 544; x_wconf 90' lang='lat' dir='ltr'><strong>horum</strong></span> <span class='ocrx_word' id='word_1_521' title='bbox 3045 503 3258 546; x_wconf 87' lang='lat' dir='ltr'><strong>cursum</strong></span> <span class='ocrx_word' id='word_1_522' title='bbox 3289 489 3565 545; x_wconf 86' lang='lat' dir='ltr'><strong>scientiam</strong></span> <span class='ocrx_word' id='word_1_523' title='bbox 3588 491 3747 548; x_wconf 83' lang='lat' dir='ltr'><strong>ttobis</strong></span> 
     </span>
    </p>
   </div>
   <div class='ocr_carea' id='block_1_62' title="bbox 2155 581 3747 653">
    <p class='ocr_par' dir='ltr' id='par_1_62' title="bbox 2155 581 3747 653">
     <span class='ocr_line' id='line_1_62' title="bbox 2155 581 3747 653; baseline -0.001 -15"><span class='ocrx_word' id='word_1_524' title='bbox 2155 592 2451 653; x_wconf 88' lang='lat' dir='ltr'><strong>temporum</strong></span> <span class='ocrx_word' id='word_1_525' title='bbox 2481 581 2745 650; x_wconf 85' lang='lat' dir='ltr'><strong>conferre,</strong></span> <span class='ocrx_word' id='word_1_526' title='bbox 2775 582 3166 638; x_wconf 86' lang='lat' dir='ltr'><strong>vicissitudines</strong></span> <span class='ocrx_word' id='word_1_527' title='bbox 3190 585 3626 648; x_wconf 70' lang='lat' dir='ltr'><strong>conversionum,</strong></span> <span class='ocrx_word' id='word_1_528' title='bbox 3655 601 3747 638; x_wconf 90' lang='lat' dir='ltr'><strong>nu-</strong></span> 
     </span>
    </p>
   </div>
   <div class='ocr_carea' id='block_1_63' title="bbox 2156 675 3749 746">
    <p class='ocr_par' dir='ltr' id='par_1_63' title="bbox 2156 675 3749 746">
     <span class='ocr_line' id='line_1_63' title="bbox 2156 675 3749 746; baseline -0.001 -16"><span class='ocrx_word' id='word_1_529' title='bbox 2156 691 2362 730; x_wconf 90' lang='lat' dir='ltr'><strong>merum</strong></span> <span class='ocrx_word' id='word_1_530' title='bbox 2390 675 2619 740; x_wconf 84' lang='lat' dir='ltr'><strong>dierum,</strong></span> <span class='ocrx_word' id='word_1_531' title='bbox 2642 675 2766 729; x_wconf 89' lang='lat' dir='ltr'><strong>anni</strong></span> <span class='ocrx_word' id='word_1_532' title='bbox 2787 675 3108 731; x_wconf 90' lang='lat' dir='ltr'><strong>curriculum</strong></span> <span class='ocrx_word' id='word_1_533' title='bbox 3137 686 3229 731; x_wconf 88' lang='lat' dir='ltr'><strong>:et</strong></span> <span class='ocrx_word' id='word_1_534' title='bbox 3254 692 3318 730; x_wconf 80' lang='lat' dir='ltr'><strong>es</strong></span> <span class='ocrx_word' id='word_1_535' title='bbox 3352 675 3433 731; x_wconf 89' lang='lat' dir='ltr'><strong>bis</strong></span> <span class='ocrx_word' id='word_1_536' title='bbox 3462 692 3749 746; x_wconf 82' lang='lat' dir='ltr'><strong>possumus</strong></span> 
     </span>
    </p>
   </div>
   <div class='ocr_carea' id='block_1_64' title="bbox 2154 765 3752 837">
    <p class='ocr_par' dir='ltr' id='par_1_64' title="bbox 2154 765 3752 837">
     <span class='ocr_line' id='line_1_64' title="bbox 2154 765 3752 837; baseline 0 -17"><span class='ocrx_word' id='word_1_537' title='bbox 2154 765 2470 836; x_wconf 81' lang='lat' dir='ltr'><strong>dignoscere</strong></span> <span class='ocrx_word' id='word_1_538' title='bbox 2495 766 2692 821; x_wconf 89' lang='lat' dir='ltr'><strong>omnia.</strong></span> <span class='ocrx_word' id='word_1_539' title='bbox 2739 765 2945 821; x_wconf 87' lang='lat' dir='ltr'><strong>Etenim</strong></span> <span class='ocrx_word' id='word_1_540' title='bbox 2977 765 3301 837; x_wconf 76' lang='lat' dir='ltr'><strong>gubernator</strong></span> <span class='ocrx_word' id='word_1_541' title='bbox 3318 766 3385 821; x_wconf 90' lang='lat' dir='ltr'><strong>ad</strong></span> <span class='ocrx_word' id='word_1_542' title='bbox 3409 767 3600 822; x_wconf 74' lang='lat' dir='ltr'><strong>bonum</strong></span> <span class='ocrx_word' id='word_1_543' title='bbox 3625 783 3752 821; x_wconf 81' lang='lat' dir='ltr'><strong>cur-</strong></span> 
     </span>
    </p>
   </div>
   <div class='ocr_carea' id='block_1_65' title="bbox 2157 855 3754 928">
    <p class='ocr_par' dir='ltr' id='par_1_65' title="bbox 2157 855 3754 928">
     <span class='ocr_line' id='line_1_65' title="bbox 2157 855 3754 928; baseline 0 -16"><span class='ocrx_word' id='word_1_544' title='bbox 2157 872 2275 912; x_wconf 87' lang='lat' dir='ltr'><strong>sum</strong></span> <span class='ocrx_word' id='word_1_545' title='bbox 2317 866 2585 927; x_wconf 86' lang='lat' dir='ltr'><strong>spectans,</strong></span> <span class='ocrx_word' id='word_1_546' title='bbox 2634 866 2690 913; x_wconf 89' lang='lat' dir='ltr'><strong>et</strong></span> <span class='ocrx_word' id='word_1_547' title='bbox 2729 855 2782 910; x_wconf 87' lang='lat' dir='ltr'><strong>in</strong></span> <span class='ocrx_word' id='word_1_548' title='bbox 2825 856 3014 911; x_wconf 66' lang='lat' dir='ltr'><strong>caelum</strong></span> <span class='ocrx_word' id='word_1_549' title='bbox 3060 857 3317 922; x_wconf 87' lang='lat' dir='ltr'><strong>intentus,</strong></span> <span class='ocrx_word' id='word_1_550' title='bbox 3360 857 3754 928; x_wconf 69' lang='lat' dir='ltr'><strong>diligenterque</strong></span> 
     </span>
    </p>
   </div>
   <div class='ocr_carea' id='block_1_66' title="bbox 2157 948 3752 1018">
    <p class='ocr_par' dir='ltr' id='par_1_66' title="bbox 2157 948 3752 1018">
     <span class='ocr_line' id='line_1_66' title="bbox 2157 948 3752 1018; baseline 0.001 -16"><span class='ocrx_word' id='word_1_551' title='bbox 2157 948 2370 1003; x_wconf 88' lang='lat' dir='ltr'><strong>discens</strong></span> <span class='ocrx_word' id='word_1_552' title='bbox 2412 949 2612 1015; x_wconf 92' lang='lat' dir='ltr'><strong>omnia,</strong></span> <span class='ocrx_word' id='word_1_553' title='bbox 2641 948 2889 1018; x_wconf 83' lang='lat' dir='ltr'><strong>navigare</strong></span> <span class='ocrx_word' id='word_1_554' title='bbox 2927 948 3132 1018; x_wconf 88' lang='lat' dir='ltr'><strong>incipit,</strong></span> <span class='ocrx_word' id='word_1_555' title='bbox 3166 950 3332 1003; x_wconf 84' lang='lat' dir='ltr'><strong>maria</strong></span> <span class='ocrx_word' id='word_1_556' title='bbox 3360 949 3570 1015; x_wconf 84' lang='lat' dir='ltr'><strong>transit,</strong></span> <span class='ocrx_word' id='word_1_557' title='bbox 3599 958 3657 1004; x_wconf 89' lang='lat' dir='ltr'><strong>et</strong></span> <span class='ocrx_word' id='word_1_558' title='bbox 3696 951 3752 1003; x_wconf 90' lang='lat' dir='ltr'><strong>in</strong></span> 
     </span>
    </p>
   </div>
   <div class='ocr_carea' id='block_1_67' title="bbox 2158 1039 3755 1112">
    <p class='ocr_par' dir='ltr' id='par_1_67' title="bbox 2158 1039 3755 1112">
     <span class='ocr_line' id='line_1_67' title="bbox 2158 1039 3755 1112; baseline 0.001 -18"><span class='ocrx_word' id='word_1_559' title='bbox 2158 1039 2476 1095; x_wconf 89' lang='lat' dir='ltr'><strong>densissima</strong></span> <span class='ocrx_word' id='word_1_560' title='bbox 2513 1048 2690 1105; x_wconf 88' lang='lat' dir='ltr'><strong>nocte,</strong></span> <span class='ocrx_word' id='word_1_561' title='bbox 2719 1039 2848 1095; x_wconf 86' lang='lat' dir='ltr'><strong>visis</strong></span> <span class='ocrx_word' id='word_1_562' title='bbox 2870 1039 3045 1095; x_wconf 87' lang='lat' dir='ltr'><strong>stellis</strong></span> <span class='ocrx_word' id='word_1_563' title='bbox 3062 1040 3080 1072; x_wconf 85' lang='grc'>¹</span> <span class='ocrx_word' id='word_1_564' title='bbox 3112 1041 3291 1096; x_wconf 81' lang='lat' dir='ltr'><strong>navim</strong></span> <span class='ocrx_word' id='word_1_565' title='bbox 3317 1040 3548 1112; x_wconf 84' lang='lat' dir='ltr'><strong>dirigere</strong></span> <span class='ocrx_word' id='word_1_566' title='bbox 3573 1051 3629 1097; x_wconf 91' lang='lat' dir='ltr'><strong>et</strong></span> <span class='ocrx_word' id='word_1_567' title='bbox 3651 1057 3755 1097; x_wconf 83' lang='lat' dir='ltr'><strong>sua</strong></span> 
     </span>
    </p>
   </div>
   <div class='ocr_carea' id='block_1_68' title="bbox 2161 1131 3748 1204">
    <p class='ocr_par' dir='ltr' id='par_1_68' title="bbox 2161 1131 3748 1204">
     <span class='ocr_line' id='line_1_68' title="bbox 2161 1131 3748 1204; baseline 0.002 -19"><span class='ocrx_word' id='word_1_568' title='bbox 2161 1140 2276 1186; x_wconf 87' lang='lat' dir='ltr'><strong>arte</strong></span> <span class='ocrx_word' id='word_1_569' title='bbox 2317 1133 2544 1186; x_wconf 90' lang='lat' dir='ltr'><strong>salutem</strong></span> <span class='ocrx_word' id='word_1_570' title='bbox 2576 1131 2947 1201; x_wconf 85' lang='lat' dir='ltr'><strong>navigantibus</strong></span> <span class='ocrx_word' id='word_1_571' title='bbox 2974 1131 3104 1188; x_wconf 90' lang='lat' dir='ltr'><strong>dare</strong></span> <span class='ocrx_word' id='word_1_572' title='bbox 3128 1132 3287 1188; x_wconf 89' lang='lat' dir='ltr'><strong>solet.</strong></span> <span class='ocrx_word' id='word_1_573' title='bbox 3318 1132 3409 1189; x_wconf 88' lang='lat' dir='ltr'><strong>Sic</strong></span> <span class='ocrx_word' id='word_1_574' title='bbox 3434 1141 3489 1189; x_wconf 91' lang='lat' dir='ltr'><strong>et</strong></span> <span class='ocrx_word' id='word_1_575' title='bbox 3510 1134 3748 1204; x_wconf 80' lang='lat' dir='ltr'><strong>agricola</strong></span> 
     </span>
    </p>
   </div>
   <div class='ocr_carea' id='block_1_69' title="bbox 2162 1222 3761 1292">
    <p class='ocr_par' dir='ltr' id='par_1_69' title="bbox 2162 1222 3761 1292">
     <span class='ocr_line' id='line_1_69' title="bbox 2162 1222 3761 1292; baseline 0.001 -15"><span class='ocrx_word' id='word_1_576' title='bbox 2162 1237 2227 1277; x_wconf 81' lang='lat' dir='ltr'><strong>ex</strong></span> <span class='ocrx_word' id='word_1_577' title='bbox 2258 1222 2361 1277; x_wconf 91' lang='lat' dir='ltr'><strong>illis</strong></span> <span class='ocrx_word' id='word_1_578' title='bbox 2388 1222 2548 1277; x_wconf 87' lang='lat' dir='ltr'><strong>discit</strong></span> <span class='ocrx_word' id='word_1_579' title='bbox 2575 1222 2790 1292; x_wconf 89' lang='lat' dir='ltr'><strong>quando</strong></span> <span class='ocrx_word' id='word_1_580' title='bbox 2814 1231 3057 1292; x_wconf 89' lang='lat' dir='ltr'><strong>oporteat</strong></span> <span class='ocrx_word' id='word_1_581' title='bbox 3084 1224 3290 1279; x_wconf 89' lang='lat' dir='ltr'><strong>semina</strong></span> <span class='ocrx_word' id='word_1_582' title='bbox 3320 1232 3477 1279; x_wconf 77' lang='lat' dir='ltr'><strong>terra:</strong></span> <span class='ocrx_word' id='word_1_583' title='bbox 3501 1224 3761 1279; x_wconf 86' lang='lat' dir='ltr'><strong>commit-</strong></span> 
     </span>
    </p>
   </div>
   <div class='ocr_carea' id='block_1_70' title="bbox 2164 1313 3755 1385">
    <p class='ocr_par' dir='ltr' id='par_1_70' title="bbox 2164 1313 3755 1385">
     <span class='ocr_line' id='line_1_70' title="bbox 2164 1313 3755 1385; baseline -0.001 -15"><span class='ocrx_word' id='word_1_584' title='bbox 2164 1324 2296 1379; x_wconf 90' lang='lat' dir='ltr'><strong>tere,</strong></span> <span class='ocrx_word' id='word_1_585' title='bbox 2328 1314 2541 1385; x_wconf 88' lang='lat' dir='ltr'><strong>quando</strong></span> <span class='ocrx_word' id='word_1_586' title='bbox 2572 1323 2768 1369; x_wconf 92' lang='lat' dir='ltr'><strong>terram</strong></span> <span class='ocrx_word' id='word_1_587' title='bbox 2793 1314 3084 1383; x_wconf 88' lang='lat' dir='ltr'><strong>pastinare,</strong></span> <span class='ocrx_word' id='word_1_588' title='bbox 3109 1322 3166 1369; x_wconf 91' lang='lat' dir='ltr'><strong>et</strong></span> <span class='ocrx_word' id='word_1_589' title='bbox 3191 1329 3370 1380; x_wconf 90' lang='lat' dir='ltr'><strong>arare,</strong></span> <span class='ocrx_word' id='word_1_590' title='bbox 3401 1314 3618 1385; x_wconf 90' lang='lat' dir='ltr'><strong>quando</strong></span> <span class='ocrx_word' id='word_1_591' title='bbox 3650 1313 3755 1369; x_wconf 84' lang='lat' dir='ltr'><strong>fal-</strong></span> 
     </span>
    </p>
   </div>
   <div class='ocr_carea' id='block_1_71' title="bbox 2165 1406 3760 1478">
    <p class='ocr_par' dir='ltr' id='par_1_71' title="bbox 2165 1406 3760 1478">
     <span class='ocr_line' id='line_1_71' title="bbox 2165 1406 3760 1478; baseline 0.001 -17"><span class='ocrx_word' id='word_1_592' title='bbox 2165 1424 2280 1462; x_wconf 89' lang='lat' dir='ltr'><strong>cem</strong></span> <span class='ocrx_word' id='word_1_593' title='bbox 2306 1423 2503 1463; x_wconf 88' lang='lat' dir='ltr'><strong>acuere</strong></span> <span class='ocrx_word' id='word_1_594' title='bbox 2528 1416 2584 1461; x_wconf 89' lang='lat' dir='ltr'><strong>ut</strong></span> <span class='ocrx_word' id='word_1_595' title='bbox 2613 1406 2791 1476; x_wconf 88' lang='lat' dir='ltr'><strong>fruges</strong></span> <span class='ocrx_word' id='word_1_596' title='bbox 2816 1406 3073 1462; x_wconf 90' lang='lat' dir='ltr'><strong>demetat.</strong></span> <span class='ocrx_word' id='word_1_597' title='bbox 3107 1406 3223 1462; x_wconf 84' lang='lat' dir='ltr'><strong>Non</strong></span> <span class='ocrx_word' id='word_1_598' title='bbox 3253 1421 3419 1477; x_wconf 89' lang='lat' dir='ltr'><strong>pauca</strong></span> <span class='ocrx_word' id='word_1_599' title='bbox 3444 1407 3567 1462; x_wconf 77' lang='lat' dir='ltr'><strong>vita:</strong></span> <span class='ocrx_word' id='word_1_600' title='bbox 3596 1407 3760 1478; x_wconf 87' lang='lat' dir='ltr'><strong>hujus</strong></span> 
     </span>
    </p>
   </div>
   <div class='ocr_carea' id='block_1_72' title="bbox 2165 1497 3763 1569">
    <p class='ocr_par' dir='ltr' id='par_1_72' title="bbox 2165 1497 3763 1569">
     <span class='ocr_line' id='line_1_72' title="bbox 2165 1497 3763 1569; baseline -0.002 -15"><span class='ocrx_word' id='word_1_601' title='bbox 2165 1501 2443 1554; x_wconf 88' lang='lat' dir='ltr'><strong>commoda</strong></span> <span class='ocrx_word' id='word_1_602' title='bbox 2490 1508 2787 1569; x_wconf 90' lang='lat' dir='ltr'><strong>temporum</strong></span> <span class='ocrx_word' id='word_1_603' title='bbox 2830 1497 3079 1565; x_wconf 90' lang='lat' dir='ltr'><strong>scientia,</strong></span> <span class='ocrx_word' id='word_1_604' title='bbox 3122 1497 3329 1552; x_wconf 90' lang='lat' dir='ltr'><strong>dierum</strong></span> <span class='ocrx_word' id='word_1_605' title='bbox 3371 1511 3658 1563; x_wconf 90' lang='lat' dir='ltr'><strong>numerus,</strong></span> <span class='ocrx_word' id='word_1_606' title='bbox 3703 1508 3763 1552; x_wconf 88' lang='lat' dir='ltr'><strong>et</strong></span> 
     </span>
    </p>
   </div>
   <div class='ocr_carea' id='block_1_73' title="bbox 2168 1589 3759 1661">
    <p class='ocr_par' dir='ltr' id='par_1_73' title="bbox 2168 1589 3759 1661">
     <span class='ocr_line' id='line_1_73' title="bbox 2168 1589 3759 1661; baseline -0.001 -16"><span class='ocrx_word' id='word_1_607' title='bbox 2168 1593 2293 1646; x_wconf 91' lang='lat' dir='ltr'><strong>anui</strong></span> <span class='ocrx_word' id='word_1_608' title='bbox 2323 1591 2552 1646; x_wconf 89' lang='lat' dir='ltr'><strong>circulus</strong></span> <span class='ocrx_word' id='word_1_609' title='bbox 2589 1591 2818 1646; x_wconf 72' lang='lat' dir='ltr'><strong>afferunt</strong></span> <span class='ocrx_word' id='word_1_610' title='bbox 2849 1607 2864 1644; x_wconf 90' lang='lat'><strong>:</strong></span> <span class='ocrx_word' id='word_1_611' title='bbox 2899 1589 3169 1661; x_wconf 86' lang='lat' dir='ltr'><strong>multaque</strong></span> <span class='ocrx_word' id='word_1_612' title='bbox 3213 1590 3265 1644; x_wconf 93' lang='lat' dir='ltr'><strong>in</strong></span> <span class='ocrx_word' id='word_1_613' title='bbox 3315 1589 3381 1645; x_wconf 89' lang='lat' dir='ltr'><strong>iis</strong></span> <span class='ocrx_word' id='word_1_614' title='bbox 3425 1590 3759 1660; x_wconf 83' lang='lat' dir='ltr'><strong>deprehendi</strong></span> 
     </span>
    </p>
   </div>
   <div class='ocr_carea' id='block_1_74' title="bbox 2172 1682 3762 1754">
    <p class='ocr_par' dir='ltr' id='par_1_74' title="bbox 2172 1682 3762 1754">
     <span class='ocr_line' id='line_1_74' title="bbox 2172 1682 3762 1754; baseline 0.001 -19"><span class='ocrx_word' id='word_1_615' title='bbox 2172 1694 2388 1754; x_wconf 87' lang='lat' dir='ltr'><strong>possent</strong></span> <span class='ocrx_word' id='word_1_616' title='bbox 2427 1684 2492 1738; x_wconf 89' lang='lat' dir='ltr'><strong>ad</strong></span> <span class='ocrx_word' id='word_1_617' title='bbox 2536 1682 2815 1739; x_wconf 89' lang='lat' dir='ltr'><strong>fovendam</strong></span> <span class='ocrx_word' id='word_1_618' title='bbox 2856 1683 3142 1739; x_wconf 85' lang='lat' dir='ltr'><strong>humanam</strong></span> <span class='ocrx_word' id='word_1_619' title='bbox 3170 1683 3332 1738; x_wconf 84' lang='lat' dir='ltr'><strong>vitam</strong></span> <span class='ocrx_word' id='word_1_620' title='bbox 3373 1683 3545 1750; x_wconf 88' lang='lat' dir='ltr'><strong>utilia,</strong></span> <span class='ocrx_word' id='word_1_621' title='bbox 3585 1697 3762 1753; x_wconf 85' lang='lat' dir='ltr'><strong>neque</strong></span> 
     </span>
    </p>
   </div>
   <div class='ocr_carea' id='block_1_75' title="bbox 2168 1773 3764 1846">
    <p class='ocr_par' dir='ltr' id='par_1_75' title="bbox 2168 1773 3764 1846">
     <span class='ocr_line' id='line_1_75' title="bbox 2168 1773 3764 1846; baseline -0.002 -16"><span class='ocrx_word' id='word_1_622' title='bbox 2168 1784 2251 1831; x_wconf 85' lang='lat' dir='ltr'><strong>est</strong></span> <span class='ocrx_word' id='word_1_623' title='bbox 2297 1775 2387 1846; x_wconf 92' lang='lat' dir='ltr'><strong>qui</strong></span> <span class='ocrx_word' id='word_1_624' title='bbox 2428 1785 2616 1830; x_wconf 77' lang='lat' dir='ltr'><strong>exacte</strong></span> <span class='ocrx_word' id='word_1_625' title='bbox 2662 1789 2946 1831; x_wconf 87' lang='lat' dir='ltr'><strong>recensere</strong></span> <span class='ocrx_word' id='word_1_626' title='bbox 2985 1774 3190 1845; x_wconf 88' lang='lat' dir='ltr'><strong>singula</strong></span> <span class='ocrx_word' id='word_1_627' title='bbox 3238 1774 3448 1845; x_wconf 89' lang='lat' dir='ltr'><strong>possit:</strong></span> <span class='ocrx_word' id='word_1_628' title='bbox 3477 1788 3543 1829; x_wconf 78' lang='lat' dir='ltr'><strong>es</strong></span> <span class='ocrx_word' id='word_1_629' title='bbox 3575 1773 3764 1844; x_wconf 90' lang='lat' dir='ltr'><strong>paucis</strong></span> 
     </span>
    </p>
   </div>
   <div class='ocr_carea' id='block_1_76' title="bbox 2172 1864 3768 1938">
    <p class='ocr_par' dir='ltr' id='par_1_76' title="bbox 2172 1864 3768 1938">
     <span class='ocr_line' id='line_1_76' title="bbox 2172 1864 3768 1938; baseline -0.003 -15"><span class='ocrx_word' id='word_1_630' title='bbox 2172 1876 2351 1923; x_wconf 86' lang='lat' dir='ltr'><strong>tamen</strong></span> <span class='ocrx_word' id='word_1_631' title='bbox 2379 1877 2608 1938; x_wconf 90' lang='lat' dir='ltr'><strong>quantus</strong></span> <span class='ocrx_word' id='word_1_632' title='bbox 2644 1880 2832 1921; x_wconf 89' lang='lat' dir='ltr'><strong>eorum</strong></span> <span class='ocrx_word' id='word_1_633' title='bbox 2869 1866 2941 1922; x_wconf 91' lang='lat' dir='ltr'><strong>sit</strong></span> <span class='ocrx_word' id='word_1_634' title='bbox 2975 1880 3104 1923; x_wconf 88' lang='lat' dir='ltr'><strong>usus</strong></span> <span class='ocrx_word' id='word_1_635' title='bbox 3136 1864 3545 1936; x_wconf 89' lang='lat' dir='ltr'><strong>conjectandum</strong></span> <span class='ocrx_word' id='word_1_636' title='bbox 3574 1873 3678 1930; x_wconf 89' lang='lat' dir='ltr'><strong>est,</strong></span> <span class='ocrx_word' id='word_1_637' title='bbox 3706 1873 3768 1919; x_wconf 92' lang='lat' dir='ltr'><strong>ct</strong></span> 
     </span>
    </p>
   </div>
   <div class='ocr_carea' id='block_1_77' title="bbox 2171 1956 3763 2027">
    <p class='ocr_par' dir='ltr' id='par_1_77' title="bbox 2171 1956 3763 2027">
     <span class='ocr_line' id='line_1_77' title="bbox 2171 1956 3763 2027; baseline -0.004 -11"><span class='ocrx_word' id='word_1_638' title='bbox 2171 1977 2294 2016; x_wconf 89' lang='lat' dir='ltr'><strong>cum</strong></span> <span class='ocrx_word' id='word_1_639' title='bbox 2321 1961 2564 2016; x_wconf 76' lang='lat' dir='ltr'><strong>ndmimti</strong></span> <span class='ocrx_word' id='word_1_640' title='bbox 2590 1960 2847 2015; x_wconf 81' lang='lat' dir='ltr'><strong>fuerimus</strong></span> <span class='ocrx_word' id='word_1_641' title='bbox 2871 1966 3166 2026; x_wconf 86' lang='lat' dir='ltr'><strong>creaturas,</strong></span> <span class='ocrx_word' id='word_1_642' title='bbox 3202 1973 3389 2014; x_wconf 86' lang='lat' dir='ltr'><strong>carum</strong></span> <span class='ocrx_word' id='word_1_643' title='bbox 3415 1956 3604 2027; x_wconf 83' lang='lat' dir='ltr'><strong>Opifes</strong></span> <span class='ocrx_word' id='word_1_644' title='bbox 3626 1971 3763 2027; x_wconf 84' lang='lat' dir='ltr'><strong>quo-</strong></span> 
     </span>
    </p>
   </div>
   <div class='ocr_carea' id='block_1_78' title="bbox 2172 2049 3765 2122">
    <p class='ocr_par' dir='ltr' id='par_1_78' title="bbox 2172 2049 3765 2122">
     <span class='ocr_line' id='line_1_78' title="bbox 2172 2049 3765 2122; baseline -0.002 -16"><span class='ocrx_word' id='word_1_645' title='bbox 2172 2068 2275 2122; x_wconf 90' lang='lat' dir='ltr'><strong>que</strong></span> <span class='ocrx_word' id='word_1_646' title='bbox 2302 2052 2605 2107; x_wconf 85' lang='lat' dir='ltr'><strong>adorandus</strong></span> <span class='ocrx_word' id='word_1_647' title='bbox 2647 2060 2701 2107; x_wconf 90' lang='lat' dir='ltr'><strong>et</strong></span> <span class='ocrx_word' id='word_1_648' title='bbox 2743 2050 3097 2107; x_wconf 84' lang='lat' dir='ltr'><strong>celebrandas</strong></span> <span class='ocrx_word' id='word_1_649' title='bbox 3119 2058 3202 2107; x_wconf 88' lang='lat' dir='ltr'><strong>est</strong></span> <span class='ocrx_word' id='word_1_650' title='bbox 3227 2068 3242 2105; x_wconf 90' lang='lat'><strong>:</strong></span> <span class='ocrx_word' id='word_1_651' title='bbox 3273 2049 3608 2120; x_wconf 87' lang='lat' dir='ltr'><strong>suspicienda</strong></span> <span class='ocrx_word' id='word_1_652' title='bbox 3636 2049 3765 2103; x_wconf 87' lang='lat' dir='ltr'><strong>item</strong></span> 
     </span>
    </p>
   </div>
   <div class='ocr_carea' id='block_1_79' title="bbox 2176 2143 3764 2216">
    <p class='ocr_par' dir='ltr' id='par_1_79' title="bbox 2176 2143 3764 2216">
     <span class='ocr_line' id='line_1_79' title="bbox 2176 2143 3764 2216; baseline -0.002 -17"><span class='ocrx_word' id='word_1_653' title='bbox 2176 2144 2459 2201; x_wconf 89' lang='lat' dir='ltr'><strong>inelfabilis</strong></span> <span class='ocrx_word' id='word_1_654' title='bbox 2487 2144 2626 2199; x_wconf 88' lang='lat' dir='ltr'><strong>illius</strong></span> <span class='ocrx_word' id='word_1_655' title='bbox 2652 2144 2972 2216; x_wconf 87' lang='lat' dir='ltr'><strong>benignitas,</strong></span> <span class='ocrx_word' id='word_1_656' title='bbox 3001 2158 3160 2216; x_wconf 89' lang='lat' dir='ltr'><strong>quam</strong></span> <span class='ocrx_word' id='word_1_657' title='bbox 3190 2158 3317 2215; x_wconf 86' lang='lat' dir='ltr'><strong>erga</strong></span> <span class='ocrx_word' id='word_1_658' title='bbox 3349 2143 3634 2197; x_wconf 89' lang='lat' dir='ltr'><strong>humanum</strong></span> <span class='ocrx_word' id='word_1_659' title='bbox 3664 2157 3764 2212; x_wconf 89' lang='lat' dir='ltr'><strong>ge-</strong></span> 
     </span>
    </p>
   </div>
   <div class='ocr_carea' id='block_1_80' title="bbox 2176 2233 3768 2308">
    <p class='ocr_par' dir='ltr' id='par_1_80' title="bbox 2176 2233 3768 2308">
     <span class='ocr_line' id='line_1_80' title="bbox 2176 2233 3768 2308; baseline -0.001 -18"><span class='ocrx_word' id='word_1_660' title='bbox 2176 2252 2277 2291; x_wconf 91' lang='lat' dir='ltr'><strong>nus</strong></span> <span class='ocrx_word' id='word_1_661' title='bbox 2319 2235 2567 2291; x_wconf 56' lang='lat' dir='ltr'><strong>exhibuit</strong></span> <span class='ocrx_word' id='word_1_662' title='bbox 2596 2254 2610 2292; x_wconf 87' lang='lat'><strong>:</strong></span> <span class='ocrx_word' id='word_1_663' title='bbox 2637 2237 2833 2306; x_wconf 89' lang='lat' dir='ltr'><strong>quippe</strong></span> <span class='ocrx_word' id='word_1_664' title='bbox 2870 2244 3091 2308; x_wconf 83' lang='lat' dir='ltr'><strong>propter</strong></span> <span class='ocrx_word' id='word_1_665' title='bbox 3134 2234 3206 2290; x_wconf 93' lang='lat' dir='ltr'><strong>nil</strong></span> <span class='ocrx_word' id='word_1_666' title='bbox 3245 2233 3386 2289; x_wconf 88' lang='lat' dir='ltr'><strong>aliud</strong></span> <span class='ocrx_word' id='word_1_667' title='bbox 3430 2233 3545 2290; x_wconf 72' lang='lat' dir='ltr'><strong>btec</strong></span> <span class='ocrx_word' id='word_1_668' title='bbox 3586 2236 3768 2288; x_wconf 91' lang='lat' dir='ltr'><strong>omnia</strong></span> 
     </span>
    </p>
   </div>
   <div class='ocr_carea' id='block_1_81' title="bbox 2177 2328 3772 2401">
    <p class='ocr_par' dir='ltr' id='par_1_81' title="bbox 2177 2328 3772 2401">
     <span class='ocr_line' id='line_1_81' title="bbox 2177 2328 3772 2401; baseline 0 -19"><span class='ocrx_word' id='word_1_669' title='bbox 2177 2330 2443 2401; x_wconf 79' lang='lat' dir='ltr'><strong>produxit,</strong></span> <span class='ocrx_word' id='word_1_670' title='bbox 2470 2345 2629 2400; x_wconf 92' lang='lat' dir='ltr'><strong>quam</strong></span> <span class='ocrx_word' id='word_1_671' title='bbox 2669 2339 2885 2400; x_wconf 89' lang='lat' dir='ltr'><strong>propter</strong></span> <span class='ocrx_word' id='word_1_672' title='bbox 2933 2329 3203 2384; x_wconf 84' lang='lat' dir='ltr'><strong>hominem</strong></span> <span class='ocrx_word' id='word_1_673' title='bbox 3246 2345 3406 2400; x_wconf 90' lang='lat' dir='ltr'><strong>quem</strong></span> <span class='ocrx_word' id='word_1_674' title='bbox 3451 2343 3556 2384; x_wconf 94' lang='lat' dir='ltr'><strong>non</strong></span> <span class='ocrx_word' id='word_1_675' title='bbox 3596 2328 3772 2383; x_wconf 85' lang='lat' dir='ltr'><strong>multo</strong></span> 
     </span>
    </p>
   </div>
   <div class='ocr_carea' id='block_1_82' title="bbox 2177 2421 3772 2493">
    <p class='ocr_par' dir='ltr' id='par_1_82' title="bbox 2177 2421 3772 2493">
     <span class='ocr_line' id='line_1_82' title="bbox 2177 2421 3772 2493; baseline 0.001 -19"><span class='ocrx_word' id='word_1_676' title='bbox 2177 2431 2297 2493; x_wconf 88' lang='lat' dir='ltr'><strong>post</strong></span> <span class='ocrx_word' id='word_1_677' title='bbox 2324 2423 2471 2491; x_wconf 88' lang='lat' dir='ltr'><strong>quasi</strong></span> <span class='ocrx_word' id='word_1_678' title='bbox 2500 2437 2677 2493; x_wconf 87' lang='lat' dir='ltr'><strong>regem</strong></span> <span class='ocrx_word' id='word_1_679' title='bbox 2705 2430 2759 2477; x_wconf 90' lang='lat' dir='ltr'><strong>et</strong></span> <span class='ocrx_word' id='word_1_680' title='bbox 2788 2423 3080 2493; x_wconf 89' lang='lat' dir='ltr'><strong>principem</strong></span> <span class='ocrx_word' id='word_1_681' title='bbox 3110 2421 3359 2477; x_wconf 91' lang='lat' dir='ltr'><strong>omnibus</strong></span> <span class='ocrx_word' id='word_1_682' title='bbox 3385 2437 3416 2477; x_wconf 90' lang='lat' dir='ltr'><strong>a</strong></span> <span class='ocrx_word' id='word_1_683' title='bbox 3449 2437 3509 2478; x_wconf 90' lang='lat' dir='ltr'><strong>se</strong></span> <span class='ocrx_word' id='word_1_684' title='bbox 3535 2421 3772 2477; x_wconf 89' lang='lat' dir='ltr'><strong>conditis</strong></span> 
     </span>
    </p>
   </div>
   <div class='ocr_carea' id='block_1_83' title="bbox 2179 2514 3768 2586">
    <p class='ocr_par' dir='ltr' id='par_1_83' title="bbox 2179 2514 3768 2586">
     <span class='ocr_line' id='line_1_83' title="bbox 2179 2514 3768 2586; baseline 0.001 -17"><span class='ocrx_word' id='word_1_685' title='bbox 2179 2515 2526 2586; x_wconf 73' lang='lat' dir='ltr'><strong>prtefecturns</strong></span> <span class='ocrx_word' id='word_1_686' title='bbox 2550 2526 2690 2570; x_wconf 90' lang='lat' dir='ltr'><strong>erat.</strong></span> <span class='ocrx_word' id='word_1_687' title='bbox 2714 2514 2780 2568; x_wconf 77' lang='lat' dir='ltr'><strong>Et</strong></span> <span class='ocrx_word' id='word_1_688' title='bbox 2802 2516 2944 2582; x_wconf 80' lang='lat' dir='ltr'><strong>vidit,</strong></span> <span class='ocrx_word' id='word_1_689' title='bbox 2972 2516 3069 2581; x_wconf 90' lang='lat' dir='ltr'><strong>ait,</strong></span> <span class='ocrx_word' id='word_1_690' title='bbox 3096 2514 3229 2569; x_wconf 87' lang='lat' dir='ltr'><strong>Deus</strong></span> <span class='ocrx_word' id='word_1_691' title='bbox 3247 2515 3382 2585; x_wconf 81' lang='lat' dir='ltr'><strong>quod</strong></span> <span class='ocrx_word' id='word_1_692' title='bbox 3402 2523 3528 2569; x_wconf 86' lang='lat' dir='ltr'><strong>esset</strong></span> <span class='ocrx_word' id='word_1_693' title='bbox 3556 2516 3768 2570; x_wconf 72' lang='lat' dir='ltr'><strong>bonum.</strong></span> 
     </span>
    </p>
   </div>
   <div class='ocr_carea' id='block_1_84' title="bbox 2181 2605 3769 2676">
    <p class='ocr_par' dir='ltr' id='par_1_84' title="bbox 2181 2605 3769 2676">
     <span class='ocr_line' id='line_1_84' title="bbox 2181 2605 3769 2676; baseline -0.001 -16"><span class='ocrx_word' id='word_1_694' title='bbox 2181 2606 2339 2661; x_wconf 84' lang='lat' dir='ltr'><strong>Vides</strong></span> <span class='ocrx_word' id='word_1_695' title='bbox 2367 2606 2591 2676; x_wconf 84' lang='lat' dir='ltr'><strong>singulis</strong></span> <span class='ocrx_word' id='word_1_696' title='bbox 2617 2606 2802 2661; x_wconf 88' lang='lat' dir='ltr'><strong>diebus</strong></span> <span class='ocrx_word' id='word_1_697' title='bbox 2831 2606 3115 2662; x_wconf 88' lang='lat' dir='ltr'><strong>ostendere</strong></span> <span class='ocrx_word' id='word_1_698' title='bbox 3137 2605 3371 2661; x_wconf 87' lang='lat' dir='ltr'><strong>divinam</strong></span> <span class='ocrx_word' id='word_1_699' title='bbox 3400 2605 3732 2676; x_wconf 88' lang='lat' dir='ltr'><strong>Scripturam</strong></span> <span class='ocrx_word' id='word_1_700' title='bbox 3752 2647 3769 2672; x_wconf 95' lang='lat'><strong>,</strong></span> 
     </span>
    </p>
   </div>
   <div class='ocr_carea' id='block_1_85' title="bbox 2179 2697 3773 2768">
    <p class='ocr_par' dir='ltr' id='par_1_85' title="bbox 2179 2697 3773 2768">
     <span class='ocr_line' id='line_1_85' title="bbox 2179 2697 3773 2768; baseline -0.003 -14"><span class='ocrx_word' id='word_1_701' title='bbox 2179 2697 2292 2754; x_wconf 90' lang='lat' dir='ltr'><strong>Deo</strong></span> <span class='ocrx_word' id='word_1_702' title='bbox 2327 2700 2541 2768; x_wconf 83' lang='lat' dir='ltr'><strong>placere</strong></span> <span class='ocrx_word' id='word_1_703' title='bbox 2581 2707 2877 2763; x_wconf 89' lang='lat' dir='ltr'><strong>creaturas,</strong></span> <span class='ocrx_word' id='word_1_704' title='bbox 2918 2707 2973 2753; x_wconf 90' lang='lat' dir='ltr'><strong>ut</strong></span> <span class='ocrx_word' id='word_1_705' title='bbox 3010 2713 3226 2753; x_wconf 90' lang='lat' dir='ltr'><strong>omnem</strong></span> <span class='ocrx_word' id='word_1_706' title='bbox 3259 2707 3498 2768; x_wconf 87' lang='lat' dir='ltr'><strong>amputet</strong></span> <span class='ocrx_word' id='word_1_707' title='bbox 3524 2698 3773 2753; x_wconf 83' lang='lat' dir='ltr'><strong>occasio-</strong></span> 
     </span>
    </p>
   </div>
   <div class='ocr_carea' id='block_1_86' title="bbox 2180 2791 3775 2864">
    <p class='ocr_par' dir='ltr' id='par_1_86' title="bbox 2180 2791 3775 2864">
     <span class='ocr_line' id='line_1_86' title="bbox 2180 2791 3775 2864; baseline -0.003 -16"><span class='ocrx_word' id='word_1_708' title='bbox 2180 2808 2301 2848; x_wconf 88' lang='lat' dir='ltr'><strong>nem</strong></span> <span class='ocrx_word' id='word_1_709' title='bbox 2333 2808 2516 2848; x_wconf 89' lang='lat' dir='ltr'><strong>eorum</strong></span> <span class='ocrx_word' id='word_1_710' title='bbox 2539 2836 2555 2861; x_wconf 94' lang='lat'><strong>,</strong></span> <span class='ocrx_word' id='word_1_711' title='bbox 2581 2794 2669 2864; x_wconf 91' lang='lat' dir='ltr'><strong>qui</strong></span> <span class='ocrx_word' id='word_1_712' title='bbox 2699 2792 3095 2862; x_wconf 84' lang='lat' dir='ltr'><strong>reprehendere</strong></span> <span class='ocrx_word' id='word_1_713' title='bbox 3123 2791 3321 2847; x_wconf 89' lang='lat' dir='ltr'><strong>audent</strong></span> <span class='ocrx_word' id='word_1_714' title='bbox 3344 2807 3404 2847; x_wconf 91' lang='lat' dir='ltr'><strong>ea</strong></span> <span class='ocrx_word' id='word_1_715' title='bbox 3439 2807 3557 2862; x_wconf 70' lang='lat' dir='ltr'><strong>qua:</strong></span> <span class='ocrx_word' id='word_1_716' title='bbox 3584 2793 3652 2847; x_wconf 87' lang='lat' dir='ltr'><strong>ab</strong></span> <span class='ocrx_word' id='word_1_717' title='bbox 3679 2791 3775 2845; x_wconf 91' lang='lat' dir='ltr'><strong>illo</strong></span> 
     </span>
    </p>
   </div>
   <div class='ocr_carea' id='block_1_87' title="bbox 2178 2885 3776 2956">
    <p class='ocr_par' dir='ltr' id='par_1_87' title="bbox 2178 2885 3776 2956">
     <span class='ocr_line' id='line_1_87' title="bbox 2178 2885 3776 2956; baseline -0.002 -15"><span class='ocrx_word' id='word_1_718' title='bbox 2178 2896 2302 2941; x_wconf 89' lang='lat' dir='ltr'><strong>sunt</strong></span> <span class='ocrx_word' id='word_1_719' title='bbox 2335 2886 2512 2942; x_wconf 64' lang='lat' dir='ltr'><strong>facta?</strong></span> <span class='ocrx_word' id='word_1_720' title='bbox 2555 2885 2706 2953; x_wconf 83' lang='lat' dir='ltr'><strong>Quod</strong></span> <span class='ocrx_word' id='word_1_721' title='bbox 2743 2886 2886 2942; x_wconf 90' lang='lat' dir='ltr'><strong>enim</strong></span> <span class='ocrx_word' id='word_1_722' title='bbox 2926 2885 3083 2956; x_wconf 86' lang='lat' dir='ltr'><strong>hujus</strong></span> <span class='ocrx_word' id='word_1_723' title='bbox 3123 2885 3198 2940; x_wconf 91' lang='lat' dir='ltr'><strong>rei</strong></span> <span class='ocrx_word' id='word_1_724' title='bbox 3239 2886 3409 2955; x_wconf 88' lang='lat' dir='ltr'><strong>gratia</strong></span> <span class='ocrx_word' id='word_1_725' title='bbox 3450 2900 3776 2953; x_wconf 83' lang='lat' dir='ltr'><strong>unoquoque</strong></span> 
     </span>
    </p>
   </div>
   <div class='ocr_carea' id='block_1_88' title="bbox 2179 2978 3773 3050">
    <p class='ocr_par' dir='ltr' id='par_1_88' title="bbox 2179 2978 3773 3050">
     <span class='ocr_line' id='line_1_88' title="bbox 2179 2978 3773 3050; baseline -0.004 -14"><span class='ocrx_word' id='word_1_726' title='bbox 2179 2981 2268 3037; x_wconf 90' lang='lat' dir='ltr'><strong>die</strong></span> <span class='ocrx_word' id='word_1_727' title='bbox 2306 2981 2579 3050; x_wconf 88' lang='lat' dir='ltr'><strong>Scriptura</strong></span> <span class='ocrx_word' id='word_1_728' title='bbox 2618 2978 2796 3034; x_wconf 89' lang='lat' dir='ltr'><strong>divina</strong></span> <span class='ocrx_word' id='word_1_729' title='bbox 2839 2979 2942 3034; x_wconf 87' lang='lat' dir='ltr'><strong>hoc</strong></span> <span class='ocrx_word' id='word_1_730' title='bbox 2987 2979 3269 3049; x_wconf 88' lang='lat' dir='ltr'><strong>significet,</strong></span> <span class='ocrx_word' id='word_1_731' title='bbox 3297 2994 3362 3034; x_wconf 79' lang='lat' dir='ltr'><strong>ex</strong></span> <span class='ocrx_word' id='word_1_732' title='bbox 3390 2978 3773 3048; x_wconf 87' lang='lat' dir='ltr'><strong>consequentia</strong></span> 
     </span>
    </p>
   </div>
   <div class='ocr_carea' id='block_1_89' title="bbox 2181 3070 3774 3127">
    <p class='ocr_par' dir='ltr' id='par_1_89' title="bbox 2181 3070 3774 3127">
     <span class='ocr_line' id='line_1_89' title="bbox 2181 3070 3774 3127; baseline -0.003 -1"><span class='ocrx_word' id='word_1_733' title='bbox 2181 3070 2521 3126; x_wconf 88' lang='lat' dir='ltr'><strong>manifestum</strong></span> <span class='ocrx_word' id='word_1_734' title='bbox 2551 3082 2654 3127; x_wconf 89' lang='lat' dir='ltr'><strong>est.</strong></span> <span class='ocrx_word' id='word_1_735' title='bbox 2686 3070 2997 3127; x_wconf 82' lang='lat' dir='ltr'><strong>Sufficiebat</strong></span> <span class='ocrx_word' id='word_1_736' title='bbox 3021 3072 3163 3127; x_wconf 92' lang='lat' dir='ltr'><strong>enim</strong></span> <span class='ocrx_word' id='word_1_737' title='bbox 3192 3071 3262 3127; x_wconf 89' lang='lat' dir='ltr'><strong>de</strong></span> <span class='ocrx_word' id='word_1_738' title='bbox 3286 3070 3535 3125; x_wconf 90' lang='lat' dir='ltr'><strong>onmibus</strong></span> <span class='ocrx_word' id='word_1_739' title='bbox 3559 3080 3774 3125; x_wconf 85' lang='lat' dir='ltr'><strong>creatu-</strong></span> 
     </span>
    </p>
   </div>
   <div class='ocr_carea' id='block_1_90' title="bbox 2179 3160 3774 3232">
    <p class='ocr_par' dir='ltr' id='par_1_90' title="bbox 2179 3160 3774 3232">
     <span class='ocr_line' id='line_1_90' title="bbox 2179 3160 3774 3232; baseline -0.001 -15"><span class='ocrx_word' id='word_1_740' title='bbox 2179 3161 2254 3217; x_wconf 90' lang='lat' dir='ltr'><strong>ris</strong></span> <span class='ocrx_word' id='word_1_741' title='bbox 2280 3161 2449 3218; x_wconf 88' lang='lat' dir='ltr'><strong>semel</strong></span> <span class='ocrx_word' id='word_1_742' title='bbox 2474 3160 2655 3217; x_wconf 89' lang='lat' dir='ltr'><strong>dicere</strong></span> <span class='ocrx_word' id='word_1_743' title='bbox 2672 3202 2688 3230; x_wconf 93' lang='lat'><strong>,</strong></span> <span class='ocrx_word' id='word_1_744' title='bbox 2717 3162 2896 3216; x_wconf 90' lang='lat' dir='ltr'><strong>omnia</strong></span> <span class='ocrx_word' id='word_1_745' title='bbox 2922 3177 3272 3232; x_wconf 79' lang='lat' dir='ltr'><strong>quaecumque</strong></span> <span class='ocrx_word' id='word_1_746' title='bbox 3295 3161 3419 3216; x_wconf 87' lang='lat' dir='ltr'><strong>fecit</strong></span> <span class='ocrx_word' id='word_1_747' title='bbox 3439 3203 3453 3226; x_wconf 91' lang='lat'><strong>,</strong></span> <span class='ocrx_word' id='word_1_748' title='bbox 3483 3176 3604 3216; x_wconf 89' lang='lat' dir='ltr'><strong>esse</strong></span> <span class='ocrx_word' id='word_1_749' title='bbox 3633 3161 3774 3216; x_wconf 87' lang='lat' dir='ltr'><strong>bona</strong></span> 
     </span>
    </p>
   </div>
   <div class='ocr_carea' id='block_1_91' title="bbox 2180 3255 3773 3328">
    <p class='ocr_par' dir='ltr' id='par_1_91' title="bbox 2180 3255 3773 3328">
     <span class='ocr_line' id='line_1_91' title="bbox 2180 3255 3773 3328; baseline 0 -18"><span class='ocrx_word' id='word_1_750' title='bbox 2180 3255 2338 3311; x_wconf 90' lang='lat' dir='ltr'><strong>valde</strong></span> <span class='ocrx_word' id='word_1_751' title='bbox 2366 3273 2380 3307; x_wconf 91' lang='lat'><strong>:</strong></span> <span class='ocrx_word' id='word_1_752' title='bbox 2412 3255 2508 3311; x_wconf 90' lang='lat' dir='ltr'><strong>sed</strong></span> <span class='ocrx_word' id='word_1_753' title='bbox 2538 3257 2715 3311; x_wconf 83' lang='lat' dir='ltr'><strong>sciens</strong></span> <span class='ocrx_word' id='word_1_754' title='bbox 2744 3265 2937 3328; x_wconf 87' lang='lat' dir='ltr'><strong>quanta</strong></span> <span class='ocrx_word' id='word_1_755' title='bbox 2965 3256 3035 3311; x_wconf 91' lang='lat' dir='ltr'><strong>sit</strong></span> <span class='ocrx_word' id='word_1_756' title='bbox 3059 3256 3316 3311; x_wconf 86' lang='lat' dir='ltr'><strong>mentium</strong></span> <span class='ocrx_word' id='word_1_757' title='bbox 3342 3265 3643 3311; x_wconf 88' lang='lat' dir='ltr'><strong>nostrarum</strong></span> <span class='ocrx_word' id='word_1_758' title='bbox 3684 3257 3773 3310; x_wconf 91' lang='lat' dir='ltr'><strong>in-</strong></span> 
     </span>
    </p>
   </div>
   <div class='ocr_carea' id='block_1_92' title="bbox 2181 3347 3775 3420">
    <p class='ocr_par' dir='ltr' id='par_1_92' title="bbox 2181 3347 3775 3420">
     <span class='ocr_line' id='line_1_92' title="bbox 2181 3347 3775 3420; baseline -0.003 -17"><span class='ocrx_word' id='word_1_759' title='bbox 2181 3348 2427 3416; x_wconf 83' lang='lat' dir='ltr'><strong>firmitas,</strong></span> <span class='ocrx_word' id='word_1_760' title='bbox 2449 3347 2756 3420; x_wconf 85' lang='lat' dir='ltr'><strong>singillatim</strong></span> <span class='ocrx_word' id='word_1_761' title='bbox 2785 3347 2888 3404; x_wconf 89' lang='lat' dir='ltr'><strong>boc</strong></span> <span class='ocrx_word' id='word_1_762' title='bbox 2912 3347 3056 3413; x_wconf 82' lang='lat' dir='ltr'><strong>facit,</strong></span> <span class='ocrx_word' id='word_1_763' title='bbox 3078 3356 3135 3402; x_wconf 87' lang='lat' dir='ltr'><strong>ut</strong></span> <span class='ocrx_word' id='word_1_764' title='bbox 3154 3347 3329 3402; x_wconf 80' lang='lat' dir='ltr'><strong>discas</strong></span> <span class='ocrx_word' id='word_1_765' title='bbox 3354 3347 3615 3418; x_wconf 87' lang='lat' dir='ltr'><strong>sapientia</strong></span> <span class='ocrx_word' id='word_1_766' title='bbox 3644 3363 3775 3415; x_wconf 87' lang='lat' dir='ltr'><strong>qua-</strong></span> 
     </span>
    </p>
   </div>
   <div class='ocr_carea' id='block_1_93' title="bbox 2180 3440 3772 3512">
    <p class='ocr_par' dir='ltr' id='par_1_93' title="bbox 2180 3440 3772 3512">
     <span class='ocr_line' id='line_1_93' title="bbox 2180 3440 3772 3512; baseline -0.001 -15"><span class='ocrx_word' id='word_1_767' title='bbox 2180 3442 2304 3498; x_wconf 90' lang='lat' dir='ltr'><strong>dam</strong></span> <span class='ocrx_word' id='word_1_768' title='bbox 2358 3442 2585 3510; x_wconf 84' lang='lat' dir='ltr'><strong>solerti,</strong></span> <span class='ocrx_word' id='word_1_769' title='bbox 2634 3451 2691 3497; x_wconf 91' lang='lat' dir='ltr'><strong>et</strong></span> <span class='ocrx_word' id='word_1_770' title='bbox 2745 3441 3068 3512; x_wconf 85' lang='lat' dir='ltr'><strong>benignitate</strong></span> <span class='ocrx_word' id='word_1_771' title='bbox 3122 3440 3457 3497; x_wconf 88' lang='lat' dir='ltr'><strong>inenarrabili</strong></span> <span class='ocrx_word' id='word_1_772' title='bbox 3511 3440 3772 3511; x_wconf 83' lang='lat' dir='ltr'><strong>producta</strong></span> 
     </span>
    </p>
   </div>
   <div class='ocr_carea' id='block_1_94' title="bbox 2184 3531 3776 3604">
    <p class='ocr_par' dir='ltr' id='par_1_94' title="bbox 2184 3531 3776 3604">
     <span class='ocr_line' id='line_1_94' title="bbox 2184 3531 3776 3604; baseline -0.003 -16"><span class='ocrx_word' id='word_1_773' title='bbox 2184 3533 2347 3590; x_wconf 88' lang='lat' dir='ltr'><strong>fuisse</strong></span> <span class='ocrx_word' id='word_1_774' title='bbox 2368 3534 2566 3588; x_wconf 88' lang='lat' dir='ltr'><strong>omnia.</strong></span> <span class='ocrx_word' id='word_1_775' title='bbox 2599 3533 2685 3589; x_wconf 80' lang='lat' dir='ltr'><strong>l9.</strong></span> <span class='ocrx_word' id='word_1_776' title='bbox 2719 3533 2782 3588; x_wconf 85' lang='lat' dir='ltr'><strong>Et</strong></span> <span class='ocrx_word' id='word_1_777' title='bbox 2809 3533 3002 3604; x_wconf 78' lang='lat' dir='ltr'><strong>factum</strong></span> <span class='ocrx_word' id='word_1_778' title='bbox 3026 3539 3117 3600; x_wconf 86' lang='lat' dir='ltr'><strong>est,</strong></span> <span class='ocrx_word' id='word_1_779' title='bbox 3145 3531 3334 3602; x_wconf 91' lang='lat' dir='ltr'><strong>inquit,</strong></span> <span class='ocrx_word' id='word_1_780' title='bbox 3360 3548 3582 3602; x_wconf 79' lang='lat' dir='ltr'><strong>uespere,</strong></span> <span class='ocrx_word' id='word_1_781' title='bbox 3610 3541 3656 3586; x_wconf 84' lang='lat' dir='ltr'><strong>et</strong></span> <span class='ocrx_word' id='word_1_782' title='bbox 3686 3535 3776 3602; x_wconf 79' lang='lat' dir='ltr'><strong>fa-</strong></span> 
     </span>
    </p>
   </div>
   <div class='ocr_carea' id='block_1_95' title="bbox 2182 3622 3779 3698">
    <p class='ocr_par' dir='ltr' id='par_1_95' title="bbox 2182 3622 3779 3698">
     <span class='ocr_line' id='line_1_95' title="bbox 2182 3622 3779 3698; baseline -0.003 -17"><span class='ocrx_word' id='word_1_783' title='bbox 2182 3635 2316 3681; x_wconf 81' lang='lat' dir='ltr'><strong>ctum</strong></span> <span class='ocrx_word' id='word_1_784' title='bbox 2346 3636 2420 3680; x_wconf 84' lang='lat' dir='ltr'><strong>est</strong></span> <span class='ocrx_word' id='word_1_785' title='bbox 2443 3643 2624 3693; x_wconf 88' lang='lat' dir='ltr'><strong>mane,</strong></span> <span class='ocrx_word' id='word_1_786' title='bbox 2660 3626 2768 3680; x_wconf 88' lang='lat' dir='ltr'><strong>dies</strong></span> <span class='ocrx_word' id='word_1_787' title='bbox 2795 3634 3027 3698; x_wconf 83' lang='lat' dir='ltr'><strong>quartus.</strong></span> <span class='ocrx_word' id='word_1_788' title='bbox 3064 3624 3350 3696; x_wconf 87' lang='lat' dir='ltr'><strong>Postquam</strong></span> <span class='ocrx_word' id='word_1_789' title='bbox 3377 3625 3517 3678; x_wconf 89' lang='lat' dir='ltr'><strong>enim</strong></span> <span class='ocrx_word' id='word_1_790' title='bbox 3544 3622 3779 3678; x_wconf 86' lang='lat' dir='ltr'><strong>absolvit</strong></span> 
     </span>
    </p>
   </div>
   <div class='ocr_carea' id='block_1_96' title="bbox 2184 3713 3781 3786">
    <p class='ocr_par' dir='ltr' id='par_1_96' title="bbox 2184 3713 3781 3786">
     <span class='ocr_line' id='line_1_96' title="bbox 2184 3713 3781 3786; baseline -0.003 -13"><span class='ocrx_word' id='word_1_791' title='bbox 2184 3726 2431 3773; x_wconf 85' lang='lat' dir='ltr'><strong>ornatum</strong></span> <span class='ocrx_word' id='word_1_792' title='bbox 2462 3717 2602 3785; x_wconf 64' lang='lat' dir='ltr'><strong>caeli,</strong></span> <span class='ocrx_word' id='word_1_793' title='bbox 2633 3727 2686 3773; x_wconf 90' lang='lat' dir='ltr'><strong>et</strong></span> <span class='ocrx_word' id='word_1_794' title='bbox 2711 3717 2881 3772; x_wconf 89' lang='lat' dir='ltr'><strong>stellis</strong></span> <span class='ocrx_word' id='word_1_795' title='bbox 2909 3716 3038 3771; x_wconf 91' lang='lat' dir='ltr'><strong>illud</strong></span> <span class='ocrx_word' id='word_1_796' title='bbox 3067 3715 3358 3780; x_wconf 87' lang='lat' dir='ltr'><strong>decoravit,</strong></span> <span class='ocrx_word' id='word_1_797' title='bbox 3380 3713 3595 3786; x_wconf 89' lang='lat' dir='ltr'><strong>duoque</strong></span> <span class='ocrx_word' id='word_1_798' title='bbox 3620 3714 3781 3768; x_wconf 83' lang='lat' dir='ltr'><strong>lumi-</strong></span> 
     </span>
    </p>
   </div>
   <div class='ocr_carea' id='block_1_97' title="bbox 2186 3804 3776 3879">
    <p class='ocr_par' dir='ltr' id='par_1_97' title="bbox 2186 3804 3776 3879">
     <span class='ocr_line' id='line_1_97' title="bbox 2186 3804 3776 3879; baseline -0.004 -14"><span class='ocrx_word' id='word_1_799' title='bbox 2186 3810 2333 3865; x_wconf 90' lang='lat' dir='ltr'><strong>naria</strong></span> <span class='ocrx_word' id='word_1_800' title='bbox 2364 3824 2555 3879; x_wconf 89' lang='lat' dir='ltr'><strong>magna</strong></span> <span class='ocrx_word' id='word_1_801' title='bbox 2578 3807 2848 3879; x_wconf 82' lang='lat' dir='ltr'><strong>produxit,</strong></span> <span class='ocrx_word' id='word_1_802' title='bbox 2883 3807 3043 3863; x_wconf 90' lang='lat' dir='ltr'><strong>linem</strong></span> <span class='ocrx_word' id='word_1_803' title='bbox 3073 3806 3180 3862; x_wconf 87' lang='lat' dir='ltr'><strong>diei</strong></span> <span class='ocrx_word' id='word_1_804' title='bbox 3211 3806 3495 3876; x_wconf 88' lang='lat' dir='ltr'><strong>imposuit;</strong></span> <span class='ocrx_word' id='word_1_805' title='bbox 3520 3815 3576 3859; x_wconf 90' lang='lat' dir='ltr'><strong>et</strong></span> <span class='ocrx_word' id='word_1_806' title='bbox 3598 3804 3776 3859; x_wconf 74' lang='lat' dir='ltr'><strong>dixit:</strong></span> 
     </span>
    </p>
   </div>
   <div class='ocr_carea' id='block_1_98' title="bbox 2187 3898 3774 3974">
    <p class='ocr_par' dir='ltr' id='par_1_98' title="bbox 2187 3898 3774 3974">
     <span class='ocr_line' id='line_1_98' title="bbox 2187 3898 3774 3974; baseline -0.004 -17"><span class='ocrx_word' id='word_1_807' title='bbox 2187 3900 2257 3957; x_wconf 87' lang='lat' dir='ltr'><strong>Et</strong></span> <span class='ocrx_word' id='word_1_808' title='bbox 2283 3904 2470 3973; x_wconf 76' lang='lat' dir='ltr'><strong>factum</strong></span> <span class='ocrx_word' id='word_1_809' title='bbox 2493 3913 2565 3956; x_wconf 86' lang='lat' dir='ltr'><strong>est</strong></span> <span class='ocrx_word' id='word_1_810' title='bbox 2594 3919 2815 3974; x_wconf 85' lang='lat' dir='ltr'><strong>vespere,</strong></span> <span class='ocrx_word' id='word_1_811' title='bbox 2844 3910 2893 3956; x_wconf 88' lang='lat' dir='ltr'><strong>et</strong></span> <span class='ocrx_word' id='word_1_812' title='bbox 2917 3902 3110 3972; x_wconf 75' lang='lat' dir='ltr'><strong>factum</strong></span> <span class='ocrx_word' id='word_1_813' title='bbox 3127 3911 3199 3955; x_wconf 83' lang='lat' dir='ltr'><strong>est</strong></span> <span class='ocrx_word' id='word_1_814' title='bbox 3220 3915 3386 3965; x_wconf 85' lang='lat' dir='ltr'><strong>mane,</strong></span> <span class='ocrx_word' id='word_1_815' title='bbox 3410 3898 3518 3953; x_wconf 85' lang='lat' dir='ltr'><strong>dies</strong></span> <span class='ocrx_word' id='word_1_816' title='bbox 3542 3909 3774 3969; x_wconf 80' lang='lat' dir='ltr'><strong>quartus.</strong></span> 
     </span>
    </p>
   </div>
   <div class='ocr_carea' id='block_1_99' title="bbox 2187 3991 3774 4064">
    <p class='ocr_par' dir='ltr' id='par_1_99' title="bbox 2187 3991 3774 4064">
     <span class='ocr_line' id='line_1_99' title="bbox 2187 3991 3774 4064; baseline -0.002 -16"><span class='ocrx_word' id='word_1_817' title='bbox 2187 3993 2321 4049; x_wconf 84' lang='lat' dir='ltr'><strong>Vide</strong></span> <span class='ocrx_word' id='word_1_818' title='bbox 2346 4008 2453 4064; x_wconf 89' lang='lat' dir='ltr'><strong>quo</strong></span> <span class='ocrx_word' id='word_1_819' title='bbox 2480 4003 2633 4064; x_wconf 89' lang='lat' dir='ltr'><strong>pacto</strong></span> <span class='ocrx_word' id='word_1_820' title='bbox 2657 4003 2712 4048; x_wconf 91' lang='lat' dir='ltr'><strong>et</strong></span> <span class='ocrx_word' id='word_1_821' title='bbox 2734 3994 2836 4048; x_wconf 87' lang='lat' dir='ltr'><strong>hoc</strong></span> <span class='ocrx_word' id='word_1_822' title='bbox 2864 4009 2959 4064; x_wconf 88' lang='lat' dir='ltr'><strong>per</strong></span> <span class='ocrx_word' id='word_1_823' title='bbox 2975 3993 3213 4064; x_wconf 90' lang='lat' dir='ltr'><strong>singulos</strong></span> <span class='ocrx_word' id='word_1_824' title='bbox 3232 3991 3347 4047; x_wconf 90' lang='lat' dir='ltr'><strong>dies</strong></span> <span class='ocrx_word' id='word_1_825' title='bbox 3366 4000 3774 4056; x_wconf 88' lang='lat' dir='ltr'><strong>commemorat,</strong></span> 
     </span>
    </p>
   </div>
   <div class='ocr_carea' id='block_1_100' title="bbox 2186 4083 3777 4158">
    <p class='ocr_par' dir='ltr' id='par_1_100' title="bbox 2186 4083 3777 4158">
     <span class='ocr_line' id='line_1_100' title="bbox 2186 4083 3777 4158; baseline -0.004 -15"><span class='ocrx_word' id='word_1_826' title='bbox 2186 4087 2363 4143; x_wconf 89' lang='lat' dir='ltr'><strong>divina</strong></span> <span class='ocrx_word' id='word_1_827' title='bbox 2393 4086 2641 4158; x_wconf 84' lang='lat' dir='ltr'><strong>dogmata</strong></span> <span class='ocrx_word' id='word_1_828' title='bbox 2680 4085 2946 4158; x_wconf 89' lang='lat' dir='ltr'><strong>frequenti</strong></span> <span class='ocrx_word' id='word_1_829' title='bbox 2984 4083 3349 4140; x_wconf 86' lang='lat' dir='ltr'><strong>admonitione</strong></span> <span class='ocrx_word' id='word_1_830' title='bbox 3385 4091 3582 4138; x_wconf 76' lang='lat' dir='ltr'><strong>nostra:</strong></span> <span class='ocrx_word' id='word_1_831' title='bbox 3611 4085 3777 4138; x_wconf 89' lang='lat' dir='ltr'><strong>menti</strong></span> 
     </span>
    </p>
   </div>
   <div class='ocr_carea' id='block_1_101' title="bbox 2187 4180 2642 4251">
    <p class='ocr_par' dir='ltr' id='par_1_101' title="bbox 2187 4180 2642 4251">
     <span class='ocr_line' id='line_1_101' title="bbox 2187 4180 2642 4251; baseline -0.011 -15"><span class='ocrx_word' id='word_1_832' title='bbox 2187 4180 2408 4251; x_wconf 88' lang='lat' dir='ltr'><strong>infigere</strong></span> <span class='ocrx_word' id='word_1_833' title='bbox 2436 4180 2642 4235; x_wconf 84' lang='lat' dir='ltr'><strong>volens.</strong></span> 
     </span>
    </p>
   </div>
   <div class='ocr_carea' id='block_1_102' title="bbox 2259 4268 3777 4341">
    <p class='ocr_par' dir='ltr' id='par_1_102' title="bbox 2259 4268 3777 4341">
     <span class='ocr_line' id='line_1_102' title="bbox 2259 4268 3777 4341; baseline -0.005 -12"><span class='ocrx_word' id='word_1_834' title='bbox 2259 4274 2311 4330; x_wconf 89' lang='lat'><strong>6.</strong></span> <span class='ocrx_word' id='word_1_835' title='bbox 2356 4272 2890 4328; x_wconf 74' lang='lat' dir='ltr'><strong>Moralisexltortatio.</strong></span> <span class='ocrx_word' id='word_1_836' title='bbox 2925 4301 2998 4312; x_wconf 93' lang='lat'>—</span> <span class='ocrx_word' id='word_1_837' title='bbox 3038 4269 3165 4326; x_wconf 63' lang='lat' dir='ltr'><strong>Haec</strong></span> <span class='ocrx_word' id='word_1_838' title='bbox 3207 4270 3365 4341; x_wconf 87' lang='lat' dir='ltr'><strong>igitur</strong></span> <span class='ocrx_word' id='word_1_839' title='bbox 3406 4268 3583 4323; x_wconf 85' lang='lat' dir='ltr'><strong>omnia</strong></span> <span class='ocrx_word' id='word_1_840' title='bbox 3627 4268 3777 4337; x_wconf 84' lang='lat' dir='ltr'><strong>quasi</strong></span> 
     </span>
    </p>
   </div>
   <div class='ocr_carea' id='block_1_103' title="bbox 2190 4359 3776 4437">
    <p class='ocr_par' dir='ltr' id='par_1_103' title="bbox 2190 4359 3776 4437">
     <span class='ocr_line' id='line_1_103' title="bbox 2190 4359 3776 4437; baseline -0.008 -14"><span class='ocrx_word' id='word_1_841' title='bbox 2190 4367 2453 4437; x_wconf 86' lang='lat' dir='ltr'><strong>insculpta</strong></span> <span class='ocrx_word' id='word_1_842' title='bbox 2484 4366 2777 4420; x_wconf 88' lang='lat' dir='ltr'><strong>retinentes</strong></span> <span class='ocrx_word' id='word_1_843' title='bbox 2814 4363 2866 4418; x_wconf 92' lang='lat' dir='ltr'><strong>in</strong></span> <span class='ocrx_word' id='word_1_844' title='bbox 2898 4362 3180 4419; x_wconf 89' lang='lat' dir='ltr'><strong>latitudine</strong></span> <span class='ocrx_word' id='word_1_845' title='bbox 3209 4361 3419 4428; x_wconf 88' lang='lat' dir='ltr'><strong>cordis,</strong></span> <span class='ocrx_word' id='word_1_846' title='bbox 3474 4376 3582 4431; x_wconf 90' lang='lat' dir='ltr'><strong>quo</strong></span> <span class='ocrx_word' id='word_1_847' title='bbox 3606 4359 3776 4429; x_wconf 85' lang='lat' dir='ltr'><strong>negli-</strong></span> 
     </span>
    </p>
   </div>
   <div class='ocr_carea' id='block_1_104' title="bbox 2187 4456 3779 4533">
    <p class='ocr_par' dir='ltr' id='par_1_104' title="bbox 2187 4456 3779 4533">
     <span class='ocr_line' id='line_1_104' title="bbox 2187 4456 3779 4533; baseline -0.006 -18"><span class='ocrx_word' id='word_1_848' title='bbox 2187 4461 2420 4533; x_wconf 87' lang='lat' dir='ltr'><strong>gentiam</strong></span> <span class='ocrx_word' id='word_1_849' title='bbox 2451 4474 2665 4514; x_wconf 91' lang='lat' dir='ltr'><strong>omnem</strong></span> <span class='ocrx_word' id='word_1_850' title='bbox 2690 4456 3044 4518; x_wconf 82' lang='lat' dir='ltr'><strong>excutiamus,</strong></span> <span class='ocrx_word' id='word_1_851' title='bbox 3062 4471 3191 4510; x_wconf 90' lang='lat' dir='ltr'><strong>sana</strong></span> <span class='ocrx_word' id='word_1_852' title='bbox 3218 4462 3470 4509; x_wconf 86' lang='lat' dir='ltr'><strong>accurate</strong></span> <span class='ocrx_word' id='word_1_853' title='bbox 3500 4461 3779 4507; x_wconf 78' lang='lat' dir='ltr'><strong>teneamus</strong></span> 
     </span>
    </p>
   </div>
   <div class='ocr_carea' id='block_1_105' title="bbox 2187 4547 3774 4625">
    <p class='ocr_par' dir='ltr' id='par_1_105' title="bbox 2187 4547 3774 4625">
     <span class='ocr_line' id='line_1_105' title="bbox 2187 4547 3774 4625; baseline -0.008 -17"><span class='ocrx_word' id='word_1_854' title='bbox 2187 4554 2456 4625; x_wconf 85' lang='lat' dir='ltr'><strong>dogmata,</strong></span> <span class='ocrx_word' id='word_1_855' title='bbox 2490 4561 2650 4622; x_wconf 90' lang='lat' dir='ltr'><strong>atque</strong></span> <span class='ocrx_word' id='word_1_856' title='bbox 2670 4567 2764 4606; x_wconf 90' lang='lat' dir='ltr'><strong>eos</strong></span> <span class='ocrx_word' id='word_1_857' title='bbox 2785 4549 2875 4619; x_wconf 90' lang='lat' dir='ltr'><strong>qui</strong></span> <span class='ocrx_word' id='word_1_858' title='bbox 2900 4547 3084 4619; x_wconf 89' lang='lat' dir='ltr'><strong>gentili</strong></span> <span class='ocrx_word' id='word_1_859' title='bbox 3103 4561 3288 4601; x_wconf 90' lang='lat' dir='ltr'><strong>errore</strong></span> <span class='ocrx_word' id='word_1_860' title='bbox 3316 4552 3774 4615; x_wconf 71' lang='lat' dir='ltr'><strong>prteoccupantur,</strong></span> 
     </span>
    </p>
   </div>
   <div class='ocr_carea' id='block_1_106' title="bbox 2188 4633 3780 4704">
    <p class='ocr_par' dir='ltr' id='par_1_106' title="bbox 2188 4633 3780 4704">
     <span class='ocr_line' id='line_1_106' title="bbox 2188 4633 3780 4704; baseline -0.009 -6"><span class='ocrx_word' id='word_1_861' title='bbox 2188 4646 2335 4699; x_wconf 76' lang='lat' dir='ltr'><strong>onnti</strong></span> <span class='ocrx_word' id='word_1_862' title='bbox 2367 4642 2778 4699; x_wconf 84' lang='lat' dir='ltr'><strong>mansuetudine</strong></span> <span class='ocrx_word' id='word_1_863' title='bbox 2803 4636 3113 4704; x_wconf 86' lang='lat' dir='ltr'><strong>doceamus,</strong></span> <span class='ocrx_word' id='word_1_864' title='bbox 3165 4652 3235 4690; x_wconf 89' lang='lat' dir='ltr'><strong>ne</strong></span> <span class='ocrx_word' id='word_1_865' title='bbox 3275 4635 3521 4690; x_wconf 88' lang='lat' dir='ltr'><strong>ordinem</strong></span> <span class='ocrx_word' id='word_1_866' title='bbox 3549 4633 3780 4689; x_wconf 85' lang='lat' dir='ltr'><strong>confun-</strong></span> 
     </span>
    </p>
   </div>
   <div class='ocr_carea' id='block_1_107' title="bbox 2188 4725 3780 4804">
    <p class='ocr_par' dir='ltr' id='par_1_107' title="bbox 2188 4725 3780 4804">
     <span class='ocr_line' id='line_1_107' title="bbox 2188 4725 3780 4804; baseline -0.008 -14"><span class='ocrx_word' id='word_1_867' title='bbox 2188 4735 2340 4799; x_wconf 84' lang='lat' dir='ltr'><strong>dant,</strong></span> <span class='ocrx_word' id='word_1_868' title='bbox 2365 4750 2540 4804; x_wconf 91' lang='lat' dir='ltr'><strong>neque</strong></span> <span class='ocrx_word' id='word_1_869' title='bbox 2567 4734 2753 4788; x_wconf 91' lang='lat' dir='ltr'><strong>relicto</strong></span> <span class='ocrx_word' id='word_1_870' title='bbox 2778 4730 3036 4785; x_wconf 88' lang='lat' dir='ltr'><strong>Creatore</strong></span> <span class='ocrx_word' id='word_1_871' title='bbox 3067 4738 3346 4783; x_wconf 88' lang='lat' dir='ltr'><strong>creaturas</strong></span> <span class='ocrx_word' id='word_1_872' title='bbox 3369 4725 3631 4790; x_wconf 88' lang='lat' dir='ltr'><strong>adorent,</strong></span> <span class='ocrx_word' id='word_1_873' title='bbox 3659 4740 3780 4794; x_wconf 67' lang='lat' dir='ltr'><strong>qua:</strong></span> 
     </span>
    </p>
   </div>
   <div class='ocr_carea' id='block_1_108' title="bbox 2189 4814 3779 4882">
    <p class='ocr_par' dir='ltr' id='par_1_108' title="bbox 2189 4814 3779 4882">
     <span class='ocr_line' id='line_1_108' title="bbox 2189 4814 3779 4882; baseline -0.009 0"><span class='ocrx_word' id='word_1_874' title='bbox 2189 4826 2260 4882; x_wconf 93' lang='lat' dir='ltr'><strong>ob</strong></span> <span class='ocrx_word' id='word_1_875' title='bbox 2283 4834 2523 4881; x_wconf 88' lang='lat' dir='ltr'><strong>nostram</strong></span> <span class='ocrx_word' id='word_1_876' title='bbox 2550 4823 2778 4879; x_wconf 91' lang='lat' dir='ltr'><strong>salutem</strong></span> <span class='ocrx_word' id='word_1_877' title='bbox 2820 4829 2877 4877; x_wconf 90' lang='lat' dir='ltr'><strong>et</strong></span> <span class='ocrx_word' id='word_1_878' title='bbox 2921 4820 3202 4875; x_wconf 88' lang='lat' dir='ltr'><strong>utilitatem</strong></span> <span class='ocrx_word' id='word_1_879' title='bbox 3254 4819 3407 4873; x_wconf 68' lang='lat' dir='ltr'><strong>facta:</strong></span> <span class='ocrx_word' id='word_1_880' title='bbox 3451 4823 3598 4871; x_wconf 91' lang='lat' dir='ltr'><strong>sunt.</strong></span> <span class='ocrx_word' id='word_1_881' title='bbox 3644 4814 3779 4870; x_wconf 83' lang='lat' dir='ltr'><strong>Nam</strong></span> 
     </span>
    </p>
   </div>
   <div class='ocr_carea' id='block_1_109' title="bbox 2189 4908 3784 4986">
    <p class='ocr_par' dir='ltr' id='par_1_109' title="bbox 2189 4908 3784 4986">
     <span class='ocr_line' id='line_1_109' title="bbox 2189 4908 3784 4986; baseline -0.009 -12"><span class='ocrx_word' id='word_1_882' title='bbox 2189 4918 2290 4975; x_wconf 89' lang='lat' dir='ltr'><strong>etsi</strong></span> <span class='ocrx_word' id='word_1_883' title='bbox 2320 4917 2515 4972; x_wconf 88' lang='lat' dir='ltr'><strong>millies</strong></span> <span class='ocrx_word' id='word_1_884' title='bbox 2534 4914 2909 4986; x_wconf 90' lang='lat' dir='ltr'><strong>dirumpantur</strong></span> <span class='ocrx_word' id='word_1_885' title='bbox 2951 4911 3202 4981; x_wconf 89' lang='lat' dir='ltr'><strong>gentiles,</strong></span> <span class='ocrx_word' id='word_1_886' title='bbox 3251 4919 3429 4964; x_wconf 88' lang='lat' dir='ltr'><strong>tamen</strong></span> <span class='ocrx_word' id='word_1_887' title='bbox 3465 4908 3608 4962; x_wconf 88' lang='lat' dir='ltr'><strong>clara</strong></span> <span class='ocrx_word' id='word_1_888' title='bbox 3650 4921 3784 4960; x_wconf 87' lang='lat' dir='ltr'><strong>voce</strong></span> 
     </span>
    </p>
   </div>
   <div class='ocr_carea' id='block_1_110' title="bbox 2190 4996 3779 5079">
    <p class='ocr_par' dir='ltr' id='par_1_110' title="bbox 2190 4996 3779 5079">
     <span class='ocr_line' id='line_1_110' title="bbox 2190 4996 3779 5079; baseline -0.011 -11"><span class='ocrx_word' id='word_1_889' title='bbox 2190 5011 2387 5077; x_wconf 89' lang='lat' dir='ltr'><strong>clamo,</strong></span> <span class='ocrx_word' id='word_1_890' title='bbox 2441 5016 2661 5079; x_wconf 89' lang='lat' dir='ltr'><strong>propter</strong></span> <span class='ocrx_word' id='word_1_891' title='bbox 2716 5006 3006 5060; x_wconf 87' lang='lat' dir='ltr'><strong>humanum</strong></span> <span class='ocrx_word' id='word_1_892' title='bbox 3037 5017 3207 5071; x_wconf 88' lang='lat' dir='ltr'><strong>genus</strong></span> <span class='ocrx_word' id='word_1_893' title='bbox 3264 4999 3379 5054; x_wconf 77' lang='lat' dir='ltr'><strong>lure</strong></span> <span class='ocrx_word' id='word_1_894' title='bbox 3419 4998 3597 5053; x_wconf 89' lang='lat' dir='ltr'><strong>omnia</strong></span> <span class='ocrx_word' id='word_1_895' title='bbox 3642 4996 3779 5052; x_wconf 88' lang='lat' dir='ltr'><strong>facta</strong></span> 
     </span>
    </p>
   </div>
   <div class='ocr_carea' id='block_1_111' title="bbox 2188 5092 3783 5170">
    <p class='ocr_par' dir='ltr' id='par_1_111' title="bbox 2188 5092 3783 5170">
     <span class='ocr_line' id='line_1_111' title="bbox 2188 5092 3783 5170; baseline -0.01 -11"><span class='ocrx_word' id='word_1_896' title='bbox 2188 5117 2346 5170; x_wconf 87' lang='lat' dir='ltr'><strong>esse;</strong></span> <span class='ocrx_word' id='word_1_897' title='bbox 2380 5100 2480 5157; x_wconf 91' lang='lat' dir='ltr'><strong>sibi</strong></span> <span class='ocrx_word' id='word_1_898' title='bbox 2505 5100 2647 5155; x_wconf 90' lang='lat' dir='ltr'><strong>enim</strong></span> <span class='ocrx_word' id='word_1_899' title='bbox 2674 5096 2950 5153; x_wconf 87' lang='lat' dir='ltr'><strong>sufficiens</strong></span> <span class='ocrx_word' id='word_1_900' title='bbox 2988 5093 3168 5164; x_wconf 81' lang='lat' dir='ltr'><strong>opifex</strong></span> <span class='ocrx_word' id='word_1_901' title='bbox 3207 5093 3356 5147; x_wconf 91' lang='lat' dir='ltr'><strong>nullo</strong></span> <span class='ocrx_word' id='word_1_902' title='bbox 3379 5092 3604 5147; x_wconf 90' lang='lat' dir='ltr'><strong>istorum</strong></span> <span class='ocrx_word' id='word_1_903' title='bbox 3648 5104 3783 5159; x_wconf 88' lang='lat' dir='ltr'><strong>opus</strong></span> 
     </span>
    </p>
   </div>
   <div class='ocr_carea' id='block_1_112' title="bbox 2188 5184 3782 5260">
    <p class='ocr_par' dir='ltr' id='par_1_112' title="bbox 2188 5184 3782 5260">
     <span class='ocr_line' id='line_1_112' title="bbox 2188 5184 3782 5260; baseline -0.009 -12"><span class='ocrx_word' id='word_1_904' title='bbox 2188 5192 2422 5251; x_wconf 87' lang='lat' dir='ltr'><strong>habebat</strong></span> <span class='ocrx_word' id='word_1_905' title='bbox 2450 5209 2465 5247; x_wconf 89' lang='lat'>:</span> <span class='ocrx_word' id='word_1_906' title='bbox 2493 5191 2587 5247; x_wconf 86' lang='lat' dir='ltr'><strong>sed</strong></span> <span class='ocrx_word' id='word_1_907' title='bbox 2615 5199 2674 5245; x_wconf 90' lang='lat' dir='ltr'><strong>ut</strong></span> <span class='ocrx_word' id='word_1_908' title='bbox 2694 5205 2818 5260; x_wconf 88' lang='lat' dir='ltr'><strong>erga</strong></span> <span class='ocrx_word' id='word_1_909' title='bbox 2846 5205 2944 5243; x_wconf 93' lang='lat' dir='ltr'><strong>nos</strong></span> <span class='ocrx_word' id='word_1_910' title='bbox 2969 5202 3118 5241; x_wconf 89' lang='lat' dir='ltr'><strong>suam</strong></span> <span class='ocrx_word' id='word_1_911' title='bbox 3169 5184 3551 5254; x_wconf 87' lang='lat' dir='ltr'><strong>benignitatem</strong></span> <span class='ocrx_word' id='word_1_912' title='bbox 3591 5193 3782 5235; x_wconf 83' lang='lat' dir='ltr'><strong>osten-</strong></span> 
     </span>
    </p>
   </div>
   <div class='ocr_carea' id='block_1_113' title="bbox 2188 5273 3783 5353">
    <p class='ocr_par' dir='ltr' id='par_1_113' title="bbox 2188 5273 3783 5353">
     <span class='ocr_line' id='line_1_113' title="bbox 2188 5273 3783 5353; baseline -0.012 -8"><span class='ocrx_word' id='word_1_913' title='bbox 2188 5287 2360 5353; x_wconf 89' lang='lat' dir='ltr'><strong>deret,</strong></span> <span class='ocrx_word' id='word_1_914' title='bbox 2395 5287 2509 5340; x_wconf 61' lang='lat' dir='ltr'><strong>bare</strong></span> <span class='ocrx_word' id='word_1_915' title='bbox 2528 5282 2708 5340; x_wconf 91' lang='lat' dir='ltr'><strong>omnia</strong></span> <span class='ocrx_word' id='word_1_916' title='bbox 2738 5280 3007 5351; x_wconf 80' lang='lat' dir='ltr'><strong>produxit,</strong></span> <span class='ocrx_word' id='word_1_917' title='bbox 3026 5279 3404 5336; x_wconf 87' lang='lat' dir='ltr'><strong>demonstrans</strong></span> <span class='ocrx_word' id='word_1_918' title='bbox 3454 5283 3657 5346; x_wconf 89' lang='lat' dir='ltr'><strong>quanto</strong></span> <span class='ocrx_word' id='word_1_919' title='bbox 3685 5273 3783 5327; x_wconf 84' lang='lat' dir='ltr'><strong>bo-</strong></span> 
     </span>
    </p>
   </div>
   <div class='ocr_carea' id='block_1_114' title="bbox 2189 5365 3779 5449">
    <p class='ocr_par' dir='ltr' id='par_1_114' title="bbox 2189 5365 3779 5449">
     <span class='ocr_line' id='line_1_114' title="bbox 2189 5365 3779 5449; baseline -0.01 -15"><span class='ocrx_word' id='word_1_920' title='bbox 2189 5394 2321 5435; x_wconf 87' lang='lat' dir='ltr'><strong>nore</strong></span> <span class='ocrx_word' id='word_1_921' title='bbox 2345 5383 2699 5449; x_wconf 89' lang='lat' dir='ltr'><strong>prosequatur</strong></span> <span class='ocrx_word' id='word_1_922' title='bbox 2727 5373 3017 5428; x_wconf 87' lang='lat' dir='ltr'><strong>humanum</strong></span> <span class='ocrx_word' id='word_1_923' title='bbox 3047 5385 3236 5442; x_wconf 89' lang='lat' dir='ltr'><strong>genus,</strong></span> <span class='ocrx_word' id='word_1_924' title='bbox 3265 5378 3324 5424; x_wconf 90' lang='lat' dir='ltr'><strong>ut</strong></span> <span class='ocrx_word' id='word_1_925' title='bbox 3349 5367 3432 5423; x_wconf 89' lang='lat' dir='ltr'><strong>his</strong></span> <span class='ocrx_word' id='word_1_926' title='bbox 3470 5365 3779 5421; x_wconf 88' lang='lat' dir='ltr'><strong>manuducti</strong></span> 
     </span>
    </p>
   </div>
   <div class='ocr_carea' id='block_1_115' title="bbox 2189 5459 3781 5540">
    <p class='ocr_par' dir='ltr' id='par_1_115' title="bbox 2189 5459 3781 5540">
     <span class='ocr_line' id='line_1_115' title="bbox 2189 5459 3781 5540; baseline -0.009 -13"><span class='ocrx_word' id='word_1_927' title='bbox 2189 5472 2428 5529; x_wconf 89' lang='lat' dir='ltr'><strong>debitam</strong></span> <span class='ocrx_word' id='word_1_928' title='bbox 2459 5467 2557 5540; x_wconf 91' lang='lat' dir='ltr'><strong>ipsi</strong></span> <span class='ocrx_word' id='word_1_929' title='bbox 2584 5467 2953 5523; x_wconf 88' lang='lat' dir='ltr'><strong>adorationem</strong></span> <span class='ocrx_word' id='word_1_930' title='bbox 2983 5463 3297 5520; x_wconf 83' lang='lat' dir='ltr'><strong>referamus.</strong></span> <span class='ocrx_word' id='word_1_931' title='bbox 3354 5460 3581 5529; x_wconf 76' lang='lat' dir='ltr'><strong>Quanta:</strong></span> <span class='ocrx_word' id='word_1_932' title='bbox 3635 5459 3781 5514; x_wconf 91' lang='lat' dir='ltr'><strong>enim</strong></span> 
     </span>
    </p>
   </div>
   <div class='ocr_carea' id='block_1_116' title="bbox 2188 5553 3783 5629">
    <p class='ocr_par' dir='ltr' id='par_1_116' title="bbox 2188 5553 3783 5629">
     <span class='ocr_line' id='line_1_116' title="bbox 2188 5553 3783 5629; baseline -0.009 -10"><span class='ocrx_word' id='word_1_933' title='bbox 2188 5558 2428 5620; x_wconf 58' lang='lat' dir='ltr'><strong>stultitiae</strong></span> <span class='ocrx_word' id='word_1_934' title='bbox 2455 5571 2539 5617; x_wconf 90' lang='lat' dir='ltr'><strong>est</strong></span> <span class='ocrx_word' id='word_1_935' title='bbox 2561 5570 2686 5615; x_wconf 90' lang='lat' dir='ltr'><strong>ante</strong></span> <span class='ocrx_word' id='word_1_936' title='bbox 2707 5557 2958 5629; x_wconf 85' lang='lat' dir='ltr'><strong>pulchras</strong></span> <span class='ocrx_word' id='word_1_937' title='bbox 2981 5566 3254 5613; x_wconf 88' lang='lat' dir='ltr'><strong>creaturas</strong></span> <span class='ocrx_word' id='word_1_938' title='bbox 3280 5553 3631 5626; x_wconf 84' lang='lat' dir='ltr'><strong>procumbere</strong></span> <span class='ocrx_word' id='word_1_939' title='bbox 3650 5561 3700 5606; x_wconf 91' lang='lat' dir='ltr'><strong>et</strong></span> <span class='ocrx_word' id='word_1_940' title='bbox 3729 5553 3783 5606; x_wconf 93' lang='lat' dir='ltr'><strong>in</strong></span> 
     </span>
    </p>
   </div>
   <div class='ocr_carea' id='block_1_117' title="bbox 2191 5644 3785 5719">
    <p class='ocr_par' dir='ltr' id='par_1_117' title="bbox 2191 5644 3785 5719">
     <span class='ocr_line' id='line_1_117' title="bbox 2191 5644 3785 5719; baseline -0.009 -6"><span class='ocrx_word' id='word_1_941' title='bbox 2191 5658 2297 5713; x_wconf 88' lang='lat' dir='ltr'><strong>illis</strong></span> <span class='ocrx_word' id='word_1_942' title='bbox 2322 5655 2638 5719; x_wconf 88' lang='lat' dir='ltr'><strong>consistere,</strong></span> <span class='ocrx_word' id='word_1_943' title='bbox 2668 5666 2767 5707; x_wconf 91' lang='lat' dir='ltr'><strong>nec</strong></span> <span class='ocrx_word' id='word_1_944' title='bbox 2796 5650 3040 5707; x_wconf 85' lang='lat' dir='ltr'><strong>attollere</strong></span> <span class='ocrx_word' id='word_1_945' title='bbox 3068 5650 3263 5706; x_wconf 90' lang='lat' dir='ltr'><strong>mentis</strong></span> <span class='ocrx_word' id='word_1_946' title='bbox 3288 5647 3473 5704; x_wconf 88' lang='lat' dir='ltr'><strong>oculos</strong></span> <span class='ocrx_word' id='word_1_947' title='bbox 3517 5645 3585 5702; x_wconf 82' lang='lat' dir='ltr'><strong>ad</strong></span> <span class='ocrx_word' id='word_1_948' title='bbox 3630 5644 3785 5702; x_wconf 87' lang='lat' dir='ltr'><strong>illum</strong></span> 
     </span>
    </p>
   </div>
   <div class='ocr_carea' id='block_1_118' title="bbox 2258 5805 3266 5878">
    <p class='ocr_par' dir='ltr' id='par_1_118' title="bbox 2258 5805 3266 5878">
     <span class='ocr_line' id='line_1_118' title="bbox 2258 5805 3266 5878; baseline -0.009 -11"><span class='ocrx_word' id='word_1_949' title='bbox 2258 5816 2276 5848; x_wconf 79' lang='grc' dir='ltr'><strong>ι</strong></span> <span class='ocrx_word' id='word_1_950' title='bbox 2309 5811 2520 5876; x_wconf 63' lang='lat' dir='ltr'><strong>celatim,</strong></span> <span class='ocrx_word' id='word_1_951' title='bbox 2533 5812 2683 5878; x_wconf 74' lang='lat' dir='ltr'><strong>juxta</strong></span> <span class='ocrx_word' id='word_1_952' title='bbox 2704 5808 2953 5865; x_wconf 81' lang='lat' dir='ltr'><strong>stellarum</strong></span> <span class='ocrx_word' id='word_1_953' title='bbox 2973 5805 3266 5874; x_wconf 62' lang='lat' dir='ltr'><strong>insitionem.</strong></span> 
     </span>
    </p>
   </div>
  </div>
