4144 6456
375 387 438 446 ει
780 379 785 383 ο
1528 378 1595 436 IN
1633 378 1789 435 CAP.
1821 377 1859 432 1.
1904 375 1979 432 cr

2094 374 2150 431 S.
2198 377 2419 435 llOMlL.
2475 381 2583 440 νη.
3590 394 3670 451 ω

365 501 461 575 .qui
477 515 567 558 eas
577 497 855 570 produxit,
874 510 1044 567 neque
1064 493 1226 551 Paulo
1242 493 1463 551 credere
1479 493 1676 549 dicenti
1694 510 1705 545 :
1729 492 1753 546 1
1763 491 1971 547 nvisibi—

364 596 443 650 lia
460 594 682 649 iniussa
689 588 944 644 creatione
956 587 1132 643 mundi
1151 602 1240 657 per
1255 600 1436 658 raque
1446 586 1583 656 facta
1600 594 1714 640 sunt
1722 582 1975 638 intellecta

372 685 698 754 mittantur
708 682 728 753 (
738 682 893 738 Rom.
912 683 938 737 1
949 720 965 736 .
981 678 1097 753 20)!
1112 678 1247 746 Quid
1260 679 1412 743 dicis,
1426 678 1611 734 homo?
1621 677 1759 734 Cum
1772 677 1975 732 videris

365 775 587 841 calum,
617 773 904 829 admiraris
924 770 1047 842 eius
1062 770 1482 838 formositatem,
1508 778 1774 825 astrorum
1800 768 1975 823 varie-

378 879 565 933 tatem,
592 864 859 921 claritatis
880 862 1266 918 eminentiam?
1293 861 1370 918 Ne
1387 861 1459 917 ibi
1478 861 1759 923 subsistas,
1783 861 1876 915 sed
1904 858 1971 939 ad

366 958 635 1030 Opiﬁeem
666 958 842 1027 ipsum
871 965 1013 1010 tuam
1043 953 1273 1011 extende
1299 962 1534 1009 mentem
1565 970 1579 1006 :
1615 953 1667 1006 in
1696 959 1971 1020 stuporem

370 1064 435 1107 te
458 1066 649 1107 rursus
669 1049 890 1119 coniicit
908 1049 1000 1104 lux
1034 1048 1185 1114 solis,
1217 1055 1273 1102 et
1286 1046 1570 1101 admiraris
1591 1044 1707 1114 eius
1718 1043 1974 1112 multipli-

374 1158 493 1197 cem
525 1157 717 1196 usum:
750 1150 807 1195 et
828 1139 954 1211 quia
981 1139 1131 1195 vides
1181 1139 1361 1193 radios
1406 1138 1738 1193 illustrantes
1786 1136 1974 1192 oculos

378 1240 524 1296 tuos,
551 1231 837 1287 admiraris
856 1231 1108 1287 elementi
1138 1229 1636 1301 pulchritudinem?
1662 1228 1767 1285 Sed
1800 1243 1973 1299 neque

377 1324 468 1377 hic
494 1323 754 1395 subsistas
778 1339 793 1389 ;
824 1321 933 1376 imo
954 1321 1055 1377 hoc
1083 1322 1278 1393 cogita,
1310 1321 1355 1376 si
1380 1330 1626 1377 creatura
1649 1327 1757 1374 tam
1806 1318 1975 1373 admi-

366 1413 565 1468 rabilis
583 1420 684 1477 est,
707 1422 762 1468 et
775 1427 934 1482 supra
952 1412 1190 1468 omnium
1211 1412 1516 1482 opinionem
1542 1421 1596 1468 et
1617 1411 1968 1479 intellectum,

368 1514 616 1575 quantus
638 1506 839 1576 estqui
868 1505 1037 1575 ipsam
1061 1507 1181 1561 solo
1206 1505 1373 1561 verbo
1398 1515 1452 1562 et
1479 1513 1749 1576 praecepto
1776 1504 1974 1575 produ-

379 1597 494 1652 xit‘!
515 1597 755 1667 idipsum
783 1606 839 1652 et
866 1597 934 1652 de
990 1604 1131 1652 terra
1180 1606 1358 1653 tecum
1403 1596 1683 1653 considera
1713 1614 1729 1653 :
1756 1596 1974 1668 quando

378 1690 578 1746 videris
603 1704 723 1744 eam
749 1688 970 1744 (Im-ibus
985 1690 1188 1751 ornari.
1210 1688 1360 1745 sicut
1377 1690 1761 1746 vestimentum
1789 1687 1969 1744 multis

362 1780 651 1835 .coloribus
676 1779 1178 1847 distiuetum,-varia
1202 1779 1491 1836 herbarum
1531 1788 1712 1850 segete
1740 1779 1973 1850 undique

379 1871 489 1941 tegi
518 1887 533 1923 :
565 1871 826 1925 nevirtuti
843 1880 997 1925 terra:
1014 1869 1286 1927 adscribas
1297 1886 1358 1927 ea
1375 1886 1493 1941 qua:
1516 1886 1579 1925 ex
1599 1871 1710 1940 ipsa
1739 1884 1974 1925 nascun-

369 1973 490 2029 tur,
519 1978 693 2035 neque
712 1962 845 2018 solis
867 1963 948 2017 vel
977 1964 1117 2018 lunae
1136 1963 1537 2033 cooperationi;
1568 1963 1664 2019 sed
1688 1963 1855 2033 probe
1877 1976 1973 2016 co-

364 2056 489 2125 »gita
518 2056 681 2110 Deum
708 2062 834 2111 ante
862 2055 1072 2111 illorum
1099 2056 1424 2111 creationem
1447 2056 1647 2111 dixisse
1673 2056 1971 2124 dumtaxat,

383 2146 645 2201 Producat
674 2156 808 2202 terra
832 2147 1038 2202 herbam
1058 2147 1202 2215 feni,
1232 2157 1287 2202 et
1315 2163 1441 2201 mox
1467 2162 1682 2203 omnem
1715 2156 1872 2203 terrae
1897 2148 1975 2203 fa-

370 2242 521 2297 ciem
538 2250 779 2295 ornatam
794 2240 976 2296 fuisse.
998 2240 1053 2296 Si
1064 2239 1188 2295 haec
1216 2241 1437 2310 singulis
1465 2241 1654 2296 diebus
1696 2241 1974 2296 nobiscum

373 2335 796 2403 -versemus,ipsi
812 2333 948 2405 grati
962 2337 1187 2400 erimus,
1207 2342 1261 2388 et
1276 2332 1503 2387 Domino
1515 2342 1571 2388 ut
1586 2332 1758 2402 decet,
1780 2334 1888 2387 imo
1917 2344 1976 2388 ut

384 2435 583 2481 nostra:
598 2426 741 2480 vires
756 2425 952 2492 ferunt,
985 2424 1204 2494 gloriam
1232 2423 1499 2479 dabimus.
1533 2424 1767 2479 Gloriam
1795 2432 1974 2479 autem

372 2521 487 2590 ipsi
504 2520 816 2582 tribuemus,
837 2533 940 2573 non
958 2533 1053 2588 per
1071 2517 1171 2573 hoc
1184 2519 1377 2585 solum,
1414 2518 1509 2573 sed
1534 2525 1591 2576 et
1609 2532 1703 2589 per
1719 2518 1975 2587 optimam

374 2611 573 2677 vvitam,
595 2610 640 2664 si
665 2610 836 2665 non-in
862 2609 1047 2665 eadem
1073 2616 1291 2681 peccata
1307 2609 1627 2676 recidamus,
1651 2609 1742 2665 sed
1761 2610 1975 2680 longum

372 2704 504 2758 vale
528 2702 767 2759 dicentes
793 2701 1073 2757 diabolicis
1100 2701 1456 2769 illusionibus,
1488 2701 1726 2773 diligenti
1755 2703 1977 2772 posthac

378 2794 714 2860 attentione,
745 2793 1022 2865 multoque
1050 2793 1252 2861 studio,
1284 2803 1339 2850 et
1358 2794 1608 2850 continua
1638 2795 1976 2851 confessione

382 2902 676 2959 supemam
705 2885 1135 2942 benevolentiam
1164 2888 1319 2942 nobis
1342 2887 1715 2942 conciliemus.
1770 2886 1979 2943 Sufficit

377 2985 533 3036 enim
562 2979 636 3034 illi
666 2978 734 3032 ob
764 2992 1012 3049 magnam
1041 2992 1194 3033 suam
1238 2978 1686 3047 misericordiam,
1722 2988 1781 3033 ut
1823 2978 1974 3034 desi-

386 3081 595 3129 strmus
617 3086 647 3124 a
671 3072 922 3142 peccatis.
952 3070 1008 3127 Si
1035 3071 1178 3126 enim
1207 3070 1316 3126 hoc
1338 3073 1706 3139 statuerimus,
1724 3071 1888 3127 facile
1925 3079 1980 3127 et

377 3163 457 3217 ad
491 3162 748 3217 honorum
787 3176 1012 3233 operum
1039 3162 1305 3217 actionem
1349 3162 1708 3232 impeli'emur.
1731 3162 1816 3219 Ne
1836 3164 1977 3234 quis,

378 3257 639 3322 obsecro,
673 3254 894 3325 posthac
914 3255 965 3309 in
994 3255 1326 3311 circensibus
1369 3255 1515 3311 ludis
1563 3266 1853 3327 appareat,
1913 3272 1982 3314 ne

388 3348 513 3418 quis
540 3347 592 3400 in
611 3346 998 3402 conventiculis
1014 3346 1415 3416 intempestivis
1456 3346 1562 3404 diei
1603 3357 1805 3419 partem
1846 3349 1980 3404 dila-

388 3439 575 3511 pidet;
602 3454 669 3493 ne
687 3439 808 3508 quis
824 3438 1064 3494 talorum
1092 3437 1242 3504 ludo,
1275 3447 1330 3494 et
1353 3438 1575 3493 clamori
1601 3439 1692 3509 qui
1713 3439 1843 3494 inde
1872 3440 1981 3494 ori-

380 3540 481 3584 tur
507 3544 571 3584 ac
589 3529 806 3599 reliqua:
835 3529 1087 3598 perniciei
1117 3530 1339 3600 posthac
1391 3544 1449 3585 se
1494 3530 1806 3585 admisceat.
1850 3531 1982 3599 Qua:

392 3621 540 3675 enim
572 3620 772 3674 utilitas
795 3619 1007 3691 ieiunii,
1038 3621 1146 3688 dic,
1169 3621 1394 3677 obsecro
1419 3663 1435 3687 ,
1484 3622 1528 3676 si
1561 3632 1671 3677 toto
1717 3622 1805 3678 die
1848 3622 1982 3677 nihil

384 3711 655 3779 comedis,
683 3712 823 3768 ludis
850 3722 1027 3768 autem
1048 3713 1297 3778 tesseris,
1325 3715 1630 3785 etnngaris,
1658 3729 1801 3784 saepe
1820 3716 1981 3770 etiam

394 3804 606 3874 peieras
635 3813 689 3858 et
710 3803 1072 3875 blasphemas,
1102 3813 1157 3860 et
1186 3806 1258 3861 ita
1306 3815 1477 3861 totum
1524 3804 1748 3862 iuSumis
1789 3806 1931 3862 diem
1958 3807 1983 3862 ‘i

389 3895 493 3961 Ne,
523 3894 771 3964 obsecro,
804 3911 872 3951 ne
903 3896 971 3951 ita
996 3898 1335 3968 negligentes
1364 3897 1533 3952 simus
1562 3899 1613 3950 in
1636 3908 1817 3953 nostra
1835 3898 1985 3969 ipso-

392 4004 516 4042 rum
548 3989 745 4054 salute;
782 3989 909 4060 quin
941 3991 1120 4060 potius
1143 4005 1322 4046 sermo
1359 3999 1544 4046 noster
1597 3993 1667 4046 sit
1714 3991 1782 4046 de
1823 3993 1983 4061 spiri-

388 4080 653 4145 tualibus,
683 4089 738 4136 et
762 4082 954 4136 librum
987 4082 1227 4137 divinum
1256 4082 1486 4154 accipiat
1515 4083 1707 4155 aliquis
1738 4083 1789 4137 in
1814 4084 1987 4139 mani-

392 4171 522 4235 bus,
544 4173 957 4243 convocatisque
995 4174 1274 4243 proximis,
1303 4189 1397 4245 per
1421 4175 1596 4230 divina
1640 4175 1854 4247 eloquia
1910 4177 1987 4231 ri-

386 4274 489 4332 get
509 4271 729 4317 etsuam
759 4273 813 4318 et
832 4265 1177 4333 praesentium
1209 4274 1444 4321 mentem
1470 4284 1483 4320 :
1509 4277 1563 4320 ut
1590 4267 1668 4321 sic
1697 4267 1988 4324 diabolicas

393 4356 630 4410 insidias
658 4356 895 4428 effugere
923 4359 1216 4427 valeamus,
1247 4374 1469 4430 magnos
1486 4362 1773 4431 percipere
1797 4360 1987 4431 ieiunii

389 4447 628 4516 fructus,
647 4459 703 4504 et
728 4450 827 4504 frui
852 4451 1183 4522 benignitate
1204 4453 1319 4518 Dei,
1349 4453 1522 4521 gratia
1544 4463 1598 4507 et
1629 4455 1986 4511 miserationi-

392 4543 501 4597 bus
527 4542 784 4612 unigeniti
813 4543 931 4599 Filii
952 4544 1090 4615 eius,
1143 4562 1263 4601 cum
1308 4561 1418 4616 quo
1472 4545 1616 4601 Patri
1667 4556 1721 4602 et
1766 4547 1988 4617 Spiritui

394 4644 587 4689 sancto
606 4636 677 4691 sit
699 4635 889 4706 gloria,
910 4637 1430 4708 imperium,honor,
1455 4654 1601 4695 nunc
1627 4647 1683 4696 et
1732 4654 1986 4711 semper,

398 4734 458 4781 et
485 4726 536 4780 in
568 4727 760 4782 srecula
787 4730 1126 4785 saeculorum.
1153 4732 1347 4787 Amen.

983 4843 1263 4900 HUMILIA
1288 4844 1398 4900 VII.

398 4930 471 5019 ~Et
494 4930 629 4987 dixit
645 4933 789 4989 Deus
814 4955 827 4990 :
860 4932 1097 4992 Educant
1121 4953 1266 5007 aquae
1289 4938 1490 5007 reptitia
1514 4941 1798 4995 animarum
1821 4942 1989 4996 viven-

475 5024 619 5091 tium,
647 5020 693 5078 et
722 5025 948 5080 volatilia
968 5026 1188 5081 volantia
1212 5046 1363 5098 super
1388 5040 1574 5085 terram
1601 5034 1877 5087 secundum
1903 5035 1994 5103 ﬁr-

474 5126 781 5169 mamentum
808 5117 940 5183 cwli,
969 5128 1015 5172 et
1041 5119 1232 5187 factum
1261 5132 1332 5175 est
1359 5121 1467 5193 sic(
1496 5121 1622 5179 Cen.
1676 5125 1722 5177 Ι.
1754 5123 1868 5195 ‘20).
1924 5124 1992 5179 Et

472 5206 594 5276 fecit
620 5204 755 5259 Deus
779 5214 883 5262 cete
906 5224 1110 5280 magna,
1147 5221 1192 5264 ct
1222 5228 1417 5265 omnem
1436 5214 1657 5267 animam
1692 5214 1994 5268 animalium

475 5297 754 5369 reptilinm,
799 5315 914 5368 qua:
961 5301 1308 5371 produxerunt
1335 5320 1480 5372 aqua:
1505 5306 1778 5360 secundant
1809 5323 1993 5379 genera

474 5405 567 5442 sua
590 5388 610 5459 (
636 5387 774 5445 Ibid.
805 5389 870 5444 21

476 5521 528 5574 1.
551 5519 697 5574 Dicta
716 5521 769 5576 in
795 5522 1100 5592 precedeiui
1115 5523 1341 5579 Hmnilia
1357 5528 1552 5598 mitigat
1574 5545 1595 5594 ;
1619 5541 1793 5585 avocat
1818 5550 1849 5585 a
1865 5534 1997 5590 Indis

392 5613 749 5669 Circensibus.
780 5643 851 5654 -
876 5614 1000 5671 Heri
1024 5631 1118 5672 eos
1146 5618 1235 5687 qui
1263 5618 1328 5673 ad
1356 5624 1620 5690 equestris
1652 5624 1760 5678 ludi
1789 5637 1998 5695 specta-

400 5707 579 5759 culum
603 5706 868 5770 abierant,
901 5708 1031 5761 satis
1061 5709 1491 5778 perstrinximus,
1520 5713 1884 5771 demonstrata
1917 5720 1998 5776 eis

401 5798 625 5867 iactura:
680 5815 841 5873 quam
886 5799 1126 5859 fecerunt
1172 5804 1579 5876 magnitudine:
1612 5824 1803 5882 nempe
1856 5817 1996 5885 quod

2082 489 2414 559 spiritualem
2441 494 2751 553 thesaurum
2778 513 2839 554 ex
2853 500 3066 570 ieiunio
3096 504 3379 561 collectum
3401 508 3561 564 simul
3584 512 3671 570 ef—

2081 582 2335 649 fuderint,
2365 594 2417 641 et
2441 602 2508 642 ex
2548 603 2740 660 magna
2767 590 3088 648 abundantia
3121 595 3172 651 in
3202 607 3501 655 extremam
3552 603 3674 657 itm-

2080 673 2221 743 piam
2243 675 2419 733 subito
2465 678 2672 749 seipsos
2714 681 3073 751 eoniecerint.
3119 688 3253 757 Age,
3287 689 3491 747 leniore
3515 690 3677 753 hodie

2080 772 2294 820 tttamur
2310 767 2571 836 remedio,
2600 778 2655 825 et
2676 769 2890 827 illorum
2922 775 3212 844 spiritualia
3245 780 3489 850 vulnera,
3519 788 3670 854 quasi

2078 857 2320 912 membra
2336 868 2525 914 nostra
2556 872 2758 928 essent,
2783 865 3080 937 obligemus
3105 884 3120 922 :
3153 872 3276 940 quia
3303 883 3357 927 et
3379 873 3491 928 heri
3517 891 3673 946 aspc-

2080 946 2221 1001 riora
2249 949 2605 1008 medicamina
2638 952 3015 1024 imposuimus,
3040 974 3146 1015 non
3180 970 3473 1032 utquoquo
3513 966 3675 1023 modo

2080 1040 2392 1097 mtestitiam
2422 1042 2763 1113 inferremus,
2791 1061 2858 1102 ac
2883 1047 3122 1103 dolorem
3172 1066 3527 1123 augeremus,
3582 1060 3676 1112 sed

2079 1138 2139 1183 ut
2164 1129 2501 1187 vehementia
2533 1134 2627 1190 illa
2656 1136 2807 1191 ulcus
2853 1138 3027 1208 ipsum
3056 1142 3319 1212 attingere
3367 1159 3675 1213 possemus.

2080 1219 2293 1275 Etenim
2320 1217 2531 1289 medici,
2562 1234 2617 1280 et
2659 1236 2837 1297 patres
2876 1230 2959 1284 sic
3002 1231 3181 1288 facere
3227 1248 3624 1293 consueverunt
3659 1257 3674 1292 ε

2080 1314 2277 1404 medici
2301 1317 2443 1371 enim
2486 1319 2717 1388 primum
2762 1335 3044 1393 apponunt
3087 1329 3469 1398 cataplasmata
3510 1335 3679 1404 magis

2080 1402 2339 1473 efficacia,
2389 1416 2445 1462 et
2470 1408 2591 1464 dein
2619 1420 2774 1481 rupto
2796 1414 2976 1470 uicere
3002 1416 3205 1473 leniora
3232 1420 3517 1476 admovent
3543 1442 3556 1476 :
3575 1402 3681 1497 pa-

2083 1500 2193 1550 tres
2221 1511 2433 1569 quoque
2457 1515 2578 1555 cum
2609 1502 2838 1559 viderint
2863 1505 3002 1562 filios
3023 1523 3149 1565 suos
3167 1510 3535 1582 incompositis
3557 1531 3677 1571 mo-

2082 1585 2252 1655 ribus,
2276 1589 2437 1659 prius
2476 1592 2710 1661 graviter
2758 1596 3074 1653 verberibus
3117 1602 3429 1672 corripiunt,
3464 1615 3518 1660 et
3553 1608 3677 1662 dein

2084 1678 2376 1736 admonent
2398 1692 2453 1737 et
2472 1683 2774 1741 hortantur.
2798 1687 2913 1744 Hoc
2939 1691 3099 1747 modo
3154 1702 3209 1748 et
3265 1711 3384 1764 nos,
3436 1701 3680 1768 quamvis

2086 1769 2202 1826 heri
2233 1773 2625 1833 vehementiori
2647 1794 2896 1837 sermone
2926 1785 3005 1838 nsi
3025 1785 3299 1855 fuerimus,
3322 1788 3483 1847 hodie
3502 1800 3681 1851 tamen

2082 1861 2334 1920 blandius
2364 1868 2517 1923 vobis
2540 1869 2881 1941 loquemur‘,
2940 1884 2996 1930 et
3035 1876 3175 1935 sicut
3223 1890 3403 1937 nostra
3434 1883 3677 1939 membra

2082 1957 2410 2013 curabimus.
2431 1959 2564 2015 Nam
2585 1970 2641 2017 ut
2662 1963 2932 2032 profectus
2947 1977 3124 2022 vester
3144 1970 3403 2039 maiorem
3424 1973 3680 2044 loquendi

2083 2047 2330 2105 fiduciam
2354 2051 2510 2106 nobis
2530 2053 2806 2123 conciliat,
2853 2066 2908 2111 et
2933 2060 3226 2128 spiritualis
3254 2075 3441 2119 noster
3458 2066 3678 2125 thesau-

2083 2156 2176 2196 rus
2202 2149 2305 2208 est,
2323 2142 2368 2197 si
2392 2158 2495 2198 vos
2520 2159 2806 2202 cernamus
2828 2149 2884 2203 in
2927 2152 3294 2220 spiritualibus
3348 2156 3678 2213 incrementa

2082 2234 2685 2300 capere,etvirtutibus
2739 2252 2861 2294 esse
2916 2244 3258 2312 conspicuos,
3301 2255 3460 2317 atque
3502 2249 3569 2302 ab
3614 2250 3680 2304 iis

2084 2338 2206 2393 qua:
2236 2338 2433 2380 nocere
2462 2327 2665 2394 valent,
2693 2329 2846 2385 vobis
2888 2347 3121 2389 cavere:
3147 2337 3225 2390 sic
3268 2338 3482 2410 quando
3528 2340 3681 2396 vide-

2086 2429 2205 2469 mus
2233 2430 2327 2471 vos
2347 2417 2703 2490 supplantari,
2733 2429 2787 2476 et
2812 2421 3092 2483 diabolicis
3124 2427 3458 2486 illusionibus
3487 2432 3672 2491 seduci

2086 2512 2141 2558 et
2165 2504 2380 2575 subiici,
2405 2509 2657 2564 mmstitia
2683 2511 2988 2583 implemur,
3007 2524 3059 2571 et
3076 2517 3248 2587 pudor
3267 2522 3511 2590 quidam,
3535 2534 3591 2579 nt
3606 2528 3684 2582 sic

2092 2593 2288 2661 dicam,
2341 2599 2573 2654 animam
2612 2612 2851 2659 nostram
2903 2618 3149 2677 occupat.
3203 2610 3335 2666 Nam
3388 2617 3683 2673 secundum

2078 2687 2301 2744 beatum
2325 2690 2570 2758 Paulum,
2600 2692 2743 2749 Tunc
2772 2713 2863 2751 nos
2891 2699 3122 2769 vivimus,
3149 2702 3194 2758 si
3212 2717 3299 2759 vos
3320 2706 3465 2760 statis
3488 2707 3542 2764 in
3575 2708 3682 2763 Do-

2086 2778 2343 2852 mino“.
2374 2780 2551 2837 Thess.
2585 2785 2638 2840 5.
2663 2782 2752 2859 8').

2161 2869 2324 2940 Igitur
2349 2880 2406 2926 ut
2432 2871 2674 2942 perfecti,
2699 2885 2754 2931 et
2784 2878 2974 2948 repleti
2995 2880 3276 2938 intellectu
3301 2925 3317 2951 ,
3368 2886 3446 2941 sic
3484 2902 3677 2945 eorum

2088 2974 2208 3029 qua:
2231 2969 2377 3016 retro
2403 2971 2528 3018 sunt
2555 2964 2970 3037 obliviscamini,
3008 2980 3064 3027 ut
3090 2972 3155 3027 ad
3182 2989 3244 3029 ea
3272 2991 3392 3045 quae
3421 2987 3547 3033 ante
3587 2996 3685 3035 vos

2080 3058 2215 3104 sunt
2240 3052 2513 3108 enitamini
2537 3072 2551 3109 :
2589 3063 2644 3110 et
2669 3055 2872 3113 ftedera
2897 3075 3015 3130 qua:
3040 3077 3160 3117 cum
3186 3064 3398 3122 Christo
3442 3069 3636 3126 iniistis
3666 3114 3684 3138 ,

2090 3150 2368 3210 renovata,
2390 3145 2606 3201 stabilia
2631 3158 2687 3203 et
2716 3150 2969 3207 inviolata
2999 3155 3223 3224 posthac
3270 3160 3538 3217 custodite
3572 3179 3586 3216 :
3617 3178 3681 3218 ac

2092 3234 2386 3300 prudenter
2403 3236 2697 3293 intercluso
2714 3239 2994 3299 diabolicis
3011 3248 3494 3309 machinationibus
3512 3254 3657 3321 aditu
3670 3297 3683 3319 ,

2090 3324 2452 3395 subsequente
2472 3330 2650 3384 studio
2681 3331 2994 3402 inscriptam
3024 3337 3177 3392 vobis
3232 3338 3452 3396 desidia:
3499 3359 3684 3402 macu-

2090 3413 2199 3468 lam
2229 3416 2542 3487 abstergite,
2571 3419 2778 3476 devicta
2795 3423 3170 3495 intempestiva
3200 3428 3286 3483 illa
3307 3441 3362 3485 et
3382 3433 3683 3502 perniciosa

2092 3510 2482 3565 consuetudine
2512 3527 2527 3563 :
2554 3519 2611 3566 et
2634 3515 2886 3583 cogitate,
2916 3530 3023 3571 non
3042 3516 3152 3574 'hoc
3167 3521 3338 3575 solum
3360 3538 3522 3593 grave
3539 3540 3683 3593 esse,

2092 3600 2233 3670 quod
2259 3601 2347 3670 qui
2374 3601 2467 3656 illo
2486 3603 2764 3660 confluunt
2797 3647 2811 3671 ,
2853 3622 3105 3679 magnum
3130 3612 3228 3667 sibi
3263 3612 3512 3670 damnum
3540 3619 3682 3672 asci-

2099 3701 2275 3758 scant,
2294 3692 2388 3748 sed
2410 3702 2464 3748 et
2481 3695 2625 3766 quod
2645 3698 2825 3752 multis
2847 3700 2964 3756 aliis
2984 3701 3306 3760 ofl‘endieulo
3326 3707 3453 3761 sint.
3474 3709 3683 3782 Quippe

2095 3783 2324 3852 gentiles
2349 3793 2404 3840 et
2425 3784 2598 3841 Διιάωί
2621 3788 2862 3844 videntes
2888 3806 2982 3847 eos
2998 3793 3093 3863 qui
3116 3796 3354 3864 quotidie
3382 3798 3434 3853 in
3456 3801 3684 3857 ecclesia

2096 3884 2402 3945 versantur,
2432 3888 2489 3934 et
2527 3878 2796 3952 frequenti
2840 3883 3086 3939 doctrina
3140 3886 3474 3958 imbuuntur,
3526 3894 3687 3950 simul

2096 3968 2168 4024 ibi
2198 3985 2530 4040 comparere,
2562 3984 2616 4028 et
2643 3975 2743 4029 sibi
2765 3979 3134 4046 commisceri,
3160 3985 3429 4052 quomodo
3467 4003 3554 4043 res
3586 4006 3687 4046 no-

2095 4071 2235 4116 stras
2250 4079 2349 4133 pro
2372 4062 2774 4134 deception'rbus
2799 4084 2907 4123 non
2937 4069 3227 4140 habebunt,
3246 4084 3301 4130 et
3328 4092 3433 4131 non
3457 4079 3596 4135 idem
3620 4082 3687 4136 de

2098 4154 2345 4209 omnibus
2376 4154 2528 4210 nobis
2552 4158 3004 4227 suspicabantur?
3032 4164 3225 4220 Annon
3263 4167 3416 4223 audis
3472 4170 3684 4228 beatmu

2094 4244 2318 4300 Paulum
2361 4246 2758 4316 admonentem,
2805 4263 2859 4307 et
2905 4255 3273 4313 consulentem
3323 4261 3465 4317 clara
3515 4280 3684 4321 voce:

2099 4338 2610 4410 Absqueoﬂ‘endiculo
2634 4345 2825 4417 cstote(
2847 4347 2899 4401 i.
2924 4347 3043 4403 Cor.
3066 4349 3151 4406 lO.
3175 4352 3246 4406 '52
3272 4351 3334 4426 )?
3364 4355 3584 4424 Deinde,
3620 4377 3687 4413 ne

2096 4440 2254 4500 putes
2300 4430 2369 4486 de
2412 4433 2611 4487 nostris
2641 4442 2846 4491 tantum
2869 4437 3179 4507 admonere,
3202 4443 3375 4514 deque
3406 4446 3470 4502 iis
3495 4448 3585 4517 qui
3636 4449 3687 4504 in

2100 4521 2288 4576 eodem
2320 4522 2509 4577 ordine
2530 4524 2688 4592 positi
2723 4536 2868 4593 sunt,
2920 4529 3157 4585 subdidit
3187 4550 3200 4586 :
3230 4532 3298 4588 Et
3346 4533 3546 4592 Judwis
3567 4581 3583 4605 ,
3644 4553 3692 4594 et

2099 4612 2364 4683 gentibus;
2392 4623 2447 4667 et
2476 4615 2689 4671 tandem
2714 4617 2943 4687 adjecit:
2975 4620 3043 4674 Et
3091 4621 3332 4678 Ecclesia:
3378 4626 3490 4682 Dei.
3548 4628 3692 4685 Nihil

2101 4703 2245 4758 enim
2272 4703 2343 4757 ita
2369 4704 2524 4761 obest
2551 4716 2607 4761 et
2636 4718 2794 4762 nocet
2819 4711 3058 4780 religioni
3092 4724 3312 4782 ιιοειιοω,
3370 4728 3425 4771 ιιι
3465 4721 3694 4774 offendi-

2100 4797 2416 4852 culiansam
2446 4799 2687 4868 prmbere
2706 4800 3030 4858 inﬁdelibus.
3078 4804 3210 4859 Nam
3251 4810 3464 4877 quando
3513 4813 3693 4867 vident

2103 4888 2312 4958 aliquos
2353 4904 2385 4944 e
2414 4891 2613 4945 nostris
2633 4892 2825 4947 virtute
2843 4896 3182 4964 conSpieuos,
3214 4897 3372 4969 huius
3393 4902 3513 4955 vita:
3540 4920 3695 4973 nego-

2104 4979 2175 5031 tia
2198 4987 2253 5033 et
2276 4995 2432 5036 curas
2448 4996 2477 5035 e
2498 4981 2711 5037 sublimi
2739 4994 3087 5041 contemnere
3111 5029 3127 5056 ,
3175 5004 3240 5044 ex
3293 4991 3358 5046 iis
3401 4993 3490 5047 alii
3543 5000 3692 5061 quasi

2105 5071 2484 5142 prtefocautur,
2532 5074 2620 5129 alii
2643 5076 2976 5134 admirantur
3006 5089 3061 5136 et
3097 5081 3507 5154 obstupescunt,
3553 5093 3695 5158 quod

2106 5179 2228 5219 cum
2267 5165 2507 5234 ejusdem
2535 5178 2695 5239 atque
2730 5171 2806 5227 ilii
2838 5182 3042 5230 natura:
3088 5174 3215 5242 sint,
3248 5192 3352 5231 non
3382 5178 3569 5234 eadem
3613 5196 3697 5236 ta-

2107 5269 2230 5310 men
2260 5257 2360 5326 ipsi
2376 5258 2775 5329 aggrediantur.
2798 5261 2998 5319 Verum
3031 5264 3245 5335 quando
3272 5268 3355 5323 vel
3383 5270 3689 5341 aliquantu-

2108 5346 2462 5406 lumdcsidia:
2500 5360 2555 5407 et
2603 5354 2938 5426 negligentia:
2965 5357 3181 5427 vident,
3239 5364 3417 5416 statim
3466 5364 3699 5436 linguam

2078 5490 2081 5493 ,
2109 5452 2376 5497 exacuunt
2402 5445 2558 5499 simul
2588 5456 2771 5502 contra
2802 5462 2901 5503 nos
2925 5464 3135 5519 omnes,
3189 5463 3243 5508 et
3272 5469 3337 5509 ex
3395 5457 3553 5512 unius
3603 5460 3701 5514 (le-

2114 5534 2239 5590 licto
2274 5544 2436 5591 lotam
2467 5538 2892 5597 Christianorum
2922 5553 3136 5614 gentem
3181 5549 3467 5612 aestimant.
3515 5551 3699 5623 Neque

2114 5622 2199 5709 hic
2226 5626 2451 5697 gradum
2473 5629 2688 5698 sistunt,
2711 5632 2807 5688 sed
2833 5635 3016 5689 statim
3047 5636 3308 5694 adversus
3334 5652 3496 5710 caput
3540 5622 3697 5699 suum

2175 5766 2821 5845 inpegi.Vunusdet‘ffsilin"
2848 5772 3120 5841 loquamur,
3142 5792 3245 5843 pro,
3287 5780 3575 5845 loquemur;
3615 5797 3698 5836 cu-

2112 5842 2288 5892 remus,
2314 5844 2422 5895 pro,
2445 5828 2739 5884 curabimus.
