4144 6432
499 364 567 412 l'I-i
1243 355 1300 409 S.
1327 352 1604 410 JOANNIS
1631 350 2100 408 CHRYSOSTOMI
2139 350 2454 407 ARCHIEP.
2485 353 3013 412 CONSTANTIROP.
3330 404 3335 410 .
3720 360 3791 415 65

502 468 798 539 loquentes,
825 468 1191 522 ohservornm
1226 467 1486 521 desidiam
1528 466 1687 520 etiam
1738 478 2079 519 communem

503 561 782 614 Dominum
808 560 1178 628 blaSphemare
1207 559 1426 623 attdent,
1479 567 1534 611 ct
1561 564 1747 626 putant
1793 555 2084 609 velamenta

499 666 740 705 errorum
765 667 982 707 suorum
1009 668 1128 707 esse
1151 653 1377 705 aliorum
1404 651 1672 704 inertiam.

574 744 633 799 2.
665 745 817 812 Quod
840 754 1016 800 autem
1051 745 1154 800 hoc
1173 745 1404 798 maxime
1433 743 1786 812 periculosum
1814 739 1884 793 sit
1909 739 1974 793 iis
1996 737 2084 806 qui
2118 740 2138 751 ·

502 834 849 904 hlaSphemite
869 836 1204 891 occasionem
1233 835 1489 904 praebent,
1519 832 1795 886 audiamus
1853 828 2088 898 prophe-

500 938 604 981 tam
648 927 988 992 clamantem,
1049 936 1102 981 et
1143 942 1212 981 ex
1264 939 1488 994 persona
1521 923 1614 977 Dei
1644 921 1955 975 dicentem:
2000 917 2088 972 Va:

508 1021 657 1084 vobis,
680 1021 798 1090 quia
829 1028 1032 1089 propter
1058 1034 1143 1072 vos
1173 1033 1353 1070 nomen
1398 1030 1562 1068 meum
1607 1011 1983 1079 blasphematur
2033 1010 2084 1060 in

501 1111 729 1180 gentibus
755 1108 892 1181 (lsai
911 1150 924 1162 .
949 1109 1038 1163 52.
1067 1109 1099 1162 5
1126 1107 1168 1176 ).
1197 1106 1456 1160 Terribile
1485 1104 1586 1158 hoc
1613 1104 1834 1157 verbum
1861 1111 1942 1155 est
1967 1142 1982 1164 ,
2032 1108 2088 1152 et

505 1201 730 1254 horrore
763 1200 998 1268 plenum.
1038 1196 1126 1250 Va:
1154 1197 1294 1249 enim
1319 1193 1446 1248 illud
1471 1203 1556 1247 est
1582 1193 1731 1263 quasi
1758 1190 2087 1260 deplorantis

505 1292 732 1360 eos,qui
761 1291 1077 1360 supplicium
1129 1286 1256 1342 illud
1304 1283 1613 1340 inevitahilc
1652 1281 1882 1336 subituri
1938 1289 2084 1333 sunt.

503 1384 670 1438 Porro
693 1384 946 1436 sicuteos
971 1381 1060 1451 qui
1106 1395 1202 1450 per
1243 1394 1394 1434 suam
1443 1377 1823 1447 negligentiam
1869 1389 2084 1428 causam

499 1475 604 1528 illis
635 1473 874 1543 prcebent
901 1469 1304 1542 hlaSphemandi
1353 1469 1544 1538 ingens
1589 1480 1742 1536 poma
1797 1471 1978 1519 manet
2024 1477 2088 1516 ac

500 1563 878 1618 c0ndemnatio
905 1578 918 1616 :
950 1563 1022 1615 ita
1051 1577 1081 1616 e
1101 1561 1317 1614 diverso
1351 1563 1608 1611 virtutum
1648 1553 1900 1609 studiosis
1940 1553 2087 1607 mille

509 1672 829 1711 coronarum
846 1654 1064 1709 materia
1087 1663 1323 1724 paratur.
1350 1649 1494 1705 Istud
1515 1649 1686 1718 ipsum
1709 1647 1910 1701 docens
1927 1643 2086 1699 Chri-

501 1758 636 1811 stus,
668 1746 917 1800 dice'oat:
951 1744 1137 1798 Luceat
1158 1744 1248 1796 lua:
1267 1750 1428 1796 vestra
1468 1757 1639 1793 coram
1692 1737 1996 1801 hominibus,
2030 1747 2084 1788 ut

501 1837 700 1891 videant
730 1853 884 1905 opera
915 1844 1076 1889 vestra
1102 1833 1247 1896 bona,
1273 1840 1318 1886 et
1346 1831 1632 1902 gloriﬁcent
1657 1829 1861 1883 Patrem
1873 1839 2087 1882 vestrum

499 1929 585 1998 qui
635 1929 686 1981 in
719 1929 853 1980 carlis
879 1936 949 1981 est
981 1924 1193 1994 (Matth.
1225 1925 1277 1978 5.
1312 1924 1379 1980 16
1407 1923 1448 1994 ).
1477 1921 1608 1976 Nam
1639 1919 2084 1990 quemadmodum

501 2018 575 2072 illi
598 2019 893 2086 aliquorum
928 2015 1114 2070 inertia
1145 2015 1355 2080 offensi,
1388 2013 1621 2082 linguam
1652 2020 1850 2065 acuunt
1897 2021 2083 2065 contra

500 2109 780 2162 Dominum
805 2116 1044 2161 nostrum
1073 2121 1086 2158 :
1118 2105 1217 2171 sic,
1249 2105 1438 2175 inquit,
1467 2105 1512 2158 si
1540 2105 1788 2157 virtutem
1831 2117 2087 2160 exercue-

495 2199 632 2266 ritis,
664 2199 752 2268 qui
787 2197 1018 2252 vidcrint
1045 2212 1138 2250 vos
1163 2197 1425 2260 homines,
1458 2211 1564 2252 non
1599 2210 1690 2252 vos
1717 2202 1922 2252 tantum
1967 2196 2085 2250 lau-

501 2289 724 2354 dabunt,
755 2287 847 2342 sed
875 2302 996 2341 Cum
1039 2291 1418 2358 conspexerint
1441 2304 1603 2356 opera
1629 2295 1803 2342 vestra
1835 2287 2083 2352 lucentia,

497 2389 552 2434 et
582 2379 747 2434 facies
775 2388 978 2435 vestras
1009 2379 1327 2435 illustrantia
1348 2420 1362 2445 ,
1417 2379 1482 2433 ad
1532 2379 1703 2451 gloria
1747 2378 2084 2434 afficiendum

500 2470 716 2528 Patrem
739 2481 974 2526 vestrum
1008 2471 1096 2540 qui
1121 2470 1174 2524 in
1197 2471 1342 2525 czelis
1362 2482 1464 2533 est,
1494 2479 1840 2539 prorumpent
1865 2485 1880 2535 ;
1931 2484 2084 2524 cum-

498 2579 601 2632 que
633 2563 734 2618 hoc
761 2563 828 2616 ab
858 2563 961 2617 illis
992 2561 1101 2625 ftet,
1126 2577 1338 2616 rursum
1363 2569 1544 2614 nostra
1569 2560 1786 2630 prannia
1811 2559 2079 2630 augebun-

501 2667 604 2719 tttt‘,
629 2665 683 2710 et
710 2655 874 2708 multa
907 2653 1061 2708 nobis
1083 2653 1220 2709 bona
1243 2651 1504 2706 concedet
1534 2653 1674 2706 Deus
1698 2692 1714 2720 ,
1755 2665 1823 2707 eo
1848 2651 1989 2722 quod
2019 2651 2087 2705 ah

500 2746 607 2799 illis
636 2744 899 2799 laudetur.
953 2743 1054 2797 Eos
1083 2743 1225 2798 enim
1264 2742 1351 2810 qni
1380 2758 1457 2796 me
1480 2743 1792 2813 gloriﬁcent,
1823 2743 1920 2809 ait,
1970 2743 2084 2814 glo-

496 2838 704 2906 riﬁcabo
731 2836 822 2908 (1.
855 2837 982 2908 Reg.
1011 2836 1064 2890 2.
1097 2835 1165 2891 30
1194 2833 1235 2907 ).
1278 2833 1419 2888 Nihil
1450 2835 1608 2905 igitur
1664 2850 1771 2890 non
1818 2849 2039 2905 agamus
2065 2875 2082 2902 ,

495 2932 698 2999 dilecti,
732 2939 792 2985 ιιι
819 2930 1150 3002 glorificetur
1177 2928 1435 2984 Dominus
1463 2937 1666 2995 noster,
1690 2940 1744 2983 et
1769 2929 2084 2983 nullisimus

496 3022 798 3077 oifeudiculi
831 3022 1064 3077 occasio.
1095 3021 1149 3076 ld
1175 3022 1318 3091 quod
1346 3031 1606 3092 perpetuo
1652 3035 1750 3075 nos
1786 3021 1947 3075 docet
1974 3035 2087 3074 ma-

504 3113 672 3181 gister
698 3111 844 3165 orbis
867 3112 1057 3166 beatus
1079 3111 1295 3177 Paulus,
1317 3111 1446 3166 dum
1477 3111 1554 3164 sic
1577 3111 1653 3164 ait
1681 3128 1693 3164 :
1726 3109 1788 3165 Si
1817 3110 1957 3164 cibus
2005 3113 2084 3181 of-

501 3203 661 3267 fendit
691 3207 897 3272 fratrem
941 3219 1124 3269 meum,
1176 3219 1450 3274 numquam
1496 3203 1550 3256 in
1593 3211 1838 3256 cateruam
1883 3217 2085 3254 carnem

493 3295 755 3347 comedam
785 3293 859 3364 (Ι.
889 3292 1006 3348 Cor.
1034 3293 1089 3349 8.
1123 3293 1192 3351 15
1223 3295 1263 3365 ).
1292 3294 1360 3349 Ει
1389 3294 1581 3350 iterum
1624 3293 1676 3348 in
1703 3293 1809 3347 alio
1832 3291 1950 3346 loco
1997 3292 2083 3346 in-

492 3385 642 3454 quit:
675 3383 765 3438 Sic.
812 3396 976 3438 autent
1026 3396 1290 3454 peccantes
1319 3386 1372 3438 in
1403 3389 1608 3456 fratres,
1660 3393 1707 3438 et
1753 3384 2082 3453 percutientis

491 3479 750 3547 inﬁrmam
771 3496 941 3534 eorum
964 3481 1340 3547 conscientiam,
1369 3481 1422 3534 in
1443 3479 1699 3536 Christum
1721 3481 1936 3550 peccatis
1957 3481 1975 3549 (
1998 3479 2080 3534 Ib.

492 3585 540 3622 υ.
570 3570 635 3623 12
659 3569 704 3640 ).
724 3571 880 3626 Minae
908 3572 1010 3626 illa:
1032 3571 1378 3627 vehementes
1403 3580 1547 3638 sunt,
1567 3581 1623 3626 ct
1639 3586 1886 3641 magnam
1901 3586 2082 3626 secum

493 3659 998 3716 condemnationem
1022 3661 1273 3716 alferunt.
1320 3660 1397 3716 Ne
1423 3662 1684 3730 Opineris,
1750 3661 1956 3731 inquit,
1990 3663 2084 3715 da-

496 3766 679 3803 mnum
715 3750 816 3806 hoe
843 3750 908 3805 ad
937 3751 1088 3805 illum
1140 3752 1228 3822 qui
1256 3751 1542 3806 attenditur
1571 3753 1744 3808 solum
1775 3753 2078 3822 pertinere;

494 3841 684 3894 transit
708 3840 867 3894 etiam
897 3840 963 3896 ad
1018 3841 1292 3896 Christum
1321 3842 1514 3911 ipsmn,
1547 3843 1637 3912 qui
1669 3851 1886 3912 propter
1935 3843 2082 3898 illum

493 3929 778 3986 crucifixus
798 3941 898 3986 est.
934 3931 1100 4002 Igitur
1126 3933 1169 3987 si
1197 3933 1452 3986 Dominus
1491 3943 1612 3988 tuus
1665 3941 1884 4004 propter
1931 3933 2082 3988 illum

495 4023 734 4094 crucifigi
765 4040 872 4077 non
905 4023 1210 4091 recusavit;
1239 4040 1346 4079 non
1375 4034 1429 4080 tu
1457 4025 1636 4080 omnia
1653 4024 1808 4080 .feres
1832 4041 1900 4082 ne
1925 4040 2082 4096 quam

496 4114 734 4168 sc..-ndali
766 4116 1108 4172 occasionem
1137 4116 1214 4170 illi
1245 4115 1527 4186 prtebeas?
1561 4117 1674 4172 lloc
1699 4116 1900 4187 ubique
1937 4117 2088 4172 inve-

493 4206 610 4258 nies
629 4205 774 4258 illum
791 4204 1067 4274 discipulis
1082 4206 1363 4261 consilium
1381 4207 1508 4260 dare
1531 4228 1545 4263 :
1567 4207 1668 4262 hoc
1682 4208 1822 4262 enim
1845 4215 1928 4264 est
1942 4207 2083 4278 quod

492 4296 656 4349 vitam
679 4304 915 4350 nostram
933 4307 1236 4352 conservat.
1268 4298 1560 4369 Pr0pterea
1582 4308 1636 4354 et
1667 4300 1798 4356 alibi
1841 4301 2084 4356 scribens

494 4386 726 4451 dicebat,
754 4385 835 4440 Ne
862 4403 977 4458 qua:
1016 4398 1180 4442 vestra
1215 4398 1331 4442 sunt
1373 4390 1687 4445 considerate
1735 4391 1950 4462 singuli,
1996 4391 2085 4446 sed

493 4493 608 4548 quae
627 4479 844 4531 aliorunt
874 4478 1108 4552 (Philip.
1137 4480 1192 4536 2.
1218 4482 1247 4537 1
1278 4479 1324 4555 );
1345 4491 1398 4538 et
1427 4483 1619 4539 iterum
1646 4484 1752 4540 alio
1768 4485 1888 4540 loco
1913 4504 1926 4538 :
1961 4485 2087 4540 0m-

495 4568 582 4621 nia
611 4569 733 4621 mihi
761 4569 926 4635 licent,
960 4571 1049 4624 sed
1064 4587 1164 4625 non
1193 4573 1362 4627 omnia
1381 4574 1639 4644 wdiﬁcant
1682 4575 1773 4646 (l.
1823 4575 1944 4630 Cor.
1995 4576 2081 4630 10.

491 4660 564 4715 25
589 4661 632 4730 ).
661 4661 823 4717 Vides
843 4664 1192 4732 apostolicam
1209 4666 1562 4736 sapientiam?
1615 4667 1842 4722 Etiamsi
1886 4668 2044 4722 liceat
2067 4708 2082 4732 ,

492 4754 686 4825 inquit,
715 4753 842 4808 tnihi
868 4755 1070 4825 aliquid
1096 4755 1294 4822 facere,
1320 4758 1561 4828 nihilque
1585 4757 1712 4812 hinc
1751 4758 1882 4812 mihi
1904 4758 2084 4812 damni

491 4846 717 4902 accedat
743 4862 756 4898 :
789 4845 886 4901 sed
918 4847 1041 4916 quia
1075 4847 1177 4902 hoc
1207 4863 1312 4902 non
1341 4849 1492 4918 juvat
1523 4848 1590 4904 ad
1635 4849 1865 4919 proximi
1921 4849 2087 4902 ςιιιιιῐί-

491 4937 782 5001 cationctn,
813 4951 1156 5006 nequaquam
1187 4937 1289 4992 hoc
1311 4937 1491 4994 facere
1517 4939 1892 4994 sustinuerim.
1921 4939 2086 4995 Vides

491 5030 722 5083 animam
751 5042 851 5083 nos
873 5037 1163 5095 amantem,
1188 5031 1456 5098 quomodo
1476 5047 1734 5101 nusquam
1761 5031 1902 5102 quod
1928 5047 2083 5086 suum

490 5131 574 5174 cst
602 5121 810 5190 quaerit,
844 5118 940 5174 sed
983 5120 1231 5175 omnibus
1275 5123 1450 5177 modis
1503 5123 1778 5190 ostendit,
1828 5125 2082 5180 virtutem

493 5210 653 5278 longe
701 5211 988 5266 maximam
1029 5211 1174 5266 illam
1205 5227 1346 5278 esse,
1380 5228 1628 5284 magnam
1660 5229 1843 5269 curam
1888 5229 2081 5286 gerere

495 5309 553 5354 ut
582 5302 857 5369 proximus
877 5303 1208 5360 :ndilicelnr?
1237 5303 1384 5372 Ilmc,
1414 5305 1664 5373 obsecro,
1697 5306 1879 5362 omnia
1907 5307 2086 5362 scicn-

494 5403 575 5446 tcs
605 5394 970 5460 observemus,
993 5409 1383 5468 caveamusque
1409 5397 1476 5452 ab
1522 5397 1586 5451 iis
1611 5412 1729 5468 quae
1757 5397 2083 5466 spiritualem

495 5483 750 5536 virtutum
776 5489 1076 5538 nostrarum
1102 5486 1411 5540 thesaurum
1440 5485 1788 5556 pessumdare
1817 5494 2081 5556 possunt:

495 5581 550 5626 et
576 5571 706 5625 nihil
734 5587 987 5640 umquam
1033 5573 1308 5640 faciamus,
1360 5593 1468 5647 qtto
1507 5577 1760 5632 damnum
1813 5577 2088 5648 quodlibet

496 5663 740 5732 proximo
770 5661 1048 5719 inferatur.
1085 5667 1197 5722 lloc
1224 5668 1366 5723 enim
1394 5679 1450 5725 et
1495 5679 1770 5740 peccatum
1801 5678 1979 5740 auget,
2032 5679 2088 5724 et

497 5754 711 5822 gravius
738 5749 893 5810 nobis
915 5755 1123 5813 adducit
1149 5760 1486 5831 supplicium.
1514 5761 1697 5835 Neque
1715 5763 1794 5818 vel
1810 5764 2082 5834 vulgarem

2196 462 2427 531 aliquem
2458 475 2884 527 contemnamus.
2938 469 3124 538 frigida
3153 471 3286 524 haec
3316 469 3478 524 verba
3510 470 3788 527 dicentes:

2203 551 2339 617 Quid
2374 569 2488 607 mea
2521 557 2704 623 refert,
2732 559 2776 612 si
2797 558 3098 613 offendatur
3127 559 3215 614 ille
3245 561 3404 614 talis?
3437 561 3574 630 Quid
3598 561 3738 616 dicis
3771 605 3787 626 ,

2189 659 2374 712 quaeso
2392 646 2469 700 te?
2482 649 2617 713 Quid
2635 659 2722 702 tua
2739 649 2926 706 refert?
2940 650 3027 706 Sic
3045 660 3186 705 tuam
3199 651 3399 722 fulgere
3413 653 3575 710 vitam
3594 669 3790 724 praece-

2191 735 2268 802 pit
2285 736 2547 800 Christus,
2565 748 2745 793 utnon
2763 741 2936 794 solum
2948 741 3254 796 videntibus
3267 751 3322 797 te
3337 742 3412 797 sis
3425 744 3790 811 admirationi,

2191 825 2286 878 sed
2317 836 2370 879 ut
2394 825 2650 884 Dominus
2676 839 2800 884 tuus
2841 831 3171 901 gloriﬁcetur
3193 833 3416 901 (Matth.
3453 835 3507 891 5.
3539 837 3606 891 16
3636 839 3692 907 );
3730 848 3788 892 ιιι

2192 931 2320 970 vero
2349 919 2567 972 omnino
2589 922 2915 976 contrarium
2944 922 3079 992 agis,
3113 932 3166 977 et
3211 939 3310 992 pro
3331 924 3502 994 gloria
3525 926 3618 981 Dei
3634 927 3787 981 blas-

2204 1004 2448 1072 phemias
2470 1004 2735 1062 introduci
2763 1025 2946 1070 curas.
2972 1021 3028 1067 et
3058 1013 3159 1067 hoc
3183 1014 3513 1068 contemnis?
3540 1015 3781 1069 Hoccine

2196 1093 2358 1149 fuerit
2383 1098 2576 1151 animae
2595 1099 2716 1168 piae,
2741 1099 2990 1170 legesque
3015 1102 3223 1158 divinas
3249 1115 3396 1159 recte
3418 1105 3675 1160 scicntis?

2265 1185 2318 1241 5.
2347 1185 2611 1242 Caeterum
2651 1191 2696 1244 si
2734 1191 2854 1260 quis
2881 1193 3030 1260 prius
3055 1191 3172 1248 haec
3218 1208 3284 1248 ex
3325 1195 3464 1250 mala
3493 1206 3790 1250 consuetu-

2195 1275 2322 1330 dine
2347 1276 2528 1332 dicere
2553 1279 2740 1335 solitus
2769 1279 2947 1345 fuerit,
2975 1293 3218 1351 suscepta
3251 1300 3392 1339 nunc
3418 1284 3788 1340 admonitione

2194 1377 2395 1432 nostra,
2421 1367 2664 1436 desistat,
2684 1385 2802 1435 oro,
2825 1371 2892 1426 ab
2908 1373 3104 1427 illicitis
3124 1373 3488 1443 hujuscemodi
3517 1381 3783 1433 sermoni-

2191 1455 2312 1521 hus,
2340 1467 2394 1512 et
2430 1459 2507 1513 sic
2532 1461 2710 1514 omnia
2751 1460 2931 1518 facere
2959 1463 3204 1527 studeat,
3233 1474 3290 1518 ut
3320 1481 3492 1534 neque
3515 1469 3582 1522 ab
3624 1465 3784 1521 ocuio

2193 1548 2283 1602 illo
2327 1551 2417 1618 qui
2456 1566 2741 1621 numquam
2769 1553 2974 1622 sopitur
3008 1553 3090 1609 vel
3127 1557 3354 1621 ccecutit,
3386 1572 3560 1627 neque
3594 1573 3625 1612 a
3651 1574 3788 1612 con-

2191 1638 2411 1694 scientia
2438 1655 2532 1695 sua
2559 1641 2959 1710 condemnetur,
2992 1660 3166 1716 neque
3191 1662 3285 1702 eos
3303 1687 3320 1710 ,
3361 1650 3450 1717 qui
3479 1663 3540 1704 se
3567 1651 3782 1714 vident,

2192 1727 2245 1783 in
2277 1728 2632 1799 blasphemias
2664 1731 2922 1789 adversus
2949 1735 3231 1790 Dominum
3274 1737 3510 1793 inducat.
3551 1739 3702 1810 Quod
3735 1747 3784 1797 si

2192 1827 2332 1873 tanta
2359 1821 2594 1876 adhibita
2633 1823 2878 1880 cautione
2917 1825 3291 1896 dispenscmns
3332 1848 3395 1887 ea
3437 1849 3555 1902 qua:
3600 1849 3786 1890 nostra

2195 1922 2338 1977 sunt,
2367 1915 2533 1969 multa
2558 1914 2798 1974 fruemur
2829 1917 3037 1976 Domini
3062 1923 3358 1987 clementia,
3392 1935 3446 1978 et
3471 1925 3662 1980 diaboli
3695 1929 3784 1978 in-

2191 2004 2353 2063 sidias
2382 2005 2716 2080 effugiemus.
2759 2010 2890 2066 Cum
2919 2012 3114 2068 viderit
3155 2015 3298 2067 enim
3338 2028 3436 2070 nos
3471 2015 3545 2068 ita
3573 2015 3786 2070 sobrios

2191 2107 2248 2153 et
2272 2100 2476 2171 vigiles,
2506 2111 2560 2157 et
2586 2103 2898 2173 cogitaverit
2925 2117 2985 2158 se
3013 2117 3229 2173 operam
3258 2103 3504 2174 perdere,
3532 2105 3788 2159 abscedet

2191 2200 2245 2242 ct
2274 2191 2648 2246 occultabitur.
2681 2192 2786 2248 Sed
2818 2202 2901 2248 sat
2930 2192 3090 2248 fuerit
3112 2194 3490 2261 prooemiorum
3521 2211 3535 2248 :
3567 2210 3662 2264 age
3685 2211 3781 2248 ca-

2192 2282 2334 2336 ritati
2360 2291 2550 2338 vestra:
2574 2285 2860 2354 propositis
2901 2284 2966 2340 iis
2990 2299 3110 2354 qua:
3147 2285 3282 2339 lecta
3311 2292 3472 2351 sunt,
3511 2285 3788 2355 spirituale

2189 2375 2492 2430 convivium
2519 2391 2871 2446 apparemus:
2899 2386 2955 2432 et
2983 2377 3140 2432 hodie
3168 2376 3466 2444 videamus,
3497 2377 3624 2447 quid
3650 2379 3778 2432 ben-

2193 2475 2276 2520 tns
2321 2465 2529 2531 Moses,
2573 2466 2682 2522 imo
2716 2465 2946 2536 Spiritus
2987 2477 3205 2523 sanctus
3251 2483 3346 2536 per
3387 2467 3503 2536 ejus
3547 2467 3782 2537 linguam

2191 2554 2384 2610 docere
2409 2570 2506 2610 nos
2540 2556 2688 2612 velit.
2719 2557 2855 2624 Quid
2885 2557 3063 2628 itaque
3087 2557 3200 2612 ait?
3233 2557 3324 2612 20.
3361 2557 3431 2612 Et
3455 2558 3581 2612 dixit
3605 2557 3744 2611 Deus
3765 2575 3786 2613 :

2191 2645 2427 2700 Educant
2455 2661 2600 2716 aqute
2626 2647 2826 2718 reptilia
2850 2647 3134 2701 animarum
3155 2647 3451 2713 viventium,
3481 2656 3529 2700 et
3559 2649 3786 2701 volatilia

2190 2738 2410 2791 uolantia
2421 2753 2572 2806 super
2583 2746 2769 2791 terram
2783 2739 3058 2794 secundum
3071 2739 3437 2806 ﬁrmamentum
3450 2738 3580 2792 mli.
3599 2737 3662 2791 Et
3681 2739 3785 2805 [ac-

2191 2839 2295 2884 tum
2313 2839 2385 2884 est
2402 2831 2492 2885 ita.
2512 2827 2644 2884 Vide
2661 2831 3041 2902 benignitatem
3065 2831 3292 2894 Domini,
3311 2829 3577 2900 quomodo
3594 2830 3785 2884 ordine

2189 2921 2420 2991 quodam
2462 2932 2517 2978 et
2556 2923 2936 2992 consequentia
2975 2937 3134 2977 omne
3171 2923 3440 2992 opificium
3485 2937 3638 2976 suum
3685 2938 3786 2976 nos

2189 3014 2397 3070 doceat.
2424 3015 2580 3070 Prius
2603 3015 2784 3070 docuit
2812 3029 2931 3081 nos,
2959 3012 3227 3084 quomodo
3257 3013 3322 3066 ad
3356 3012 3618 3068 fructuum
3652 3029 3780 3082 prn-

2189 3115 2380 3161 ventns
2419 3121 2518 3160 suo
2557 3105 2806 3160 mandato
2835 3114 3028 3160 terram
3056 3104 3407 3159 excitaverit:
3453 3114 3656 3174 postea,
3692 3106 3781 3158 ubi

2192 3195 2375 3251 docuit
2401 3195 2624 3252 duorum
2657 3196 2995 3252 luminarium
3023 3195 3416 3262 fort-nationem,
3449 3198 3693 3266 apposuit
3729 3207 3788 3250 et

2191 3287 2469 3343 stellarum
2535 3289 2863 3353 varietatem,
2929 3303 3025 3358 per
3075 3302 3208 3357 quas
3273 3287 3388 3342 caeli
3443 3287 3789 3358 pulchritudo

2190 3377 2328 3434 facta
2373 3387 2455 3435 est
2477 3379 2710 3437 clarior:
2757 3379 2916 3436 hodie
2953 3381 3287 3436 continenter
3315 3379 3382 3434 ad
3407 3395 3570 3450 aquas
3605 3390 3788 3436 trans-

2190 3469 2263 3533 it,
2318 3479 2374 3525 et
2421 3471 2653 3526 ostendit
2697 3471 2887 3539 nobis,
2947 3486 3196 3526 sermone
3260 3480 3314 3527 et
3367 3481 3634 3541 praicepto
3683 3488 3789 3528 suo

2189 3575 2254 3615 cx
2309 3563 2460 3632 aquis
2515 3562 2646 3632 ipsis
2700 3563 2926 3617 viventia
2982 3563 3230 3616 animalia
3297 3563 3576 3633 prodiisse.
3633 3564 3783 3619 Edu-

2186 3663 2305 3708 cant
2343 3656 2485 3709 enim
2505 3695 2520 3720 ,
2549 3657 2654 3722 ait,
2683 3673 2827 3726 aqua:
2865 3658 3065 3730 reptilia
3093 3659 3377 3712 animarum
3404 3659 3671 3714 viventia»:
3689 3700 3704 3721 ,
3734 3670 3787 3714 et

2185 3747 2416 3800 volatilia
2445 3749 2664 3802 volantia
2691 3765 2844 3819 super
2881 3759 3068 3804 terram
3096 3750 3370 3804 secundum
3410 3753 3788 3818 ﬁrmamentum

2180 3839 2320 3893 creti.
2360 3839 2490 3908 Quis
2515 3855 2712 3906 sermo,
2743 3857 2946 3912 quasso,
2973 3843 3213 3897 miraculi
3255 3842 3563 3912 dignitatem
3605 3853 3785 3912 potest

2188 3930 2435 4000 assequi?
2475 3946 2593 4000 qua:
2635 3930 2810 4000 lingua
2850 3931 2917 3987 ad
2953 3930 3171 4002 Opilieis
3207 3933 3470 4002 prteconia
3514 3933 3785 3989 sufliciet?

2189 4019 2334 4074 Dixit
2359 4029 2598 4091 tantum,
2629 4020 2884 4076 Ccrminet
2910 4033 3042 4077 terra
3064 4039 3083 4077 :
3112 4032 3166 4078 et
3189 4024 3365 4078 statim
3393 4024 3533 4078 illam
3564 4025 3628 4079 ad
3660 4040 3788 4095 par-

2180 4122 2302 4166 tum
2329 4112 2613 4167 excitavit:
2647 4128 2787 4169 nunc
2808 4113 2973 4170 dicit:
3003 4113 3238 4168 Educant
3263 4130 3428 4186 aqum.
3459 4115 3591 4170 Vide
3619 4132 3783 4186 quam

2179 4212 2485 4257 consonant
2532 4212 2836 4274 praecepta:
2887 4205 3012 4272 illic,
3052 4204 3343 4271 Germiuet;
3382 4207 3495 4273 hic,
3552 4206 3792 4262 Edttcant

2190 4311 2357 4365 aquw,
2399 4295 2598 4365 inquit,
2633 4298 2834 4367 reptilia
2860 4298 3142 4352 animarum
3171 4300 3458 4353 viventium.
3488 4299 3619 4353 Nam
3647 4300 3788 4354 sicut

2189 4384 2258 4440 de
2287 4393 2426 4441 terra
2454 4386 2587 4441 dixit
2613 4387 2806 4454 solum,
2839 4386 3092 4442 Germinet
3113 4403 3132 4442 :
3156 4397 3212 4444 et
3237 4391 3382 4444 varia
3405 4403 3528 4444 mox
3559 4404 3622 4443 ac
3646 4390 3789 4443 mul-

2191 4476 2356 4545 tiplex
2386 4476 2597 4540 ﬂorum,
2625 4477 2932 4547 herbarum,
2957 4488 3010 4535 et
3039 4479 3304 4534 seminum
3331 4480 3576 4550 apparuit
3604 4481 3782 4548 copia,

2191 4583 2402 4638 unoque
2429 4569 2592 4624 verbo
2622 4569 2876 4639 producta
2901 4579 3027 4626 sunt
3049 4571 3227 4626 omnia
3256 4587 3270 4624 :
3299 4572 3377 4625 sic
3400 4579 3456 4626 et
3484 4571 3570 4625 hic
3605 4570 3740 4626 dixit
3767 4590 3786 4627 :

2193 4656 2427 4711 Educant
2451 4674 2596 4726 aqua
2618 4660 2820 4730 reptilia
2845 4661 3129 4714 animarum
3157 4660 3456 4727 viventium,
3484 4669 3531 4715 et
3557 4660 3789 4716 volatilia

2191 4751 2414 4804 volantia
2437 4767 2590 4819 super
2629 4760 2814 4805 terram
2839 4752 3114 4807 secundum
3142 4753 3514 4821 ﬁrmamentum
3543 4750 3659 4806 ccli
3685 4763 3709 4808 :
3731 4760 3792 4807 es

2189 4841 2448 4896 continuo
2493 4848 2571 4896 tot
2599 4842 2867 4912 reptilium
2905 4843 3305 4914 volatiliumque
3336 4858 3535 4915 genera
3563 4843 3802 4904 condita

2191 4942 2334 5002 sunt,
2361 4941 2492 5003 quot
2519 4949 2692 5004 neque
2721 4949 2970 4991 sermone
2995 4935 3263 4992 recenseri
3291 4947 3534 5007 possunt.
3561 4936 3630 4992 Et
3657 4951 3787 4993 ver-

2192 5028 2317 5083 bum
2345 5028 2558 5099 quidem
2589 5029 2753 5085 breve
2780 5037 2882 5092 est,
2909 5030 3236 5100 verbumque
3265 5045 3448 5097 unum,
3471 5045 3668 5100 genera
3692 5046 3786 5086 au-

2195 5129 2300 5174 tem
2321 5121 2627 5176 animalium
2652 5121 2864 5176 diversa
2895 5130 2949 5178 et
2973 5123 3138 5177 varia.
3163 5122 3268 5179 Sed
3291 5123 3436 5178 nullo
3459 5131 3681 5194 stupore
3709 5131 3794 5179 te-

2193 5213 2391 5279 nearis,
2420 5213 2651 5269 dilecte:
2682 5213 2903 5269 verbum
2935 5214 3075 5269 enim
3103 5225 3218 5270 erat
3248 5215 3376 5281 Dei,
3405 5225 3460 5271 et
3487 5231 3666 5271 sermo
3701 5216 3790 5286 ip-

2196 5305 2310 5360 sius
2336 5304 2400 5359 iis
2428 5319 2548 5375 qua:
2571 5303 2770 5362 ﬁebant
2805 5305 3206 5361 subsistentiam
3233 5306 3452 5376 largitus
3488 5315 3589 5362 est.
3623 5306 3790 5362 Vides

2194 5398 2462 5468 quomodo
2489 5398 2666 5453 omnia
2695 5413 2762 5455 ex
2803 5399 2970 5455 nihilo
2998 5410 3056 5454 ut
3097 5410 3279 5455 essent
3318 5399 3578 5470 producta
3625 5410 3751 5456 sunt
3775 5399 3832 5476 2‘

2192 5488 2344 5545 vides
2371 5505 2529 5559 quam
2557 5490 2839 5560 diligenter
2861 5490 3089 5547 doceat?
3116 5489 3269 5546 vides
3291 5501 3487 5561 quanta
3509 5505 3569 5547 se
3591 5499 3792 5546 attem-

2196 5578 2470 5649 pcratlone
2497 5579 2563 5634 ad
2587 5579 2754 5634 nostri
2782 5582 2996 5651 generis
3023 5579 3378 5636 humilitatem
3411 5581 3667 5637 Dominus
3691 5580 3788 5634 de-

2197 5673 2406 5728 mittat?
2430 5672 2580 5730 Unde
2607 5673 2749 5730 enim
2771 5689 2873 5730 nos
2897 5675 3012 5729 tunc
3043 5682 3149 5728 tam
3189 5686 3436 5730 accurate
3461 5673 3669 5729 discere
3697 5689 3790 5743 po-

2202 5765 2510 5835 tnisscmus,
2529 5766 2628 5822 nisi
2653 5767 2764 5838 ipse
2789 5781 2980 5836 magna
2998 5773 3052 5822 ct
3073 5765 3324 5822 incilabili
3353 5764 3678 5836 benignitate
3698 5789 3796 5832 sua
