4144 6420
311 472 385 531 (,5
1543 463 1608 519 ΙΝ
1645 461 1795 518 CAP.
1840 458 1882 515 Ι.
1922 475 1924 498 ι

2031 456 2168 516 NES.
2213 457 2444 514 IIOMIL.
2481 459 2588 517 Vll.
3561 468 3641 531 (6¹

315 582 609 637 humanum
642 595 820 652 genus
841 594 933 652 per
958 577 1231 650 propheta:
1258 576 1490 648 linguam
1516 575 1711 630 docere
1737 573 1922 644 digna-

320 684 400 729 tus
424 683 595 739 esset,
626 682 686 726 ιιι
709 672 854 727 scire
873 672 1145 743 possimus
1172 678 1226 726 et
1245 684 1425 725 rerum
1446 676 1747 724 creatarum
1777 665 1926 721 ordi-

323 777 463 828 nem,
486 771 543 817 et
565 761 852 818 Creatoris
885 761 1195 832 potentiam,
1227 769 1282 815 et
1307 758 1577 830 quomodo
1606 772 1786 814 sermo
1807 757 1925 827 ejus

321 852 372 906 in
401 866 537 921 opus
571 852 796 919 exierit,
841 862 896 908 et
924 852 1146 908 verbum
1184 851 1304 922 ejus
1337 850 1734 906 subsistentiam
1776 859 1831 906 et
1856 848 1925 904 ad

321 940 695 996 cssistentiam
723 941 1002 997 transitum
1031 942 1292 998 creaturis
1316 941 1639 1011 praebuerit?

394 1030 450 1084 4.
479 1029 586 1085 Cur
619 1040 826 1085 tantum
868 1032 1096 1086 ordinem
1122 1032 1175 1086 in
1195 1032 1469 1086 creationis
1503 1031 1791 1086 narratione
1815 1046 1923 1086 ser-

325 1120 700 1176 von—Verum
720 1130 845 1177 sunt
862 1123 1115 1178 insensa-ti
1134 1120 1394 1191 nonnulli,
1414 1123 1503 1194 qui
1522 1132 1577 1179 et
1589 1131 1708 1194 poSt
1724 1132 1924 1178 tantam

324 1209 624 1265 doctrinam
649 1212 910 1269 increduli
928 1228 1045 1269 esse
1071 1214 1287 1281 audent,
1312 1214 1572 1286 faterique
1592 1216 1779 1271 nolunt
1803 1231 1925 1272 esse

324 1304 556 1374 aliquem
588 1305 810 1362 istorum
848 1307 1132 1362 visibilium
1161 1306 1404 1378 opiﬁcem
1429 1324 1443 1361 :
1469 1307 1563 1363 sed
1588 1309 1677 1363 alii
1701 1308 1914 1379 quidem

325 1396 547 1451 forulito
572 1396 659 1452 illa
682 1413 747 1453 ac
784 1412 880 1468 per
907 1414 969 1454 se
995 1414 1114 1454 esse
1139 1399 1352 1467 dicunt,
1381 1400 1469 1455 alii
1496 1411 1625 1456 Vero
1648 1416 1715 1456 ex
1738 1401 1922 1471 subja-

324 1495 482 1540 cente
506 1487 735 1557 quadam
777 1492 1000 1545 materia
1023 1503 1146 1545 esse
1189 1489 1328 1545 facta
1355 1491 1704 1546 contendunt.
1731 1493 1924 1547 Consi-

323 1579 457 1633 dera
483 1588 675 1649 quanta
703 1580 901 1635 diaboli
930 1581 1125 1647 illusio,
1150 1582 1418 1652 quomodo
1437 1581 1640 1637 abusus
1668 1591 1751 1637 est
1777 1582 1920 1639 facili

325 1671 601 1724 erroribus
646 1671 997 1725 servientium
1040 1670 1374 1727 credulitate.
1416 1672 1711 1742 Eapmptcr
1738 1672 1924 1728 beatus

324 1757 522 1823 Muses,
562 1759 763 1829 Spiritu
805 1761 986 1815 divino
1021 1760 1268 1828 alllatus,
1315 1772 1459 1829 tanta
1506 1763 1782 1833 diligentia
1826 1778 1925 1819 nus

327 1848 509 1915 docet,
541 1865 607 1904 ne
635 1849 772 1905 idem
802 1861 858 1906 et
893 1851 1049 1907 nobis
1079 1854 1322 1919 eveniat;
1355 1852 1451 1908 sed
1487 1856 1718 1909 sciamus
1748 1855 1924 1909 mani-

328 1940 465 1995 [este
505 1950 563 1996 et
600 1952 965 1996 creaturarum
1010 1944 1285 2009 ordinem,
1308 1953 1363 2000 et
1396 1945 1666 2015 quomodo
1698 1961 1925 2017 qumque

326 2041 522 2085 creatae
551 2032 675 2085 sint.
704 2030 816 2086 Nisi
843 2032 986 2087 enim
1013 2043 1212 2088 nostra:
1240 2034 1428 2090 salutis
1443 2049 1625 2090 curam
1652 2034 1928 2092 habuisset

329 2121 495 2187 Deus,
535 2131 587 2176 ct
620 2122 690 2175 ita
723 2121 1014 2178 direxisset
1044 2123 1317 2194 propheta:
1355 2125 1623 2197 linguam,
1651 2127 1780 2182 satis
1809 2135 1928 2183 erat

324 2210 531 2267 dixisse
570 2229 585 2267 :
632 2211 778 2269 Fecit
810 2213 951 2270 Deus
988 2214 1178 2270 caelum
1215 2222 1271 2270 et
1305 2223 1523 2284 terram,
1566 2226 1622 2272 et
1661 2231 1844 2285 mare,
1872 2228 1928 2274 et

328 2305 658 2360 animantia:
706 2320 881 2376 neque
922 2321 1141 2363 necesse
1166 2319 1283 2363 erat
1319 2317 1377 2363 ut
1416 2319 1641 2379 poneret
1681 2309 1925 2367 ordinem

328 2394 561 2461 dierum,
593 2410 766 2465 neque
795 2397 921 2466 quid
965 2399 1165 2467 primo,
1210 2394 1275 2455 ei
1301 2399 1429 2470 quid
1464 2401 1702 2457 secundo
1729 2402 1927 2458 factum

329 2485 509 2541 luerit.
541 2486 646 2541 Sed
687 2495 743 2542 ut
781 2489 1001 2557 ingratis
1043 2502 1098 2544 et
1125 2491 1263 2546 male
1290 2493 1642 2548 sentientibus
1671 2494 1812 2549 nulla
1841 2510 1929 2549 re-

329 2578 658 2648 linqueretur
686 2583 997 2648 excusatio,
1044 2584 1116 2638 ita
1156 2583 1433 2655 distinguit
1457 2584 1739 2642 manifeste
1767 2596 1821 2642 ct
1847 2588 1926 2642 fa-

329 2682 538 2726 ctorum
568 2672 833 2739 ordinem,
856 2683 913 2729 et
936 2673 1142 2729 dierum
1177 2691 1481 2743 numerum,
1516 2686 1570 2733 et
1608 2678 1787 2733 omnia
1830 2694 1928 2734 nos

329 2763 491 2818 docet
529 2778 649 2818 cum
696 2780 886 2835 magna
929 2768 1400 2837 attemperatione,
1431 2777 1490 2824 ut
1529 2771 1739 2840 cognita
1781 2771 1928 2826 omni

328 2855 585 2921 veritate,
615 2872 722 2910 non
755 2858 895 2912 ultra
921 2872 1104 2914 eorum
1137 2859 1416 2916 erroribus
1443 2860 1806 2929 attendamus,
1837 2862 1929 2932 qui

327 2946 511 3001 omnia
539 2947 607 3002 ab
631 2963 691 3004 se
718 2948 1013 3019 excogitata
1043 2950 1367 3020 loquuntur,
1400 2950 1493 3006 sed
1523 2953 1753 3007 sciamus
1782 2951 1925 3006 Con-

329 3039 522 3094 ditoris
546 3042 711 3095 nostri
739 3041 1145 3097 inenarrabilem
1174 3044 1489 3113 potentiam.
1521 3042 1588 3098 Et
1615 3045 1806 3114 factum
1827 3054 1923 3111 est,

328 3129 522 3200 inquit,
553 3132 641 3185 ita.
675 3132 815 3187 Dixit
839 3151 852 3186 :
878 3131 1118 3187 Educant
1146 3150 1292 3204 aqua:
1315 3137 1516 3207 reptilia
1535 3136 1824 3191 animarum
1850 3138 1929 3190 vi-

328 3224 549 3277 ventium
569 3265 585 3290 ,
614 3235 662 3277 et
700 3224 933 3279 oolatilia
971 3225 1195 3279 volantia
1235 3243 1391 3295 super
1426 3236 1614 3281 terram
1651 3229 1928 3282 secundum

329 3315 705 3384 ﬁrmamentum
720 3317 856 3384 steti,
883 3327 936 3373 et
962 3317 1350 3388 obtemperavit
1373 3320 1720 3387 elementum,
1747 3328 1804 3376 et
1823 3321 1928 3375 int-

330 3405 492 3476 ﬂevit
518 3416 861 3478 prteceptum.
893 3407 960 3463 Et
984 3412 1177 3480 factum
1205 3421 1298 3479 est,
1337 3410 1526 3481 inquit,
1549 3411 1679 3466 sicut
1701 3411 1930 3482 impera-

328 3497 399 3550 vit
435 3495 703 3553 Dominus.
744 3497 838 3554 2i.
864 3497 935 3553 Et
958 3500 1077 3571 fecit
1106 3498 1248 3554 Deus
1289 3508 1393 3555 cete
1417 3516 1623 3572 magna,
1653 3511 1701 3556 et
1724 3517 1928 3556 omnem

327 3589 555 3643 animam
581 3590 879 3644 animalium
919 3591 1204 3662 reptilium,
1246 3607 1361 3662 qua
1401 3593 1750 3662 produxerunt
1783 3609 1929 3663 aquae

327 3680 602 3734 secundum
627 3696 811 3752 genera
836 3699 950 3751 sua,
972 3691 1019 3737 et
1043 3699 1190 3737 omne
1215 3684 1418 3739 volatile
1445 3694 1715 3754 pennatam
1744 3702 1922 3741 secun-

328 3771 453 3825 dum
485 3787 662 3838 genus.
690 3771 757 3826 Et
787 3773 907 3827 vidit
932 3771 1076 3828 Deus
1102 3775 1239 3843 quod
1266 3785 1434 3831 essent
1454 3775 1610 3831 bona.
1638 3775 1732 3833 22.
1760 3775 1926 3831 Bene-

327 3862 555 3934 dixitque
575 3878 636 3917 ea
670 3861 833 3932 Deus,
864 3863 1071 3920 dicens:
1097 3863 1317 3921 Crescite
1343 3876 1389 3921 et
1413 3867 1851 3938 multiplicamini,
1880 3877 1928 3923 et

326 3952 534 4023 implete
556 3970 714 4024 aquas
738 3956 977 4024 marium,
1005 3965 1052 4011 et
1079 3957 1312 4012 volatilia
1346 3959 1748 4030 multiplicentur
1775 3977 1929 4031 super

331 4055 545 4101 terram.
572 4044 771 4103 lterum
808 4047 915 4116 hic,
945 4063 1149 4119 quaeso,
1179 4051 1481 4120 considera,
1512 4061 1708 4121 quanta
1738 4054 1809 4108 sit
1836 4070 1927 4108 sa-

325 4136 529 4206 pientia
554 4135 803 4207 Spiritus.
833 4137 964 4194 Nam
983 4154 1105 4195 eum
1131 4139 1267 4195 dixit
1293 4141 1482 4197 beatus
1515 4142 1707 4207 Moses,
1740 4142 1808 4196 Et
1845 4147 1926 4216 fa-

325 4237 465 4281 ctum
493 4229 684 4294 estita,
717 4228 871 4286 docet
910 4245 1011 4285 nos
1035 4232 1333 4288 minutatim
1377 4233 1580 4289 addens
1620 4244 1675 4290 et
1698 4234 1924 4291 dicens:

326 4316 399 4372 Et
424 4320 543 4389 fecit
570 4319 708 4375 Deus
732 4330 836 4376 cete
859 4338 1065 4394 magna,
1091 4332 1138 4378 et
1165 4340 1362 4379 omnem
1384 4327 1606 4380 animam
1630 4327 1928 4383 animalium

323 4410 583 4480 reptilium
606 4427 719 4481 quis
738 4413 1087 4483 produxerunt
1112 4429 1262 4484 aqua:
1285 4417 1565 4472 secundum
1590 4435 1777 4490 genera
1802 4436 1919 4486 sua,

325 4511 375 4556 et
422 4517 570 4556 omne
612 4503 815 4558 volatile
858 4514 1129 4575 pennatam
1173 4508 1451 4563 secundum
1477 4500 1656 4581 genus.
1694 4509 1765 4564 Et
1803 4512 1927 4566 vidit

325 4589 470 4644 Deus
492 4593 626 4661 quod
653 4594 985 4650 essentbona.
1016 4596 1115 4652 Hic
1140 4597 1319 4653 denuo
1345 4603 1702 4656 temeritatem
1745 4603 1924 4658 omnia

324 4684 530 4754 absque
572 4685 780 4743 ratione
815 4687 1265 4745 deblaterautium
1310 4692 1636 4762 comprimit.
1682 4693 1816 4749 Nam
1869 4702 1927 4749 ut

324 4777 507 4833 nullus
552 4776 735 4834 dicere
780 4780 967 4848 pOSsil,
1010 4779 1177 4851 Cujus
1221 4782 1388 4852 gratia
1415 4793 1533 4840 cete
1578 4783 1717 4840 facta
1759 4786 1926 4841 sunt?

321 4883 484 4939 quam
504 4869 669 4924 nobis
705 4870 982 4927 utilitatem
1012 4872 1338 4928 conferunt?
1378 4875 1505 4945 quid
1546 4877 1813 4932 commodi
1856 4892 1923 4933 ex

320 4975 516 5016 eorum
544 4963 857 5018 creatione?
886 4964 1083 5020 idcirco
1109 4974 1388 5036 postquam
1415 4967 1584 5023 dixit:
1613 4968 1761 5026 Fecit
1785 4969 1926 5025 Deus

318 5060 426 5106 cete
466 5069 672 5124 magna,
717 5063 763 5109 et
801 5071 1001 5110 onmem
1041 5058 1263 5111 animam
1301 5058 1600 5114 animalium
1640 5062 1919 5132 reptilium,

318 5154 366 5197 et
397 5146 664 5200 volatilia:
689 5148 868 5201 statim
899 5146 1137 5203 addidit:
1168 5151 1231 5202 Et
1262 5148 1383 5203 vidit
1421 5147 1564 5205 Deus
1597 5152 1734 5222 quod
1759 5164 1921 5209 essent

321 5237 474 5290 bona.
501 5237 663 5304 Quasi
684 5238 922 5294 diceret:
952 5238 1030 5295 Ne
1056 5241 1179 5310 quia
1209 5251 1262 5296 tu
1283 5243 1548 5299 rationem
1590 5245 1802 5314 ignoras
1840 5246 1926 5301 la-

319 5338 552 5397 ctorum,
575 5331 786 5401 opilicia
805 5333 1109 5403 vituperare
1134 5334 1477 5405 aggrediaris.
1506 5337 1711 5393 Audisti
1741 5339 1924 5394 Domi-

320 5435 449 5476 num
477 5423 932 5490 pronuntiantem,
978 5433 1034 5480 et
1076 5424 1343 5480 dicentem
1372 5426 1462 5481 illa
1502 5440 1622 5483 esse
1660 5428 1799 5484 bona
1827 5448 1841 5485 :
1868 5438 1923 5485 et

317 5511 591 5582 quomodo
613 5522 668 5567 tn
690 5513 962 5569 insaniens
977 5515 1155 5570 dicere
1183 5515 1570 5586 audes,Quare
1589 5518 1728 5576 facta
1759 5521 1922 5575 sunt?

318 5603 470 5672 quasi
511 5604 839 5674 superﬂuum
879 5606 1114 5676 ipsarum
1142 5622 1399 5664 accusans
1432 5609 1746 5680 opificium?
1786 5612 1920 5668 Nam

317 5695 361 5748 si
385 5694 640 5751 cordatus
662 5711 835 5765 esses,
859 5712 1042 5768 posses
1066 5700 1226 5754 etiam
1257 5714 1321 5755 ex
1355 5699 1542 5756 harum
1571 5703 1843 5759 creatione
1869 5714 1923 5760 et

317 5786 615 5856 potentiam
657 5788 868 5843 Domini
912 5798 967 5843 et
992 5790 1312 5845 inell‘abilem
1358 5790 1738 5863 benignitatem
1766 5795 1922 5850 addi-

306 5887 473 5930 scere
505 5896 517 5933 :
550 5880 837 5951 potentiam
873 5881 1109 5952 quidem,
1143 5882 1260 5954 qnia
1280 5898 1534 5940 sermone
1571 5894 1625 5942 ct
1649 5901 1918 5959 pmccpto

2035 587 2101 627 ex
2137 573 2288 645 aquis
2317 575 2441 630 talia
2470 577 2758 634 animantia
2797 580 3085 651 produxit;
3126 587 3506 661 benignitatem
3536 608 3633 650 au-

2034 671 2163 731 tem,
2193 665 2315 735 quia
2342 674 2399 720 ut
2424 682 2487 721 ea
2525 668 2793 738 produxit,
2825 675 3093 743 propriam
3121 678 3200 733 eis
3226 683 3502 753 regionem
3544 695 3641 741 ειη·

2034 754 2238 823 tribuit,
2270 754 2584 812 immensam
2624 761 2788 816 maris
2814 772 3018 832 partem
3045 765 3151 822 illis
3187 768 3518 842 decernens,
3557 778 3629 834 ita

2034 853 2092 901 ut
2115 845 2316 901 nemini
2347 858 2565 917 possent
2593 865 2823 919 nocere;
2851 855 2944 910 sed
2969 869 3251 916 versentur
3276 863 3328 918 in
3374 869 3542 933 mari,
3576 880 3632 924 et

2032 935 2113 990 sui
2141 937 2448 1006 spectaculo
2472 943 2957 1010 supereminentem
2979 947 3195 1018 Opiﬁcis
3215 957 3504 1021 potentiam
3532 959 3631 1016 do-

2031 1036 2219 1095 ceant,
2262 1029 2572 1101 nullumque
2597 1031 2829 1090 humano
2854 1040 3039 1107 generi
3078 1040 3330 1101 damnum
3373 1048 3627 1108 inferam.

2031 1118 2114 1172 An
2151 1133 2367 1188 parvam
2405 1131 2560 1191 putas
2586 1123 2928 1197 benignitatis
2965 1140 3194 1202 partem,
3225 1139 3489 1207 geminam
3532 1144 3626 1198 tibi

2032 1212 2314 1268 utilitatem
2354 1213 2481 1271 hinc
2520 1219 2760 1275 exoriri?
2791 1220 3006 1279 Etenim
3049 1241 3239 1297 sapere
3281 1232 3523 1290 volentes
3561 1237 3639 1291 ad,

2036 1303 2136 1358 Dei
2166 1304 2406 1360 notitiam
2433 1307 2797 1379 introducunt,
2826 1323 2880 1369 et
2910 1318 3228 1387 stupendum
3251 1322 3506 1380 exhibent
3536 1327 3631 1382 be.

2032 1395 2307 1465 nignitatis
2347 1401 2464 1469 ejus
2487 1404 2930 1473 magnitudinem,
2961 1410 3102 1479 quod
3132 1412 3201 1468 ab
3225 1428 3411 1472 eorum
3456 1435 3628 1476 nocu-

2032 1491 2228 1545 mentis
2269 1491 2560 1549 humanum
2597 1511 2767 1567 genus
2812 1499 3136 1559 liberaverit.
3170 1505 3354 1579 Neque
3379 1512 3521 1568 enim
3559 1516 3630 1570 ob

2030 1592 2271 1639 nostram
2297 1584 2573 1643 dumtaxat
2601 1591 2881 1648 utilitatem
2909 1610 2972 1650 ea
2993 1598 3170 1653 omnia
3198 1599 3335 1658 facta
3362 1615 3507 1673 sunt,
3531 1611 3625 1664 sed

2030 1684 2085 1731 et
2129 1677 2200 1733 ob
2241 1680 2556 1737 immensam
2601 1683 2768 1755 ipsius
2813 1689 3300 1758 magniﬁcentiam:
3339 1697 3441 1753 alia
3485 1702 3629 1757 enim

2031 1779 2250 1841 propter
2292 1782 2528 1829 nostram
2559 1776 2839 1833 utilitatem
2869 1778 3030 1849 fecit,
3073 1784 3175 1838 alia
3220 1797 3442 1858 propter
3477 1805 3628 1848 suam

2031 1862 2502 1934 magniﬁcentiam,
2534 1874 2590 1922 ut
2618 1869 2788 1940 magis
2812 1869 3057 1929 Factoris
3088 1878 3411 1946 praedicetur
3436 1892 3595 1951 puten
3613 1916 3626 1928 -

2033 1957 2105 2011 tia
2134 1957 2177 2013 ⁸.
2203 1958 2336 2013 Cum
2358 1959 2511 2015 audis
2533 1960 2736 2031 itaque,
2777 1962 2914 2018 Vidit
2941 1964 3085 2022 Deus
3108 1971 3246 2040 quod
3272 1984 3433 2028 essent
3459 1974 3590 2031 bona
3611 1993 3631 2032 :

2030 2061 2101 2103 ne
2124 2048 2270 2104 ausis
2310 2051 2446 2105 ultra
2475 2050 2670 2108 divina:
2694 2054 2981 2125 Scriptura:
3016 2062 3403 2131 contradicere,
3440 2081 3504 2121 ac
3531 2082 3629 2123 cu-

2030 2141 2224 2196 riosius
2249 2142 2534 2214 inquirere,
2559 2144 2881 2218 dicereque:
2913 2149 3090 2218 Quare
3109 2152 3247 2209 Deus
3269 2155 3369 2212 hoc
3392 2160 3476 2213 vel
3499 2161 3628 2217 illud

2030 2231 2155 2286 fecit
2173 2232 2198 2286 ?
2217 2231 2287 2286 Et
2316 2234 2568 2289 benedixit
2591 2236 2683 2290 illa
2710 2236 2869 2306 Deus,
2904 2240 3094 2310 inquit,
3125 2253 3172 2298 et
3209 2246 3339 2300 dixit
3361 2264 3381 2302 :
3410 2248 3629 2307 Crescite

2031 2330 2076 2375 et
2103 2323 2537 2395 multiplicamini,
2565 2336 2611 2380 et
2641 2327 2845 2399 implete
2871 2346 3029 2401 aquas
3052 2335 3267 2391 marium
3290 2353 3309 2391 :
3334 2349 3377 2393 et
3405 2342 3629 2397 volatilia

2030 2413 2430 2483 multiplicemur
2456 2433 2609 2487 super
2625 2428 2832 2474 terram.
3328 2446 3331 2447 ν

2101 2508 2158 2564 5.
2197 2506 2321 2562 llaec
2347 2518 2428 2564 est
2468 2509 2580 2579 ipsa
2616 2510 2951 2581 benedictio,
2980 2525 3033 2570 ut
3064 2532 3256 2589 magno
3286 2536 3511 2579 numero
3540 2524 3628 2581 illa

2032 2608 2347 2670 augeantur.
2381 2600 2513 2656 Nam
2539 2603 2663 2673 quia
2693 2605 2933 2661 viventes
2959 2619 3220 2665 creatum
3247 2622 3401 2667 erant
3427 2616 3632 2671 anima-

2033 2691 2133 2756 lia,
2164 2693 2479 2764 t'olebatque
2509 2695 2598 2750 illa
2627 2704 2884 2768 perpetuo
2914 2715 3166 2768 manere,
3199 2704 3320 2760 ideo
3349 2708 3585 2765 subdidit
3613 2729 3629 2766 :

2030 2781 2102 2836 Et
2131 2782 2383 2840 benedixit
2407 2785 2500 2839 illa
2526 2786 2694 2854 Deusta,
2727 2799 2774 2841 et
2799 2789 2928 2844 dixit
2953 2807 2974 2845 :
3001 2791 3219 2848 Crescite
3243 2805 3291 2849 et
3321 2799 3631 2869 multiplica-

2032 2876 2178 2931 mini.
2220 2876 2456 2932 Verbum
2487 2878 2630 2933 enim
2670 2879 2801 2935 illud
2837 2896 3008 2952 usque
3049 2884 3101 2938 in
3139 2882 3458 2955 praesentem
3489 2891 3630 2946 diem

2032 2968 2123 3023 illa
2166 2977 2482 3036 conservat,
2522 2979 2577 3025 ct
2617 2978 2824 3026 tantum
2872 2976 3126 3042 prtcteriit
3170 2987 3414 3049 tempus,
3457 2997 3633 3052 neque

2035 3077 2195 3116 unum
2226 3061 2416 3118 borum
2444 3078 2613 3134 genus
2654 3065 2990 3123 imminutum
3020 3078 3121 3127 est.
3160 3071 3291 3127 Nam
3333 3073 3634 3133 benedictio

2035 3153 2164 3221 Dei,
2192 3162 2248 3209 et
2290 3156 2511 3210 verbum
2554 3156 2685 3211 illttd
2715 3174 2728 3212 :
2763 3158 2981 3214 Crescite
3018 3171 3065 3216 et
3105 3165 3544 3234 multiplicamini,
3576 3180 3632 3224 ut

2034 3245 2389 3302 subsisterent
2417 3256 2473 3302 et
2501 3247 2759 3304 durarent
2801 3250 2908 3306 illis
2944 3254 3190 3309 contulit.
3218 3254 3318 3312 25.
3347 3256 3413 3312 Et
3440 3260 3629 3329 factum

2032 3349 2133 3403 est,
2168 3339 2370 3409 inquit,
2399 3356 2633 3410 vespere,
2664 3352 2714 3396 et
2740 3347 2933 3414 factum
2957 3355 3030 3399 est
3055 3362 3234 3415 mane,
3264 3348 3371 3403 dies
3407 3352 3628 3419 quintus.

2038 3429 2195 3484 Vides
2220 3430 2489 3499 quomodo
2516 3432 2692 3486 divina
2722 3433 2996 3503 Scriptura
3025 3436 3205 3492 docuit
3230 3452 3329 3495 nos
3348 3481 3362 3503 ,
3394 3456 3513 3512 qua:
3542 3443 3628 3497 die

2032 3523 2219 3593 quinto
2233 3532 2416 3578 creata
2443 3524 2549 3578 sint
2570 3525 2898 3581 animantia?
2921 3527 3025 3583 Sed
3052 3543 3338 3603 parumper
3357 3545 3625 3605 exspecta,

2032 3624 2087 3670 et
2131 3615 2321 3671 iterum
2372 3618 2574 3674 videbis
2623 3618 2833 3675 Domini
2879 3622 2952 3677 tui
3001 3623 3400 3696 benignitatem.
3447 3629 3630 3701 Neque

2032 3711 2174 3766 enim
2215 3726 2381 3781 aquas
2418 3711 2593 3767 solum
2634 3715 2942 3771 animalium
2989 3718 3337 3787 productione
3380 3720 3632 3780 fecundas

2034 3803 2179 3868 fecit,
2208 3804 2303 3859 sed
2333 3803 2512 3859 denuo
2543 3807 2802 3876 principii.
2836 3817 2893 3863 ut
2922 3823 2989 3863 ex
3017 3817 3157 3865 terra
3191 3813 3461 3868 terrestria
3503 3831 3629 3887 pro-

2032 3894 2298 3950 ducantur
2337 3897 2608 3951 animalia.
2646 3897 2761 3951 Nou
2792 3898 2888 3953 abs
2918 3913 2977 3954 re
3004 3901 3202 3970 quippe
3229 3903 3332 3956 erit
3359 3903 3518 3958 hodie
3547 3916 3631 3960 at-

2034 3987 2240 4056 tingere
2281 4002 2343 4042 ea
2386 4003 2505 4057 quae
2546 3988 2634 4043 die
2673 3998 2825 4043 sexto
2871 4000 2997 4044 sunt
3037 3994 3193 4046 laeta.
3234 3993 3324 4048 24.
3363 3993 3431 4048 Et
3468 3996 3626 4061 dixit,

2033 4079 2238 4148 inquit,
2266 4077 2407 4133 Deus
2435 4095 2454 4133 :
2482 4077 2742 4133 Prodncat
2767 4088 2901 4134 terra
2932 4083 3158 4137 animam
3184 4086 3424 4140 viventem
3454 4104 3631 4143 secun-

2032 4171 2154 4224 dum
2196 4187 2387 4242 genus,
2415 4172 2767 4243 quadrupedes
2790 4215 2804 4239 ,
2832 4182 2881 4228 et
2919 4175 3123 4244 reptilia
3141 4217 3156 4243 ,
3189 4186 3236 4231 et
3272 4178 3451 4233 bestias
3479 4198 3629 4250 super

2033 4273 2222 4318 terram
2251 4282 2271 4318 :
2296 4273 2344 4317 et
2373 4281 2555 4335 pecora
2573 4307 2586 4331 ,
2620 4274 2666 4320 et
2694 4267 2866 4320 omnia
2902 4269 3105 4336 reptilia
3145 4278 3293 4325 terra:
3312 4314 3324 4335 ,
3355 4274 3630 4328 secundum

2030 4373 2204 4427 genus.
2236 4354 2305 4409 Et
2334 4360 2524 4427 factum
2554 4366 2625 4413 est
2661 4359 2755 4414 sic.
2797 4357 2935 4417 Vide
2972 4362 3240 4432 quomodo
3271 4374 3407 4420 terra
3440 4367 3630 4422 iterum

2033 4448 2302 4518 duplicent
2329 4449 2486 4505 nobis
2512 4449 2700 4505 afferat
2725 4450 2979 4523 fructum,
2999 4464 3059 4510 et
3085 4457 3334 4512 mandato
3362 4457 3634 4515 dominico

2030 4537 2321 4595 ministret.
2369 4539 2519 4595 Tunc
2559 4540 2776 4611 quidem
2828 4547 3094 4599 seminum
3140 4546 3306 4602 edidit
3351 4550 3629 4618 germina,

2030 4624 2173 4687 nuﬁc
2197 4641 2374 4688 autem
2393 4634 2414 4664 '
2444 4634 2674 4690 viventia
2700 4635 2970 4703 animalia,
2997 4638 3368 4712 quadrupedes
3392 4652 3446 4698 et
3470 4646 3636 4716 repti-

2029 4723 2122 4789 lia,
2150 4739 2345 4794 pecora
2373 4733 2428 4781 et
2453 4725 2612 4783 feras.
2646 4727 2784 4783 Ecce
2812 4728 2954 4799 quod
2983 4744 3145 4801 supra
3170 4733 3277 4788 dixi
3319 4733 3509 4790 iterum:
3537 4736 3628 4792 de.

2029 4817 2299 4885 claratur;
2331 4834 2526 4890 nempe
2564 4820 2729 4875 Deum
2760 4837 2866 4877 non
2894 4825 3071 4879 omnia
3101 4824 3166 4879 ad
3202 4839 3442 4882 nostrum
3476 4844 3629 4884 usum

2029 4913 2386 4983 produxisse,
2418 4912 2512 4968 sed
2553 4922 2730 4968 tamen
2772 4914 2839 4969 ad
2876 4915 3161 4985 quamdam
3195 4916 3479 4973 utilitatem
3497 4918 3538 4984 ⁸,
3574 4932 3632 4976 ut

2027 5005 2272 5061 videntes
2310 5004 2518 5074 copiam
2556 5013 2610 5060 et
2645 5006 3037 5063 multitudinem
3075 5009 3192 5078 ejus
3221 5020 3628 5080 creaturarum,

2029 5097 2249 5170 Opiﬁcis
2272 5098 2517 5154 virtutem
2545 5098 3010 5171 obstupescamus,
3033 5112 3087 5157 et
3111 5103 3343 5157 sciamus
3368 5105 3628 5174 sapientia

2029 5191 2258 5261 quadam
2298 5198 2355 5246 et
2399 5189 2750 5246 beneﬁcentia
2800 5192 3150 5260 inenarrabili
3198 5203 3415 5264 propter
3462 5194 3628 5253 futuri

2031 5282 2265 5339 hominis
2294 5283 2553 5339 honorem
2573 5279 2598 5314 ‘
2622 5283 2803 5338 omnia
2837 5298 2959 5339 esse
2987 5283 3265 5353 producta.

2092 5403 2110 5434 ι
2138 5403 2220 5473 _Sic
2239 5400 2380 5473 savii.
2407 5399 2676 5473 etquidam
2699 5407 2835 5462 Mss;
2857 5397 3022 5450 Morel.
3040 5412 3174 5462 vero,
3200 5406 3252 5452 ut
3271 5402 3538 5466 praedicent
3559 5405 3635 5467 fa-

2028 5462 2566 5537 ιήζνίὲξτιξΡοίεηεέαῖη·
2608 5534 2636 5537 κ,
3195 5529 3207 5537 ,
3272 5462 3312 5537 ζ
3503 5525 3515 5537 .

2093 5528 2113 5556 ²
2137 5522 2493 5601 mstiti-gs:
2508 5534 2659 5601 ,,qt.e_
2680 5526 2825 5601 est?
2856 5522 3085 5601 {tegunt
3100 5524 3272 5601 [ςιριρξ
3294 5530 3407 5601 tum
3431 5525 3639 5601 φιὲςιευι

2026 5585 2265 5639 seminam
2287 5585 2421 5637 dedit
2438 5585 2678 5649 germina,
2700 5598 2828 5636 nime
2849 5590 3029 5646 autem,
3053 5585 3243 5637 omissis
3258 5585 3573 5651 interpositis.

2092 5651 2114 5683 ³
2145 5647 2508 5713 Verisimiliter,
2534 5647 2669 5697 locus
2712 5646 2797 5696 ille
2833 5649 3062 5710 superius
3084 5647 3336 5713 dictorum
3360 5652 3628 5713 resumptio

2029 5717 2124 5783 est,
2150 5719 2204 5761 et
2225 5711 2305 5783 hic
2328 5709 2554 5760 eumdem
2571 5721 2772 5783 sensum
2792 5721 2851 5760 ac
2870 5709 3016 5783 supra
3045 5709 3226 5783 euitare
3247 5710 3420 5783 debet,
3444 5709 3631 5783 munpc

2027 5768 2158 5841 hunc
2175 5786 2195 5841 7:
2223 5780 2378 5841 Deum
2397 5783 2493 5841 non
2507 5768 2673 5841 pnmia
2693 5768 3001 5841 ad_nostram
3014 5771 3264 5825 utilitatem
3297 5768 3619 5841 produxisse,

2029 5836 2117 5898 sed
2138 5840 2181 5885 et
2205 5839 2401 5898 propter
2423 5832 2574 5894 ipsius
2595 5831 3020 5898 mqniﬁcqntmtit.

2096 5897 2117 5929 δ
2140 5895 2359 5953 misum,
2380 5902 2579 5961 punitor
2600 5895 2803 5959 gloriam
2824 5895 2940 5947 inde
2965 5899 3239 5946 venturam
