4144 6432
490 472 558 529 σῚ
1200 460 1257 516 S.
1296 456 1573 515 JOANNIS
1609 445 2079 513 CllliYSO‘STOMI
2119 443 2437 500 ARCIIIEP.
2476 443 3006 500 CONSTANTINOP.
3709 449 3780 507 63

563 587 647 643 Ea:
668 591 890 656 ferarum
911 593 957 635 et
970 596 1088 649 εει-ρ
1097 580 1276 632 entiam
1296 574 1591 645 corporibus
1607 586 1720 643 qua:
1740 571 1930 625 utilitas
1948 567 2078 621 oria-

494 675 791 733 tur.——25.i
805 671 871 727 Et
893 669 1032 742 fecit,
1060 668 1248 738 inquit,
1272 664 1414 719 Deus
1435 663 1617 718 bestias
1644 672 1790 716 terra
1808 657 2082 714 nandum

490 783 646 837 genus
674 781 844 831 suum,
873 773 920 817 et
950 777 1133 831 pecora
1160 757 1433 813 secundum
1458 770 1621 825 genus
1645 767 1816 816 suum,
1841 759 1889 805 et
1913 748 2082 803 omnia

490 858 692 928 reptilia
714 864 861 910 terra:
883 852 1157 908 secundum
1178 865 1334 921 genus
1354 863 1522 902 suum.
1551 845 1615 900 Et
1640 843 1761 899 vidit
1785 841 1923 896 Deus
1946 839 2082 911 quod

491 956 654 1002 essent
679 944 831 1001 bona.
861 962 883 996 ι
908 943 1010 1000 Ubi
1036 956 1177 997 nunc
1195 948 1320 995 sunt
1341 938 1429 1009 qui
1450 937 1630 992 dicere
1646 933 1845 989 audent
1870 950 1883 985 :
1906 931 2083 1000 Quare

491 1037 656 1108 ferat,
701 1050 867 1108 quare
915 1034 1123 1104 reptilia
1165 1039 1343 1087 creata
1383 1026 1545 1084 sunt?
1582 1024 1813 1080 Audiam
1847 1022 2081 1078 divinam

491 1129 822 1199 Scripturam
845 1126 1111 1182 dicentem
1138 1142 1152 1178 :
1180 1121 1247 1176 Et
1270 1120 1394 1175 sidit
1418 1118 1554 1173 Deus
1580 1116 1716 1189 quod
1742 1123 1905 1171 essent
1927 1112 2079 1168 bona.

492 1222 619 1289 Dic,
651 1221 909 1283 obsecro,
943 1218 1059 1287 ipse
1083 1214 1172 1286 qui
1201 1213 1398 1269 ereavit
1423 1209 1605 1267 laudat
1626 1207 1794 1273 facta,
1822 1215 1878 1261 et
1904 1215 1961 1260 tu
1988 1219 2084 1259 au-

494 1314 590 1369 des
631 1308 1062 1383 reprehendere?
1090 1307 1312 1375 Quantm
1348 1318 1455 1359 non
1495 1301 1598 1357 hoc
1637 1300 1797 1355 fuerit
1824 1296 2083 1354 insaniae?

491 1407 624 1475 Quia
653 1413 711 1462 et
733 1405 786 1459 in
811 1400 1108 1460 seminibus
1133 1410 1189 1457 et
1213 1400 1266 1455 in
1293 1396 1488 1468 plantis
1512 1409 1620 1450 non
1646 1393 1818 1447 solum
1846 1390 2084 1445 fructuo-

488 1514 579 1555 sas
603 1498 844 1564 arbores,
872 1494 967 1550 sed
991 1502 1048 1549 et
1080 1492 1393 1564 sylvestres,
1417 1496 1474 1544 et
1495 1485 1743 1550 steriles;
1774 1492 1829 1538 et
1857 1497 1962 1536 non
1990 1494 2082 1535 so-

493 1597 603 1651 lutn
636 1592 852 1649 inutiles
879 1590 1108 1653 herbas,
1139 1585 1234 1642 sed
1262 1592 1319 1641 et
1355 1581 1653 1653 incognitas
1691 1578 1846 1633 nobis
1886 1573 2085 1644 profert

489 1696 637 1740 terra
660 1725 676 1752 ,
716 1697 861 1753 saepe
893 1682 1056 1737 etiam
1098 1677 1287 1734 noxias
1317 1693 1331 1731 :
1364 1672 1458 1729 sed
1497 1679 1779 1743 propterea
1816 1681 1923 1722 non
1960 1671 2086 1720 sunt

410 1802 419 1835 ξ
488 1772 856 1845 vituperandae
882 1778 1145 1827 creaturas
1174 1786 1188 1823 :
1214 1765 1349 1821 nihil
1369 1763 1512 1818 enim
1542 1770 1743 1818 temere
1768 1765 1861 1814 aut
1889 1756 2084 1811 frustra

407 1848 415 1867 λ
490 1864 780 1920 formatum
807 1870 908 1917 est.
937 1859 1079 1918 Sane
1114 1871 1291 1928 neque
1327 1853 1538 1910 laudem
1576 1851 1716 1923 apud
1741 1847 2085 1906 Conditorem

490 1956 839 2021 invenissent,
863 1953 963 2008 nisi
987 1950 1053 2007 ad
1077 1950 1358 2007 utilitatem
1378 1946 1609 2017 aliquam
1631 1942 1859 2001 condita:
1883 1946 2082 1996 essent.

490 2047 675 2117 Itaque
704 2047 840 2101 sicut
880 2046 934 2099 in
970 2041 1251 2099 arboribus
1277 2054 1387 2095 non
1416 2052 1603 2095 omnes
1637 2034 1926 2091 fructuosa
1943 2074 1960 2100 ,
1988 2030 2086 2087 sed

489 2147 545 2193 et
579 2134 925 2192 infructuosa;
964 2132 1145 2189 multis
1172 2147 1186 2184 :
1217 2138 1452 2185 attamen
1482 2126 1586 2182 illc
1615 2125 1746 2195 ipsa;
1769 2139 1882 2180 non
1907 2122 2086 2178 mino—

489 2241 607 2282 rem
633 2225 809 2292 nobis,
833 2239 993 2294 quam
1020 2222 1305 2278 fructuosas
1331 2218 1631 2282 militantem,
1662 2228 1887 2284 eamque
1909 2210 2088 2266 aduri-2

490 2315 716 2370 rabilem
742 2356 757 2379 ,
787 2322 843 2369 et
872 2313 1035 2383 quieti
1064 2321 1264 2367 nostra:
1302 2308 1627 2365 servientem
1651 2304 1932 2362 conferunt
1959 2320 1973 2356 :
1999 2309 2084 2357 et-

491 2406 636 2461 enim
685 2420 752 2459 ex
797 2403 928 2475 ipsis
975 2401 1242 2468 aedificia,
1279 2408 1335 2455 et
1378 2397 1542 2453 multa
1581 2396 1685 2451 alia
1732 2394 1801 2450 ad
1850 2393 2085 2464 quietem

493 2508 733 2554 nostram
775 2494 1095 2566 pertinentia
1125 2492 1445 2548 fabricamus
1472 2506 1487 2543 :
1519 2496 1574 2543 et
1598 2487 1817 2544 omnino
1844 2484 1976 2540 nihil
2001 2493 2089 2539 est

491 2589 637 2661 quod
676 2604 783 2644 non
824 2587 1031 2643 ratione
1067 2586 1241 2657 aliqua
1288 2582 1575 2638 formatum
1611 2581 1711 2644 sit,
1741 2578 1953 2639 etiamsi
1987 2576 2086 2633 Im.

491 2698 651 2739 mana
695 2692 881 2738 natura
925 2681 1102 2737 omnia
1143 2680 1232 2735 illa
1268 2685 1518 2734 accurate
1550 2675 1691 2730 scire
1723 2689 1830 2730 non
1868 2672 2038 2743 possit
2070 2688 2084 2726 :

492 2773 719 2846 proinde
753 2767 892 2828 sicut
922 2772 974 2826 in
1004 2770 1287 2826 arboribus
1309 2809 1324 2836 ,
1357 2767 1428 2822 ita
1458 2775 1515 2823 et
1542 2765 1595 2821 in
1625 2763 1944 2821 animalibus
1980 2762 2085 2819 alia

493 2864 710 2936 quidem
738 2862 805 2919 ad
834 2863 1010 2918 cibum
1042 2871 1279 2917 nostrum
1308 2858 1595 2930 pertinent,
1625 2856 1728 2912 alia
1752 2855 1821 2911 ad
1847 2855 2086 2911 ministe-

492 2956 653 3011 rium.
680 2954 937 3010 Ferarum
967 2952 1095 3009 item
1122 2959 1178 3007 et
1208 2949 1477 3021 reptilium
1504 2961 1705 3019 genera
1729 2961 1837 3003 non
1866 2959 2086 3017 parvam

492 3047 649 3104 nobis
675 3054 931 3117 praestant
959 3044 1260 3110 utilitatem,
1286 3050 1342 3099 et
1365 3041 1411 3097 si
1440 3040 1563 3111 quis
1579 3039 1706 3095 velit
1729 3052 1884 3109 aequo
1903 3038 2087 3093 animo

491 3139 824 3210 intelligere,
858 3137 1095 3192 inveniet
1118 3135 1278 3191 etiam
1308 3147 1481 3198 nunc,
1511 3146 1635 3187 cum
1664 3130 1960 3201 principatu
1987 3142 2085 3183 eo-

491 3245 614 3286 rum
637 3229 709 3285 ob
732 3229 887 3300 primi
916 3227 1155 3299 parentis
1177 3222 1593 3281 inobedientiam
1615 3219 1853 3277 destituti
1876 3232 2080 3284 sumus,

492 3337 739 3392 magnam
781 3336 849 3376 ex
893 3319 998 3374 illis
1040 3317 1205 3374 nobis
1246 3316 1528 3372 utilitatem
1571 3310 1873 3383 provenire.
1918 3308 2080 3365 Multa

491 3412 637 3467 enim
677 3410 802 3466 inde
840 3410 1097 3481 colligunt
1134 3406 1357 3472 medici,
1387 3420 1507 3476 quae
1533 3403 1601 3459 ad
1630 3411 1932 3459 nostrorum
1959 3415 2084 3456 cor-

491 3518 683 3574 porum
711 3502 1031 3558 medicinam
1059 3509 1114 3556 et
1150 3498 1434 3555 sanitatem
1468 3496 1787 3553 conducant.
1835 3493 2084 3564 Alioquin

492 3594 657 3650 etiam
683 3592 807 3663 quid
834 3591 1141 3647 nocumenti
1169 3604 1234 3645 ex
1264 3587 1495 3643 ferarum
1520 3586 1891 3656 productione,
1917 3598 2089 3655 quan-

492 3684 564 3739 do
592 3685 729 3739 sicut
752 3682 1045 3738 domestica
1071 3680 1320 3737 animalia
1339 3720 1355 3744 ,
1385 3679 1461 3734 sic
1486 3687 1541 3733 et
1573 3678 1666 3732 illa
1699 3676 1799 3732 sub
1823 3682 2087 3745 potestate

496 3773 673 3829 futura
703 3780 859 3830 emt
886 3770 1140 3837 hominis,
1165 3783 1274 3825 non
1299 3768 1466 3823 multo
1494 3776 1615 3837 post
1638 3764 1945 3822 formandi?
1971 3764 2087 3822 Hoc

493 3866 638 3921 enim
668 3879 810 3920 nunc
834 3863 975 3919 dico.
1630 3919 1644 3939 .

566 3957 621 4013 6.
650 3956 719 4014 Ut
744 3965 921 4013 autem
949 3954 1127 4011 discas
1156 3953 1396 4010 omnium
1431 3951 1642 4008 Domini
1678 3950 2086 4020 supereminen-

491 4059 603 4107 tem
629 4048 1036 4106 beneﬁcentiam
1057 4087 1072 4112 ,
1104 4061 1267 4118 quam
1290 4059 1414 4117 erga
1444 4052 1684 4100 nostrum
1710 4056 1878 4113 genus
1905 4042 2086 4098 decla-

491 4151 617 4207 rat,
668 4151 951 4212 postquam
1000 4139 1254 4209 expandit
1299 4138 1526 4201 caelum,
1568 4135 1808 4193 extendit
1847 4143 2091 4203 terram,

492 4231 735 4289 condidit
759 4232 1151 4286 firmamentum
1170 4270 1188 4295 ,
1221 4238 1278 4284 ut
1303 4230 1454 4299 quasi
1482 4237 1692 4296 septum
1717 4226 1930 4297 aliquod
1953 4225 2089 4280 divi-

492 4323 701 4378 sionem
730 4321 869 4375 inter
900 4333 1066 4389 aquas
1091 4326 1144 4374 et
1172 4332 1337 4389 aquas
1366 4317 1564 4373 faceret
1590 4334 1604 4369 :
1631 4316 1825 4373 deinde
1854 4326 1910 4371 ut
1930 4316 2092 4387 jussit

498 4426 756 4481 aquarum
787 4409 902 4465 fieri
936 4410 1406 4480 congregationes,
1436 4423 1528 4465 eas
1567 4409 1734 4465 maria
1774 4408 2086 4479 appellavit,

494 4501 699 4558 aridam
734 4510 911 4557 autem
943 4508 1176 4568 terram,
1204 4515 1360 4572 quam
1392 4509 1575 4570 postea
1602 4500 1863 4556 seminum
1892 4499 2092 4556 herba-

494 4607 722 4664 rtnnque
746 4601 1004 4662 proventu
1030 4592 1256 4648 ornavit.
1282 4591 1514 4663 ludoque
1540 4592 1750 4646 transiit
1771 4591 1839 4647 ad
1861 4591 2089 4649 duom

497 4697 815 4754 magnorum
840 4680 1195 4737 luminarium.
1216 4679 1610 4745 formationem,
1640 4689 1696 4736 et
1720 4680 1786 4736 ad
1815 4681 2099 4738 stellarum

495 4780 844 4843 varietatem,
881 4777 1076 4849 quibus
1119 4775 1566 4847 pulchritudinem
1610 4775 1728 4831 caeli
1765 4776 2091 4831 ornatiorem

495 4871 766 4938 reddidit;
818 4880 1003 4941 postea
1049 4878 1227 4924 autem
1275 4883 1396 4923 cum
1443 4883 1509 4924 ex
1557 4868 1708 4939 aquis
1755 4867 2096 4938 produxisset

496 4963 746 5034 aquatilia
785 4960 1074 5017 animantia
1112 4968 1168 5015 et
1201 4959 1467 5025 volatilia,
1494 4974 1613 5029 qua:
1646 4959 1892 5034 volarent
1928 4973 2091 5028 super

499 5063 696 5110 terram
727 5052 1020 5109 secundum
1046 5052 1435 5107 firmamentum
1462 5051 1599 5120 ca-li,
1625 5030 1842 5122 impleto
1861 5054 2095 5123 quinque

498 5145 703 5201 dierum
736 5161 983 5211 numero,
1011 5146 1265 5216 quoniam
1296 5143 1574 5214 oportebat
1600 5152 1656 5199 et
1683 5143 1956 5199 terrestria
1979 5145 2096 5197 ani-

500 5235 660 5290 utalia
702 5236 921 5291 formari
953 5255 967 5292 :
996 5236 1275 5307 imperavit
1303 5243 1362 5289 ut
1397 5242 1453 5290 et
1489 5235 1602 5305 ipsa
1636 5233 1941 5299 ederentur,
1971 5248 2094 5290 cum

454 5360 470 5435 ἲ
500 5339 565 5380 ea
591 5335 713 5394 qua:
736 5325 803 5379 ad
830 5326 1031 5390 cibum,
1058 5336 1169 5381 tum
1195 5341 1258 5382 ea
1286 5340 1403 5396 quin
1425 5324 1491 5379 ad
1519 5324 1869 5379 ministerium
1894 5323 2098 5380 condn-

509 5415 676 5435 _.L...-
743 5430 838 5435 ___
872 5431 971 5435 μμ
1191 5427 1231 5435 --
1273 5416 1476 5435 u__.,.,-
1550 5413 1770 5435 .-_.___-
1798 5415 1885 5435 μυ
1923 5416 2088 5435 φης,

502 5415 681 5470 cibilia
702 5454 718 5481 ,
743 5430 845 5470 nec
872 5431 978 5470 non
1012 5415 1139 5472 ferte
1181 5427 1237 5472 et
1273 5416 1479 5486 reptilia
1502 5456 1518 5480 ,
1544 5413 1775 5485 denique
1798 5415 1887 5471 ubi
1916 5416 2096 5472 omnia

468 5484 604 5571 lsuo
646 5514 837 5559 ornatu
875 5506 1137 5571 excoluit,
1168 5516 1225 5562 et
1259 5506 1599 5563 eonvenienti
1640 5484 1829 5562 ordine
1867 5507 2097 5562 visibilia

502 5548 601 5558 υ..-
649 5548 837 5559 -........
877 5548 1137 5571 ---.......,
1168 5548 1225 5562 ν.
1260 5548 1599 5563 w.............
1640 5548 1829 5562 ν......ν
1878 5548 2097 5562 ...τμημ-

470 5548 793 5679 ὶάὶδροευίι,
821 5602 876 5649 et
904 5609 1142 5649 mensam
1171 5596 1374 5668 largam
1413 5597 1689 5665 instruxit,
1714 5598 1875 5653 variis
1900 5608 1955 5654 et
1981 5613 2101 5653 om-

506 5683 714 5754 nigenis
738 5684 993 5739 refertam
1020 5684 1214 5741 eduliis
1234 5726 1252 5751 ,
1276 5689 1593 5759 cupiamth
1628 5699 1683 5745 et
1719 5703 1850 5759 opes
1890 5688 2097 5745 haben-

507 5782 621 5829 tem
643 5813 658 5837 ,
687 5784 739 5828 et
765 5773 915 5843 quasi
940 5774 1059 5845 quis
1082 5775 1227 5830 dicat
1254 5779 1451 5847 regiam
1478 5821 1493 5846 ,
1521 5779 1755 5850 undique
1792 5793 2021 5849 snperne
2044 5788 2099 5836 et

510 5854 722 5915 inferne
757 5863 919 5919 variis
954 5865 1126 5922 modis
1155 5865 1487 5935 splendidam
1508 5910 1524 5934 ,
1553 5880 1675 5925 tunc
1707 5868 1917 5925 tandem
1951 5869 2094 5925 illum

2185 558 2380 615 format
2398 560 2489 630 qui
2516 559 2599 616 his
2623 559 2871 616 omnibus
2899 561 3155 619 fruiturus
3179 574 3342 629 esset,
3372 567 3460 623 cui
3482 567 3794 630 visibilium

2185 650 2421 705 omnium
2450 660 2767 721 potestatem
2794 652 2988 717 tradat,
3010 663 3065 709 et
3085 655 3318 710 ostendit
3337 666 3538 727 quanto
3562 659 3786 730 dignius

2184 741 2393 797 ueteris
2411 742 2658 797 omnibus
2683 743 2885 799 animal
2905 742 3118 811 formet,
3144 746 3574 816 quandoquidem
3596 752 3782 821 praeci-

2186 834 2296 902 pit,
2327 835 2505 892 omnia
2530 850 2651 907 quze
2680 836 2814 891 facta
2841 844 2995 892 erant
3021 837 3123 893 sub
3154 838 3297 894 illius
3328 855 3450 897 esse
3473 841 3700 913 imperio
3722 857 3785 899 et

2185 933 2468 995 potestate.

2259 1017 2475 1073 Herulis
2502 1018 2817 1085 exhortatio;
2845 1018 3120 1075 Gentilium
3147 1023 3368 1078 enuntio
3390 1024 3445 1080 in
3472 1027 3781 1082 mirantium

2184 1126 2450 1179 rerumque
2474 1111 2646 1165 vilium
2674 1112 2833 1165 cultu.
2859 1141 2932 1153 —
2958 1112 3156 1168 Verum
3184 1129 3255 1170 ne
3292 1115 3501 1187 longius
3526 1130 3786 1175 excurrat

2185 1201 2388 1270 oratio,
2413 1202 2500 1257 bis
2521 1203 2761 1258 contenti
2788 1202 2945 1259 dictis
2962 1244 2976 1267 ,
3005 1204 3063 1259 in
3086 1217 3397 1276 sequentem
3427 1208 3569 1265 diem
3611 1228 3780 1281 repo-

2185 1307 2376 1348 namus
2400 1307 2466 1348 ea
2489 1308 2609 1364 quae
2636 1294 2907 1363 pertinent
2941 1293 3015 1349 ad
3046 1295 3418 1353 formationem
3444 1299 3782 1359 admirabilis

2188 1383 2348 1455 hujus
2388 1385 2635 1441 animalis
2653 1386 2928 1442 rationalis
2945 1395 3001 1443 et
3022 1388 3262 1457 animati,
3285 1390 3517 1448 hominis
3535 1395 3781 1465 inquam,

2186 1490 2330 1532 nunc
2365 1485 2674 1532 consuetam
2700 1476 3115 1534 admonitionem
3141 1480 3487 1548 adhibentes,
3519 1483 3591 1539 ita
3623 1494 3681 1540 ut
3710 1502 3785 1544 ne

2186 1566 2452 1622 dictorum
2481 1569 2737 1625 memoria
2762 1569 3006 1625 elabatur
3035 1587 3051 1626 :
3081 1570 3184 1626 sed
3214 1587 3283 1627 ex
3315 1573 3564 1630 omnibus
3590 1576 3783 1633 visibi-

2187 1658 2330 1714 libus
2354 1658 2423 1713 ad
2450 1658 2831 1715 celebrandum
2860 1659 3149 1716 Domitium
3174 1677 3274 1717 nos
3305 1663 3451 1733 ipsos
3483 1666 3781 1737 erigamus.

2187 1748 2342 1817 Quod
2377 1759 2556 1805 autem
2592 1751 2836 1821 assequi,
2870 1760 2927 1807 et
2948 1762 3315 1809 creaturarum
3344 1755 3582 1811 omnium
3608 1759 3784 1813 ratio-

2189 1855 2311 1895 nem
2346 1841 2802 1911 comprehendere
2846 1858 2955 1897 non
3001 1843 3302 1912 possimus,
3333 1845 3387 1901 id
3415 1861 3485 1903 ne
3519 1849 3591 1903 sit
3623 1850 3788 1907 nobis

2190 1933 2579 1990 incredulitatis
2604 1936 2814 1991 occasio
2831 1976 2848 2003 ,
2879 1935 2975 1992 sed
3000 1936 3181 2006 potius
3202 1936 3271 1993 ad
3304 1939 3637 1996 referendam
3666 1942 3784 1998 Deo

2189 2025 2415 2097 gloriam
2443 2026 2866 2083 incitamentum
2896 2028 3122 2095 Quando
3148 2030 3293 2086 enim
3323 2031 3503 2087 deficit
3527 2034 3663 2088 ratio
3682 2076 3699 2103 ,
3727 2043 3793 2091 et

2189 2130 2346 2172 mens
2383 2131 2490 2173 non
2524 2125 2611 2173 est
2630 2131 2796 2187 capax
2815 2157 2833 2184 ,
2859 2119 3034 2189 cogita
3059 2133 3219 2189 quam
3245 2134 3467 2192 magnus
3490 2131 3575 2177 est
3601 2123 3789 2178 Domi-

2188 2222 2290 2264 ms
2315 2217 2440 2264 tuus
2460 2248 2479 2276 ,
2508 2217 2567 2265 et
2588 2224 2656 2265 ex
2684 2209 2787 2265 hoc
2813 2210 2932 2281 ipso
2950 2251 2966 2277 ,
2990 2210 3135 2280 quod
3165 2220 3309 2267 tanta
3334 2213 3406 2268 sit
3431 2213 3548 2284 ejus
3576 2214 3746 2270 virtus
3763 2257 3787 2284 ,

2190 2306 2251 2354 ut
2271 2313 2452 2369 neque
2469 2298 2729 2355 rationem
2754 2315 2939 2356 eorum
2964 2316 3083 2371 qua:
3110 2300 3179 2357 ab
3201 2302 3299 2359 illo
3326 2302 3464 2360 facta
3494 2314 3619 2361 sunt
3639 2307 3790 2364 seire

2190 2403 2468 2460 queamus.
2496 2389 2612 2446 Hoc
2635 2389 2796 2446 fuerit
2819 2388 2957 2462 gt‘ati
2982 2392 3182 2459 animi,
3212 2395 3314 2451 hoc
3341 2395 3534 2452 sobriae
3561 2399 3782 2453 mentis.

2194 2479 2456 2547 Quoniam
2489 2490 2545 2536 et
2573 2481 2800 2551 gentiles
2826 2483 2905 2538 sic
2929 2493 3278 2552 erraverunt,
3305 2487 3415 2541 suis
3442 2488 3784 2558 cogitationi-

2191 2569 2293 2625 bus
2320 2570 2498 2626 omnia
2528 2570 2927 2640 pennittentes,
2959 2583 3013 2629 et
3037 2572 3106 2629 ad
3131 2573 3551 2631 imbecillitatem
3577 2586 3793 2635 natura:

2190 2674 2305 2716 sum
2344 2674 2452 2717 non
2489 2661 2878 2732 respicientes,
2917 2663 3013 2720 sed
3049 2680 3170 2735 qua:
3203 2666 3341 2723 ultra
3374 2678 3585 2738 captum
3621 2684 3791 2726 suum

2191 2762 2349 2810 erant
2373 2754 2728 2826 imaginantes
2749 2796 2765 2823 ,
2794 2765 2851 2813 et
2875 2756 3102 2812 limitum
3132 2771 3350 2815 suorum
3375 2758 3510 2816 ﬁnes
3536 2764 3739 2832 egressi
3761 2806 3791 2831 ,t

2190 2846 2352 2902 etiam
2390 2860 2420 2900 ι
2460 2859 2559 2902 sua
2599 2846 2859 2917 dignitate
2891 2848 3222 2905 exciderat.
3267 2849 3404 2906 Nam
3439 2852 3528 2923 qui
3572 2855 3787 2910 ratione

2191 2936 2428 3009 insigniti
2453 2937 2757 3009 huiusmodi
2792 2939 3079 3010 primatum
3105 2950 3425 3012 acceperant
3449 2959 3481 2999 a
3501 2943 3791 3015 Creatoris,

2194 3037 2379 3100 utpote
2405 3030 2661 3086 omnibus
2682 3045 2802 3101 qua:
2838 3030 2939 3086 sub
2975 3030 3163 3089 oculos
3188 3031 3387 3089 cadunt
3410 3039 3668 3091 creaturis
3694 3038 3789 3093 (li-

2189 3121 2405 3193 gniores
2426 3162 2444 3188 ,
2471 3120 2529 3176 bi
2562 3123 2616 3176 in
2641 3131 2839 3178 lautam
2875 3123 3256 3181 absurditatem
3283 3125 3493 3184 deducti
3523 3138 3648 3184 sunt
3671 3170 3687 3197 ,
3723 3140 3790 3187 ut

2191 3225 2374 3277 canes,
2400 3211 2605 3278 simias,
2630 3223 2687 3267 et
2704 3212 3024 3281 crocodilos,
3045 3223 3103 3270 et
3127 3214 3211 3271 his
3232 3214 3458 3273 fmdiora
3485 3219 3780 3276 adorarint.

2191 3303 2261 3360 Et
2285 3302 2415 3375 quid
2440 3304 2563 3360 dico
2588 3304 2744 3360 bruta
2773 3305 3064 3361 animalia?
3092 3306 3241 3363 Multi
3276 3322 3462 3364 eorum
3490 3310 3544 3365 in
3575 3320 3789 3369 tantum

2190 3403 2473 3465 stuporem
2493 3403 2552 3451 et
2577 3395 2866 3450 amentiam
2891 3394 3196 3451 inciderunt
3212 3437 3230 3465 ,
3261 3405 3323 3452 ut
3342 3409 3401 3453 et
3424 3399 3547 3454 allia
3565 3441 3583 3467 ,
3614 3411 3669 3456 et
3698 3403 3788 3459 his

2193 3484 2380 3541 vilicm
2405 3485 2606 3541 colant.
2635 3486 2927 3556 Propterea
2952 3486 3215 3558 propheta
3252 3487 3383 3544 illos
3403 3490 3744 3547 stmindicans
3763 3534 3787 3561 ,

2194 3578 2366 3651 inquit
2388 3595 2407 3635 :
2426 3577 2761 3648 (Impactae
2779 3587 2853 3633 est
2870 3579 3116 3648 jumentis
3135 3580 3502 3651 insipientibus,
3532 3593 3579 3637 et
3602 3584 3791 3641 similis

2194 3672 2363 3739 factus
2385 3678 2460 3723 est
2497 3668 2603 3724 illis
2632 3667 2804 3739 (Paul.
2829 3669 2918 3724 48.
2947 3669 3063 3741 2i).
3090 3669 3191 3738 Qui
3221 3671 3447 3741 ratione,
3479 3672 3669 3745 inquit,
3702 3677 3794 3731 ἰη-

2195 3760 2422 3832 signitus
2445 3769 2565 3817 erat
2587 3770 2643 3817 et
2669 3770 2814 3816 tanta
2839 3761 3099 3832 sapientia
3134 3763 3406 3833 praeimus,
3439 3763 3487 3820 is
3511 3766 3680 3823 brutis
3706 3769 3788 3823 fa-

2192 3863 2312 3911 ctus
2340 3861 2424 3909 est
2451 3852 2644 3909 similis
2666 3894 2683 3919 ,
2714 3852 2851 3909 forte
2875 3862 2933 3909 et
2966 3853 3218 3911 deterior.
3251 3855 3346 3911 illa
3382 3858 3525 3913 enim
3549 3898 3566 3925 ,
3598 3869 3795 3929 utpote

2194 3943 2595 4010 irrationabilia,
2620 3944 2787 4000 nullis
2809 3946 2981 4013 pcenis
3007 3945 3235 4002 obnoxia
3265 3959 3451 4015 erunt;
3482 3951 3573 4021 qui
3601 3961 3789 4008 autem

2192 4036 2400 4091 ratione
2441 4034 2607 4104 pellet
2628 4075 2645 4098 ,
2673 4035 2719 4089 si
2746 4035 2800 4090 in
2828 4034 3041 4091 illorum
3081 4036 3328 4092 inciderit
3356 4038 3739 4098 absurditatem
3764 4083 3791 4111 ,

2194 4127 2388 4183 merito
2411 4140 2599 4196 pmuas
2624 4127 2738 4182 luet
2753 4168 2768 4193 ,
2798 4126 3041 4198 ingratus
3060 4143 3185 4183 eum
3209 4130 3281 4185 sit
3320 4140 3442 4200 post
3468 4140 3547 4188 tot
3576 4132 3786 4190 beuetio

2193 4218 2297 4275 eia.
2323 4216 2458 4274 Hinc
2478 4217 2711 4288 denique
2733 4227 2788 4273 et
2812 4218 3015 4288 lapides
3033 4228 3087 4275 et
3111 4219 3251 4292 ligna
3271 4221 3405 4278 deos
3424 4226 3785 4297 appellarunt,

2193 4319 2250 4366 et
2287 4310 2404 4365 hinc
2444 4309 2669 4365 visibilis
2708 4309 2970 4366 elementa
3015 4310 3149 4368 deos
3188 4312 3482 4371 effecerunt
3516 4334 3531 4371 :
3561 4320 3685 4389 quia
3724 4330 3788 4377 ut

2195 4400 2363 4457 semel
2389 4415 2421 4455 a
2446 4409 2593 4457 recta
2619 4401 2705 4456 via
2728 4401 3067 4471 aberrarunt,
3098 4402 3152 4459 in
3183 4420 3424 4477 praeceps
3455 4407 3665 4465 iverunt
3682 4453 3699 4480 ,
3728 4423 3787 4471 et

2196 4493 2251 4549 in
2279 4492 2496 4548 malitia:
2520 4490 2842 4561 profundum
2867 4494 3191 4551 inciderunt.

2268 4585 2321 4640 7.
2349 4583 2733 4640 Verumtamen
2760 4599 2863 4640 nos
2883 4599 3057 4655 neque
3075 4586 3153 4642 sic
3172 4586 3240 4643 de
3264 4588 3436 4644 salute
3460 4589 3670 4647 illorum
3692 4593 3791 4650 de-

2195 4690 2492 4748 speremus,
2524 4676 2619 4732 sed
2647 4677 2932 4734 aﬁ'erentes
2960 4678 3012 4734 id
3040 4679 3181 4749 quod
3211 4696 3375 4751 penes
3402 4698 3501 4739 nos
3528 4697 3631 4754 est,
3661 4702 3790 4744 cum

2198 4771 2343 4826 omni
2367 4769 2643 4825 alacritate
2666 4778 2723 4826 et
2743 4770 2992 4840 patientia
3017 4771 3125 4828 illis
3142 4773 3426 4844 loquamur
3447 4795 3462 4832 :
3482 4788 3793 4836 monstran-

2165 4862 2172 4872 ‘
2200 4870 2282 4918 tes
2306 4871 2416 4917 tum
2444 4860 2524 4916 rei
2548 4860 2962 4929 absurditatem,
2992 4870 3105 4918 tum
3129 4867 3311 4920 damni
3345 4868 3664 4936 gravitatem
3689 4913 3706 4939 ,
3734 4882 3799 4929 et

2200 4969 2488 5024 numquam
2513 4952 2584 5009 de
2620 4954 2833 5010 illorum
2872 4955 3046 5011 salute
3071 4955 3499 5028 despondeamus
3525 4977 3789 5023 animum.

2204 5046 2482 5102 Probabile
2509 5046 2651 5101 enim
2682 5054 2787 5113 est,
2816 5045 2953 5109 fore,
2983 5056 3044 5103 ut
3066 5051 3322 5120 temporis
3350 5066 3632 5123 progressu
3664 5073 3794 5126 per-

2202 5136 2554 5201 suadeantur,
2582 5137 2816 5192 maxime
2855 5137 2900 5190 si
2942 5151 3040 5192 nos
3081 5138 3152 5193 ita
3185 5140 3461 5208 vivamus,
3490 5154 3549 5199 ut
3589 5148 3793 5204 nullam

2202 5228 2331 5299 ipsis
2359 5227 2692 5298 praebeamus
2724 5228 3056 5298 repugnandi
3083 5243 3289 5284 ansam.
3319 5232 3468 5288 Multi
3495 5236 3638 5291 enim
3669 5239 3795 5293 illn-

2202 5334 2321 5375 rum
2360 5333 2482 5374 eum
2523 5318 2754 5374 viderint
2799 5328 3102 5375 nostrortun
3137 5321 3345 5392 aliquos
3380 5325 3547 5381 verbo
3575 5329 3796 5397 quidem

2201 5418 2258 5465 et
2278 5408 2536 5465 vocabulo
2552 5408 2884 5465 Christianos
2905 5412 3182 5481 appellari,
3205 5422 3459 5470 cretei-um
3483 5417 3621 5473 sicut
3650 5420 3801 5489 ipsus

2203 5517 2428 5572 rapere,
2467 5502 2709 5571 pecunia:
2744 5502 2965 5573 cupidos
3004 5518 3159 5567 esse,
3197 5504 3479 5573 invidere,
3518 5510 3798 5579 insidiati,

2203 5593 2357 5650 dolos
2394 5600 2641 5657 nectere,
2669 5592 2880 5663 aliaque
2913 5595 3093 5649 omnia
3126 5594 3306 5653 facere
3327 5637 3344 5665 ,
3373 5601 3612 5670 crapulm
3639 5603 3802 5655 volu-

2206 5685 2444 5758 ptatique
2465 5698 2655 5739 vacare
2673 5725 2689 5749 ,
2720 5684 2920 5739 monita
2954 5696 3132 5740 nostra
3160 5701 3269 5741 non
3298 5688 3437 5744 ultra
3469 5690 3799 5761 admittunt,

2207 5779 2301 5835 sed
2327 5793 2505 5834 omnia
2534 5787 2713 5833 nostra
2743 5777 3007 5833 fallaciam
3032 5779 3358 5845 existimant,
3391 5791 3444 5837 et
3474 5780 3663 5837 iisdem
3693 5785 3803 5838 eri-

2211 5870 2586 5927 minationibus
2614 5885 2799 5925 omnes
2826 5884 2946 5926 esse
2972 5870 3249 5925 obnoxios.
3279 5872 3461 5944 Cogita
3490 5874 3673 5943 igitur,
3697 5875 3802 5930 ob-
