4144 6470
370 497 444 556 ω
1493 498 1558 555 ΙΝ
1595 501 1746 558 CAP.
1789 500 1827 556 Ι.
1869 500 1984 558 GEP

2088 505 2112 557 ι.
2159 501 2386 560 [10311⁵15.
2432 503 2580 564 Vl";
3243 545 3253 554 ι
3609 514 3689 577 76

374 626 546 678 sect-0,
570 614 796 684 quantis
823 613 1063 684 illi‘digni
1091 613 1203 669 sint‘
1224 613 1520 684 suppliciis,
1549 615 1978 686 quandoquidem

378 722 487 762 non
516 707 688 762 solum
730 708 834 762 sibi
866 707 994 778 ipsis
1023 707 1508 778 incxstinguibilem
1547 707 1720 777 ignem
1760 723 1979 763 coacer-

381 813 539 868 vant,
573 801 668 856 scd
695 811 750 856 et
785 801 905 854 aliis
932 810 1177 855 auctores
1203 809 1326 854 sunt
1353 809 1408 854 ut
1438 800 1490 854 in
1519 816 1702 855 errore
1729 815 1981 869 perseve-

385 905 524 958 rent,
552 901 608 948 et
633 910 700 947 ne
731 893 982 947 virtutem
1012 891 1306 956 addiscant,
1339 893 1590 947 obturent
1625 908 1803 959 aures,
1833 903 1886 947 ct
1913 893 1979 947 ad

387 986 502 1040 hzec
529 987 582 1039 in
621 1000 782 1063 causa
819 994 973 1050 sunt,
1010 985 1252 1040 utetiam
1283 985 1532 1040 virtutum
1565 986 1787 1040 studiosi
1819 1002 1980 1041 accu-

384 1089 599 1144 semur,
619 1087 674 1132 et
702 1075 1182 1146 reprehendantur,
1214 1084 1268 1130 et
1295 1075 1436 1146 quod
1463 1077 1698 1131 omnium
1727 1076 1978 1146 gravissi-

387 1186 554 1233 mum,
580 1185 675 1240 per
702 1169 850 1238 ipsos
876 1169 1133 1222 Dominus
1158 1166 1576 1236 blasphematur.
1605 1167 1762 1221 Vides
1786 1175 1981 1236 quanta

386 1263 605 1318 malitiae
635 1261 932 1330 pernicies?
961 1261 1108 1315 vides
1137 1259 1407 1330 quomodo
1433 1274 1538 1314 non
1570 1260 1773 1330 vulgari
1809 1276 1982 1330 poenae

387 1352 651 1407 obnoxios
680 1368 739 1407 se
767 1352 1112 1415 constituant,
1143 1351 1231 1420 qui
1264 1351 1458 1405 malum
1489 1360 1780 1418 sectantur,
1809 1350 1903 1406 sed
1929 1359 1983 1405 et

386 1443 559 1498 multo
601 1443 962 1513 gravissima,
994 1441 1038 1496 si
1073 1441 1330 1511 supplicia
1376 1456 1472 1510 pro
1513 1441 1758 1495 omnibus
1801 1441 1982 1494 lnituri

387 1547 534 1600 Stlltl,
563 1551 666 1590 non
694 1536 867 1590 solum
895 1549 991 1605 pro
1015 1549 1109 1588 sua
1135 1534 1452 1602 perditione,
1480 1532 1572 1588 sed
1600 1543 1653 1587 et
1677 1548 1774 1603 pro
1798 1547 1980 1587 erran-

388 1630 521 1683 tium
553 1627 806 1684 seandalo
826 1669 840 1692 ,
869 1637 923 1682 et
951 1641 1048 1697 pro
1077 1627 1449 1682 criminatione
1486 1625 1774 1695 proborum
1806 1625 1982 1678 homi-

385 1737 540 1784 num,
572 1730 626 1776 et
655 1735 752 1789 pro
789 1719 1116 1788 blasphemia
1147 1719 1199 1772 in
1230 1718 1437 1774 Deum?
1467 1718 1592 1772 Haec
1622 1715 1780 1786 igitur
1804 1717 1981 1770 omnia

385 1814 682 1884 cogitemus
708 1854 722 1878 ,
771 1825 871 1866 nec
913 1821 1151 1864 nostram
1203 1809 1429 1863 salutem
1477 1808 1806 1878 negligamus
1841 1825 1854 1861 :
1887 1806 1982 1862 sed

387 1920 582 1975 magna
620 1903 773 1958 nobis
802 1903 870 1957 sit
899 1917 1022 1956 cura
1060 1913 1117 1956 ut
1160 1902 1453 1957 secundum
1494 1900 1660 1954 Deum
1696 1901 1940 1953 vivamus
1963 1939 1979 1964 ,

387 1997 621 2051 scientes
671 2009 768 2047 nos
814 1992 934 2046 inde
979 1991 1211 2046 maxime
1257 1991 1340 2046 vel
1384 1989 1852 2055 condemnandos,
1897 1987 1983 2042 vel

388 2087 531 2140 ill-ius
559 2083 911 2140 beneﬁcentia
939 2081 1256 2152 dignandos.
1302 2081 1391 2136 Sic
1427 2081 1586 2151 igitur
1612 2079 1790 2134 omnia
1820 2078 1982 2133 facia-

386 2190 510 2232 mus
534 2217 548 2238 ,
577 2183 635 2228 ut
669 2183 723 2228 et
751 2189 850 2227 nos
877 2174 928 2226 in
958 2188 1090 2243 pura
1116 2172 1442 2227 conscientia
1471 2185 1776 2236 versemur,
1808 2177 1862 2223 et
1889 2182 1984 2224 eos

389 2268 481 2338 qui
511 2267 684 2321 adhuc
707 2272 892 2320 errant
910 2303 924 2327 ,
951 2271 1135 2318 nostro
1164 2261 1453 2317 secundum
1485 2261 1650 2315 Deum
1677 2260 1800 2314 vita:
1827 2257 1983 2311 insti-

390 2367 508 2414 tuto
546 2357 611 2412 ad
644 2357 924 2412 veritatem
970 2353 1420 2418 manuducamus,
1462 2360 1519 2405 ut
1553 2366 1650 2422 per
1687 2364 1785 2404 nos
1811 2358 1865 2404 et
1892 2346 1983 2402 alii

389 2464 580 2505 onmes
605 2448 692 2518 qui
719 2445 873 2501 nobis
893 2453 1364 2509 connumerantur,
1390 2442 1527 2496 bona
1553 2443 1689 2494 fama
1715 2439 1977 2504 fruantur,

389 2551 448 2598 et
472 2551 596 2596 ante
629 2539 808 2594 omnia
843 2537 1170 2608 gloriﬁcetur
1196 2537 1452 2591 Dominus
1481 2544 1697 2600 noster,
1730 2540 1783 2587 et
1811 2530 1984 2600 majo-

389 2649 506 2689 rem
535 2633 698 2686 nostri
721 2634 903 2687 Curam
929 2639 1098 2700 gerat.
1129 2629 1260 2684 Nam
1286 2645 1406 2684 cum
1431 2628 1486 2683 in
1515 2641 1612 2682 nos
1637 2625 1986 2695 respicientes

390 2725 637 2780 homines
661 2724 864 2778 lucrum
892 2721 1271 2792 reportabant,
1301 2730 1354 2774 et
1378 2719 1588 2774 laudem
1620 2718 1673 2772 in
1709 2718 1872 2772 Deum
1900 2731 1987 2771 re-

391 2816 600 2880 ferent,
630 2814 754 2868 inde
793 2823 848 2869 et
885 2829 984 2868 nos
1025 2813 1142 2882 plus
1179 2811 1372 2866 divina:
1408 2811 1592 2880 gratia:
1617 2823 1983 2878 assequemur.

390 2909 529 2977 Quid
555 2908 696 2962 enim
728 2907 936 2962 beatius
965 2906 1179 2960 homine
1205 2905 1294 2974 qui
1333 2905 1410 2959 sic
1438 2905 1599 2968 vivit,
1630 2912 1686 2956 ut
1709 2911 1761 2956 et
1789 2902 1878 2971 qui
1907 2900 1987 2954 vi-

390 3004 523 3058 dent
541 3002 938 3071 obstupescant,
962 3007 1016 3054 et
1036 2999 1230 3064 dicant,
1258 2997 1436 3053 Gloria
1461 2996 1578 3061 tibi,
1605 2996 1777 3059 Deus;
1799 2993 1986 3064 quales

391 3105 516 3150 Sunt
538 3091 822 3148 Christiani
845 3092 858 3145 !
884 3099 1132 3162 quantam
1157 3105 1268 3160 pra:
1288 3104 1347 3143 se
1365 3089 1538 3142 lerunt
1560 3082 1983 3157 phiIOSOphiaml

391 3183 665 3256 quomodo
689 3183 986 3252 despiciunt
1015 3180 1330 3251 prtesentia!
1362 3178 1630 3249 quomodo
1655 3177 1832 3231 omnia
1857 3175 1987 3244 ipsis

390 3275 580 3330 umbra
603 3281 658 3328 et
681 3272 946 3328 somnium
971 3278 1301 3341 reputantur,
1321 3279 1376 3324 et
1397 3267 1527 3322 nulli
1547 3267 1835 3322 visibilium
1861 3273 1986 3320 sunt

389 3365 569 3430 afﬁxi;
599 3363 692 3420 sed
721 3363 899 3418 omnia
927 3362 1244 3431 transigunt,
1273 3361 1411 3415 sicut
1433 3360 1469 3413 ii
1493 3360 1582 3430 qui
1605 3359 1656 3412 in
1685 3367 1824 3412 terra
1850 3356 1984 3411 alie-

389 3473 460 3513 na
506 3462 667 3526 agunt
699 3453 999 3525 peregrini,
1028 3463 1083 3509 et
1107 3451 1342 3522 quotidie
1371 3452 1601 3522 migrare
1635 3466 1701 3505 ex
1743 3449 1842 3504 hac
1876 3448 1983 3503 vita

391 3550 614 3618 cupiunt
654 3557 708 3604 et
748 3546 1041 3602 anhelant!
1080 3546 1342 3613 Quantam
1387 3555 1540 3614 putas
1566 3543 1728 3598 verba
1769 3541 1885 3596 hate
1918 3541 1985 3596 iis

389 3641 481 3711 qui
510 3641 588 3694 sic
613 3639 817 3704 vivunt,
845 3638 1005 3692 etiam
1031 3636 1117 3692 hic
1142 3652 1173 3691 a
1200 3637 1308 3690 Deo
1339 3635 1639 3690 mercedem
1663 3633 1892 3688 aﬁ‘erre?
1918 3633 1986 3687 Et

392 3730 536 3800 quod
563 3729 715 3784 valde
743 3728 1056 3784 admirabile
1084 3742 1146 3782 ac
1173 3726 1513 3796 stupendum,
1544 3726 1703 3780 etiam
1732 3725 1767 3780 ii
1794 3725 1882 3794 qui
1909 3732 1988 3778 ta-

391 3822 464 3876 lia
491 3821 558 3876 de
583 3820 735 3875 nobis
759 3819 1018 3889 judicant,
1047 3819 1191 3874 brevi
1220 3818 1288 3872 ab
1321 3832 1505 3872 errore
1531 3815 1810 3882 desistent,
1837 3824 1892 3871 et
1916 3815 1984 3869 ad

391 3915 671 3967 veritatem
701 3911 966 3966 redibunt.
997 3910 1108 3965 Hoc
1143 3925 1270 3964 vero
1308 3918 1558 3980 quantam
1591 3908 1698 3962 illic
1737 3908 1983 3962 ﬁduciam

391 4003 618 4066 all'erat,
650 4002 779 4055 nulli
822 4016 927 4056 non
970 4000 1308 4062 manifestum
1344 4011 1443 4054 est.
1487 3997 1716 4052 Proinde
1755 3998 1984 4052 scientes

395 4109 495 4149 nos
524 4103 578 4148 ct
606 4094 674 4148 de
714 4093 862 4148 lucro
899 4101 952 4146 et
989 4093 1056 4147 dc
1093 4091 1290 4145 damno
1325 4089 1693 4161 proximorum
1725 4089 1984 4143 rationem

393 4185 615 4238 daturos
640 4198 760 4237 esse
779 4225 793 4245 ,
821 4183 898 4237 sic
925 4183 1084 4236 vitam
1116 4189 1351 4235 nostram
1385 4180 1721 4234 instituamus
1745 4219 1760 4242 ,
1792 4187 1847 4233 ut
1878 4193 1987 4233 non

395 4275 571 4328 solum
617 4273 769 4327 nobis
807 4272 1031 4328 sufﬁciat
1055 4315 1070 4340 ,
1101 4272 1194 4327 sed
1225 4283 1276 4326 et
1307 4271 1427 4325 aliis
1455 4270 1579 4325 inde
1606 4270 1861 4324 doctrinae
1890 4284 1986 4323 oe-

395 4368 544 4422 casio
581 4367 836 4431 accedat,
873 4375 929 4421 ut
957 4375 1010 4420 ct
1041 4365 1130 4420 hic
1159 4380 1404 4436 magnam
1435 4363 1526 4418 Dei
1568 4363 1791 4434 gratiam
1834 4361 1988 4416 nobis

398 4461 780 4527 conciliemus,
810 4468 863 4514 et
892 4461 942 4513 in
976 4459 1154 4513 futuro
1184 4458 1275 4512 Dei
1313 4457 1638 4527 benignitate
1667 4455 1810 4522 large
1838 4455 1986 4508 frua-

399 4564 541 4618 mur,
565 4553 729 4621 gratia
757 4560 811 4606 et
833 4549 1262 4605 miserationibus
1287 4548 1540 4619 unigeniti
1566 4549 1682 4616 ejus
1706 4546 1847 4613 Filii,
1869 4545 1988 4615 qui-

400 4659 524 4697 cum
552 4643 700 4698 Patri
729 4643 887 4698 simul
915 4651 1204 4711 sanctoque
1233 4641 1450 4710 Spiritui
1481 4639 1550 4694 sit
1575 4638 1742 4710 gloria
1767 4679 1780 4704 ,
1813 4637 1985 4706 impe-

403 4734 561 4801 rium,
587 4736 774 4803 honor,
799 4749 937 4789 nunc
955 4742 1010 4789 et
1029 4747 1261 4803 semper,
1285 4731 1408 4787 etin
1431 4730 1626 4786 saecula
1647 4729 1984 4785 saeculorum.

398 4823 594 4881 Amen.

969 4935 1246 4992 I‘lOMlLlA
1292 4933 1422 4989 VIII.

400 5046 473 5108 Et
495 5050 628 5106 dixit
648 5051 787 5106 Deus
813 5071 826 5105 :
857 5045 1129 5105 Faciamus
1149 5050 1400 5104 hominem
1419 5048 1693 5103 secundum
1717 5046 1990 5118 imaginem

476 5153 702 5198 nostram
739 5154 783 5197 et
825 5143 1099 5198 secundum
1142 5143 1524 5196 similitudinem
1549 5156 1568 5195 :
1597 5149 1642 5195 et
1670 5140 1992 5194 dominentur

481 5236 705 5306 piscibus
730 5235 885 5290 maris
905 5277 920 5301 ,
947 5244 994 5289 et
1020 5234 1305 5289 volatilibus
1332 5233 1445 5287 ειειὶ
1467 5274 1482 5299 ,
1511 5242 1558 5286 et
1603 5229 1863 5302 pecoribus
1881 5269 1898 5297 ,
1941 5239 1990 5284 et

476 5327 646 5381 bestiis
666 5369 682 5393 ,
726 5336 771 5381 et
801 5327 1045 5381 universae
1069 5335 1216 5380 terrae
1239 5364 1254 5390 ,
1293 5335 1340 5378 et
1364 5324 1593 5379 omnibus
1620 5324 1880 5395 reptilibus
1903 5334 1992 5377 re-

481 5418 709 5490 pentibus
736 5435 889 5488 super
915 5427 1100 5472 terram
1126 5416 1285 5491 (Gen.
1314 5409 1365 5472 Ι.
1395 5416 1466 5472 26

477 5553 532 5607 1.
574 5554 685 5622 Age
722 5560 777 5607 et
819 5551 1011 5618 hodie,
1042 5551 1166 5622 quia
1206 5550 1409 5606 alacres
1448 5550 1562 5606 heri
1609 5565 1730 5621 qua:
1759 5549 1991 5605 diximus

404 5642 629 5698 audistis
648 5683 662 5709 ,
695 5659 814 5713 qua:
842 5659 1030 5699 recens
1058 5644 1193 5698 lecta
1221 5651 1380 5708 sunt,
1409 5644 1616 5698 caritati
1647 5651 1834 5697 vestrae
1865 5659 1990 5712 pro-

404 5750 690 5807 ponamus,
721 5736 866 5806 prius
896 5745 1072 5791 tamen
1100 5751 1195 5790 vos
1221 5737 1563 5791 cohortantes
1585 5775 1601 5803 ,
1631 5745 1688 5790 ut
1711 5735 1993 5805 diligenter

403 5827 719 5883 auscultetis
747 5843 808 5881 ea
836 5843 953 5898 quae
981 5828 1251 5892 dicuntur,
1283 5835 1339 5881 et
1362 5843 1478 5897 qua:
1505 5827 1652 5897 prius
1680 5826 1819 5881 dicta
1845 5836 1989 5893 sunt,

401 5921 625 6002 hcnein
656 5933 834 5977 meme
861 5930 1036 5978 vestra
1078 5921 1348 5994 reponatis
1367 5962 1380 5989 ,
1411 5929 1468 5976 ut
1497 5935 1565 5978 ne
1601 5919 1796 5975 frustra
1825 5928 1882 5976 et
1907 5919 1993 5974 in.

337 6099 433 6112 η-ςι

2085 634 2296 675 cassum
2332 622 2572 680 laborem
2615 633 2820 683 tantum
2852 628 3104 687 feramus.
3136 624 3248 688 Hoc
3275 637 3415 690 enim
3444 638 3676 697 studium

2085 720 2326 766 nostrum
2356 724 2470 780 est,
2504 726 2561 772 ut
2588 717 2692 773 vim
2733 735 2796 776 ac
2837 736 3056 778 sensum
3089 741 3272 782 eorum
3322 744 3440 798 qua:
3479 732 3678 801 scripta

2084 803 2192 856 sint
2215 815 2459 860 accurata
2491 809 2673 864 sciatis
2696 819 2898 881 ratque
2921 814 2992 868 ita
3017 824 3076 869 ut
3098 831 3204 870 non
3231 818 3401 872 Solum
3431 822 3688 886 teneatis,-

2086 893 2181 947 sed
2209 905 2262 948 et
2291 895 2521 951 aliorum
2565 902 2802 970 magistri
2832 902 2949 956 sitis
2968 946 2984 970 ,
3017 915 3075 960 ut
3104 908 3352 975 possitis,
3384 912 3687 965 secundum-

2088 981 2302 1038 beatum
2347 985 2602 1054 Paulum,
2635 1005 2773 1044 unus
2813 993 3038 1048 alterum
3083 995 3346 1051 aediﬁcare
3376 999 3394 1067 (
3419 985 3682 1054 L-vThess-

2085 1071 2139 1125 5.
2174 1073 2293 1142 Η).
2321 1074 2452 1128 Nam
2484 1077 2526 1130 si
2555 1093 2650 1133 vos
2676 1081 3007 1149 proieceritis
3034 1084 3085 1138 in
3117 1086 3362 1150 Domino,
3395 1097 3450 1142 et
3491 1090 3541 1142 in
3572 1090 3676 1157 Spié-

2089 1163 2358 1218 ritualium
2407 1166 2652 1222 doctrina
2700 1172 2931 1241 aliquem
2979 1175 3273 1244 profectum
3318 1180 3686 1248 ostenderitis,-

2089 1253 2249 1307 etiam
2280 1271 2379 1310 nos
2409 1256 2606 1327 ingenti
2637 1260 2883 1319 afﬁcietis
2920 1265 3123 1320 laetitia.
3162 1268 3288 1323 [hec
3314 1271 3455 1325 enim
3495 1283 3686 1326 nostra-

2086 1344 2248 1399 fuerit
2275 1355 2381 1400 tota
2413 1352 2735 1419 prosperitas
2756 1395 2770 1419 ,
2800 1363 2854 1409 et
2879 1370 3086 1410 summa
3126 1357 3408 1414 festivitas.
3442 1361 3567 1426 Qua:
3591 1379 3683 1416 no-

2086 1443 2194 1488 stra
2221 1452 2356 1503 spes,
2389 1437 2466 1491 vel
2493 1440 2763 1508 gaudium.
2791 1443 2869 1496 vel
2892 1460 3100 1512 corona,
3135 1447 3338 1516 inquit,
3366 1449 3684 1518 gloriationis

2094 1525 2169 1595 (l.
2197 1525 2372 1582 Thess.
2397 1528 2450 1581 2.
2479 1530 2567 1599 19)
2591 1532 2615 1584 ?
2644 1549 2813 1586 annon
2834 1544 2880 1587 et
2907 1552 3012 1601 vos,
3044 1546 3098 1591 et
3119 1549 3353 1593 vestrum
3385 1542 3679 1595 secundum

2088 1617 2256 1672 Deum
2289 1619 2721 1676 incrementum?
2760 1624 2958 1680 Omnes
2999 1629 3142 1682 enim
3173 1629 3417 1685 doctores
3436 1673 3451 1694 ,
3480 1633 3570 1700 qui
3600 1634 3683 1686 vi-

2087 1706 2216 1761 dent
2241 1708 2532 1779 discipulos
2563 1713 2799 1780 priorum
2829 1715 3126 1771 lectionum
3157 1720 3470 1774 memoriam
3499 1721 3690 1774 animo

2087 1797 2224 1852 bene
2257 1808 2473 1867 teneres
2508 1803 2864 1874 operibusque
2893 1807 3022 1875 ipsis
3065 1807 3292 1862 fructum
3324 1809 3556 1878 aliquem
3587 1825 3683 1865 ex-

2089 1888 2278 1944 hibere
2297 1932 2312 1956 ,
2347 1893 2550 1960 majore
2576 1895 2849 1950 alacritate
2875 1908 2926 1951 et
2956 1900 3290 1968 sequentium
3323 1903 3692 1971 cognitionem

2087 1981 2348 2050 prmbent.
2395 1984 2460 2038 Et
2491 1999 2588 2040 nos
2638 2001 2850 2055 quoque
2879 2001 3076 2058 quanto
3115 1991 3283 2061 magis
3321 2004 3554 2048 tuentem
3584 2011 3681 2049 ve-

2089 2079 2255 2124 stram
2297 2073 2467 2142 erigi,
2519 2084 2574 2128 et
2616 2075 2939 2132 desiderium
2991 2095 3268 2146 crescere,
3316 2086 3685 2156 rationemque

2086 2161 2198 2216 alas
2234 2176 2508 2219 assumere
2552 2165 2830 2234 videmus,
2864 2177 3013 2224 tanto
3051 2172 3340 2229 alacriores
3383 2175 3688 2244 rcddimur,

2087 2260 2148 2305 ut
2191 2252 2496 2309 uberiorem
2539 2253 2833 2312 doctrinam
2864 2274 3246 2329 proponamus.
3292 2265 3502 2332 Quanto
3542 2269 3683 2322 enim

2088 2343 2210 2411 plus
2239 2343 2390 2400 vobis
2435 2347 2803 2414 prol‘uudimus
2835 2350 3154 2407 ﬂuentorum
3201 2353 3390 2410 horum
3434 2357 3685 2426 spiritua-

2089 2433 2218 2488 lium
2241 2476 2255 2502 ,
2287 2443 2436 2492 tanto
2465 2439 2620 2494 nobis
2649 2451 2704 2496 et
2747 2441 2942 2498 ﬂuenta
2969 2454 3096 2499 sunt
3135 2449 3404 2515 auctiora,
3433 2450 3694 2506 nimirqu-

2087 2535 2310 2597 pr0pter
2339 2529 2747 2587 aediﬁcationem
2774 2543 3024 2600 vestram,
3059 2546 3110 2592 et
3142 2549 3362 2609 propter
3387 2550 3696 2598 vestrarum-

2087 2619 2390 2674 animarum
2423 2621 2704 2676 utilitatem
2735 2642 2748 2678 :
2779 2639 2885 2679 non
2916 2628 3058 2680 enim
3082 2628 3132 2682 iu
3163 2630 3263 2685 hac
3291 2646 3451 2686 causa
3477 2635 3687 2688 contin-

2083 2710 2163 2780 git
2211 2711 2264 2766 id
2314 2713 2456 2781 quod
2505 2714 2556 2768 in
2613 2717 2873 2785 pecuniis.
2925 2717 3035 2774 Illic
3079 2721 3221 2775 enim
3270 2724 3358 2793 qui
3407 2737 3696 2795 argentum

2088 2803 2264 2858 vicino
2290 2803 2682 2873 dinumeravit,
2726 2808 2992 2864 imminuit
3020 2826 3169 2865 suam
3205 2815 3590 2883 substantiam,
3635 2828 3692 2876 et

2087 2904 2286 2964 quanto
2312 2897 2430 2966 plus
2456 2908 2723 2967 numerat,
2752 2908 2901 2955 tanto
2933 2902 3108 2957 minus
3137 2906 3374 2972 possidet
3405 2911 3683 2977 pecuniae:

2089 2983 2176 3039 hic
2197 2993 2378 3042 autem
2429 2988 2588 3056 plane
2615 3003 2770 3044 secus
2809 2993 3001 3062 agitur.
3051 2993 3198 3048 Tunc
3233 2998 3376 3051 enim
3407 2998 3688 3055 facultates

2089 3086 2290 3133 nostrae
2336 3080 2453 3149 plus
2496 3093 2844 3150 accrescunt,
2897 3093 3020 3140 tunc
3063 3087 3375 3156 spirituales
3423 3089 3506 3143 hae
3555 3099 3686 3160 opes

2090 3170 2259 3239 magis
2279 3181 2559 3240 augentur,
2585 3175 2798 3243 quando
2826 3174 3043 3232 haurire
3063 3178 3365 3234 volentibus
3387 3181 3692 3238 doctrinam

2091 3258 2385 3316 liberaliter
2412 3262 2802 3331 profundimus.
2833 3265 2999 3336 Igitur
3036 3271 3156 3337 quia
3203 3269 3304 3324 hoc
3333 3271 3486 3326 nobis
3517 3273 3689 3342 majo-

2091 3364 2212 3402 rum
2243 3350 2546 3407 divitiarum
2591 3369 2750 3408 causa
2793 3363 2915 3420 est,
2963 3365 3019 3411 et
3047 3371 3142 3412 vos
3187 3359 3546 3429 spiritualibus
3586 3363 3690 3417 ali-

2093 3442 2291 3497 mentis
2336 3445 2518 3498 satiari
2571 3461 2677 3500 non
2720 3449 2978 3517 potestis,
3027 3465 3126 3520 age
3157 3451 3430 3509 videamus
3468 3455 3594 3524 quid
3635 3465 3690 3513 et

2091 3529 2248 3587 hodie
2278 3533 2467 3588 beatus
2491 3535 2668 3591 Moses
2697 3538 2749 3591 in
2779 3538 2861 3592 his
2886 3554 3005 3608 qua:
3035 3539 3171 3596 lecta
3199 3550 3324 3596 sunt
3348 3558 3447 3599 nos
3475 3545 3686 3616 doceat,

2089 3623 2200 3678 imo
2228 3624 2352 3694 quid
2383 3626 2548 3695 gratia
2582 3628 2809 3696 Spiritus
2837 3644 2931 3698 per
2959 3630 3079 3700 ejus
3115 3631 3347 3702 linguam
3393 3635 3545 3690 nobis
3573 3650 3691 3690 orna

2089 3714 2246 3770 nibus
2274 3714 2436 3771 dicat.
2466 3716 2558 3770 26.
2587 3715 2656 3771 Et
2681 3718 2830 3783 dixit,
2862 3720 3062 3790 inquit,
3091 3721 3230 3776 Deus
3252 3739 3271 3777 :
3293 3722 3570 3780 Faciamus
3597 3727 3692 3780 Ito-

2090 3806 2279 3860 minem
2305 3807 2581 3862 secundum
2607 3809 2878 3880 imaginem
2903 3820 3146 3876 nostram,
3175 3823 3221 3865 et
3249 3815 3526 3869 secundum
3549 3819 3690 3871 simis

2091 3896 2378 3951 Iitudinem.
2429 3897 2509 3953 Ne
2558 3898 2873 3969 simpliciter
2925 3901 3040 3956 haec
3092 3902 3232 3958 dicto
3285 3915 3686 3976 praetereamus,

2089 3987 2378 4051 carissimi,
2411 3988 2504 4042 sed
2534 3989 2896 4058 disquiramus
2924 3993 3083 4046 verba
3111 3993 3354 4062 singula,
3384 4005 3438 4050 et
3473 3998 3524 4050 in
3558 4014 3684 4066 pro‘

2090 4079 2311 4134 fundum
2342 4079 2729 4134 descendentes
2747 4120 2764 4146 ,
2797 4082 2903 4134 vim
2931 4081 2984 4135 in
3011 4082 3300 4138 breviculis
3331 4085 3478 4141 hisce
3507 4089 3685 4144 verbis

2091 4171 2343 4226 latentem
2376 4170 2780 4240 investigemus.
2808 4172 2941 4226 Nam
2991 4175 3112 4228 licet
3155 4190 3320 4244 pauca
3363 4178 3470 4232 sint
3499 4179 3680 4247 verba,

2091 4277 2318 4331 magnus
2347 4270 2521 4316 tamen
2550 4261 2832 4318 thesaurus
2855 4274 2938 4320 est
2966 4266 3016 4319 in
3044 4267 3148 4320 illis
3173 4269 3501 4335 reconditus,
3523 4279 3687 4339 atque

2090 4355 2242 4411 decet
2267 4364 2497 4410 attentos
2525 4365 2581 4410 et
2603 4357 2790 4426 vigiles
2820 4373 2924 4412 non
2956 4359 3008 4412 in
3036 4361 3320 4429 superﬁcie
3348 4372 3510 4417 stare.
3541 4364 3685 4432 Qum

2091 4448 2235 4502 niam
2266 4455 2321 4501 et
2358 4446 2394 4500 ii
2423 4447 2511 4516 qui
2544 4449 2827 4502 sensibiles
2857 4450 2954 4504 hos
3000 4449 3278 4506 thesauros
3316 4453 3549 4510 eﬁ'odere
3587 4471 3685 4511 co-

2091 4550 2320 4607 nantur,
2352 4554 2457 4595 non
2489 4540 2540 4594 in
2571 4541 2731 4611 plano
2756 4550 2811 4596 et
2840 4542 2892 4596 in
2932 4544 3214 4613 superﬁcie
3257 4546 3429 4601 solum
3474 4547 3686 4604 fodiunti

2093 4641 2255 4702 atque
2280 4632 2630 4702 perquirunt,
2660 4632 2754 4688 sed
2781 4633 2834 4687 in
2872 4633 3191 4703 profundum
3230 4635 3599 4707 descendunt,
3629 4652 3687 4696 et

2093 4723 2383 4794 penitiores
2409 4733 2567 4780 terrae
2597 4725 2746 4781 sinus
2770 4734 3078 4782 scrutantur
3107 4745 3120 4782 :
3152 4737 3312 4798 atque
3341 4730 3410 4785 ita
3439 4741 3556 4786 arte
3586 4748 3686 4788 sua

2094 4828 2280 4869 aurum
2309 4829 2338 4868 a
2367 4823 2507 4870 terra
2548 4825 2861 4887 segregant,
2897 4819 3104 4873 tametsi
3143 4835 3287 4888 saepe
3316 4829 3434 4890 post
3473 4823 3687 4879 labores

2040 4965 2046 4972 ,
2093 4905 2422 4975 sudoresque
2446 4907 2642 4962 multos
2667 4909 2752 4961 vix
2793 4924 2956 4978 pauca
2987 4909 3228 4980 qutedam
3269 4921 3512 4968 ramenta
3552 4913 3684 4969 all‘ea

2093 5008 2238 5054 runt.
2269 4999 2367 5053 ilic
2391 5009 2568 5053 autem
2599 5000 2671 5054 nil
2705 5001 2808 5055 tale
2842 5009 2959 5069 est,
2987 5003 3080 5058 sed
3106 5002 3258 5057 labor
3286 5005 3493 5068 minor,
3523 5013 3576 5059 et
3605 5006 3684 5060 in-

2096 5088 2320 5146 eﬁ'abilis
2347 5090 2582 5146 ubertas.
2611 5090 2748 5146 Nam
2773 5094 3069 5163 spirituah'a
3107 5094 3286 5150 omnia
3316 5095 3368 5150 in
3397 5094 3536 5150 hunc
3563 5111 3682 5150 mo-

2095 5182 2222 5238 dum
2251 5199 2310 5238 se
2341 5183 2558 5239 habent.
3469 5242 3478 5252 ,

2165 5275 2222 5328 2.
2262 5273 2340 5329 Ne
2369 5274 2529 5344 igitur
2554 5275 2724 5330 simus
2766 5275 3061 5332 deteriores
3091 5275 3156 5330 iis
3190 5275 3278 5346 qui
3316 5275 3384 5330 ad
3413 5263 3694 5333 sensibilia

2097 5366 2305 5423 inhiant
2335 5386 2348 5422 :
2377 5367 2472 5423 sed
2503 5368 2832 5439 inquiramus
2859 5378 2914 5424 et-
2935 5385 3035 5424 nos
3064 5369 3344 5439 diligenter
3373 5369 3688 5424 thesaurum

2095 5457 2242 5514 hunc
2283 5459 2613 5528 spiritualem
2657 5459 2709 5513 in
2737 5459 2914 5514 verbis
2951 5460 3066 5515 istis
3104 5460 3433 5516 reconditum
3456 5502 3471 5526 ,
3500 5467 3555 5514 et
3582 5459 3692 5529 pri-r

2097 5567 2242 5607 mum
2272 5552 2548 5607 videamus
2574 5552 2697 5622 quid
2745 5568 2937 5606 novum
2985 5563 3039 5608 et
3082 5553 3452 5608 admirandum
3495 5551 3637 5606 dicat
3668 5565 3694 5607 ι

2101 5645 2223 5699 dein
2255 5660 2418 5714 quare
2458 5652 2600 5699 tanta
2629 5645 2910 5700 verborum
2941 5645 3237 5701 variatione
3281 5654 3461 5699 utatur
3502 5643 3692 5698 beatus

2079 5736 2189 5795 .hic
2213 5737 2472 5806 pr0pheta
2493 5776 2509 5803 ,
2541 5737 2648 5790 imo
2675 5735 2936 5807 benignus
2963 5737 3103 5792 Deus
3137 5751 3233 5805 per
3258 5733 3570 5804 prophetam
3605 5730 3687 5787 io-

2096 5843 2286 5899 quens.
2316 5827 2383 5882 Et
2405 5828 2478 5882 ait
2502 5849 2516 5885 :
2541 5827 2816 5882 Faciamus
2840 5828 3091 5883 hominem
3116 5826 3391 5881 secundum
3413 5823 3694 5892 imaginem

2100 5929 2350 5991 nostram,
2368 5927 2413 5973 et
2433 5921 2710 5975 secundum
2730 5919 3130 5976 similitudinem.
3153 5917 3333 5988 Nuper
3350 5929 3478 5972 cum
3496 5912 3694 5968 catum
