4144 6446
496 509 562 566 τι
1281 498 1337 555 S.
1377 493 1655 554 JOANNIS
1690 486 2165 549 CHRYSOSTOMI
2203 486 2519 545 ARCHIEP.
2561 488 3098 548 CONSTANTINOP.
3710 494 3786 548 ἠ

500 635 806 691 terramque
854 616 1177 679 formasset,
1224 612 1522 666 audivimus
1569 609 1715 662 illum
1769 605 2082 661 dicentem:

502 714 625 768 Fiat
665 714 801 767 luat:
829 720 884 765 et
908 751 921 771 ,
954 706 1076 761 Fiat
1118 706 1492 775 firmamentum
1529 702 1584 753 in
1613 698 1778 752 medio
1807 708 1992 759 aqua;
2031 701 2088 746 et

500 806 716 870 iterum,
746 801 1123 871 Congregentnr
1148 810 1293 867 omne
1339 794 1396 848 in
1429 788 1865 862 congregationem
1903 799 2082 850 unam,

492 904 544 948 et
570 902 816 963 appareat
855 891 1005 943 arida
1027 904 1051 942 :-
1075 897 1159 950 et,
1201 884 1355 939 Fiant
1394 880 1665 937 luminaria
1690 892 1713 932 :
1735 885 1820 943 et,
1851 875 2087 929 Educant

491 998 647 1055 aqua:
688 981 893 1053 reptilia
940 979 1229 1032 animarum
1269 974 1557 1029 virentium.
1606 968 1794 1025 Vidisti
1837 979 2087 1021 sermone

493 1074 618 1128 solo
646 1081 698 1128 et
747 1078 1015 1141 przcccplo
1054 1081 1267 1120 atumem
1313 1072 1607 1120 creaturam
1638 1059 1870 1129 quinque
1897 1057 2087 1111 diebus

494 1162 717 1217 formari
743 1162 769 1215 i
812 1159 949 1215 Vide
998 1157 1155 1212 hodie
1205 1161 1402 1225 quanta
1447 1151 1733 1206 verborum
1778 1146 2083 1204 diversitas.

498 1252 617 1309 Non
643 1252 785 1306 enim
806 1251 917 1319 jam
943 1248 1105 1302 dicit:
1130 1246 1248 1301 Fiat
1274 1244 1434 1298 homo
1457 1260 1473 1297 :
1496 1240 1590 1296 sed
1618 1237 1783 1310 quid?
1809 1235 2087 1290 Faciamus

499 1342 751 1396 hominem
780 1337 1058 1392 secundum
1099 1336 1371 1405 imaginem
1418 1340 1642 1385 nostram
1662 1369 1676 1394 ,
1724 1337 1772 1381 et
1811 1325 2085 1381 secnttdum

496 1430 894 1485 similitudinem.
927 1424 1063 1494 Quid
1093 1424 1194 1478 hoc
1218 1422 1380 1476 novi?
1408 1420 1533 1490 quid
1563 1418 1760 1473 insoliti
1782 1418 1805 1471 Ἰ
1831 1417 2085 1485 Quisnam

495 1523 589 1576 ille
612 1522 699 1579 oui
727 1518 1041 1575 formandus
1059 1556 1075 1582 ,
1106 1515 1173 1570 ad
1200 1528 1359 1586 quem
1401 1510 1701 1566 faciendum
1722 1508 1909 1578 Opiﬁci
1939 1515 2089 1561 tanto

498 1612 722 1666 consilio
746 1619 804 1665 et
823 1606 1303 1678 circumspectione
1322 1602 1496 1673 opus?
1520 1600 1597 1656 Ne
1621 1600 1850 1666 mireris,
1871 1599 2081 1653 dilecte.

498 1702 672 1756 llumo
701 1701 847 1754 enim
887 1700 1029 1751 inter
1056 1695 1281 1751 visibilis
1322 1692 1501 1747 omnia
1526 1689 1783 1760 dignitate
1809 1687 2080 1757 praecellit,

498 1800 717 1861 propter
742 1802 905 1858 quem
929 1784 1143 1841 condita
1170 1791 1295 1838 sunt
1318 1781 1433 1836 haec
1456 1780 1657 1844 omnia,
1681 1778 1892 1841 callum,
1920 1786 2080 1841 terra,

497 1895 664 1941 mare,
696 1878 800 1943 sol,
829 1876 975 1942 luna,
1002 1875 1192 1940 stellte,
1223 1871 1430 1943 reptilia
1451 1911 1466 1938 ,
1493 1871 1754 1940 jumenta,
1787 1870 2042 1939 brutaque
2063 1869 2081 1901 ¹

495 1968 746 2021 animalia
772 1966 972 2021 omnia.

565 2057 671 2113 Cur
711 2058 959 2111 elementa
994 2065 1112 2109 ante
1151 2053 1405 2107 hominem
1445 2059 1634 2106 creata.
1673 2078 1747 2097 -η-
1787 2049 1855 2104 Et
1893 2062 2081 2118 quare,

493 2150 548 2203 in
570 2149 723 2217 ;uics,
748 2147 951 2202 tardius
977 2157 1189 2200 crealus
1209 2153 1292 2198 est
1316 2145 1500 2208 homo,
1526 2143 1570 2196 si
1595 2143 1804 2197 ceteris
1827 2141 2085 2211 dignitate

494 2238 763 2309 przestat‘l
796 2239 1004 2293 Merito.
1035 2236 1167 2290 Nam
1194 2244 1250 2290 ut
1277 2235 1586 2306 ingressum
1614 2235 1665 2288 in
1695 2235 1959 2289 civitatem
1985 2235 2087 2289 ali-

493 2347 654 2401 quam
703 2344 858 2399 rege,
908 2343 1086 2397 operte
1132 2327 1363 2396 pretium
1410 2334 1494 2380 est
1540 2326 1786 2394 prmmitli
1828 2325 2085 2381 satellites

493 2424 736 2491 aliusque
764 2433 953 2474 omnes
975 2456 991 2483 ,
1018 2427 1078 2472 ut
1121 2417 1258 2471 bene
1296 2415 1553 2471 adornata
1593 2416 1738 2483 regia
1765 2429 1859 2468 rex
1885 2413 1941 2469 in
1962 2428 2089 2469 eam

492 2513 785 2566 adveniat:
813 2508 974 2563 simili
1010 2506 1169 2562 modo
1197 2520 1341 2559 nunc
1377 2504 1529 2574 quasi
1571 2518 1751 2574 regem
1789 2514 1845 2559 et
1886 2504 2084 2574 princi-

492 2618 618 2671 pem
642 2600 873 2670 aliquem
900 2597 1064 2654 rebus
1092 2595 1320 2651 terrenis
1359 2594 1705 2665 praefecturas
1725 2633 1742 2660 ,
1787 2594 1937 2664 prius
1961 2609 2080 2648 om-

493 2708 619 2748 nem
659 2691 801 2747 hunc
829 2697 1073 2745 ornatum
1103 2686 1413 2751 fabricavit,
1458 2694 1513 2740 et
1554 2684 1765 2740 tandem
1796 2684 1859 2741 iis
1901 2684 2080 2755 praeﬁ-

491 2782 747 2838 ciendum
796 2780 1065 2834 hominem
1111 2776 1399 2847 produxit,
1443 2776 1721 2831 declarans
1767 2776 1921 2831 factis
1963 2777 2081 2832 istis

488 2883 689 2944 quanto
734 2872 937 2926 honore
976 2868 1175 2923 animal
1224 2868 1327 2922 hoc
1385 2876 1758 2944 prosequatur.
1813 2868 2078 2923 (Steterunt

498 2943 759 3004 inuentus
777 2945 881 3000 hoc
897 2945 1020 3000 loco
1032 2944 1306 3010 Judaeum,
1326 2952 1379 3000 et
1400 2943 1685 3002 videamus
1703 2944 1836 3016 quid
1856 2958 2083 3013 respon-

497 3033 645 3094 deat,
668 3033 733 3087 ad
757 3048 919 3103 quem
940 3031 1083 3088 dixit
1101 3033 1246 3091 Deus
1265 3052 1281 3089 :
1306 3033 1599 3090 Faciamus
1617 3036 1881 3091 hominem
1900 3051 2085 3092 secun-

497 3125 624 3179 dum
659 3124 945 3196 itnaginem
978 3131 1255 3184 nostram?
1294 3126 1513 3199 Scripta
1548 3129 1696 3184 enim
1722 3137 1850 3185 sunt
1894 3131 2007 3183 haec
2047 3143 2083 3184 a

496 3211 649 3270 Mose
669 3254 684 3279 ,
726 3214 812 3269 cui
843 3229 904 3271 se
936 3214 1162 3270 credere
1193 3216 1386 3272 dicunt
1418 3216 1642 3287 quidem
1664 3258 1682 3284 ,
1711 3231 1820 3272 non
1847 3216 2082 3271 credunt

497 3314 681 3361 autem
705 3324 724 3362 :
746 3307 892 3363 sicut
912 3315 967 3363 et
987 3307 1244 3365 Christus
1271 3309 1485 3380 inquit:
1513 3308 1575 3364 Si
1602 3310 1883 3365 crederetis
1913 3307 2081 3375 Mosi,

494 3399 777 3454 crederetis
795 3400 978 3470 utique
998 3409 1048 3455 et
1069 3401 1197 3455 mihi
1216 3400 1400 3474 (Joan.
1419 3402 1472 3458 5.
1494 3401 1609 3472 ιδ).
1633 3402 1737 3459 Sed
1763 3402 1935 3459 litera:
1955 3402 2081 3472 qui-

493 3490 617 3546 dem
640 3491 785 3560 apud
810 3492 933 3547 illos
954 3501 1106 3559 sunt,
1125 3509 1326 3549 sensus
1348 3510 1478 3549 vero
1507 3494 1653 3565 apud
1677 3496 1889 3557 nos._Ad
1909 3510 2077 3565 quem

492 3581 673 3652 igitur
707 3583 919 3638 dictum
948 3594 1054 3649 cst,
1085 3584 1374 3641 Faciamus
1396 3587 1683 3654 hominem,
1713 3597 1770 3643 et
1802 3602 1929 3642 cum
1966 3601 2079 3658 quo

492 3675 791 3731 consilium
828 3677 932 3734 hoc
961 3678 1152 3734 habuit
1184 3681 1634 3737 Dominus‘lNon
1667 3680 1815 3750 quod
1843 3680 2081 3738 consilio

491 3777 551 3824 et
597 3771 1044 3827 consideratione
1084 3787 1226 3842 opus
1272 3773 1513 3842 habeat;
1547 3774 1724 3839 absit;
1763 3776 1859 3831 sed
1904 3775 2081 3847 figura

489 3861 789 3917 verberum
812 3863 1097 3919 declarare
1120 3866 1315 3932 voluit,
1335 3883 1499 3936 quam
1518 3868 1876 3923 excellentem
1903 3868 2081 3924 hone-

484 3967 608 4008 rem
643 3952 873 4019 homini,
903 3956 997 4025 qui
1028 3955 1397 4024 formabatur,
1426 3960 1652 4014 tribuat.
1674 3961 1814 4028 Quid
1836 3976 1967 4032 ergo
1990 3962 2079 4016 di-

487 4056 624 4103 cunt
648 4046 703 4101 lii
725 4048 820 4119 qui
845 4048 1027 4105 adhuc
1051 4050 1254 4107 habent
1289 4053 1540 4111 velamen
1568 4070 1731 4125 super
1767 4056 1937 4111 corda
1972 4071 2073 4112 sua

486 4137 767 4209 positum.
816 4149 873 4195 ct
914 4141 1050 4196 nihil
1091 4156 1283 4197 eorum
1316 4158 1443 4213 quae
1473 4145 1565 4200 hic
1601 4153 1733 4202 sunt
1781 4154 2070 4212 contenta,

486 4230 796 4301 intelligere
841 4232 1073 4288 volunt?
1107 4234 1189 4288 Ad
1222 4236 1475 4305 angelum
1522 4239 1607 4294 vel
1654 4239 2070 4311 archangelum,

485 4323 768 4393 inquiunt,
786 4324 903 4379 Ιηεο
923 4327 1069 4381 dicta
1094 4334 1245 4383 sunt.
1262 4327 1307 4383 Ο
1329 4330 1620 4398 insaniam,
1640 4347 1949 4404 o'magnatn
1970 4335 2075 4388 im-

486 4415 808 4485 pudentiam
833 4417 845 4470 Ξ
873 4415 940 4469 Et
961 4419 1241 4487 quomodo
1262 4419 1465 4476 rationi
1486 4433 1921 4478 consentaneum
1961 4435 2070 4494 est,

485 4508 635 4565 bone
658 4508 764 4575 vir,
790 4519 849 4564 ut
867 4512 1045 4581 angeli
1068 4513 1360 4568 consilium
1385 4515 1575 4570 ineant
1596 4530 1723 4571 cum
1742 4517 2000 4587 Domino,
2017 4530 2075 4577 et

486 4610 761 4658 creatum
791 4619 919 4659 cum
943 4606 1246 4663 Creatore?
1289 4607 1409 4664 Non
1440 4610 1587 4666 enim
1621 4620 1706 4666 est
1749 4614 2076 4684 angelorum

485 4695 789 4750 consilium
807 4697 961 4764 dare,
986 4702 1080 4756 sed
1112 4702 1395 4769 assistere,
1420 4712 1477 4760 et
1497 4704 1871 4761 ministerium
1895 4707 2073 4763 adim-

485 4790 657 4858 plere.
681 4789 753 4845 Et
768 4800 828 4846 ut
849 4792 1190 4863 discas,audi
1213 4798 1620 4854 vocalissimum
1638 4800 1859 4856 Esaiam
1879 4802 2071 4859 dicen-

485 4892 596 4937 tem
618 4884 689 4940 de
707 4888 967 4956 supernis
988 4889 1253 4959 angelicis
1278 4890 1573 4948 virtutibus
1595 4908 1608 4944 :
1639 4892 1763 4948 Vidi
1786 4895 2071 4950 Cherubim

484 4980 687 5033 stantia
705 4996 737 5032 a
755 4982 955 5036 dextris
977 4981 1096 5049 Dei,
1115 4994 1162 5037 et
1190 4982 1494 5053 Seraphim,
1509 4996 1558 5040 et
1577 4986 1883 5058 ohlegebanl
1900 4989 2071 5058 [acies

483 5070 739 5141 pedesque
758 5087 881 5126 suos
905 5075 1008 5128 alis
1032 5073 1192 5144 (Isai.
1213 5074 1267 5128 6.
1290 5075 1368 5146 2).
1389 5075 1544 5143 Quod
1570 5078 1689 5135 ideo
1716 5080 1918 5134 factum
1943 5095 2070 5138 esse

485 5162 661 5228 liquet
683 5203 710 5240 ,
726 5164 856 5234 quia
881 5165 1064 5237 fulgur
1086 5168 1392 5239 majestatis
1414 5171 1613 5226 divinat
1636 5172 1761 5227 inde
1783 5172 2069 5243 egrediens

485 5255 631 5308 ferre
651 5270 761 5309 non
778 5259 1126 5326 possent,sed
1145 5268 1356 5316 starent
1372 5277 1498 5317 cum
1519 5263 1718 5318 timore
1738 5270 1791 5318 ct
1805 5271 2068 5319 tremore.

485 5344 702 5399 Etenim
724 5351 1006 5406 creaturis
1028 5352 1309 5419 peculiare
1331 5361 1415 5409 est
1439 5352 1673 5409 Domine
1696 5353 1980 5410 assistere.

402 5440 419 5446 υ
556 5420 610 5474 5.
640 5419 857 5477 Arines
876 5430 927 5476 et
962 5422 1513 5496 Anthropomorphitas
1549 5424 1823 5479 insectatur
1848 5422 2072 5494 Chryso-

483 5524 699 5569 stosntts.
721 5541 792 5555 --
808 5512 1007 5570 Verum
1034 5517 1107 5571 illi
1134 5518 1265 5573 nihil
1294 5532 1481 5574 eorum
1506 5532 1625 5588 quae
1645 5515 1931 5587 Scriptura:
1951 5532 2071 5572 vcr-

487 5604 571 5659 his
599 5603 945 5659 continentur
980 5604 1379 5677 intelligentes,
1424 5616 1629 5662 temere
1665 5605 1806 5676 quod
1836 5605 2072 5661 occurrit

483 5695 754 5751 eﬂutiunt.
784 5696 851 5753 Et
881 5696 1006 5751 ideo
1034 5698 1273 5755 refutatis
1300 5698 1512 5755 illorum
1541 5697 1904 5757 deliramentis
1928 5737 1945 5766 ,
1982 5697 2062 5753 di-

551 5828 574 5892 ξ
607 5825 850 5883 01103155.,
874 5824 1084 5887 rcptilia,
1110 5841 1217 5892 qua:
1238 5833 1423 5887 nattmt,
1452 5827 1718 5892 brutaqne;
1740 5828 1950 5888 Coislin.,
1985 5843 2065 5882 rc-

480 5885 642 5950 ptiltu,
667 5892 711 5936 ct
733 5900 842 5950 qua:
857 5885 1184 5953 maneman'ct
1206 5900 1317 5953 (μιαί
1336 5885 1522 5951 nonut.
1547 5885 1796 5955 aridaque,
1824 5900 1923 5942 etc.

2198 612 2409 657 ciorum
2433 604 2628 658 veritas
2647 604 2902 660 Ecclesia:
2923 604 3049 660 llliis
3069 605 3325 661 discenda
3342 617 3441 663 est.
3473 609 3605 677 Quis
3627 614 3791 682 igitur

2193 691 2302 758 hic,
2329 692 2399 745 ad
2416 706 2573 762 quem
2601 694 2790 762 lnqait,
2818 692 3093 746 Faciamus
3121 695 3418 750 hominem!
3445 696 3577 763 Quis
3602 711 3786 757 autem

2191 783 2327 836 alios
2351 824 2366 850 ,
2399 799 2558 853 quam
2586 784 2676 839 ille
2704 785 2882 854 magni
2907 785 3117 839 consilii
3141 787 3365 857 angelus
3385 829 3405 852 ,
3436 791 3524 846 ille
3546 792 3784 847 admira-

2191 872 2319 927 bilis
2339 874 2694 939 consiliarius,
2724 884 2935 944 potens,
2961 876 3208 945 princeps
3237 878 3404 946 pacis,
3437 891 3590 948 pater
3620 881 3783 937 futuri

2196 965 2376 1020 muli
2408 964 2561 1035 (lsai.
2586 966 2640 1023 9.
2668 967 2748 1037 6),
2778 967 3082 1038 unigenitus
3104 967 3199 1023 Dei
3224 968 3412 1037 Filius,
3440 971 3580 1026 Patri
3605 988 3784 1043 arqua-

2192 1054 2259 1108 lis
2281 1057 2575 1112 secundum
2604 1057 2976 1126 substantiam,
3006 1074 3103 1128 per
3129 1074 3292 1128 quem
3320 1062 3497 1116 omnia
3524 1064 3803 1132 producit»

2190 1157 2316 1202 sunt
2334 1148 2363 1203 τ
2397 1149 2532 1205 lluic
2555 1149 2688 1204 dicit
2713 1166 2727 1205 :
2754 1148 3033 1206 Faciamus
3059 1152 3313 1207 hominem
3337 1154 3612 1208 secundum
3651 1156 3800 1208 ima-

2189 1240 2358 1309 ginem
2381 1249 2623 1306 nostram,
2651 1251 2698 1296 et
2720 1243 2995 1297 secundum
3020 1242 3424 1298 similitudinem.
3454 1245 3551 1299 Hic
3569 1247 3798 1303 Arianis

2191 1331 2403 1388 letalem
2433 1334 2641 1404 plagam
2682 1334 2890 1404 inﬂigit.
2934 1334 3051 1391 Non
3093 1336 3241 1391 enim
3281 1336 3596 1407 imperando
3618 1340 3782 1406 dixit,

2193 1420 2317 1489 Fac,
2345 1430 2403 1477 ut
2427 1422 2641 1479 subdito
2667 1432 2719 1479 et
2748 1424 2989 1479 infcriori
3012 1465 3027 1493 ,
3060 1424 3144 1480 vel
3171 1434 3235 1481 ut
3260 1425 3454 1482 minori
3483 1427 3779 1485 secundum

2189 1513 2501 1574 essentiam.
2526 1512 2623 1568 sed
2645 1528 2766 1569 cum
2793 1514 3101 1570 omnimoda
3121 1516 3447 1586 aqualitate,
3472 1516 3781 1574 Faciamus:

2189 1613 2247 1658 et
2285 1603 2429 1673 quod
2476 1605 2720 1674 sequitur
2773 1620 2958 1660 rursus
3007 1605 3411 1661 similitudinem
3466 1607 3782 1663 suletantim

2188 1691 2445 1746 ostendit.
2467 1690 2746 1747 Faciamus
2766 1694 2934 1761 enim,
2957 1695 3051 1763 ait,
3077 1696 3329 1750 hominem
3355 1698 3627 1752 secundum
3649 1699 3785 1752 ima-

2188 1780 2358 1851 ginem
2381 1791 2626 1848 nostram,
2660 1791 2707 1837 et
2729 1783 3006 1838 secundum
3032 1785 3438 1840 similitudinem.
3467 1786 3661 1843 lterum
3690 1788 3783 1844 hic

2188 1872 2473 1941 insurgunt
2497 1871 2737 1928 haeretici
2763 1872 2876 1941 alii,
2907 1874 3157 1930 Ecclesia:
3183 1875 3429 1944 dogmata
3457 1876 3782 1947 impugnan-

2190 1970 2273 2016 tes
2292 2002 2308 2027 ,
2337 1974 2391 2016 et
2417 1961 2642 2017 dicunt:
2674 1962 2816 2018 Ecce
2858 1963 3025 2029 dicit,
3058 1962 3353 2019 Secundum
3381 1966 3650 2045 imaginem
3677 1983 3779 2021 no-

2186 2062 2345 2107 strain
2378 2068 2397 2107 :
2426 2062 2482 2109 et
2522 2053 2648 2110 inde
2692 2053 2879 2109 volunt
2919 2054 3032 2110 Deo
3076 2054 3360 2110 humanam
3405 2054 3629 2112 formam
3677 2060 3781 2114 tri-

2187 2142 2356 2199 liuere
2387 2161 2401 2198 :
2433 2143 2487 2199 id
2511 2143 2654 2214 quod
2682 2154 2940 2201 extremae
2966 2142 3128 2200 fuerit
3170 2147 3448 2214 amentiae,
3482 2157 3540 2204 ut
3568 2151 3642 2216 is,
3683 2152 3782 2220 qui

2188 2234 2357 2289 forma
2388 2235 2676 2306 specieque
2717 2243 2905 2302 caret,
2949 2244 3006 2291 et
3031 2234 3166 2291 nulli
3209 2238 3486 2293 mutationi
3514 2238 3787 2297 obnoxius

2187 2334 2273 2380 est
2292 2365 2307 2391 ,
2337 2326 2439 2380 sub
2468 2324 2753 2382 humanam
2782 2325 3055 2397 redigatur
3082 2325 3309 2382 formam
3331 2368 3347 2394 ,
3380 2336 3437 2385 et
3460 2328 3780 2398 incorporeo

2188 2414 2429 2471 membra
2450 2423 2506 2471 et
2531 2416 2852 2472 lineamenta
2871 2417 3248 2474 attribuantur.
3270 2417 3401 2486 Quzc
3420 2418 3546 2476 huic
3569 2420 3785 2476 insania

2188 2521 2286 2575 par
2327 2506 2523 2573 fuerit,
2570 2521 2697 2563 cum
2732 2522 2843 2562 non
2881 2506 3054 2562 solum
3085 2507 3219 2564 nihil
3249 2508 3385 2564 lucri
3426 2524 3456 2563 a
3485 2509 3781 2580 Scripturis

2185 2594 2444 2651 divinitus
2486 2596 2760 2665 inspiratis
2804 2594 3075 2664 referant,
3114 2596 3211 2653 sed
3253 2605 3310 2652 et
3334 2598 3618 2668 plurimum
3649 2601 3780 2656 inde

2185 2685 2571 2743 oll‘endanturi
2598 2685 2771 2743 Simili
2797 2687 2942 2742 enim
2975 2686 3137 2743 modo
3164 2688 3339 2744 allecti
3364 2700 3517 2758 sunt,
3547 2700 3706 2763 atque
3727 2694 3782 2748 si

2184 2776 2277 2847 qui
2301 2776 2491 2832 morbo
2516 2775 2761 2833 laborant
2776 2818 2794 2845 ,
2826 2784 2882 2833 et
2905 2778 3275 2847 corporalibus
3301 2780 3471 2835 oculis
3496 2781 3780 2837 inliruian-

2185 2876 2291 2925 tur.
2341 2867 2408 2925 Ut
2436 2868 2579 2924 enim
2626 2868 2702 2924 illi
2737 2868 2808 2924 ob
2850 2867 3128 2924 oculorum
3158 2884 3381 2926 suorum
3409 2870 3778 2929 inﬁrmitatem

2185 2960 2318 3017 solis
2341 2960 2513 3016 lucem
2539 2974 2682 3031 mgre
2709 2959 2918 3029 lerunt,
2947 2968 3003 3018 et
3032 2961 3159 3033 aegri
3185 2962 3348 3017 etiam
3376 2962 3608 3032 optimos
3632 2966 3779 3020 salu-

2184 3052 2550 3123 berrimosque
2577 3052 2729 3109 cibos
2747 3063 3064 3110 aversantur
3097 3071 3112 3109 :
3144 3054 3216 3108 ita
3241 3063 3294 3111 et
3319 3054 3373 3109 hi
3397 3057 3574 3111 anima
3601 3073 3777 3129 agro-

2184 3151 2397 3210 tantes,
2443 3151 2497 3198 et
2535 3144 2732 3200 mentis
2768 3142 2939 3198 oculis
2980 3144 3160 3214 capti,
3205 3144 3273 3199 ad
3318 3144 3495 3201 lumen
3536 3147 3779 3203 veritatis

2183 3236 2452 3306 respicere
2490 3249 2596 3292 non
2627 3243 2869 3305 possunt.
2902 3235 3107 3292 Idcirco
3134 3246 3318 3290 nostra
3348 3237 3628 3307 fungentes
3655 3255 3779 3294 mu-

2182 3343 2335 3393 nere,
2369 3342 2560 3385 manus
2583 3329 2664 3385 eis
2688 3330 3056 3400 porrigamus,
3088 3345 3385 3401 magmque
3412 3332 3495 3395 eis
3521 3348 3776 3388 mansne-

2182 3419 2367 3476 tttdine
2394 3420 2694 3491 loquamur.
2734 3420 2868 3477 Nam
2896 3430 2953 3476 et
2978 3421 3166 3476 beatus
3192 3422 3387 3480 Paulus
3427 3424 3498 3478 ita
3526 3438 3625 3479 me
3652 3440 3775 3480 mo-

2181 3512 2298 3567 nuit
2320 3511 2540 3566 dicens:
2570 3510 2637 3567 Ut
2656 3511 2713 3565 in
2738 3511 3129 3569 ntameludine
3152 3513 3450 3568 erudiuntur
3471 3516 3771 3583 adversarii,

2183 3600 2227 3658 ὁ
2255 3604 2388 3671 forte
2410 3600 2495 3655 det
2521 3602 2592 3656 eis
2620 3600 2762 3656 Deus
2789 3603 3137 3673 penitentiam
3175 3604 3227 3658 in
3257 3605 3564 3675 agnitionem
3591 3608 3774 3661 uerita-

2182 3690 2266 3755 tis,
2295 3699 2345 3745 et
2371 3691 2441 3744 ad
2464 3691 2785 3746 sobrietatem
2809 3693 2995 3748 mentis
3017 3692 3227 3749 redeant
3259 3695 3323 3749 de
3349 3696 3528 3766 laqueo
3556 3697 3771 3765 diaboli,

2182 3798 2214 3838 α
2240 3798 2338 3853 quo
2379 3784 2565 3854 captiui
2611 3792 2874 3850 tenentur,
2917 3783 2987 3838 ad
3012 3784 3154 3839 illius
3186 3785 3488 3840 voluntatem
3517 3786 3607 3855 (2.
3631 3787 3771 3842 Tim.

2179 3874 2235 3928 9..
2265 3873 2395 3945 25).
2428 3872 2589 3931 Vides
2616 3874 2888 3945 quamde
2915 3874 3094 3931 verbis
3121 3874 3410 3930 declaravit
3432 3917 3447 3941 ,
3494 3892 3589 3932 eos
3616 3880 3775 3947 quasi

2180 3964 2439 4023 ebrietate
2484 3965 2733 4035 quapiam
2777 3964 3000 4021 obrutos
3042 3966 3213 4021 esse?
3257 3965 3389 4020 Nam
3434 3966 3576 4035 quod
3619 3967 3771 4035 dicit,

2180 4054 2262 4111 Ad
2289 4055 2609 4110 sobrietatem
2635 4054 2817 4123 mentis
2861 4054 3113 4121 redeant,
3145 4055 3380 4111 ostendit
3419 4071 3515 4111 eos
3555 4058 3607 4110 in
3640 4074 3770 4127 υνυ-
3810 4128 3821 4137 ο

2180 4145 2348 4203 fundo
2374 4146 2556 4218 aliquo
2579 4162 2788 4203 mersos
2815 4161 2957 4202 esse.
2984 4146 3053 4202 Et
3080 4147 3272 4203 iterum
3296 4188 3313 4215 ,
3350 4148 3499 4219 Capti
3520 4191 3535 4211 .
3573 4150 3770 4220 inquit,

2179 4252 2211 4291 a
2237 4236 2471 4304 diabolo,
2497 4237 2647 4307 quasi
2672 4237 2892 4303 diceret,
2922 4244 3191 4307 tamquam
3222 4238 3426 4307 laqueis
3446 4240 3769 4309 quibusdam

2180 4328 2372 4384 irrctiti
2398 4336 2540 4385 sunt.
2575 4326 2728 4382 Unde
2750 4330 2813 4383 et
2846 4325 3007 4381 nobis.
3026 4341 3217 4398 magna
3244 4343 3377 4398 opus
3402 4336 3486 4383 est
3513 4344 3771 4386 mansue-

2181 4419 2363 4477 tudine
2388 4427 2443 4475 et
2484 4419 2737 4489 patientia
2761 4460 2777 4484 ,
2808 4427 2867 4473 ut
2902 4419 3172 4488 pessimus
3198 4434 3293 4475 eos
3317 4422 3524 4491 eripere
3552 4430 3609 4477 et
3631 4423 3770 4477 edu-

2179 4524 2304 4566 cere
2328 4524 2397 4567 ex
2427 4510 2630 4579 laqueis
2669 4508 2888 4565 diaboli.
2922 4509 3173 4565 Dicamus
3211 4511 3372 4582 igitur
3403 4512 3525 4567 eis:
3558 4512 3772 4583 Resipi-

2178 4603 2315 4663 seite
2354 4602 2658 4672 paulisper,
2706 4602 2927 4672 aspicite
2974 4601 3153 4658 lumen
3190 4602 3449 4671 justitiae,
3480 4603 3771 4674 expendite

2178 4695 2453 4755 vobiscum
2479 4694 2761 4751 verberum
2790 4693 3204 4750 accuratinnem.
3246 4693 3433 4765 Neque
3471 4697 3614 4751 enim
3640 4710 3771 4752 cum

2179 4786 2309 4842 dicit
2330 4801 2343 4839 :
2360 4784 2635 4839 Faciamus
2655 4785 2905 4838 hominem
2926 4784 3201 4838 secundum
3221 4784 3491 4855 imaginem
3513 4796 3767 4855 nostram,

2179 4886 2226 4932 et
2254 4875 2531 4932 secundum
2560 4875 2980 4941 similitudinem,
3014 4875 3100 4930 hic
3126 4890 3430 4930 sermonem
3460 4876 3636 4941 sistit,
3669 4877 3769 4932 sed

2179 4984 2276 5040 per
2301 4983 2363 5024 ea
2406 4983 2525 5038 qua:
2566 4966 2805 5037 adjuugit
2846 4965 3019 5036 palam
3051 4966 3204 5020 nobis
3249 4965 3405 5029 facit,
3454 4982 3561 5036 quo
3602 4981 3769 5022 sensu

2179 5074 2373 5115 nomen
2404 5058 2652 5130 imaginis
2678 5058 2935 5129 posuerit.
2965 5055 3100 5125 Quid
3128 5056 3269 5110 enim
3311 5055 3478 5110 dicit?
3507 5055 3572 5109 Et
3601 5057 3770 5111 dolui-

2183 5161 2366 5206 nentur
2393 5149 2612 5222 piscibus
2639 5149 2795 5203 maris
2819 5190 2834 5215 ,
2879 5158 2928 5201 et
2954 5146 3238 5201 volatilibus
3266 5146 3378 5201 ειειὶ
3399 5188 3415 5213 ,
3461 5157 3508 5201 et
3536 5149 3771 5203 omnibus

2178 5242 2440 5315 reptilibus
2462 5241 2744 5312 repentibus
2766 5256 2917 5310 super
2943 5248 3149 5295 terram.
3177 5237 3458 5309 Imaginem
3483 5253 3612 5309 ergo
3632 5238 3769 5295 dixit

2178 5334 2472 5391 secundum
2505 5333 2859 5403 principatum
2888 5341 2943 5387 et
2970 5331 3262 5386 dominium
3289 5371 3305 5397 ,
3332 5346 3439 5386 non
3469 5330 3764 5389 secundum

2177 5428 2318 5484 aliud
2350 5426 2620 5498 quidpiam
2648 5445 2662 5481 :
2690 5424 2889 5480 ctenim
2920 5423 3062 5479 Deus
3106 5422 3230 5478 fecit
3262 5423 3533 5479 hominem
3567 5423 3765 5493 princi~

2180 5534 2300 5590 pem
2328 5517 2566 5574 omnium
2595 5532 2714 5587 qum
2743 5524 2870 5571 sunt
2894 5530 3057 5585 super
3088 5525 3285 5573 terram
3304 5555 3322 5582 ,
3361 5527 3416 5571 et
3446 5514 3576 5570 nihil
3604 5530 3769 5585 super

2177 5619 2376 5666 terram
2409 5608 2628 5663 homine
2656 5606 2830 5676 majus
2868 5616 2951 5663 est
2971 5647 2987 5672 ,
3031 5604 3126 5662 scd
3155 5605 3333 5661 omnia
3361 5605 3464 5662 sub
3507 5614 3767 5677 petcstate

2177 5698 2323 5754 illius
2343 5707 2487 5753 sont.

2247 5793 2301 5845 4.
2341 5790 2494 5856 Quod
2544 5789 2591 5844 si
2639 5798 2759 5860 post
2805 5797 3004 5844 tantam
3055 5787 3318 5843 dictorum
3367 5785 3767 5842 accurationcm

2178 5880 2350 5938 adhuc
2379 5897 2443 5937 ca
2470 5881 2610 5937 dicta
2639 5895 2758 5939 esse
2801 5879 3130 5937 contendant
3173 5878 3241 5935 de
3285 5878 3470 5936 fornice
3515 5877 3763 5948 imagine.
