4144 6420
346 305 409 362 13
1415 294 1480 353 ΙΝ
1519 297 1672 354 CAP.
1712 299 1752 355 ι.
1795 295 1967 355 GENE

2088 293 2316 352 llOSllL.
2359 295 2492 352 Vill.
3567 305 3640 362 ’Μ

345 421 582 473 dicemus
609 417 692 473 eis
723 435 736 473 :
781 416 943 486 igitur
973 413 1116 469 Deus
1159 427 1266 468 non
1312 411 1482 466 solum
1528 412 1690 466 homo
1713 453 1728 478 ,
1758 409 1852 466 sed
1883 419 1939 465 et

349 509 540 564 mulier
564 509 710 573 erit;
757 509 880 576 quia
908 504 1150 559 eamdem
1199 505 1420 558 formam
1453 513 1675 572 uterque
1721 503 1939 556 habent.

351 599 545 654 Verum
582 597 690 652 hoc
731 595 1020 651 absurdum
1062 602 1224 648 esset.
1256 591 1395 647 Audi
1439 592 1580 646 enim
1611 591 1830 646 Paulum
1859 591 1939 645 di-

347 699 600 745 centem:
638 687 732 741 Vir
773 687 905 741 enim
951 701 1052 739 non
1082 683 1222 737 debet
1268 684 1434 737 velare
1469 691 1655 752 caput,
1696 682 1864 751 imago
1892 688 1943 734 et

350 781 519 852 gloria
565 779 660 832 Dei
700 779 945 832 exsistens
991 790 1011 829 :
1057 775 1238 828 mulier
1288 783 1457 827 autem
1518 773 1681 844 gloria
1725 771 1822 824 viri
1871 780 1943 824 est

354 873 450 942 (l.
484 869 603 923 Cor.
641 869 730 923 ll.
774 868 864 936 7).
897 865 989 920 Vir
1035 865 1179 920 enim
1226 865 1490 934 imperat,
1534 863 1726 918 mulier
1764 871 1944 916 autem

355 961 594 1030 subjecta
625 969 746 1014 est:
779 957 916 1012 sicut
943 966 998 1011 et
1023 956 1165 1011 Deus
1209 955 1276 1009 ab
1321 954 1473 1008 initio
1499 953 1566 1007 ad
1609 968 1726 1007 eam
1771 952 1941 1006 dixit:

354 1053 438 1107 Ad
467 1053 630 1105 virum
654 1059 797 1103 tuum
825 1049 1083 1102 conversio
1111 1057 1197 1101 tua
1221 1089 1236 1113 ,
1279 1055 1326 1101 et
1350 1047 1460 1116 ipse
1486 1045 1574 1098 tibi
1602 1043 1947 1098 dominabitur

356 1143 512 1202 (Gen.
542 1143 594 1197 3.
626 1141 738 1210 16).
766 1140 899 1207 Quia
926 1141 1067 1194 enim
1095 1137 1388 1194 secundum
1419 1136 1682 1190 rationem
1725 1131 1947 1188 dominii

352 1235 424 1288 ad
453 1233 737 1302 imaginem
775 1231 944 1286 factus
973 1240 1056 1286 est
1075 1271 1091 1298 ,
1120 1245 1228 1284 non
1259 1229 1326 1284 ad
1359 1231 1583 1282 formam
1605 1269 1618 1294 ,
1661 1227 1745 1282 vir
1767 1234 1947 1281 autem

356 1324 666 1378 dominatur
711 1322 997 1388 omnibus,
1030 1321 1225 1375 mulier
1251 1334 1382 1374 vero
1425 1318 1663 1387 subjecta
1708 1326 1791 1372 est
1819 1335 1832 1370 :
1865 1316 1946 1370 id-

354 1415 502 1468 circo
530 1413 659 1467 dicit
697 1412 765 1468 de
789 1413 904 1466 viro
935 1412 1160 1476 Paulus,
1196 1411 1336 1481 quod
1364 1412 1538 1480 imago
1581 1420 1633 1464 et
1659 1408 1824 1479 gloria
1853 1407 1950 1462 Dei

356 1506 470 1570 sit,
503 1504 698 1558 mulier
721 1513 898 1558 autem
938 1504 1106 1574 gloria
1135 1503 1253 1556 viri.
1294 1501 1446 1567 Quod
1495 1501 1541 1554 si
1571 1500 1638 1555 de
1670 1502 1837 1554 forma
1867 1498 1950 1552 vel

358 1599 531 1668 ﬁgura
581 1597 839 1661 dixisset,
889 1612 994 1650 non
1041 1597 1224 1666 utique
1269 1610 1332 1650 ea
1379 1593 1652 1648 divisisset
1697 1609 1711 1645 :
1761 1591 1950 1647 eadem

355 1689 505 1744 enim
538 1689 700 1759 ﬁgura
729 1697 813 1743 est
838 1687 936 1741 viri
965 1695 1020 1742 et
1059 1686 1320 1742 mulieris.
1353 1685 1542 1741 Vidisti
1575 1686 1785 1756 plenam
1816 1684 1954 1739 veri-

361 1781 572 1835 tatem?
619 1779 888 1849 quomodo
919 1780 1120 1833 nullum
1157 1777 1484 1832 delensionis
1510 1786 1828 1845 prtctextum
1867 1790 1954 1829 re-

359 1876 558 1944 linquit
602 1875 666 1928 iis
694 1875 786 1944 qui
833 1875 1029 1928 frustra
1073 1871 1410 1941 impudentes
1452 1883 1573 1926 esse
1598 1868 1827 1922 volunt?
1857 1866 1956 1922 Ve-

359 1974 668 2020 rumtamen
697 1965 858 2020 etiam
892 1964 995 2018 illis
1023 1964 1094 2017 ita
1125 1977 1183 2018 se
1210 1962 1526 2016 habentibus
1546 2002 1559 2024 ,
1588 1975 1658 2015 ne
1681 1971 1956 2014 cessemus

364 2073 560 2127 magna
589 2073 709 2111 cum
739 2057 959 2111 lenitate
987 2071 1108 2110 cum
1140 2055 1269 2126 ipsis
1298 2068 1476 2124 agere,
1507 2052 1567 2108 Si
1595 2056 1722 2123 forte
1744 2051 1824 2104 det
1853 2050 1956 2104 illis

367 2149 510 2203 Deus
543 2149 881 2214 paenitentiam
915 2147 983 2200 ad
1007 2148 1315 2218 agnitionem
1357 2145 1579 2199 veritatis
1612 2143 1702 2214 (2.
1736 2141 1868 2198 Tim.
1899 2141 1954 2196 2.

363 2241 436 2295 25
462 2243 504 2309 ).
537 2240 613 2294 Ne
642 2254 768 2309 ergo
791 2248 1177 2308 torpescamus,
1207 2237 1252 2292 si
1280 2251 1386 2307 quo
1414 2245 1569 2306 pacto
1601 2251 1694 2304 per
1719 2249 1958 2288 mansue-

373 2331 578 2385 tudinis
608 2331 838 2384 studium
872 2328 1137 2398 possimus
1177 2329 1321 2399 ipsos
1350 2329 1558 2397 eripere
1588 2343 1618 2381 a
1644 2326 1962 2394 deceptione

369 2421 607 2485 diaboli;
637 2431 709 2485 et,
737 2422 780 2475 si
811 2421 1005 2490 placet,
1035 2420 1364 2474 adducamus
1387 2420 1579 2473 iterum
1605 2419 1715 2472 illis
1744 2417 1962 2472 beatum

370 2514 618 2579 Paulum,
643 2513 735 2582 qui
758 2512 1175 2567 Atheniensibus
1200 2511 1278 2566 sic
1303 2510 1513 2565 dicebat
1538 2528 1553 2565 :
1581 2509 1702 2563 Non
1729 2509 1963 2563 debemus

371 2605 663 2657 existimare
693 2619 820 2656 auro
840 2645 856 2667 ,
885 2603 962 2656 vel
987 2613 1192 2673 argento
1217 2643 1230 2665 ,
1263 2602 1340 2654 vel
1366 2601 1558 2671 lapidi,
1588 2600 1667 2654 vel
1693 2602 1966 2670 sculptura:

374 2698 505 2748 artis
535 2695 612 2748 vel
641 2695 936 2748 inventionis
983 2694 1200 2747 hominis
1229 2691 1432 2746 Numen
1479 2708 1585 2746 esse
1612 2692 1774 2744 simile
1807 2691 1960 2762 (Act.

375 2788 468 2842 ΓΙ.
510 2785 579 2840 29
598 2787 641 2857 ).
689 2785 880 2839 Vidisti
929 2793 1126 2854 quanta
1173 2784 1442 2854 diligentia
1488 2797 1702 2838 omnem
1753 2783 1963 2835 illorum

373 2892 615 2933 errorem
661 2877 876 2947 sapiens
919 2876 1172 2947 magister
1211 2874 1606 2944 amputaverit?
1647 2873 1763 2928 Non
1795 2873 1964 2927 solum

375 2968 524 3023 enim
571 2983 604 3023 a
646 2967 911 3037 corporali
956 2975 1082 3037 typo
1125 2966 1357 3021 alienum
1411 2965 1539 3019 dicit
1579 2964 1784 3018 Nmncn
1811 3006 1826 3030 ,
1873 2962 1967 3018 sed

378 3073 558 3128 neque
587 3058 710 3129 quid
737 3059 912 3113 simile
944 3072 1100 3128 posse
1129 3056 1362 3110 humana
1404 3055 1724 3124 cogitatione
1765 3053 1964 3124 efﬁngi.

378 3149 760 3222 ﬂarcsubinde
801 3150 908 3204 illis
947 3147 1186 3203 dicentes
1209 3188 1223 3212 ,
1260 3146 1392 3200 nihil
1419 3146 1560 3216 quod
1590 3161 1754 3216 penes
1782 3161 1876 3200 vos
1902 3146 1971 3199 sit

378 3239 625 3310 proferre
669 3239 1056 3304 intermittatis,
1106 3238 1151 3292 si
1197 3237 1332 3291 forte
1374 3236 1596 3301 cedant,
1641 3236 1685 3290 si
1729 3233 1864 3288 forte
1903 3235 1970 3288 ad

380 3332 663 3386 veritatem
691 3330 961 3400 respicere
990 3328 1176 3384 velint.
1204 3327 1469 3382 Caeterum
1515 3335 1572 3381 ut
1610 3326 1678 3380 ab
1708 3324 1971 3380 benevola

383 3425 598 3478 illorum
642 3421 995 3477 instructione
1023 3421 1176 3477 vobis
1206 3418 1572 3476 desistendum
1602 3434 1708 3473 non
1751 3427 1866 3485 est,
1899 3418 1971 3472 ita

382 3529 518 3581 oro,
561 3524 615 3568 ut
658 3515 906 3584 dogmata
951 3513 1310 3569 ecclesiastica
1357 3511 1526 3581 probe
1569 3511 1792 3566 teneatis
1817 3550 1832 3576 ,
1865 3524 1972 3564 non

381 3606 774 3661 confundentes
813 3606 1076 3661 dictorum
1104 3603 1538 3676 consequentiam
1559 3645 1574 3668 ,
1604 3603 1698 3658 sed
1728 3618 1849 3657 cum
1880 3601 1976 3657 Ju-

383 3700 520 3754 dacis
550 3709 606 3753 ut
634 3707 844 3768 oportet
873 3697 1138 3768 disputate
1157 3736 1172 3762 ,
1213 3711 1276 3752 ac
1300 3696 1693 3760 demonstrate,
1728 3693 1844 3749 haec
1870 3708 1974 3748 non

384 3805 507 3845 esse
537 3789 677 3845 dicta
703 3791 952 3859 cuiquam
973 3806 1039 3845 ex
1063 3787 1393 3843 administris
1414 3785 1716 3852 virtutibus,
1739 3785 1833 3840 sed
1862 3785 1978 3839 uni-

382 3883 566 3952 genito
595 3883 688 3937 Dei
733 3882 908 3948 Filio;
957 3880 1171 3936 Arianis
1209 3893 1421 3950 quoque
1467 3878 1590 3933 hinc
1633 3893 1826 3948 parem
1858 3876 1977 3931 Filii

383 3991 510 4029 eum
543 3975 698 4030 Patre
726 3975 1035 4044 dignitatem
1072 3973 1338 4037 indicate;
1372 3970 1468 4027 sed
1493 3979 1547 4026 et
1575 3971 1638 4025 iis
1667 3971 1758 4041 qui
1785 3969 1978 4024 huma-

388 4082 514 4119 nam
548 4066 766 4120 formam
789 4066 1035 4121 Numinis
1062 4065 1441 4136 imaginantur,
1463 4061 1636 4116 allatis
1663 4061 1714 4114 in
1744 4060 1978 4114 medium

389 4157 458 4211 iis
484 4173 602 4226 qua:
632 4173 661 4210 a
691 4157 845 4211 beato
873 4156 1036 4211 Paulo
1077 4163 1202 4211 sunt
1229 4155 1400 4220 dicta,
1434 4153 1649 4208 evellite
1679 4167 1772 4222 per
1799 4151 1984 4205 Eccle-

389 4248 486 4302 sia:
531 4247 778 4317 dOgmata
822 4248 1152 4318 perniciosos
1189 4245 1406 4301 morbos
1450 4247 1616 4299 instar
1657 4243 1980 4298 zizaniorum

389 4340 749 4412 pullulantes,
793 4353 1117 4410 operamque
1159 4337 1280 4393 date
1319 4346 1376 4392 ut
1415 4337 1499 4408 pia
1540 4337 1779 4391 doctrina
1820 4337 1873 4391 in
1904 4335 1984 4390 eis

391 4432 666 4500 plantctur
689 4439 743 4486 et
772 4431 1073 4486 roboretur.
1104 4430 1240 4486 Volo
1278 4430 1419 4486 enim
1443 4471 1458 4495 ,
1490 4437 1546 4485 et
1585 4443 1774 4499 precor
1797 4441 1984 4482 omnes

390 4537 491 4576 vos
518 4522 570 4575 in
597 4521 874 4577 doctorum
897 4523 1086 4577 ordine
1110 4537 1229 4577 esse
1255 4539 1268 4576 :
1297 4530 1352 4577 et
1377 4537 1486 4577 non
1513 4521 1684 4576 solum
1713 4520 1985 4576 auditores

395 4623 707 4667 nostrorum
745 4627 866 4668 esse
909 4628 1256 4676 sermonum,
1297 4612 1393 4667 sed
1437 4621 1492 4666 et
1535 4612 1654 4666 aliis
1685 4610 1984 4665 doctrinam

396 4712 636 4757 nostram
671 4702 891 4771 aﬁ‘erre,
925 4705 1226 4773 piscarique
1252 4713 1492 4758 errantes
1514 4743 1531 4770 ,
1564 4712 1622 4757 ut
1650 4704 1701 4758 in
1730 4704 1868 4757 viam
1896 4717 1986 4757 re-

396 4795 565 4848 deant
592 4796 852 4861 veritatis,
887 4796 1026 4851 sicut
1051 4804 1105 4850 et
1132 4795 1329 4851 Paulus
1360 4795 1531 4864 inquit
1563 4813 1574 4847 :
1604 4793 1747 4849 Unus
1772 4795 1989 4848 alterunt

395 4887 616 4953 a'di/icet
643 4886 722 4958 (ι.
750 4885 922 4940 Thess.
949 4887 1002 4942 5.
1032 4888 1092 4943 Η
1121 4888 1138 4957 )
1163 4905 1176 4949 ;
1212 4895 1287 4950 et,
1329 4885 1455 4941 Cum
1500 4888 1678 4940 timore
1704 4895 1749 4940 et
1778 4895 1992 4939 tremore

397 4977 616 5031 salutem
645 4987 860 5031 vestram
882 4979 1158 5047 aperemini
1181 4976 1444 5047 (Philipp.
1471 4976 1526 5031 2.
1558 4976 1669 5048 12).
1697 4977 1785 5031 Sic
1805 4975 1993 5030 Eccle-

395 5070 479 5124 sia
506 5069 663 5124 nobis
688 5069 1023 5124 multitudine
1050 5071 1348 5140 augebitur,
1373 5079 1427 5125 et
1446 5083 1542 5123 vos
1563 5070 1776 5123 uberius
1805 5083 1994 5136 super-

395 5179 466 5218 na
498 5164 744 5218 fruemini
778 5165 985 5234 gratia,
1017 5179 1260 5234 Inagnam
1305 5163 1665 5217 membrorum
1691 5170 1990 5217 vestrorum

397 5271 586 5310 curam
619 5255 898 5311 habentes.

475 5349 529 5402 5.
572 5346 758 5418 Neque
809 5348 953 5402 enim
999 5348 1137 5402 Deus
1178 5347 1292 5401 vult
1321 5355 1381 5401 ut
1425 5344 1760 5402 Christianus
1816 5346 1995 5416 seipso

398 5449 607 5493 tantum
634 5446 919 5492 contentus
949 5437 1038 5502 sit,
1064 5438 1159 5494 sed
1203 5446 1260 5492 ut
1304 5438 1441 5492 alios
1485 5438 1712 5492 aediﬁcet
1751 5451 1857 5492 non
1903 5452 1999 5506 per

396 5532 701 5585 doctrinam
729 5531 928 5597 stilum,
959 5530 1054 5586 sed
1085 5540 1138 5585 et
1181 5545 1276 5600 per
1316 5531 1501 5598 vitam,
1535 5539 1588 5586 et
1612 5531 1858 5586 versandi
1908 5547 1996 5584 ra-

396 5625 622 5677 tionem.
655 5621 797 5676 Nihil
835 5623 980 5676 enim
1021 5623 1098 5677 sic
1141 5623 1194 5677 in
1237 5623 1478 5678 veritatis
1515 5624 1654 5677 viam
1682 5623 1913 5685 inducit,
1943 5632 2001 5677 ut

396 5715 678 5785 integritas
709 5716 831 5770 vita:
864 5731 879 5771 :
909 5729 1030 5769 nam
1060 5728 1232 5785 neque
1273 5723 1380 5770 tam
1405 5729 1468 5770 ea
1496 5715 1838 5773 considerant
1878 5735 1996 5793 qua:

2055 425 2084 464 a
2113 411 2267 464 nobis
2288 409 2558 478 dicuntur,
2601 426 2759 482 quam
2791 429 2908 483 qua:
2947 428 2977 468 a
3018 415 3170 470 nobis
3205 427 3450 488 aguntur.
3482 419 3551 475 Et
3583 432 3643 477 ut

2049 500 2188 554 scias
2217 516 2332 555 rem
2363 501 2432 556 ita
2461 516 2521 557 se
2547 500 2748 560 habere
2793 505 2959 577 (licet
2988 509 3284 563 sexcenties
3314 510 3494 566 verbis
3521 522 3642 566 tan-

2051 600 2162 645 tum
2195 592 2656 664 philosophemur,
2685 605 2740 652 et
2764 597 2832 654 de
2857 598 3168 668 injuriarum
3186 603 3452 659 oblivione
3467 605 3640 660 disse-

2048 695 2250 747 ramus,
2271 697 2335 736 ac
2354 698 2476 739 cum
2510 694 2718 756 tempus
2763 686 3013 754 adfuerit,
3067 706 3183 744 eam
3231 694 3481 761 operibus
3531 711 3640 750 non

2049 772 2503 841 demonstremus,
2533 793 2638 831 non
2667 787 2870 834 tantum
2913 781 3208 851 proderunt
3247 785 3405 838 verba
3429 827 3443 851 ,
3471 801 3644 856 quan-

2052 871 2164 916 tum
2193 864 2462 920 nocebunt
2485 882 2677 936 opera;
2703 869 2785 923 sin
2819 880 2942 924 ante
2983 880 3037 924 et
3067 882 3184 940 post
3224 876 3384 929 verba
3419 891 3642 949 operum

2050 957 2320 1025 specimen
2352 957 2773 1027 exhibuerimus,
2809 962 2912 1017 fide
2945 963 3089 1032 digni
3129 963 3496 1032 habebimur‘,
3521 984 3643 1022 cum

2051 1048 2456 1104 admonebimus
2476 1051 2609 1104 alios
2629 1051 2697 1106 de
2728 1053 2791 1107 iis
2818 1069 2935 1123 qua:
2955 1069 3050 1122 per
3078 1071 3239 1125 Opera
3268 1057 3646 1125 adimplemus,

2051 1139 2174 1207 quia
2205 1149 2260 1193 et
2284 1139 2528 1196 Christus
2546 1142 2850 1212 hujusmodi
2882 1146 3125 1200 homines
3166 1147 3352 1208 beatos
3368 1148 3534 1214 dixit,
3572 1149 3650 1202 in-

2053 1230 2242 1298 quiens
2275 1230 2493 1287 :Beatus
2513 1235 2599 1303 qui
2625 1235 2816 1303 fecerit,
2849 1245 2896 1289 et
2924 1237 3148 1290 docuerit
3171 1238 3386 1308 (Matth.
3414 1242 3468 1295 5.
3503 1243 3568 1298 l9
3592 1247 3606 1309 )
3631 1261 3649 1299 :

2054 1319 2176 1375 vide
2223 1323 2493 1390 quomodo
2523 1340 2660 1393 opus
2691 1328 3075 1395 prmposuerit,
3107 1338 3161 1381 et
3207 1339 3390 1398 postea
3433 1332 3638 1386 doctri-

2057 1425 2202 1464 nam.
2236 1413 2447 1466 Atenim
2489 1418 2822 1484 praecedente
2849 1433 3033 1486 opere,
3064 1421 3268 1474 etiamsi
3317 1437 3420 1476 non
3449 1437 3648 1492 sequa-

2060 1511 2144 1555 tur
2167 1502 2429 1569 doctrina,
2461 1503 2737 1560 sufﬁciunt
2759 1523 2921 1576 opera
2968 1509 3081 1577 ipsa
3121 1511 3291 1578 magis
3338 1527 3496 1580 quam
3542 1513 3645 1565 ulla

2057 1607 2160 1645 vox
2190 1592 2254 1646 ad
2285 1593 2583 1648 docendum
2611 1610 2704 1650 eos
2727 1598 2816 1666 qui
2849 1598 2902 1651 in
2932 1613 3030 1651 nos
3053 1601 3360 1668 respiciunt.

2132 1681 2347 1737 Moralis
2372 1685 2654 1739 exhortatio
2680 1687 2748 1739 ad
2772 1703 2942 1740 verum
2955 1689 3230 1759 jejunium.
3263 1721 3334 1730 -—
3364 1691 3475 1746 Hoc
3494 1692 3654 1762 igitur

2060 1773 2260 1843 ubique
2287 1775 2656 1843 observemus,
2681 1786 2740 1832 ut
2766 1779 2913 1847 prius
2939 1781 3195 1849 operibus
3231 1783 3522 1836 doceamus
3549 1825 3562 1847 ,
3599 1794 3654 1837 et

2062 1874 2245 1934 pOstea
2286 1869 2625 1922 sermonibus
2660 1887 2672 1922 :
2705 1878 2762 1923 ut
2789 1886 2857 1924 ne
2883 1879 2938 1925 et
2968 1888 3065 1925 nos
3095 1872 3375 1928 audiamus
3417 1889 3447 1926 a
3499 1876 3656 1929 beato

2062 1955 2229 2010 Paulo
2263 1977 2276 2012 :
2305 1955 2385 2010 Tu
2411 1960 2499 2028 qui
2523 1960 2671 2014 doces
2699 1960 2881 2028 alium,
2915 1963 3129 2033 teipsum
3159 1981 3260 2018 non
3285 1967 3434 2020 doces
3463 1967 3652 2038 (Rom.

2061 2047 2115 2100 2.
2143 2047 2276 2117 2t)?
2303 2049 2514 2104 Etcum
2545 2051 2791 2106 volumus
2813 2053 3108 2109 admonere
3156 2055 3340 2120 alium,
3371 2067 3428 2110 ut
3457 2059 3657 2128 aliquid

2062 2154 2128 2194 ex
2157 2141 2219 2194 iis
2235 2156 2355 2210 qua:
2386 2143 2690 2196 necessaria
2739 2153 2864 2197 sunt
2918 2143 3138 2211 efﬁciat,
3174 2145 3320 2214 prius
3347 2146 3660 2201 Studeamus

2065 2240 2121 2286 et
2145 2247 2243 2286 nos
2272 2232 2375 2288 hoc
2397 2233 2571 2302 ipsum
2599 2249 2760 2304 agere
2784 2275 2799 2299 ,
2837 2250 2942 2304 quo
2973 2237 3128 2290 nobis
3167 2247 3222 2290 et
3275 2237 3448 2305 major
3474 2239 3542 2292 sit
3576 2239 3658 2292 lo-

2066 2325 2262 2392 quendi
2293 2339 2355 2379 ac
2382 2325 2609 2380 docendi
2630 2325 2845 2394 ﬁducia,
2879 2335 2934 2381 et
2976 2328 3152 2382 omnis
3193 2336 3375 2381 nostra
3421 2344 3548 2383 cura
3593 2331 3663 2384 sit

2067 2415 2134 2468 de
2160 2415 2460 2471 animarum
2488 2417 2660 2472 salute
2679 2459 2694 2483 ,
2725 2427 2778 2472 et
2805 2418 3072 2487 quomodo
3096 2421 3389 2488 poterimus
3419 2420 3665 2474 lascivias

2068 2507 2247 2561 carnis
2278 2507 2580 2576 refrenare,
2634 2519 2704 2571 ut
2737 2524 2923 2564 verum
2964 2509 3313 2565 exhibeamus
3359 2511 3618 2580 jejunium
3647 2531 3664 2579 ς

2065 2597 2330 2667 jejunium
2367 2607 2546 2653 autem
2597 2599 2740 2665 dico,
2773 2599 3150 2653 abstinentiam
3190 2615 3221 2654 a
3268 2601 3431 2656 vitiis.
3458 2602 3666 2657 Etenim

2071 2688 2392 2744 abstinentia
2419 2703 2449 2744 a
2471 2689 2606 2744 cibis
2632 2700 2851 2760 propter
2881 2691 2983 2745 hoc
3011 2702 3228 2760 recepta
3257 2700 3338 2746 est
3357 2733 3373 2758 ,
3418 2701 3475 2746 ut
3513 2693 3664 2762 vigo-

2071 2795 2185 2834 rem
2212 2780 2389 2834 carnis
2413 2781 2687 2846 refrenet,
2716 2791 2770 2835 et
2795 2797 2990 2852 equum
3021 2783 3245 2837 docilem
3277 2783 3485 2839 reddat.
3517 2783 3670 2857 Jeju-

2072 2880 2290 2924 nuntem
2322 2879 2446 2925 ante
2470 2872 2648 2926 omnia
2676 2880 2888 2940 oportet
2918 2873 3048 2926 iram
3080 2871 3292 2926 frenare
3319 2915 3334 2939 ,
3363 2887 3669 2930 mansuetu-

2073 2961 2252 3015 dinem
2283 2970 2337 3016 et
2369 2960 2640 3015 lenitatem
2666 2962 2965 3028 addiscere,
2989 2977 3086 3016 cor
3112 2962 3310 3018 habere
3346 2965 3670 3034 contritum,

2074 3050 2335 3106 absurdas
2357 3051 2822 3119 concupiscentias
2849 3053 3113 3121 repellere
3132 3093 3149 3120 ,
3181 3063 3306 3108 ante
3332 3055 3516 3108 oculos
3537 3071 3669 3110 con-

2078 3132 2459 3200 tinuohabere
2485 3144 2700 3199 oculum
2741 3145 2889 3199 illum
2928 3160 3219 3215 numquam
3270 3145 3671 3218 dormitantem,

2077 3245 2132 3290 et
2157 3236 2388 3291 tribunal
2438 3235 2568 3291 illud
2622 3237 3026 3308 incorruptum;
3077 3239 3316 3306 pecuniis
3339 3241 3671 3309 superiorem

2077 3340 2219 3390 esse,
2250 3326 2634 3398 liberalemqne
2678 3327 2964 3382 admodum
3002 3329 3052 3382 in
3084 3328 3259 3384 danda
3308 3331 3671 3400 eleemosyna,

2079 3417 2371 3486 nequitiam
2401 3433 2613 3473 omnem
2636 3419 2893 3474 adversus
2921 3421 3218 3491 proximum
3259 3437 3324 3478 ex
3373 3424 3554 3477 animo
3580 3425 3678 3479 eli-

2081 3508 2308 3562 minare.
2339 3507 2452 3562 Hoc
2483 3525 2670 3563 verum
2709 3509 2970 3579 jejunium
3001 3518 3115 3578 est,
3163 3511 3301 3566 sicut
3331 3522 3385 3567 et
3420 3513 3582 3571 Isaias
3609 3530 3678 3570 ex

2082 3614 2312 3669 persona
2343 3599 2436 3654 Dei
2457 3601 2706 3670 loquens,
2735 3601 2905 3657 dicit:
2943 3600 3064 3655 Non
3092 3602 3186 3656 hoc
3224 3603 3481 3673 jejunium
3525 3605 3674 3675 elegi,

2082 3691 2205 3744 dicit
2235 3688 2508 3744 Dominus.
2554 3689 2678 3746 Non
2717 3693 2760 3744 si
2800 3700 3034 3762 torqueas
3066 3702 3120 3745 ut
3147 3693 3393 3749 circulum
3441 3697 3679 3751 cerricem

2085 3792 2244 3848 tuam,
2268 3793 2314 3837 et
2335 3799 2538 3837 saccum
2563 3794 2610 3837 et
2638 3785 2854 3839 cinerem
2879 3786 3167 3842 substernas
3190 3828 3204 3854 ,
3259 3805 3420 3857 neque
3439 3791 3510 3842 sic
3535 3805 3684 3842 voca-

2086 3874 2200 3927 bitis
2219 3874 2476 3944 jejunium
2504 3883 2786 3944 acceptum,
2818 3876 2940 3929 dicit
2962 3876 3212 3932 Dominus
3240 3877 3258 3951 (
3283 3877 3409 3933 Isai.
3455 3880 3544 3934 58.
3572 3881 3605 3934 5
3633 3880 3676 3949 ).

2085 3963 2214 4031 Sed,
2234 3965 2427 4034 quale?
2452 3965 2560 4020 dic.
2587 3966 2762 4034 Solve,
2786 3966 2976 4036 inquit,
2995 3969 3324 4038 obligationes
3352 3971 3683 4029 violentorum

2088 4065 2461 4125 contractarum,
2516 4060 2696 4128 frange
2726 4061 2965 4112 esurienti
3004 4077 3186 4129 panem
3214 4071 3374 4125 tuum,
3409 4080 3683 4133 pauperem

2088 4151 2276 4217 absque
2302 4159 2428 4204 tecto
2445 4151 2598 4203 induc
2624 4152 2676 4204 in
2698 4153 2904 4206 domum
2930 4163 3088 4206 tuam.
3136 4154 3202 4208 Et
3230 4157 3273 4209 si
3306 4157 3420 4210 haec
3457 4157 3645 4212 feceris
3665 4201 3681 4225 ,

2088 4241 2282 4310 inquit,
2314 4240 2455 4295 Tunc
2474 4253 2701 4312 erumpet
2727 4245 2974 4300 matutina
3001 4245 3094 4299 tua:
3122 4257 3231 4314 tua,
3254 4257 3299 4302 ιι
3323 4250 3564 4304 sanitates
3589 4263 3688 4306 tum

2089 4335 2256 4390 statim
2280 4335 2503 4388 orientur
2521 4335 2626 4405 (Ib.
2654 4352 2702 4389 v.
2730 4337 2890 4406 6—8.)

2164 4429 2218 4485 6.
2259 4427 2472 4496 Vidisti,
2509 4429 2723 4496 dilecte,
2760 4431 2919 4500 quale
2946 4431 3015 4484 sit
3041 4446 3225 4489 verum
3247 4432 3543 4501 jejunium?
3578 4435 3689 4491 lloc

2093 4535 2460 4588 exerceamus,
2487 4531 2540 4576 et
2567 4537 2672 4576 non
2707 4531 2765 4576 ut
2804 4522 3045 4593 plerique
3074 4525 3444 4580 existimemus
3480 4525 3690 4582 definiri

2093 4613 2149 4668 in
2176 4613 2575 4684 hocjejunium,
2599 4615 2643 4669 si
2670 4613 2738 4670 ad
2759 4629 3036 4684 vesperam
3059 4631 3227 4686 usque
3269 4617 3526 4687 impransi
3574 4635 3688 4672 Ιιιτιο

2096 4720 2338 4760 neamus.
2368 4705 2484 4760 Non
2505 4705 2607 4760 hoc
2631 4715 2715 4760 est
2737 4706 2878 4777 quod
2894 4706 3168 4777 quaeritur,
3195 4709 3288 4762 sed
3315 4717 3372 4764 ut
3393 4724 3511 4763 cum
3538 4709 3688 4762 cibo-

2097 4813 2218 4852 rum
2243 4796 2569 4853 abstinentia
2599 4805 2654 4852 et
2697 4811 2728 4850 a
2750 4799 2963 4852 ueteris
2992 4797 3325 4852 abstineatur
3349 4814 3468 4867 qua:
3495 4812 3690 4852 nocere

2098 4903 2342 4960 possunt,
2371 4899 2426 4946 et
2449 4891 2804 4961 spiritualium
2834 4905 3057 4960 operum
3084 4905 3328 4959 magnam
3370 4904 3553 4944 curam
3592 4890 3690 4943 ha-

2098 4983 2339 5039 beamus.
2367 4980 2705 5052 Jejunantem
2732 4997 2851 5038 esse
2871 4990 3080 5054 oportet
3101 4982 3410 5046 demissum,
3425 4982 3692 5052 quietum,

2100 5077 2305 5141 mitem,
2327 5075 2606 5142 humilem,
2655 5075 2840 5146 glorias
2893 5075 3050 5144 hujus
3077 5075 3198 5129 vita:
3239 5085 3685 5145 contemptorem.

2100 5167 2237 5223 Nam
2263 5169 2401 5223 sicut
2420 5168 2613 5222 anima:
2637 5183 2749 5223 suae
2777 5182 2960 5222 curam
2984 5166 3260 5236 despexit,
3287 5167 3358 5220 ita
3389 5176 3445 5222 et
3475 5168 3690 5225 inanem

2102 5260 2326 5330 gloriam
2346 5259 2626 5329 despicere
2678 5265 2912 5328 oportet,
2961 5266 3016 5314 et
3062 5258 3129 5312 ad
3174 5258 3320 5311 illum
3372 5259 3547 5315 solum
3602 5277 3693 5331 qm

2104 5359 2372 5407 scrutatur
2397 5351 2557 5407 corda
2586 5360 2641 5406 et
2684 5364 2840 5406 renes
2870 5349 2892 5424 (
2923 5349 3068 5405 Psal.
3108 5349 3162 5403 7.
3194 5349 3260 5404 10
3293 5350 3311 5419 )
3342 5391 3357 5416 ,
3399 5349 3688 5420 respicere,

2105 5459 2408 5514 magnoque
2459 5442 2637 5497 studio
2683 5455 2874 5512 preces
2929 5449 2982 5496 et
3027 5439 3398 5496 confessiones
3445 5441 3697 5496 emittere

2108 5539 2241 5605 Deo,
2265 5547 2320 5592 et
2349 5537 2812 5608 eleemosynarum
2843 5534 3040 5589 auxilio
3065 5548 3164 5603 pro
3209 5533 3410 5588 viribus
3455 5534 3691 5604 scipsum

2113 5723 2124 5732 .
2176 5663 2355 5732 lunare,
2377 5661 2958 5732 ﬁdedignihabebimur,
2981 5665 3243 5732 o’tﬁto'ma‘t'm
3266 5667 3486 5730 ἐσόμεθα,
3510 5667 3691 5716 desunt

2112 5725 2161 5773 in
2192 5725 2386 5786 Morel.,
2406 5727 2493 5773 sed
2522 5725 2573 5774 in
2597 5725 2710 5775 aliis
2730 5725 2959 5777 omnibus
2983 5727 3242 5778 habentur.

3698 5855 3724 5867 Α
