4144 6430
460 283 525 335 75
1199 270 1260 326 S.
1299 265 1574 324 JOANNIS
1601 260 1813 319 CllRYi
1826 252 2057 313 OSTOM‘;

2165 251 2447 327 neuter,
2470 253 3003 311 consramrxor.
3686 262 3757 318 re

447 390 803 459 juvare.lloc
831 389 995 454 enim,
1055 384 1155 439 |.oc
1195 381 1503 437 mandatum
1547 376 1778 433 maxime
1821 371 1962 426 valet
1984 367 2048 422 ad

463 483 724 540 abolenda
753 486 964 552 peccata
991 486 1171 533 nostra
1212 473 1413 537 omnia,
1438 481 1490 526 ct
1511 469 1578 524 ad
1620 465 1929 537 eripiendos
1954 476 2050 517 nos

464 595 531 631 ex
556 577 814 647 gehennae
863 571 983 640 igne
1015 570 1056 635 ¹,
1088 567 1246 622 modo
1271 566 1444 636 ipsum
1486 560 1808 620 liberaliter,
1854 564 1904 610 et
1947 568 2052 647 non

465 666 533 719 ad
561 643 995 719 vostentatiouetn
1040 657 1316 713 hominum
1386 665 1759 722 exsequamur.
1808 647 1875 701 Et
1927 643 2055 714 quid

465 757 608 821 dico,
642 770 746 808 non
774 753 842 808 ad
882 749 1337 806 ostentationem?
1363 746 1493 801 Nam
1531 744 1576 800 si
1619 751 1765 796 recte
1790 738 2047 808 sapimus,

465 848 534 901 ob
559 847 661 900 hoc
692 845 865 900 solum
891 842 1030 914 quod
1062 840 1199 896 bona
1248 853 1336 895 res
1388 836 1488 901 sit,
1518 847 1572 891 et
1598 834 1667 888 ob
1708 830 2053 887 commisera-

462 941 667 993 tionem
697 938 749 990 in
780 936 1069 1006 proximos,
1101 933 1353 988 virtutem
1397 928 1534 983 hanc
1557 940 1809 981 exercere
1838 929 2055 990 oporte-

468 1031 568 1095 bit,
602 1044 706 1084 non
734 1027 806 1082 ob
853 1025 1144 1096 promissas
1185 1037 1215 1076 a
1258 1021 1482 1075 Domino
1523 1014 1818 1071 mercedes.
1852 1013 2051 1068 Verum

469 1121 684 1193 quando
710 1120 773 1174 ad
800 1119 929 1173 nihil
976 1118 1204 1172 sublime
1233 1121 1463 1169 mentem
1493 1109 1742 1165 attollere
1772 1106 2009 1162 valemus
2031 1144 2049 1171 ,

466 1213 551 1265 vcl
579 1210 648 1265 ob
668 1209 797 1265 illud
827 1210 1002 1278 ipsum
1029 1205 1240 1275 benigni
1267 1205 1453 1268 simus,
1489 1201 1688 1255 nullam
1727 1198 1796 1252 ab
1820 1196 2054 1251 homini-

466 1303 564 1356 bus
594 1307 849 1356 venantes
870 1298 1118 1367 gloriam,
1146 1305 1205 1349 ut
1225 1310 1293 1349 ne
1315 1303 1366 1347 et
1388 1299 1632 1361 sumptus
1663 1289 1950 1353 faciamus,
1998 1294 2055 1342 et

467 1392 713 1447 mercede
762 1391 963 1461 pariter
993 1388 1289 1458 privemur.
1348 1384 1404 1440 Id
1452 1383 1596 1454 quod
1642 1398 1750 1436 non
1792 1381 1965 1435 solum
1996 1378 2052 1434 in

466 1485 832 1554 eleemosyna,
860 1480 955 1537 sed
984 1480 1034 1534 iu
1064 1493 1386 1548 unoquoque
1428 1476 1569 1531 bono
1596 1490 1759 1546 opere
1787 1471 2052 1544 Spit-ituali

464 1574 953 1640 attendendum,ut
975 1571 1108 1625 nihil
1153 1570 1220 1625 ad
1249 1568 1524 1624 hominum
1567 1565 1833 1636 prmconia
1885 1563 2057 1632 respi-

460 1668 669 1721 cientes
714 1664 972 1718 faciamus
1004 1680 1018 1714 :
1047 1661 1283 1731 alioquin
1316 1660 1459 1713 nulla
1490 1657 1644 1712 nobis
1680 1657 1881 1711 utilitas
1927 1654 2051 1719 erit,

462 1761 578 1812 sive
594 1750 921 1826 jejunemus,
952 1755 1063 1808 sive
1092 1766 1389 1823 precemur,
1416 1750 1528 1805 sive
1546 1749 1915 1811 misereantur,
1939 1746 2056 1802 sive

462 1847 694 1917 quodvis
740 1842 882 1899 aliud
934 1842 1231 1908 faciamus,
1282 1840 1383 1895 nisi
1429 1848 1647 1910 propter
1687 1838 1837 1893 illum
1878 1837 2054 1893 solum

462 1941 616 2003 tiant,
649 1936 736 2006 qui
762 1936 909 1990 novit
954 1944 1006 1989 et
1054 1933 1387 1996 abscondita,
1439 1942 1492 1987 et
1535 1947 1655 2001 quin
1694 1931 1750 1985 in
1792 1928 2056 2000 profundo

459 2028 662 2081 mentis
691 2034 816 2079 sunt
844 2024 1140 2079 recondita.
1173 2022 1303 2076 Nam
1325 2023 1368 2077 si
1400 2022 1467 2075 ab
1497 2022 1591 2076 illo
1621 2021 1838 2091 praemia
1856 2034 2054 2089 exspe-

458 2126 597 2178 ctas,
630 2116 845 2179 dilecte,
875 2115 1028 2184 cujus
1062 2113 1236 2184 gratia
1267 2113 1335 2167 ab
1363 2111 1453 2166 illo
1491 2112 1579 2182 qui
1611 2118 1798 2165 natura
1845 2110 1939 2165 tibi
1965 2124 2057 2165 co-

461 2217 654 2277 gnatus
685 2217 788 2273 est,
813 2206 1019 2260 laudari
1058 2206 1178 2259 vis?
1207 2205 1347 2273 Quid
1375 2205 1496 2260 dico
1535 2204 1780 2261 laudari?
1827 2218 1972 2273 saepe
2008 2203 2056 2256 is

469 2315 574 2351 non
608 2297 808 2359 laudat,
836 2296 931 2351 sed
959 2305 1015 2351 et
1043 2296 1262 2351 invidet.
1287 2296 1422 2351 Sunt
1447 2297 1591 2351 enim
1623 2294 1775 2350 multi
1824 2296 1893 2349 ita
1918 2296 2056 2350 male

465 2390 663 2457 affecti,
689 2398 747 2444 ut
777 2398 832 2445 et
850 2405 912 2444 ea
940 2405 1060 2459 qure
1082 2389 1219 2444 bene
1239 2403 1269 2441 a
1299 2389 1452 2444 nobis
1480 2396 1729 2458 aguntur,
1760 2388 1813 2441 in
1842 2394 2055 2441 contra-

465 2483 607 2538 rium
639 2484 1072 2552 interpretentur.
1104 2479 1268 2551 Cujus
1294 2480 1454 2550 igitur
1466 2481 1656 2550 gratia,
1682 2480 1787 2545 die,
1810 2479 2054 2545 obsecro,

470 2586 780 2644 perversum
812 2572 1189 2643 bocjudicium
1218 2572 1349 2627 tanti
1379 2571 1546 2627 facis?
1594 2570 1887 2640 lnsopitum
1914 2570 2059 2624 enim

468 2674 523 2717 et
549 2673 804 2734 perpetuo
834 2665 1047 2735 vigilem
1078 2664 1224 2718 illum
1255 2664 1469 2719 oculum
1502 2662 1632 2717 nihil
1660 2678 1847 2718 eorum
1878 2677 1999 2733 qua:
2027 2675 2058 2717 a

469 2754 625 2810 nobis
654 2754 785 2810 fiunt
809 2756 979 2811 latere
1014 2764 1210 2825 potest,
1258 2761 1313 2810 et
1345 2762 1556 2824 oportet
1600 2753 1701 2807 hoc
1737 2754 2055 2823 cogitantes,

471 2853 618 2899 tanto
655 2845 834 2900 studio
868 2845 1029 2899 vitam
1057 2854 1296 2899 nostram
1342 2844 1647 2908 instituere,
1673 2843 1893 2913 perinde
1921 2858 1984 2897 ac
2012 2842 2059 2897 si

470 2937 753 3008 paulopost
777 2936 843 2991 de
864 2936 1111 2992 omnibus
1141 2935 1318 2991 verbis
1346 2943 1401 2990 et
1429 2935 1680 3003 operibus
1704 2942 1760 2989 et
1785 2934 2059 3004 cogitatio-

472 3031 629 3085 nibus
658 3029 921 3083 ratioucm
952 3025 1211 3082 reddituri
1257 3040 1517 3080 essemus.
1566 3024 1645 3081 Ne
1684 3025 1845 3094 igitur
1872 3025 2059 3079 salutis

472 3130 675 3175 nostra:
699 3126 1099 3186 contemptores
1147 3114 1334 3170 simus.
1383 3114 1524 3169 Nihil
1567 3114 1709 3169 enim
1753 3114 1934 3168 virtuti
1966 3129 2060 3184 par

471 3221 575 3276 est,
627 3210 928 3274 carissime,
953 3222 1070 3278 qua:
1105 3223 1204 3262 nos
1238 3215 1291 3263 et
1334 3207 1385 3261 iu
1418 3204 1597 3261 futuro
1644 3206 1841 3260 saeculo
1882 3222 1913 3260 e
1966 3221 2061 3275 ge-

475 3302 649 3354 henna
675 3300 852 3369 eripit,
886 3307 940 3352 et
965 3312 1132 3368 regno
1174 3297 1429 3352 ctelorum
1462 3297 1615 3351 nobis
1645 3295 1748 3351 frui
1790 3298 2056 3363 concedit,

471 3401 527 3444 et
570 3393 619 3445 in
666 3390 917 3460 praesenti
961 3403 1175 3460 quoque
1212 3388 1408 3442 sacculo
1453 3388 1703 3443 omnibus
1755 3388 2061 3459 superiores

475 3480 776 3547 constituit,
800 3480 891 3551 qui
934 3479 1090 3534 nobis
1124 3477 1243 3533 sine
1282 3492 1444 3533 causa
1488 3477 1839 3544 insidiantur,
1871 3486 1925 3533 et
1953 3493 2061 3533 non

472 3573 781 3628 hominibus
808 3571 1001 3637 solum,
1032 3569 1126 3624 sed
1153 3570 1315 3624 etiam
1342 3569 1677 3624 dmmonibus
1691 3577 1746 3624 et
1770 3569 1887 3640 ipso
1918 3568 2062 3625 salu-

472 3665 544 3717 tis
575 3670 770 3716 nostra:
796 3661 1010 3715 inimico
1031 3659 1242 3714 diabolo
1263 3658 1512 3714 fortiores
1540 3660 1722 3715 officit.
1743 3659 1880 3726 Quid
1904 3660 2063 3729 igitur

477 3755 555 3807 illi
580 3770 672 3824 par
698 3752 876 3817 fuerit,
906 3767 1024 3822 quae
1051 3767 1158 3805 non
1197 3752 1371 3806 solum
1415 3751 1720 3807 hominibus
1768 3752 2061 3808 insidianti-

476 3846 600 3911 bus,
632 3844 726 3900 sed
748 3853 803 3899 et
841 3842 1178 3899 dwmonibus
1205 3844 1510 3913 superiores
1538 3846 1624 3899 sui
1656 3844 1924 3901 studiosos
1952 3843 2064 3901 effi-

474 3937 586 3993 cit?
612 3937 788 3992 Virtus
816 3944 995 3990 autem
1020 3943 1124 4003 est,
1150 3934 1381 3990 humana
1414 3935 1592 3990 omnia
1634 3935 1911 4006 despicere
1933 3979 1948 4001 ,
1976 3935 2062 3992 fu-

473 4037 593 4081 tura
619 4026 842 4099 singulis
873 4025 1023 4081 horis
1068 4028 1305 4097 cogitare
1331 4068 1347 4094 ,
1377 4027 1541 4082 nullis
1573 4028 1933 4096 praesentibus
1973 4028 2059 4083 in-

475 4119 630 4174 hiare
674 4136 688 4171 :
732 4117 827 4173 sed
870 4118 1011 4173 scire
1057 4118 1240 4173 omnia
1286 4118 1515 4173 hmnana
1558 4119 1803 4174 umbram
1841 4134 1962 4176 esse
2008 4128 2064 4176 et

472 4210 766 4273 somnium,
794 4216 846 4262 et
875 4208 919 4261 si
950 4208 1076 4278 quid
1109 4208 1193 4262 bis
1220 4208 1395 4263 vilius.
1430 4210 1609 4264 Virtus
1656 4219 1774 4275 est,
1818 4226 1946 4282 erga
1977 4228 2063 4268 nc-

474 4300 621 4370 gutia
647 4299 804 4367 hujus
830 4299 952 4353 vita:
980 4314 1084 4353 non
1113 4300 1282 4369 magis
1307 4300 1469 4366 afﬁci,
1498 4317 1655 4371 quam
1694 4303 1924 4359 cadaver
1951 4304 2065 4360 afti-

476 4390 641 4455 citur,
665 4400 718 4444 et
740 4388 807 4443 ad
827 4403 891 4443 ea
917 4403 1037 4459 quae
1074 4389 1265 4444 animm
1298 4391 1523 4446 salutem
1575 4392 1896 4452 labefactum
1934 4411 2059 4467 pos-

479 4490 626 4547 sunt,
654 4479 805 4549 quasi
836 4487 1125 4547 mortuum,
1154 4479 1223 4533 ita
1245 4483 1575 4550 Operationis
1603 4496 1877 4553 expertem
1904 4504 2022 4543 esse
2040 4531 2060 4558 ,

485 4571 661 4625 vivere
687 4580 863 4623 autem
892 4579 944 4623 et
964 4571 1171 4640 operari
1197 4580 1397 4625 tantum
1423 4574 1562 4629 circa
1588 4578 1901 4646 spiritualia,
1926 4580 2065 4636 sicut

474 4671 529 4715 et
560 4661 754 4716 Paulus
782 4660 995 4715 dicebat
1022 4680 1038 4714 τ
1081 4659 1200 4715 Vivo
1222 4674 1425 4733 autem,
1428 4665 1543 4736 jam
1567 4683 1667 4720 non
1689 4684 1797 4737 ego,
1829 4670 1918 4723 sed
1947 4672 2060 4727 vivit

472 4756 533 4810 in
556 4771 634 4807 me
661 4751 888 4809 Christus
914 4754 931 4824 (
965 4752 1083 4808 Gal.
1105 4754 1158 4808 2.
1187 4755 1258 4809 20
1278 4755 1320 4826 ).
1348 4757 1601 4826 Proinde,
1627 4759 1981 4829 dilectissimi,
2008 4774 2057 4820 e'

480 4861 579 4903 nos
628 4855 895 4916 tamquam
948 4845 1216 4902 Christum
1257 4848 1425 4904 induti
1474 4853 1652 4909 omnia
1692 4851 1980 4923 faciamus,
2010 4867 2066 4913 et

470 4952 585 4993 non
608 4940 986 4996 contristamus
1014 4940 1268 5012 Spiritum
1317 4955 1580 5001 sanctum.
1633 4948 1857 5016 Quando
1905 4949 2064 5020 igitur

472 5032 763 5088 turbamur
791 5035 1293 5104 aconcupiscentia,
1340 5039 1425 5093 vel
1468 5039 1753 5096 affectione
1790 5043 2021 5099 absurda
2042 5085 2059 5113 ,

480 5128 568 5183 vel
587 5130 683 5195 ira,
713 5131 799 5185 vel
831 5131 1033 5199 furore,
1064 5131 1146 5186 vel
1199 5133 1424 5201 invidia,
1460 5137 1759 5206 cogitemus
1798 5155 1921 5193 cum
1967 5141 2060 5210 qui

478 5218 535 5272 in
561 5219 716 5273 nobis
738 5219 962 5285 habitat,
995 5231 1049 5276 et
1071 5224 1398 5294 cxpellamus
1420 5229 1607 5297 procul
1648 5245 1864 5286 omnem
1898 5234 2058 5288 talem

477 5308 877 5375 cogitationem.
914 5314 1274 5370 Rcvereamur
1296 5318 1625 5375 eminentem
1655 5322 1747 5376 Dei
1796 5324 2019 5392 gratiam
2040 5367 2058 5392 ,

480 5410 638 5463 quam
672 5397 823 5450 nobis
850 5401 1070 5470 largitus
1095 5415 1194 5470 est,
1217 5418 1271 5461 et
1298 5408 1634 5465 refrenemus
1663 5426 1852 5469 omnes
1881 5418 2060 5473 carnis

479 5485 808 5550 aﬂ'cctioncs,
842 5498 917 5553 ut,
947 5508 1066 5547 cum
1106 5497 1338 5568 legitime
1382 5502 1434 5556 in
1477 5503 1621 5560 brevi
1660 5505 1758 5561 bac
1803 5516 1857 5563 et
1888 5508 2062 5579 fragili

542 5639 561 5671 ί
590 5636 806 5709 possm,
830 5655 894 5693 ex
915 5647 1022 5709 igne
1039 5650 1433 5722 iuexatinguibili,
1466 5677 1570 5727 pro,
1595 5678 1660 5716 ex
1681 5668 1909 5731 gclmtna:
1932 5673 2041 5736 igne

2162 367 2267 419 vita
2296 368 2699 434 ecrtaverimus,
2729 382 2958 423 coronas
3002 366 3122 423 illas
3150 368 3373 425 eximias
3400 384 3760 442 assequamur

2159 457 2211 512 in
2240 456 2416 510 futuro
2442 457 2662 523 dieillo,
2693 457 2917 512 terribili
2947 458 3159 529 quidem
3188 462 3577 529 peccatoribus,
3605 463 3756 519 desi-

2158 546 2585 603 derabiliantcm
2637 549 2836 604 virtute
2888 549 3111 616 indutis,
3142 560 3198 606 et
3226 567 3528 607 mereamur
3569 554 3759 609 iueﬂ'a-

2158 638 2284 693 b'lia
2318 639 2405 693 illa
2433 638 2608 704 bona,
2639 640 2809 709 gratia
2861 650 2916 695 et
2962 640 3287 711 benignitate
3333 643 3540 698 Domini
3585 646 3754 699 nostri

2158 731 2286 787 Jesu
2308 732 2528 798 Christi,
2558 747 2680 787 cum
2712 747 2817 802 quo
2843 733 2913 787 sit
2942 733 3083 788 Patri
3099 741 3157 789 et
3175 734 3394 803 Spiritui
3422 747 3613 791 sancto
3637 739 3759 807 glo-

2160 822 2259 888 ria,
2294 824 2597 894 imperiutn,
2623 830 2815 891 honor,
2846 841 2986 882 nunc
3014 836 3070 881 et
3088 841 3304 897 semper
3329 869 3346 895 ,
3388 836 3444 884 et
3472 830 3525 883 in
3556 831 3756 885 saecula

2155 915 2505 971 saeculorum.
2536 917 2730 971 Amen.

2734 1024 3016 1081 HOMILIA
3057 1026 3149 1083 IX.

2158 1135 2239 1192 De
2260 1136 2324 1191 iis
2352 1152 2465 1207 qut:
2498 1148 2775 1208 sequuntur
2809 1139 2916 1193 lucc
2957 1138 3124 1206 verba,
3155 1138 3439 1199 Faciamus
3478 1145 3755 1203 hominem

2160 1248 2165 1257 ·
2228 1228 2525 1283 secundum
2559 1229 2844 1299 imaginem
2874 1240 3115 1286 nostram
3149 1250 3164 1287 :
3192 1243 3239 1287 et
3268 1236 3509 1290 adversus
3551 1254 3635 1291 eos
3665 1240 3758 1307 qui

2226 1320 2422 1386 dicunt,
2458 1319 2565 1374 Cur
2585 1321 2755 1376 bestite
2775 1322 2928 1392 facite
2953 1333 3090 1391 sunt,
3115 1333 3161 1378 et
3188 1326 3301 1395 quis
3327 1344 3447 1382 usus
3486 1331 3757 1384 errationis

2230 1414 2442 1466 earum?
2466 1411 2535 1466 Et
2560 1414 2697 1483 quod
2716 1415 2796 1469 uel
2824 1416 2899 1469 sic
2920 1418 3143 1471 maxime
3165 1418 3448 1473 declaretur
3468 1420 3631 1476 honor
3659 1424 3754 1476 Ito-

2228 1504 2357 1557 mini
2382 1504 2601 1574 habitus,
2629 1515 2780 1579 atque
2815 1505 3088 1574 ine/rabilis
3127 1507 3229 1563 Dei
3255 1528 3375 1582 erga
3400 1511 3569 1582 ipsum
3597 1515 3753 1569 bene-

2226 1594 2466 1648 uolentia.

2233 1708 2285 1762 Ι.
2328 1708 2590 1779 Agricola:
2640 1707 3019 1779 studiosiores,
3049 1726 3176 1769 cum
3221 1715 3414 1785 pingue
3443 1716 3673 1774 viderint
3698 1729 3758 1783 et

2159 1799 2483 1870 profundum
2500 1816 2708 1867 arvum,
2731 1802 2948 1874 largiter
2962 1806 3166 1860 semina
3183 1818 3458 1878 spargunt,
3479 1825 3757 1882 magnam-

2160 1906 2264 1961 que
2290 1898 2343 1945 ct
2365 1891 2634 1948 assiduam
2660 1892 2985 1965 diligentiam
3011 1896 3348 1963 adhibentes,
3382 1902 3621 1973 quotidie
3657 1918 3759 1967 es-

2163 1982 2393 2051 plorant,
2426 1998 2553 2037 num
2582 1984 2719 2039 forte
2743 1985 2934 2042 alicubi
2960 1987 3049 2054 sit,
3072 1988 3213 2057 quod
3236 1992 3401 2061 segeti
3448 2008 3668 2062 nocere,
3697 2005 3755 2051 et

2159 2072 2398 2127 laborem
2436 2088 2595 2143 quem
2625 2077 3247 2146 susceperuntinutilcm
3295 2083 3464 2152 possit
3502 2084 3748 2141 reddere.

2161 2161 2333 2217 Simili
2361 2163 2521 2218 modo
2541 2173 2596 2219 et
2626 2180 2723 2221 nos
2743 2167 3018 2236 spirituale
3045 2168 3370 2225 desiderium
3401 2182 3636 2228 vestrum
3657 2217 3674 2242 ,
3697 2183 3758 2231 et

2162 2253 2349 2325 ingens
2374 2254 2621 2311 audiendi
2641 2257 2873 2313 studium
2905 2258 3168 2329 videntes,
3197 2277 3416 2333 operam
3461 2264 3654 2322 damus
3693 2277 3756 2323 ut

2163 2347 2399 2418 quotidie
2422 2349 2715 2411 sententias
2735 2350 2991 2420 quasdam
3018 2351 3212 2408 divina:
3246 2353 3536 2424 Scriptura:
3556 2368 3755 2415 vestrae

2163 2438 2331 2491 menti
2374 2431 2671 2494 inseramus
2692 2480 2709 2507 ,
2737 2439 2996 2511 vobisque
3022 2442 3187 2496 etiam
3219 2442 3515 2499 indicemus
3544 2461 3605 2501 ea
3629 2463 3756 2517 qua:

2162 2528 2422 2595 spirituali
2448 2529 2636 2584 semini
2666 2530 2821 2585 noxia
2852 2545 2970 2586 esse
2995 2542 3237 2600 possunt,
3268 2549 3337 2590 ne
3363 2534 3498 2591 forte
3523 2538 3757 2593 circum-

2163 2621 2468 2687 veniamiui,
2500 2637 2634 2678 neve
2661 2637 2788 2678 sana
2811 2623 3066 2681 doctrina:
3084 2626 3330 2697 dogmata
3360 2628 3756 2687 labefactentur

2165 2727 2262 2781 per
2307 2714 2659 2784 quorumdam
2705 2714 2976 2782 conatum,
3013 2720 3105 2788 qui
3148 2720 3405 2777 Ecclesiae
3433 2725 3755 2793 placitorum

2164 2802 2281 2858 loco
2307 2804 2567 2859 ratiocinii
2590 2807 2671 2860 sui
2695 2807 2941 2878 figmenta
2965 2810 3217 2868 inducere
3242 2821 3470 2869 tentant.
3504 2813 3756 2875 Vestrum

2166 2904 2344 2950 autem
2369 2896 2552 2965 fuerit,
2577 2898 2819 2969 deposita
2861 2902 3086 2971 posthac
3129 2904 3414 2976 diligenter
3451 2923 3670 2965 servare
3700 2922 3758 2967 et

2167 2987 2318 3042 firma
2367 2991 2623 3045 memoria
2672 2994 2963 3059 custodire,
3017 3007 3076 3050 ut
3116 2996 3322 3054 facilius
3370 3007 3426 3055 et
3476 3005 3756 3072 smuentia

2166 3080 2420 3148 consequi
2456 3081 2694 3151 possitis.
2746 3084 2881 3139 Nam
2936 3086 3041 3141 nisi
3086 3094 3253 3145 nunc‘
3280 3090 3347 3146 ad
3406 3092 3754 3162 profundiore

2166 3167 2562 3243 Scripturarum
2586 3186 2741 3227 sensa
2772 3189 2872 3230 nos
2896 3174 3356 3249 descenderimus,
3383 3191 3440 3239 et
3469 3200 3562 3239 vos
3592 3201 3749 3241 men-

2167 3266 2274 3315 tem
2297 3270 2525 3316 vestram
2543 3266 2938 3335 eoaplaveritis,
2968 3269 3180 3338 quando
3198 3270 3387 3342 jejuuii
3412 3284 3622 3346 tempus
3645 3288 3753 3343 est,

2166 3351 2380 3421 quando
2400 3353 2466 3408 ad
2495 3354 2784 3411 natandum
2807 3359 3043 3414 membra
3073 3371 3255 3418 nostra
3284 3376 3411 3420 sunt
3424 3366 3578 3433 levia,
3604 3384 3759 3425 men~

2166 3442 2237 3496 tis
2260 3452 2437 3498 autem
2463 3445 2647 3500 oculus
2672 3448 3095 3521 acutior,utpote
3115 3468 3221 3510 non
3244 3456 3761 3518 turbatusdamnoso

2166 3537 2456 3607 voluptatis
2487 3539 2632 3595 fluxu
2657 3559 2671 3607 ;
2702 3543 2925 3612 spiritus
2945 3560 3179 3616 quoque,
3209 3562 3278 3603 ne
3303 3548 3593 3605 sutl'ocetur
3612 3593 3630 3619 ,
3654 3568 3758 3607 ex-

2169 3627 2399 3698 peditior
2457 3649 2471 3684 :
2530 3632 2871 3702 quandonam
2930 3637 3212 3693 commode
3288 3640 3582 3708 poterimus
3638 3641 3758 3698 tunc

2168 3719 2383 3776 facere?
2404 3738 2530 3777 num
2553 3723 2767 3794 quando
2786 3724 3023 3791 deliciae.
3068 3737 3123 3783 ct
3167 3729 3436 3799 ebrietas,
3463 3732 3761 3798 veracitas,

2168 3813 2409 3882 crapula,
2434 3824 2488 3868 et
2513 3815 2616 3869 alia
2657 3832 2775 3887 qua:
2815 3817 2940 3874 inde
2969 3832 3259 3875 nascuntur
3302 3823 3438 3879 mala
3482 3827 3758 3894 regnant?

2167 3902 2286 3957 Non
2321 3904 2530 3972 videtis,
2578 3922 2672 3963 eos
2714 3909 2803 3979 qui
2843 3909 2942 3965 hos
2967 3912 3232 3981 pretiosos
3268 3913 3475 3981 lapides
3512 3930 3578 3970 ex
3621 3916 3759 3971 mari

2167 3996 2400 4052 educere
2425 4008 2692 4068 qumrunt,
2725 4017 2832 4056 non
2853 4002 3044 4059 sedere
3078 4003 3228 4074 juxta
3257 4005 3404 4062 littus
3432 4008 3629 4075 maris,
3657 4007 3759 4062 llu-

2169 4098 2287 4144 ctus
2316 4101 2692 4157 numerantes;
2718 4092 2810 4148 sed
2831 4093 2884 4148 in
2904 4095 3229 4165 profundum
3266 4112 3326 4152 se
3369 4097 3670 4166 demittere,
3702 4111 3761 4156 et

2170 4190 2229 4235 ut
2245 4182 2315 4235 ita
2341 4181 2538 4252 dicam,
2565 4184 2716 4254 quasi
2737 4186 2790 4240 in
2809 4186 2953 4256 ipsos
2967 4188 3118 4243 sinus
3140 4188 3318 4259 abyssi
3343 4188 3756 4258 descendentes,

2168 4274 2381 4343 assequi
2428 4274 2571 4345 quod
2625 4284 2768 4331 tanta
2821 4292 2984 4347 opera
3032 4280 3358 4351 exquirunt?
3424 4282 3758 4354 Quamquam

2170 4365 2297 4434 quid
2323 4381 2530 4437 magna:
2556 4367 2797 4424 utilitatis
2824 4371 2944 4425 vita:
2974 4369 3097 4426 huic
3121 4372 3362 4430 attulerit
3382 4375 3597 4430 illorum
3626 4377 3757 4445 lapi~

2169 4456 2295 4510 dum
2319 4456 2594 4512 inventio?
2624 4457 2838 4514 Utinam
2886 4477 3015 4517 vero
3044 4477 3149 4519 non
3196 4464 3429 4535 ingentia
3454 4464 3649 4521 damna
3678 4469 3761 4522 in-

2173 4546 2392 4603 ferrent.
2425 4548 2559 4605 llinc
2581 4552 2725 4606 enim
2754 4552 3033 4609 innumera
3058 4566 3350 4611 nascuntur
3378 4558 3540 4623 tnala,
3576 4572 3642 4612 ex
3670 4556 3760 4612 in-

2170 4654 2304 4696 sano
2328 4655 2519 4710 nempe
2541 4643 2778 4711 pecunia:
2800 4660 2983 4700 amore
3008 4654 3061 4700 et
3086 4661 3151 4701 ex
3176 4646 3325 4703 rabie
3343 4648 3759 4718 circagemmas.

2175 4735 2420 4787 Attamen
2453 4734 2577 4790 licet
2628 4746 2772 4791 tanta
2813 4737 2935 4792 inde
2965 4748 3252 4793 nascantur
3287 4740 3424 4795 mala
3449 4749 3503 4796 et
3537 4738 3759 4805 datum,

2171 4829 2318 4882 nullo
2344 4828 2505 4882 modo
2525 4843 2717 4899 segnes
2731 4840 2855 4884 sunt
2881 4832 2915 4884 ii
2936 4830 3025 4901 qui
3043 4831 3147 4886 illis
3164 4841 3373 4899 vacant,
3400 4831 3493 4887 sed
3519 4832 3759 4902 pericula

2171 4921 2371 4977 adeunt
2419 4923 2762 4994 laboremque
2796 4925 3023 4979 multum
3073 4926 3393 4996 suscipiunt,
3429 4935 3487 4981 ut
3516 4927 3763 4982 invenire

2171 5016 2379 5087 possint
2410 5016 2460 5071 id
2484 5017 2625 5087 quod
2647 5028 2913 5087 quierunt.
2939 5018 2996 5072 In
3026 5018 3218 5074 divinis
3241 5027 3420 5074 autem
3440 5019 3757 5090 Scripturis,

2148 5098 2225 5162 ἐι
2251 5108 2301 5162 in
2331 5109 2700 5178 spiritualibus
2742 5118 2798 5165 et
2829 5110 3077 5180 pretiosis
3123 5111 3226 5166 illis
3265 5110 3553 5182 lapidibus,
3582 5127 3765 5181 neque

2172 5201 2466 5270 periculum
2498 5203 2757 5272 suspicari
2785 5202 2932 5268 licet,
2962 5218 3137 5273 neque
3152 5202 3349 5260 multus
3364 5213 3449 5259 est
3461 5203 3632 5266 labor,
3661 5203 3766 5259 sed

2170 5292 2374 5346 lucrum
2408 5292 2697 5357 ineﬂ‘abile.
2728 5294 2774 5349 si
2797 5308 2859 5350 ea
2890 5301 3098 5350 tantum
3123 5310 3243 5364 qua:
3271 5304 3457 5350 nostra
3483 5302 3606 5350 sunt
3634 5307 3764 5349 cum

2171 5382 2444 5438 alacritate
2472 5383 2776 5440 afferamus.

2245 5476 2423 5532 Gratia
2447 5480 2624 5548 qua'rit
2648 5495 2731 5535 eos
2756 5478 2843 5549 qui
2867 5494 2924 5533 se
2940 5478 3259 5550 suscipiant;
3280 5480 3440 5533 brevis
3482 5478 3765 5535 exhortatio

2172 5583 2218 5626 et
2243 5572 2579 5642 quorumdam
2617 5589 2681 5627 ea:
2716 5571 2866 5626 dictis
2899 5570 3485 5640 resumplio.——Gratia
3533 5581 3615 5625 est
3668 5586 3765 5638 pa-

2173 5673 2309 5731 rata,
2341 5680 2590 5736 quaerens
2614 5680 2709 5723 eos
2738 5665 2828 5736 qui
2864 5680 2924 5722 se
2963 5681 3088 5722 cum
3124 5664 3402 5721 alacritate
3444 5661 3764 5732 suscipiant.
