4144 6430
306 455 378 512 ’Π
1520 457 1586 515 ΙΝ
1623 457 1758 514 CAP
1795 453 1836 511 1.
1878 451 1919 511 G

2025 453 2123 511 ES.
2167 456 2395 516 HOMIL.
2441 460 2530 515 IX.
2853 452 2858 456 ’
3573 468 3640 524 78

320 569 401 630 Ita
426 571 576 629 enim
622 585 690 630 se
736 573 906 632 habet
933 573 1190 631 Dominus
1227 581 1411 628 noster
1442 588 1455 625 :
1485 571 1531 626 si
1575 569 1769 625 viderit
1813 569 1933 623 ani-

330 683 473 727 mam
498 669 724 740 vigilem
748 711 766 736 ,
801 678 858 725 et
903 667 1229 724 desiderium
1272 666 1516 732 fervens,
1545 673 1600 720 et
1643 664 1757 733 ipse
1811 675 1938 717 suas

335 761 545 816 divitias
575 760 821 832 largiter,
843 759 984 814 ultra
1011 759 1171 813 etiam
1193 771 1352 828 quam
1374 758 1600 828 petitum
1629 754 1720 822 sit,
1743 767 1938 824 suppe-

332 854 470 911 ditat
487 869 587 926 pro
616 868 712 908 sua
738 851 1150 922 magnificentia.

403 943 464 998 2.
507 944 630 998 Haec
657 943 821 1014 igitur
845 957 966 998 cum
987 942 1242 1008 sciamus,
1266 939 1616 1004 dilectissimi,
1638 937 1936 1009 purificatis

329 1035 747 1106 cogitationibus
771 1036 965 1090 vestris
985 1050 1013 1088 a
1039 1033 1386 1088 smeularibus
1414 1031 1658 1104 negotiis,
1677 1039 1732 1086 et
1751 1038 1934 1100 aperta

333 1125 533 1180 mentis
558 1133 750 1185 vestrae
774 1124 1083 1190 latitudine,
1129 1138 1319 1194 magna
1365 1123 1640 1179 alacritate
1675 1121 1932 1192 suscipite

331 1232 457 1288 quae
499 1231 530 1270 a
563 1217 774 1287 Spiritu
827 1227 1012 1272 saneto
1050 1216 1479 1286 suppeditantur,
1512 1225 1571 1270 ut
1608 1215 1747 1269 sicut
1791 1223 1933 1269 terra

331 1309 550 1382 pinguis
590 1318 647 1365 et
673 1308 824 1365 ferax
866 1309 1232 1380 multiplicetis
1272 1307 1578 1363 concredita
1610 1307 1813 1362 semina
1835 1348 1850 1370 ,
1879 1313 1934 1360 et

325 1403 542 1459 faciatis
591 1403 856 1471 fructum,
895 1403 1030 1458 alius
1083 1401 1298 1472 quidem
1353 1401 1745 1462 centesimum,
1795 1397 1932 1452 alius

326 1498 732 1568 sexagesimum
758 1537 775 1562 ,
807 1496 944 1551 alius
987 1496 1344 1566 trigesimum.
1395 1493 1635 1549 Audistis
1690 1492 1933 1561 superio-

327 1589 482 1643 ribus
506 1588 697 1642 diebus
727 1587 1050 1642 incﬁab‘ilem
1079 1587 1395 1656 sapientiam
1425 1584 1541 1656 ejus
1583 1584 1672 1655 qui
1701 1583 1929 1637 visibilia

322 1680 449 1736 lucc
497 1681 677 1735 omnia
730 1680 1004 1745 condidit,
1035 1688 1090 1734 et
1142 1677 1412 1749 quomodo
1449 1677 1617 1732 verbo
1663 1675 1836 1730 solum
1875 1682 1931 1729 et

326 1774 527 1842 placito
567 1774 745 1826 omnia
782 1771 1051 1842 produxit.
1079 1770 1230 1825 Dixit
1251 1771 1424 1834 enim,
1459 1768 1575 1822 Fiat
1599 1785 1617 1822 :
1649 1776 1703 1822 et
1728 1765 1927 1822 factum

327 1874 431 1930 est,
462 1865 748 1935 statimque
797 1865 1052 1935 producta
1101 1871 1228 1918 sunt
1283 1863 1463 1917 omnia
1500 1872 1596 1917 :et
1640 1861 1772 1916 satis
1827 1860 1928 1914 fuit

327 1958 549 2013 verbum
577 1960 645 2012 ad
667 1973 726 2013 ea
756 1973 876 2028 qum.
908 1957 1049 2012 facta
1075 1967 1199 2012 sunt
1227 1955 1633 2018 constituenda;
1663 1970 1767 2008 non
1789 1968 1925 2024 quo-

327 2051 469 2104 niam
499 2049 822 2119 simpliciter
846 2060 962 2103 erat
991 2048 1213 2104 verbum
1238 2090 1252 2115 ,
1285 2047 1381 2103 sed
1411 2047 1532 2117 quia
1558 2045 1778 2101 verbum
1807 2044 1922 2098 Dei.

324 2141 646 2196 meministis
676 2156 862 2195 eorum
890 2155 1009 2211 qua:
1025 2148 1160 2195 tunc
1185 2156 1214 2192 a
1244 2139 1400 2194 nobis
1419 2137 1772 2192 movebantur
1797 2149 1925 2190 con-

323 2246 402 2288 tra
433 2248 528 2288 eos
569 2233 660 2302 qui
684 2248 750 2288 ex
801 2232 1038 2303 subjecta
1069 2231 1288 2287 materia
1318 2247 1403 2286 res
1434 2229 1602 2284 factas
1643 2243 1764 2284 esse
1796 2243 1926 2282 con-

327 2325 572 2391 tendunt,
602 2334 657 2380 et
704 2325 757 2378 in
799 2325 1162 2379 ecclesiastica
1213 2323 1347 2377 scita
1387 2321 1550 2377 etiam
1597 2334 1694 2374 sua
1735 2318 1923 2374 deliria

325 2417 522 2472 inferre
561 2433 666 2472 non
710 2426 985 2472 verentur.
1016 2416 1286 2471 Didicistis
1325 2415 1480 2485 cujus
1519 2415 1689 2486 gratia
1733 2413 1922 2467 cadum

322 2513 538 2584 quidem
571 2513 886 2582 perlectum,
914 2520 1109 2567 terram
1136 2519 1313 2566 autem
1337 2509 1620 2564 informem
1651 2506 1921 2578 produxe-

321 2607 413 2660 rit.
448 2607 588 2658 Duas
639 2605 780 2658 enim
829 2614 955 2658 tunc
1000 2617 1190 2658 causas
1221 2602 1492 2656 diximus:
1523 2615 1721 2666 unam,
1752 2609 1812 2655 ut
1866 2598 1920 2654 in

321 2696 593 2752 elemento
617 2695 975 2766 prarstautiori
1001 2695 1291 2765 potentiam
1313 2693 1520 2748 Domini
1548 2700 1918 2762 agnoscentes,

317 2803 430 2841 non
462 2789 598 2841 ultra
642 2787 1035 2856 ambigeremus
1082 2794 1366 2841 censentes
1407 2793 1626 2856 prepter
1652 2783 1920 2852 impoten-

313 2882 453 2935 tiam
486 2881 614 2935 illud
642 2881 840 2934 factum
863 2894 983 2935 esse
1010 2897 1024 2934 :
1059 2879 1304 2946 alteram,
1331 2879 1455 2950 quia
1485 2888 1626 2934 terra
1655 2887 1828 2930 mater
1866 2882 1922 2930 et

321 2973 504 3028 nutrix
533 2982 713 3028 nostra
745 2971 884 3027 facta
910 2981 1028 3039 est,
1062 2981 1115 3027 et
1146 2987 1211 3027 ex
1235 2972 1347 3041 ipsa
1379 2970 1670 3040 poscimur,
1693 2969 1920 3038 aliisque

314 3066 575 3118 Oﬂllllblls
616 3060 840 3118 fru’hnur
870 3065 910 3128 ί,
934 3072 996 3119 et
1024 3063 1090 3118 ad
1116 3063 1293 3133 ipsam
1321 3062 1560 3117 redimus
1585 3079 1598 3114 :
1632 3061 1746 3129 ipsa
1775 3059 1916 3114 enim

318 3157 480 3212 nobis
503 3165 586 3211 est
615 3167 667 3212 et
694 3156 887 3226 patria,
915 3164 968 3211 et
1006 3155 1314 3226 sepulcrum
1345 3173 1358 3209 :
1396 3164 1452 3210 et
1492 3169 1560 3210 ne
1590 3155 1711 3224 quis
1754 3153 1916 3223 igitur

318 3250 390 3304 ob
432 3249 716 3303 utilitatem
758 3257 812 3303 et
846 3249 1224 3303 necessitatem
1253 3247 1393 3302 illius
1425 3245 1598 3316 majus
1624 3243 1824 3315 aliquid
1849 3242 1918 3299 de

319 3341 440 3410 ipsa
483 3341 698 3404 sentiat,
728 3339 965 3395 ostendit
992 3341 1161 3410 ipsam
1189 3338 1258 3394 ab
1285 3339 1438 3392 initio
1469 3337 1756 3392 informem
1782 3350 1912 3390 con-

317 3434 490 3488 ditam
517 3451 532 3487 :
561 3442 617 3486 ut
661 3433 971 3487 erudiamnr
999 3447 1095 3502 per
1122 3444 1209 3486 res
1232 3431 1405 3500 ipsas,
1435 3428 1687 3498 praedicta
1736 3427 1914 3481 omnia

318 3541 429 3579 non
460 3533 665 3578 natura:
693 3523 901 3578 telluris
929 3521 1282 3578 adscribenda
1303 3563 1318 3588 ,
1351 3519 1446 3574 sed
1469 3518 1776 3574 Conditoris
1808 3517 1917 3571 vir-

324 3619 446 3674 tnti.
480 3616 746 3671 Didicistis
774 3617 923 3682 item,
944 3613 1210 3686 quomodo
1231 3626 1487 3683 aquarum
1518 3609 1912 3680 separationcm

313 3710 532 3774 fecerit,
565 3707 824 3778 producto
843 3723 938 3776 per
959 3707 1257 3777 jussionem
1289 3718 1440 3759 suam
1470 3701 1664 3757 visibili
1686 3701 1794 3756 hoc
1818 3699 1914 3754 fir-

321 3813 601 3858 mamento
625 3818 639 3867 ;
665 3801 875 3856 vidistis
903 3799 1152 3854 animalia
1180 3797 1444 3865 viventia,
1483 3807 1538 3852 et
1559 3813 1621 3852 ex
1657 3806 1830 3861 terra,
1861 3804 1916 3851 et

315 3912 385 3950 ex
417 3910 556 3964 aqua
585 3894 747 3949 edita.
775 3893 1034 3948 Hzcc'non
1060 3891 1259 3961 absque
1280 3904 1436 3945 causa
1465 3897 1520 3944 et
1541 3897 1750 3944 temere
1773 3901 1914 3941 nunc

318 3985 534 4040 caritati
563 3993 754 4039 vestrae
795 3999 956 4054 cogor
981 3994 1224 4052 repetere
1257 3999 1271 4035 :
1304 3980 1494 4051 partim
1526 3987 1583 4033 ut
1607 3979 1910 4033 auditorum

319 4078 517 4132 animis
565 4077 678 4130 haec
719 4077 887 4146 magis
938 4074 1222 4140 insideant,
1247 4073 1438 4143 partim
1483 4081 1541 4125 ut
1579 4071 1642 4126 iis
1667 4073 1754 4140 qui
1785 4079 1914 4124 tunc

319 4184 431 4223 non
503 4167 722 4222 adfuere
788 4167 978 4221 idonea
1052 4166 1296 4219 doctrina
1352 4164 1630 4229 tradatur,
1672 4163 1914 4233 nihilque

319 4261 501 4314 damni
538 4260 776 4315 absentia
824 4275 916 4314 sua
964 4260 1221 4314 attulerit.
1272 4257 1407 4324 Quia
1457 4257 1718 4327 benignus
1762 4265 1915 4325 pater

319 4351 484 4404 etiam
525 4350 839 4405 absentibus
871 4350 993 4404 filiis
1021 4350 1271 4420 reliquias
1317 4363 1517 4403 mensa:
1558 4355 1827 4409 reservat.
1853 4354 1913 4400 ut

319 4458 444 4496 cum
472 4441 809 4508 advenerim,
839 4458 902 4498 ex
933 4453 1146 4496 servato
1171 4441 1390 4496 residuo
1433 4456 1584 4496 suam
1615 4440 1912 4495 absentiam

317 4533 694 4588 consolentur.
720 4532 875 4588 Unde
907 4544 961 4588 et
991 4549 1088 4588 nos
1113 4534 1352 4588 omnium
1383 4532 1473 4602 qui
1507 4533 1609 4587 huc
1639 4531 1914 4586 confluunt

313 4641 429 4680 non
461 4628 722 4680 minorem
760 4643 918 4698 quam
958 4629 1319 4683 membrorum
1367 4634 1678 4681 nostrorum
1727 4642 1910 4681 curam

315 4728 592 4788 gerentes,
611 4729 666 4773 et
696 4721 989 4789 profectum
1018 4729 1253 4775 vestrum
1276 4726 1514 4773 nostram
1545 4718 1914 4773 existimantes

314 4811 574 4878 gloriam,
601 4813 844 4880 cupimus
870 4827 1056 4866 omnes
1107 4810 1374 4881 perfectos
1417 4819 1472 4864 et
1512 4819 1913 4865 consummatos

319 4905 443 4959 fieri
473 4906 525 4958 in
556 4906 780 4974 gloriam
803 4906 917 4971 Dei,
947 4916 1002 4960 et
1031 4906 1241 4960 laudem
1273 4904 1562 4968 Ecclesiae,
1594 4913 1648 4958 et
1674 4914 1911 4958 nostram

317 4996 718 5064 gloriationem.
749 4997 829 5052 Ac
872 4998 970 5051 nisi
1011 4997 1294 5051 molestum
1335 5003 1419 5051 est
1441 5037 1455 5060 ,
1486 4995 1672 5065 paucis
1707 4995 1911 5049 caritati

317 5097 517 5141 vestrae
543 5087 791 5143 hesterna
811 5089 972 5143 etiam
1001 5088 1140 5142 dicta
1165 5089 1216 5142 in
1241 5086 1552 5142 memoriam
1575 5100 1908 5142 revocemus.

321 5179 548 5233 Vidistis
599 5189 796 5249 quanta
844 5179 1156 5234 diversitate
1189 5182 1348 5233 homo
1392 5186 1449 5233 et
1490 5187 1751 5233 creatura:
1795 5177 1913 5231 alia:

316 5270 523 5324 conditi
564 5279 690 5324 sunt
724 5289 738 5325 :
766 5271 991 5326 audistis
1016 5281 1216 5342 quanto
1243 5270 1448 5324 honore
1493 5271 1784 5340 principem
1819 5284 1916 5323 no-

319 5364 416 5416 stri
450 5364 663 5432 generis
691 5362 940 5433 dignatus
979 5365 1079 5425 sit,
1107 5372 1161 5417 et
1191 5363 1242 5416 in
1285 5363 1604 5418 formatione
1636 5363 1749 5433 ipsa
1789 5377 1916 5431 quo-

315 5453 484 5508 modo
533 5469 628 5523 per
656 5456 815 5509 verba
847 5455 1251 5524 dictionumque
1287 5455 1698 5509 crassitudinem
1730 5455 1912 5509 decla-

315 5546 453 5600 rarit
481 5545 743 5600 honorem
775 5545 1054 5602 formando
1083 5547 1447 5612 tribuendum,
1471 5546 1653 5600 dicens
1678 5564 1692 5600 :
1723 5543 1911 5598 Facia-

315 5655 427 5690 mns
453 5638 706 5691 hominem
727 5638 998 5691 secundant
1019 5639 1290 5709 imaginem
1311 5647 1555 5706 nostram,
1575 5648 1620 5692 et
1639 5638 1914 5692 secundum

313 5728 734 5782 similitudinem.
770 5727 1070 5794 DidiciStis,
1113 5727 1240 5799 quid
1286 5731 1356 5783 sit
1398 5728 1690 5784 Secundum
1728 5728 1911 5800 integi-

376 5934 392 5964 ⁶
429 5929 649 5990 Cnislin.,
674 5929 986 5992 omnibusque
1019 5932 1150 5982 bonis
1169 5927 1401 5995 fruimur.

2053 588 2187 633 nem,
2213 589 2406 644 nempe
2435 573 2574 644 quod
2613 589 2721 630 non
2775 577 2844 630 sit
2887 576 3202 633 substantia:
3245 578 3506 650 dignitas,
3538 584 3637 637 sed

2044 662 2267 720 dominii
2295 665 2610 731 similitudo,
2640 675 2695 723 et
2721 669 2863 739 quod
2895 685 2999 724 non
3023 672 3314 726 secundum
3348 673 3630 745 imaginem

2043 754 2252 822 formae,
2272 757 2366 812 sed
2391 758 2688 814 secundum
2719 760 2980 816 rationem
3003 761 3223 817 dominii
3251 762 3444 819 dixerit
3468 783 3480 818 :
3515 767 3636 820 ideo

2042 856 2097 902 et
2131 848 2368 903 subdidit
2401 869 2414 904 :
2447 846 2515 904 Et
2549 850 2872 907 dominentur
2900 853 3120 924 piscibus
3157 857 3346 918 maris.
3370 869 3416 912 et
3455 861 3634 913 uolati-

2041 939 2172 993 libus
2201 940 2338 1005 caeli,
2373 952 2418 996 et
2445 941 2615 998 bestiis
2645 954 2692 998 et
2720 945 2986 1016 reptilibus
3012 956 3179 1003 terrm.

2111 1032 2165 1085 5.
2210 1030 2436 1103 Objectio
2463 1035 2726 1104 gentilium
2770 1037 2998 1092 solvitur.
3025 1038 3322 1095 —Verum
3364 1041 3452 1097 hic
3495 1059 3631 1114 gen-

2041 1125 2162 1179 tiles
2191 1125 2242 1179 in
2271 1141 2368 1180 nos
2395 1127 2696 1198 insurgunt,
2727 1138 2780 1184 et
2800 1129 2984 1186 dicunt
3013 1150 3028 1186 :
3057 1130 3406 1204 Compertum
3432 1146 3514 1191 est
3534 1137 3636 1192 hoc

2039 1230 2146 1270 non
2175 1233 2296 1272 esse
2320 1233 2507 1272 verum
2541 1237 2553 1271 :
2586 1235 2692 1274 non
2719 1222 2864 1276 enim
2893 1223 3234 1280 dominamur
3264 1226 3413 1292 feris,
3443 1242 3635 1298 quem-

2036 1308 2324 1362 admodum
2354 1311 2620 1380 pollicitus
2651 1322 2757 1377 est,
2791 1314 2884 1368 sed
2923 1317 3050 1384 ipsa:
3095 1315 3256 1372 nobis
3292 1319 3486 1387 potius.
3520 1319 3633 1373 lino

2037 1415 2144 1454 non
2172 1416 2359 1455 verum
2384 1413 2468 1457 cst
2494 1404 2635 1473 quod
2672 1406 2725 1458 hi
2763 1407 3039 1474 objiciunt.
3069 1407 3201 1463 Nam
3235 1425 3359 1464 mox
3391 1422 3444 1464 ut
3470 1427 3632 1480 appa-

2033 1493 2204 1546 ruerit
2229 1493 2411 1559 homo,
2446 1495 2570 1549 ferte
2613 1497 2790 1566 fugam
2833 1499 3047 1553 faciunt.
3083 1500 3235 1568 Quod
3273 1502 3318 1556 si
3343 1499 3629 1573 aliquando

2035 1585 2117 1638 vel
2149 1585 2290 1640 fame
2322 1595 2564 1656 urgente,
2595 1589 2676 1643 vel
2703 1590 2856 1644 nobis
2883 1591 3001 1646 illas
3025 1591 3438 1660 lacessentibus,
3464 1596 3627 1650 aheis

2031 1677 2286 1731 damnum
2309 1679 2654 1746 accipiamus,
2680 1679 2781 1735 hoc
2808 1698 2914 1737 non
2941 1683 3001 1737 fit
3027 1683 3149 1739 ideo
3170 1685 3310 1755 quod
3333 1685 3438 1740 illis
3459 1687 3511 1741 in
3533 1702 3630 1742 nos

2031 1768 2100 1821 sit
2123 1768 2423 1838 imperium,
2455 1771 2550 1826 sed
2581 1772 2650 1826 ob
2689 1773 2901 1843 culpam
2932 1784 3193 1830 nostram.
3227 1777 3358 1831 Nam
3389 1793 3508 1833 cum
3551 1779 3628 1833 la-

2033 1869 2216 1915 trones
2242 1877 2340 1916 nos
2374 1863 2664 1926 invadunt,
2694 1865 2739 1918 si
2769 1881 2872 1920 non
2901 1867 3254 1938 negligamus,
3284 1869 3377 1924 sed
3411 1870 3462 1923 in
3507 1872 3626 1925 illos

2029 1966 2176 2006 arma
2209 1967 2508 2020 sumamus,
2536 1955 2587 2008 id
2626 1971 2731 2011 non
2764 1957 2885 2012 ideo
2917 1958 3010 2025 ﬁt,
3052 1959 3194 2029 quod
3238 1961 3520 2030 imperium
3570 1962 3624 2016 in

2030 2057 2127 2097 nos
2151 2044 2446 2110 obtineant,
2475 2047 2570 2102 sed
2600 2047 2740 2117 quod
2783 2056 2982 2104 nostra:
3017 2051 3178 2104 saluti
3209 2051 3620 2120 prospiciamus.

2027 2135 2324 2191 Audiamus
2349 2147 2527 2192 autem
2576 2139 2789 2194 interim
2837 2155 2956 2211 quae
3001 2141 3112 2195 sint
3153 2123 3623 2197 dicta.Faciamus

2029 2228 2281 2280 hominem
2333 2229 2608 2283 secundum
2650 2231 2920 2301 imaginem
2963 2240 3217 2299 nostram,
3251 2243 3297 2287 et
3344 2235 3622 2287 secundum

2023 2319 2430 2374 similitudinem.
2462 2321 2614 2376 Sicut
2640 2321 2927 2392 Imaginem
2954 2324 3091 2379 dixit
3119 2324 3190 2380 ob
3217 2325 3428 2395 imperii
3461 2327 3624 2381 ratio-

2027 2427 2150 2468 nem
2175 2454 2188 2474 .
2227 2413 2298 2466 ita
2343 2422 2398 2467 et
2443 2414 2860 2482 Similitudinem,
2893 2426 2948 2472 ut
2990 2431 3088 2487 pro
3129 2418 3334 2473 viribus
3374 2418 3622 2474 humanis

2024 2505 2232 2560 similes
2260 2506 2450 2562 fiamus
2480 2508 2612 2574 Deo,
2644 2511 3077 2576 mansuetudine,
3111 2513 3350 2580 inquam,
3379 2512 3619 2576 lenitate,

2024 2605 2082 2651 et
2125 2598 2339 2653 virtutis
2395 2600 2605 2654 ratione
2661 2601 2772 2655 Deo
2825 2603 3031 2656 similes
3083 2602 3413 2667 efﬁciamur;
3457 2612 3518 2657 ut
3567 2615 3624 2658 et

2024 2689 2268 2744 Christus
2293 2689 2423 2745 dicit
2451 2709 2464 2744 :
2496 2690 2704 2746 Similes
2729 2702 2884 2746 estote
2928 2691 3077 2746 Patri
3126 2705 3308 2758 vestro,
3333 2694 3420 2763 qui
3456 2704 3530 2748 est
3565 2696 3620 2748 in

2020 2781 2162 2834 cretis
2187 2780 2403 2851 (Matth.
2429 2782 2480 2836 5.
2505 2781 2619 2854 45).
2640 2783 2771 2837 Nam
2794 2784 3246 2854 quemadmodum
3271 2787 3322 2840 in
3347 2793 3486 2840 terra
3518 2785 3618 2841 hac

2019 2874 2258 2942 spatiosa
2287 2883 2342 2929 et
2368 2875 2472 2929 lata
2517 2875 2871 2930 animantium
2920 2877 3023 2930 alia
3064 2877 3427 2932 mansuetiora
3460 2887 3614 2939 sunt,

2022 2966 2126 3020 alia
2153 2964 2436 3031 ferociora,
2471 2967 2544 3021 ita
2571 2967 2623 3022 in
2655 2967 2938 3023 latitudine
2968 2969 3161 3022 anima:
3190 2978 3385 3023 nostra:
3413 2969 3616 3038 cogita-

2026 3057 2232 3113 tionum
2272 3057 2392 3113 alia:
2439 3069 2564 3114 sunt
2612 3059 3090 3114 irrationabiliores
3132 3071 3186 3114 et
3233 3060 3300 3114 ad
3352 3060 3617 3130 pecudum

2023 3165 2230 3206 morem
2273 3153 2616 3220 accedentes,
2658 3155 2778 3209 alia:
2829 3154 3118 3210 ferociores
3169 3163 3224 3209 et
3270 3155 3614 3224 agrestiorcs.

2026 3243 2318 3299 Domandae
2339 3246 2507 3316 igitur
2533 3246 2638 3301 illa:
2681 3255 2822 3310 Stmt,
2853 3255 2908 3302 et
2937 3246 3162 3301 rationis
3204 3247 3432 3316 imperio
3479 3247 3620 3302 subi-

2021 3337 2229 3407 gendaa.
2259 3337 2325 3391 Et
2379 3337 2649 3407 quomodo
2696 3339 2816 3405 quis
2863 3339 3243 3407 cogitationem
3294 3338 3612 3392 ferociorem

2020 3429 2370 3501 compescat?
2391 3431 2528 3496 Quid
2555 3430 2710 3494 dicis,
2735 3431 2945 3502 homo?
2975 3431 3181 3485 Leones
3208 3445 3542 3499 superamus,
3561 3443 3616 3483 et

2016 3525 2231 3578 animos
2258 3538 2445 3578 eorum
2483 3532 2794 3578 mansuetos
2824 3523 3077 3577 facimus:
3111 3532 3165 3576 et
3205 3521 3416 3576 dubitas
3436 3563 3452 3588 ,
3484 3537 3612 3579 num

2020 3618 2184 3672 animi
2201 3616 2458 3673 ferociam
2483 3617 2535 3671 in
2560 3616 3026 3671 mansuetudinem
3057 3624 3264 3670 mutare
3287 3614 3493 3684 possis?
3512 3617 3611 3668 At—

2019 3710 2111 3781 qui
2160 3718 2347 3765 natura
2390 3709 2575 3765 bestia:
2621 3710 2826 3764 feroces
2853 3717 3012 3775 sunt,
3041 3718 3095 3762 et
3135 3718 3330 3777 praeter
3366 3717 3611 3761 naturam

2021 3814 2316 3860 mansueta:
2345 3821 2358 3856 :
2392 3813 2578 3858 contra
2611 3812 2665 3856 tu
2696 3813 2884 3857 natura
2923 3803 3102 3868 ruitis,
3135 3813 3328 3872 prmter
3363 3812 3608 3856 naturam

2019 3905 2196 3949 autem
2232 3894 2401 3950 ferox.
2437 3896 2520 3949 An
2557 3902 2646 3960 tu,
2675 3895 2765 3964 qui
2805 3895 2992 3949 bestiis
3025 3893 3076 3946 id
3119 3893 3261 3962 quod
3309 3902 3496 3946 natura
3530 3893 3609 3947 eis

2022 3987 2162 4041 inest
2191 3986 2424 4050 auferre,
2455 3997 2509 4040 et
2538 3987 2677 4056 quod
2704 4001 2890 4040 eorum
2918 3994 3119 4039 natura:
3146 3986 3427 4040 adversum
3463 3986 3609 4039 insc-

2020 4095 2138 4133 rere
2160 4087 2334 4147 potes,
2365 4077 2418 4130 id
2449 4077 2589 4146 quod
2619 4085 2803 4130 natura
2843 4077 2936 4129 tibi
2965 4077 3210 4144 praestitit
3233 4117 3251 4142 ,
3285 4089 3610 4130 conservare

2020 4187 2126 4224 non
2167 4169 2361 4240 potes?
2388 4167 2456 4222 Et
2497 4177 2746 4237 quantam
2799 4167 2899 4221 hoc
2947 4165 3448 4221 condemnationem
3501 4173 3608 4221 nun

2021 4260 2326 4316 mereatur?
2353 4259 2470 4314 Jam
2499 4259 2642 4330 quod
2673 4259 2756 4312 his
2783 4258 3154 4313 admirabilius
3179 4271 3264 4312 est
3293 4269 3341 4312 ct
3377 4259 3609 4314 insolen—
3635 4285 3647 4296 -

2019 4355 2146 4418 tius,
2180 4354 2394 4406 leonum
2424 4363 2628 4405 natm-ae
2649 4361 2702 4405 et
2722 4351 2824 4404 alia
2849 4349 3089 4421 quzedam
3112 4349 3400 4404 difficultas
3429 4353 3566 4406 inest
3592 4370 3606 4404 :

2017 4446 2243 4501 rationis
2269 4447 2412 4500 enim
2437 4443 2722 4513 participes
2744 4458 2851 4496 non
2873 4454 3027 4507 sunt,
3061 4451 3116 4497 et
3160 4442 3506 4496 nihilominus
3534 4444 3612 4496 vi-

2018 4540 2207 4594 demus
2228 4554 2371 4608 smpe
2391 4537 2512 4592 duci
2534 4553 2628 4592 eos
2649 4546 2960 4592 mansuetos
2989 4551 3083 4605 per
3111 4535 3318 4600 forum;
3352 4537 3614 4605 multique

2019 4649 2083 4688 ex
2114 4633 2344 4687 ofﬁcinis
2373 4647 2643 4694 nummos,
2665 4641 2722 4685 ut
2744 4629 3046 4684 mercedem
3072 4630 3204 4684 artis
3231 4641 3284 4683 et
3312 4629 3610 4693 ii-dustrim,

2018 4726 2247 4795 cuipiam
2272 4733 2573 4791 numerant,
2596 4722 2736 4793 quod
2757 4724 2920 4776 feram
2945 4719 3353 4774 mansuefecerit
3381 4738 3394 4774 :
3415 4720 3608 4773 animae

2019 4832 2148 4871 vero
2175 4825 2277 4869 tum
2302 4816 2438 4869 ratio
2467 4829 2722 4869 concessa
2753 4826 2856 4880 est,
2885 4823 2939 4868 et
2967 4812 3059 4866 Dei
3088 4812 3266 4876 timor,
3292 4820 3346 4865 et
3376 4811 3609 4880 undique

2020 4908 2340 4963 adminicula
2375 4925 2386 4960 :
2415 4923 2483 4960 ne
2525 4907 2685 4975 igitur
2715 4914 3014 4975 prtctextus
3041 4913 3095 4958 et
3119 4904 3372 4958 obtentus
3393 4900 3606 4956 all‘eras.

2022 4999 2182 5054 Potes
2211 4999 2387 5064 enim,
2417 4999 2461 5052 si
2491 5000 2591 5063 vis,
2623 5005 2936 5052 mansuetus
2971 5010 3094 5051 esse
3119 5035 3132 5056 ,
3165 5004 3220 5049 et
3246 4991 3489 5062 placidus
3509 5033 3526 5059 ,
3554 4995 3610 5046 et

2020 5105 2224 5160 arquos.
2251 5088 2556 5155 Faciamus,
2582 5089 2787 5159 inquit,
2819 5087 3072 5140 hominem
3110 5079 3384 5138 secundum
3420 5081 3606 5154 imagi-

2021 5201 2133 5238 nem
2157 5193 2412 5249 nostram,
2443 5193 2487 5236 et
2515 5181 2789 5235 secundum
2818 5179 3220 5233 similitudinem.

2091 5277 2146 5328 4.
2189 5273 2292 5328 Cur
2327 5277 2450 5344 ferte
2503 5288 2602 5326 non
2657 5272 2755 5325 sint
2805 5271 2996 5323 homini
3040 5267 3271 5322 subditae.
3297 5264 3496 5321 —Sed
3541 5267 3608 5321 ad

2019 5365 2347 5436 propositam
2370 5363 2717 5435 qumstionem
2747 5363 2936 5416 iterum
2967 5359 3266 5414 redeamus.
3297 5356 3611 5413 Ostenditur

2020 5459 2162 5514 enim
2189 5473 2250 5510 ex
2281 5457 2344 5510 iis
2370 5471 2488 5526 qua:
2517 5454 2659 5509 dicta
2687 5463 2831 5518 sunt,
2863 5452 3132 5506 hominem
3187 5450 3255 5504 ab
3302 5449 3455 5504 initio
3499 5449 3610 5520 ple-

2021 5567 2146 5604 num
2169 5561 2222 5603 et
2241 5548 2532 5620 perfectum
2561 5562 2718 5616 super
2739 5545 2938 5600 bestias
2963 5543 3312 5612 principatum
3333 5541 3606 5611 habuisse.

2024 5641 2356 5696 Dominentur
2401 5641 2577 5703 enim,
2605 5641 2712 5705 ait,
2755 5637 2970 5708 piscibus
3014 5635 3204 5699 maris,
3235 5644 3279 5688 et
3324 5634 3613 5688 volatilibus

2019 5735 2153 5797 cwli,
2179 5743 2225 5787 ct
2256 5733 2375 5806 [eris
2403 5742 2450 5785 et
2477 5730 2739 5802 reptilibus
2767 5739 2931 5783 terrae.
2956 5727 3109 5796 Quod
3137 5736 3313 5780 autem
3337 5742 3476 5780 nunc
3502 5725 3604 5779 ter-

2021 5827 2128 5884 rori
2158 5825 2311 5880 nobis
2341 5824 2452 5878 sint
2475 5822 2682 5888 bestiar,
2711 5830 2765 5876 et
2788 5821 3092 5883 timeamus,
3117 5827 3171 5873 et
3199 5817 3437 5871 dominio
3463 5817 3610 5868 exci—

2023 5920 2492 5989 derimus,neque
2541 5919 2656 5988 ipse
2709 5930 2880 5984 nego;
2915 5928 3098 5970 verum
3145 5909 3243 5965 hoc
3288 5926 3393 5962 non
3439 5910 3612 5976 arguit
