4144 6450
555 435 560 442 ’
625 429 684 485 79
1322 428 1380 484 S.
1421 425 1701 484 JOANNIS
1727 427 2195 486 ειιιιῑεμοετωιι

2311 426 2556 484 ιαιιιιῖι».
2595 427 3128 486 CONSTANTINOP.
3444 408 3452 414 ’
3835 435 3901 491 so

625 546 808 597 falsam
844 539 1400 612 Dei-promissionem.
1433 542 1567 598 Nam
1596 544 1664 600 ab
1693 544 1847 599 initio
1877 559 1965 599 res
1993 558 2098 599 non
2139 544 2209 598 ita

620 653 677 691 sc
707 637 974 691 habebant
996 679 1011 702 ,
1042 637 1134 692 sed
1169 639 1429 693 timebant
1478 647 1533 694 et
1575 640 1880 695 tremebant
1912 640 2096 694 bestia:
2119 679 2134 705 ,
2159 649 2214 693 et

623 729 1021 784 venerabantur
1061 730 1360 785 dominum.
1393 731 1490 786 Ubi
1523 741 1702 788 autem
1746 749 1809 787 cx
1849 732 2211 787 inobcdientia

620 819 868 875 tiduciam
917 822 1058 891 apud
1107 823 1276 878 Deum
1323 824 1641 892 amisimus,
1673 824 1831 880 etiam
1885 824 2212 894 principatus

621 923 806 968 noster
832 914 1108 970 mutilatas
1137 925 1238 972 est.
1272 916 1524 986 Subiecta
1553 917 1696 972 enim
1727 916 1931 971 homini
1960 917 2209 972 animalia

622 1007 800 1059 munia
827 1006 989 1061 fuisse
1013 1007 1196 1076 accipe
1225 1023 1290 1062 ex
1313 1007 1610 1077 Scriptura,
1636 1023 1756 1077 quae
1777 1008 1943 1074 dicit,
1975 1009 2209 1062 Adduxit

624 1095 762 1152 Deus
790 1098 1006 1166 bestias,
1027 1110 1084 1154 el
1105 1102 1276 1155 omnia
1314 1101 1463 1156 bruta
1485 1102 1554 1154 ad
1579 1101 1766 1169 Ariani,
1796 1113 1849 1157 ut
1877 1104 2066 1159 videret
2090 1105 2212 1174 quid

627 1199 824 1242 vocaret
844 1207 900 1244 ea
931 1189 1082 1260 (Gen.
1105 1190 1162 1245 2.
1198 1190 1307 1264 19).
1343 1193 1409 1247 Ει
1443 1208 1566 1248 cum
1603 1195 1810 1250 videret
1841 1195 1992 1265 juxta
2019 1211 2078 1252 se
2115 1196 2211 1252 be-

624 1282 790 1345 stias,
839 1297 942 1334 nou
995 1283 1225 1351 resiliit;
1273 1284 1367 1339 sed
1418 1297 1686 1355 tamquam
1728 1287 1976 1343 dominus
2020 1289 2212 1360 aliquis

627 1374 798 1428 servis
827 1374 1053 1431 subditis
1075 1378 1294 1433 nomina
1322 1378 1574 1450 imposuit
1601 1399 1616 1436 :
1647 1381 1713 1434 Et
1739 1398 1886 1436 omne
1911 1384 2047 1452 quod
2067 1399 2212 1436 voea-

617 1467 686 1518 νει
717 1465 908 1532 Adam,
939 1470 1141 1538 inquit,
1174 1471 1270 1524 hoc
1322 1489 1504 1526 notnert
1557 1482 1631 1527 est
1679 1473 1759 1527 illi
1792 1515 1807 1530 .
1840 1473 1980 1542 quod
2031 1475 2212 1545 utique

617 1557 847 1612 «lontinii
879 1559 1110 1630 signum.
1143 1561 1270 1617 ldeo
1315 1563 1456 1618 Dens
1483 1573 1542 1618 ut
1568 1563 1791 1620 doceret
1818 1566 1990 1636 ipsum
2023 1576 2212 1635 poten-

619 1653 705 1704 tia:
727 1665 840 1706 sure
861 1651 1202 1723 dignitatem,
1226 1657 1504 1711 nominum
1558 1657 1956 1726 impositionem
1987 1658 2063 1713 illi
2092 1673 2212 1728 per-

620 1740 789 1796 misit.
825 1744 999 1815 Atque
1040 1743 1156 1800 hmc
1210 1746 1427 1817 quidem
1471 1748 1604 1804 satis
1645 1748 1904 1815 indicant,
1933 1748 2001 1803 ab
2058 1750 2210 1804 initio

621 1835 762 1890 feras
795 1835 996 1892 homini
1024 1839 1293 1895 terribiles
1321 1855 1427 1894 non
1474 1841 1654 1896 fuisse.
1705 1839 1804 1898 Est
1840 1849 2018 1896 tamen
2065 1841 2210 1897 aliud

619 1927 875 1995 quiddam
906 1945 1013 1984 non
1045 1931 1254 1997 minus,
1285 1933 1393 1988 imo
1432 1942 1488 1988 et
1531 1933 1634 1988 hoc
1673 1943 1992 2004 argumento
2039 1935 2212 1990 mani-

622 2017 830 2074 festius.
867 2019 936 2075 Et
962 2021 1232 2090 quodnam
1261 2021 1399 2078 hoc?
1427 2023 1764 2094 Colloquium
1797 2026 2064 2096 serpentis
2087 2040 2210 2082 cum

620 2109 865 2166 muliere.
900 2111 1032 2168 Nam
1065 2114 1109 2167 si
1165 2115 1431 2172 terribiles
1473 2115 1704 2172 fuissent
1749 2116 1954 2173 homini
2001 2117 2207 2184 bestire,

619 2203 812 2259 mulier
831 2215 1083 2274 serpente
1109 2218 1401 2278 conspecto
1424 2225 1530 2265 non
1552 2211 1859 2278 mansisset,
1889 2227 2062 2282 neque
2081 2227 2212 2269 con-

619 2295 802 2350 silium
852 2299 1174 2368 accepisset,
1222 2316 1398 2372 neque
1443 2317 1564 2358 cum
1613 2311 1758 2358 tanta
1799 2305 2088 2361 securitate
2134 2304 2211 2360 illi

619 2385 839 2457 loquuta
870 2387 1095 2455 fuisset,
1117 2391 1211 2446 sed
1238 2393 1420 2448 statim
1446 2392 1514 2448 ad
1544 2403 1821 2464 aspectum
1850 2394 1994 2450 illius
2020 2395 2210 2454 obstuo

621 2477 833 2549 pefacta
887 2479 1228 2551 profugisset.
1263 2483 1460 2540 Verum
1509 2501 1654 2541 nune
1702 2485 2056 2556 colloquitur,
2112 2500 2212 2542 nec

621 2571 814 2624 metuit
845 2587 859 2625 :
891 2572 1123 2627 nondum
1154 2574 1297 2630 enim
1327 2585 1446 2631 erat
1486 2575 1647 2633 timor
1670 2576 1780 2632 ille.
1817 2576 2080 2635 ueterum
2116 2577 2211 2634 ubi

621 2670 900 2731 peccatum
932 2663 1168 2732 intravit,
1203 2666 1381 2722 ablata
1414 2676 1502 2723 est
1539 2667 1654 2724 lucc
1694 2668 1920 2739 dignitas
1965 2678 2021 2725 et
2062 2679 2212 2740 pote-

620 2764 753 2812 stas.
784 2756 850 2812 Et
891 2758 1340 2828 quemadmodum
1390 2761 1528 2818 inter
1557 2777 1744 2818 servos
1787 2763 1901 2819 fieri
1947 2764 2122 2829 solet,
2151 2772 2213 2818 ut

620 2847 958 2916 probatiores
985 2861 1039 2905 et
1061 2849 1400 2909 honestiores
1419 2855 1700 2910 conservis
1719 2855 1914 2912 terrori
1946 2855 2084 2920 sint;
2118 2855 2210 2926 qui

619 2947 800 2994 autem
841 2940 1200 3012 deliquerunt,
1227 2953 1282 2999 et
1305 2959 1600 3002 cnnservos
1643 2947 1900 3002 timeant:
1934 2948 2014 3003 sic
2058 2957 2113 3004 et
2153 2947 2210 3003 in

622 3029 841 3086 homine
871 3031 1065 3088 factum
1086 3043 1191 3090 est.
1231 3034 1364 3091 Nam
1393 3036 1536 3092 salva
1569 3046 1820 3094 manente
1847 3039 1987 3096 illius
2016 3038 2209 3096 fiducia

618 3121 760 3191 apud
791 3122 960 3178 Deum
981 3165 995 3186 ,
1030 3125 1283 3182 terribilis
1304 3137 1420 3182 erat
1446 3137 1500 3183 et
1527 3127 1752 3184 bestiis:
1782 3129 1871 3184 ubi
1897 3139 2077 3191 autem
2104 3130 2208 3186 im-

623 3212 795 3282 pegit,
847 3213 1038 3271 timere
1078 3217 1242 3286 erepit
1287 3218 1446 3272 etiam
1489 3234 1872 3276 conservorum
1913 3230 2206 3276 extremos.

619 3301 772 3368 Quod
803 3304 848 3358 si
887 3319 1007 3375 qua:
1036 3306 1261 3363 dicimus
1289 3325 1393 3363 non
1422 3309 1598 3376 feras,
1624 3308 1929 3376 demonstra
1963 3323 2016 3366 tu
2055 3311 2206 3378 mihi,

617 3392 708 3447 ubi
750 3394 1016 3451 terribiles
1051 3406 1176 3452 ante
1215 3409 1489 3468 peccatum
1520 3399 1716 3456 fuerint
1751 3400 1950 3456 homini
1991 3401 2204 3458 bestite.

618 3483 726 3539 Sed
764 3501 870 3540 non
902 3488 1122 3557 poteris.
1151 3488 1304 3558 Quod
1333 3491 1376 3546 si
1407 3501 1592 3562 postea
1628 3491 1791 3549 subiit
1820 3492 2012 3562 timor,
2044 3494 2208 3550 etiam

616 3575 722 3632 hoc
750 3577 843 3632 Dei
864 3576 1204 3650 benignitatis
1233 3581 1523 3637 maximum
1548 3592 1920 3655 argumentum
1941 3592 2046 3642 est.
2075 3584 2206 3639 Nam

618 3667 666 3722 si
688 3677 972 3740 postquam
1013 3670 1176 3726 homo
1199 3673 1508 3729 mandatum
1551 3684 1916 3747 transgressus
1935 3685 2038 3740 est,
2072 3677 2207 3732 inte-

616 3772 714 3828 ger
737 3757 876 3814 illius
895 3760 1182 3816 mansisset
1201 3761 1373 3818 honor
1396 3772 1451 3819 et
1479 3764 1796 3834 immobilis,
1825 3763 1964 3820 haud
1992 3763 2146 3820 facile
2174 3781 2206 3822 a

617 3847 770 3919 lapsu
795 3851 1190 3908 resurrexisset.
1223 3852 1662 3926 Quandoquidem
1688 3871 1810 3912 cum
1839 3857 2206 3914 inobedientes

615 3949 671 3997 et
699 3940 1012 4000 obedientes
1038 3943 1281 4002 homines
1301 3947 1416 4017 pari
1436 3948 1691 4018 dignitate
1725 3948 1994 4018 fruuntur,
2021 3952 2207 4020 nequi-

617 4035 704 4090 tia
746 4033 1042 4091 assuefiunt
1067 4038 1258 4110 magis,
1287 4053 1386 4094 nec
1411 4039 1566 4096 facile
1592 4039 1660 4095 ab
1685 4055 1744 4096 ea
1769 4040 2048 4097 desistunt.
2069 4041 2202 4098 Cum

615 4129 759 4184 enim
786 4146 928 4186 nunc
955 4139 1034 4186 tot
1055 4129 1380 4190 instantibus
1408 4135 1733 4202 terroribus,
1759 4135 1953 4205 prauis,
1977 4143 2033 4191 et
2071 4151 2202 4206 sup-

613 4220 788 4289 pliciis
813 4239 919 4276 non
948 4223 1336 4292 emendantur,
1369 4227 1553 4298 quales
1585 4227 1804 4284 fuissent
1847 4229 1893 4283 si
1930 4229 2062 4284 nihil
2106 4245 2202 4300 pro

613 4309 824 4365 delictis
854 4312 967 4366 suis
1001 4328 1162 4384 grave
1192 4316 1331 4385 passi
1362 4319 1588 4372 essent?
1617 4320 1790 4389 Atque
1817 4320 1886 4374 ita
1919 4320 2199 4390 imperium

614 4402 774 4456 nobis
799 4417 829 4457 a
860 4403 1006 4472 Deo,
1033 4405 1175 4476 quod
1205 4421 1452 4477 magnam
1497 4411 1665 4464 nostri
1714 4426 1896 4467 curam
1935 4423 1990 4468 et
2019 4414 2200 4484 provi-

617 4489 854 4548 dentiam
889 4505 1122 4565 gereret,
1152 4505 1236 4552 est
1261 4498 1516 4566 ablatum.

683 4586 736 4642 5.
769 4585 848 4641 Tu
876 4596 1078 4656 autem,
1119 4589 1416 4659 carissime,
1448 4600 1502 4647 et
1517 4591 1627 4660 jam
1658 4592 1782 4649 inde
1812 4594 2191 4666 benignitatem

611 4678 707 4734 Dei
741 4677 1076 4746 ineffabilem
1128 4681 1447 4749 considera,
1492 4685 1760 4754 quomodo
1810 4687 1978 4741 Adam
2027 4695 2197 4744 totum

610 4769 918 4826 mandatum
966 4771 1306 4841 subverterit,
1343 4782 1400 4830 et
1426 4783 1588 4829 totam
1613 4775 1784 4846 legem
1833 4787 2198 4847 transgressus

606 4863 677 4920 sit
706 4880 723 4922 :
750 4861 1014 4936 benignus
1035 4875 1214 4920 autem
1246 4864 1389 4922 Deus
1413 4865 1649 4924 bonitate
1675 4884 1769 4923 sua
1797 4878 1976 4926 nostra
2004 4869 2195 4926 delicta

608 4969 894 5028 superans,
918 4971 1028 5014 non
1057 4965 1227 5014 totum
1255 4957 1516 5015 honorem
1549 4958 1849 5029 abstulerit,
1880 4976 2052 5032 neque
2081 4971 2193 5019 toto

601 5046 859 5120 deiecerit
897 5049 1199 5122 principatu
1247 5068 1261 5107 :
1295 5050 1391 5107 sed
1435 5066 1499 5107 ea
1541 5051 1817 5108 dumtaxat
1861 5054 2110 5110 animalia
2162 5069 2193 5110 a

603 5151 785 5197 nostra
806 5149 1072 5212 potestate
1091 5141 1394 5208 abduxerit,
1411 5157 1530 5215 quae
1556 5159 1662 5200 non
1683 5147 1905 5201 multum
1938 5146 2005 5202 ad
2036 5146 2194 5217 hujus

602 5233 726 5294 vita
747 5232 1026 5298 utilitatem
1049 5235 1204 5291 nobis
1223 5234 1544 5302 conducunt,
1566 5251 1684 5308 qua:
1705 5254 1833 5293 vero
1856 5240 1975 5295 vitae
1996 5250 2192 5296 nostra:

603 5322 834 5386 multum
869 5325 1132 5393 serviunt,
1165 5333 1222 5386 et
1249 5327 1394 5387 utilia
1425 5330 1834 5401 necessariaque
1875 5341 2019 5401 sunt,
2049 5347 2110 5388 ea
2137 5334 2190 5389 in

601 5415 880 5483 servitute,
911 5427 968 5474 et
995 5419 1330 5489 subjectione
1355 5433 1449 5478 sua
1497 5421 1780 5478 dimiserit.
1807 5423 2038 5496 Reliquit
2062 5442 2191 5497 ergo

598 5503 757 5560 nobis
784 5503 950 5562 boum
970 5517 1212 5564 armenta
1231 5550 1247 5576 ,
1280 5517 1339 5565 ut
1363 5520 1600 5568 aratrum
1645 5511 1938 5579 trahamus,
1991 5524 2187 5572 terram

598 5591 903 5661 sulcemus,
952 5609 1228 5665 seramus:
1265 5602 1483 5674 reliquit
1528 5611 1584 5660 et
1619 5603 1975 5676 subjugalium
2024 5609 2188 5665 multa

593 5701 816 5760 genera,
839 5695 900 5744 ut
917 5703 1017 5748 nos
1035 5688 1290 5758 adiuvent
1310 5694 1376 5750 ad
1400 5693 1546 5752 utilia
1562 5713 1788 5769 quaeque
1807 5701 2150 5756 convehenda
2169 5717 2185 5769 ;

595 5778 817 5849 reliquit
829 5779 1011 5834 ovium
1041 5794 1253 5852 greges,
1280 5792 1339 5839 ut
1365 5784 1686 5845 haberemus
1712 5805 1831 5861 quae
1859 5789 1925 5850 ad
1955 5793 2188 5849 vestien-

593 5871 720 5926 dum
755 5879 863 5922 nos
889 5869 1232 5939 miﬁcerent;
1255 5875 1468 5948 reliquit
1499 5889 1554 5936 et
1587 5881 1690 5938 alia
1711 5881 2058 5942 animantium
2087 5899 2184 5956 ge-

2321 557 2472 609 nera,
2497 541 2636 598 unde
2663 542 2823 598 multa
2842 542 2996 600 nobis
3021 540 3430 614 suppeditantur
3449 543 3900 604 co‘ntmoda.‘Nattt

2316 636 2440 706 quia
2455 636 2680 706 puniens
2692 636 2962 696 hominem
2979 638 3050 694 ob
3062 636 3816 708 inobedicntiam,dixerat,-In
3828 657 3906 708 su-

2317 727 2440 787 dore
2455 728 2601 796 faciei
2622 739 2723 782 me
2741 729 2947 786 vesceris
2960 745 3089 799 pane
3103 738 3188 783 tuo
3201 727 3351 798 (Cen.
3373 731 3426 784 3.
3445 729 3535 799 l9)
3554 751 3567 786 :
3590 739 3648 798 ut
3663 731 3907 788 nesudor

2318 830 2372 874 et
2389 819 2540 875 labor
2557 820 2642 875 hic
2659 829 2842 876 noster
2857 820 3204 876 intolerabilis
3220 820 3905 887 foret,sudoris-moieStias,

2315 917 2372 964 et
2419 910 2618 967 laboris
2656 926 2793 966 onus
2819 911 3090 966 alleviavit
3131 911 3497 982 jumentorum
3542 913 3910 982 multitudine,

2318 1017 2436 1070 qua:
2489 1016 2590 1056 una
2642 1001 2917 1058 nobiscum
2969 1002 3232 1069 laborant,
3285 1014 3338 1070 et
3382 1004 3658 1062 molestias
3709 1005 3908 1074 ferunt,

2319 1091 2458 1147 idem
2485 1092 2688 1149 faciens
2717 1093 2858 1164 quod
2886 1093 3147 1166 benignus
3162 1105 3215 1150 et
3246 1094 3479 1166 prudens
3509 1096 3908 1166 paterfamilias,

2315 1182 2407 1252 qui
2439 1184 2700 1254 ﬂagellato
2717 1199 2894 1252 servo,
2925 1185 3084 1240 etiam
3102 1200 3284 1244 curam
3310 1185 3596 1259 quamdam
3613 1202 3904 1259 congruam

2320 1274 2544 1345 ﬂagellis
2573 1275 2790 1331 adhibet
2822 1294 2836 1330 :
2863 1278 2941 1331 sic
2973 1285 3028 1333 et
3059 1277 3198 1334 Deus
3229 1285 3285 1333 ut
3311 1277 3691 1338 condemnavit
3713 1293 3906 1350 pecca-

2320 1375 2512 1433 torcm,
2561 1367 2820 1424 leniorem
2851 1371 3010 1426 etiam
3041 1369 3543 1428 condemnationem
3571 1386 3692 1440 esse
3717 1372 3908 1440 voluit,

2303 1467 2372 1512 ct
2399 1458 2553 1514 nobis
2572 1457 2636 1512 ad
2659 1457 2909 1514 sudorem
2933 1469 2988 1516 et
3014 1458 3250 1515 laborem
3277 1469 3593 1532 perpetuum
3619 1461 3911 1528 damnatis,

2317 1547 2635 1604 subsidiaria
2664 1547 2792 1604 fecit
2839 1550 3002 1606 multa
3034 1549 3309 1606 brtrtarum
3351 1567 3567 1622 genera.
3600 1555 3776 1624 Atque
3819 1554 3908 1618 ita,

2317 1639 2458 1710 quod
2503 1639 2762 1697 honorem
2795 1641 2949 1698 nobis
2989 1641 3134 1698 dedit
3157 1651 3211 1698 et
3237 1657 3421 1698 rursus
3449 1644 3681 1711 abstulit,
3732 1654 3791 1700 et
3819 1644 3912 1700 be-

2318 1734 2542 1790 stiarum
2574 1734 2730 1790 nobis
2753 1745 2951 1791 metum
2974 1735 3223 1802 immisit,
3251 1745 3306 1790 et
3347 1736 3548 1799 omnia,
3578 1735 3623 1794 si
3651 1735 3774 1807 quis
3796 1735 3913 1791 dili«

2311 1835 2508 1898 genter
2527 1836 2581 1880 et
2619 1827 2837 1884 cordate
2865 1827 3117 1898 inquirat,
3162 1827 3398 1884 oﬂendct
3416 1827 3581 1897 plena
3611 1829 3910 1899 Sapientiae,

2311 1917 2690 1990 providentiae,
2715 1929 2768 1974 et
2798 1919 3160 1990 benignitatis.

2392 2008 2717 2078 Sacriﬁcium
2759 2011 3035 2064 niaximum
3079 2009 3181 2064 Dei
3224 2008 3579 2066 beneficiorum
3626 2011 3910 2067 recordari.

2316 2132 2389 2144 -—
2432 2102 2691 2170 Quocirca
2746 2117 2846 2174 pro
2892 2104 2976 2158 his
3026 2102 3276 2160 omnibus
3316 2105 3515 2174 gratias
3569 2104 3618 2158 ei
3671 2118 3912 2159 summas

2316 2209 2537 2265 agamus
2563 2236 2578 2261 ,
2628 2194 2719 2266 qui
2774 2203 2918 2250 tanta
2959 2195 3099 2264 apud
3143 2210 3240 2250 nos
3285 2194 3541 2249 beneficia
3605 2196 3908 2250 collocavit.

2316 2286 2501 2358 Neque
2546 2287 2688 2342 enim
2752 2301 2914 2357 grave
2979 2285 3177 2358 aliquid
3226 2295 3282 2341 et
3331 2301 3618 2341 onerosum
3668 2302 3696 2340 a
3755 2287 3914 2341 nobis

2317 2377 2541 2449 requirit
2577 2395 2590 2432 :
2634 2377 2728 2436 sed
2770 2378 2944 2433 solum
2985 2388 3042 2432 ut
3087 2387 3344 2434 testemur
3381 2387 3436 2433 et
3473 2378 3730 2434 fateamur
3767 2387 3912 2432 tanta

2319 2467 2599 2538 beneficia,
2648 2477 2702 2526 et
2723 2484 2826 2542 pro
2869 2469 2953 2524 bis
2993 2469 3192 2542 gratias
3245 2468 3538 2526 referamus
3570 2488 3583 2522 :
3614 2485 3722 2524 non
3771 2470 3911 2541 quod

2313 2559 2434 2629 ipse
2457 2559 2541 2614 his
2563 2568 2736 2630 egeat,
2764 2561 2854 2631 qui
2885 2559 3028 2615 nulla
3060 2576 3120 2616 re
3146 2560 3345 2632 indiget
3368 2560 3495 2628 ;sed
3519 2570 3576 2616 ut
3597 2576 3695 2616 nos
3732 2561 3910 2618 disca-

2317 2664 2439 2706 mus
2463 2662 2738 2708 auctorem
2765 2651 3033 2709 bouorum
3064 2652 3220 2707 nobis
3249 2652 3557 2719 conciliare,
3601 2661 3654 2707 et
3683 2667 3795 2706 non
3825 2652 3909 2706 in-

2317 2744 2455 2815 grati
2479 2745 2665 2813 simus,
2694 2744 2788 2800 sed
2809 2745 3020 2818 dignam
3049 2746 3211 2802 tantis
3233 2745 3505 2802 beneﬁciis
3535 2756 3592 2802 et
3614 2745 3904 2817 providen-

2313 2839 2389 2893 tia
2419 2839 2671 2894 virtutem
2724 2837 3029 2894 ali‘eramus.
3059 2837 3192 2894 Nam
3224 2838 3303 2894 sic
3350 2839 3520 2909 ipsum
3552 2837 3618 2893 ad
3647 2837 3908 2908 majorem

2317 2931 2485 2986 nostri
2527 2931 2937 2988 sollicitudinem
2988 2931 3417 3003 provocabimus.
3447 2930 3558 2986 Oro
3607 2931 3786 3000 igitur,
3841 2945 3909 2985 ne

2315 3022 2530 3078 desides
2554 3024 2744 3090 simus,
2791 3023 2886 3080 sed
2918 3023 3282 3096 unusquisque
3330 3039 3424 3094 pro
3463 3023 3610 3078 δινὶιὶιί
3655 3031 3908 3094 suppetet

2309 3114 2457 3186 apud
2477 3129 2546 3171 se
2567 3116 2791 3186 singulis
2829 3116 2995 3183 horis,
3026 3131 3133 3172 non
3176 3117 3347 3172 solum
3373 3117 3676 3172 communia
3701 3115 3912 3172 beneﬁ-

2310 3207 2420 3275 cia,
2452 3206 2546 3263 sed
2568 3215 2623 3262 et
2647 3206 2850 3279 privata
2877 3207 2930 3264 in
2956 3221 3016 3265 se
3041 3207 3238 3264 collata
3271 3225 3285 3262 :
3320 3223 3428 3263 non
3454 3222 3516 3264 ea
3547 3217 3750 3263 tantum
3785 3224 3906 3278 qua

2309 3314 2503 3356 omnes
2529 3299 2781 3369 fatentur,
2809 3309 2863 3356 et
2903 3316 3023 3372 qua:
3049 3300 3299 3357 omnibus
3324 3297 3602 3356 manifesta
3632 3309 3780 3368 sunt,
3811 3299 3906 3358 sed

2309 3401 2372 3447 et
2396 3393 2629 3463 propria,
2661 3406 2724 3448 ac
2763 3391 3047 3462 plerosque
3073 3392 3289 3448 latentia
3318 3409 3334 3449 :
3363 3392 3442 3448 sic
3466 3392 3607 3448 enim
3641 3392 3708 3448 ad
3725 3393 3908 3449 conti-

2315 3498 2476 3538 nuam
2506 3483 2794 3554 gratiarum
2817 3484 3088 3540 actionem
3121 3483 3346 3539 Domino
3384 3482 3723 3540 referendam
3761 3481 3902 3540 inei~

2317 3576 2534 3632 labitur.
2568 3575 2681 3632 Hoc
2700 3576 2988 3631 maximum
3013 3575 3354 3644 sacrificium,
3403 3575 3521 3632 haec
3551 3574 3788 3646 perfecta
3815 3575 3903 3634 ob-

2316 3670 2444 3725 latio
2469 3679 2572 3736 est,
2601 3669 2703 3726 hoc
2730 3669 2943 3726 fiducia:
2964 3687 3090 3743 erga
3115 3671 3282 3726 Deum
3309 3677 3508 3727 nostrae
3527 3679 3900 3742 argumentum

2314 3768 2371 3815 et
2395 3775 2554 3815 causa
2583 3769 2697 3815 est:
2727 3769 2780 3816 et
2803 3761 3095 3831 quomodo,
3125 3777 3227 3832 ego
3253 3761 3448 3817 dicam.
3479 3760 3582 3830 Qui
3608 3761 3750 3817 enim
3782 3760 3901 3817 hare

2312 3852 2566 3908 continuo
2614 3851 2668 3906 in
2713 3862 2892 3908 mente
2933 3867 3028 3908 sua
3077 3861 3272 3920 versat,
3303 3861 3358 3909 et
3385 3867 3536 3909 suam
3588 3853 3901 3909 tenuitatem

2312 3955 2561 4001 accurate
2592 3945 2758 4011 novit,
2813 3956 2868 4002 et
2895 3946 3223 4002 eminentem
3254 3945 3488 4002 divinam
3517 3945 3899 4016 benignitatem

2309 4037 2542 4108 cogitat;
2566 4035 2833 4108 quomodo
2857 4052 3052 4107 nempe
3073 4052 3178 4092 non
3199 4035 3482 4092 attendens
3507 4035 3632 4107 quid
3655 4050 3900 4092 merean-

2313 4137 2398 4183 tur
2428 4138 2642 4198 peecata
2671 4137 2875 4195 nostra,
2908 4128 3002 4184 sed
3024 4128 3152 4200 quid
3176 4143 3272 4184 sua
3301 4128 3514 4189 bonitas
3541 4129 3795 4200 postulet,
3825 4129 3899 4185 ita

2310 4237 2397 4277 res
2431 4232 2641 4276 nostras
2661 4221 2934 4290 dispenset
2958 4239 2972 4275 :
3003 4222 3049 4276 is
3074 4223 3330 4277 nimirum
3357 4231 3593 4278 mentem
3618 4221 3894 4292 deprimit,

2309 4329 2403 4370 cor
2431 4315 2682 4382 conterit,
2707 4329 2922 4372 omnem
2953 4314 3147 4370 fastum
3175 4323 3230 4371 et
3250 4316 3610 4386 arrogantiam
3641 4315 3896 4387 castigat,

2308 4407 2465 4463 discit
2485 4407 2728 4463 modeste
2745 4422 2924 4478 agere,
2956 4416 3304 4464 contemnere
3328 4407 3608 4479 prasentis
3629 4407 3750 4462 vita;
3770 4408 3896 4480 glo-

2306 4500 2462 4566 riam,
2494 4500 2673 4556 ridere
2715 4497 2938 4555 visibilia
2979 4500 3181 4566 omnia,
3235 4501 3473 4571 cogitare
3526 4498 3705 4554 futura
3753 4497 3897 4554 bona

2306 4591 2576 4662 vitamque
2606 4590 2961 4647 immortalem
3009 4605 3073 4646 ac
3121 4607 3410 4661 numquam
3453 4589 3760 4646 finiendam.
3788 4589 3898 4657 Qui

2305 4691 2481 4738 autem
2509 4683 2586 4739 sic
2613 4683 2844 4739 afficitur
2867 4685 3067 4750 animo,
3093 4698 3279 4739 verum
3301 4692 3356 4740 et
3381 4691 3662 4754 acceptum
3687 4683 3900 4740 sacriﬁ-

2304 4775 2445 4830 cium
2476 4775 2586 4830 Deo
2625 4774 2800 4843 offert,
2853 4777 2992 4831 sicut
3034 4776 3293 4847 prepbeta
3323 4775 3451 4830 dicit
3497 4792 3513 4830 :
3564 4774 3898 4844 Sacriﬁcium

2309 4866 2412 4921 Deo
2443 4867 2652 4938 spiritus
2675 4867 3038 4922 contribulatus
3058 4884 3077 4934 ;
3100 4883 3188 4922 cor
3206 4867 3477 4922 contritum
3500 4877 3549 4920 et
3572 4866 3899 4922 humiliatus"

2309 4957 2444 5013 Deus
2470 4976 2569 5014 non
2597 4960 2834 5031 despiciet
2866 4957 3036 5032 (Psal.
3063 4960 3154 5018 50.
3187 4959 3307 5033 l9).
3340 4957 3600 5016 Cordatos
3641 4960 3785 5016 enim
3811 4959 3899 5014 fa-

2305 5052 2480 5107 mulos
2509 5067 2614 5110 non
2645 5063 2750 5106 tam
2783 5065 2954 5121 pinna:
2979 5062 3033 5106 et
3079 5052 3337 5123 supplicia
3374 5051 3681 5118 emendant,
3711 5061 3770 5110 ut
3801 5050 3898 5108 be-

2303 5142 2512 5210 neficia,
2539 5153 2592 5198 et
2618 5143 2760 5213 quod
2788 5144 3034 5200 noverint
3052 5159 3111 5201 se
3129 5160 3237 5200 non
3263 5143 3554 5201 secundum
3572 5143 3896 5200 delictorum

2301 5236 2490 5292 merita
2519 5251 2729 5306 pmnam
2762 5237 2929 5292 luere.

2372 5326 2425 5383 6.
2455 5327 2806 5384 Conteramus
2834 5328 3010 5398 igitur,
3051 5329 3300 5398 obsecro,
3343 5328 3580 5384 animum
3608 5336 3854 5385 nostrum
3875 5369 3893 5394 ,

2301 5419 2644 5475 bumiliemus
2668 5428 2905 5475 mentem
2930 5429 2985 5476 et
3006 5436 3148 5476 nunc
3169 5420 3404 5476 maxime
3419 5435 3541 5474 eum
3569 5419 3671 5475 hoc
3695 5419 3896 5490 jejunii

2300 5521 2510 5582 tempus
2541 5511 2706 5568 multa
2745 5511 2900 5567 nobis
2929 5511 2996 5568 ad
3035 5511 3140 5568 hoc
3169 5511 3374 5584 praebet
3392 5511 3648 5568 subsidia.
3681 5510 3816 5565 Nam
3844 5510 3897 5567 si

2298 5605 2370 5660 ita
2407 5603 2582 5660 aﬂecti
2631 5603 2910 5671 fuerimus,
2965 5604 3256 5674 poterimus
3280 5613 3335 5660 et
3354 5617 3543 5675 magna
3593 5601 3898 5658 attentione

2298 5709 2487 5768 preces
2520 5696 2766 5764 fundere,
2785 5695 3170 5753 etconfitentes
3192 5705 3408 5767 peccata
3424 5694 3642 5750 multam
3659 5693 3894 5764 gratiam

2295 5806 2526 5862 superne
2547 5791 2816 5847 obtinere.
2843 5791 2910 5846 Et
2933 5801 2992 5846 ut
3011 5790 3194 5846 sciatis
3215 5790 3349 5846 tales
3391 5788 3597 5844 animas
3630 5788 3736 5841 Deo
3772 5784 3898 5855 pla-

2294 5899 2438 5952 cere,
2470 5884 2594 5942 audi
2635 5886 2810 5956 ipsum
2849 5883 3116 5945 dicentem
3147 5901 3160 5941 :
3190 5884 3273 5940 Ad
3294 5899 3440 5956 quem
3463 5881 3753 5954 respiciam,
3780 5878 3892 5932 nisi
