4144 6424
391 364 463 401 α·
1545 342 1609 398 LV
1646 341 1882 398 eam.
1923 338 2004 395 (ΗΞ

2112 337 2180 392 5.-
2215 334 2438 392 ilUIlilL.
2487 335 2551 390 Χ.

391 476 472 529 ad:
489 473 760 537 itunzilem,
799 478 850 524 et
888 450 1131 542 quietum,
1170 475 1233 522 et»
1263 474 1551 520 trementem
1575 475 1989 518 sermonesmeos

395 568 549 640 (hui.
572 566 662 622 66.
693 563 808 634 2')?
829 563 1032 618 Idcirco
1053 571 1108 617 et
1137 559 1382 616 Christus
1412 559 1480 613 ita
1508 556 1825 626 loquebatur
1854 572 1867 606 :
1901 553 1995 605 Di-

394 661 521 716 scite
548 676 581 713 a
598 675 686 712 me
702 659 836 725 quia»
847 656 984 710 mitts
1003 670 1138 720 sum,
1160 659 1205 706 et
1227 651 1433 705 Immitis
1460 647 1632 711 corde,
1655 657 1700 700 et
1729 645 2011 698 invenietis.

398 753 620 822 requiem
660 749 925 804 animabus
965 747 1142 802 vestris
1167 743 1386 817 (Matth.
1414 745 1500 798 ll.
1549 740 1666 812 29).
1720 739 1852 792 Nam
1901 735 1994 807 qui

396 859 532 900 vere
559 843 793 914 seipsum
826 839 1088 905 bumiliat,
1112 851 1399 908 numquam
1422 835 1618 906 poterit
1643 834 1718 888 ira
1749 845 1990 886 commo-

399 938 542 1006 veri,
572 946 627 992 et
657 937 902 1006 proximo
939 947 1280 997 succensere,
1308 931 1484 985 anima
1511 929 1626 998 ejus
1662 927 1716 981 in
1746 925 1825 978 sui
1865 938 1996 977 con-

399 1029 730 1084 sideratione
781 1034 1038 1096 occupata
1096 1034 1151 1080 et
1202 1024 1339 1077 intra
1393 1022 1624 1090 seipsam
1697 1016 1989 1072 humiliata.

400 1120 598 1176 Anima
623 1129 804 1174 autem
827 1134 946 1189 quae
971 1118 1048 1172 sic
1074 1131 1133 1172 se
1166 1115 1346 1179 habet,
1377 1113 1503 1184 quid
1535 1126 1655 1166 esse
1687 1110 1854 1180 possit
1872 1108 1997 1162 bea-

403 1214 553 1269 tius?
577 1211 909 1282 Quicumque
932 1212 1052 1265 talis
1080 1220 1181 1277 est,
1212 1210 1257 1265 is
1291 1217 1446 1279 portu
1469 1208 1726 1263 continuo
1747 1201 1900 1258 sedet
1927 1199 1994 1254 ab

401 1307 557 1362 omni
578 1315 894 1376 tempestate
934 1305 1088 1370 liber,
1120 1313 1176 1359 et
1201 1303 1499 1358 oblectatur
1533 1301 1596 1354 in-
1615 1296 1994 1368 cogitationum

401 1401 829 1471 tranquillitate-
865 1399 986 1454 Ideo
1037 1397 1282 1454 Christus
1313 1395 1527 1451 diccbat
1562 1411 1577 1448 :
1626 1391 1694 1446 Et
1740 1387 1998 1444 invenietis

402 1495 627 1565 requiem
653 1491 917 1546 animabus
944 1492 1138 1544 vestris.
1175 1488 1358 1558 Itaque
1401 1487 1544 1542 sicut
1565 1484 1654 1555 qui
1684 1482 2000 1537 affectiones

403 1587 528 1642 illas
547 1585 748 1656 sopivit
772 1585 936 1638 multa
963 1583 1146 1652 requie
1172 1580 1384 1644 fruitur,
1413 1578 1483 1632 ita
1502 1577 1658 1632 deses
1682 1584 1736 1630 et
1753 1573 1995 1642 supinus,

403 1689 466 1734 et
487 1679 576 1748 qui
594 1677 778 1748 nequit
797 1675 1017 1730 affectus
1046 1689 1173 1728 suos
1200 1683 1258 1728 ut
1286 1672 1440 1728 decet
1482 1670 1772 1732 moderari,
1799 1681 1996 1738 perpe-

405 1782 501 1825 tuo
530 1767 1015 1840 perturbationibus
1044 1765 1305 1820 obnoxius
1333 1773 1436 1828 est,
1487 1761 1632 1816 domi
1677 1760 1872 1818 bellum
1904 1757 1998 1809 ha-
2031 1785 2034 1787 -

404 1867 518 1929 bet,
562 1865 775 1920 nemine
816 1870 1080 1933 prmsente
1111 1861 1371 1925 turbatur,
1421 1866 1476 1912 et
1506 1870 1722 1927 gravem
1771 1852 2000 1906 sustinet

407 1967 780 2028 tempestatem
825 1974 838 2009 :
878 1964 1159 2024 propterea
1203 1951 1451 2006 ﬂuctibus
1494 1965 1554 2005 se
1597 1944 1995 2008 extollentibus,

405 2061 462 2106 et
488 2050 854 2106 exorientibus
909 2045 1500 2114 malorum—spirituum
1551 2040 1821 2110 procellis,
1854 2051 2000 2105 smpe

409 2143 533 2197 navi
563 2142 634 2196 ob
659 2139 976 2210 imperitiam
998 2137 1374 2208 gubernatoris
1395 2136 1661 2197 demersa,
1695 2131 1852 2186 simul
1884 2131 1998 2199 ipse

405 2238 787 2306 submergitur.
815 2234 1043 2290 Proinde
1070 2234 1227 2289 decet
1266 2249 1363 2288 nos
1392 2245 1514 2285 esse
1550 2228 1761 2284 sobrios
1795 2235 1850 2281 et
1873 2224 2002 2295 vigi-

410 2334 515 2398 les,
571 2342 626 2386 et
665 2339 977 2401 perpetuam
1029 2328 1526 2394 indesincnlemqnc
1574 2324 1766 2377 anima:
1803 2329 2000 2375 nostra:

404 2423 821 2481 Sollicitudinem
864 2421 1080 2476 habere.
1125 2418 1412 2474 Christiani
1439 2419 1584 2472 enim
1620 2424 1702 2469 est
1746 2414 2002 2473 adversus

406 2516 874 2586 concupiscentias
919 2513 1095 2567 carnis
1135 2526 1349 2580 semper
1397 2511 1449 2563 in
1495 2508 1610 2562 acie
1640 2514 1804 2570 stare,
1853 2504 2002 2572 leges

407 2610 622 2666 Domini
649 2609 813 2663 nostri
862 2606 1015 2662 nobis
1045 2605 1195 2660 datas
1223 2619 1436 2674 semper
1463 2601 1661 2656 habere
1684 2607 1998 2670 praesentes,
2029 2631 2033 2634 -

409 2717 464 2760 ct
498 2705 582 2759 his
609 2703 802 2758 muniri
829 2711 990 2771 atque
1023 2701 1161 2754 illius
1189 2698 1466 2754 tolerantia
1491 2712 1596 2751 non
1629 2694 1797 2759 abuti,
1826 2707 2001 2763 neque

407 2807 742 2868 exspectare,
773 2797 945 2850 donec
972 2809 1030 2848 re
1070 2794 1182 2862 ipsa
1214 2792 1306 2845 ira!
1333 2791 1475 2844 illius
1511 2788 1803 2858 periculum
1843 2787 2004 2839 iacia-

409 2907 552 2954 mus,
604 2898 661 2944 nt
689 2899 813 2944 tunc
855 2887 1216 2950 humiliemur,
1257 2893 1314 2938 ut
1358 2899 1425 2937 ne
1461 2891 1516 2936 et
1555 2881 1620 2936 de
1666 2880 1820 2934 nobis
1859 2879 2004 2932 (lica.

410 2994 520 3049 tur,
565 2981 692 3035 Cum
735 2979 977 3034 occideret
1019 2994 1122 3046 eos,
1169 2987 1287 3030 tunc
1325 2973 1638 3044 inquirebant
1676 2988 1788 3025 eum
1820 2968 2008 3043 (Paul.

409 3077 503 3130 77.
536 3076 599 3130 at
627 3077 673 3148 ).

481 3169 741 3241 Confessio
768 3177 1103 3237 peccatorum.
1127 3197 1196 3207 —
1223 3165 1544 3236 Cumigitur
1566 3163 1882 3235 adjumentu
1905 3178 2033 3216 no---

411 3263 496 3318 bis
525 3277 664 3317 nunc
678 3261 953 3332 sitjejunii
984 3269 1216 3329 tempus,
1244 3258 1528 3322 carissimi,
1553 3269 1742 3311 omnes
1770 3254 1836 3309 ad
1867 3269 2016 3309 con--

410 3357 700 3413 fessionem
750 3365 1090 3425 peccatorum
1138 3362 1440 3408 nostrorum
1483 3351 1814 3414 festinemus,
1857 3355 1911 3403 et
1936 3347 2030 3402 ab-

408 3451 560 3506 omni
583 3449 779 3503 malitia
799 3448 1146 3513 abstinentes,
1170 3458 1515 3501 exerceamus
1541 3444 1765 3497 virtutes
1790 3454 1998 3494 omnes.

409 3542 548 3597 Nam
570 3542 645 3595 sic
664 3551 719 3596 et
744 3540 930 3594 beatus
968 3538 1223 3609 propheta
1258 3536 1418 3592 David
1467 3535 1627 3590 docet
1666 3535 1749 3588 his
1779 3533 1956 3588 verbis
1986 3550 1998 3586 :

411 3633 633 3688 Declina
658 3649 690 3686 a
719 3633 875 3698 malo,
902 3641 949 3685 et
977 3631 1058 3702 [ac
1082 3630 1266 3684 bonum
1312 3628 1480 3703 (Psal.
1509 3628 1603 3683 56.
1628 3628 1741 3698 27).
1775 3625 1926 3693 Quod
1957 3625 2002 3680 si

412 3729 467 3782 in
504 3727 647 3782 lume
677 3726 893 3780 modum
916 3727 1079 3780 vitam
1097 3722 1776 3788 nostrameinstituerimus,
1799 3731 1854 3776 et
1882 3719 2006 3774 abs-

411 3821 654 3875 tinentiae
686 3820 924 3875 ciborum
947 3819 1369 3874 abstinentiam-a
1395 3817 1539 3872 vitiis
1574 3815 2001 3884 adjunxcrimus,
2027 3849 2032 3856 -

410 3913 711 3982 poterimus
733 3921 786 3966 et
816 3925 926 3966 nos
945 3911 1134 3979 majori
1163 3909 1350 3964 tiducia
1381 3909 1504 3975 frui,
1544 3917 1597 3962 et
1639 3906 1943 3962 uberiorem
1972 3921 2002 3960 a

413 4005 530 4059 Deo
555 4005 930 4074 benignitatem
968 4004 1209 4058 obtinere
1247 4013 1302 4058 et
1329 4003 1381 4058 in
1432 4003 1680 4072 praesenti
1712 4003 1837 4065 vita,
1867 4009 1922 4056 et
1950 4001 2003 4054 in

413 4097 594 4152 futuro
615 4097 706 4151 illo
746 4097 833 4152 die
873 4096 1115 4163 terribili,
1150 4096 1400 4166 precibus
1429 4104 1482 4149 et
1532 4094 2004 4149 intercessionibus

413 4205 600 4246 eorum
631 4189 720 4258 qui
751 4189 850 4259 ipsi
894 4190 1125 4244 maxime
1171 4189 1483 4258 placuerunt
1527 4206 1540 4240 :
1571 4187 1738 4259 gratia
1771 4196 1825 4242 et
1853 4187 2006 4242 beni-

413 4283 617 4352 gnitate
668 4281 878 4336 Domini
922 4281 1087 4336 neStri
1114 4280 1241 4336 Jesu
1278 4279 1495 4344 Christi,
1549 4295 1670 4334 cum
1713 4293 1821 4349 quo
1861 4279 2003 4332 Patri

413 4374 574 4431 simul
606 4384 659 4430 et
679 4374 896 4444 Spiritui
912 4383 1098 4429 sancto
1118 4373 1393 4443 sit-gloria,
1442 4373 1745 4442 imperium,
1786 4373 1957 4426 honor
1984 4411 2001 4437 ,

415 4482 561 4523 nunc
601 4477 653 4523 et
705 4482 937 4538 semper,
989 4475 1044 4521 et
1097 4466 1165 4520 itr
1198 4467 1396 4521 saecula
1421 4465 1762 4521 smculorum.
1803 4465 1999 4519 Amen;

1017 4645 1295 4702 HOMIDIA
1346 4645 1411 4700 Xa

420 4825 731 4885 Exhortatio
751 4824 816 4879 ad
843 4838 936 4879 eos
960 4838 1096 4895 quos
1121 4823 1282 4894 pudet
1303 4823 1900 4893 posticibumsumptum
1920 4837 2010 4877 ac-

492 4918 684 4972 cedere
722 4916 786 4971 ad
827 4918 1137 4971 concionem
1168 4916 1546 4984 vespertinam,
1571 4925 1625 4970 et
1667 4915 1717 4967 in
1747 4914 2008 4984 reliquum

493 5019 694 5064 textum
738 5016 879 5078 post,
908 5005 1180 5062 Faciamus
1227 5007 1481 5061 hominem
1525 5005 1801 5062 secundum
1829 5007 2011 5075 imagi-

493 5117 608 5154 nem
635 5110 879 5167 nostram,
922 5100 1274 5154 et'secundnm
1323 5097 1701 5153 similitudinem
1749 5097 1900 5166 (Gen.
1954 5100 2008 5152 l.

491 5195 627 5268 26);
657 5204 712 5250 et
737 5195 805 5250 de
836 5195 916 5248 his
938 5194 1134 5258 verbis,
1177 5192 1246 5247 Et
1289 5193 1406 5263 fecit
1431 5193 1565 5247 Deus
1604 5193 1899 5256 hominem;
1926 5209 2029 5245 se--

492 5288 712 5342 eundum
751 5288 1023 5358 imaginem
1081 5285 1171 5339 Dei
1221 5286 1340 5354 fecit
1392 5284 1584 5352 illum;
1635 5283 1916 5338 masculum
1961 5293 2012 5338 et

493 5379 734 5452 feminam
761 5379 875 5448 fecit
898 5375 1137 5450 illos(lb.
1169 5392 1218 5432 ν.
1243 5377 1369 5448 27).

488 5585 540 5639 1.
567 5583 744 5637 Minor
763 5581 920 5636 hodie
949 5581 1103 5636 nobis
1129 5588 1421 5636 conventus
1440 5578 1626 5647 adest,
1653 5589 1708 5634 et
1735 5579 2018 5650 angustius

408 5674 1101 5734 contiuentiumtheatrum.
1125 5672 1252 5743 Cur,
1266 5682 1320 5728 et
1338 5689 1440 5744 qua
1465 5674 1699 5728 decausa
1715 5673 2018 5728 ?Fortassis
2056 5681 2066 5698 '

399 5773 474 5831 ali
483 5771 574 5846 qui
599 5769 935 5830 'crubuerunt
958 5813 983 5841 ,.
999 5777 1126 5842 post
1144 5768 1459 5836 sensibil'cm.
1489 5767 1730 5825 mensam
1770 5767 1835 5824 ad
1863 5767 2018 5840 spiri-

3625 339 3722 402 8L

2102 453 2244 508 tualc
2271 455 2373 508 hoc
2390 454 2574 508 venire
2595 454 2916 521 convivium,
2941 463 2994 509 et
3021 453 3153 509 lucc.
3177 455 3306 524 ipsis
3330 465 3412 510 est
3438 457 3695 513 absentia:
3744 504 3748 509 .

2099 562 2257 601 causa
2293 565 2306 601 :
2335 546 2428 600 sed
2469 547 2687 602 audiant
2717 549 3012 616 sapientem
3043 549 3328 618 quemdam
3377 549 3643 606 dicentem
3679 569 3692 606 :

2100 638 2198 692 Est
2223 639 2452 711 confusio
2481 656 2596 712 quin
2617 640 2809 694 inducit
2834 651 3110 711 peccatum,
3140 649 3187 696 et
3208 651 3280 696 est
3306 645 3536 715 conptsio
3579 644 3692 714 gla-

2100 734 2179 787 ria
2202 744 2249 788 et
2273 735 2436 806 gratia
2465 734 2656 804 (Eccti.
2678 737 2730 790 4.
2749 735 2860 807 25).
2883 735 2998 790 Non
3017 745 3095 790 est
3117 735 3429 792 enniusionc
3450 736 3694 808 dignum,

2100 848 2225 893 eum
2256 831 2348 902 qui
2368 833 2664 902 corporalis
2706 849 2906 889 mens-.e
2957 836 3223 905 particeps
3254 835 3373 904 fuit,
3415 836 3483 892 ad
3531 836 3694 907 spiri-

2103 924 2244 978 tuale
2284 925 2586 979 convivium
2629 925 2830 980 venire.
2861 930 2977 983 Non
3029 927 3170 981 enim
3202 937 3260 982 ut
3287 928 3532 984 humana:
3584 944 3714 992 res,

2106 1016 2177 1069 ita
2205 1023 2260 1071 et
2288 1016 2592 1085 spirituales
2621 1017 2855 1073 delinitis
2885 1019 3214 1090 temporibus
3257 1019 3522 1075 distincta:
3551 1029 3696 1076 sunt.

2103 1107 2352 1162 Sermoni
2395 1109 2538 1163 enim
2566 1109 2828 1176 Spirituali
2857 1125 3017 1165 omne
3056 1111 3162 1166 dici
3197 1121 3406 1182 tempus
3447 1112 3696 1167 idoneum

2103 1199 2281 1266 fuerit,
2313 1209 2364 1255 et
2386 1200 2510 1270 quid
2531 1201 2650 1257 dico
2666 1201 2770 1256 diei
2797 1211 3004 1272 tempus
3019 1203 3042 1254 ?
3057 1201 3238 1273 Neque
3259 1205 3303 1258 si
3330 1220 3435 1258 nos
3463 1205 3696 1276 ingruat,

2103 1292 2432 1362 spiritualem
2469 1293 2766 1350 doctrinam
2800 1295 3040 1364 impedit.
3089 1296 3377 1364 Pr0pterea
3422 1306 3475 1352 et
3515 1297 3692 1352 Timo-

2106 1385 2233 1440 theo
2273 1385 2388 1441 ha'c
2435 1387 2698 1442 scribebat
2741 1388 2938 1443 Paulus
2995 1407 3008 1442 :
3062 1387 3210 1442 Iusta
3255 1399 3555 1457 opportune,
3596 1388 3700 1441 im.

2107 1489 2321 1549 portune
2346 1495 2366 1533 :
2387 1496 2563 1550 argue,
2615 1480 2842 1550 increpa,
2875 1481 3077 1534 obsecra
3109 1483 3186 1550 (’2.
3220 1479 3353 1534 Tim.
3407 1483 3461 1536 lt.
3520 1481 3597 1550 2).
3631 1482 3704 1535 Ει

2108 1572 2299 1626 iterum
2344 1571 2467 1626 audi
2521 1573 2732 1627 beatum
2785 1571 2983 1627 Lucam
3042 1572 3308 1627 dicentem
3357 1590 3368 1625 :
3433 1572 3698 1626 Discessu-

2105 1681 2192 1719 rus
2218 1666 2437 1720 crastino
2479 1664 2679 1720 Paulus
2703 1682 2735 1717 a
2767 1665 2984 1730 Troade,
3017 1665 3287 1719 disserebat
3314 1666 3404 1728 eis,
3436 1673 3484 1719 et
3507 1681 3700 1718 sermo-

2107 1773 2219 1811 nem
2258 1757 2498 1826 produxit
2541 1774 2695 1828 usque
2722 1758 2790 1810 ad
2816 1757 3035 1813 mediam
3074 1767 3269 1812 noctem
3321 1755 3454 1829 (Act.
3483 1757 3575 1811 9.0.
3604 1754 3698 1825 7).

2105 1849 2371 1920 Numquid
2410 1861 2617 1920 tempus
2646 1849 2859 1905 obfuit?
2889 1850 3006 1918 dic,
3045 1865 3260 1921 quarso;
3295 1865 3418 1904 uuln
3443 1848 3704 1904 doctrina:

2107 1956 2413 1996 sermonem
2469 1943 2746 2012 praecidit?
2809 1942 3050 2014 Vigilans
3101 1951 3157 1996 et
3208 1950 3443 1996 attentus
3492 1939 3702 1995 auditor

2106 2035 2266 2090 etiam
2298 2050 2545 2104 pransus,
2593 2036 2695 2091 hoc
2741 2036 3004 2105 spirituali
3048 2045 3314 2090 conventu
3360 2034 3551 2104 dignus
3577 2043 3702 2096 est;

2108 2127 2330 2197 parique
2357 2127 2520 2181 modo
2548 2128 2771 2197 supinus
2795 2138 2849 2181 et
2874 2127 3050 2191 deses,
3101 2126 3308 2181 etiamsi
3332 2124 3554 2196 jejunus
3579 2140 3701 2195 pcr-

2107 2229 2341 2286 maneat,
2372 2219 2502 2273 nihil
2529 2219 2651 2275 inde
2682 2219 2923 2274 utilitatis
2949 2218 3146 2288 capiet.

2180 2310 2260 2364 Ad
2308 2311 2595 2379 spiritualia
2643 2309 2895 2381 quomodo
2932 2308 3295 2363 accedendum.
3341 2337 3415 2348 —
3465 2307 3532 2362 Et
3583 2307 3700 2360 ham

2108 2403 2250 2470 dico,
2298 2419 2403 2458 non
2457 2413 2514 2456 ut
2558 2403 2745 2473 jejunii
2793 2401 3023 2473 rigorem
3063 2401 3304 2462 solvam;
3349 2399 3492 2454 absit
3510 2416 3538 2465 ;_
3578 2414 3698 2452 nam

2109 2498 2334 2552 multum
2377 2496 2534 2552 laudo
2565 2495 3160 2566 proboqucjejunantes
3192 2513 3215 2549 :.
3235 2493 3332 2550 sed
3364 2492 3708 2556 ut.doccam,.

2109 2590 2288 2644 sobrio
2319 2589 2548 2660 quodam
2583 2592 2784 2656 animo,
2835 2604 2940 2642 non
2985 2588 3412 2652 consuetudine,
3452 2585 3518 2641 ad
3546 2586 3704 2655 spiri-

2111 2683 2270 2736 tualia
2299 2697 2419 2737 esse
2445 2681 2827 2738 accedendum.
2853 2679 2969 2734 Non
2995 2680 3138 2735 enim
3168 2689 3336 2748 turpe.
3368 2678 3546 2743 fuerit,
3576 2694 3700 2732 cum

2108 2774 2198 2844 qui
2225 2775 2404 2829 cibum
2433 2788 2588 2830 antea
2632 2774 2858 2843 accepit,
2885 2773 3073 2828 adesse
3110 2772 3372 2840 spirituali
3421 2771 3710 2838 doctrinae.

2108 2866 2201 2922 sed
2230 2866 2421 2937 ignavo
2450 2870 2628 2922 animo
2657 2867 2868 2930 adesse,
2901 2876 2955 2921 et
2989 2866 3058 2919 ab
3098 2864 3467 2919 aliectionihus
3495 2865 3700 2930 vexari,

2108 2969 2173 3018 et
2186 2961 2362 3017 carnis
2386 2961 2630 3017 lascivias
2661 2961 2676 2991 ¹
2707 2975 2814 3014 non
2842 2959 3217 3028 comprimere.
3246 2957 3362 3013 Non
3391 2958 3589 3011 malum
3620 2967 3704 3010 est

2108 3053 2422 3120 comedere;
2452 3053 2752 3109 absitzsed
2797 3052 2919 3122 gula
2964 3050 3218 3104 damnosa
3247 3058 3351 3116 est,
3398 3057 3454 3104 ct
3493 3048 3726 3122 impleri.

2110 3146 2612 3217 plusquam-satis,
2643 3159 2708 3199 ac
2734 3143 3074 3212 disrumpere
3120 3151 3364 3197 ventrem
3418 3159 3432 3195 :
3480 3139 3531 3196 id
3559 3140 3704 3210 quod

2111 3238 2277 3306 ipsam
2297 3238 2454 3290 etiam
2481 3236 2647 3302 illam,
2668 3251 2786 3305 qua:
2811 3251 2876 3290 ex
2896 3235 3015 3289 cibo
3032 3233 3215 3289 haberi
3239 3241 3434 3303 potest,
3459 3231 3705 3303 volupta-

2110 3342 2215 3385 tem
2246 3329 2501 3396 olfendit;
2532 3328 2982 3400 quemadmodum
3033 3328 3164 3382 nihil
3203 3328 3328 3381 mali
3380 3336 3482 3393 est,
3517 3326 3701 3380 vinum

2109 3425 2174 3478 ad
2217 3436 2520 3479 mensuram
2549 3421 2752 3486 bibere,
2781 3420 2877 3475 sed
2913 3420 3155 3475 ebrietati
3206 3433 3266 3472 se
3291 3416 3508 3481 dedere,
3540 3425 3595 3470 et
3621 3416 3704 3470 in-

2110 3518 2459 3588 temperantia
2505 3514 2763 3585 judicium
2811 3512 3032 3568 rationis
3076 3512 3406 3572 subvertere.
3449 3509 3658 3564 Etenim
3682 3549 3712 3573 ,.

2110 3611 2336 3677 dilecte,
2361 3609 2408 3664 si
2435 3608 2504 3664 ob
2533 3607 2774 3676 corporis
2802 3604 3221 3661 imbecillitatem
3252 3618 3356 3656 non
3385 3611 3537 3671 potes
3557 3601 3706 3672 jeju---

2110 3718 2210 3759 nus
2238 3702 2378 3758 diem
2403 3700 2718 3771 producere,
2751 3699 2931 3753 nullus
2955 3698 3044 3767 qui
3070 3698 3242 3768 sapiat
3271 3706 3489 3766 pr0pter
3519 3694 3622 3750 hoc
3653 3705 3722 3752 te.

2109 3810 2333 3866 arguere
2363 3793 2574 3864 poterit.
2599 3792 2882 3846 Dominum
2909 3790 3052 3846 enim
3083 3789 3340 3844 habemus
3361 3797 3700 3843 mansuetum

2110 3905 2174 3945 ac
2195 3889 2500 3959 benignum,
2525 3896 2581 3941 et
2602 3885 2734 3940 nihil
2764 3899 2925 3955 supra
2951 3885 3093 3939 vires
3120 3891 3330 3940 nostras
3352 3897 3384 3936 a
3414 3882 3568 3936 nobis
3588 3881 3720 3934 exi--

2109 3995 2342 4054 gentem.
2373 3982 2555 4052 Neque
2581 3981 2724 4036 enim
2771 3980 3146 4036 abstinentiam
3173 3993 3202 4032 a
3230 3977 3364 4032 cibis
3391 3986 3446 4032 et
3471 3975 3702 4030 inediam

2109 4075 2428 4144 simpliciter.
2446 4089 2476 4128 a
2505 4073 2660 4126 nobis
2679 4072 2864 4142 exigit,
2899 4086 3072 4140 neque
3095 4069 3198 4124 hoc
3224 4070 3418 4136 ipsum,
3453 4077 3513 4122 ut
3531 4068 3700 4137 jejuni

2112 4164 2450 4222 solummodo
2474 4176 2901 4234 pcrmancamus,
2929 4162 3024 4217 sed
3065 4170 3172 4215 uta
3198 4159 3541 4215 saecularibus
3570 4173 3702 4228 ope-

2109 4259 2260 4315 ribus
2290 4273 2387 4314 nos
2411 4257 2746 4324 abdicantes,
2775 4272 2936 4312 omne
2971 4265 3212 4310 nostrum
3241 4254 3408 4308 otium
3440 4255 3495 4308 in
3546 4254 3703 4322 Spiri-

2110 4351 2343 4406 tualibus
2381 4364 2778 4406 consumnmns.
2834 4348 2965 4404 Nam
3010 4350 3054 4404 si
3104 4348 3282 4404 sobria
3331 4357 3510 4403 mente
3540 4348 3698 4402 vitam

2111 4452 2347 4499 nostram
2378 4443 2880 4503 institueremus,et
2905 4440 3163 4512 quidquid
3185 4441 3282 4495 otii
3308 4439 3489 4505 datur,
3513 4439 3566 4492 in
3592 4439 3724 4508 spi--.

2113 4536 2318 4590 ritualia
2344 4534 2778 4604 impenderemus
2810 4551 2824 4588 :
2855 4541 2911 4589 et
2938 4533 3089 4588 cibos
3138 4534 3210 4588 ita
3253 4547 3614 4598 sumeremus,
3647 4541 3706 4586 ut

2115 4639 2318 4685 tantum
2371 4644 2743 4695 sumeremus,
2772 4637 3032 4698 quantum
3082 4644 3220 4682 usus.
3247 4627 3436 4696 exigit,
3466 4635 3518 4680 et
3538 4625 3726 4680 vitam.

2115 4732 2279 4778 totam
2332 4722 2387 4777 in
2427 4722 2580 4777 bonis
2599 4720 2854 4791 operibus
2896 4719 3352 4788 dispensaremus,
3397 4717 3506 4785 jam
3558 4715 3704 4770 nullo

2114 4830 2249 4885 ορυε
2296 4825 2439 4870 esset
2481 4829 2548 4868 ex
2584 4812 2804 4883 jejuuiis
2845 4811 3176 4881 adjumento.
3229 4808 3333 4865 Sed
3380 4808 3504 4876 quia
3535 4805 3726 4874 negli-a

2114 4925 2244 4980 gens
2291 4917 2382 4963 est
2399 4908 2628 4961 humana
2666 4917 2876 4970 natura,
2931 4914 2982 4960 et
3021 4904 3227 4958 deliciis
3262 4901 3488 4971 gaudet,
3543 4908 3709 4954 etre-

2117 5002 2413 5057 lanationes
2439 5001 2630 5071 quaerit
2657 5017 2672 5054 :
2701 4999 2902 5053 idcirco
2926 5007 3195 5067 tamquam
3223 4994 3289 5048 ad
3319 5007 3555 5046 amorem
3579 5006 3708 5060 pro-

2118 5095 2182 5149 lis
2213 5106 2507 5163 propensus
2535 5098 2684 5159 pater
2702 5089 2944 5145 clemens
2969 5087 3225 5142 Dominus
3248 5084 3385 5138 hanc
3415 5098 3480 5138 ex
3506 5078 3712 5150 jejunio

2118 5185 2435 5240 medicinam
2463 5181 2800 5252 excogitavit,
2834 5187 2892 5234 ut
2919 5189 2972 5234 et
2995 5177 3218 5232 delicata
3249 5191 3279 5229 e
3316 5173 3495 5227 medio
3515 5172 3710 5226 tollan-

2121 5289 2206 5336 tur
2231 5287 2286 5334 et
2306 5276 2642 5332 saecularium
2669 5289 2851 5329 curam
2870 5271 2936 5327 ad
2965 5268 3262 5339 spiritualia
3288 5281 3451 5335 opera
3473 5263 3736 5320 πωπω-,ο

2120 5387 2320 5429 ramus.
2348 5371 2405 5427 Si
2426 5370 2586 5440 igitur
2608 5377 2734 5424 sunt
2761 5365 2925 5436 aliqui
2954 5369 3266 5434 praesentes,
3299 5373 3437 5428 quos
3464 5357 3732 5426 θοι-νοτίς,

2117 5474 2262 5520 vetat
2284 5463 2566 5518 inﬁrmitas
2587 5460 2800 5531 jejunus
2828 5468 2880 5512 et
2914 5457 3215 5526 impransus
3257 5463 3593 5523 permanere.
3618 5460 3712 5502 eos

2119 5555 2306 5612 hortor
2351 5563 2407 5610 ut
2432 5552 2672 5624 corporis
2708 5548 3072 5606 inﬁrmitatem
3117 5552 3328 5609 curent,
3355 5551 3411 5598 et
3450 5538 3727 5611 spirituali-

2155 5714 2204 5785 ,ί
2241 5712 2541 5785 sicomnes.
2565 5718 2745 5773 praeter
2770 5707 2932 5761 Morel.
2957 5707 3038 5772 qui
3073 5705 3243 5766 habet,
3285 5699 3538 5755 libidinum
3573 5695 3730 5748 ιιικξο.

2121 5781 2238 5836 t't'as,
2261 5781 2422 5826 minus
2444 5781 2618 5825 recte-
