4144 6426
446 366 516 427 83
1192 364 1248 420 S.
1289 364 1565 424 JOANNIS
1584 356 2060 420 CHRYSOSTOMI
2100 355 2420 412 ARCHIEP.
2460 354 2991 413 CONSTANTINOP.
3662 356 3732 416 ει

443 488 545 539 hac
567 481 807 538 doctrina
837 495 941 536 non
980 480 1152 535 solum
1184 492 1290 533 non
1329 477 1626 549 priventur,
1654 474 1750 531 sed
1767 484 1821 531 et
1841 473 2021 545 pransi

445 576 566 645 plus
593 574 879 631 exhibeant
901 572 1083 628 studii.

516 667 572 721 2.
608 665 716 720 γεω
772 664 983 720 diversis
1038 664 1220 737 quibus
1276 663 1369 717 Dei
1409 662 1748 718 benevolentia
1816 658 2037 727 acquiri-

442 772 543 813 tur.
576 789 649 799 -—
672 758 807 815 Sunt
836 758 1002 823 enim,
1047 767 1171 812 sunt
1203 756 1445 827 profecto
1471 756 1569 809 viae
1616 752 1807 824 quibus
1835 748 2040 805 ﬁduciae

440 853 507 907 ad
544 853 708 909 Deum
731 852 909 923 janum
929 852 1123 922 aperiri
1156 858 1400 921 possunt,
1432 849 1603 903 multo
1628 845 1859 915 majores
1879 858 2038 913 quam

444 946 687 1000 ciborum
714 945 1057 1001 abstinentia.
1093 943 1253 1015 Igitur
1280 943 1367 1012 qui
1408 942 1580 996 cibum
1610 937 1802 1007 accipit
1826 933 2041 1005 etjeju-

447 1054 578 1092 nare
624 1052 729 1090 non
759 1037 918 1099 valet,
952 1035 1233 1107 largiorem
1265 1034 1355 1088 det
1384 1032 1802 1100 eleemosynam,
1834 1027 2044 1081 ferven-

444 1135 548 1185 tior
578 1131 649 1185 sit
680 1131 733 1185 in
763 1129 1027 1200 precibus,
1086 1127 1341 1197 majorem
1380 1126 1571 1181 habeat
1610 1123 1941 1179 alacritatem
1989 1118 2040 1174 in

444 1224 730 1277 audiendis
746 1221 939 1277 divinis
964 1221 1211 1291 eloquiis,
1233 1220 1284 1273 in
1301 1218 1492 1289 quibus
1503 1216 1744 1286 corporis
1765 1212 2045 1269 infirmitas

447 1314 579 1368 nihil
634 1314 847 1369 obstare
898 1321 1117 1382 potest:
1152 1311 1381 1365 inimicis
1420 1305 1795 1365 reconcilietur
1818 1346 1835 1372 ,
1882 1318 2044 1360 omne

446 1403 627 1458 odium
654 1413 706 1458 et
740 1402 987 1457 vindicta:
1012 1401 1356 1472 cupiditatem
1397 1416 1463 1455 ex
1483 1398 1662 1453 animo
1697 1397 1955 1453 eliminet.
1988 1395 2045 1449 Si

449 1498 563 1551 lucc
588 1496 792 1561 fecerit,
822 1510 1005 1549 verum
1041 1493 1304 1565 jejunavit
1323 1492 1607 1563 jejunium,
1659 1489 1803 1561 quod
1830 1504 1860 1543 a
1890 1488 2046 1544 nobis

455 1587 791 1660 potissimum
819 1587 1062 1657 exposcit
1081 1585 1359 1641 Dominus.
1381 1585 1669 1653 Propterea
1686 1582 1829 1637 enim
1856 1580 1996 1635 hanc
2015 1594 2045 1634 a

451 1681 588 1735 cibis
611 1680 990 1735 abstinentiam
1020 1677 1263 1733 adhiberi
1305 1675 1570 1747 praecipit,
1606 1682 1669 1730 ut
1710 1672 2045 1729 refrenantes

452 1772 631 1826 carnis
661 1771 927 1838 lascivias,
956 1785 1074 1825 eam
1095 1769 1480 1839 obsequentem
1502 1764 1791 1822 reddamus
1810 1764 1877 1819 ad
1894 1778 2047 1819 man-

452 1864 576 1917 data
605 1861 702 1918 Dei
730 1860 1019 1932 implenda.
1047 1860 1199 1929 Quod
1225 1860 1272 1914 si
1297 1860 1368 1914 ob
1399 1858 1766 1913 inﬁrmitatem
1805 1856 2047 1926 corporis

452 1953 745 2009 subsidium
770 1954 890 2019 hoc,
920 1953 1060 2024 quod
1080 1951 1342 2023 jejunium
1370 1958 1588 2022 prastat
1609 1949 1763 2005 nobis
1790 1947 2047 2003 adhibere

451 2048 718 2113 nolumus,
746 2055 800 2101 et
828 2046 1047 2101 desidia:
1076 2044 1368 2100 deditiores
1398 2058 1605 2108 sumus,
1631 2041 1861 2096 maxima
1891 2040 2046 2096 nobis

451 2139 583 2208 ipsis
605 2137 799 2193 damna
828 2136 1193 2208 imprudentes
1217 2135 1509 2191 aﬁ'erimus.
1533 2133 1666 2188 Nam
1690 2133 1736 2187 si
1755 2132 2039 2203 jejunium,

452 2230 763 2286 absentibus
789 2230 911 2285 aliis
934 2228 1202 2301 prmdictis
1230 2228 1506 2299 operibus,
1534 2224 1670 2281 nihil
1704 2224 1858 2281 nobis
1884 2223 2046 2295 prod-

450 2332 559 2392 est,
591 2324 759 2380 multo
796 2324 984 2395 magis,
1011 2324 1057 2378 si
1086 2322 1418 2393 cumjejunii
1464 2321 1756 2392 pharmace
1802 2320 1883 2374 uti
1935 2334 2043 2374 non

453 2414 762 2484 possimus,
817 2415 1119 2486 graviorem
1188 2413 1565 2485 negligentiam
1622 2411 2041 2467 exhibuerimus.

453 2506 583 2562 B330
608 2515 787 2563 autem
812 2521 934 2561 cum
959 2522 989 2560 a
1019 2506 1178 2562 nobis
1220 2504 1538 2571 didiceritis,
1568 2520 1787 2560 oramus
1814 2519 1933 2571 vos,
1954 2505 2047 2576 qui

450 2599 696 2670 jejunare
720 2600 926 2667 valetis,
952 2609 1010 2655 ut
1031 2600 1131 2671 ipsi
1158 2609 1415 2671 quantum
1453 2602 1719 2671 poteritis,
1765 2599 1961 2656 bonam
1988 2609 2045 2656 et

456 2689 778 2745 laudabilem
804 2691 941 2747 hanc
961 2701 1192 2748 vestram
1205 2692 1447 2762 augeatis
1461 2692 1815 2763 diligentiam.
1844 2693 2047 2760 Quanto

453 2780 599 2837 enim
632 2794 869 2837 externus
911 2795 1081 2838 uoster
1109 2782 1259 2838 homo
1290 2785 1653 2856 corrumpitur,
1701 2793 1843 2840 tanto
1892 2787 2048 2839 inter-

454 2889 552 2928 nus
577 2885 850 2929 renovatur
875 2876 951 2942 (Ξ.
983 2875 1105 2931 Cor.
1136 2877 1190 2931 4.
1215 2875 1341 2948 l6).
1365 2874 1635 2946 Jejunium
1668 2876 1811 2932 enim
1852 2892 2047 2947 corpus

454 2964 777 3035 comprimit,
802 2973 857 3021 et
885 2966 1129 3021 lascivias
1154 2966 1486 3021 inordinatas
1512 2967 1769 3032 refrenat,
1800 2968 2035 3023 animam

456 3063 637 3111 autem
671 3057 953 3112 clariorem
982 3058 1166 3123 efﬁcit,
1198 3058 1300 3111 alis
1329 3058 1544 3111 instruit
1572 3067 1627 3113 et
1655 3058 1941 3113 sublimem
1969 3060 2047 3113 le-

454 3162 687 3217 vemque
735 3146 879 3201 facit.
910 3146 1127 3203 Fratres
1156 3163 1374 3218 quoque
1414 3155 1645 3215 vestros,
1690 3156 1953 3219 quotquot
1977 3149 2051 3204 ob

456 3239 697 3308 corporis
720 3238 1076 3294 valetudinem
1093 3238 1337 3310 jejunare
1354 3249 1643 3311 nequeunt,
1666 3240 2045 3309 exhortemini,

458 3344 528 3385 ne
568 3330 898 3401 spiritualem
930 3332 1066 3387 hanc
1097 3346 1338 3386 mensam
1380 3331 1706 3403 relinquant,
1732 3342 1789 3386 et
1817 3332 1883 3387 ad
1928 3334 2047 3389 illos

458 3421 653 3478 referte
677 3438 796 3493 qua:
820 3438 849 3477 a
895 3422 1052 3478 nobis
1090 3422 1389 3479 didiceritis
1413 3465 1429 3491 ,
1474 3424 1770 3479 iudicantes
1794 3440 1915 3480 eum
1956 3426 2047 3496 qui

457 3510 734 3567 moderate
760 3512 995 3567 comedit
1018 3520 1075 3568 et
1094 3513 1228 3569 bibit
1254 3528 1360 3569 non
1398 3514 1672 3585 indignum
1699 3514 1801 3571 hoc
1838 3516 2051 3572 audito-

457 3602 544 3658 rio
557 3616 698 3667 esse,
726 3603 820 3657 sed
836 3619 959 3658 eum
975 3605 1067 3673 qui
1102 3604 1260 3660 deses
1282 3613 1336 3661 et
1359 3605 1649 3661 dissolutus
1676 3606 1767 3661 sit.
1798 3606 1868 3663 Et
1886 3608 2049 3665 dicite

458 3695 538 3749 eis
560 3695 576 3727 ¹
604 3696 959 3766 apostolicum
984 3696 1087 3752 hoc
1126 3696 1331 3752 dictum
1363 3714 1377 3751 :
1408 3696 1477 3751 Et
1503 3698 1590 3767 qui
1608 3699 1904 3765 manducat,
1932 3700 2045 3756 Da-

458 3784 597 3838 etino
639 3785 913 3840 manducat
967 3802 988 3840 :
1028 3797 1076 3840 et
1100 3788 1187 3858 qui
1215 3803 1317 3842 non
1338 3788 1633 3854 manducet,
1680 3789 1899 3846 Domino
1942 3809 2046 3848 non

455 3877 750 3945 manducet,
781 3886 831 3933 et
875 3881 1069 3950 gratias
1094 3880 1199 3952 agit
1248 3878 1355 3935 Deo
1397 3879 1573 3954 (Rom.
1613 3882 1698 3937 ιι.
1743 3882 1835 3953 6).
1888 3884 2046 3955 Igitur

452 3968 546 4039 qui
564 3968 791 4040 jejunat,
817 3972 1014 4041 gratias
1033 3972 1143 4043 agit
1175 3972 1420 4039 Domino,
1451 3971 1541 4044 qui
1574 3974 1717 4030 vires
1763 3974 1812 4029 ei
1860 3975 2046 4031 tribuit

456 4060 527 4115 ad
566 4058 823 4118 ferendos
860 4062 1052 4133 jejunii
1083 4064 1297 4119 labores
1330 4081 1343 4117 :
1389 4073 1444 4120 et
1471 4066 1561 4135 qui
1590 4066 1893 4134 manducet,
1941 4069 2043 4123 ite-

456 4167 575 4207 rum
600 4154 801 4223 gratias
825 4154 937 4223 agit
976 4156 1106 4220 Deo,
1136 4156 1258 4225 quia
1282 4156 1333 4211 id
1364 4157 1498 4211 nihil
1522 4158 1693 4227 ipsum
1718 4158 1915 4215 laedere
1945 4175 2043 4229 po-

454 4249 583 4309 test,
617 4243 902 4312 quominus
925 4243 1120 4299 anitnte
1162 4245 1389 4299 salutem
1410 4256 1552 4317 agat,
1575 4248 1739 4303 modo
1766 4250 1915 4304 velit.
1941 4250 2043 4305 Tot

454 4331 603 4388 enim
628 4334 783 4388 nobis
813 4332 927 4387 vias
978 4335 1181 4403 paravit
1223 4335 1484 4405 benignus
1532 4337 1693 4403 Deus,
1720 4349 1854 4409 quot
1884 4355 2043 4396 enar-

452 4438 579 4478 rare
612 4439 719 4480 non
748 4439 1052 4495 possumus,
1089 4440 1187 4497 per
1226 4442 1391 4497 quas,
1422 4429 1469 4483 si
1498 4430 1849 4498 voluerimus,
1890 4448 2041 4488 sum-

452 4529 600 4571 mam
638 4516 884 4573 ﬁduciam
920 4519 1131 4589 assequi
1172 4520 1317 4574 licet.
1356 4520 1481 4576 [hec
1531 4532 1748 4591 propter
1791 4524 2041 4583 absentes

454 4606 657 4664 dixisse
675 4609 742 4665 sit
772 4610 925 4676 satis,
958 4620 1018 4666 ut
1051 4611 1270 4667 tollatur
1312 4612 1390 4668 eis
1431 4614 1653 4683 pudoris
1682 4616 1955 4681 obtentus,
1986 4628 2043 4675 et

451 4700 675 4770 sciatur,
701 4717 807 4759 non
851 4712 1102 4773 oportere
1130 4712 1350 4774 propter
1378 4704 1480 4761 hoc
1508 4705 1714 4775 pudore
1766 4708 1997 4765 suﬁ‘undi
2025 4731 2039 4767 :

450 4808 630 4866 neque
665 4795 809 4851 enim
852 4796 1155 4853 comedisse
1200 4797 1465 4867 pudorem
1515 4800 1670 4857 nobis
1719 4802 1894 4870 atl'ert,
1944 4805 2040 4860 sed

448 4886 577 4943 mali
605 4887 878 4960 quidpiam
904 4889 1098 4961 egisse.

522 4976 787 5050 Conlcssio
810 4990 1149 5050 peccatorum.
1168 4979 1525 5051 Temperantia
1543 4983 1611 5038 ad
1634 4985 1897 5041 sanitatem
1913 5003 2039 5043 cen-

449 5071 610 5126 ducit.
633 5101 707 5112 —
735 5071 1016 5129 Peccatum
1060 5089 1250 5146 magna
1279 5076 1550 5146 turpitudo
1575 5085 1659 5133 est
1683 5097 1697 5134 :
1736 5081 1781 5135 si
1811 5080 1913 5138 hoc
1939 5083 2038 5138 ad-

451 5163 733 5230 mittimus,
765 5180 870 5221 non
899 5166 1072 5223 solum
1096 5167 1414 5224 erubescere
1438 5167 1716 5236 debemus,
1745 5172 1840 5228 sed
1861 5183 1916 5229 et
1940 5189 2038 5231 nos

444 5250 741 5317 occultare,
786 5262 843 5309 et
886 5256 1113 5312 miseros
1156 5256 1336 5312 dicere
1375 5273 1475 5314 nos
1522 5259 1668 5329 ipsos
1701 5277 1807 5317 non
1836 5265 2034 5333 minus,

447 5356 614 5412 quam
658 5344 747 5412 qui
775 5346 829 5399 in
858 5350 1132 5419 scopulum
1176 5350 1548 5422 impegerunt:
1578 5354 1687 5409 imo
1711 5370 1884 5426 neque
1913 5366 2037 5414 tunc

449 5432 786 5499 despondere
828 5435 1063 5493 animum
1084 5481 1099 5506 ,
1149 5441 1242 5497 sed
1268 5441 1337 5497 ad
1364 5442 1755 5501 confessionem
1774 5487 1792 5514 ,
1822 5456 1876 5502 et
1898 5450 2036 5504 tesi-

453 5524 763 5591 piseentiam
808 5524 1062 5585 festinare
1104 5531 1381 5589 debemus.
1427 5534 1742 5605 Huiusmodi
1784 5538 1925 5593 enim
1953 5548 2037 5595 est

450 5612 707 5671 Dominus
733 5625 937 5683 noster,
964 5619 1051 5687 qui
1076 5620 1208 5675 nihil
1233 5623 1372 5679 aliud
1404 5627 1625 5696 requirit
1649 5627 1883 5683 admisso
1906 5644 2033 5699 pec-

515 5744 556 5823 ίμ
706 5760 854 5823 unus,
874 5746 1145 5823 indicantes
1165 5754 1383 5823 fructum.
1397 5772 1461 5808 ex
1497 5759 1570 5823 his
1594 5761 1891 5813 sermonibus
1910 5759 2040 5813 acci-

447 5804 690 5867 piendum.
716 5816 776 5862 ει
802 5808 944 5860 dicite
967 5813 1051 5873 eis,
1075 5804 1265 5866 omissis
1284 5804 1597 5883 interpositis.

1998 5942 2031 5949 σε
2055 5944 2060 5948 .

2148 479 2288 535 cato,
2317 470 2362 524 si
2398 468 2613 540 quando
2652 480 2745 538 per
2788 468 3049 539 ignaviam
3096 465 3433 537 deliquimus,
3477 476 3637 538 quam
3673 476 3735 525 ut

2148 571 2327 618 errata
2372 561 2742 626 conﬁteamur,
2794 574 2896 615 nec
2940 560 3075 615 ultra
3117 557 3537 630 progrediamur,
3563 561 3652 617 vel
3680 560 3737 618 in

2147 653 2334 710 eadem
2372 652 2692 709 recidamus.
2737 650 3002 707 Caeterum
3042 666 3165 706 cum
3207 650 3329 706 cibo
3358 660 3555 707 nostrae
3580 667 3738 708 meu-

2147 760 2289 803 ειη-ω
2334 745 2647 816 congruenti
2694 745 2926 811 utimur,
2981 758 3267 814 numquam
3311 744 3737 803 erubescamus:

2149 854 2274 894 nam
2304 839 2560 895 Dominus
2586 851 2682 893 nos
2709 837 2801 893 tali
2828 838 3040 907 corpori
3064 836 3377 906 conjunctos
3406 851 3527 893 esse
3551 837 3738 899 voluit.

2149 931 2292 1001 quod
2313 931 2469 985 aliter
2491 930 2786 986 consistere
2813 928 2995 1000 nequit
3019 927 3122 983 nisi
3151 928 3271 983 cibo
3292 937 3557 998 pascatur,
3579 927 3742 984 modo

2149 1023 2327 1077 cibum
2358 1021 2580 1077 nimium
2609 1034 2979 1083 nesumamus
3012 1037 3025 1073 :
3057 1019 3111 1074 id
3138 1018 3280 1087 quod
3310 1018 3466 1074 nobis
3487 1018 3555 1075 ad
3593 1021 3742 1074 sani-

2152 1123 2314 1170 tatem
2379 1123 2435 1169 et
2482 1114 2723 1185 corporis
2784 1114 2979 1169 bonam
3033 1111 3401 1167 habitudinem
3458 1110 3742 1182 plurimum

2150 1206 2417 1263 conducit.
2454 1209 2643 1261 Annon
2669 1204 2859 1260 videtis
2885 1202 3124 1275 quotidie
3147 1218 3214 1259 ex
3238 1202 3565 1273 sumptuosis
3584 1216 3742 1258 men-

2150 1302 2224 1355 sis
2247 1308 2301 1357 et
2340 1298 2623 1355 immodica
2670 1299 2901 1369 ingluvie
2940 1297 3145 1352 inﬁnita
3189 1296 3499 1352 modiorum
3544 1310 3743 1366 genera

2152 1397 2369 1452 induci?
2414 1396 2564 1453 Unde
2611 1395 2895 1466 podagrze?
2938 1394 3086 1450 Unde
3106 1393 3299 1464 capitis
3323 1391 3574 1447 dolores?
3605 1389 3745 1447 unde

2152 1494 2524 1556 corruptorum
2571 1486 2855 1541 humorem
2894 1482 3252 1539 abundantia?
3301 1482 3443 1538 unde
3480 1480 3746 1536 innumeri

2152 1578 2241 1634 alii
2263 1578 2471 1633 morbi?
2495 1577 2682 1633 Nonne
2708 1578 2777 1632 ab
2795 1575 3209 1647 intemperantia
3235 1584 3291 1630 et
3314 1574 3562 1643 largiore,
3586 1587 3745 1643 quam

2152 1690 2247 1744 par
2274 1675 2363 1739 sit,
2408 1675 2514 1729 vini
2561 1674 2728 1743 potu?
2768 1672 2899 1727 Nam
2944 1673 3082 1726 sicut
3126 1669 3298 1736 navis,
3346 1684 3466 1739 quze
3488 1667 3640 1737 aquis
3674 1666 3745 1727 ita

2152 1770 2422 1841 impletur,
2449 1777 2507 1824 ut
2550 1767 2816 1823 exhauriri
2847 1773 3093 1837 nequeat,
3127 1769 3305 1820 statim
3346 1762 3743 1832 submergitur:

2152 1862 2224 1917 ita
2253 1872 2307 1916 et
2339 1863 2499 1915 homo
2523 1859 2736 1931 quando
2762 1859 2998 1928 crapulae
3022 1864 3078 1912 et
3103 1855 3349 1912 ebrietati
3386 1855 3623 1923 seipsum
3649 1852 3744 1907 de-

2151 1951 2307 2018 didit,
2342 1951 2392 2005 in
2424 1964 2662 2021 praeceps
2688 1947 2854 2014 vadit,
2887 1957 2943 2004 et
2964 1948 3224 2003 rationem
3250 1961 3400 2001 suam
3427 1945 3742 2015 submergit,

2151 2044 2381 2116 denique
2404 2044 2547 2116 jacet
2588 2043 2738 2115 quasi
2787 2043 2963 2097 vivum
2992 2041 3241 2107 cadaver,
3272 2039 3337 2094 ad
3364 2038 3502 2093 mala
3532 2036 3743 2108 quidem

2151 2135 2423 2208 operanda
2471 2150 2615 2206 saepe
2657 2134 2867 2200 habilis,
2910 2133 2978 2187 ad
3008 2134 3146 2189 bona
3175 2140 3351 2188 autem
3378 2131 3559 2186 omnia
3582 2128 3745 2185 nihilo

2150 2244 2211 2285 se
2237 2228 2430 2285 melius
2468 2228 2694 2293 habens,
2724 2242 2883 2298 quam
2912 2226 3129 2281 mortui.

2226 2321 2282 2376 5.
2323 2320 2525 2377 Idcirco
2555 2321 2800 2385 obsecro,
2831 2329 2889 2375 ut
2913 2318 3204 2374 secundum
3245 2317 3459 2373 beatum
3499 2314 3741 2379 Paulum,

2153 2412 2331 2468 Carnis
2370 2428 2548 2467 curam
2589 2429 2653 2467 ne
2693 2412 2856 2483 agatis
2884 2411 2952 2464 ad
2988 2408 3417 2481 concupiscentias
3446 2406 3623 2479 (Rom.
3657 2406 3744 2461 13.

2152 2506 2265 2577 ﬂ),
2292 2505 2387 2561 sed
2424 2515 2480 2560 ut
2520 2505 2733 2575 possitis
2781 2504 3094 2568 subsistere,
3138 2510 3193 2557 et
3232 2500 3422 2570 majori
3473 2498 3744 2555 alacritate

2151 2597 2311 2653 rebus
2357 2596 2720 2667 spiritualibus
2764 2610 2984 2666 operam
3015 2593 3163 2649 dare.
3206 2591 3333 2647 Haec
3358 2591 3536 2645 omnia
3569 2590 3744 2645 fratri-

2151 2688 2251 2744 bus
2278 2689 2467 2743 vestris
2505 2688 2684 2754 dicite,
2716 2695 2768 2743 et
2798 2686 3018 2742 suadete
3049 2684 3174 2749 illis,
3205 2698 3271 2738 ne
3298 2698 3550 2752 umquam
3587 2681 3741 2753 Spiri-

2152 2780 2277 2835 tuali
2309 2778 2413 2835 hoc
2446 2779 2702 2835 alimento
2730 2794 2789 2833 se
2816 2779 3059 2848 privent;
3109 2775 3205 2831 sed
3244 2775 3343 2831 etsi
3390 2775 3575 2844 pransi
3616 2774 3741 2836 sint,

2152 2871 2368 2926 veniant
2394 2870 2541 2925 omni
2570 2885 2692 2924 eum
2716 2869 3012 2934 alacritate,
3040 2876 3099 2923 ut
3127 2878 3343 2937 accepta
3372 2866 3458 2920 hic
3478 2864 3742 2936 spirituali

2153 2964 2418 3031 doctrina,
2448 2963 2723 3019 diabolicis
2754 2962 2959 3017 insidiis
2998 2961 3205 3017 fortiter
3233 2960 3487 3016 resistere
3516 2961 3741 3030 possint.

2151 3057 2417 3113 Caeterum
2461 3057 2613 3111 vobis
2659 3064 2967 3111 consuetam
3016 3053 3345 3124 spiritualem
3378 3067 3621 3108 mensam
3651 3066 3745 3106 nos

2152 3164 2503 3221 apponamus,
2531 3149 2768 3205 caritatis
2796 3158 2989 3204 vestra?
3019 3146 3072 3201 in
3104 3145 3381 3201 audiendis
3406 3145 3609 3201 divinis
3637 3154 3744 3200 stu-

2152 3241 2295 3296 dium
2326 3241 2404 3296 sic
2444 3241 2854 3308 remuneraturi,
2884 3251 2935 3296 et
2965 3238 3202 3295 debitum
3232 3238 3373 3309 quod
3403 3238 3743 3307 promisimus

2151 3334 2467 3391 exsoluturi.
2512 3334 2672 3390 Scitis
2706 3335 2849 3390 enim
2896 3333 3134 3400 omnino,
3177 3342 3231 3387 et
3257 3329 3604 3397 meministis,
3647 3343 3741 3384 nos

2150 3425 2221 3482 de
2264 3426 2494 3482 hominis
2539 3425 2858 3482 formatione
2897 3427 3079 3482 dicere
3116 3425 3365 3495 cmpisse,
3409 3434 3463 3478 et
3499 3423 3739 3494 angustia

2151 3520 2407 3589 temporis
2454 3519 2795 3590 prmpcditos,
2837 3518 3119 3574 lectionem
3150 3527 3312 3573 totam
3347 3515 3609 3586 perlicere
3638 3531 3738 3570 non

2150 3613 2411 3677 valentes,
2454 3613 2509 3667 in
2558 3610 2800 3667 doctrina
2843 3610 2911 3665 de
2958 3609 3188 3666 ferarum
3218 3607 3445 3664 utilitate
3470 3608 3636 3664 ﬁnem
3663 3605 3740 3662 fe-

2148 3704 2311 3768 cisse,
2337 3701 2702 3768 ostendentes,
2750 3701 3020 3757 hominem
3065 3710 3282 3772 propter
3322 3698 3739 3759 inobedientiam

2148 3809 2180 3848 a
2208 3793 2527 3863 principatu,
2570 3809 2729 3863 quem
2778 3793 2926 3864 prius
2972 3807 3131 3862 super
3172 3805 3263 3847 eas
3300 3790 3553 3857 habebat,
3593 3791 3737 3847 exci-

2149 3884 2311 3943 disse.
2334 3883 2490 3941 Unde
2519 3884 2677 3941 hodie
2700 3887 2839 3955 quod
2862 3884 3125 3955 reliquum
3148 3893 3230 3939 est
3248 3882 3559 3950 reddemus,
3584 3892 3737 3952 atque

2149 3977 2220 4033 ita
2274 3977 2399 4032 hinc
2446 3989 2546 4031 vos
2595 3976 2945 4032 dimittamus.
2998 3975 3066 4030 Et
3117 3984 3175 4030 ut
3224 3973 3558 4030 manifestior
3592 3972 3737 4027 vobis

2148 4084 2327 4125 sertuo
2372 4077 2554 4125 noster
2596 4069 2687 4134 sit,
2730 4083 2909 4137 opera:
2949 4067 3177 4137 pretium
3204 4065 3363 4121 fuerit
3406 4066 3730 4129 meminisse,

2148 4162 2238 4219 ubi
2277 4171 2405 4218 tunc
2443 4162 2664 4219 missum
2694 4160 2978 4217 fecerimus
3005 4176 3331 4223 sermonem,
3359 4169 3415 4212 ut
3443 4158 3570 4215 inde
3597 4157 3734 4215 facto

2148 4255 2318 4321 initio,
2362 4271 2480 4326 qua!
2505 4253 2708 4323 reliqua
2734 4262 2860 4308 sunt
2888 4252 3223 4323 impleamus.
3257 4251 3357 4308 Ubi
3385 4251 3547 4321 igitur
3575 4252 3731 4305 ﬁnem

2149 4346 2360 4403 dicendi
2390 4345 2651 4403 fecimus?
2679 4344 2810 4401 Cum
2831 4344 3063 4400 diximus
3091 4343 3157 4400 de
3184 4344 3285 4398 illis
3312 4344 3510 4407 verbis,
3545 4341 3732 4396 Facia-

2146 4458 2259 4496 mus
2308 4440 2561 4495 hominem
2596 4440 2869 4495 secundum
2896 4438 3164 4509 imaginem
3189 4447 3431 4502 nostram,
3464 4444 3511 4489 et
3552 4453 3735 4490 secun-

2147 4533 2269 4586 dum
2305 4531 2705 4598 similitudinem,
2748 4538 2794 4584 et
2838 4530 3157 4584 dominentur
3202 4528 3421 4598 piscibus
3462 4529 3638 4590 maris,
3686 4535 3732 4580 et

2146 4621 2431 4675 volucribus
2453 4622 2586 4685 creti,
2618 4621 2738 4691 quia
2766 4629 2891 4674 tunc
2915 4634 3093 4674 sermo
3124 4618 3379 4689 prolixior
3408 4617 3525 4680 fuit,
3557 4627 3612 4673 et
3636 4632 3731 4671 na-

2146 4721 2259 4766 tum
2302 4720 2385 4767 est
2426 4712 2581 4767 nobis
2628 4712 2846 4782 pelagus
2882 4710 3145 4781 quoddam
3190 4710 3595 4774 sententiarum,
3635 4723 3731 4763 nec

2144 4817 2481 4870 concessum,
2514 4811 2574 4858 ut
2601 4803 2824 4859 ulterius
2854 4802 3317 4873 progrederemur,
3349 4802 3442 4857 sed
3472 4801 3731 4857 hactenus

2146 4894 2404 4965 producto
2440 4910 2710 4959 sermone,
2758 4893 3035 4965 sequentia
3079 4909 3184 4949 non
3237 4894 3528 4965 attigimus.
3580 4893 3730 4949 Unde

2145 5002 2285 5042 nunc
2326 4985 2706 5054 necessarium,
2750 4995 2808 5041 ut
2842 4986 3047 5043 caritati
3072 4995 3264 5041 vestra:
3292 5001 3410 5055 qtae
3438 4992 3730 5055 sequuntur

2142 5081 2406 5151 legantur,
2454 5088 2512 5135 ut
2549 5079 2688 5135 scire
2726 5078 2942 5148 possitis
2968 5093 3212 5149 quaenam
3259 5076 3407 5131 vobis
3435 5076 3624 5132 dicturi
3654 5076 3728 5131 si-

2143 5187 2285 5227 mus.
2322 5171 2510 5227 Statim
2538 5172 2696 5241 igitur
2723 5171 2901 5226 divina
2930 5169 3471 5241 Scripturapsubdidit
3505 5188 3519 5228 :
3545 5170 3634 5222 ΞΠ.
3665 5167 3729 5221 Et

2143 5265 2258 5335 fecit
2275 5262 2412 5319 Deus
2434 5263 2706 5327 hantinem;
2725 5262 3001 5318 secundum
3021 5263 3288 5331 imaginem
3311 5260 3406 5314 Dei
3425 5262 3536 5332 [erit
3560 5260 3725 5322 illum;

2143 5356 2425 5409 masculum
2467 5366 2515 5409 et
2544 5355 2783 5425 feminam
2811 5355 2927 5423 fecit
2952 5355 3088 5408 illos.
3117 5354 3209 5408 28.
3250 5351 3316 5405 Et
3345 5352 3594 5407 benedixit
3624 5350 3727 5403 illis

2143 5444 2282 5499 Deus
2334 5445 2505 5499 dicens
2534 5461 2553 5499 :
2592 5444 2811 5500 Crescite
2853 5455 2902 5500 et
2939 5444 3387 5521 multiplicamini,
3435 5452 3480 5496 et
3527 5442 3727 5511 implete

2144 5548 2348 5601 terram,
2375 5548 2421 5592 et
2444 5537 2768 5592 dominamini
2794 5538 2862 5603 ei;
2890 5546 2935 5592 et
2956 5537 3281 5591 dominemini
3312 5536 3527 5605 piscibus
3550 5529 3723 5596 maris,

2141 5641 2189 5684 et
2218 5630 2501 5685 volatilibus
2519 5631 2651 5699 celi,
2668 5641 2713 5686 et
2739 5632 2968 5685 omnibus
2980 5630 3255 5701 pecoribus,
3274 5639 3320 5682 et
3336 5631 3472 5682 omni
3495 5638 3655 5691 terra,
3679 5639 3723 5679 et

2141 5724 2371 5779 omnibus
2397 5725 2656 5797 reptilibus
2672 5722 2955 5793 repentibus
2984 5739 3135 5792 super
3163 5732 3368 5775 terram.
3406 5721 3571 5775 Pauca
3601 5726 3723 5772 sunt

2144 5814 2327 5883 verba,
2347 5815 2439 5871 sed
2456 5831 2673 5886 magnus
2705 5816 3006 5871 reconditus
3038 5806 3317 5870 thesaurus
3340 5812 3391 5867 in
3413 5825 3515 5869 tam
3541 5808 3721 5881 paucis
