4144 6424
179 346 254 404 ιε
1428 343 1496 400 IN
1532 339 1687 402 CAP.
1716 346 1736 399 l
1779 344 1898 401 CBD

1998 371 2023 400 ν.
2063 341 2296 400 ΠΟΜΠ...
2336 342 2405 398 Χ.
3589 339 3663 393 81

204 464 280 538 μὴ
305 463 639 533 ἀποστερεῖν
660 462 920 526 ἑαυτοὺς,
951 457 1068 533 [73]
1083 457 1220 513 ἀλλά
1247 455 1422 532 ταύτῃ
1445 461 1648 532 μᾶλλον
1665 461 1886 516 πλείονα

208 554 308 625 τὴν
342 550 578 622 σπουδὴν
604 549 1038 605 ἐπιδείκνυσθαι.

287 639 350 710 β’.
365 636 486 691 Εἰσὶ
499 635 634 709 7&9,
653 637 796 691 εἰσὶν
815 635 924 690 6601
942 633 1122 705 πολλῷ
1145 631 1362 705 μείζους
1385 646 1412 674 ι
1427 635 1525 704 τῆς
1549 633 1759 704 ἀποχῆς
1780 631 1888 686 τῶν

217 726 543 801 βρωμάτων,
583 726 643 780 αἱ
692 725 989 796 δυνάμεναι
1034 722 1136 786 τὰς
1165 721 1334 794 θύρας
1363 723 1495 800 ήμίν
1523 721 1761 801 ἀνοίγειν
1789 719 1890 792 τῆς

214 797 529 887 παρρησίας
567 812 668 882 τῆς
693 811 831 883 πρὸς
855 800 949 863 τὸν
984 808 1138 866 Θεόν.
1178 797 1474 888 ὈΙτροφῆς
1514 797 1692 860 τοίνυν
1723 823 1886 877 μεταο

213 900 538 972 λαμϐάνων,
571 898 669 953 καὶ
721 896 1004 968 νηστεύειν
1035 896 1112 967 μὴ
1139 895 1454 966 δυνάμενος,
1495 893 1889 969 ,δαψιλεστέραν

212 991 316 1062 τὴν
375 985 750 1060 ἐλεημοσύνην
800 981 1214 1048 ἐπιδεικνύσθω,
1270 981 1436 1054 εύχάς
1488 979 1744 1046 ἐκτενεῖς,
1789 975 1890 1053 τὴν

214 1076 530 1151 προθυμίαν
567 1069 960 1144 ἐπιτεταμένην
991 1071 1163 1142 ἐχέτω
1195 1063 1323 1142 περὶ
1349 1067 1448 1141 τὴν
1484 1069 1745 1140 ἀκρόασιν
1780 1067 1890 1122 τῶν

213 1168 377 1222 θείων
410 1164 626 1232 λογίωψ
661 1159 894 1216 ἐνταῦθα
939 1159 1090 1213 οὐδὲν
1132 1159 1166 1230 ἡ
1204 1157 1300 1211 τοῦ
1337 1155 1588 1228 σώματος
1635 1155 1892 1210 ἀσθένεια

212 1253 480 1325 ἐμπόδιον
526 1251 658 1322 ἡμῖν
699 1250 929 1318 γίνεται·
982 1248 1096 1308 τοῖς
1141 1245 1356 1317 ἐχθροῖς
1409 1242 1887 1308 καταλλαττέσθω,

216 1344 404 1397 πᾶσαν
445 1339 813 1411 μνησικακίαν
860 1333 1148 1407 ἐξοριζέτω
1187 1333 1288 1404 τῆς
1317 1333 1512 1387 ἐαυτοῦ
1541 1333 1736 1404 ψυχῆς.
1793 1332 1891 1385 Ἂν

210 1428 392 1487 ταῦτα
425 1425 726 1499 κατορθοῦν
752 1423 1029 1496 βούληται,
1055 1423 1153 1494 τὴν
1178 1421 1352 1493 ἀληθῆ
1388 1423 1645 1494 νηστείαν
1677 1419 1890 1474 ἐπεδεί-

214 1519 368 1587 ξατο,
406 1517 505 1570 καὶ
536 1516 602 1587 ἢν
639 1513 876 1585 μάλιστα
905 1511 1123 1566 πάντων
1152 1511 1372 1563 ἀπαιτεῖ
1405 1509 1535 1582 παρ’
1553 1512 1587 1580 ή
1597 1509 1712 1580 μῶν
1741 1509 1768 1561 6
1790 1509 1890 1562 Δε-

217 1606 446 1677 σπότης.
511 1602 667 1657 Ἐπεὶ
693 1600 789 1656 καὶ⁷
813 1599 1014 1670 ταύτην
1065 1597 1162 1669 τὴν
1185 1597 1397 1668 ἀποχὴν
1441 1596 1548 1650 τῶν
1589 1595 1892 1668 βρωμάτων

213 1692 301 1746 διά
320 1692 486 1746 τοῦτο
513 1688 724 1744 κελεύει
755 1685 1021 1758 γίνεσθαι,
1065 1684 1152 1738 ἵνα
1185 1682 1527 1755 χαλινοῦντες
1567 1682 1638 1738 τά
1671 1683 1893 1755 σκιρτή-

216 1796 368 1851 ματα
410 1779 511 1850 τῆς
548 1775 767 1848 σαρκὸς,
816 1775 1028 1846 εὐήνιον
1051 1773 1221 1842 αὐτὴν
1249 1770 1611 1843 ἐργαζώμεθα
1634 1769 1770 1842 πρὸς
1793 1769 1891 1840 τὴν

213 1870 329 1923 τῶν
383 1866 619 1923 ἐντολῶν
671 1865 1039 1936 ἐκπλήρωσιν.
1098 1861 1164 1916 Et
1203 1862 1260 1916 δὲ
1294 1859 1578 1932 μέλλοιμεν
1628 1859 1764 1931 μηδέ
1791 1859 1892 1931 τὴν

213 1957 328 2012 ἀπὸ
372 1957 473 2028 τῆς
521 1953 778 2026 νηστείας
806 1949 1058 2024 βοήθειαν
1099 1951 1314 2012 ἐαυτοῖς
1343 1946 1639 2020 προσάγειν
1662 1947 1750 2001 διά
1793 1945 1894 2016 τὴν

213 2040 308 2098 τοῦ
333 2042 595 2114 σώματος
633 2039 943 2103 ἀσθένειαν,
963 2039 1057 2092 καὶ
1085 2035 1310 2090 πλείονα
1354 2036 1454 2107 τὴν
1483 2032 1754 2106 ρᾳθυμίαν
1774 2033 1893 2085 ἐπιε-

214 2129 554 2195 δείκνυσθαι,
598 2127 931 2198 λανθάνομεν
971 2125 1198 2187 ἑαυτοὺς
1228 2121 1299 2177 τά
1334 2122 1565 2193 μέγιστα
1598 2119 1895 2192 ζημιούμε-

215 2235 316 2273 νοι.
375 2217 445 2272 Εί
505 2215 613 2287 γάρ
647 2213 742 2269 καῖ
779 2213 918 2285 μετά
970 2212 1225 2284 νηστείας
1267 2213 1300 2274 ή
1343 2211 1453 2264 τῶν
1479 2208 1893 2283 προειρημένων

218 2302 662 2376 κατορθωμάτων
693 2300 929 2371 ἔλλειψις
946 2299 1096 2353 οὐδὲν
1127 2299 1274 2370 ἡμᾶς
1296 2298 1524 2368 ὀνίνησι,
1556 2295 1736 2367 πολλῷ
1762 2297 1896 2368 μᾶλ-

220 2391 310 2446 λον
339 2393 392 2444 εἰ
422 2390 559 2461 μηδέ
587 2388 667 2460 τῷ
691 2389 971 2460 φαρμάκῳ
998 2386 1099 2457 τῆς
1130 2384 1383 2457 νηστείας
1403 2385 1710 2456 χρήσασθαι
1733 2385 1894 2439 δυνά-

221 2496 400 2552 μενοι,
430 2477 652 2531 πλείονα
684 2475 784 2548 τὴν
814 2474 1087 2547 ρᾳθυμίαν
1129 2470 1509 2544 ἐπιδειξόμεθα
1535 2470 1588 2526 δ.
1621 2469 1808 2526 Ταῦτα
1831 2471 1894 2544 δὴ

219 2566 487 2638 μαθόντες
504 2566 632 2636 παρ’
649 2563 828 2636 ήμῶν,
854 2561 1180 2634 παρακαλῶ,
1206 2562 1256 2614 οἰ
1277 2559 1553 2633 νηστεύειν
1583 2560 1892 2633 δυνάμενοι,

215 2655 373 2710 αὐτοί
397 2670 457 2706 τε
492 2653 612 2706 καθ’
647 2653 767 2706 ὅσον
808 2647 920 2705 οἷόν
966 2668 1025 2705 τε
1069 2649 1365 2704 ἐπιτείνετε
1401 2647 1555 2721 ὑμῶν
1603 2647 1704 2721 τὴν
1725 2648 1896 2720 καλὴν

213 2742 429 2813 ταύτην
479 2743 575 2795 καὶ
616 2739 906 2811 ἐπαινετὴν
965 2737 1294 2811 προθυμίαν.
1344 2737 1503 2804 Ὅσῳ
1555 2737 1666 2808 γάρ
1708 2740 1742 2792 ό
1781 2736 1898 2802 ἔξω

216 2829 395 2900 ἡμῶν
422 2828 732 2899 ἄνθρωπος
769 2827 1188 2897 διαφθείρεται,
1231 2824 1526 2879 τοσοῦτον
1551 2827 1584 2878 ό
1612 2824 1733 2878 ἐσω
1753 2823 1897 2880 ἀνα-

219 2919 556 2974 καινοῦται.
586 2918 648 2971 Ἦ
674 2917 784 2990 7&9
808 2916 1028 2987 νηστεία
1059 2915 1120 2968 τὸ
1151 2915 1249 2986 μὲν
1272 2914 1430 2985 σῶμα
1453 2913 1786 2977 κατατείνει,
1803 2912 1898 2966 καὶ

219 3010 436 3081 χαλινοῖ
484 3006 553 3061 τά
609 3007 818 3061 ἄτακτα
857 3004 1222 3076 σκιρτήματα,
1255 3002 1355 3073 τὴν
1387 3001 1442 3054 δὲ
1474 3001 1649 3073 ψυχὴν
1681 3001 1899 3070 διαυγε-

223 3097 427 3164 στέραν
461 3093 776 3167 ἐργάζεται,
818 3091 914 3147 καὶ
956 3093 1168 3164 πτερά,
1200 3090 1297 3145 καὶ
1337 3089 1629 3160 μετάρσιον
1657 3091 1751 3144 καὶ
1771 3087 1898 3143 κούο

221 3202 331 3256 ᾳην
357 3185 524 3236 ποιεῖ.
573 3183 682 3236 Καὶ
706 3181 832 3245 τοὺς
860 3179 1123 3250 ἀδελφοὺς
1173 3177 1230 3231 δέ
1278 3177 1406 3240 τοὺς
1434 3177 1754 3250 ὑμετέρους,
1783 3178 1899 3232 ὅσοι

222 3273 310 3327 διά
347 3270 672 3343 σωματικὴν
701 3268 984 3324 ἀσθένειαν
1038 3265 1321 3338 νηστεύειν
1363 3264 1423 3318 οὐ
1464 3264 1738 3330 δύνανται,
1769 3283 1902 3338 προ-

221 3359 495 3433 τρέπεσθε
534 3360 608 3431 μὴ
637 3354 1111 3428 ἀπολιμπάνεσθαι
1148 3354 1250 3425 τῆς
1293 3353 1671 3426 πνευματικῆς
1696 3354 1900 3426 ταύτης

223 3449 458 3522 τροφῆς,
493 3448 836 3510 διδάσκοντες
890 3445 1109 3509 αὐτοὺς,
1131 3445 1227 3497 καὶ¹
1271 3443 1340 3498 τά
1375 3443 1506 3516 παρ’
1531 3444 1687 3515 ἡμῶν
1715 3444 1900 3508 αὐτοῖς

221 3537 736 3612 διαπορθμεύοντες,
767 3537 864 3592 καὶ
901 3534 1223 3600 δεικνύντες,
1264 3535 1394 3589 δτιὸ
1415 3533 1604 3604 φαγὼν
1626 3533 1720 3586 καὶ
1760 3531 1900 3587 πιὼν

227 3629 468 3702 μετρίως
511 3628 612 3682 οὐκ
652 3625 871 3693 ἀνάξιός
898 3625 1015 3678 ἐστι
1036 3623 1242 3694 ταύτης
1283 3623 1384 3694 τῆς
1414 3621 1750 3695 ἀκροάσεως,
1785 3622 1898 3676 ἀλλ’

224 3721 258 3773 6
282 3717 530 3790 ῥᾴθυμος
574 3716 670 3770 καὶ
714 3712 1124 3784 διακεχυμένος.
1169 3711 1281 3765 Καὶ
1321 3710 1510 3780 λέγετε
1537 3710 1674 3782 πρὸς
1703 3711 1900 3773 αὐτοὺς

228 3807 323 3861 καὶ
352 3805 416 3858 τδ
438 3815 461 3844 ε
487 3802 843 3858 ἀποστολικὸν
882 3800 1095 3869 λόγιον,
1143 3799 1225 3852 δτι
1262 3798 1374 3853 Καὶ
1407 3801 1442 3852 ό
1468 3799 1689 3854 ἐσθίων
1707 3800 1903 3866 Κυρίῳ

225 3893 440 3958 ἐσθίει,
474 3891 574 3945 καί
609 3892 642 3944 ό
663 3888 751 3958 μὴ
779 3887 997 3942 ἐσθίων
1043 3882 1241 3954 Κυρίῳ
1275 3886 1388 3939 οὐκ
1430 3885 1638 3950 ἐσθίει,
1669 3883 1768 3938 καί
1800 3885 1900 3938 εὐ-

229 3977 508 4052 χαριστεῖ
526 3972 607 4047 τῷ
628 3974 768 4041 Θεῷ.
799 3975 910 4030 Καὶ
933 3975 959 4027 6
995 3971 1270 4043 νηστεύων
1290 3972 1469 4025 τοίνυν
1500 3972 1812 4044 εὐχαριστεῖ
1824 3971 1901 4042 τῷ

227 4070 375 4141 Θεῷ,
397 4069 480 4122 ὅτι
503 4066 728 4137 δύναμιν
750 4063 874 4134 ἔσχε
896 4063 1201 4134 δυναμένην
1227 4063 1500 4132 ἀντισχεῖν
1521 4062 1657 4132 1:96;
1693 4059 1783 4116 τὸν
1809 4062 1900 4115 πόα

227 4175 322 4212 νον
343 4157 447 4227 τῆς
469 4154 739 4227 νηστείας·
766 4151 859 4206 καὶ
879 4153 906 4205 6
927 4151 1122 4205 ἐσθίων
1141 4149 1302 4203 πάλιν
1328 4149 1641 4220 εὐχαριστεῖ
1659 4147 1738 4218 τῷ
1760 4149 1899 4220 Θεῷ,

226 4247 315 4303 δτι
343 4243 500 4300 ούδὶν
524 4241 687 4297 αὑτὸν
711 4239 867 4294 τοῦτο
891 4238 1232 4311 λυμήνασθαι
1258 4237 1479 4292 δύναται
1516 4237 1652 4310 πρὸς
1681 4237 1778 4308 τὴν
1803 4241 1903 4308 τῆς

228 4331 417 4404 ψυχῆς
460 4327 752 4401 σωτηρίαν,
808 4327 903 4380 ἐὰν
945 4325 1096 4400 θέλῃ.
1119 4325 1402 4390 Τοσαύτας
1434 4323 1543 4396 γὰρ
1585 4326 1716 4396 ἡμῖν
1750 4323 1904 4389 ὁδοὺς

229 4423 432 4490 ἔτεμεν
458 4416 488 4472 6
521 4415 896 4488 φιλάνθρωπος
940 4413 1096 4478 Θεὸς,
1136 4414 1267 4477 ὅσας
1315 4411 1438 4467 οὐδὲ
1465 4413 1639 4466 εἰπεῖν
1672 4411 1810 4479 ἐστι,
1835 4411 1900 4465 δι’

229 4501 308 4565 ῶν
341 4505 565 4560 δυνατόν
603 4505 751 4556 ἐστιν
780 4503 947 4573 ἡμᾶς,
981 4500 1078 4562 ἐάν
1128 4498 1467 4571 βουλώμεθα,
1501 4499 1601 4568 τῆς
1643 4499 1905 4554 ἀνωτάτω

233 4593 554 4666 παρρησίας
590 4592 900 4663 μετασχεῖν.
935 4584 1121 4641 Ταῦτα
1143 4582 1235 4640 οῦν
1263 4585 1617 4658 ἀρκούντως(1
1647 4586 1756 4640 τῶν
1777 4588 1906 4640 ἀποο

228 4681 562 4751 λειφθέντων
597 4677 782 4732 ἐνεκεν
808 4675 1180 4746 διελέχθημεν,
1218 4674 1558 4745 περιελόντες
1593 4673 1774 4728 αὐτῶν
1806 4677 1906 4746 τῆς

231 4766 500 4838 αἰσχύνης
532 4765 631 4838 τὴν
681 4761 969 4836 πρόφασιν,
1017 4763 1112 4816 καὶ
1142 4760 1434 4826 δείξαντες,
1469 4760 1550 4814 δτι
1594 4761 1656 4813 ού
1691 4761 1771 4814 δεῖ
1813 4762 1905 4816 ἐπὶ

229 4856 414 4926 τούτῳ
457 4851 830 4924 αἰσχύνεσθαι·
865 4850 926 4906 ού
977 4850 1087 4922 γάρ
1137 4849 1200 4902 τὸ
1246 4849 1439 4918 φαγεῖν
1486 4848 1746 4922 αἰσχύνην
1774 4850 1906 4921 ἡμῖν

233 4942 512 5015 προξενεῖ,
537 4937 670 4994 ἀλλά
699 4940 759 4994 τὸ
785 4937 952 4992 κακόν
998 4955 1050 4991 τι
1096 4935 1517 5007 διαπράξασθαι.
1562 4933 1789 5009 Μεγάλη
1821 4935 1908 4993 al-

236 5027 412 5100 σχύνη
446 5030 482 5098 ή
514 5027 785 5099 ἀμαρτίαο
829 5025 924 5079 ἐὰν
965 5023 1165 5095 ταύτην
1204 5023 1596 5095 ἐργασώμεθά,
1638 5025 1699 5078 οὐ
1746 5025 1908 5097 μόνον

235 5114 589 5187 αἰσχύνεσθαι
637 5113 942 5184 ὀφείλομεν,
967 5111 1103 5166 ἀλλά
1145 5112 1242 5166 καὶ
1285 5109 1398 5184 [74]
1447 5112 1905 5180 ἐγκαλύπτεσθαι,

237 5205 335 5260 καὶ
363 5203 612 5274 καθάπερ
640 5204 690 5256 οί
725 5199 1245 5272 προσκεκρουκότες,
1273 5196 1448 5265 οὕτως
1494 5201 1722 5265 ἑαυτοὺς
1746 5202 1909 5256 ταλα-

237 5291 410 5356 νῖζειν
426 5307 442 5323 ·
485 5290 682 5362 μᾶλλον
707 5289 765 5344 δὲ
799 5287 933 5360 μηδέ
955 5287 1078 5341 τότε
1105 5285 1468 5358 ἀπαγορεύειν
1501 5282 1747 5352 ἑαυτοὺς,
1773 5289 1911 5344 ἀλλά

238 5378 382 5450 πρὸς
405 5377 790 5450 ἐξομολόγησιν
823 5372 1139 5444 ἐπείγεσθαι
1166 5375 1260 5427 καὶ
1298 5373 1434 5445 1:96;
1465 5375 1904 5448 εὐγνωμοσύνην.

237 5465 494 5522 Τοιοῦτον
519 5464 628 5537 γὰρ
655 5463 852 5535 ἔχομεν
877 5462 1174 5532 Δεσπότην,
1206 5461 1357 5516 οὐδὲν
1388 5463 1576 5535 ἕτερον
1601 5465 1732 5538 παρ’
1753 5467 1786 5537 ή
1794 5467 1909 5536 μῶν

300 5628 330 5660 ⁸
354 5627 502 5678 Sall.
524 5629 640 5691 πρὸς
657 5630 742 5686 τὴν
764 5628 1012 5691 ἀκρόασιν.

304 5645 330 5660 ·
354 5645 502 5678 bam.
524 5645 640 5691 προς
657 5645 742 5686 την
764 5645 828 5678 ακ
857 5646 1012 5678 οασιν.

304 5691 334 5756 ζ’
354 5691 470 5756 Duo
490 5703 610 5740 mss.
635 5645 980 5756 ἐπεδειξξμεθα.
1009 5689 1133 5756 [nfra
1157 5689 1355 5756 Coisjin.
1382 5695 1464 5756 καὶ
1487 5693 1844 5756 ἐπαινουμένην.

299 5753 326 5783 ⁸
353 5753 633 5822 Reg._upt_ls
673 5752 1128 5822 δεικνύντες-ταύτης
1142 5758 1226 5822 τῆς
1249 5753 1526 5822 ἀκροάσεως
1543 5752 1761 5822 αύτήςξτὸ
1791 5752 1911 5822 ὠφέ-

241 5810 397 5880 λιμον,
417 5810 499 5863 ἰαὶ
541 5815 694 5880 λέγειν
715 5814 832 5880 πρὸς
850 5811 1018 5880 αὐτοὺς
1053 5810 1134 5880 τεαὶ
1155 5810 1228 5880 τᾷ.
1255 5810 1404 5880 δελ-ιι.
1433 5818 1482 5865 in
1507 5810 1660 5880 marg.
1676 5810 1802 5880 ξὸσον
1824 5810 1909 5878 ⁸ἑῆς

243 5873 517 5944 ἀκροάσεως
547 5873 880 5944 τρζῶρέλὶμον,
923 5875 1021 5924 καί.
1066 5873 1216 5924 SaVll.
1263 5878 1314 5926 in
1355 5883 1497 5927 textu
1522 5873 1727 5944 ὃτιόύχ
1749 5883 1775 5931 6
1817 5873 1903 5943 φοί-ξ

245 5935 356 6001 τῶν,
387 5947 486 5990 etc.
510 5944 569 6001 ιιι
589 5935 760 6001 Μοιῖεί.

284 6002 308 6040 ά
336 5996 483 6053 Smil.
515 5999 641 6067 τάχα
664 5999 946 6061 ἀρκούντως,
972 6000 1055 6050 alii
1079 5996 1228 6049 ταῦτα
1247 5997 1332 6048 νῦν
1357 5999 1463 6064 ἀρκ.

1926 531 1950 546 ἢ
1988 459 2346 546 ἐπιζητρῦντα
2364 456 2512 546 μετά
2544 455 2768 546 τῆν-τῇς
2791 456 3062 546 ἀμαρτίας
3088 455 3308 546 πράξιν,
3338 455 3392 508 εί
3419 470 3548 546 ποτε
3573 452 3660 546 διά

1987 538 2262 610 ῥαθυμίαν
2289 535 2525 606 ἁλῶμεν,
2553 535 2588 606 ἢ
2611 534 2672 588 τδ
2697 536 3029 606 ὁμολογῆσαι
3063 534 3132 588 τά
3172 533 3532 604 ἐπταισμένα,
3565 532 3664 584 καὶ

1989 615 2149 686 μέχρι
2192 614 2383 669 τούτου
2431 615 2642 684 στῆναι,
2678 615 2773 667 καὶ
2805 613 3002 686 μηκέτι
3048 617 3161 676 τοῖς
3205 614 3392 676 αὐτοῖς
3429 625 3666 680 περιπεο

1987 697 2118 750 σεῖν.
2137 695 2262 748 Ἐὰν
2285 696 2342 750 δὲ
2365 695 2570 767 τροφῆς
2597 694 2911 766 συμμέτρου
2938 693 3351 768 μεταλάϐωμεν,
3386 689 3658 762 μηδέποτε

1985 773 2399 845 αἰσχυνώμεθα·
2439 773 2651 844 σώματι
2695 773 2804 844 γὰρ
2834 773 2981 844 ἡμᾶς
3012 771 3236 843 τοιούτῳ
3277 770 3599 836 συνέπλεξεν
3633 770 3661 826 ὁ

1985 852 2282 923 Δεσπότης,
2317 845 2361 919 ᾧ
2397 851 2470 923 μὴ
2500 852 2720 905 δυνατὸν
2747 851 2945 922 ἐτέρως
2973 851 3310 915 συνεστάναι,
3337 851 3384 902 εί
3421 848 3495 920 μὴ
3524 848 3658 904 ταύ-

1986 947 2088 1001 της
2139 929 2453 1002 μεταλάϐοι,
2491 931 2648 1001 μόνον
2693 929 2764 983 τά
2817 928 2918 1000 τῆς
2967 928 3234 1000 ἀμετρίας
3267 925 3615 981 ἐκκοπτέσθω
3639 940 3656 955 ·

1986 1008 2145 1061 τοῦτο
2172 1009 2280 1078 7&9
2311 1009 2441 1080 ήμῖν
2467 1008 2563 1062 καὶ
2611 1007 2748 1078 πρὸς
2792 1005 2890 1077 τὴν
2937 1007 3149 1076 ὑγίειαν
3195 1006 3384 1059 τούτου
3429 1005 3527 1059 καὶ
3565 1006 3657 1057 εύσ

1988 1084 2137 1149 εξίαν
2187 1086 2254 1140 τὰ
2307 1087 2538 1156 μέγιστα
2597 1084 2984 1156 συμϐάλλεται.
3033 1083 3103 1136 Ἢ
3154 1085 3252 1154 οὐχ
3307 1085 3469 1156 ὁρᾶτε
3534 1082 3659 1136 καθ’

1990 1165 2223 1236 ἑκάστην
2277 1166 2488 1236 ἡμέραν
2535 1165 2645 1219 ἀπὸ
2694 1164 2804 1218 τῶν
2855 1164 3157 1217 πολυτελῶν
3213 1163 3502 1236 τραπεζῶν
3564 1163 3661 1216 καὶ

1989 1245 2087 1316 τῆς
2147 1245 2386 1317 ἀμέτρου
2432 1245 2738 1315 ἀδηφαγίας
2791 1244 2860 1298 τά
2911 1244 3082 1315 μυρία
3123 1243 3442 1313 ἐπαγόμενα
3502 1244 3662 1312 νοσήδ

1993 1344 2171 1400 ματα;
2214 1327 2385 1380 Πόθεν
2435 1325 2756 1395 ποδαλγίαι;
2806 1326 2970 1379 πόθεν
3023 1326 3389 1398 καρηὸαρίαις
3442 1324 3661 1378 πόθενό

1988 1405 2096 1460 τῶν
2146 1407 2336 1477 χυμῶν
2381 1405 2490 1460 τῶν
2540 1406 2946 1478 διεφθαρμένων
2991 1404 3363 1476 πλεονασμός;
3401 1405 3564 1458 πόθεν
3589 1404 3661 1458 τά

1989 1485 2124 1539 ἀλλα
2155 1487 2324 1558 μυρία
2353 1487 2671 1556 νοσήματα;
2713 1485 2828 1538 Ούκ
2853 1483 2961 1537 ἀπὸ
2986 1483 3086 1554 τῆς
3109 1483 3378 1554 ἀμετρίας
3419 1483 3513 1536 καὶ
3563 1481 3658 1536 τοῦ

1991 1564 2155 1618 πλέον
2185 1565 2278 1619 τοῦ
2304 1565 2512 1629 δέοντος
2542 1564 2757 1635 ἐγχέειν
2789 1565 3001 1627 ἑαυτοῖς
3027 1563 3089 1616 τὸ
3114 1563 3350 1634 ἄκρατον
3374 1573 3395 1600 ο
3422 1580 3436 1630 ;
3468 1561 3657 1615 Καθά-

1991 1658 2096 1715 περ
2121 1643 2231 1716 γάρ
2258 1643 2439 1697 πλοῖον
2470 1643 2802 1716 ὑπέραντλον
2833 1641 3056 1709 γεγονὸς
3089 1641 3298 1711 ταχέως
3324 1639 3663 1695 καταδαπτί-

1993 1722 2162 1788 ζεται,
2202 1725 2297 1775 καὶ
2342 1721 2670 1795 ὑποϐρύχιον
2714 1721 2950 1787 γίνεταιο
2986 1719 3128 1774 οὕτω
3171 1719 3264 1774 καὶ
3296 1721 3324 1773 6
3355 1717 3660 1790 ἄνθρωπος,

1991 1801 2119 1855 ὅταν
2150 1805 2216 1873 τῇ
2254 1802 2532 1872 ἀδηφαγία
2561 1802 2656 1854 καὶ
2683 1803 2747 1872 τῇ
2777 1800 2915 1872 μέθῃ
2949 1800 3139 1854 ἐαυτὸν
3168 1798 3328 1870 ἐκδῷ,
3357 1798 3497 1852 κατά
3525 1816 3664 1872 κρη-

1994 1881 2142 1949 μνῶν
2165 1881 2368 1945 ᾶπεισι,
2397 1882 2490 1936 καὶ
2512 1879 2840 1952 ὑποϐρύχιον
2871 1878 3241 1952 ἀπεργάζεται
3266 1878 3358 1932 τὸν
3379 1877 3659 1948 λογισμὸν,

1993 1959 2086 2010 καὶ
2115 1962 2288 2012 κεῖται
2313 1960 2498 2014 λοιπὸν
2525 1958 2773 2028 καθάπερ
2797 1957 2986 2029 νεκρὸς
3011 1957 3273 2028 ἔμψυχος,
3305 1956 3442 2028 πρὸς
3470 1955 3569 2027 μὲν
3592 1955 3664 2010 τὰ

1992 2037 2140 2092 κακά
2186 2039 2445 2102 πολλάκις
2485 2039 2725 2110 ἐνεργεῖν
2773 2038 3092 2108 δυνάμενος,
3125 2037 3262 2106 πρὸς
3295 2037 3350 2090 δέ
3385 2037 3454 2090 τά
3484 2035 3664 2106 ἀγαθά

1993 2117 2208 2172 ἅπαντα
2229 2117 2382 2172 οὐδὲν
2414 2119 2634 2189 ἄμεινον
2664 2117 2773 2170 τῶν
2807 2115 3017 2186 νεκρῶν
3041 2115 3402 2187 διακείμενος.

2057 2271 2125 2335 γ’.
2144 2264 2234 2318 Διὸ
2250 2264 2566 2337 παρακαλῶ,
2586 2262 2728 2318 κατά
2748 2264 2835 2316 τὸν
2861 2267 3126 2337 μακάριον
3143 2263 3371 2331 Παῦλον,
3393 2266 3505 2334 Τῆς
3519 2282 3665 2336 σαρι-

1993 2346 2100 2413 κὸς
2131 2347 2420 2414 πρόνοιαν
2451 2345 2536 2415 μὴ
2567 2344 2834 2398 ποιεῖσθε
2867 2345 2954 2409 είς
2987 2345 3321 2413 ἐπιθυμίας,
3352 2345 3488 2400 ἀλλά
3526 2350 3664 2419 πρὸς

1992 2425 2053 2479 τὸ
2096 2425 2437 2488 συνεστάναι,
2468 2424 2564 2477 καὶ
2604 2422 2862 2478 δύνασθαι
2911 2423 3048 2493 μετά
3078 2422 3322 2488 πλείονος
3355 2427 3664 2498 προθυμίας

1993 2505 2053 2559 ἐν
2096 2509 2163 2577 τῇ
2207 2504 2317 2558 τῶν
2361 2503 2746 2574 πνευματικῶν
2793 2505 3026 2574 ἐργασία
3073 2503 3270 2576 πολλὴν
3298 2505 3397 2576 τὴν
3428 2507 3666 2578 σπουδὴν

1994 2584 2420 2640 ἐπιδείκνυσθαι.
2463 2583 2649 2638 Ταῦτα
2677 2585 2742 2654 δὴ
2771 2584 2946 2638 πάντα
2973 2583 3344 2656 διαλεγόμενοι
3379 2589 3513 2658 πρὸς
3537 2591 3665 2652 τοὺς

1995 2667 2260 2738 ἀδελφοὺς
2280 2667 2408 2730 τοὺς
2437 2667 2754 2736 ὑμετέρους,
2782 2665 2996 2717 πείθετε
3022 2665 3218 2729 αὐτοὺς
3247 2666 3346 2736 τῆς
3377 2686 3668 2740 πνευματι-

1996 2747 2101 2818 κῆς
2129 2746 2333 2817 ταύτης
2362 2747 2566 2818 τροφῆς
2597 2744 2863 2814 μηδέποτε
2889 2745 3113 2808 ἑαυτοὺς
3142 2748 3484 2818 ἀποστερεῖν,
3529 2748 3669 2803 ἀλλά

1996 2817 2103 2881 κάν
2135 2825 2493 2897 ἠριστηκότες
2525 2817 2678 2885 ὦσιν,
2707 2822 3052 2893 ἐρχέσθωσαν
3083 2823 3223 2894 μετά
3251 2825 3430 2895 πάσης
3461 2827 3664 2896 προθυ-

2001 2905 2150 2978 μίας,
2191 2905 2278 2958 ῖνα
2298 2903 2579 2973 δεξάμενοι
2615 2903 2712 2972 τὴν
2739 2901 2986 2954 ἐντεῦθεν
3011 2902 3380 2969 διδασκαλίαν,
3405 2906 3667 2961 δύνωνται

1995 2985 2258 3055 γενναίως
2289 2982 2539 3037 ἵστασθαι
2592 2981 2729 3053 πρὸς
2773 2982 2872 3044 τάς
2927 2981 3204 3052 μεθοδείας
3252 2985 3345 3037 τοῦ
3397 2986 3663 3043 διαὸόλου.

2009 3065 2198 3136 Ἡμεῖς
2226 3064 2282 3117 δὲ
2305 3062 2487 3116 λοιπὸν
2519 3062 2651 3134 φέρε
2673 3061 2770 3132 τὴν
2801 3061 3005 3131 συνήθη
3036 3063 3311 3132 τράπεζαν
3342 3066 3468 3137 ὑμῖν
3492 3086 3670 3139 παραο

2000 3142 2200 3220 θῶμεν,
2229 3144 2445 3215 καὶτῆς
2475 3141 2706 3212 σπουδῆς
2735 3141 2834 3211 τῆς
2861 3142 2986 3211 περὶ
3011 3141 3108 3213 τὴν
3136 3144 3397 3214 ἀκρόασιν
3427 3149 3670 3218 ἀμειῲώ-

2001 3223 2140 3294 μεθα
2186 3225 2285 3294 τὴν
2337 3223 2608 3292 ὑμετέραν
2655 3222 2895 3291 ἀγάπην,
2931 3221 3023 3274 καὶ
3063 3223 3123 3275 τδ
3152 3225 3310 3295 χρέος
3343 3227 3665 3299 ἐκτίσωμεν,

1999 3305 2134 3374 ὅπερ
2166 3301 2452 3370 ὀφείλομεν
2496 3302 2796 3378 ύμῖν.”1στε
2843 3299 2952 3369 γάρ
3003 3301 3216 3366 πάντως
3243 3305 3335 3358 καὶ
3363 3307 3665 3378 μέμνησθε,

1998 3383 2080 3436 ὅτι
2123 3382 2253 3452 περὶ
2293 3379 2394 3449 τῆς
2427 3377 2519 3431 τοῦ
2549 3377 2835 3449 ἀνθρώπου
2867 3379 3209 3445 διαπλάσεως
3233 3377 3670 3455 ἀρξάμενθιίδια..

1999 3461 2275 3531 λέγεσθαι,
2306 3459 2411 3513 ὑπὸ
2437 3459 2530 3512 τοῦ
2561 3457 2754 3529 καιροῦ
2780 3459 3280 3529 στενοχωρηθέντες
3309 3463 3408 3514 οὐκ
3443 3465 3668 3535 ίσχύσα-

2003 3560 2103 3614 μεν
2123 3541 2289 3595 παντὶ
2311 3537 2618 3606 ἐπεξελθεῖν
2636 3536 2716 3607 τῷ
2742 3537 3152 3608 ἀναγνώσματι,
3179 3540 3293 3593 ἀλλ’
3326 3543 3404 3606 εἰς
3428 3545 3518 3597 τὸν
3540 3563 3605 3598 πε
3613 3547 3671 3617 ρὶ

1999 3622 2106 3676 τῶν
2137 3620 2341 3692 θηρίων
2374 3619 2528 3688 λόγον
2552 3618 2648 3688 τῆν
2682 3617 3030 3671 διδασκαλίαν
3072 3619 3400 3691 ἐτελέσαμεν
3423 3623 3670 3680 δεικνύν-

1998 3719 2112 3767 τες,
2143 3702 2225 3755 ὃτι
2255 3701 2355 3772 τὴν
2387 3699 2508 3753 κατ’
2535 3697 2713 3752 αὐτῶν
2745 3697 2920 3769 ἀρχὴν
2947 3697 3211 3769 πρότερον
3234 3699 3371 3771 ἔχων
3403 3705 3431 3756 6
3459 3703 3671 3775 ἀνθρω-

2002 3799 2120 3846 πος,
2158 3780 2248 3835 διά
2283 3781 2382 3851 τὴν
2417 3779 2514 3851 τῆς
2545 3777 2826 3850 παρακοῆς
2865 3777 3139 3848 ἁμαρτίαν
3164 3779 3370 3851 ταύτην
3397 3783 3667 3856 ἀφῃρέθη.

1999 3861 2091 3914 Διὸ
2125 3860 2423 3931 βουλόμεθα
2472 3860 2706 3930 σήμερον
2737 3859 2806 3911 τά
2847 3857 3142 3929 λειπόμενα
3191 3861 3318 3931 ύμῖν
3357 3864 3668 3933 ἀποδόντες,

2001 3940 2173 4004 οῦτως
2201 3941 2347 4011 ὑμᾶς
2379 3937 2624 3991 ἐντεῦθεν
2657 3936 3001 4007 ἀποπέμψαι.
3038 3936 3179 3991 Ἀλλ’
3205 3939 3291 3993 ἵνα
3332 3941 3461 4010 ὑμῖν
3494 3946 3670 4016 σαφὴς

2001 4018 2158 4090 ἡμῶν
2182 4020 2211 4072 6
2236 4018 2390 4086 λόγος
2417 4017 2660 4084 γένηται,
2693 4016 2988 4083 ἀναγκαῖον
3036 4016 3180 4085 ὑμᾶς
3205 4018 3534 4090 ὑπομνῆσαι,
3563 4023 3668 4077 ποῖ’,

2000 4099 2123 4152 τότε
2159 4099 2256 4169 τὴν
2298 4092 2684 4154 διδασκαλίαν(
2721 4093 3112 4164 κατελύσαμεν,
3145 4093 3228 4150 ἵνα
3256 4099 3466 4154 ἐκεῖθεν
3498 4102 3667 4174 ἀρξά-

2005 4196 2176 4252 μενοι,
2205 4177 2347 4230 οὕτω
2377 4174 2448 4228 τά
2487 4174 2738 4227 λείποντα
2781 4174 3284 4248 ἀναπληρώσωμεν.
3320 4178 3429 4233 Ποῦ
3459 4179 3552 4236 οῦν
3575 4185 3670 4238 τὸν

2001 4259 2159 4329 λόγον
2194 4257 2317 4311 τότε
2363 4253 2773 4334 κατελύσαμεν;
2812 4254 3070 4317 Εἰπόντες
3096 4256 3178 4320 είς
3227 4259 3324 4326 τὸ,
3361 4259 3477 4334 [75]
3495 4264 3672 4332 noui-

2003 4354 2206 4408 σωμεν
2245 4336 2559 4405 ἄνθρωπον
2607 4333 2734 4387 κατ’
2765 4335 2968 4390 εἰκόνα
3013 4336 3309 4404 ἡμετέραν
3326 4377 3343 4404 ,
3391 4333 3489 4396 κάλ
3540 4348 3673 4401 καθ’

2006 4418 2310 4487 ὁμοίωσιν,
2345 4416 2442 4470 καί
2486 4412 2837 4482 ἁρχέτωσαν
2877 4411 2995 4466 τῶν
3037 4415 3260 4483 ἰχθύων
3296 4416 3408 4486 τῆς
3446 4421 3676 4477 θαλάσ-

2004 4514 2141 4565 σης.
2183 4496 2282 4550 καὶ
2315 4493 2433 4549 τῶν
2462 4491 2750 4548 πετεινῶν
2771 4491 2878 4546 τοῦ
2907 4494 3190 4561 οὐρανοῦ,
3216 4497 3404 4570 ἐπειδὴ
3434 4501 3514 4564 είς
3535 4502 3672 4557 πολὺ

2008 4578 2181 4648 μῆκος
2208 4578 2237 4630 6
2265 4575 2421 4644 λόγος
2451 4571 2704 4655 ἐξετάθη,
2726 4572 2821 4655 καὶ
2841 4571 2983 4655 ’πολὺ
3032 4572 3267 4644 πέλαγος
3311 4577 3444 4650 ήμῖν
3475 4577 3674 4655 ἐτέχθη

2004 4657 2312 4730 νοημάτων,
2343 4655 2404 4709 ού
2437 4649 2787 4724 συνεχωρήθη
2828 4648 2962 4723 ἡμῖν
3009 4648 3672 4731 περαιτέρωνίπροελθεῖνξ

2003 4737 2142 4796 ἀλλά
2188 4737 2350 4810 μέχρι
2394 4733 2582 4790 τούτου
2598 4733 2835 4812 στάντες
2861 4731 2973 4812 τῶν
3007 4733 3134 4812 ἐξῆς
3177 4735 3279 4790 οὐκ
3322 4735 3670 4812 ἐφηψάμεθα.

2004 4818 2207 4890 Διόπερ
2234 4809 2530 4884 ἀναγκαῖον
2561 4809 2657 4865 νῦν
2682 4811 2854 4881 αὐτὴν
2879 4811 2980 4882 τὴν
3002 4811 3326 4867 ἀκολουθίαν
3362 4809 3673 4885 ἀναγνῶναι

2007 4899 2102 4953 ἐπὶ
2125 4898 2226 4969 τῆς
2247 4895 2515 4968 ὑμετέρας
2541 4891 2782 4961 ἀγάπης,
2805 4891 2891 4945 ίνα
2920 4891 3115 4946 εἰδέναι
3139 4893 3334 4963 Ξχοιτε,
3359 4896 3480 4950 τίνα
3500 4897 3672 4961 ἐστὶν,

2005 4978 2043 5037 ἃ
2071 4977 2339 5050 μέλλομεν
2373 4976 2516 5047 ἐρεῖν
2560 4971 2697 5041 πρὸς
2731 4971 2894 5043 ὑμᾶς.
2934 4971 3150 5036 Εὐθέως
3195 4971 3289 5029 οὗν
3328 4976 3611 5046 ἐπήγαγεν
3639 4980 3675 5050 ή

2009 5057 2130 5112 θεία
2155 5057 2341 5130 Γραφή
2363 5073 2377 5086 ο
2401 5054 2512 5110 Καὶ
2526 5052 2819 5119 ἐποίησεν
2833 5054 2868 5107 ό
2890 5051 3034 5117 Θεὸς
3061 5051 3168 5107 τὸν
3182 5053 3495 5122 ἄνθρωπον
3513 5073 3527 5087 ·
3546 5059 3676 5111 κατ’

2006 5144 2212 5198 είκόνα
2232 5139 2381 5194 Θεοῦ
2405 5138 2697 5205 ἐποίησεν
2724 5137 2912 5190 αὐτόν
2927 5153 2942 5168 ·
2970 5134 3160 5205 ἄρσεν
3179 5138 3278 5192 καὶ
3298 5138 3453 5207 θῆλυ
3473 5141 3679 5211 ἐποίη-

2008 5241 2122 5282 σεν
2147 5224 2387 5290 αὐτούς.
2419 5221 2529 5278 Kal
2555 5220 2896 5289 εὐλόγησεν
2919 5220 3142 5287 αὐτοὺς
3181 5225 3214 5276 ό
3255 5222 3419 5290 Θεὸς,
3442 5225 3636 5296 λέγων
3661 5245 3674 5259 -

2007 5308 2378 5375 Αὺξάνεσθε,
2419 5306 2517 5360 καὶ
2566 5305 2984 5372 πληθύνεσθε,
3029 5305 3126 5357 καὶ
3166 5306 3523 5374 πληρώσατε
3565 5310 3680 5379 τὴν

2009 5393 2144 5467 γῆν,
2197 5391 2294 5446 καί
2335 5389 2844 5458 κατακυριεύσατε
2886 5385 3103 5453 αὐτῆς·
3150 5388 3249 5442 καὶ
3295 5389 3507 5460 ἄρχετε
3562 5392 3682 5446 τῶν

2010 5479 2231 5548 ίχθύων
2260 5473 2372 5543 τῆς
2399 5472 2736 5540 θαλάσσης,
2771 5470 2870 5524 καὶ
2900 5469 3021 5525 τῶν
3045 5471 3335 5527 πετεινῶν
3371 5475 3476 5529 τοῦ
3508 5479 3683 5543 ούρα-

2008 5563 2142 5627 νοῦ,
2174 5560 2272 5616 καὶ
2302 5559 2548 5614 πάντων
2573 5556 2690 5610 τῶν
2728 5553 2984 5623 κτηνῶν,
3017 5556 3117 5610 καί
3156 5557 3360 5626 πάσης
3396 5557 3506 5628 τῆς
3544 5557 3680 5630 γῆς,

2009 5649 2106 5702 καί
2136 5645 2380 5700 πάντων
2402 5642 2521 5696 τῶν
2540 5639 2802 5712 ἑρπετῶν
2820 5639 2940 5694 τῶν
2960 5641 3267 5710 ἑρπόντων
3286 5642 3385 5696 ἐπὶ
3409 5642 3520 5711 τῆς
3544 5643 3679 5712 τῆς.

2009 5729 2224 5804 Βραχέα
2256 5725 2325 5780 τά
2365 5727 2603 5797 ῥήματα,
2633 5723 2769 5778 ἀλλά
2813 5724 2977 5789 πολὺς
3004 5725 3033 5777 6
3062 5723 3376 5796 ἐγκείμενος
3408 5726 3681 5797 θησαυρὸς

2079 5951 2101 6003 ε
2124 5939 2272 6003 Savil.
2297 5944 2350 5989 et
2371 5951 2457 5988 sex
2479 5951 2596 6003 mss.
2615 5939 2696 6003 τὸν
2713 5938 2946 6003 ἄκρατον,
2968 5941 3195 6003 intelligo
3216 5941 3364 5992 οἶνον.

2079 5999 2318 6054 ίίοίειὶιι.
2350 6007 2430 6062 τῆς
2473 5999 2796 6061 διδασκαλίαςξ
2887 6016 2918 6020 "
