4144 6428
495 393 570 451 85
1606 391 1672 448 ΙΝ
1709 393 1862 449 CAP.
1906 391 1948 448 Ι.
1989 391 2099 448 GEl

2205 394 2232 448 ἱ.
2278 391 2512 451 "OMIL.
2553 395 2622 450 Χ.
3725 401 3802 459 ει

497 505 696 573 verbis.
753 504 960 576 Spiritu
1008 504 1148 562 enim
1193 504 1417 576 loquens
1463 505 1647 562 beatus
1678 506 1767 561 hic
1808 506 2088 577 propheta,

497 614 640 654 nunc
663 613 762 654 nos
789 612 984 653 arcana
1009 597 1252 668 quaedam
1277 597 1471 654 docere
1495 599 1624 653 vult.
1654 599 1783 654 Nam
1816 608 2094 668 postquam

494 690 654 755 dixit,
685 689 962 744 Faciamus
987 690 1261 754 hominem,
1291 699 1344 745 et
1381 691 1682 756 consilium,
1711 701 1786 758 et,
1821 701 1878 746 ut
1907 692 1977 746 ita
2007 691 2094 746 di-

497 799 642 849 cam,
673 783 908 838 studium
939 783 1178 837 adhibuit
1203 785 1441 839 omnium
1485 786 1693 856 Opifex,
1723 795 1781 840 ut
1806 785 1907 841 hoc
1935 786 2093 841 sche-

498 886 646 932 mate
669 876 931 932 formandi
953 875 1184 931 hominis
1209 877 1516 947 dignitatem
1539 879 1865 944 ostenderet,
1893 887 1947 932 et
1969 887 2094 933 ante

500 968 878 1022 formationem
931 968 1091 1022 etiam
1141 968 1378 1032 doceret,
1434 977 1688 1038 quantum
1740 970 2093 1038 principatum

501 1059 782 1116 formando
804 1060 1005 1115 homini
1027 1060 1246 1115 daturus
1269 1070 1428 1116 esset.
1454 1062 1633 1131 Itaque
1651 1078 1774 1116 eum
1790 1063 1923 1116 dixit
1947 1079 1958 1115 :
1982 1060 2093 1115 Fa-

500 1152 698 1205 ciamus
723 1151 977 1204 hominem
1014 1132 1290 1206 secundum
1335 1153 1604 1223 imaginem
1648 1164 1893 1220 nostram,
1941 1161 2096 1206 etse-

501 1243 726 1295 cundum
752 1242 1160 1307 similitudinem;
1199 1243 1454 1306 subdidit,
1509 1254 1556 1298 et
1589 1244 1910 1298 dominentur
1939 1245 2094 1313 pisci-

501 1333 598 1388 bus
651 1335 824 1386 maris.
860 1333 990 1388 Vide
1027 1335 1297 1404 quomodo
1343 1337 1519 1390 statim
1551 1337 1618 1390 ab
1649 1337 1799 1391 initio
1841 1337 2094 1392 latentem

503 1426 663 1482 nobis
710 1427 1016 1481 thesaurum
1074 1427 1424 1482 demonstrat.
1472 1428 1671 1497 Spiritu
1716 1429 1856 1483 enim
1911 1429 2096 1484 divino

504 1519 734 1588 loquens
778 1518 1060 1589 pmpheta,
1109 1536 1227 1589 qum
1258 1520 1492 1575 nondum
1535 1521 1912 1585 subsistebant,
1945 1521 2097 1591 quasi

503 1609 848 1664 subsistentia
878 1619 931 1664 et
961 1608 1096 1663 facta
1128 1609 1291 1664 videt.
1327 1609 1505 1678 Quare
1533 1627 1682 1678 ergo,
1715 1611 1817 1675 die,
1847 1611 2094 1679 obsecro,

505 1713 566 1756 ut
594 1702 745 1766 dixit,
780 1701 1054 1756 Faciamus
1085 1703 1357 1770 hominem,
1386 1719 1526 1758 nunc
1552 1704 1706 1770 dixit,
1731 1703 1798 1756 Et
1826 1704 2096 1758 dominen-

505 1793 620 1846 tur?
641 1790 914 1846 Occultum
938 1791 1090 1846 nobis
1117 1800 1508 1848 sacramentum
1537 1794 1621 1848 hic
1637 1797 1747 1862 jam
1768 1809 2100 1863 consequen-

504 1893 592 1938 ter
615 1882 869 1938 declarat.
901 1883 1125 1950 Quinam
1167 1883 1538 1939 dominentur?
1577 1884 1813 1939 Mulieris
1850 1884 2100 1939 videlicet

506 1977 736 2032 innuens
777 1976 1146 2032 formationem
1178 1976 1279 2032 hoc
1304 1977 1455 2032 dixit.
1487 1977 1649 2032 Vides
1674 1979 1940 2049 quomodo
1967 1977 2099 2032 nihil

507 2069 649 2122 inest
675 2067 866 2122 divinis
894 2068 1087 2123 Litoris
1119 2076 1324 2124 temere
1350 2077 1402 2124 et
1425 2068 1625 2140 absque
1644 2085 1802 2124 causa
1845 2070 2098 2139 positum,

505 2154 774 2230 etiamque
817 2159 1036 2214 verbum
1083 2158 1225 2230 quod
1256 2159 1533 2215 fortuitum
1563 2160 1728 2215 videri
1757 2171 1959 2231 posset,
1987 2176 2103 2215 ma—

505 2265 669 2320 gnum
701 2250 1007 2305 thesaurum
1037 2251 1089 2304 in
1114 2266 1173 2306 se
1198 2251 1454 2307 latentem
1480 2253 1740 2308 continet.

580 2343 633 2398 4.
670 2344 737 2398 Et
756 2359 822 2398 ne
869 2344 1080 2400 mireris
1102 2386 1118 2411 ,
1160 2344 1384 2412 dilecte,
1434 2344 1576 2415 quod
1613 2345 1814 2402 dictum
1846 2353 1948 2402 est.
1980 2345 2100 2400 Mos

506 2435 652 2489 enim
685 2435 768 2490 hic
793 2445 875 2490 est
904 2435 1279 2506 prophetarum
1305 2435 1567 2501 omnium,
1595 2435 1662 2490 de
1686 2435 1922 2491 nondum
1949 2435 2102 2493 factis

507 2538 570 2583 ut
609 2528 676 2584 de
704 2527 856 2583 factis
884 2529 1048 2600 loqui.
1082 2529 1216 2596 Quia
1243 2530 1388 2585 enim
1419 2530 1738 2586 mentalibus
1761 2531 1929 2586 oculis
1955 2531 2104 2587 vide-

507 2620 640 2676 bant
676 2637 794 2692 qua:
843 2631 962 2693 post
1008 2622 1298 2677 multorum
1343 2637 1606 2678 annorum
1644 2623 1906 2679 curricula
1947 2632 2103 2679 erant

511 2715 688 2769 futura
713 2756 728 2780 ,
781 2716 980 2772 idcirco
1004 2718 1153 2788 quasi
1186 2732 1327 2773 nunc
1366 2718 1435 2773 ob
1461 2718 1644 2774 oculos
1687 2719 1857 2790 posita
1894 2728 2103 2788 specta-

510 2814 665 2874 rent,
720 2805 792 2862 ita
838 2817 1027 2863 cuncta
1069 2808 1374 2863 narrabant.
1428 2809 1498 2864 Et
1536 2825 1642 2880 quo
1675 2809 1958 2865 manifeste
2001 2809 2104 2866 hoc

509 2899 670 2965 scias,
696 2899 818 2954 audi
842 2899 1058 2954 beatum
1086 2900 1340 2956 Davidem
1368 2901 1655 2968 dicentem,
1681 2910 1737 2958 et
1755 2911 1879 2958 ante
1900 2911 1976 2958 tot
2002 2918 2104 2957 sa:-

507 2992 626 3045 cula
668 2993 1043 3048 vaticinantem
1069 2993 1139 3048 de
1179 3009 1338 3049 cruce
1365 2994 1600 3060 Christi,
1646 3003 1702 3050 et
1730 2996 2048 3051 clamantem
2084 3013 2100 3049 :

509 3083 771 3138 Fuderunt
801 3103 980 3140 manus
1007 3102 1142 3141 meas
1171 3097 1218 3140 et
1245 3087 1394 3157 pedes
1417 3104 1552 3142 meos
1577 3105 1594 3152 ;
1618 3097 1672 3143 et
1701 3089 1923 3156 iterum,
1952 3087 2101 3142 Divi-

506 3186 677 3232 serunt
703 3177 991 3232 vestimenta
1012 3195 1122 3232 mea
1146 3178 1239 3232 sibi
1270 3177 1438 3251 (Psal.
1465 3180 1558 3234 ‘2l.
1594 3181 1680 3234 l7.
1710 3190 1756 3235 et
1796 3180 1910 3252 i9).
1941 3180 2122 3237 Vides-

507 3269 775 3338 quomodo
800 3279 921 3340 post
945 3271 1160 3340 longum
1191 3281 1400 3342 tempus
1429 3270 1627 3340 futura,
1657 3273 1806 3342 quasi
1828 3273 1937 3343 jam
1962 3273 2100 3328 facta

508 3363 794 3433 prmdixit?
836 3365 924 3420 Sic
950 3373 1004 3420 et
1050 3366 1238 3421 beatus
1265 3365 1352 3420 hic
1383 3367 1639 3436 prepheta
1672 3367 1782 3434 jam
1827 3367 2102 3422 insinuans

507 3456 665 3511 nobis
693 3457 932 3512 mulieris
979 3459 1348 3514 formationem
1373 3501 1389 3525 ,
1435 3460 1766 3528 ainigmatice
1795 3468 1850 3514 et
1872 3459 2101 3517 obscure

508 3547 639 3602 dicit
674 3567 687 3602 :
738 3548 804 3602 Et
839 3549 1160 3604 dominentur
1198 3551 1417 3620 piscibus
1463 3551 1639 3602 maris.
1691 3549 1758 3604 Et
1786 3564 2102 3620 progressus

508 3641 649 3695 ultra
680 3641 1010 3696 manifestius
1039 3643 1244 3712 inquit,
1287 3641 1355 3696 Et
1384 3643 1501 3711 fecit
1531 3640 1668 3696 Deus
1696 3642 1986 3706 hominem;
2022 3659 2102 3696 se-

507 3733 726 3788 cundum
760 3734 1030 3804 imaginem
1055 3733 1155 3788 Dei
1191 3735 1308 3805 fecit
1351 3734 1534 3801 illum;
1562 3733 1844 3788 masculum
1880 3741 1926 3786 ct
1948 3733 2100 3804 femi-

509 3843 630 3879 nam
661 3827 776 3896 fecit
801 3827 936 3881 illos.
978 3825 1359 3881 Animadverte
1393 3836 1588 3896 quanta
1621 3841 1748 3880 usus
1768 3834 1849 3880 est
1878 3839 2100 3880 accura-

511 3919 678 3987 tione,
705 3920 871 3974 semel
897 3928 1058 3988 atque
1088 3919 1280 3974 iterum
1313 3918 1452 3974 idem
1483 3919 1666 3973 dicens
1687 3960 1702 3986 ,
1741 3927 1798 3972 ut
1822 3918 1874 3972 in
1903 3918 2099 3973 menti-

511 4009 613 4066 bus
661 4011 964 4066 auditorum
995 4010 1133 4065 bene
1177 4009 1364 4081 reponi
1411 4010 1619 4081 possint
1663 4025 1782 4080 qua:
1829 4010 2097 4066 dicuntur.

510 4103 625 4159 Nisi
665 4105 806 4160 enim
833 4105 935 4158 hoc
954 4105 1004 4159 ei
1033 4119 1176 4158 curze
1208 4104 1430 4172 fuisset,
1463 4101 1764 4158 sufficiebat
1789 4104 2001 4169 dicere,
2035 4103 2101 4157 Et

514 4197 630 4268 fecit
666 4194 805 4250 Deus
835 4195 1088 4249 hominem
1118 4211 1136 4249 :
1162 4194 1256 4249 sed
1287 4193 1476 4249 iterant
1509 4194 1760 4263 apponit,
1807 4193 2102 4248 Secundum

510 4287 780 4358 imaginem
804 4285 900 4340 Dei
924 4287 1043 4358 fecit
1071 4286 1239 4340 illum.
1285 4285 1570 4357 Postquam
1599 4286 1743 4340 enim
1784 4299 1882 4340 nos
1920 4285 2103 4340 docuit

508 4392 606 4449 per
630 4377 1003 4448 pmcedentia,
1029 4377 1156 4447 quid
1187 4378 1289 4445 sit,
1336 4376 1630 4432 Secundum
1662 4377 1967 4448 imaginem,
2001 4377 2099 4433 de—

510 4484 619 4525 nuo
657 4484 721 4524 ea
761 4469 830 4525 de
875 4484 1035 4525 causa
1067 4469 1150 4525 hic
1188 4468 1435 4525 eumdem
1465 4470 1658 4539 repetit
1679 4484 1980 4525 sermonem
2002 4511 2017 4537 ,
2049 4479 2103 4524 et

509 4561 675 4617 dicit:
707 4560 1003 4617 Secundum
1017 4562 1290 4632 imaginem
1321 4560 1414 4616 Dei
1439 4562 1554 4632 fecit
1574 4577 1708 4615 eum.
1732 4561 1798 4614 Et
1827 4568 1885 4614 ut
1912 4575 1978 4615 ne
2003 4560 2104 4614 im—

512 4652 798 4722 pudentem
845 4653 1060 4723 quidem
1105 4652 1432 4707 defensionis
1479 4661 1796 4722 prattextum
1836 4651 2104 4721 relinquat

511 4745 762 4801 Ecclesiae
791 4745 1037 4816 dogmata
1085 4747 1400 4816 impugnare
1441 4744 1776 4810 volentibus,
1831 4743 2100 4814 paululum

515 4852 827 4909 progressus
871 4838 1012 4894 idem
1061 4838 1254 4894 iterum
1286 4837 1481 4903 docet,
1515 4837 1659 4906 quod
1690 4837 1810 4891 ideo
1855 4836 2103 4906 imaginis

511 4931 727 4985 nomine
754 4946 881 4986 usus
907 4931 994 4995 sit,
1025 4931 1164 5001 quod
1194 4930 1552 5000 imperaturus
1581 4973 1595 4996 ,
1641 4939 1696 4984 et
1740 4929 1840 4984 sub
1868 4945 1927 4984 se
1952 4945 2103 4984 crea-

513 5032 658 5077 turas
684 5037 872 5076 omnes
901 5021 1177 5076 habiturus
1203 5030 1364 5078 esset.
1396 5021 1512 5076 Jam
1548 5024 1820 5076 videamus
1862 5021 1989 5091 quid
2016 5021 2101 5075 di-

508 5117 582 5171 cit
609 5133 622 5170 :
654 5115 720 5169 Et
740 5117 858 5186 fecit
889 5113 1026 5169 Deus
1061 5115 1351 5182 hominem;
1384 5115 1659 5170 secundum
1706 5114 1978 5185 imaginem
2003 5112 2102 5168 Dei

509 5207 628 5275 fecit
657 5208 802 5261 illum
839 5225 861 5274 ;
890 5208 1174 5262 masculum
1207 5217 1254 5262 et
1283 5209 1524 5280 feminam
1549 5209 1664 5278 fecit
1687 5207 1821 5262 illos.
1858 5205 1914 5261 id
1959 5206 2102 5277 quod

507 5318 670 5371 supra
702 5301 1084 5367 insinuaverat,
1111 5299 1316 5364 dicens,
1350 5300 1415 5354 Et
1444 5301 1784 5366 dominentur,
1816 5299 1903 5354 hic
1928 5298 2104 5354 mani-

508 5396 696 5450 festius
730 5395 899 5457 dixit;
930 5395 1157 5466 idipsum
1201 5403 1376 5448 tamen
1416 5393 1760 5449 reconditiori
1807 5393 1968 5448 modo
2003 5407 2103 5449 nos

509 5487 713 5542 docens
747 5505 761 5541 :
795 5485 1031 5541 nondum
1069 5485 1213 5541 enim
1249 5485 1316 5541 de
1353 5485 1671 5540 formatione
1692 5485 1970 5552 docuerat,
2004 5501 2101 5542 ne-

509 5596 614 5650 que
649 5578 860 5635 dixerat
891 5579 1041 5635 unde
1081 5579 1276 5635 mulier
1317 5579 1572 5648 producta
1605 5597 1619 5632 :
1652 5578 1938 5634 Masculum
1967 5619 1983 5645 ,
2023 5581 2104 5634 in-

507 5672 662 5742 quit,
705 5681 751 5725 et
777 5673 1014 5743 feminam
1058 5672 1178 5746 fecit
1215 5672 1350 5726 illos.
1391 5669 1585 5727 Vidisti
1613 5669 1915 5742 quomodo,
1957 5672 2100 5742 quod

510 5763 749 5819 nondum
774 5763 968 5820 factum
990 5807 1004 5830 ,
1037 5764 1186 5835 quasi
1212 5767 1321 5834 jam
1352 5763 1549 5820 factum
1580 5763 1858 5818 narravit?
1902 5764 2098 5833 llujus-

507 5856 658 5914 modi
684 5865 807 5913 sunt
830 5857 968 5914 oculi
995 5857 1298 5930 spiritualcs
1327 5873 1342 5912 :
1371 5857 1702 5929 nequeenim
1733 5864 1935 5913 tantum
1963 5872 2098 5928 pra:-

2206 516 2348 562 stare
2395 520 2620 578 possunt
2655 509 2962 582 corporales
2991 513 3046 569 hi
3093 516 3256 581 oculi,
3285 514 3374 586 qui
3407 505 3630 573 visibilia
3673 533 3796 573 ecr—

2204 607 2358 664 nunt,
2382 609 2638 668 quantum
2656 603 2793 656 oeuli
2821 604 3060 672 spiritus,
3089 607 3177 674 qui
3196 621 3258 661 ea
3280 623 3398 676 qua:
3421 624 3526 661 non
3547 607 3796 663 videntur

2202 704 2378 760 neque
2419 692 2746 757 subsistunt,
2801 695 2990 750 videre
3025 706 3266 765 possunt.
3319 697 3478 768 Igitur
3521 708 3576 752 ut
3623 699 3794 755 dixit.

2205 783 2497 838 Masculum
2534 793 2582 838 et
2607 787 2847 856 [etninam
2874 789 2990 858 fecit
3024 789 3160 852 illos,
3192 791 3342 859 quasi
3383 792 3591 858 utrique
3629 791 3795 845 bene—-

2203 873 2492 930 dictionem
2515 875 2688 942 daret,
2717 877 2848 932 dicit
2874 896 2889 932 :
2920 879 2987 932 Et
3005 880 3252 934 benedixit
3281 883 3384 936 illis
3416 883 3572 949 Deus,
3604 884 3792 948 dicens,

2203 963 2438 1033 Crescite,
2467 976 2514 1020 et
2543 968 2976 1038 multiplicamini,
3011 980 3056 1024 et
3082 971 3283 1040 implete
3311 981 3494 1025 terram
3517 1014 3533 1038 ,
3565 985 3610 1026 et
3632 975 3797 1026 domi-

2201 1057 2396 1109 namini
2444 1058 2554 1121 illi,
2602 1068 2648 1111 et
2687 1059 2928 1127 imperata
2971 1062 3191 1131 piscibus
3243 1063 3414 1116 maris.
3451 1063 3591 1117 Ecce
3634 1079 3793 1133 quam

2201 1149 2443 1204 eminens
2467 1149 2788 1206 benedictio.
2827 1153 2958 1207 Nam
2991 1154 3114 1219 hoc,
3145 1155 3382 1219 Crescite,
3411 1167 3457 1209 et
3484 1157 3795 1224 multiplica—

2203 1243 2360 1309 mini,
2393 1254 2439 1296 et
2465 1245 2668 1312 implete
2693 1255 2880 1299 terram
2898 1287 2914 1308 ,
2961 1249 3118 1301 etiam
3147 1247 3213 1302 de
3241 1249 3410 1302 brutis
3437 1249 3757 1303 animalibus
3777 1289 3796 1314 ,

2203 1345 2258 1389 et
2287 1336 2565 1405 reptilibus
2589 1335 2788 1390 dictum
2810 1348 2893 1391 est
2925 1354 2938 1390 :
2968 1337 3061 1391 sed
3087 1379 3101 1404 ,
3148 1337 3495 1392 Dominamini
3512 1379 3528 1403 ,
3557 1350 3602 1393 et
3637 1343 3797 1407 impe-

2202 1435 2340 1488 rate.
2385 1428 2450 1482 de
2473 1429 2588 1482 viro
2612 1438 2666 1482 et
2701 1431 2926 1485 muliere
2968 1430 3189 1486 dictum.
3234 1432 3366 1486 Vide
3413 1432 3792 1502 benignitatem

2205 1520 2416 1575 Domini
2449 1539 2462 1575 :
2493 1530 2778 1592 antequam
2821 1524 3097 1578 mulierem
3127 1524 3385 1593 producat
3417 1562 3437 1591 ,
3484 1527 3791 1594 participem

2203 1614 2346 1671 illam
2376 1614 2502 1668 facit
2531 1615 2774 1686 imperii,
2798 1624 2852 1670 et
2877 1617 3265 1691 benedictionis
3291 1617 3494 1672 honore
3523 1617 3793 1686 dignatur.

2207 1704 2272 1758 Et
2302 1706 2572 1772 imperate,
2604 1707 2712 1772 ait,
2740 1707 2958 1777 piscibus
2988 1709 3163 1775 maris,
3191 1718 3238 1762 ct
3264 1708 3548 1763 volatilibus
3577 1711 3684 1763 rwli
3704 1751 3724 1773 ,.
3749 1719 3794 1762 et

2205 1796 2435 1851 omnibus
2460 1799 2741 1868 pecoribus,
2769 1809 2814 1852 et
2840 1801 3082 1854 universa;-
3115 1810 3281 1867 τεῖναι,
3310 1809 3354 1853 et
3381 1800 3609 1854 onmibus
3637 1801 3794 1870 repti~

2205 1887 2354 1955 libus,
2378 1905 2488 1958 qua:
2507 1900 2688 1958 repunt
2714 1907 2864 1960 super
2893 1901 3097 1944 terram.

2276 1981 2331 2035 5.
2362 1981 2550 2035 Vidisti
2578 1981 2986 2037 incuarrabilem
3016 1985 3369 2052 potestatem?
3391 1983 3565 2038 vidisti
3595 1983 3794 2052 princi-

2204 2083 2358 2143 patus
2379 2074 2842 2143 magnitudinem?
2869 2075 3047 2129 vidisti
3073 2075 3288 2129 condita
3315 2075 3491 2129 omnia
3519 2075 3618 2129 sub
3641 2074 3800 2143 hujus

2205 2171 2520 2236 potestatem
2551 2167 2807 2222 redacta?
2834 2167 2977 2221 Nihil
3020 2167 3244 2237 posthac
3283 2167 3552 2222 mediocre
3596 2167 3664 2221 de
3711 2183 3797 2220 ra-

2207 2259 2390 2313 tionali
2431 2259 2534 2314 hoc
2580 2259 2799 2314 animali
2845 2259 3151 2329 imagineris
3177 2301 3190 2322 ,
3236 2259 3332 2314 sed
3374 2259 3548 2328 cogita
3579 2258 3798 2314 honoris

2205 2349 2657 2421 magnitudinem,
2700 2359 2754 2405 et
2778 2350 2986 2405 Domini
3010 2365 3133 2420 erga
3165 2351 3289 2405 illud
3320 2350 3744 2406 benevolentiam
3779 2391 3794 2412 ,

2205 2441 2591 2511 obstupescens
2635 2442 2776 2496 illius
2820 2443 3136 2496 immensam
3173 2450 3228 2496 et
3257 2441 3666 2496 inenarrabilcm
3697 2441 3792 2494 be-

2205 2533 2537 2602 nignitatem.
2566 2532 2657 2587 29.
2689 2531 2754 2586 Et
2781 2533 2910 2588 dixit
2939 2532 3077 2586 Deus
3099 2549 3118 2586 :
3145 2532 3280 2586 Ecce
3302 2533 3416 2586 dedi
3441 2531 3576 2585 vobis
3599 2548 3796 2585 omnem

2207 2625 2411 2679 herbam
2453 2626 2700 2690 salivam;
2744 2626 2999 2679 seminans
3040 2641 3204 2679 semen
3245 2623 3380 2694 quod
3412 2633 3486 2677 est
3512 2641 3665 2694 super
3695 2634 3796 2677 ter-

2204 2734 2315 2771 ram
2343 2733 2362 2770 :
2392 2727 2438 2771 et
2463 2733 2605 2770 autne
2632 2717 2846 2786 lignum,
2876 2717 3011 2788 quod
3037 2715 3180 2770 habet
3207 2717 3261 2770 in
3286 2718 3448 2784 seipse
3471 2718 3688 2787 fructum
3712 2732 3797 2769 se-

2207 2809 2355 2862 minis
2384 2809 2529 2861 sativi
2552 2850 2568 2874 ,
2616 2809 2752 2862 vobis
2781 2810 2874 2862 erit
2898 2809 2950 2861 in
2979 2809 3144 2862 cibum
3168 2849 3183 2874 ,
3209 2807 3298 2862 30.
3337 2817 3383 2861 et
3409 2807 3641 2860 onmibus
3677 2807 3799 2877 [eris

2208 2910 2354 2955 terra:
2377 2943 2392 2967 ,
2438 2910 2486 2955 et
2510 2901 2738 2955 omnibus
2763 2900 3048 2955 volatilibus
3075 2902 3187 2954 caeli
3212 2941 3228 2966 ,
3284 2910 3332 2954 et
3357 2901 3495 2953 omni
3523 2901 3690 2969 reptili
3719 2916 3799 2952 re-

2206 2993 2343 3064 penti
2372 3010 2523 3063 super
2549 3002 2730 3048 terram
2752 3034 2766 3057 ,
2797 2993 2934 3062 quod
2960 2993 3104 3046 habet
3131 2994 3183 3045 in
3208 2993 3372 3061 seipso
3399 2992 3620 3044 animam
3649 2992 3760 3044 vitae
3778 3031 3795 3054 ,

2206 3095 2253 3138 et
2277 3101 2476 3138 onmem
2505 3085 2710 3139 herbam
2729 3085 2937 3139 viridem
2961 3086 3014 3138 in
3043 3085 3230 3139 cibum.
3264 3083 3330 3137 Et
3376 3084 3566 3154 factum
3602 3093 3675 3137 est
3704 3085 3796 3136 ita.

2207 3176 2340 3232 Vide
2361 3219 2376 3243 ,
2405 3176 2664 3242 obsecro,
2702 3176 2978 3233 carissime
2999 3217 3014 3241 ,
3054 3175 3339 3231 verborum
3361 3175 3684 3246 diligentiam
3702 3217 3716 3239 ,
3745 3185 3800 3230 et

2206 3270 2526 3326 ineffabilem
2569 3272 2664 3326 Dei
2714 3271 3092 3341 benignitatem
3119 3313 3134 3337 ,
3171 3280 3226 3327 et
3255 3287 3323 3326 ne
3362 3271 3488 3341 quid
3531 3270 3798 3324 dictorum

2204 3363 2518 3432 simpliciter
2565 3372 2870 3433 praetereas.
2914 3363 2981 3416 Et
3005 3363 3163 3429 dixit,
3207 3363 3413 3432 inquit,
3447 3360 3585 3416 Deus
3617 3377 3637 3415 :
3669 3360 3798 3415 Ecce

2205 3455 2322 3509 dedi
2369 3455 2504 3508 vobis
2553 3471 2751 3509 onmem
2798 3455 3005 3508 herbam
3054 3455 3267 3508 satiuam
3299 3470 3319 3508 :
3357 3454 3506 3523 quasi
3553 3452 3621 3506 ad
3662 3453 3800 3508 duos

2205 3560 2384 3601 sermo
2410 3545 2500 3611 sit,
2529 3544 2774 3615 quamvis
2798 3544 3033 3600 nondum
3054 3545 3278 3600 muliere
3295 3543 3568 3615 producta.
3595 3542 3798 3597 Deinde

2205 3645 2261 3692 ut
2286 3637 2462 3692 discas
2489 3637 2838 3693 excellentem
2867 3637 2986 3708 ejus
3005 3637 3300 3692 bonitatem
3333 3678 3348 3702 ,
3376 3635 3498 3690 vide
3528 3635 3798 3706 quomodo

2205 3733 2528 3789 eminentem
2572 3731 2948 3804 benignitatem
2979 3773 2994 3798 ,
3054 3741 3109 3787 et
3154 3731 3344 3786 miram
3395 3729 3796 3792 liberalitatem,

2205 3843 2312 3882 non
2341 3827 2392 3881 in
2423 3827 2539 3881 viro
2569 3836 2620 3881 et
2645 3827 2870 3882 muliere
2899 3826 3132 3881 nondum
3169 3825 3391 3880 formata
3419 3825 3589 3878 solum
3621 3823 3800 3878 decla-

2204 3927 2308 3986 ret,
2340 3919 2433 3974 sed
2460 3927 2514 3974 et
2543 3920 2592 3972 in
2625 3919 2754 3988 ipsis
2773 3919 2962 3973 brutis.
2992 3917 3123 3971 Nam
3151 3925 3210 3970 ut
3239 3916 3370 3970 dixit
3398 3933 3410 3968 :
3455 3914 3603 3967 Vobis
3634 3914 3725 3966 erit
3747 3913 3798 3964 in

2203 4012 2400 4078 cibum,
2430 4011 2680 4076 subdidit,
2709 4010 2776 4064 Et
2798 4010 3027 4065 omnibus
3057 4010 3223 4063 bestiis
3249 4019 3412 4063 ιρι-ναξ.
3443 4008 3576 4063 Vide
3603 4009 3793 4060 itermn

2203 4104 2362 4158 aliam
2393 4103 2643 4172 abyssum
2679 4100 3044 4170 benignitatis.
3095 4099 3208 4154 Non
3247 4099 3390 4153 enim
3419 4099 3589 4152 solum
3629 4097 3796 4152 brutis

2204 4193 2532 4256 domesticis,
2563 4201 2618 4247 et
2643 4200 2829 4246 nostro
2852 4191 2971 4245 usui
2993 4189 3370 4253 servientibus,
3390 4187 3475 4241 vel
3499 4186 3564 4241 ad
3587 4187 3790 4248 cibum.

2203 4287 2289 4341 vel
2334 4285 2401 4339 ad
2448 4284 2841 4349 ministerium,
2888 4283 2984 4339 sed
3025 4291 3079 4337 et
3104 4281 3233 4338 feris
3258 4281 3552 4351 prospexit.
3599 4279 3794 4348 Ecquis

2204 4392 2304 4447 pro
2330 4376 2584 4447 dignitate
2625 4376 2860 4446 attigerit
2897 4375 3210 4430 immensam
3254 4373 3410 4428 istam
3457 4370 3796 4427 bonitatem?

2214 4469 2366 4524 Vobis
2391 4469 2481 4523 erit
2506 4469 2559 4521 in
2584 4468 2785 4534 cibum,
2836 4467 3041 4538 inquit,
3085 4475 3132 4521 et
3161 4464 3389 4520 omnibus
3426 4463 3592 4518 bestiis
3619 4473 3794 4528 terrw,

2205 4573 2252 4616 et
2281 4560 2512 4616 omnibus
2532 4560 2815 4616 volatilibus
2843 4560 2974 4626 cazli,
3011 4567 3055 4613 et
3076 4559 3212 4613 omni
3242 4557 3412 4628 reptili
3435 4555 3626 4624 repenti
3645 4570 3797 4623 super

2207 4664 2413 4719 terram,
2445 4653 2579 4723 quod
2601 4653 2748 4707 habet
2771 4652 2825 4704 in
2845 4651 3109 4722 semetipso
3129 4650 3352 4704 animam
3378 4648 3508 4707 uitta,
3533 4656 3578 4700 et
3599 4661 3796 4700 onlnem

2205 4746 2412 4802 herbam
2442 4745 2652 4800 viridem
2693 4745 2746 4797 in
2785 4743 2969 4796 cibum.
3015 4741 3200 4810 Magna
3232 4739 3441 4793 Domini
3471 4752 3592 4806 erga
3625 4734 3798 4789 homi-

2208 4855 2332 4895 nem
2356 4881 2371 4906 ,
2421 4853 2578 4905 quem
2609 4835 2854 4892 condidit
2874 4876 2888 4898 ,
2938 4834 3241 4889 ostenditur
3270 4830 3618 4902 providentia.
3660 4827 3794 4882 Nam

2208 4939 2486 5002 postquam
2519 4929 2690 4998 ipsum
2725 4926 3000 4997 produxit,
3035 4934 3089 4980 et
3131 4924 3304 4978 omnis
3334 4930 3593 4977 creatura:
3620 4918 3792 4973 domi-

2205 5023 2356 5078 nium
2389 5022 2488 5092 ipsi
2516 5019 2770 5083 tradidit;
2799 5025 2944 5072 utne
2973 5016 3152 5072 statim
3175 5015 3242 5070 ab
3261 5013 3410 5068 initio
3425 5011 3788 5082 jumentorum

2204 5111 2598 5169 multitudinem
2643 5109 2830 5165 videns
2859 5107 3180 5163 stomachari
3231 5105 3431 5172 possit,
3486 5100 3634 5172 quasi
3685 5115 3793 5159 non

2205 5205 2473 5260 sufficeret
2501 5202 2566 5256 ad
2594 5200 2783 5257 alenda
2809 5208 2886 5254 tot
2909 5209 2963 5254 et
2996 5207 3141 5252 tanta
3165 5195 3412 5250 animalia
3445 5211 3457 5246 :
3488 5195 3799 5264 priusquam

2205 5297 2274 5354 de
2318 5298 2421 5352 hoc
2462 5295 2546 5351 vel
2591 5294 2877 5365 cogitaret,
2915 5291 3088 5346 bonus
3124 5289 3263 5343 Dens
3293 5285 3668 5356 prmveniendo
3696 5285 3804 5339 de-

2206 5391 2448 5447 mulcens
2477 5403 2600 5444 eum
2629 5429 2644 5452 ,
2675 5394 2729 5440 ut
2755 5385 2823 5439 ita
2853 5383 3026 5438 dicam
3048 5423 3063 5445 ,
3090 5389 3145 5435 et
3171 5377 3460 5434 ostendens
3486 5387 3590 5432 tam
3623 5376 3800 5445 ipsum

2206 5501 2364 5556 quam
2387 5484 2630 5555 jumenta
2656 5488 2709 5535 et
2729 5479 2882 5534 bruta
2910 5476 3090 5530 omnia
3109 5515 3125 5540 ,
3153 5481 3419 5544 praecepto
3446 5470 3656 5526 Domini
3687 5485 3791 5524 om-

2207 5591 2331 5632 nem
2364 5576 2570 5646 c0piam
2598 5571 2662 5626 ad
2693 5571 2806 5624 haec
2832 5566 3041 5633 alenda,
3074 5577 3212 5621 terra
3240 5561 3646 5636 suppeditante,
3676 5575 3799 5615 esse

2205 5668 2512 5733 habituros,
2545 5673 2822 5735 postquam
2849 5661 3008 5726 dixit,
3054 5659 3169 5715 Erit
3198 5659 3335 5713 vobis
3359 5658 3413 5711 in
3439 5656 3646 5723 cibum;
3671 5667 3795 5708 mox

2205 5758 2497 5832 subiungit,
2533 5757 2597 5812 Et
2620 5754 2846 5812 omnibus
2871 5753 3038 5808 bestiis
3066 5763 3241 5820 terraz,
3272 5760 3320 5805 et
3347 5747 3627 5806 volatilibus
3653 5745 3787 5812 cali,

2209 5865 2257 5912 et
2283 5853 2422 5911 omni
2453 5851 2620 5924 reptili
2654 5849 2848 5922 repenti
2872 5864 3022 5920 super
3047 5854 3230 5904 terram
3249 5885 3266 5916 ,
3305 5842 3442 5916 quod
3465 5839 3611 5897 habet
3633 5839 3685 5892 in
3710 5851 3792 5892 sc-
