  <div class='ocr_page' id='page_1' title='image "/cluster/home/n/w/nwhite01/storage/ocr_20150623/53:no.4:pt.1/coo.31924054869536/087.png"; bbox 0 0 4144 6466; ppageno 0'>
   <div class='ocr_carea' id='block_1_1' title="bbox 331 421 399 478">
    <p class='ocr_par' dir='ltr' id='par_1_1' title="bbox 331 421 399 478">
     <span class='ocr_line' id='line_1_1' title="bbox 331 421 399 478; baseline -0.059 0"><span class='ocrx_word' id='word_1_1' title='bbox 331 421 399 478; x_wconf 82' lang='grc'><strong>87</strong></span> 
     </span>
    </p>
   </div>
   <div class='ocr_carea' id='block_1_2' title="bbox 331 512 1912 604">
    <p class='ocr_par' dir='ltr' id='par_1_2' title="bbox 331 512 1912 604">
     <span class='ocr_line' id='line_1_2' title="bbox 331 512 1912 604; baseline -0.009 -20"><span class='ocrx_word' id='word_1_2' title='bbox 331 533 542 604; x_wconf 76' lang='lat' dir='ltr'><strong>metipso</strong></span> <span class='ocrx_word' id='word_1_3' title='bbox 563 512 792 584; x_wconf 67' lang='lat' dir='ltr'><strong>animam</strong></span> <span class='ocrx_word' id='word_1_4' title='bbox 822 530 951 593; x_wconf 71' lang='lat' dir='ltr'><strong>vita,</strong></span> <span class='ocrx_word' id='word_1_5' title='bbox 990 536 1036 580; x_wconf 81' lang='lat' dir='ltr'><strong>et</strong></span> <span class='ocrx_word' id='word_1_6' title='bbox 1062 541 1262 580; x_wconf 75' lang='lat' dir='ltr'><strong>omnem</strong></span> <span class='ocrx_word' id='word_1_7' title='bbox 1287 524 1490 578; x_wconf 79' lang='lat' dir='ltr'><strong>herbam</strong></span> <span class='ocrx_word' id='word_1_8' title='bbox 1517 520 1726 576; x_wconf 82' lang='lat' dir='ltr'><strong>uiridem</strong></span> <span class='ocrx_word' id='word_1_9' title='bbox 1756 519 1808 572; x_wconf 85' lang='lat' dir='ltr'><strong>in</strong></span> <span class='ocrx_word' id='word_1_10' title='bbox 1837 517 1912 570; x_wconf 80' lang='lat' dir='ltr'><strong>ci-</strong></span> 
     </span>
    </p>
   </div>
   <div class='ocr_carea' id='block_1_3' title="bbox 335 609 1919 692">
    <p class='ocr_par' dir='ltr' id='par_1_3' title="bbox 335 609 1919 692">
     <span class='ocr_line' id='line_1_3' title="bbox 335 609 1919 692; baseline -0.009 -18"><span class='ocrx_word' id='word_1_11' title='bbox 335 629 472 676; x_wconf 63' lang='lat' dir='ltr'><strong>bum.</strong></span> <span class='ocrx_word' id='word_1_12' title='bbox 514 620 579 675; x_wconf 79' lang='lat' dir='ltr'><strong>Et</strong></span> <span class='ocrx_word' id='word_1_13' title='bbox 610 626 799 692; x_wconf 76' lang='lat' dir='ltr'><strong>factum</strong></span> <span class='ocrx_word' id='word_1_14' title='bbox 819 627 889 674; x_wconf 84' lang='lat' dir='ltr'><strong>est</strong></span> <span class='ocrx_word' id='word_1_15' title='bbox 912 618 1003 672; x_wconf 87' lang='lat' dir='ltr'><strong>ita.</strong></span> <span class='ocrx_word' id='word_1_16' title='bbox 1049 615 1236 671; x_wconf 82' lang='lat' dir='ltr'><strong>Omnia</strong></span> <span class='ocrx_word' id='word_1_17' title='bbox 1261 625 1611 686; x_wconf 76' lang='lat' dir='ltr'><strong>qutecumque</strong></span> <span class='ocrx_word' id='word_1_18' title='bbox 1639 609 1919 679; x_wconf 83' lang='lat' dir='ltr'><strong>imperavit</strong></span> 
     </span>
    </p>
   </div>
   <div class='ocr_carea' id='block_1_4' title="bbox 335 701 1916 783">
    <p class='ocr_par' dir='ltr' id='par_1_4' title="bbox 335 701 1916 783">
     <span class='ocr_line' id='line_1_4' title="bbox 335 701 1916 783; baseline -0.011 -14"><span class='ocrx_word' id='word_1_19' title='bbox 335 714 616 779; x_wconf 79' lang='lat' dir='ltr'><strong>Conditor,</strong></span> <span class='ocrx_word' id='word_1_20' title='bbox 640 713 844 783; x_wconf 89' lang='lat' dir='ltr'><strong>inquit,</strong></span> <span class='ocrx_word' id='word_1_21' title='bbox 875 719 1038 782; x_wconf 88' lang='lat' dir='ltr'><strong>opere</strong></span> <span class='ocrx_word' id='word_1_22' title='bbox 1067 707 1301 780; x_wconf 88' lang='lat' dir='ltr'><strong>perfecta</strong></span> <span class='ocrx_word' id='word_1_23' title='bbox 1331 714 1475 772; x_wconf 87' lang='lat' dir='ltr'><strong>sunt,</strong></span> <span class='ocrx_word' id='word_1_24' title='bbox 1499 713 1552 759; x_wconf 78' lang='lat' dir='ltr'><strong>et</strong></span> <span class='ocrx_word' id='word_1_25' title='bbox 1579 701 1757 758; x_wconf 84' lang='lat' dir='ltr'><strong>omnia</strong></span> <span class='ocrx_word' id='word_1_26' title='bbox 1786 713 1916 754; x_wconf 91' lang='lat' dir='ltr'><strong>cou-</strong></span> 
     </span>
    </p>
   </div>
   <div class='ocr_carea' id='block_1_5' title="bbox 334 792 1919 874">
    <p class='ocr_par' dir='ltr' id='par_1_5' title="bbox 334 792 1919 874">
     <span class='ocr_line' id='line_1_5' title="bbox 334 792 1919 874; baseline -0.008 -16"><span class='ocrx_word' id='word_1_27' title='bbox 334 805 542 874; x_wconf 76' lang='lat' dir='ltr'><strong>gruenti</strong></span> <span class='ocrx_word' id='word_1_28' title='bbox 577 805 766 859; x_wconf 83' lang='lat' dir='ltr'><strong>ordine</strong></span> <span class='ocrx_word' id='word_1_29' title='bbox 791 814 916 859; x_wconf 90' lang='lat' dir='ltr'><strong>sunt</strong></span> <span class='ocrx_word' id='word_1_30' title='bbox 939 804 1245 868; x_wconf 84' lang='lat' dir='ltr'><strong>constituta,</strong></span> <span class='ocrx_word' id='word_1_31' title='bbox 1274 809 1556 870; x_wconf 81' lang='lat' dir='ltr'><strong>propterea</strong></span> <span class='ocrx_word' id='word_1_32' title='bbox 1583 795 1761 851; x_wconf 90' lang='lat' dir='ltr'><strong>statim</strong></span> <span class='ocrx_word' id='word_1_33' title='bbox 1789 792 1919 848; x_wconf 91' lang='lat' dir='ltr'><strong>sub-</strong></span> 
     </span>
    </p>
   </div>
   <div class='ocr_carea' id='block_1_6' title="bbox 334 887 1922 964">
    <p class='ocr_par' dir='ltr' id='par_1_6' title="bbox 334 887 1922 964">
     <span class='ocr_line' id='line_1_6' title="bbox 334 887 1922 964; baseline -0.008 -16"><span class='ocrx_word' id='word_1_34' title='bbox 334 898 409 950; x_wconf 87' lang='lat' dir='ltr'><strong>dit</strong></span> <span class='ocrx_word' id='word_1_35' title='bbox 455 915 468 950; x_wconf 89' lang='lat'><strong>:</strong></span> <span class='ocrx_word' id='word_1_36' title='bbox 501 897 591 952; x_wconf 72' lang='lat' dir='ltr'><strong>Si.</strong></span> <span class='ocrx_word' id='word_1_37' title='bbox 617 895 684 951; x_wconf 86' lang='lat' dir='ltr'><strong>Et</strong></span> <span class='ocrx_word' id='word_1_38' title='bbox 717 898 839 952; x_wconf 72' lang='lat' dir='ltr'><strong>sidit</strong></span> <span class='ocrx_word' id='word_1_39' title='bbox 867 896 1004 950; x_wconf 80' lang='lat' dir='ltr'><strong>Deus</strong></span> <span class='ocrx_word' id='word_1_40' title='bbox 1030 895 1201 949; x_wconf 84' lang='lat' dir='ltr'><strong>omnia</strong></span> <span class='ocrx_word' id='word_1_41' title='bbox 1227 905 1548 964; x_wconf 60' lang='lat' dir='ltr'><strong>quacumque</strong></span> <span class='ocrx_word' id='word_1_42' title='bbox 1567 887 1704 958; x_wconf 76' lang='lat' dir='ltr'><strong>fecit,</strong></span> <span class='ocrx_word' id='word_1_43' title='bbox 1736 893 1782 940; x_wconf 89' lang='lat' dir='ltr'><strong>et</strong></span> <span class='ocrx_word' id='word_1_44' title='bbox 1809 898 1922 937; x_wconf 84' lang='lat' dir='ltr'><strong>ecce</strong></span> 
     </span>
    </p>
   </div>
   <div class='ocr_carea' id='block_1_7' title="bbox 333 989 653 1046">
    <p class='ocr_par' dir='ltr' id='par_1_7' title="bbox 333 989 653 1046">
     <span class='ocr_line' id='line_1_7' title="bbox 333 989 653 1046; baseline 0.013 -4"><span class='ocrx_word' id='word_1_45' title='bbox 333 991 463 1043; x_wconf 87' lang='lat' dir='ltr'><strong>bona</strong></span> <span class='ocrx_word' id='word_1_46' title='bbox 489 989 653 1046; x_wconf 78' lang='lat' dir='ltr'><strong>valde.</strong></span> 
     </span>
    </p>
   </div>
   <div class='ocr_carea' id='block_1_8' title="bbox 416 1067 1926 1153">
    <p class='ocr_par' dir='ltr' id='par_1_8' title="bbox 416 1067 1926 1153">
     <span class='ocr_line' id='line_1_8' title="bbox 416 1067 1926 1153; baseline -0.01 -18"><span class='ocrx_word' id='word_1_47' title='bbox 416 1081 470 1136; x_wconf 80' lang='grc'><strong>6.</strong></span> <span class='ocrx_word' id='word_1_48' title='bbox 499 1084 631 1152; x_wconf 84' lang='lat' dir='ltr'><strong>Quis</strong></span> <span class='ocrx_word' id='word_1_49' title='bbox 661 1097 759 1153; x_wconf 82' lang='lat' dir='ltr'><strong>pro</strong></span> <span class='ocrx_word' id='word_1_50' title='bbox 780 1081 1034 1152; x_wconf 67' lang='lat' dir='ltr'><strong>dignitate</strong></span> <span class='ocrx_word' id='word_1_51' title='bbox 1061 1077 1288 1134; x_wconf 87' lang='lat' dir='ltr'><strong>laudarit</strong></span> <span class='ocrx_word' id='word_1_52' title='bbox 1314 1074 1504 1130; x_wconf 71' lang='lat' dir='ltr'><strong>divina:</strong></span> <span class='ocrx_word' id='word_1_53' title='bbox 1527 1071 1815 1140; x_wconf 80' lang='lat' dir='ltr'><strong>Scriptura:</strong></span> <span class='ocrx_word' id='word_1_54' title='bbox 1844 1067 1926 1121; x_wconf 87' lang='lat' dir='ltr'><strong>di-</strong></span> 
     </span>
    </p>
   </div>
   <div class='ocr_carea' id='block_1_9' title="bbox 338 1163 1924 1252">
    <p class='ocr_par' dir='ltr' id='par_1_9' title="bbox 338 1163 1924 1252">
     <span class='ocr_line' id='line_1_9' title="bbox 338 1163 1924 1252; baseline -0.014 -16"><span class='ocrx_word' id='word_1_55' title='bbox 338 1179 649 1252; x_wconf 79' lang='lat' dir='ltr'><strong>ligentiam?</strong></span> <span class='ocrx_word' id='word_1_56' title='bbox 682 1180 820 1234; x_wconf 87' lang='lat' dir='ltr'><strong>Ecce</strong></span> <span class='ocrx_word' id='word_1_57' title='bbox 842 1178 984 1230; x_wconf 89' lang='lat' dir='ltr'><strong>enim</strong></span> <span class='ocrx_word' id='word_1_58' title='bbox 1006 1184 1059 1228; x_wconf 89' lang='lat' dir='ltr'><strong>et</strong></span> <span class='ocrx_word' id='word_1_59' title='bbox 1089 1173 1174 1226; x_wconf 89' lang='lat' dir='ltr'><strong>hic</strong></span> <span class='ocrx_word' id='word_1_60' title='bbox 1195 1171 1356 1226; x_wconf 82' lang='lat' dir='ltr'><strong>verbo</strong></span> <span class='ocrx_word' id='word_1_61' title='bbox 1381 1183 1486 1222; x_wconf 87' lang='lat' dir='ltr'><strong>uno</strong></span> <span class='ocrx_word' id='word_1_62' title='bbox 1509 1165 1696 1240; x_wconf 87' lang='lat' dir='ltr'><strong>dicens</strong></span> <span class='ocrx_word' id='word_1_63' title='bbox 1719 1182 1731 1219; x_wconf 94' lang='lat'>:</span> <span class='ocrx_word' id='word_1_64' title='bbox 1760 1163 1826 1217; x_wconf 88' lang='lat' dir='ltr'><strong>Et</strong></span> <span class='ocrx_word' id='word_1_65' title='bbox 1853 1164 1924 1216; x_wconf 82' lang='lat' dir='ltr'><strong>oi-</strong></span> 
     </span>
    </p>
   </div>
   <div class='ocr_carea' id='block_1_10' title="bbox 338 1255 1924 1338">
    <p class='ocr_par' dir='ltr' id='par_1_10' title="bbox 338 1255 1924 1338">
     <span class='ocr_line' id='line_1_10' title="bbox 338 1255 1924 1338; baseline -0.012 -12"><span class='ocrx_word' id='word_1_66' title='bbox 338 1274 413 1326; x_wconf 88' lang='lat' dir='ltr'><strong>dit</strong></span> <span class='ocrx_word' id='word_1_67' title='bbox 464 1271 602 1327; x_wconf 88' lang='lat' dir='ltr'><strong>Deus</strong></span> <span class='ocrx_word' id='word_1_68' title='bbox 648 1269 819 1324; x_wconf 97' lang='lat' dir='ltr'><strong>omnia</strong></span> <span class='ocrx_word' id='word_1_69' title='bbox 863 1279 1187 1338; x_wconf 66' lang='lat' dir='ltr'><strong>quiscumque</strong></span> <span class='ocrx_word' id='word_1_70' title='bbox 1215 1262 1365 1332; x_wconf 78' lang='lat' dir='ltr'><strong>fecit,</strong></span> <span class='ocrx_word' id='word_1_71' title='bbox 1407 1261 1637 1328; x_wconf 83' lang='lat' dir='ltr'><strong>linguam</strong></span> <span class='ocrx_word' id='word_1_72' title='bbox 1686 1255 1924 1311; x_wconf 86' lang='lat' dir='ltr'><strong>omnium</strong></span> 
     </span>
    </p>
   </div>
   <div class='ocr_carea' id='block_1_11' title="bbox 341 1347 1928 1436">
    <p class='ocr_par' dir='ltr' id='par_1_11' title="bbox 341 1347 1928 1436">
     <span class='ocr_line' id='line_1_11' title="bbox 341 1347 1928 1436; baseline -0.011 -18"><span class='ocrx_word' id='word_1_73' title='bbox 341 1373 527 1436; x_wconf 80' lang='lat' dir='ltr'><strong>postea</strong></span> <span class='ocrx_word' id='word_1_74' title='bbox 557 1360 924 1418; x_wconf 88' lang='lat' dir='ltr'><strong>contradicere</strong></span> <span class='ocrx_word' id='word_1_75' title='bbox 948 1357 1252 1412; x_wconf 80' lang='lat' dir='ltr'><strong>conantium</strong></span> <span class='ocrx_word' id='word_1_76' title='bbox 1297 1351 1646 1422; x_wconf 85' lang='lat' dir='ltr'><strong>compescuit.</strong></span> <span class='ocrx_word' id='word_1_77' title='bbox 1696 1348 1762 1402; x_wconf 90' lang='lat' dir='ltr'><strong>Et</strong></span> <span class='ocrx_word' id='word_1_78' title='bbox 1805 1347 1928 1402; x_wconf 83' lang='lat' dir='ltr'><strong>vidit</strong></span> 
     </span>
    </p>
   </div>
   <div class='ocr_carea' id='block_1_12' title="bbox 337 1439 1931 1522">
    <p class='ocr_par' dir='ltr' id='par_1_12' title="bbox 337 1439 1931 1522">
     <span class='ocr_line' id='line_1_12' title="bbox 337 1439 1931 1522; baseline -0.009 -13"><span class='ocrx_word' id='word_1_79' title='bbox 337 1455 478 1509; x_wconf 86' lang='lat' dir='ltr'><strong>Deus</strong></span> <span class='ocrx_word' id='word_1_80' title='bbox 503 1495 519 1521; x_wconf 94' lang='lat'><strong>,</strong></span> <span class='ocrx_word' id='word_1_81' title='bbox 555 1453 758 1522; x_wconf 86' lang='lat' dir='ltr'><strong>inquit,</strong></span> <span class='ocrx_word' id='word_1_82' title='bbox 801 1450 972 1504; x_wconf 80' lang='lat' dir='ltr'><strong>omnia</strong></span> <span class='ocrx_word' id='word_1_83' title='bbox 998 1456 1324 1518; x_wconf 68' lang='lat' dir='ltr'><strong>quascumque</strong></span> <span class='ocrx_word' id='word_1_84' title='bbox 1351 1445 1467 1515; x_wconf 73' lang='lat' dir='ltr'><strong>fecit</strong></span> <span class='ocrx_word' id='word_1_85' title='bbox 1488 1485 1504 1510; x_wconf 91' lang='lat'><strong>,</strong></span> <span class='ocrx_word' id='word_1_86' title='bbox 1544 1452 1591 1496; x_wconf 78' lang='lat' dir='ltr'><strong>et</strong></span> <span class='ocrx_word' id='word_1_87' title='bbox 1615 1451 1756 1496; x_wconf 87' lang='lat' dir='ltr'><strong>erant</strong></span> <span class='ocrx_word' id='word_1_88' title='bbox 1783 1439 1931 1494; x_wconf 77' lang='lat' dir='ltr'><strong>ualde</strong></span> 
     </span>
    </p>
   </div>
   <div class='ocr_carea' id='block_1_13' title="bbox 338 1533 1930 1614">
    <p class='ocr_par' dir='ltr' id='par_1_13' title="bbox 338 1533 1930 1614">
     <span class='ocr_line' id='line_1_13' title="bbox 338 1533 1930 1614; baseline -0.01 -14"><span class='ocrx_word' id='word_1_89' title='bbox 338 1547 489 1600; x_wconf 84' lang='lat' dir='ltr'><strong>bona.</strong></span> <span class='ocrx_word' id='word_1_90' title='bbox 536 1544 603 1598; x_wconf 86' lang='lat' dir='ltr'><strong>Et</strong></span> <span class='ocrx_word' id='word_1_91' title='bbox 636 1543 776 1614; x_wconf 78' lang='lat' dir='ltr'><strong>facta</strong></span> <span class='ocrx_word' id='word_1_92' title='bbox 809 1552 880 1596; x_wconf 85' lang='lat' dir='ltr'><strong>est</strong></span> <span class='ocrx_word' id='word_1_93' title='bbox 908 1557 1144 1612; x_wconf 78' lang='lat' dir='ltr'><strong>uespera,</strong></span> <span class='ocrx_word' id='word_1_94' title='bbox 1193 1548 1240 1593; x_wconf 90' lang='lat' dir='ltr'><strong>et</strong></span> <span class='ocrx_word' id='word_1_95' title='bbox 1271 1541 1464 1612; x_wconf 71' lang='lat' dir='ltr'><strong>factum</strong></span> <span class='ocrx_word' id='word_1_96' title='bbox 1489 1545 1565 1590; x_wconf 85' lang='lat' dir='ltr'><strong>est</strong></span> <span class='ocrx_word' id='word_1_97' title='bbox 1600 1547 1786 1600; x_wconf 83' lang='lat' dir='ltr'><strong>mane,</strong></span> <span class='ocrx_word' id='word_1_98' title='bbox 1821 1533 1930 1585; x_wconf 85' lang='lat' dir='ltr'><strong>dies</strong></span> 
     </span>
    </p>
   </div>
   <div class='ocr_carea' id='block_1_14' title="bbox 337 1626 1926 1704">
    <p class='ocr_par' dir='ltr' id='par_1_14' title="bbox 337 1626 1926 1704">
     <span class='ocr_line' id='line_1_14' title="bbox 337 1626 1926 1704; baseline -0.008 -14"><span class='ocrx_word' id='word_1_99' title='bbox 337 1646 529 1692; x_wconf 76' lang='lat' dir='ltr'><strong>sextus.</strong></span> <span class='ocrx_word' id='word_1_100' title='bbox 553 1636 814 1704; x_wconf 85' lang='lat' dir='ltr'><strong>Quoniam</strong></span> <span class='ocrx_word' id='word_1_101' title='bbox 837 1634 981 1689; x_wconf 88' lang='lat' dir='ltr'><strong>enim</strong></span> <span class='ocrx_word' id='word_1_102' title='bbox 1005 1633 1074 1689; x_wconf 88' lang='lat' dir='ltr'><strong>de</strong></span> <span class='ocrx_word' id='word_1_103' title='bbox 1092 1645 1408 1702; x_wconf 87' lang='lat' dir='ltr'><strong>unaquaque</strong></span> <span class='ocrx_word' id='word_1_104' title='bbox 1429 1637 1674 1684; x_wconf 81' lang='lat' dir='ltr'><strong>creatura</strong></span> <span class='ocrx_word' id='word_1_105' title='bbox 1695 1626 1926 1691; x_wconf 82' lang='lat' dir='ltr'><strong>dicebat,</strong></span> 
     </span>
    </p>
   </div>
   <div class='ocr_carea' id='block_1_15' title="bbox 341 1718 1930 1799">
    <p class='ocr_par' dir='ltr' id='par_1_15' title="bbox 341 1718 1930 1799">
     <span class='ocr_line' id='line_1_15' title="bbox 341 1718 1930 1799; baseline -0.008 -15"><span class='ocrx_word' id='word_1_106' title='bbox 341 1727 410 1784; x_wconf 82' lang='lat' dir='ltr'><strong>Et</strong></span> <span class='ocrx_word' id='word_1_107' title='bbox 435 1726 560 1784; x_wconf 76' lang='lat' dir='ltr'><strong>vidit</strong></span> <span class='ocrx_word' id='word_1_108' title='bbox 599 1729 740 1784; x_wconf 84' lang='lat' dir='ltr'><strong>Deus</strong></span> <span class='ocrx_word' id='word_1_109' title='bbox 765 1727 900 1799; x_wconf 79' lang='lat' dir='ltr'><strong>quod</strong></span> <span class='ocrx_word' id='word_1_110' title='bbox 927 1735 1053 1782; x_wconf 85' lang='lat' dir='ltr'><strong>esset</strong></span> <span class='ocrx_word' id='word_1_111' title='bbox 1080 1728 1264 1780; x_wconf 88' lang='lat' dir='ltr'><strong>bonum</strong></span> <span class='ocrx_word' id='word_1_112' title='bbox 1288 1739 1310 1778; x_wconf 90' lang='lat'><strong><em>:</em></strong></span> <span class='ocrx_word' id='word_1_113' title='bbox 1334 1734 1475 1778; x_wconf 82' lang='lat' dir='ltr'><strong>nunc</strong></span> <span class='ocrx_word' id='word_1_114' title='bbox 1515 1719 1726 1791; x_wconf 85' lang='lat' dir='ltr'><strong>quando</strong></span> <span class='ocrx_word' id='word_1_115' title='bbox 1751 1718 1930 1772; x_wconf 86' lang='lat' dir='ltr'><strong>omnia</strong></span> 
     </span>
    </p>
   </div>
   <div class='ocr_carea' id='block_1_16' title="bbox 339 1813 1929 1891">
    <p class='ocr_par' dir='ltr' id='par_1_16' title="bbox 339 1813 1929 1891">
     <span class='ocr_line' id='line_1_16' title="bbox 339 1813 1929 1891; baseline -0.009 -15"><span class='ocrx_word' id='word_1_116' title='bbox 339 1821 606 1891; x_wconf 89' lang='lat' dir='ltr'><strong>completa</strong></span> <span class='ocrx_word' id='word_1_117' title='bbox 627 1831 782 1886; x_wconf 88' lang='lat' dir='ltr'><strong>sunt,</strong></span> <span class='ocrx_word' id='word_1_118' title='bbox 810 1829 866 1877; x_wconf 88' lang='lat' dir='ltr'><strong>et</strong></span> <span class='ocrx_word' id='word_1_119' title='bbox 887 1819 992 1874; x_wconf 90' lang='lat' dir='ltr'><strong>diei</strong></span> <span class='ocrx_word' id='word_1_120' title='bbox 1020 1819 1156 1874; x_wconf 75' lang='lat' dir='ltr'><strong>sexti</strong></span> <span class='ocrx_word' id='word_1_121' title='bbox 1179 1831 1344 1888; x_wconf 85' lang='lat' dir='ltr'><strong>opera</strong></span> <span class='ocrx_word' id='word_1_122' title='bbox 1379 1813 1538 1869; x_wconf 80' lang='lat' dir='ltr'><strong>linem</strong></span> <span class='ocrx_word' id='word_1_123' title='bbox 1566 1817 1929 1881; x_wconf 88' lang='lat' dir='ltr'><strong>acceperunt,</strong></span> 
     </span>
    </p>
   </div>
   <div class='ocr_carea' id='block_1_17' title="bbox 340 1903 1932 1983">
    <p class='ocr_par' dir='ltr' id='par_1_17' title="bbox 340 1903 1932 1983">
     <span class='ocr_line' id='line_1_17' title="bbox 340 1903 1932 1983; baseline -0.007 -17"><span class='ocrx_word' id='word_1_124' title='bbox 340 1921 396 1966; x_wconf 88' lang='lat' dir='ltr'><strong>et</strong></span> <span class='ocrx_word' id='word_1_125' title='bbox 420 1912 506 1983; x_wconf 74' lang='lat' dir='ltr'><strong>qui</strong></span> <span class='ocrx_word' id='word_1_126' title='bbox 531 1913 791 1968; x_wconf 87' lang='lat' dir='ltr'><strong>creaturis</strong></span> <span class='ocrx_word' id='word_1_127' title='bbox 835 1911 1084 1966; x_wconf 89' lang='lat' dir='ltr'><strong>omnibus</strong></span> <span class='ocrx_word' id='word_1_128' title='bbox 1135 1909 1394 1963; x_wconf 80' lang='lat' dir='ltr'><strong>fruiturus</strong></span> <span class='ocrx_word' id='word_1_129' title='bbox 1443 1908 1596 1972; x_wconf 80' lang='lat' dir='ltr'><strong>erat,</strong></span> <span class='ocrx_word' id='word_1_130' title='bbox 1641 1903 1932 1973; x_wconf 85' lang='lat' dir='ltr'><strong>productus</strong></span> 
     </span>
    </p>
   </div>
   <div class='ocr_carea' id='block_1_18' title="bbox 342 1995 1936 2072">
    <p class='ocr_par' dir='ltr' id='par_1_18' title="bbox 342 1995 1936 2072">
     <span class='ocr_line' id='line_1_18' title="bbox 342 1995 1936 2072; baseline -0.007 -15"><span class='ocrx_word' id='word_1_131' title='bbox 342 2011 426 2059; x_wconf 85' lang='lat' dir='ltr'><strong>est</strong></span> <span class='ocrx_word' id='word_1_132' title='bbox 449 2045 466 2069; x_wconf 93' lang='lat'><strong>,</strong></span> <span class='ocrx_word' id='word_1_133' title='bbox 499 2003 711 2072; x_wconf 83' lang='lat' dir='ltr'><strong>inquit:</strong></span> <span class='ocrx_word' id='word_1_134' title='bbox 747 2002 811 2058; x_wconf 84' lang='lat' dir='ltr'><strong>Et</strong></span> <span class='ocrx_word' id='word_1_135' title='bbox 840 2003 962 2056; x_wconf 77' lang='lat' dir='ltr'><strong>uidit</strong></span> <span class='ocrx_word' id='word_1_136' title='bbox 983 2001 1122 2056; x_wconf 81' lang='lat' dir='ltr'><strong>Deus</strong></span> <span class='ocrx_word' id='word_1_137' title='bbox 1146 2001 1315 2055; x_wconf 85' lang='lat' dir='ltr'><strong>omnia</strong></span> <span class='ocrx_word' id='word_1_138' title='bbox 1334 2012 1661 2072; x_wconf 67' lang='lat' dir='ltr'><strong>quaecumque</strong></span> <span class='ocrx_word' id='word_1_139' title='bbox 1687 1995 1807 2064; x_wconf 73' lang='lat' dir='ltr'><strong>fecit</strong></span> <span class='ocrx_word' id='word_1_140' title='bbox 1829 2035 1847 2061; x_wconf 91' lang='lat'><strong>,</strong></span> <span class='ocrx_word' id='word_1_141' title='bbox 1887 2002 1936 2047; x_wconf 83' lang='lat' dir='ltr'><strong>et</strong></span> 
     </span>
    </p>
   </div>
   <div class='ocr_carea' id='block_1_19' title="bbox 342 2091 1933 2163">
    <p class='ocr_par' dir='ltr' id='par_1_19' title="bbox 342 2091 1933 2163">
     <span class='ocr_line' id='line_1_19' title="bbox 342 2091 1933 2163; baseline -0.006 -15"><span class='ocrx_word' id='word_1_142' title='bbox 342 2110 452 2148; x_wconf 82' lang='lat' dir='ltr'><strong>erce</strong></span> <span class='ocrx_word' id='word_1_143' title='bbox 477 2093 624 2148; x_wconf 76' lang='lat' dir='ltr'><strong>valde</strong></span> <span class='ocrx_word' id='word_1_144' title='bbox 651 2096 801 2148; x_wconf 83' lang='lat' dir='ltr'><strong>bona.</strong></span> <span class='ocrx_word' id='word_1_145' title='bbox 829 2093 1120 2150; x_wconf 85' lang='lat' dir='ltr'><strong>Considera</strong></span> <span class='ocrx_word' id='word_1_146' title='bbox 1146 2091 1416 2163; x_wconf 89' lang='lat' dir='ltr'><strong>quomodo</strong></span> <span class='ocrx_word' id='word_1_147' title='bbox 1443 2095 1718 2144; x_wconf 88' lang='lat' dir='ltr'><strong>creaturas</strong></span> <span class='ocrx_word' id='word_1_148' title='bbox 1743 2098 1933 2140; x_wconf 88' lang='lat' dir='ltr'><strong>omnes</strong></span> 
     </span>
    </p>
   </div>
   <div class='ocr_carea' id='block_1_20' title="bbox 345 2177 1936 2256">
    <p class='ocr_par' dir='ltr' id='par_1_20' title="bbox 345 2177 1936 2256">
     <span class='ocr_line' id='line_1_20' title="bbox 345 2177 1936 2256; baseline -0.006 -16"><span class='ocrx_word' id='word_1_149' title='bbox 345 2186 445 2241; x_wconf 91' lang='lat' dir='ltr'><strong>hoc</strong></span> <span class='ocrx_word' id='word_1_150' title='bbox 482 2188 668 2256; x_wconf 84' lang='lat' dir='ltr'><strong>verbo,</strong></span> <span class='ocrx_word' id='word_1_151' title='bbox 695 2187 917 2256; x_wconf 87' lang='lat' dir='ltr'><strong>Omnia,</strong></span> <span class='ocrx_word' id='word_1_152' title='bbox 965 2187 1122 2242; x_wconf 83' lang='lat' dir='ltr'><strong>simul</strong></span> <span class='ocrx_word' id='word_1_153' title='bbox 1158 2185 1507 2256; x_wconf 77' lang='lat' dir='ltr'><strong>complexus,</strong></span> <span class='ocrx_word' id='word_1_154' title='bbox 1546 2195 1733 2237; x_wconf 89' lang='lat' dir='ltr'><strong>omnes</strong></span> <span class='ocrx_word' id='word_1_155' title='bbox 1775 2177 1936 2234; x_wconf 81' lang='lat' dir='ltr'><strong>simul</strong></span> 
     </span>
    </p>
   </div>
   <div class='ocr_carea' id='block_1_21' title="bbox 342 2270 1930 2350">
    <p class='ocr_par' dir='ltr' id='par_1_21' title="bbox 342 2270 1930 2350">
     <span class='ocr_line' id='line_1_21' title="bbox 342 2270 1930 2350; baseline -0.008 -17"><span class='ocrx_word' id='word_1_156' title='bbox 342 2277 499 2334; x_wconf 83' lang='lat' dir='ltr'><strong>laude</strong></span> <span class='ocrx_word' id='word_1_157' title='bbox 523 2288 880 2350; x_wconf 87' lang='lat' dir='ltr'><strong>prosequutus</strong></span> <span class='ocrx_word' id='word_1_158' title='bbox 905 2288 1007 2334; x_wconf 88' lang='lat' dir='ltr'><strong>est.</strong></span> <span class='ocrx_word' id='word_1_159' title='bbox 1038 2278 1221 2348; x_wconf 89' lang='lat' dir='ltr'><strong>Neque</strong></span> <span class='ocrx_word' id='word_1_160' title='bbox 1247 2277 1391 2332; x_wconf 91' lang='lat' dir='ltr'><strong>enim</strong></span> <span class='ocrx_word' id='word_1_161' title='bbox 1419 2285 1475 2330; x_wconf 92' lang='lat' dir='ltr'><strong>ut</strong></span> <span class='ocrx_word' id='word_1_162' title='bbox 1500 2272 1671 2336; x_wconf 77' lang='lat' dir='ltr'><strong>dixit,</strong></span> <span class='ocrx_word' id='word_1_163' title='bbox 1707 2270 1893 2324; x_wconf 80' lang='lat' dir='ltr'><strong>Omnia</strong></span> <span class='ocrx_word' id='word_1_164' title='bbox 1915 2311 1930 2334; x_wconf 93' lang='lat'><strong>,</strong></span> 
     </span>
    </p>
   </div>
   <div class='ocr_carea' id='block_1_22' title="bbox 340 2363 1938 2434">
    <p class='ocr_par' dir='ltr' id='par_1_22' title="bbox 340 2363 1938 2434">
     <span class='ocr_line' id='line_1_22' title="bbox 340 2363 1938 2434; baseline -0.006 -8"><span class='ocrx_word' id='word_1_165' title='bbox 340 2368 636 2428; x_wconf 83' lang='lat' dir='ltr'><strong>Contentus</strong></span> <span class='ocrx_word' id='word_1_166' title='bbox 675 2371 774 2426; x_wconf 86' lang='lat' dir='ltr'><strong>fuit</strong></span> <span class='ocrx_word' id='word_1_167' title='bbox 811 2387 878 2426; x_wconf 88' lang='lat' dir='ltr'><strong>eo</strong></span> <span class='ocrx_word' id='word_1_168' title='bbox 922 2370 1124 2434; x_wconf 80' lang='lat' dir='ltr'><strong>verbo,</strong></span> <span class='ocrx_word' id='word_1_169' title='bbox 1165 2369 1260 2423; x_wconf 87' lang='lat' dir='ltr'><strong>sed</strong></span> <span class='ocrx_word' id='word_1_170' title='bbox 1291 2365 1561 2432; x_wconf 82' lang='lat' dir='ltr'><strong>subdidit,</strong></span> <span class='ocrx_word' id='word_1_171' title='bbox 1598 2363 1938 2433; x_wconf 64' lang='lat' dir='ltr'><strong>Quacumque</strong></span> 
     </span>
    </p>
   </div>
   <div class='ocr_carea' id='block_1_23' title="bbox 346 2453 1934 2535">
    <p class='ocr_par' dir='ltr' id='par_1_23' title="bbox 346 2453 1934 2535">
     <span class='ocr_line' id='line_1_23' title="bbox 346 2453 1934 2535; baseline -0.007 -19"><span class='ocrx_word' id='word_1_172' title='bbox 346 2463 462 2535; x_wconf 77' lang='lat' dir='ltr'><strong>fecit</strong></span> <span class='ocrx_word' id='word_1_173' title='bbox 490 2475 510 2516; x_wconf 92' lang='lat'><strong><em>:</em></strong></span> <span class='ocrx_word' id='word_1_174' title='bbox 535 2472 590 2518; x_wconf 89' lang='lat' dir='ltr'><strong>et</strong></span> <span class='ocrx_word' id='word_1_175' title='bbox 615 2468 788 2532; x_wconf 87' lang='lat' dir='ltr'><strong>neque</strong></span> <span class='ocrx_word' id='word_1_176' title='bbox 817 2461 932 2516; x_wconf 60' lang='lat' dir='ltr'><strong>haec</strong></span> <span class='ocrx_word' id='word_1_177' title='bbox 971 2469 1174 2516; x_wconf 90' lang='lat' dir='ltr'><strong>tantum</strong></span> <span class='ocrx_word' id='word_1_178' title='bbox 1203 2459 1368 2523; x_wconf 77' lang='lat' dir='ltr'><strong>dixit,</strong></span> <span class='ocrx_word' id='word_1_179' title='bbox 1410 2455 1508 2512; x_wconf 87' lang='lat' dir='ltr'><strong>sed</strong></span> <span class='ocrx_word' id='word_1_180' title='bbox 1537 2453 1604 2510; x_wconf 84' lang='lat' dir='ltr'><strong>Et</strong></span> <span class='ocrx_word' id='word_1_181' title='bbox 1633 2470 1745 2509; x_wconf 85' lang='lat' dir='ltr'><strong>ecce</strong></span> <span class='ocrx_word' id='word_1_182' title='bbox 1767 2453 1898 2506; x_wconf 76' lang='lat' dir='ltr'><strong>bona</strong></span> <span class='ocrx_word' id='word_1_183' title='bbox 1917 2492 1934 2518; x_wconf 94' lang='lat'><strong>,</strong></span> 
     </span>
    </p>
   </div>
   <div class='ocr_carea' id='block_1_24' title="bbox 345 2546 1937 2622">
    <p class='ocr_par' dir='ltr' id='par_1_24' title="bbox 345 2546 1937 2622">
     <span class='ocr_line' id='line_1_24' title="bbox 345 2546 1937 2622; baseline -0.009 -11"><span class='ocrx_word' id='word_1_184' title='bbox 345 2566 401 2612; x_wconf 90' lang='lat' dir='ltr'><strong>et</strong></span> <span class='ocrx_word' id='word_1_185' title='bbox 434 2554 597 2609; x_wconf 83' lang='lat' dir='ltr'><strong>Valde</strong></span> <span class='ocrx_word' id='word_1_186' title='bbox 621 2555 751 2609; x_wconf 82' lang='lat' dir='ltr'><strong>bona</strong></span> <span class='ocrx_word' id='word_1_187' title='bbox 769 2597 785 2622; x_wconf 96' lang='lat'><strong>,</strong></span> <span class='ocrx_word' id='word_1_188' title='bbox 832 2549 935 2608; x_wconf 86' lang='lat' dir='ltr'><strong>hoc</strong></span> <span class='ocrx_word' id='word_1_189' title='bbox 961 2563 1043 2609; x_wconf 88' lang='lat' dir='ltr'><strong>est</strong></span> <span class='ocrx_word' id='word_1_190' title='bbox 1067 2594 1084 2621; x_wconf 96' lang='lat'><strong>,</strong></span> <span class='ocrx_word' id='word_1_191' title='bbox 1129 2551 1413 2606; x_wconf 88' lang='lat' dir='ltr'><strong>admodum</strong></span> <span class='ocrx_word' id='word_1_192' title='bbox 1438 2550 1600 2605; x_wconf 87' lang='lat' dir='ltr'><strong>bona.</strong></span> <span class='ocrx_word' id='word_1_193' title='bbox 1629 2546 1791 2616; x_wconf 82' lang='lat' dir='ltr'><strong>Igitur</strong></span> <span class='ocrx_word' id='word_1_194' title='bbox 1814 2559 1937 2598; x_wconf 89' lang='lat' dir='ltr'><strong>cum</strong></span> 
     </span>
    </p>
   </div>
   <div class='ocr_carea' id='block_1_25' title="bbox 349 2640 1938 2720">
    <p class='ocr_par' dir='ltr' id='par_1_25' title="bbox 349 2640 1938 2720">
     <span class='ocr_line' id='line_1_25' title="bbox 349 2640 1938 2720; baseline -0.008 -15"><span class='ocrx_word' id='word_1_195' title='bbox 349 2650 606 2705; x_wconf 85' lang='lat' dir='ltr'><strong>Dominus</strong></span> <span class='ocrx_word' id='word_1_196' title='bbox 629 2693 645 2716; x_wconf 95' lang='lat'><strong>,</strong></span> <span class='ocrx_word' id='word_1_197' title='bbox 675 2651 762 2720; x_wconf 86' lang='lat' dir='ltr'><strong>qui</strong></span> <span class='ocrx_word' id='word_1_198' title='bbox 796 2664 883 2704; x_wconf 88' lang='lat' dir='ltr'><strong>res</strong></span> <span class='ocrx_word' id='word_1_199' title='bbox 917 2663 984 2702; x_wconf 81' lang='lat' dir='ltr'><strong>ex</strong></span> <span class='ocrx_word' id='word_1_200' title='bbox 1015 2646 1183 2702; x_wconf 81' lang='lat' dir='ltr'><strong>nihilo</strong></span> <span class='ocrx_word' id='word_1_201' title='bbox 1215 2654 1270 2700; x_wconf 91' lang='lat' dir='ltr'><strong>ut</strong></span> <span class='ocrx_word' id='word_1_202' title='bbox 1295 2652 1478 2700; x_wconf 84' lang='lat' dir='ltr'><strong>essent</strong></span> <span class='ocrx_word' id='word_1_203' title='bbox 1517 2640 1803 2712; x_wconf 76' lang='lat' dir='ltr'><strong>produxit,</strong></span> <span class='ocrx_word' id='word_1_204' title='bbox 1844 2649 1938 2692; x_wconf 80' lang='lat' dir='ltr'><strong>ess</strong></span> 
     </span>
    </p>
   </div>
   <div class='ocr_carea' id='block_1_26' title="bbox 349 2731 1936 2808">
    <p class='ocr_par' dir='ltr' id='par_1_26' title="bbox 349 2731 1936 2808">
     <span class='ocr_line' id='line_1_26' title="bbox 349 2731 1936 2808; baseline -0.005 -14"><span class='ocrx_word' id='word_1_205' title='bbox 349 2741 503 2796; x_wconf 86' lang='lat' dir='ltr'><strong>valde</strong></span> <span class='ocrx_word' id='word_1_206' title='bbox 529 2739 695 2796; x_wconf 87' lang='lat' dir='ltr'><strong>bonas</strong></span> <span class='ocrx_word' id='word_1_207' title='bbox 719 2785 734 2808; x_wconf 94' lang='lat'><strong>,</strong></span> <span class='ocrx_word' id='word_1_208' title='bbox 779 2746 834 2797; x_wconf 85' lang='lat' dir='ltr'><strong>et</strong></span> <span class='ocrx_word' id='word_1_209' title='bbox 861 2739 1148 2796; x_wconf 86' lang='lat' dir='ltr'><strong>admodum</strong></span> <span class='ocrx_word' id='word_1_210' title='bbox 1190 2739 1359 2794; x_wconf 87' lang='lat' dir='ltr'><strong>bonas</strong></span> <span class='ocrx_word' id='word_1_211' title='bbox 1387 2735 1548 2801; x_wconf 89' lang='lat' dir='ltr'><strong>dicit,</strong></span> <span class='ocrx_word' id='word_1_212' title='bbox 1580 2735 1700 2804; x_wconf 85' lang='lat' dir='ltr'><strong>quis</strong></span> <span class='ocrx_word' id='word_1_213' title='bbox 1727 2731 1936 2788; x_wconf 81' lang='lat' dir='ltr'><strong>etiamsi</strong></span> 
     </span>
    </p>
   </div>
   <div class='ocr_carea' id='block_1_27' title="bbox 349 2824 1937 2904">
    <p class='ocr_par' dir='ltr' id='par_1_27' title="bbox 349 2824 1937 2904">
     <span class='ocr_line' id='line_1_27' title="bbox 349 2824 1937 2904; baseline -0.006 -16"><span class='ocrx_word' id='word_1_214' title='bbox 349 2835 552 2890; x_wconf 81' lang='lat' dir='ltr'><strong>insania</strong></span> <span class='ocrx_word' id='word_1_215' title='bbox 582 2835 650 2888; x_wconf 91' lang='lat' dir='ltr'><strong>sit</strong></span> <span class='ocrx_word' id='word_1_216' title='bbox 678 2834 885 2904; x_wconf 79' lang='lat' dir='ltr'><strong>plenus,</strong></span> <span class='ocrx_word' id='word_1_217' title='bbox 915 2833 999 2888; x_wconf 84' lang='lat' dir='ltr'><strong>vel</strong></span> <span class='ocrx_word' id='word_1_218' title='bbox 1019 2846 1081 2887; x_wconf 90' lang='lat' dir='ltr'><strong>os</strong></span> <span class='ocrx_word' id='word_1_219' title='bbox 1107 2831 1338 2902; x_wconf 89' lang='lat' dir='ltr'><strong>aperire,</strong></span> <span class='ocrx_word' id='word_1_220' title='bbox 1367 2839 1422 2884; x_wconf 88' lang='lat' dir='ltr'><strong>et</strong></span> <span class='ocrx_word' id='word_1_221' title='bbox 1443 2826 1815 2884; x_wconf 89' lang='lat' dir='ltr'><strong>contradicere</strong></span> <span class='ocrx_word' id='word_1_222' title='bbox 1845 2824 1937 2878; x_wconf 88' lang='lat' dir='ltr'><strong>Dei</strong></span> 
     </span>
    </p>
   </div>
   <div class='ocr_carea' id='block_1_28' title="bbox 351 2919 1937 2993">
    <p class='ocr_par' dir='ltr' id='par_1_28' title="bbox 351 2919 1937 2993">
     <span class='ocr_line' id='line_1_28' title="bbox 351 2919 1937 2993; baseline -0.006 -15"><span class='ocrx_word' id='word_1_223' title='bbox 351 2925 528 2979; x_wconf 89' lang='lat' dir='ltr'><strong>verbis</strong></span> <span class='ocrx_word' id='word_1_224' title='bbox 574 2924 806 2980; x_wconf 79' lang='lat' dir='ltr'><strong>audeat?</strong></span> <span class='ocrx_word' id='word_1_225' title='bbox 834 2925 1093 2993; x_wconf 83' lang='lat' dir='ltr'><strong>Quoniam</strong></span> <span class='ocrx_word' id='word_1_226' title='bbox 1121 2922 1264 2979; x_wconf 86' lang='lat' dir='ltr'><strong>enim</strong></span> <span class='ocrx_word' id='word_1_227' title='bbox 1299 2923 1350 2975; x_wconf 92' lang='lat' dir='ltr'><strong>in</strong></span> <span class='ocrx_word' id='word_1_228' title='bbox 1378 2919 1678 2975; x_wconf 82' lang='lat' dir='ltr'><strong>visibilihus</strong></span> <span class='ocrx_word' id='word_1_229' title='bbox 1716 2933 1820 2970; x_wconf 90' lang='lat' dir='ltr'><strong>non</strong></span> <span class='ocrx_word' id='word_1_230' title='bbox 1848 2930 1937 2969; x_wconf 89' lang='lat' dir='ltr'><strong>so-</strong></span> 
     </span>
    </p>
   </div>
   <div class='ocr_carea' id='block_1_29' title="bbox 351 3009 1940 3080">
    <p class='ocr_par' dir='ltr' id='par_1_29' title="bbox 351 3009 1940 3080">
     <span class='ocr_line' id='line_1_29' title="bbox 351 3009 1940 3080; baseline -0.006 -10"><span class='ocrx_word' id='word_1_231' title='bbox 351 3016 459 3072; x_wconf 87' lang='lat' dir='ltr'><strong>lum</strong></span> <span class='ocrx_word' id='word_1_232' title='bbox 485 3017 576 3071; x_wconf 72' lang='lat' dir='ltr'><strong>lux</strong></span> <span class='ocrx_word' id='word_1_233' title='bbox 605 3028 782 3072; x_wconf 85' lang='lat' dir='ltr'><strong>creata</strong></span> <span class='ocrx_word' id='word_1_234' title='bbox 805 3025 888 3072; x_wconf 89' lang='lat' dir='ltr'><strong>est</strong></span> <span class='ocrx_word' id='word_1_235' title='bbox 909 3059 922 3080; x_wconf 89' lang='lat'><strong>,</strong></span> <span class='ocrx_word' id='word_1_236' title='bbox 949 3016 1042 3071; x_wconf 89' lang='lat' dir='ltr'><strong>sed</strong></span> <span class='ocrx_word' id='word_1_237' title='bbox 1074 3024 1128 3070; x_wconf 90' lang='lat' dir='ltr'><strong>et</strong></span> <span class='ocrx_word' id='word_1_238' title='bbox 1154 3015 1388 3069; x_wconf 78' lang='lat' dir='ltr'><strong>tenebra:</strong></span> <span class='ocrx_word' id='word_1_239' title='bbox 1414 3012 1658 3067; x_wconf 78' lang='lat' dir='ltr'><strong>adversa:</strong></span> <span class='ocrx_word' id='word_1_240' title='bbox 1702 3009 1803 3063; x_wconf 89' lang='lat' dir='ltr'><strong>luci</strong></span> <span class='ocrx_word' id='word_1_241' title='bbox 1825 3050 1840 3075; x_wconf 92' lang='lat'><strong>,</strong></span> <span class='ocrx_word' id='word_1_242' title='bbox 1883 3017 1940 3061; x_wconf 84' lang='lat' dir='ltr'><strong>et</strong></span> 
     </span>
    </p>
   </div>
   <div class='ocr_carea' id='block_1_30' title="bbox 352 3103 1939 3176">
    <p class='ocr_par' dir='ltr' id='par_1_30' title="bbox 352 3103 1939 3176">
     <span class='ocr_line' id='line_1_30' title="bbox 352 3103 1939 3176; baseline -0.006 -12"><span class='ocrx_word' id='word_1_243' title='bbox 352 3125 459 3164; x_wconf 90' lang='lat' dir='ltr'><strong>non</strong></span> <span class='ocrx_word' id='word_1_244' title='bbox 490 3109 662 3164; x_wconf 85' lang='lat' dir='ltr'><strong>solum</strong></span> <span class='ocrx_word' id='word_1_245' title='bbox 693 3109 806 3166; x_wconf 89' lang='lat' dir='ltr'><strong>dies</strong></span> <span class='ocrx_word' id='word_1_246' title='bbox 830 3152 844 3176; x_wconf 95' lang='lat'><strong>,</strong></span> <span class='ocrx_word' id='word_1_247' title='bbox 878 3108 970 3163; x_wconf 88' lang='lat' dir='ltr'><strong>sed</strong></span> <span class='ocrx_word' id='word_1_248' title='bbox 995 3118 1050 3165; x_wconf 90' lang='lat' dir='ltr'><strong>et</strong></span> <span class='ocrx_word' id='word_1_249' title='bbox 1077 3117 1181 3162; x_wconf 73' lang='lat' dir='ltr'><strong>nox</strong></span> <span class='ocrx_word' id='word_1_250' title='bbox 1203 3106 1469 3163; x_wconf 88' lang='lat' dir='ltr'><strong>contraria</strong></span> <span class='ocrx_word' id='word_1_251' title='bbox 1499 3105 1603 3159; x_wconf 90' lang='lat' dir='ltr'><strong>dici</strong></span> <span class='ocrx_word' id='word_1_252' title='bbox 1628 3120 1642 3168; x_wconf 89' lang='lat'><strong>;</strong></span> <span class='ocrx_word' id='word_1_253' title='bbox 1684 3113 1738 3156; x_wconf 90' lang='lat' dir='ltr'><strong>et</strong></span> <span class='ocrx_word' id='word_1_254' title='bbox 1768 3103 1818 3156; x_wconf 89' lang='lat' dir='ltr'><strong>in</strong></span> <span class='ocrx_word' id='word_1_255' title='bbox 1849 3117 1939 3155; x_wconf 85' lang='lat' dir='ltr'><strong>se-</strong></span> 
     </span>
    </p>
   </div>
   <div class='ocr_carea' id='block_1_31' title="bbox 353 3193 1940 3272">
    <p class='ocr_par' dir='ltr' id='par_1_31' title="bbox 353 3193 1940 3272">
     <span class='ocr_line' id='line_1_31' title="bbox 353 3193 1940 3272; baseline -0.006 -15"><span class='ocrx_word' id='word_1_256' title='bbox 353 3201 584 3258; x_wconf 86' lang='lat' dir='ltr'><strong>minibus</strong></span> <span class='ocrx_word' id='word_1_257' title='bbox 607 3217 725 3272; x_wconf 73' lang='lat' dir='ltr'><strong>qua:</strong></span> <span class='ocrx_word' id='word_1_258' title='bbox 765 3218 829 3257; x_wconf 79' lang='lat' dir='ltr'><strong>ex</strong></span> <span class='ocrx_word' id='word_1_259' title='bbox 853 3211 992 3256; x_wconf 86' lang='lat' dir='ltr'><strong>terra</strong></span> <span class='ocrx_word' id='word_1_260' title='bbox 1019 3205 1346 3267; x_wconf 82' lang='lat' dir='ltr'><strong>uaScunâ€˜tur,</strong></span> <span class='ocrx_word' id='word_1_261' title='bbox 1391 3214 1497 3253; x_wconf 90' lang='lat' dir='ltr'><strong>non</strong></span> <span class='ocrx_word' id='word_1_262' title='bbox 1540 3196 1714 3250; x_wconf 87' lang='lat' dir='ltr'><strong>solum</strong></span> <span class='ocrx_word' id='word_1_263' title='bbox 1758 3193 1940 3248; x_wconf 74' lang='lat' dir='ltr'><strong>herba:</strong></span> 
     </span>
    </p>
   </div>
   <div class='ocr_carea' id='block_1_32' title="bbox 352 3284 1940 3364">
    <p class='ocr_par' dir='ltr' id='par_1_32' title="bbox 352 3284 1940 3364">
     <span class='ocr_line' id='line_1_32' title="bbox 352 3284 1940 3364; baseline -0.007 -16"><span class='ocrx_word' id='word_1_264' title='bbox 352 3295 530 3359; x_wconf 85' lang='lat' dir='ltr'><strong>utiles,</strong></span> <span class='ocrx_word' id='word_1_265' title='bbox 566 3293 657 3349; x_wconf 85' lang='lat' dir='ltr'><strong>sed</strong></span> <span class='ocrx_word' id='word_1_266' title='bbox 689 3305 743 3349; x_wconf 90' lang='lat' dir='ltr'><strong>et</strong></span> <span class='ocrx_word' id='word_1_267' title='bbox 789 3293 1124 3364; x_wconf 73' lang='lat' dir='ltr'><strong>pernicioszn,</strong></span> <span class='ocrx_word' id='word_1_268' title='bbox 1158 3301 1213 3348; x_wconf 89' lang='lat' dir='ltr'><strong>et</strong></span> <span class='ocrx_word' id='word_1_269' title='bbox 1242 3291 1462 3346; x_wconf 85' lang='lat' dir='ltr'><strong>arbores</strong></span> <span class='ocrx_word' id='word_1_270' title='bbox 1493 3303 1596 3343; x_wconf 89' lang='lat' dir='ltr'><strong>non</strong></span> <span class='ocrx_word' id='word_1_271' title='bbox 1624 3287 1796 3341; x_wconf 81' lang='lat' dir='ltr'><strong>solum</strong></span> <span class='ocrx_word' id='word_1_272' title='bbox 1827 3284 1940 3338; x_wconf 86' lang='lat' dir='ltr'><strong>fru-</strong></span> 
     </span>
    </p>
   </div>
   <div class='ocr_carea' id='block_1_33' title="bbox 352 3377 1939 3453">
    <p class='ocr_par' dir='ltr' id='par_1_33' title="bbox 352 3377 1939 3453">
     <span class='ocr_line' id='line_1_33' title="bbox 352 3377 1939 3453; baseline -0.008 -13"><span class='ocrx_word' id='word_1_273' title='bbox 352 3396 575 3453; x_wconf 69' lang='lat' dir='ltr'><strong>ctuosas,</strong></span> <span class='ocrx_word' id='word_1_274' title='bbox 619 3384 714 3441; x_wconf 89' lang='lat' dir='ltr'><strong>sed</strong></span> <span class='ocrx_word' id='word_1_275' title='bbox 754 3394 806 3441; x_wconf 91' lang='lat' dir='ltr'><strong>et</strong></span> <span class='ocrx_word' id='word_1_276' title='bbox 838 3385 1179 3440; x_wconf 79' lang='lat' dir='ltr'><strong>infructuosze</strong></span> <span class='ocrx_word' id='word_1_277' title='bbox 1203 3425 1218 3449; x_wconf 92' lang='lat'><strong>,</strong></span> <span class='ocrx_word' id='word_1_278' title='bbox 1261 3391 1318 3439; x_wconf 91' lang='lat' dir='ltr'><strong>et</strong></span> <span class='ocrx_word' id='word_1_279' title='bbox 1355 3381 1604 3436; x_wconf 80' lang='lat' dir='ltr'><strong>animalia</strong></span> <span class='ocrx_word' id='word_1_280' title='bbox 1638 3392 1743 3432; x_wconf 91' lang='lat' dir='ltr'><strong>non</strong></span> <span class='ocrx_word' id='word_1_281' title='bbox 1768 3377 1939 3431; x_wconf 87' lang='lat' dir='ltr'><strong>solum</strong></span> 
     </span>
    </p>
   </div>
   <div class='ocr_carea' id='block_1_34' title="bbox 354 3469 1942 3550">
    <p class='ocr_par' dir='ltr' id='par_1_34' title="bbox 354 3469 1942 3550">
     <span class='ocr_line' id='line_1_34' title="bbox 354 3469 1942 3550; baseline -0.007 -16"><span class='ocrx_word' id='word_1_282' title='bbox 354 3488 627 3534; x_wconf 85' lang='lat' dir='ltr'><strong>mansueta</strong></span> <span class='ocrx_word' id='word_1_283' title='bbox 648 3521 664 3547; x_wconf 94' lang='lat'><strong>,</strong></span> <span class='ocrx_word' id='word_1_284' title='bbox 697 3478 792 3534; x_wconf 87' lang='lat' dir='ltr'><strong>sed</strong></span> <span class='ocrx_word' id='word_1_285' title='bbox 823 3476 876 3534; x_wconf 75' lang='lat' dir='ltr'><strong>e&#39;t</strong></span> <span class='ocrx_word' id='word_1_286' title='bbox 921 3477 1198 3550; x_wconf 85' lang='lat' dir='ltr'><strong>sylvestria</strong></span> <span class='ocrx_word' id='word_1_287' title='bbox 1228 3485 1283 3532; x_wconf 86' lang='lat' dir='ltr'><strong>et</strong></span> <span class='ocrx_word' id='word_1_288' title='bbox 1311 3475 1645 3538; x_wconf 87' lang='lat' dir='ltr'><strong>truculenta;</strong></span> <span class='ocrx_word' id='word_1_289' title='bbox 1686 3479 1741 3526; x_wconf 86' lang='lat' dir='ltr'><strong>et</strong></span> <span class='ocrx_word' id='word_1_290' title='bbox 1793 3470 1844 3523; x_wconf 92' lang='lat' dir='ltr'><strong>in</strong></span> <span class='ocrx_word' id='word_1_291' title='bbox 1876 3469 1942 3523; x_wconf 88' lang='lat' dir='ltr'><strong>iis</strong></span> 
     </span>
    </p>
   </div>
   <div class='ocr_carea' id='block_1_35' title="bbox 353 3561 1944 3644">
    <p class='ocr_par' dir='ltr' id='par_1_35' title="bbox 353 3561 1944 3644">
     <span class='ocr_line' id='line_1_35' title="bbox 353 3561 1944 3644; baseline -0.009 -17"><span class='ocrx_word' id='word_1_292' title='bbox 353 3587 473 3642; x_wconf 81' lang='lat' dir='ltr'><strong>qua:</strong></span> <span class='ocrx_word' id='word_1_293' title='bbox 512 3587 662 3644; x_wconf 77' lang='lat' dir='ltr'><strong>aqua:</strong></span> <span class='ocrx_word' id='word_1_294' title='bbox 706 3572 1105 3642; x_wconf 77' lang='lat' dir='ltr'><strong>produxerunt,</strong></span> <span class='ocrx_word' id='word_1_295' title='bbox 1155 3584 1260 3624; x_wconf 89' lang='lat' dir='ltr'><strong>non</strong></span> <span class='ocrx_word' id='word_1_296' title='bbox 1299 3569 1471 3621; x_wconf 87' lang='lat' dir='ltr'><strong>solum</strong></span> <span class='ocrx_word' id='word_1_297' title='bbox 1509 3566 1719 3636; x_wconf 81' lang='lat' dir='ltr'><strong>pisces,</strong></span> <span class='ocrx_word' id='word_1_298' title='bbox 1765 3561 1859 3617; x_wconf 87' lang='lat' dir='ltr'><strong>sed</strong></span> <span class='ocrx_word' id='word_1_299' title='bbox 1889 3570 1944 3614; x_wconf 89' lang='lat' dir='ltr'><strong>et</strong></span> 
     </span>
    </p>
   </div>
   <div class='ocr_carea' id='block_1_36' title="bbox 355 3651 1942 3724">
    <p class='ocr_par' dir='ltr' id='par_1_36' title="bbox 355 3651 1942 3724">
     <span class='ocr_line' id='line_1_36' title="bbox 355 3651 1942 3724; baseline -0.009 -6"><span class='ocrx_word' id='word_1_300' title='bbox 355 3675 491 3720; x_wconf 88' lang='lat' dir='ltr'><strong>cete.</strong></span> <span class='ocrx_word' id='word_1_301' title='bbox 526 3674 580 3718; x_wconf 91' lang='lat' dir='ltr'><strong>et</strong></span> <span class='ocrx_word' id='word_1_302' title='bbox 605 3665 722 3718; x_wconf 77' lang='lat' dir='ltr'><strong>alize</strong></span> <span class='ocrx_word' id='word_1_303' title='bbox 749 3663 969 3717; x_wconf 78' lang='lat' dir='ltr'><strong>marina:</strong></span> <span class='ocrx_word' id='word_1_304' title='bbox 999 3661 1227 3724; x_wconf 71' lang='lat' dir='ltr'><strong>bellum;</strong></span> <span class='ocrx_word' id='word_1_305' title='bbox 1258 3668 1313 3714; x_wconf 87' lang='lat' dir='ltr'><strong>et</strong></span> <span class='ocrx_word' id='word_1_306' title='bbox 1339 3667 1480 3713; x_wconf 83' lang='lat' dir='ltr'><strong>terra</strong></span> <span class='ocrx_word' id='word_1_307' title='bbox 1508 3671 1613 3710; x_wconf 90' lang='lat' dir='ltr'><strong>non</strong></span> <span class='ocrx_word' id='word_1_308' title='bbox 1640 3654 1812 3707; x_wconf 86' lang='lat' dir='ltr'><strong>solum</strong></span> <span class='ocrx_word' id='word_1_309' title='bbox 1844 3651 1942 3705; x_wconf 50' lang='lat' dir='ltr'><strong>ha.</strong></span> 
     </span>
    </p>
   </div>
   <div class='ocr_carea' id='block_1_37' title="bbox 358 3745 1944 3820">
    <p class='ocr_par' dir='ltr' id='par_1_37' title="bbox 358 3745 1944 3820">
     <span class='ocr_line' id='line_1_37' title="bbox 358 3745 1944 3820; baseline -0.008 -10"><span class='ocrx_word' id='word_1_310' title='bbox 358 3755 623 3820; x_wconf 87' lang='lat' dir='ltr'><strong>bitabilis,</strong></span> <span class='ocrx_word' id='word_1_311' title='bbox 679 3756 771 3809; x_wconf 85' lang='lat' dir='ltr'><strong>sed</strong></span> <span class='ocrx_word' id='word_1_312' title='bbox 813 3763 867 3809; x_wconf 90' lang='lat' dir='ltr'><strong>et</strong></span> <span class='ocrx_word' id='word_1_313' title='bbox 909 3752 1308 3816; x_wconf 82' lang='lat' dir='ltr'><strong>inhabitabilis;</strong></span> <span class='ocrx_word' id='word_1_314' title='bbox 1354 3757 1410 3804; x_wconf 89' lang='lat' dir='ltr'><strong>et</strong></span> <span class='ocrx_word' id='word_1_315' title='bbox 1447 3763 1553 3804; x_wconf 91' lang='lat' dir='ltr'><strong>non</strong></span> <span class='ocrx_word' id='word_1_316' title='bbox 1589 3746 1764 3800; x_wconf 87' lang='lat' dir='ltr'><strong>solum</strong></span> <span class='ocrx_word' id='word_1_317' title='bbox 1804 3745 1944 3814; x_wconf 87' lang='lat' dir='ltr'><strong>plani</strong></span> 
     </span>
    </p>
   </div>
   <div class='ocr_carea' id='block_1_38' title="bbox 357 3840 1943 3917">
    <p class='ocr_par' dir='ltr' id='par_1_38' title="bbox 357 3840 1943 3917">
     <span class='ocr_line' id='line_1_38' title="bbox 357 3840 1943 3917; baseline -0.008 -14"><span class='ocrx_word' id='word_1_318' title='bbox 357 3845 572 3917; x_wconf 86' lang='lat' dir='ltr'><strong>campi,</strong></span> <span class='ocrx_word' id='word_1_319' title='bbox 619 3847 714 3901; x_wconf 88' lang='lat' dir='ltr'><strong>sed</strong></span> <span class='ocrx_word' id='word_1_320' title='bbox 758 3846 918 3902; x_wconf 86' lang='lat' dir='ltr'><strong>etiam</strong></span> <span class='ocrx_word' id='word_1_321' title='bbox 951 3855 1158 3900; x_wconf 86' lang='lat' dir='ltr'><strong>montes</strong></span> <span class='ocrx_word' id='word_1_322' title='bbox 1205 3851 1259 3898; x_wconf 89' lang='lat' dir='ltr'><strong>et</strong></span> <span class='ocrx_word' id='word_1_323' title='bbox 1299 3843 1502 3906; x_wconf 87' lang='lat' dir='ltr'><strong>colles;</strong></span> <span class='ocrx_word' id='word_1_324' title='bbox 1534 3849 1588 3895; x_wconf 91' lang='lat' dir='ltr'><strong>et</strong></span> <span class='ocrx_word' id='word_1_325' title='bbox 1618 3840 1755 3893; x_wconf 86' lang='lat' dir='ltr'><strong>inter</strong></span> <span class='ocrx_word' id='word_1_326' title='bbox 1780 3851 1943 3903; x_wconf 80' lang='lat' dir='ltr'><strong>aves,</strong></span> 
     </span>
    </p>
   </div>
   <div class='ocr_carea' id='block_1_39' title="bbox 361 3928 1943 4004">
    <p class='ocr_par' dir='ltr' id='par_1_39' title="bbox 361 3928 1943 4004">
     <span class='ocr_line' id='line_1_39' title="bbox 361 3928 1943 4004; baseline -0.006 -12"><span class='ocrx_word' id='word_1_327' title='bbox 361 3953 464 3993; x_wconf 89' lang='lat' dir='ltr'><strong>non</strong></span> <span class='ocrx_word' id='word_1_328' title='bbox 493 3938 663 3992; x_wconf 88' lang='lat' dir='ltr'><strong>solum</strong></span> <span class='ocrx_word' id='word_1_329' title='bbox 692 3937 1020 4004; x_wconf 70' lang='lat' dir='ltr'><strong>domestiem,</strong></span> <span class='ocrx_word' id='word_1_330' title='bbox 1046 3949 1099 3992; x_wconf 90' lang='lat' dir='ltr'><strong>et</strong></span> <span class='ocrx_word' id='word_1_331' title='bbox 1124 3934 1190 3990; x_wconf 90' lang='lat' dir='ltr'><strong>ad</strong></span> <span class='ocrx_word' id='word_1_332' title='bbox 1214 3934 1390 3989; x_wconf 90' lang='lat' dir='ltr'><strong>cibum</strong></span> <span class='ocrx_word' id='word_1_333' title='bbox 1412 3940 1570 4004; x_wconf 71' lang='lat' dir='ltr'><strong>aptm,</strong></span> <span class='ocrx_word' id='word_1_334' title='bbox 1600 3930 1695 3985; x_wconf 85' lang='lat' dir='ltr'><strong>sed</strong></span> <span class='ocrx_word' id='word_1_335' title='bbox 1720 3938 1774 3984; x_wconf 89' lang='lat' dir='ltr'><strong>et</strong></span> <span class='ocrx_word' id='word_1_336' title='bbox 1795 3928 1943 3996; x_wconf 69' lang='lat' dir='ltr'><strong>ferae,</strong></span> 
     </span>
    </p>
   </div>
   <div class='ocr_carea' id='block_1_40' title="bbox 357 4019 1946 4097">
    <p class='ocr_par' dir='ltr' id='par_1_40' title="bbox 357 4019 1946 4097">
     <span class='ocr_line' id='line_1_40' title="bbox 357 4019 1946 4097; baseline -0.005 -13"><span class='ocrx_word' id='word_1_337' title='bbox 357 4040 409 4085; x_wconf 88' lang='lat' dir='ltr'><strong>et</strong></span> <span class='ocrx_word' id='word_1_338' title='bbox 437 4029 760 4097; x_wconf 66' lang='lat' dir='ltr'><strong>immundae,</strong></span> <span class='ocrx_word' id='word_1_339' title='bbox 811 4039 867 4085; x_wconf 90' lang='lat' dir='ltr'><strong>et</strong></span> <span class='ocrx_word' id='word_1_340' title='bbox 913 4028 1100 4096; x_wconf 88' lang='lat' dir='ltr'><strong>milvi,</strong></span> <span class='ocrx_word' id='word_1_341' title='bbox 1145 4033 1199 4083; x_wconf 89' lang='lat' dir='ltr'><strong>et</strong></span> <span class='ocrx_word' id='word_1_342' title='bbox 1223 4026 1487 4090; x_wconf 83' lang='lat' dir='ltr'><strong>vultures,</strong></span> <span class='ocrx_word' id='word_1_343' title='bbox 1533 4033 1592 4079; x_wconf 83' lang='lat' dir='ltr'><strong>et</strong></span> <span class='ocrx_word' id='word_1_344' title='bbox 1619 4019 1721 4076; x_wconf 88' lang='lat' dir='ltr'><strong>alia</strong></span> <span class='ocrx_word' id='word_1_345' title='bbox 1752 4019 1946 4076; x_wconf 83' lang='lat' dir='ltr'><strong>similia</strong></span> 
     </span>
    </p>
   </div>
   <div class='ocr_carea' id='block_1_41' title="bbox 358 4115 1944 4192">
    <p class='ocr_par' dir='ltr' id='par_1_41' title="bbox 358 4115 1944 4192">
     <span class='ocr_line' id='line_1_41' title="bbox 358 4115 1944 4192; baseline -0.003 -16"><span class='ocrx_word' id='word_1_346' title='bbox 358 4125 561 4186; x_wconf 88' lang='lat' dir='ltr'><strong>multa;</strong></span> <span class='ocrx_word' id='word_1_347' title='bbox 592 4125 851 4192; x_wconf 54' lang='lat' dir='ltr'><strong>praeterea</strong></span> <span class='ocrx_word' id='word_1_348' title='bbox 879 4123 930 4176; x_wconf 92' lang='lat' dir='ltr'><strong>in</strong></span> <span class='ocrx_word' id='word_1_349' title='bbox 960 4121 1027 4176; x_wconf 88' lang='lat' dir='ltr'><strong>iis</strong></span> <span class='ocrx_word' id='word_1_350' title='bbox 1053 4134 1175 4191; x_wconf 60' lang='lat' dir='ltr'><strong>quae</strong></span> <span class='ocrx_word' id='word_1_351' title='bbox 1200 4131 1344 4175; x_wconf 85' lang='lat' dir='ltr'><strong>terra</strong></span> <span class='ocrx_word' id='word_1_352' title='bbox 1370 4115 1591 4188; x_wconf 87' lang='lat' dir='ltr'><strong>profert,</strong></span> <span class='ocrx_word' id='word_1_353' title='bbox 1616 4127 1721 4170; x_wconf 89' lang='lat' dir='ltr'><strong>non</strong></span> <span class='ocrx_word' id='word_1_354' title='bbox 1742 4123 1944 4171; x_wconf 85' lang='lat' dir='ltr'><strong>tantum</strong></span> 
     </span>
    </p>
   </div>
   <div class='ocr_carea' id='block_1_42' title="bbox 361 4201 1951 4278">
    <p class='ocr_par' dir='ltr' id='par_1_42' title="bbox 361 4201 1951 4278">
     <span class='ocr_line' id='line_1_42' title="bbox 361 4201 1951 4278; baseline -0.005 -10"><span class='ocrx_word' id='word_1_355' title='bbox 361 4216 638 4270; x_wconf 83' lang='lat' dir='ltr'><strong>mansueta</strong></span> <span class='ocrx_word' id='word_1_356' title='bbox 664 4223 719 4268; x_wconf 79' lang='lat' dir='ltr'><strong>et</strong></span> <span class='ocrx_word' id='word_1_357' title='bbox 746 4215 960 4268; x_wconf 80' lang='lat' dir='ltr'><strong>innoxia</strong></span> <span class='ocrx_word' id='word_1_358' title='bbox 987 4212 1236 4267; x_wconf 82' lang='lat' dir='ltr'><strong>animalia</strong></span> <span class='ocrx_word' id='word_1_359' title='bbox 1263 4253 1277 4278; x_wconf 90' lang='lat'><strong>,</strong></span> <span class='ocrx_word' id='word_1_360' title='bbox 1322 4211 1418 4267; x_wconf 89' lang='lat' dir='ltr'><strong>sed</strong></span> <span class='ocrx_word' id='word_1_361' title='bbox 1452 4219 1506 4264; x_wconf 89' lang='lat' dir='ltr'><strong>et</strong></span> <span class='ocrx_word' id='word_1_362' title='bbox 1531 4216 1808 4278; x_wconf 88' lang='lat' dir='ltr'><strong>serpentes</strong></span> <span class='ocrx_word' id='word_1_363' title='bbox 1831 4247 1847 4273; x_wconf 92' lang='lat'><strong>,</strong></span> <span class='ocrx_word' id='word_1_364' title='bbox 1895 4201 1951 4260; x_wconf 87' lang='lat' dir='ltr'><strong>et</strong></span> 
     </span>
    </p>
   </div>
   <div class='ocr_carea' id='block_1_43' title="bbox 361 4298 1950 4377">
    <p class='ocr_par' dir='ltr' id='par_1_43' title="bbox 361 4298 1950 4377">
     <span class='ocr_line' id='line_1_43' title="bbox 361 4298 1950 4377; baseline -0.001 -19"><span class='ocrx_word' id='word_1_365' title='bbox 361 4307 578 4377; x_wconf 76' lang='lat' dir='ltr'><strong>viperae,</strong></span> <span class='ocrx_word' id='word_1_366' title='bbox 610 4315 665 4362; x_wconf 91' lang='lat' dir='ltr'><strong>et</strong></span> <span class='ocrx_word' id='word_1_367' title='bbox 689 4303 982 4370; x_wconf 80' lang='lat' dir='ltr'><strong>dracones,</strong></span> <span class='ocrx_word' id='word_1_368' title='bbox 1012 4305 1066 4361; x_wconf 90' lang='lat' dir='ltr'><strong>et</strong></span> <span class='ocrx_word' id='word_1_369' title='bbox 1094 4298 1312 4372; x_wconf 82' lang='lat' dir='ltr'><strong>leones,</strong></span> <span class='ocrx_word' id='word_1_370' title='bbox 1348 4311 1402 4359; x_wconf 90' lang='lat' dir='ltr'><strong>et</strong></span> <span class='ocrx_word' id='word_1_371' title='bbox 1430 4302 1580 4373; x_wconf 86' lang='lat' dir='ltr'><strong>pardi</strong></span> <span class='ocrx_word' id='word_1_372' title='bbox 1606 4317 1621 4368; x_wconf 89' lang='lat'><strong>;</strong></span> <span class='ocrx_word' id='word_1_373' title='bbox 1667 4302 1792 4356; x_wconf 92' lang='lat' dir='ltr'><strong>etin</strong></span> <span class='ocrx_word' id='word_1_374' title='bbox 1823 4313 1950 4356; x_wconf 83' lang='lat' dir='ltr'><strong>aere</strong></span> 
     </span>
    </p>
   </div>
   <div class='ocr_carea' id='block_1_44' title="bbox 361 4386 1952 4470">
    <p class='ocr_par' dir='ltr' id='par_1_44' title="bbox 361 4386 1952 4470">
     <span class='ocr_line' id='line_1_44' title="bbox 361 4386 1952 4470; baseline -0.003 -16"><span class='ocrx_word' id='word_1_375' title='bbox 361 4415 467 4454; x_wconf 87' lang='lat' dir='ltr'><strong>non</strong></span> <span class='ocrx_word' id='word_1_376' title='bbox 494 4386 665 4454; x_wconf 82' lang='lat' dir='ltr'><strong>solum</strong></span> <span class='ocrx_word' id='word_1_377' title='bbox 697 4399 887 4469; x_wconf 65' lang='lat' dir='ltr'><strong>pluvia:</strong></span> <span class='ocrx_word' id='word_1_378' title='bbox 915 4409 966 4454; x_wconf 91' lang='lat' dir='ltr'><strong>et</strong></span> <span class='ocrx_word' id='word_1_379' title='bbox 983 4399 1140 4470; x_wconf 70' lang='lat' dir='ltr'><strong>venti</strong></span> <span class='ocrx_word' id='word_1_380' title='bbox 1169 4399 1348 4464; x_wconf 87' lang='lat' dir='ltr'><strong>utiles,</strong></span> <span class='ocrx_word' id='word_1_381' title='bbox 1381 4397 1474 4452; x_wconf 91' lang='lat' dir='ltr'><strong>sed</strong></span> <span class='ocrx_word' id='word_1_382' title='bbox 1503 4405 1558 4452; x_wconf 90' lang='lat' dir='ltr'><strong>ct</strong></span> <span class='ocrx_word' id='word_1_383' title='bbox 1582 4394 1868 4467; x_wconf 75' lang='lat' dir='ltr'><strong>grandines</strong></span> <span class='ocrx_word' id='word_1_384' title='bbox 1895 4403 1952 4450; x_wconf 87' lang='lat' dir='ltr'><strong>et</strong></span> 
     </span>
    </p>
   </div>
   <div class='ocr_carea' id='block_1_45' title="bbox 362 4488 1950 4561">
    <p class='ocr_par' dir='ltr' id='par_1_45' title="bbox 362 4488 1950 4561">
     <span class='ocr_line' id='line_1_45' title="bbox 362 4488 1950 4561; baseline -0.003 -16"><span class='ocrx_word' id='word_1_385' title='bbox 362 4491 560 4556; x_wconf 84' lang='lat' dir='ltr'><strong>nives;</strong></span> <span class='ocrx_word' id='word_1_386' title='bbox 600 4499 654 4546; x_wconf 89' lang='lat' dir='ltr'><strong>et</strong></span> <span class='ocrx_word' id='word_1_387' title='bbox 687 4491 732 4545; x_wconf 87' lang='lat' dir='ltr'><strong>si</strong></span> <span class='ocrx_word' id='word_1_388' title='bbox 763 4489 880 4560; x_wconf 89' lang='lat' dir='ltr'><strong>quis</strong></span> <span class='ocrx_word' id='word_1_389' title='bbox 906 4488 1116 4561; x_wconf 76' lang='lat' dir='ltr'><strong>singula</strong></span> <span class='ocrx_word' id='word_1_390' title='bbox 1144 4491 1468 4560; x_wconf 78' lang='lat' dir='ltr'><strong>pertractare</strong></span> <span class='ocrx_word' id='word_1_391' title='bbox 1489 4489 1654 4555; x_wconf 88' lang='lat' dir='ltr'><strong>velit,</strong></span> <span class='ocrx_word' id='word_1_392' title='bbox 1702 4489 1869 4542; x_wconf 89' lang='lat' dir='ltr'><strong>multa</strong></span> <span class='ocrx_word' id='word_1_393' title='bbox 1898 4488 1950 4542; x_wconf 90' lang='lat' dir='ltr'><strong>in</strong></span> 
     </span>
    </p>
   </div>
   <div class='ocr_carea' id='block_1_46' title="bbox 367 4579 1951 4653">
    <p class='ocr_par' dir='ltr' id='par_1_46' title="bbox 367 4579 1951 4653">
     <span class='ocr_line' id='line_1_46' title="bbox 367 4579 1951 4653; baseline -0.001 -16"><span class='ocrx_word' id='word_1_394' title='bbox 367 4585 684 4651; x_wconf 78' lang='lat' dir='ltr'><strong>unaquaque</strong></span> <span class='ocrx_word' id='word_1_395' title='bbox 703 4589 1070 4637; x_wconf 83' lang='lat' dir='ltr'><strong>creaturarum</strong></span> <span class='ocrx_word' id='word_1_396' title='bbox 1093 4581 1344 4649; x_wconf 84' lang='lat' dir='ltr'><strong>inveniet,</strong></span> <span class='ocrx_word' id='word_1_397' title='bbox 1371 4597 1490 4653; x_wconf 79' lang='lat' dir='ltr'><strong>qua:</strong></span> <span class='ocrx_word' id='word_1_398' title='bbox 1515 4583 1625 4635; x_wconf 79' lang='lat' dir='ltr'><strong>non</strong></span> <span class='ocrx_word' id='word_1_399' title='bbox 1646 4579 1820 4637; x_wconf 78' lang='lat' dir='ltr'><strong>solum</strong></span> <span class='ocrx_word' id='word_1_400' title='bbox 1845 4595 1951 4635; x_wconf 91' lang='lat' dir='ltr'><strong>non</strong></span> 
     </span>
    </p>
   </div>
   <div class='ocr_carea' id='block_1_47' title="bbox 362 4669 1952 4742">
    <p class='ocr_par' dir='ltr' id='par_1_47' title="bbox 362 4669 1952 4742">
     <span class='ocr_line' id='line_1_47' title="bbox 362 4669 1952 4742; baseline -0.001 -12"><span class='ocrx_word' id='word_1_401' title='bbox 362 4674 512 4730; x_wconf 91' lang='lat' dir='ltr'><strong>utilia</strong></span> <span class='ocrx_word' id='word_1_402' title='bbox 536 4715 553 4742; x_wconf 95' lang='lat'><strong>,</strong></span> <span class='ocrx_word' id='word_1_403' title='bbox 594 4669 691 4731; x_wconf 82' lang='lat' dir='ltr'><strong>sed</strong></span> <span class='ocrx_word' id='word_1_404' title='bbox 719 4679 775 4732; x_wconf 79' lang='lat' dir='ltr'><strong>et</strong></span> <span class='ocrx_word' id='word_1_405' title='bbox 799 4673 1056 4730; x_wconf 85' lang='lat' dir='ltr'><strong>damnosa</strong></span> <span class='ocrx_word' id='word_1_406' title='bbox 1091 4674 1464 4732; x_wconf 79' lang='lat' dir='ltr'><strong>existimentur</strong></span> <span class='ocrx_word' id='word_1_407' title='bbox 1493 4692 1508 4731; x_wconf 92' lang='lat'>:</span> <span class='ocrx_word' id='word_1_408' title='bbox 1547 4673 1668 4730; x_wconf 87' lang='lat' dir='ltr'><strong>ideo</strong></span> <span class='ocrx_word' id='word_1_409' title='bbox 1711 4683 1768 4729; x_wconf 92' lang='lat' dir='ltr'><strong>ut</strong></span> <span class='ocrx_word' id='word_1_410' title='bbox 1819 4672 1952 4728; x_wconf 89' lang='lat' dir='ltr'><strong>nulli</strong></span> 
     </span>
    </p>
   </div>
   <div class='ocr_carea' id='block_1_48' title="bbox 361 4765 1954 4838">
    <p class='ocr_par' dir='ltr' id='par_1_48' title="bbox 361 4765 1954 4838">
     <span class='ocr_line' id='line_1_48' title="bbox 361 4765 1954 4838; baseline 0 -18"><span class='ocrx_word' id='word_1_411' title='bbox 361 4767 587 4838; x_wconf 83' lang='lat' dir='ltr'><strong>posthac</strong></span> <span class='ocrx_word' id='word_1_412' title='bbox 615 4765 772 4823; x_wconf 87' lang='lat' dir='ltr'><strong>liceat</strong></span> <span class='ocrx_word' id='word_1_413' title='bbox 798 4775 1071 4823; x_wconf 88' lang='lat' dir='ltr'><strong>creaturas</strong></span> <span class='ocrx_word' id='word_1_414' title='bbox 1093 4767 1398 4838; x_wconf 85' lang='lat' dir='ltr'><strong>respicienti</strong></span> <span class='ocrx_word' id='word_1_415' title='bbox 1419 4766 1627 4838; x_wconf 84' lang='lat' dir='ltr'><strong>Opiï¬cia</strong></span> <span class='ocrx_word' id='word_1_416' title='bbox 1654 4767 1954 4837; x_wconf 72' lang='lat' dir='ltr'><strong>vituperare</strong></span> 
     </span>
    </p>
   </div>
   <div class='ocr_carea' id='block_1_49' title="bbox 359 4855 1952 4932">
    <p class='ocr_par' dir='ltr' id='par_1_49' title="bbox 359 4855 1952 4932">
     <span class='ocr_line' id='line_1_49' title="bbox 359 4855 1952 4932; baseline -0.001 -17"><span class='ocrx_word' id='word_1_417' title='bbox 359 4867 424 4916; x_wconf 86' lang='lat' dir='ltr'><strong>ac</strong></span> <span class='ocrx_word' id='word_1_418' title='bbox 452 4855 631 4916; x_wconf 82' lang='lat' dir='ltr'><strong>dicere</strong></span> <span class='ocrx_word' id='word_1_419' title='bbox 663 4877 676 4915; x_wconf 90' lang='lat'><strong>:</strong></span> <span class='ocrx_word' id='word_1_420' title='bbox 705 4859 884 4930; x_wconf 87' lang='lat' dir='ltr'><strong>Quare</strong></span> <span class='ocrx_word' id='word_1_421' title='bbox 921 4860 1025 4916; x_wconf 88' lang='lat' dir='ltr'><strong>hoc</strong></span> <span class='ocrx_word' id='word_1_422' title='bbox 1046 4903 1062 4928; x_wconf 96' lang='lat'><strong>,</strong></span> <span class='ocrx_word' id='word_1_423' title='bbox 1105 4869 1162 4917; x_wconf 92' lang='lat' dir='ltr'><strong>et</strong></span> <span class='ocrx_word' id='word_1_424' title='bbox 1207 4859 1276 4915; x_wconf 88' lang='lat' dir='ltr'><strong>ad</strong></span> <span class='ocrx_word' id='word_1_425' title='bbox 1302 4859 1430 4932; x_wconf 70' lang='lat' dir='ltr'><strong>Quid</strong></span> <span class='ocrx_word' id='word_1_426' title='bbox 1459 4859 1600 4915; x_wconf 90' lang='lat' dir='ltr'><strong>istud</strong></span> <span class='ocrx_word' id='word_1_427' title='bbox 1624 4859 1648 4912; x_wconf 65' lang='grc' dir='ltr'><em>Î¥</em></span> <span class='ocrx_word' id='word_1_428' title='bbox 1675 4858 1778 4914; x_wconf 90' lang='lat' dir='ltr'><strong>hoe</strong></span> <span class='ocrx_word' id='word_1_429' title='bbox 1816 4859 1952 4914; x_wconf 80' lang='lat' dir='ltr'><strong>bene</strong></span> 
     </span>
    </p>
   </div>
   <div class='ocr_carea' id='block_1_50' title="bbox 363 4951 1958 5024">
    <p class='ocr_par' dir='ltr' id='par_1_50' title="bbox 363 4951 1958 5024">
     <span class='ocr_line' id='line_1_50' title="bbox 363 4951 1958 5024; baseline -0.003 -16"><span class='ocrx_word' id='word_1_430' title='bbox 363 4953 560 5009; x_wconf 83' lang='lat' dir='ltr'><strong>factum</strong></span> <span class='ocrx_word' id='word_1_431' title='bbox 587 4957 701 5024; x_wconf 80' lang='lat' dir='ltr'><strong>est,</strong></span> <span class='ocrx_word' id='word_1_432' title='bbox 729 4953 833 5011; x_wconf 90' lang='lat' dir='ltr'><strong>hoc</strong></span> <span class='ocrx_word' id='word_1_433' title='bbox 857 4967 962 5009; x_wconf 91' lang='lat' dir='ltr'><strong>non</strong></span> <span class='ocrx_word' id='word_1_434' title='bbox 989 4953 1132 5010; x_wconf 87' lang='lat' dir='ltr'><strong>bene</strong></span> <span class='ocrx_word' id='word_1_435' title='bbox 1158 4972 1173 5007; x_wconf 91' lang='lat'><strong>:</strong></span> <span class='ocrx_word' id='word_1_436' title='bbox 1206 4952 1329 5009; x_wconf 89' lang='lat' dir='ltr'><strong>ideo</strong></span> <span class='ocrx_word' id='word_1_437' title='bbox 1354 4967 1504 5008; x_wconf 85' lang='lat' dir='ltr'><strong>sacra</strong></span> <span class='ocrx_word' id='word_1_438' title='bbox 1531 4951 1803 5022; x_wconf 81' lang='lat' dir='ltr'><strong>Scriptura</strong></span> <span class='ocrx_word' id='word_1_439' title='bbox 1839 4961 1958 5004; x_wconf 81' lang='lat' dir='ltr'><strong>em-</strong></span> 
     </span>
    </p>
   </div>
   <div class='ocr_carea' id='block_1_51' title="bbox 365 5045 1956 5120">
    <p class='ocr_par' dir='ltr' id='par_1_51' title="bbox 365 5045 1956 5120">
     <span class='ocr_line' id='line_1_51' title="bbox 365 5045 1956 5120; baseline -0.002 -17"><span class='ocrx_word' id='word_1_440' title='bbox 365 5053 460 5103; x_wconf 82' lang='lat' dir='ltr'><strong>nes</strong></span> <span class='ocrx_word' id='word_1_441' title='bbox 479 5090 495 5115; x_wconf 94' lang='lat'><strong>,</strong></span> <span class='ocrx_word' id='word_1_442' title='bbox 528 5055 588 5104; x_wconf 78' lang='lat' dir='ltr'><strong>in</strong></span> <span class='ocrx_word' id='word_1_443' title='bbox 615 5047 688 5103; x_wconf 79' lang='lat' dir='ltr'><strong>ita</strong></span> <span class='ocrx_word' id='word_1_444' title='bbox 713 5047 885 5104; x_wconf 88' lang='lat' dir='ltr'><strong>dicam</strong></span> <span class='ocrx_word' id='word_1_445' title='bbox 902 5090 920 5116; x_wconf 95' lang='lat'><strong>,</strong></span> <span class='ocrx_word' id='word_1_446' title='bbox 973 5049 1182 5120; x_wconf 79' lang='lat' dir='ltr'><strong>ingrate</strong></span> <span class='ocrx_word' id='word_1_447' title='bbox 1209 5046 1428 5119; x_wconf 88' lang='lat' dir='ltr'><strong>obloqui</strong></span> <span class='ocrx_word' id='word_1_448' title='bbox 1452 5045 1711 5103; x_wconf 84' lang='lat' dir='ltr'><strong>audentes</strong></span> <span class='ocrx_word' id='word_1_449' title='bbox 1735 5059 1956 5115; x_wconf 86' lang='lat' dir='ltr'><strong>compe-</strong></span> 
     </span>
    </p>
   </div>
   <div class='ocr_carea' id='block_1_52' title="bbox 361 5137 1952 5208">
    <p class='ocr_par' dir='ltr' id='par_1_52' title="bbox 361 5137 1952 5208">
     <span class='ocr_line' id='line_1_52' title="bbox 361 5137 1952 5208; baseline 0 -15"><span class='ocrx_word' id='word_1_450' title='bbox 361 5142 541 5207; x_wconf 73' lang='lat' dir='ltr'><strong>sâ€˜ceâ€˜ns,</strong></span> <span class='ocrx_word' id='word_1_451' title='bbox 573 5142 725 5196; x_wconf 71' lang='lat' dir='ltr'><strong>sexto</strong></span> <span class='ocrx_word' id='word_1_452' title='bbox 755 5141 844 5196; x_wconf 88' lang='lat' dir='ltr'><strong>die</strong></span> <span class='ocrx_word' id='word_1_453' title='bbox 872 5139 1132 5197; x_wconf 85' lang='lat' dir='ltr'><strong>absolutis</strong></span> <span class='ocrx_word' id='word_1_454' title='bbox 1157 5140 1418 5195; x_wconf 84' lang='lat' dir='ltr'><strong>creaturis</strong></span> <span class='ocrx_word' id='word_1_455' title='bbox 1444 5137 1713 5205; x_wconf 87' lang='lat' dir='ltr'><strong>omnibus,</strong></span> <span class='ocrx_word' id='word_1_456' title='bbox 1738 5138 1909 5208; x_wconf 89' lang='lat' dir='ltr'><strong>inquit</strong></span> <span class='ocrx_word' id='word_1_457' title='bbox 1937 5155 1952 5193; x_wconf 93' lang='lat'><strong>:</strong></span> 
     </span>
    </p>
   </div>
   <div class='ocr_carea' id='block_1_53' title="bbox 365 5217 1956 5304">
    <p class='ocr_par' dir='ltr' id='par_1_53' title="bbox 365 5217 1956 5304">
     <span class='ocr_line' id='line_1_53' title="bbox 365 5217 1956 5304; baseline 0.001 -20"><span class='ocrx_word' id='word_1_458' title='bbox 365 5217 431 5285; x_wconf 79' lang='lat' dir='ltr'><strong>Et</strong></span> <span class='ocrx_word' id='word_1_459' title='bbox 473 5232 597 5285; x_wconf 85' lang='lat' dir='ltr'><strong>vidit</strong></span> <span class='ocrx_word' id='word_1_460' title='bbox 637 5227 776 5289; x_wconf 81' lang='lat' dir='ltr'><strong>Deus</strong></span> <span class='ocrx_word' id='word_1_461' title='bbox 811 5235 982 5290; x_wconf 85' lang='lat' dir='ltr'><strong>omnia</strong></span> <span class='ocrx_word' id='word_1_462' title='bbox 1015 5241 1344 5303; x_wconf 64' lang='lat' dir='ltr'><strong>quaecumque</strong></span> <span class='ocrx_word' id='word_1_463' title='bbox 1384 5235 1503 5304; x_wconf 80' lang='lat' dir='ltr'><strong>fecit</strong></span> <span class='ocrx_word' id='word_1_464' title='bbox 1524 5275 1539 5300; x_wconf 89' lang='lat'><strong>,</strong></span> <span class='ocrx_word' id='word_1_465' title='bbox 1576 5243 1625 5287; x_wconf 84' lang='lat' dir='ltr'><strong>et</strong></span> <span class='ocrx_word' id='word_1_466' title='bbox 1671 5249 1784 5287; x_wconf 83' lang='lat' dir='ltr'><strong>ecce</strong></span> <span class='ocrx_word' id='word_1_467' title='bbox 1809 5231 1956 5286; x_wconf 83' lang='lat' dir='ltr'><strong>ualde</strong></span> 
     </span>
    </p>
   </div>
   <div class='ocr_carea' id='block_1_54' title="bbox 361 5322 1958 5397">
    <p class='ocr_par' dir='ltr' id='par_1_54' title="bbox 361 5322 1958 5397">
     <span class='ocr_line' id='line_1_54' title="bbox 361 5322 1958 5397; baseline 0.003 -21"><span class='ocrx_word' id='word_1_468' title='bbox 361 5322 514 5376; x_wconf 79' lang='lat' dir='ltr'><strong>bona.</strong></span> <span class='ocrx_word' id='word_1_469' title='bbox 561 5323 697 5390; x_wconf 86' lang='lat' dir='ltr'><strong>Quid</strong></span> <span class='ocrx_word' id='word_1_470' title='bbox 724 5325 885 5396; x_wconf 79' lang='lat' dir='ltr'><strong>igitur</strong></span> <span class='ocrx_word' id='word_1_471' title='bbox 909 5369 924 5392; x_wconf 89' lang='lat'><strong>,</strong></span> <span class='ocrx_word' id='word_1_472' title='bbox 952 5326 1214 5395; x_wconf 87' lang='lat' dir='ltr'><strong>obsecro,</strong></span> <span class='ocrx_word' id='word_1_473' title='bbox 1248 5341 1344 5397; x_wconf 85' lang='lat' dir='ltr'><strong>par</strong></span> <span class='ocrx_word' id='word_1_474' title='bbox 1367 5326 1528 5382; x_wconf 85' lang='lat' dir='ltr'><strong>fuerit</strong></span> <span class='ocrx_word' id='word_1_475' title='bbox 1563 5335 1670 5380; x_wconf 91' lang='lat' dir='ltr'><strong>tam</strong></span> <span class='ocrx_word' id='word_1_476' title='bbox 1710 5324 1958 5381; x_wconf 79' lang='lat' dir='ltr'><strong>ï¬delibus</strong></span> 
     </span>
    </p>
   </div>
   <div class='ocr_carea' id='block_1_55' title="bbox 365 5415 1957 5491">
    <p class='ocr_par' dir='ltr' id='par_1_55' title="bbox 365 5415 1957 5491">
     <span class='ocr_line' id='line_1_55' title="bbox 365 5415 1957 5491; baseline 0.003 -22"><span class='ocrx_word' id='word_1_477' title='bbox 365 5415 718 5484; x_wconf 86' lang='lat' dir='ltr'><strong>testimoniis,</strong></span> <span class='ocrx_word' id='word_1_478' title='bbox 742 5419 953 5487; x_wconf 84' lang='lat' dir='ltr'><strong>quando</strong></span> <span class='ocrx_word' id='word_1_479' title='bbox 978 5423 1091 5491; x_wconf 87' lang='lat' dir='ltr'><strong>ipse</strong></span> <span class='ocrx_word' id='word_1_480' title='bbox 1120 5423 1342 5478; x_wconf 86' lang='lat' dir='ltr'><strong>Creator</strong></span> <span class='ocrx_word' id='word_1_481' title='bbox 1376 5418 1695 5476; x_wconf 84' lang='lat' dir='ltr'><strong>sententiam</strong></span> <span class='ocrx_word' id='word_1_482' title='bbox 1735 5419 1836 5474; x_wconf 83' lang='lat' dir='ltr'><strong>fert</strong></span> <span class='ocrx_word' id='word_1_483' title='bbox 1854 5462 1870 5487; x_wconf 93' lang='lat'><strong>,</strong></span> <span class='ocrx_word' id='word_1_484' title='bbox 1900 5427 1957 5475; x_wconf 86' lang='lat' dir='ltr'><strong>et</strong></span> 
     </span>
    </p>
   </div>
   <div class='ocr_carea' id='block_1_56' title="bbox 366 5509 1956 5586">
    <p class='ocr_par' dir='ltr' id='par_1_56' title="bbox 366 5509 1956 5586">
     <span class='ocr_line' id='line_1_56' title="bbox 366 5509 1956 5586; baseline 0.004 -21"><span class='ocrx_word' id='word_1_485' title='bbox 366 5509 532 5576; x_wconf 91' lang='lat' dir='ltr'><strong>dicit,</strong></span> <span class='ocrx_word' id='word_1_486' title='bbox 565 5513 744 5567; x_wconf 86' lang='lat' dir='ltr'><strong>omnia</strong></span> <span class='ocrx_word' id='word_1_487' title='bbox 771 5525 1121 5586; x_wconf 67' lang='lat' dir='ltr'><strong>quaecumque</strong></span> <span class='ocrx_word' id='word_1_488' title='bbox 1144 5517 1283 5574; x_wconf 86' lang='lat' dir='ltr'><strong>facta</strong></span> <span class='ocrx_word' id='word_1_489' title='bbox 1329 5527 1453 5573; x_wconf 82' lang='lat' dir='ltr'><strong>sunt</strong></span> <span class='ocrx_word' id='word_1_490' title='bbox 1477 5559 1492 5584; x_wconf 92' lang='lat'><strong>,</strong></span> <span class='ocrx_word' id='word_1_491' title='bbox 1541 5515 1680 5571; x_wconf 88' lang='lat' dir='ltr'><strong>bona</strong></span> <span class='ocrx_word' id='word_1_492' title='bbox 1711 5530 1830 5572; x_wconf 88' lang='lat' dir='ltr'><strong>esse</strong></span> <span class='ocrx_word' id='word_1_493' title='bbox 1853 5556 1868 5580; x_wconf 87' lang='lat'><strong>,</strong></span> <span class='ocrx_word' id='word_1_494' title='bbox 1901 5523 1956 5571; x_wconf 87' lang='lat' dir='ltr'><strong>et</strong></span> 
     </span>
    </p>
   </div>
   <div class='ocr_carea' id='block_1_57' title="bbox 363 5600 1957 5680">
    <p class='ocr_par' dir='ltr' id='par_1_57' title="bbox 363 5600 1957 5680">
     <span class='ocr_line' id='line_1_57' title="bbox 363 5600 1957 5680; baseline 0.006 -26"><span class='ocrx_word' id='word_1_495' title='bbox 363 5601 519 5656; x_wconf 80' lang='lat' dir='ltr'><strong>valde</strong></span> <span class='ocrx_word' id='word_1_496' title='bbox 540 5600 722 5658; x_wconf 82' lang='lat' dir='ltr'><strong>bona?</strong></span> <span class='ocrx_word' id='word_1_497' title='bbox 751 5604 1012 5671; x_wconf 77' lang='lat' dir='ltr'><strong>QuoeirCa</strong></span> <span class='ocrx_word' id='word_1_498' title='bbox 1041 5615 1160 5663; x_wconf 89' lang='lat' dir='ltr'><strong>cum</strong></span> <span class='ocrx_word' id='word_1_499' title='bbox 1191 5610 1393 5666; x_wconf 84' lang='lat' dir='ltr'><strong>videris</strong></span> <span class='ocrx_word' id='word_1_500' title='bbox 1421 5611 1653 5680; x_wconf 85' lang='lat' dir='ltr'><strong>aliquem</strong></span> <span class='ocrx_word' id='word_1_501' title='bbox 1672 5653 1687 5677; x_wconf 95' lang='lat'><strong>,</strong></span> <span class='ocrx_word' id='word_1_502' title='bbox 1723 5608 1815 5680; x_wconf 88' lang='lat' dir='ltr'><strong>qui</strong></span> <span class='ocrx_word' id='word_1_503' title='bbox 1844 5609 1957 5664; x_wconf 89' lang='lat' dir='ltr'><strong>suis</strong></span> 
     </span>
    </p>
   </div>
   <div class='ocr_carea' id='block_1_58' title="bbox 359 5691 1955 5774">
    <p class='ocr_par' dir='ltr' id='par_1_58' title="bbox 359 5691 1955 5774">
     <span class='ocr_line' id='line_1_58' title="bbox 359 5691 1955 5774; baseline 0.006 -26"><span class='ocrx_word' id='word_1_504' title='bbox 359 5691 658 5749; x_wconf 85' lang='lat' dir='ltr'><strong>ratiociniis</strong></span> <span class='ocrx_word' id='word_1_505' title='bbox 684 5705 882 5763; x_wconf 91' lang='lat' dir='ltr'><strong>motus,</strong></span> <span class='ocrx_word' id='word_1_506' title='bbox 913 5699 1132 5769; x_wconf 86' lang='lat' dir='ltr'><strong>obloqui</strong></span> <span class='ocrx_word' id='word_1_507' title='bbox 1170 5700 1364 5758; x_wconf 59' lang='lat' dir='ltr'><strong>dirius}</strong></span> <span class='ocrx_word' id='word_1_508' title='bbox 1412 5702 1703 5774; x_wconf 73' lang='lat' dir='ltr'><strong>Scriptura:</strong></span> <span class='ocrx_word' id='word_1_509' title='bbox 1727 5703 1955 5769; x_wconf 86' lang='lat' dir='ltr'><strong>audeat,</strong></span> 
     </span>
    </p>
   </div>
   <div class='ocr_carea' id='block_1_59' title="bbox 357 5789 1955 5862">
    <p class='ocr_par' dir='ltr' id='par_1_59' title="bbox 357 5789 1955 5862">
     <span class='ocr_line' id='line_1_59' title="bbox 357 5789 1955 5862; baseline 0.007 -23"><span class='ocrx_word' id='word_1_510' title='bbox 357 5789 478 5840; x_wconf 80' lang='lat' dir='ltr'><strong>eum</strong></span> <span class='ocrx_word' id='word_1_511' title='bbox 505 5790 662 5852; x_wconf 84' lang='lat' dir='ltr'><strong>quasi</strong></span> <span class='ocrx_word' id='word_1_512' title='bbox 684 5789 930 5845; x_wconf 86' lang='lat' dir='ltr'><strong>insanum</strong></span> <span class='ocrx_word' id='word_1_513' title='bbox 959 5807 1242 5858; x_wconf 85' lang='lat' dir='ltr'><strong>aversare;</strong></span> <span class='ocrx_word' id='word_1_514' title='bbox 1276 5793 1382 5849; x_wconf 91' lang='lat' dir='ltr'><strong>imo</strong></span> <span class='ocrx_word' id='word_1_515' title='bbox 1409 5811 1476 5852; x_wconf 88' lang='lat' dir='ltr'><strong>ne</strong></span> <span class='ocrx_word' id='word_1_516' title='bbox 1515 5798 1816 5862; x_wconf 80' lang='lat' dir='ltr'><strong>averseris;</strong></span> <span class='ocrx_word' id='word_1_517' title='bbox 1860 5795 1955 5852; x_wconf 87' lang='lat' dir='ltr'><strong>sed</strong></span> 
     </span>
    </p>
   </div>
   <div class='ocr_carea' id='block_1_60' title="bbox 365 5874 1952 5959">
    <p class='ocr_par' dir='ltr' id='par_1_60' title="bbox 365 5874 1952 5959">
     <span class='ocr_line' id='line_1_60' title="bbox 365 5874 1952 5959; baseline 0.011 -30"><span class='ocrx_word' id='word_1_518' title='bbox 365 5874 612 5930; x_wconf 70' lang='lat' dir='ltr'><strong>aiiscrtuâ€˜s</strong></span> <span class='ocrx_word' id='word_1_519' title='bbox 643 5877 955 5950; x_wconf 70' lang='lat' dir='ltr'><strong>ignarantiie</strong></span> <span class='ocrx_word' id='word_1_520' title='bbox 1005 5883 1119 5954; x_wconf 84' lang='lat' dir='ltr'><strong>ejus</strong></span> <span class='ocrx_word' id='word_1_521' title='bbox 1140 5925 1154 5952; x_wconf 95' lang='lat'><strong>,</strong></span> <span class='ocrx_word' id='word_1_522' title='bbox 1199 5884 1399 5953; x_wconf 70' lang='lat' dir='ltr'><strong>produc</strong></span> <span class='ocrx_word' id='word_1_523' title='bbox 1427 5885 1478 5942; x_wconf 90' lang='lat' dir='ltr'><strong>id</strong></span> <span class='ocrx_word' id='word_1_524' title='bbox 1510 5886 1652 5959; x_wconf 80' lang='lat' dir='ltr'><strong>quod</strong></span> <span class='ocrx_word' id='word_1_525' title='bbox 1677 5889 1751 5945; x_wconf 86' lang='lat' dir='ltr'><strong>ait</strong></span> <span class='ocrx_word' id='word_1_526' title='bbox 1775 5888 1952 5946; x_wconf 81' lang='lat' dir='ltr'><strong>divina</strong></span> 
     </span>
    </p>
   </div>
   <div class='ocr_carea' id='block_1_61' title="bbox 1043 401 2873 468">
    <p class='ocr_par' dir='ltr' id='par_1_61' title="bbox 1043 401 2873 468">
     <span class='ocr_line' id='line_1_61' title="bbox 1043 401 2873 468; baseline -0.001 0"><span class='ocrx_word' id='word_1_527' title='bbox 1043 411 1099 468; x_wconf 85' lang='lat' dir='ltr'><strong>S.</strong></span> <span class='ocrx_word' id='word_1_528' title='bbox 1140 408 1419 466; x_wconf 78' lang='lat' dir='ltr'><strong>JOANNIS</strong></span> <span class='ocrx_word' id='word_1_529' title='bbox 1455 401 1932 464; x_wconf 74' lang='lat' dir='ltr'><strong>CiiiiYSOSTOMI</strong></span> <span class='ocrx_word' id='word_1_530' title='bbox 1966 401 2283 461; x_wconf 72' lang='lat' dir='ltr'><strong>MiCiï¬‚EP.</strong></span> <span class='ocrx_word' id='word_1_531' title='bbox 2323 406 2873 467; x_wconf 48' lang='lat' dir='ltr'><strong>CONSTANTINUPÂ»</strong></span> 
     </span>
    </p>
   </div>
   <div class='ocr_carea' id='block_1_62' title="bbox 1988 5994 2028 6039">
    <p class='ocr_par' dir='ltr' id='par_1_62' title="bbox 1988 5994 2028 6039">
     <span class='ocr_line' id='line_1_62' title="bbox 1988 5994 2028 6039; baseline 0 -11"><span class='ocrx_word' id='word_1_532' title='bbox 1988 5994 2028 6039; x_wconf 64' lang='grc' dir='ltr'><strong>Ï</strong></span> 
     </span>
    </p>
   </div>
   <div class='ocr_carea' id='block_1_63' title="bbox 3540 421 3628 475">
    <p class='ocr_par' dir='ltr' id='par_1_63' title="bbox 3540 421 3628 475">
     <span class='ocr_line' id='line_1_63' title="bbox 3540 421 3628 475; baseline -0.011 0"><span class='ocrx_word' id='word_1_533' title='bbox 3540 421 3628 475; x_wconf 60' lang='lat'><strong>88â€˜</strong></span> 
     </span>
    </p>
   </div>
   <div class='ocr_carea' id='block_1_64' title="bbox 2021 516 3622 606">
    <p class='ocr_par' dir='ltr' id='par_1_64' title="bbox 2021 516 3622 606">
     <span class='ocr_line' id='line_1_64' title="bbox 2021 516 3622 606; baseline 0.012 -34"><span class='ocrx_word' id='word_1_534' title='bbox 2021 516 2294 588; x_wconf 86' lang='lat' dir='ltr'><strong>Scriptura</strong></span> <span class='ocrx_word' id='word_1_535' title='bbox 2319 559 2334 585; x_wconf 92' lang='lat'><strong>,</strong></span> <span class='ocrx_word' id='word_1_536' title='bbox 2366 529 2420 576; x_wconf 91' lang='lat' dir='ltr'><strong>et</strong></span> <span class='ocrx_word' id='word_1_537' title='bbox 2444 520 2548 589; x_wconf 86' lang='lat' dir='ltr'><strong>dic,</strong></span> <span class='ocrx_word' id='word_1_538' title='bbox 2584 521 2720 577; x_wconf 84' lang='lat' dir='ltr'><strong>Vidit</strong></span> <span class='ocrx_word' id='word_1_539' title='bbox 2747 523 2884 579; x_wconf 86' lang='lat' dir='ltr'><strong>Deus</strong></span> <span class='ocrx_word' id='word_1_540' title='bbox 2912 528 3081 581; x_wconf 80' lang='lat' dir='ltr'><strong>omnia</strong></span> <span class='ocrx_word' id='word_1_541' title='bbox 3101 539 3425 602; x_wconf 63' lang='lat' dir='ltr'><strong>quiscumque</strong></span> <span class='ocrx_word' id='word_1_542' title='bbox 3454 539 3568 606; x_wconf 72' lang='lat' dir='ltr'><strong>fecit</strong></span> <span class='ocrx_word' id='word_1_543' title='bbox 3588 580 3622 603; x_wconf 88' lang='lat'><strong>,.</strong></span> 
     </span>
    </p>
   </div>
   <div class='ocr_carea' id='block_1_65' title="bbox 2023 610 3610 681">
    <p class='ocr_par' dir='ltr' id='par_1_65' title="bbox 2023 610 3610 681">
     <span class='ocr_line' id='line_1_65' title="bbox 2023 610 3610 681; baseline 0.011 -16"><span class='ocrx_word' id='word_1_544' title='bbox 2023 619 2078 665; x_wconf 88' lang='lat' dir='ltr'><strong>et</strong></span> <span class='ocrx_word' id='word_1_545' title='bbox 2104 610 2258 677; x_wconf 77' lang='lat' dir='ltr'><strong>dixit,</strong></span> <span class='ocrx_word' id='word_1_546' title='bbox 2294 612 2424 669; x_wconf 77' lang='lat' dir='ltr'><strong>Ecce</strong></span> <span class='ocrx_word' id='word_1_547' title='bbox 2449 615 2597 669; x_wconf 78' lang='lat' dir='ltr'><strong>valde</strong></span> <span class='ocrx_word' id='word_1_548' title='bbox 2624 615 2755 670; x_wconf 79' lang='lat' dir='ltr'><strong>bona</strong></span> <span class='ocrx_word' id='word_1_549' title='bbox 2779 633 2798 681; x_wconf 87' lang='lat'><em>;</em></span> <span class='ocrx_word' id='word_1_550' title='bbox 2837 625 2892 671; x_wconf 88' lang='lat' dir='ltr'><strong>et</strong></span> <span class='ocrx_word' id='word_1_551' title='bbox 2919 617 3159 676; x_wconf 85' lang='lat' dir='ltr'><strong>fortassis</strong></span> <span class='ocrx_word' id='word_1_552' title='bbox 3187 619 3499 680; x_wconf 80' lang='lat' dir='ltr'><strong>indomitam</strong></span> <span class='ocrx_word' id='word_1_553' title='bbox 3546 629 3610 681; x_wconf 81' lang='lat' dir='ltr'><strong>il-</strong></span> 
     </span>
    </p>
   </div>
   <div class='ocr_carea' id='block_1_66' title="bbox 2025 697 3612 781">
    <p class='ocr_par' dir='ltr' id='par_1_66' title="bbox 2025 697 3612 781">
     <span class='ocr_line' id='line_1_66' title="bbox 2025 697 3612 781; baseline 0.01 -24"><span class='ocrx_word' id='word_1_554' title='bbox 2025 703 2127 758; x_wconf 87' lang='lat' dir='ltr'><strong>lius</strong></span> <span class='ocrx_word' id='word_1_555' title='bbox 2166 704 2396 774; x_wconf 77' lang='lat' dir='ltr'><strong>linguam</strong></span> <span class='ocrx_word' id='word_1_556' title='bbox 2441 708 2718 763; x_wconf 88' lang='lat' dir='ltr'><strong>continere</strong></span> <span class='ocrx_word' id='word_1_557' title='bbox 2761 711 2981 781; x_wconf 83' lang='lat' dir='ltr'><strong>poteris.</strong></span> <span class='ocrx_word' id='word_1_558' title='bbox 3033 697 3165 766; x_wconf 82' lang='lat' dir='ltr'><strong>Nam</strong></span> <span class='ocrx_word' id='word_1_559' title='bbox 3196 713 3321 768; x_wconf 89' lang='lat' dir='ltr'><strong>siin</strong></span> <span class='ocrx_word' id='word_1_560' title='bbox 3370 712 3612 772; x_wconf 74' lang='lat' dir='ltr'><strong>hnmzmis</strong></span> 
     </span>
    </p>
   </div>
   <div class='ocr_carea' id='block_1_67' title="bbox 2025 790 3616 876">
    <p class='ocr_par' dir='ltr' id='par_1_67' title="bbox 2025 790 3616 876">
     <span class='ocr_line' id='line_1_67' title="bbox 2025 790 3616 876; baseline 0.009 -26"><span class='ocrx_word' id='word_1_561' title='bbox 2025 799 2188 851; x_wconf 88' lang='lat' dir='ltr'><strong>rebus</strong></span> <span class='ocrx_word' id='word_1_562' title='bbox 2212 812 2332 852; x_wconf 91' lang='lat' dir='ltr'><strong>cum</strong></span> <span class='ocrx_word' id='word_1_563' title='bbox 2361 800 2603 856; x_wconf 87' lang='lat' dir='ltr'><strong>videmus</strong></span> <span class='ocrx_word' id='word_1_564' title='bbox 2632 801 2759 858; x_wconf 85' lang='lat' dir='ltr'><strong>viris</strong></span> <span class='ocrx_word' id='word_1_565' title='bbox 2795 790 3111 873; x_wconf 86' lang='lat' dir='ltr'><strong>quibusdam</strong></span> <span class='ocrx_word' id='word_1_566' title='bbox 3153 808 3497 876; x_wconf 80' lang='lat' dir='ltr'><strong>Optimatibus</strong></span> <span class='ocrx_word' id='word_1_567' title='bbox 3551 826 3616 864; x_wconf 89' lang='lat' dir='ltr'><strong>ea</strong></span> 
     </span>
    </p>
   </div>
   <div class='ocr_carea' id='block_1_68' title="bbox 2026 884 3636 970">
    <p class='ocr_par' dir='ltr' id='par_1_68' title="bbox 2026 884 3636 970">
     <span class='ocr_line' id='line_1_68' title="bbox 2026 884 3636 970; baseline 0.01 -29"><span class='ocrx_word' id='word_1_568' title='bbox 2026 897 2145 958; x_wconf 72' lang='lat' dir='ltr'><strong>qua:</strong></span> <span class='ocrx_word' id='word_1_569' title='bbox 2173 889 2307 944; x_wconf 82' lang='lat' dir='ltr'><strong>ï¬unt</strong></span> <span class='ocrx_word' id='word_1_570' title='bbox 2338 891 2549 960; x_wconf 85' lang='lat' dir='ltr'><strong>probari</strong></span> <span class='ocrx_word' id='word_1_571' title='bbox 2577 934 2590 957; x_wconf 90' lang='lat'><strong>,</strong></span> <span class='ocrx_word' id='word_1_572' title='bbox 2645 894 2850 950; x_wconf 89' lang='lat' dir='ltr'><strong>calculo</strong></span> <span class='ocrx_word' id='word_1_573' title='bbox 2887 884 3096 952; x_wconf 83' lang='lat' dir='ltr'><strong>illorum</strong></span> <span class='ocrx_word' id='word_1_574' title='bbox 3132 915 3238 954; x_wconf 87' lang='lat' dir='ltr'><strong>non</strong></span> <span class='ocrx_word' id='word_1_575' title='bbox 3267 901 3574 957; x_wconf 85' lang='lat' dir='ltr'><strong>obsistimus</strong></span> <span class='ocrx_word' id='word_1_576' title='bbox 3595 945 3636 970; x_wconf 87' lang='lat'><strong>,.</strong></span> 
     </span>
    </p>
   </div>
   <div class='ocr_carea' id='block_1_69' title="bbox 2026 979 3614 1062">
    <p class='ocr_par' dir='ltr' id='par_1_69' title="bbox 2026 979 3614 1062">
     <span class='ocr_line' id='line_1_69' title="bbox 2026 979 3614 1062; baseline 0.009 -29"><span class='ocrx_word' id='word_1_577' title='bbox 2026 979 2120 1034; x_wconf 87' lang='lat' dir='ltr'><strong>sed</strong></span> <span class='ocrx_word' id='word_1_578' title='bbox 2149 980 2539 1049; x_wconf 83' lang='lat' dir='ltr'><strong>adstipulamur</strong></span> <span class='ocrx_word' id='word_1_579' title='bbox 2560 1025 2575 1050; x_wconf 94' lang='lat'><strong>,</strong></span> <span class='ocrx_word' id='word_1_580' title='bbox 2625 992 2679 1038; x_wconf 90' lang='lat' dir='ltr'><strong>et</strong></span> <span class='ocrx_word' id='word_1_581' title='bbox 2707 984 2916 1040; x_wconf 85' lang='lat' dir='ltr'><strong>illorum</strong></span> <span class='ocrx_word' id='word_1_582' title='bbox 2949 991 3264 1044; x_wconf 83' lang='lat' dir='ltr'><strong>sententiam</strong></span> <span class='ocrx_word' id='word_1_583' title='bbox 3291 994 3507 1062; x_wconf 86' lang='lat' dir='ltr'><strong>proprio</strong></span> <span class='ocrx_word' id='word_1_584' title='bbox 3527 994 3614 1062; x_wconf 72' lang='lat' dir='ltr'><strong>ju-</strong></span> 
     </span>
    </p>
   </div>
   <div class='ocr_carea' id='block_1_70' title="bbox 2027 1069 3638 1150">
    <p class='ocr_par' dir='ltr' id='par_1_70' title="bbox 2027 1069 3638 1150">
     <span class='ocr_line' id='line_1_70' title="bbox 2027 1069 3638 1150; baseline 0.009 -27"><span class='ocrx_word' id='word_1_585' title='bbox 2027 1069 2169 1124; x_wconf 93' lang='lat' dir='ltr'><strong>dicio</strong></span> <span class='ocrx_word' id='word_1_586' title='bbox 2198 1070 2532 1141; x_wconf 83' lang='lat' dir='ltr'><strong>praeferimus</strong></span> <span class='ocrx_word' id='word_1_587' title='bbox 2561 1092 2574 1126; x_wconf 89' lang='lat'><strong>:</strong></span> <span class='ocrx_word' id='word_1_588' title='bbox 2617 1075 2785 1129; x_wconf 90' lang='lat' dir='ltr'><strong>multo</strong></span> <span class='ocrx_word' id='word_1_589' title='bbox 2810 1077 2976 1148; x_wconf 81' lang='lat' dir='ltr'><strong>magis</strong></span> <span class='ocrx_word' id='word_1_590' title='bbox 3002 1093 3125 1150; x_wconf 74' lang='lat' dir='ltr'><strong>erga</strong></span> <span class='ocrx_word' id='word_1_591' title='bbox 3175 1080 3340 1136; x_wconf 87' lang='lat' dir='ltr'><strong>Deum</strong></span> <span class='ocrx_word' id='word_1_592' title='bbox 3379 1085 3638 1139; x_wconf 68' lang='lat' dir='ltr'><strong>munitum</strong></span> 
     </span>
    </p>
   </div>
   <div class='ocr_carea' id='block_1_71' title="bbox 2031 1161 3620 1238">
    <p class='ocr_par' dir='ltr' id='par_1_71' title="bbox 2031 1161 3620 1238">
     <span class='ocr_line' id='line_1_71' title="bbox 2031 1161 3620 1238; baseline 0.011 -26"><span class='ocrx_word' id='word_1_593' title='bbox 2031 1161 2318 1217; x_wconf 85' lang='lat' dir='ltr'><strong>visibilium</strong></span> <span class='ocrx_word' id='word_1_594' title='bbox 2344 1164 2589 1232; x_wconf 79' lang='lat' dir='ltr'><strong>opificem</strong></span> <span class='ocrx_word' id='word_1_595' title='bbox 2637 1165 2705 1220; x_wconf 90' lang='lat' dir='ltr'><strong>ita</strong></span> <span class='ocrx_word' id='word_1_596' title='bbox 2735 1181 2832 1222; x_wconf 89' lang='lat' dir='ltr'><strong>nos</strong></span> <span class='ocrx_word' id='word_1_597' title='bbox 2861 1179 3048 1236; x_wconf 83' lang='lat' dir='ltr'><strong>gerere</strong></span> <span class='ocrx_word' id='word_1_598' title='bbox 3083 1171 3276 1238; x_wconf 89' lang='lat' dir='ltr'><strong>decet;</strong></span> <span class='ocrx_word' id='word_1_599' title='bbox 3307 1183 3360 1228; x_wconf 89' lang='lat' dir='ltr'><strong>et</strong></span> <span class='ocrx_word' id='word_1_600' title='bbox 3389 1187 3510 1228; x_wconf 89' lang='lat' dir='ltr'><strong>cum</strong></span> <span class='ocrx_word' id='word_1_601' title='bbox 3539 1173 3620 1228; x_wconf 86' lang='lat' dir='ltr'><strong>di-</strong></span> 
     </span>
    </p>
   </div>
   <div class='ocr_carea' id='block_1_72' title="bbox 2031 1254 3640 1338">
    <p class='ocr_par' dir='ltr' id='par_1_72' title="bbox 2031 1254 3640 1338">
     <span class='ocr_line' id='line_1_72' title="bbox 2031 1254 3640 1338; baseline 0.011 -30"><span class='ocrx_word' id='word_1_602' title='bbox 2031 1254 2320 1312; x_wconf 87' lang='lat' dir='ltr'><strong>dicerimus</strong></span> <span class='ocrx_word' id='word_1_603' title='bbox 2358 1259 2475 1328; x_wconf 86' lang='lat' dir='ltr'><strong>ejus</strong></span> <span class='ocrx_word' id='word_1_604' title='bbox 2519 1263 2874 1330; x_wconf 88' lang='lat' dir='ltr'><strong>sententiam,</strong></span> <span class='ocrx_word' id='word_1_605' title='bbox 2921 1274 3102 1321; x_wconf 86' lang='lat' dir='ltr'><strong>nostra</strong></span> <span class='ocrx_word' id='word_1_606' title='bbox 3145 1269 3501 1338; x_wconf 87' lang='lat' dir='ltr'><strong>comprimere</strong></span> <span class='ocrx_word' id='word_1_607' title='bbox 3536 1287 3640 1326; x_wconf 77' lang='lat' dir='ltr'><strong>ra-~</strong></span> 
     </span>
    </p>
   </div>
   <div class='ocr_carea' id='block_1_73' title="bbox 2033 1348 3631 1428">
    <p class='ocr_par' dir='ltr' id='par_1_73' title="bbox 2033 1348 3631 1428">
     <span class='ocr_line' id='line_1_73' title="bbox 2033 1348 3631 1428; baseline 0.011 -27"><span class='ocrx_word' id='word_1_608' title='bbox 2033 1348 2247 1402; x_wconf 89' lang='lat' dir='ltr'><strong>tiocinia</strong></span> <span class='ocrx_word' id='word_1_609' title='bbox 2272 1390 2288 1415; x_wconf 95' lang='lat'><strong>,</strong></span> <span class='ocrx_word' id='word_1_610' title='bbox 2334 1363 2508 1420; x_wconf 90' lang='lat' dir='ltr'><strong>neque</strong></span> <span class='ocrx_word' id='word_1_611' title='bbox 2556 1353 2752 1423; x_wconf 90' lang='lat' dir='ltr'><strong>aliquid</strong></span> <span class='ocrx_word' id='word_1_612' title='bbox 2803 1355 2940 1410; x_wconf 88' lang='lat' dir='ltr'><strong>ultra</strong></span> <span class='ocrx_word' id='word_1_613' title='bbox 2965 1357 3220 1428; x_wconf 81' lang='lat' dir='ltr'><strong>aggredi;</strong></span> <span class='ocrx_word' id='word_1_614' title='bbox 3262 1359 3358 1414; x_wconf 87' lang='lat' dir='ltr'><strong>sed</strong></span> <span class='ocrx_word' id='word_1_615' title='bbox 3401 1361 3538 1416; x_wconf 88' lang='lat' dir='ltr'><strong>scire</strong></span> <span class='ocrx_word' id='word_1_616' title='bbox 3567 1373 3631 1418; x_wconf 75' lang='lat' dir='ltr'><strong>et</strong></span> 
     </span>
    </p>
   </div>
   <div class='ocr_carea' id='block_1_74' title="bbox 2032 1443 3649 1525">
    <p class='ocr_par' dir='ltr' id='par_1_74' title="bbox 2032 1443 3649 1525">
     <span class='ocr_line' id='line_1_74' title="bbox 2032 1443 3649 1525; baseline 0.01 -30"><span class='ocrx_word' id='word_1_617' title='bbox 2032 1453 2346 1513; x_wconf 84' lang='lat' dir='ltr'><strong>persuasum</strong></span> <span class='ocrx_word' id='word_1_618' title='bbox 2378 1443 2574 1501; x_wconf 89' lang='lat' dir='ltr'><strong>habere</strong></span> <span class='ocrx_word' id='word_1_619' title='bbox 2599 1489 2615 1513; x_wconf 92' lang='lat'><strong>,</strong></span> <span class='ocrx_word' id='word_1_620' title='bbox 2661 1447 2840 1503; x_wconf 88' lang='lat' dir='ltr'><strong>omnia</strong></span> <span class='ocrx_word' id='word_1_621' title='bbox 2881 1450 3088 1505; x_wconf 83' lang='lat' dir='ltr'><strong>ratione</strong></span> <span class='ocrx_word' id='word_1_622' title='bbox 3125 1449 3353 1521; x_wconf 87' lang='lat' dir='ltr'><strong>quadam</strong></span> <span class='ocrx_word' id='word_1_623' title='bbox 3384 1496 3399 1520; x_wconf 94' lang='lat'><strong>,</strong></span> <span class='ocrx_word' id='word_1_624' title='bbox 3447 1463 3502 1509; x_wconf 88' lang='lat' dir='ltr'><strong>et</strong></span> <span class='ocrx_word' id='word_1_625' title='bbox 3525 1469 3626 1525; x_wconf 90' lang='lat' dir='ltr'><strong>pro</strong></span> <span class='ocrx_word' id='word_1_626' title='bbox 3643 1481 3649 1492; x_wconf 57' lang='grc' dir='ltr'><strong>Î·-</strong></span> 
     </span>
    </p>
   </div>
   <div class='ocr_carea' id='block_1_75' title="bbox 2034 1535 3626 1616">
    <p class='ocr_par' dir='ltr' id='par_1_75' title="bbox 2034 1535 3626 1616">
     <span class='ocr_line' id='line_1_75' title="bbox 2034 1535 3626 1616; baseline 0.008 -26"><span class='ocrx_word' id='word_1_627' title='bbox 2034 1535 2359 1606; x_wconf 77' lang='lat' dir='ltr'><strong>benignitate</strong></span> <span class='ocrx_word' id='word_1_628' title='bbox 2384 1553 2500 1605; x_wconf 89' lang='lat' dir='ltr'><strong>sua,</strong></span> <span class='ocrx_word' id='word_1_629' title='bbox 2529 1539 2598 1594; x_wconf 86' lang='lat' dir='ltr'><strong>ab</strong></span> <span class='ocrx_word' id='word_1_630' title='bbox 2628 1539 2744 1609; x_wconf 91' lang='lat' dir='ltr'><strong>ipso</strong></span> <span class='ocrx_word' id='word_1_631' title='bbox 2771 1541 3029 1612; x_wconf 85' lang='lat' dir='ltr'><strong>producta</strong></span> <span class='ocrx_word' id='word_1_632' title='bbox 3059 1542 3246 1612; x_wconf 77' lang='lat' dir='ltr'><strong>fuisse,</strong></span> <span class='ocrx_word' id='word_1_633' title='bbox 3277 1545 3514 1616; x_wconf 84' lang='lat' dir='ltr'><strong>nihilque</strong></span> <span class='ocrx_word' id='word_1_634' title='bbox 3539 1559 3626 1602; x_wconf 83' lang='lat' dir='ltr'><strong>te-</strong></span> 
     </span>
    </p>
   </div>
   <div class='ocr_carea' id='block_1_76' title="bbox 2033 1631 3642 1702">
    <p class='ocr_par' dir='ltr' id='par_1_76' title="bbox 2033 1631 3642 1702">
     <span class='ocr_line' id='line_1_76' title="bbox 2033 1631 3642 1702; baseline 0.007 -18"><span class='ocrx_word' id='word_1_635' title='bbox 2033 1643 2183 1686; x_wconf 88' lang='lat' dir='ltr'><strong>mere</strong></span> <span class='ocrx_word' id='word_1_636' title='bbox 2210 1639 2266 1685; x_wconf 90' lang='lat' dir='ltr'><strong>et</strong></span> <span class='ocrx_word' id='word_1_637' title='bbox 2290 1631 2408 1686; x_wconf 88' lang='lat' dir='ltr'><strong>sine</strong></span> <span class='ocrx_word' id='word_1_638' title='bbox 2435 1646 2594 1688; x_wconf 88' lang='lat' dir='ltr'><strong>causa</strong></span> <span class='ocrx_word' id='word_1_639' title='bbox 2615 1631 2812 1688; x_wconf 90' lang='lat' dir='ltr'><strong>factum</strong></span> <span class='ocrx_word' id='word_1_640' title='bbox 2838 1649 2990 1702; x_wconf 88' lang='lat' dir='ltr'><strong>esse;</strong></span> <span class='ocrx_word' id='word_1_641' title='bbox 3021 1651 3204 1691; x_wconf 86' lang='lat' dir='ltr'><strong>verum</strong></span> <span class='ocrx_word' id='word_1_642' title='bbox 3245 1638 3370 1694; x_wconf 89' lang='lat' dir='ltr'><strong>licet</strong></span> <span class='ocrx_word' id='word_1_643' title='bbox 3414 1653 3513 1694; x_wconf 90' lang='lat' dir='ltr'><strong>nos</strong></span> <span class='ocrx_word' id='word_1_644' title='bbox 3554 1641 3642 1695; x_wconf 90' lang='lat' dir='ltr'><strong>ob-</strong></span> 
     </span>
    </p>
   </div>
   <div class='ocr_carea' id='block_1_77' title="bbox 2035 1723 3643 1801">
    <p class='ocr_par' dir='ltr' id='par_1_77' title="bbox 2035 1723 3643 1801">
     <span class='ocr_line' id='line_1_77' title="bbox 2035 1723 3643 1801; baseline 0.008 -27"><span class='ocrx_word' id='word_1_645' title='bbox 2035 1729 2232 1776; x_wconf 68' lang='lat' dir='ltr'><strong>nostrte</strong></span> <span class='ocrx_word' id='word_1_646' title='bbox 2261 1723 2484 1780; x_wconf 89' lang='lat' dir='ltr'><strong>rationis</strong></span> <span class='ocrx_word' id='word_1_647' title='bbox 2510 1724 2926 1782; x_wconf 88' lang='lat' dir='ltr'><strong>imbecillitatem</strong></span> <span class='ocrx_word' id='word_1_648' title='bbox 2955 1727 3264 1798; x_wconf 78' lang='lat' dir='ltr'><strong>ignoremus</strong></span> <span class='ocrx_word' id='word_1_649' title='bbox 3291 1731 3643 1801; x_wconf 60' lang='lat' dir='ltr'><strong>Opificioruur</strong></span> 
     </span>
    </p>
   </div>
   <div class='ocr_carea' id='block_1_78' title="bbox 2037 1814 3628 1892">
    <p class='ocr_par' dir='ltr' id='par_1_78' title="bbox 2037 1814 3628 1892">
     <span class='ocr_line' id='line_1_78' title="bbox 2037 1814 3628 1892; baseline 0.006 -25"><span class='ocrx_word' id='word_1_650' title='bbox 2037 1814 2317 1869; x_wconf 88' lang='lat' dir='ltr'><strong>utilitatem</strong></span> <span class='ocrx_word' id='word_1_651' title='bbox 2340 1856 2358 1883; x_wconf 93' lang='lat'><strong>,</strong></span> <span class='ocrx_word' id='word_1_652' title='bbox 2408 1816 2580 1886; x_wconf 88' lang='lat' dir='ltr'><strong>ipsum</strong></span> <span class='ocrx_word' id='word_1_653' title='bbox 2608 1825 2784 1873; x_wconf 88' lang='lat' dir='ltr'><strong>tamen</strong></span> <span class='ocrx_word' id='word_1_654' title='bbox 2813 1819 3108 1874; x_wconf 88' lang='lat' dir='ltr'><strong>secundum</strong></span> <span class='ocrx_word' id='word_1_655' title='bbox 3135 1830 3285 1874; x_wconf 85' lang='lat' dir='ltr'><strong>suam</strong></span> <span class='ocrx_word' id='word_1_656' title='bbox 3313 1822 3628 1892; x_wconf 88' lang='lat' dir='ltr'><strong>sapientiam</strong></span> 
     </span>
    </p>
   </div>
   <div class='ocr_carea' id='block_1_79' title="bbox 2037 1895 3510 1984">
    <p class='ocr_par' dir='ltr' id='par_1_79' title="bbox 2037 1895 3510 1984">
     <span class='ocr_line' id='line_1_79' title="bbox 2037 1895 3510 1984; baseline 0.005 -23"><span class='ocrx_word' id='word_1_657' title='bbox 2037 1904 2090 1962; x_wconf 89' lang='lat' dir='ltr'><strong>et</strong></span> <span class='ocrx_word' id='word_1_658' title='bbox 2116 1907 2518 1964; x_wconf 88' lang='lat' dir='ltr'><strong>solertissimam</strong></span> <span class='ocrx_word' id='word_1_659' title='bbox 2548 1895 2932 1981; x_wconf 76' lang='lat' dir='ltr'><strong>benignitatem</strong></span> <span class='ocrx_word' id='word_1_660' title='bbox 2965 1913 3152 1967; x_wconf 81' lang='lat' dir='ltr'><strong>omnia</strong></span> <span class='ocrx_word' id='word_1_661' title='bbox 3172 1913 3510 1984; x_wconf 74' lang='lat' dir='ltr'><strong>produxisse.</strong></span> 
     </span>
    </p>
   </div>
   <div class='ocr_carea' id='block_1_80' title="bbox 2108 1997 3628 2075">
    <p class='ocr_par' dir='ltr' id='par_1_80' title="bbox 2108 1997 3628 2075">
     <span class='ocr_line' id='line_1_80' title="bbox 2108 1997 3628 2075; baseline 0.005 -21"><span class='ocrx_word' id='word_1_662' title='bbox 2108 1997 2161 2054; x_wconf 84' lang='lat'><strong>7.</strong></span> <span class='ocrx_word' id='word_1_663' title='bbox 2203 1998 2272 2053; x_wconf 83' lang='lat' dir='ltr'><strong>Et</strong></span> <span class='ocrx_word' id='word_1_664' title='bbox 2301 2002 2440 2071; x_wconf 78' lang='lat' dir='ltr'><strong>facta</strong></span> <span class='ocrx_word' id='word_1_665' title='bbox 2466 2012 2564 2070; x_wconf 84' lang='lat' dir='ltr'><strong>est,</strong></span> <span class='ocrx_word' id='word_1_666' title='bbox 2589 2003 2779 2073; x_wconf 89' lang='lat' dir='ltr'><strong>inquit,</strong></span> <span class='ocrx_word' id='word_1_667' title='bbox 2809 2017 3016 2075; x_wconf 77' lang='lat' dir='ltr'><strong>vespera</strong></span> <span class='ocrx_word' id='word_1_668' title='bbox 3045 2014 3092 2057; x_wconf 89' lang='lat' dir='ltr'><strong>et</strong></span> <span class='ocrx_word' id='word_1_669' title='bbox 3130 2004 3323 2075; x_wconf 71' lang='lat' dir='ltr'><strong>factum</strong></span> <span class='ocrx_word' id='word_1_670' title='bbox 3349 2015 3421 2059; x_wconf 82' lang='lat' dir='ltr'><strong>est</strong></span> <span class='ocrx_word' id='word_1_671' title='bbox 3459 2021 3628 2073; x_wconf 82' lang='lat' dir='ltr'><strong>mane,</strong></span> 
     </span>
    </p>
   </div>
   <div class='ocr_carea' id='block_1_81' title="bbox 2038 2091 3630 2153">
    <p class='ocr_par' dir='ltr' id='par_1_81' title="bbox 2038 2091 3630 2153">
     <span class='ocr_line' id='line_1_81' title="bbox 2038 2091 3630 2153; baseline 0.006 -10"><span class='ocrx_word' id='word_1_672' title='bbox 2038 2091 2144 2144; x_wconf 81' lang='lat' dir='ltr'><strong>dies</strong></span> <span class='ocrx_word' id='word_1_673' title='bbox 2194 2097 2390 2146; x_wconf 63' lang='lat' dir='ltr'><strong>sextus.</strong></span> <span class='ocrx_word' id='word_1_674' title='bbox 2424 2092 2544 2147; x_wconf 83' lang='lat' dir='ltr'><strong>Fini</strong></span> <span class='ocrx_word' id='word_1_675' title='bbox 2586 2093 2691 2148; x_wconf 91' lang='lat' dir='ltr'><strong>diei</strong></span> <span class='ocrx_word' id='word_1_676' title='bbox 2736 2103 2904 2149; x_wconf 74' lang='lat' dir='ltr'><strong>sextze</strong></span> <span class='ocrx_word' id='word_1_677' title='bbox 2943 2093 3105 2150; x_wconf 88' lang='lat' dir='ltr'><strong>etiam</strong></span> <span class='ocrx_word' id='word_1_678' title='bbox 3156 2095 3316 2151; x_wconf 83' lang='lat' dir='ltr'><strong>finem</strong></span> <span class='ocrx_word' id='word_1_679' title='bbox 3360 2097 3630 2153; x_wconf 80' lang='lat' dir='ltr'><strong>formandi</strong></span> 
     </span>
    </p>
   </div>
   <div class='ocr_carea' id='block_1_82' title="bbox 2038 2183 3650 2258">
    <p class='ocr_par' dir='ltr' id='par_1_82' title="bbox 2038 2183 3650 2258">
     <span class='ocr_line' id='line_1_82' title="bbox 2038 2183 3650 2258; baseline 0.002 -20"><span class='ocrx_word' id='word_1_680' title='bbox 2038 2183 2314 2239; x_wconf 76' lang='lat' dir='ltr'><strong>creaturas</strong></span> <span class='ocrx_word' id='word_1_681' title='bbox 2357 2184 2601 2240; x_wconf 85' lang='lat' dir='ltr'><strong>addidit:</strong></span> <span class='ocrx_word' id='word_1_682' title='bbox 2631 2193 2686 2240; x_wconf 80' lang='lat' dir='ltr'><strong>et</strong></span> <span class='ocrx_word' id='word_1_683' title='bbox 2727 2195 2945 2257; x_wconf 82' lang='lat' dir='ltr'><strong>propter</strong></span> <span class='ocrx_word' id='word_1_684' title='bbox 2975 2187 3076 2241; x_wconf 86' lang='lat' dir='ltr'><strong>hoc</strong></span> <span class='ocrx_word' id='word_1_685' title='bbox 3099 2187 3371 2242; x_wconf 87' lang='lat' dir='ltr'><strong>subdidit:</strong></span> <span class='ocrx_word' id='word_1_686' title='bbox 3414 2186 3482 2242; x_wconf 83' lang='lat' dir='ltr'><strong>Et</strong></span> <span class='ocrx_word' id='word_1_687' title='bbox 3511 2206 3650 2258; x_wconf 85' lang='lat' dir='ltr'><strong>per--</strong></span> 
     </span>
    </p>
   </div>
   <div class='ocr_carea' id='block_1_83' title="bbox 2041 2278 3630 2355">
    <p class='ocr_par' dir='ltr' id='par_1_83' title="bbox 2041 2278 3630 2355">
     <span class='ocr_line' id='line_1_83' title="bbox 2041 2278 3630 2355; baseline 0.007 -27"><span class='ocrx_word' id='word_1_688' title='bbox 2041 2279 2172 2346; x_wconf 61' lang='lat' dir='ltr'><strong>facta</strong></span> <span class='ocrx_word' id='word_1_689' title='bbox 2192 2285 2312 2330; x_wconf 82' lang='lat' dir='ltr'><strong>sunt</strong></span> <span class='ocrx_word' id='word_1_690' title='bbox 2333 2278 2539 2345; x_wconf 61' lang='lat' dir='ltr'><strong>caelum,</strong></span> <span class='ocrx_word' id='word_1_691' title='bbox 2560 2287 2606 2331; x_wconf 79' lang='lat' dir='ltr'><strong>et</strong></span> <span class='ocrx_word' id='word_1_692' title='bbox 2630 2290 2783 2341; x_wconf 70' lang='lat' dir='ltr'><strong>terra,</strong></span> <span class='ocrx_word' id='word_1_693' title='bbox 2804 2287 2851 2332; x_wconf 85' lang='lat' dir='ltr'><strong>et</strong></span> <span class='ocrx_word' id='word_1_694' title='bbox 2867 2278 3030 2333; x_wconf 82' lang='lat' dir='ltr'><strong>omnis</strong></span> <span class='ocrx_word' id='word_1_695' title='bbox 3046 2289 3256 2333; x_wconf 88' lang='lat' dir='ltr'><strong>ornatus</strong></span> <span class='ocrx_word' id='word_1_696' title='bbox 3281 2296 3452 2335; x_wconf 82' lang='lat' dir='ltr'><strong>eorum</strong></span> <span class='ocrx_word' id='word_1_697' title='bbox 3474 2279 3630 2355; x_wconf 77' lang='lat' dir='ltr'><strong>(Gen.</strong></span> 
     </span>
    </p>
   </div>
   <div class='ocr_carea' id='block_1_84' title="bbox 2039 2367 3656 2445">
    <p class='ocr_par' dir='ltr' id='par_1_84' title="bbox 2039 2367 3656 2445">
     <span class='ocr_line' id='line_1_84' title="bbox 2039 2367 3656 2445; baseline 0.005 -22"><span class='ocrx_word' id='word_1_698' title='bbox 2039 2369 2091 2423; x_wconf 70' lang='grc'><strong>2.</strong></span> <span class='ocrx_word' id='word_1_699' title='bbox 2123 2367 2200 2442; x_wconf 83' lang='lat' dir='ltr'><strong>i).</strong></span> <span class='ocrx_word' id='word_1_700' title='bbox 2228 2369 2521 2426; x_wconf 83' lang='lat' dir='ltr'><strong>Considera</strong></span> <span class='ocrx_word' id='word_1_701' title='bbox 2551 2387 2709 2442; x_wconf 89' lang='lat' dir='ltr'><strong>quam</strong></span> <span class='ocrx_word' id='word_1_702' title='bbox 2748 2372 2880 2427; x_wconf 89' lang='lat' dir='ltr'><strong>nihil</strong></span> <span class='ocrx_word' id='word_1_703' title='bbox 2921 2374 2991 2428; x_wconf 91' lang='lat' dir='ltr'><strong>sit</strong></span> <span class='ocrx_word' id='word_1_704' title='bbox 3017 2373 3367 2443; x_wconf 74' lang='lat' dir='ltr'><strong>superï¬‚uum,</strong></span> <span class='ocrx_word' id='word_1_705' title='bbox 3394 2374 3656 2445; x_wconf 85' lang='lat' dir='ltr'><strong>nihilque-</strong></span> 
     </span>
    </p>
   </div>
   <div class='ocr_carea' id='block_1_85' title="bbox 2042 2453 3633 2534">
    <p class='ocr_par' dir='ltr' id='par_1_85' title="bbox 2042 2453 3633 2534">
     <span class='ocr_line' id='line_1_85' title="bbox 2042 2453 3633 2534; baseline 0.005 -20"><span class='ocrx_word' id='word_1_706' title='bbox 2042 2453 2346 2517; x_wconf 82' lang='lat' dir='ltr'><strong>redundanâ€˜s</strong></span> <span class='ocrx_word' id='word_1_707' title='bbox 2371 2461 2428 2517; x_wconf 80' lang='lat' dir='ltr'><strong>in</strong></span> <span class='ocrx_word' id='word_1_708' title='bbox 2453 2459 2644 2518; x_wconf 84' lang='lat' dir='ltr'><strong>divinis</strong></span> <span class='ocrx_word' id='word_1_709' title='bbox 2672 2462 2895 2518; x_wconf 69' lang='lat' dir='ltr'><strong>Litoris.</strong></span> <span class='ocrx_word' id='word_1_710' title='bbox 2921 2463 3208 2534; x_wconf 83' lang='lat' dir='ltr'><strong>Postquam</strong></span> <span class='ocrx_word' id='word_1_711' title='bbox 3240 2465 3633 2522; x_wconf 87' lang='lat' dir='ltr'><strong>elementorum</strong></span> 
     </span>
    </p>
   </div>
   <div class='ocr_carea' id='block_1_86' title="bbox 2042 2554 3657 2623">
    <p class='ocr_par' dir='ltr' id='par_1_86' title="bbox 2042 2554 3657 2623">
     <span class='ocr_line' id='line_1_86' title="bbox 2042 2554 3657 2623; baseline 0.003 -16"><span class='ocrx_word' id='word_1_712' title='bbox 2042 2561 2230 2607; x_wconf 88' lang='lat' dir='ltr'><strong>cuncta</strong></span> <span class='ocrx_word' id='word_1_713' title='bbox 2256 2554 2727 2623; x_wconf 77' lang='lat' dir='ltr'><strong>cumpleetentium</strong></span> <span class='ocrx_word' id='word_1_714' title='bbox 2754 2554 3014 2619; x_wconf 86' lang='lat' dir='ltr'><strong>meminit,</strong></span> <span class='ocrx_word' id='word_1_715' title='bbox 3040 2571 3147 2610; x_wconf 92' lang='lat' dir='ltr'><strong>non</strong></span> <span class='ocrx_word' id='word_1_716' title='bbox 3169 2556 3306 2610; x_wconf 92' lang='lat' dir='ltr'><strong>ultra</strong></span> <span class='ocrx_word' id='word_1_717' title='bbox 3331 2557 3657 2612; x_wconf 58' lang='lat' dir='ltr'><strong>minutatim:</strong></span> 
     </span>
    </p>
   </div>
   <div class='ocr_carea' id='block_1_87' title="bbox 2042 2647 3652 2722">
    <p class='ocr_par' dir='ltr' id='par_1_87' title="bbox 2042 2647 3652 2722">
     <span class='ocr_line' id='line_1_87' title="bbox 2042 2647 3652 2722; baseline 0.002 -21"><span class='ocrx_word' id='word_1_718' title='bbox 2042 2647 2243 2717; x_wconf 87' lang='lat' dir='ltr'><strong>reliqua</strong></span> <span class='ocrx_word' id='word_1_719' title='bbox 2266 2657 2683 2714; x_wconf 79' lang='lat' dir='ltr'><strong>commemorat,</strong></span> <span class='ocrx_word' id='word_1_720' title='bbox 2719 2648 2813 2704; x_wconf 80' lang='lat' dir='ltr'><strong>sed</strong></span> <span class='ocrx_word' id='word_1_721' title='bbox 2845 2658 2902 2704; x_wconf 89' lang='lat' dir='ltr'><strong>ut</strong></span> <span class='ocrx_word' id='word_1_722' title='bbox 2933 2649 3088 2718; x_wconf 77' lang='lat' dir='ltr'><strong>dixit,</strong></span> <span class='ocrx_word' id='word_1_723' title='bbox 3124 2647 3357 2722; x_wconf 75' lang='lat' dir='ltr'><strong>Per-[ecta</strong></span> <span class='ocrx_word' id='word_1_724' title='bbox 3384 2657 3500 2705; x_wconf 82' lang='lat' dir='ltr'><strong>sunt</strong></span> <span class='ocrx_word' id='word_1_725' title='bbox 3528 2661 3652 2705; x_wconf 61' lang='grc' dir='ltr'><strong>ÎµÏ‰Î¿Ï„</strong></span> 
     </span>
    </p>
   </div>
   <div class='ocr_carea' id='block_1_88' title="bbox 2045 2739 3656 2814">
    <p class='ocr_par' dir='ltr' id='par_1_88' title="bbox 2045 2739 3656 2814">
     <span class='ocr_line' id='line_1_88' title="bbox 2045 2739 3656 2814; baseline 0.004 -22"><span class='ocrx_word' id='word_1_726' title='bbox 2045 2739 2146 2794; x_wconf 76' lang='lat' dir='ltr'><strong>lion</strong></span> <span class='ocrx_word' id='word_1_727' title='bbox 2178 2749 2224 2794; x_wconf 88' lang='lat' dir='ltr'><strong>et</strong></span> <span class='ocrx_word' id='word_1_728' title='bbox 2255 2748 2410 2807; x_wconf 78' lang='lat' dir='ltr'><strong>terra,</strong></span> <span class='ocrx_word' id='word_1_729' title='bbox 2460 2740 2626 2808; x_wconf 84' lang='lat' dir='ltr'><strong>addit,</strong></span> <span class='ocrx_word' id='word_1_730' title='bbox 2671 2739 2740 2795; x_wconf 80' lang='lat' dir='ltr'><strong>Et</strong></span> <span class='ocrx_word' id='word_1_731' title='bbox 2780 2743 2943 2796; x_wconf 84' lang='lat' dir='ltr'><strong>omnis</strong></span> <span class='ocrx_word' id='word_1_732' title='bbox 2985 2753 3195 2797; x_wconf 80' lang='lat' dir='ltr'><strong>ornatus</strong></span> <span class='ocrx_word' id='word_1_733' title='bbox 3242 2759 3415 2798; x_wconf 84' lang='lat' dir='ltr'><strong>eorum</strong></span> <span class='ocrx_word' id='word_1_734' title='bbox 3452 2759 3472 2798; x_wconf 93' lang='lat'><strong><em>:</em></strong></span> <span class='ocrx_word' id='word_1_735' title='bbox 3528 2758 3656 2814; x_wconf 52' lang='lat' dir='ltr'><strong>quo:</strong></span> 
     </span>
    </p>
   </div>
   <div class='ocr_carea' id='block_1_89' title="bbox 2042 2831 3653 2906">
    <p class='ocr_par' dir='ltr' id='par_1_89' title="bbox 2042 2831 3653 2906">
     <span class='ocr_line' id='line_1_89' title="bbox 2042 2831 3653 2906; baseline -0.001 -19"><span class='ocrx_word' id='word_1_736' title='bbox 2042 2834 2306 2901; x_wconf 75' lang='lat' dir='ltr'><strong>signiï¬cat</strong></span> <span class='ocrx_word' id='word_1_737' title='bbox 2349 2833 2546 2899; x_wconf 82' lang='lat' dir='ltr'><strong>omnia,</strong></span> <span class='ocrx_word' id='word_1_738' title='bbox 2591 2843 2643 2890; x_wconf 87' lang='lat' dir='ltr'><strong>et</strong></span> <span class='ocrx_word' id='word_1_739' title='bbox 2685 2850 2804 2905; x_wconf 74' lang='lat' dir='ltr'><strong>qum</strong></span> <span class='ocrx_word' id='word_1_740' title='bbox 2847 2835 2899 2889; x_wconf 93' lang='lat' dir='ltr'><strong>in</strong></span> <span class='ocrx_word' id='word_1_741' title='bbox 2930 2831 3085 2901; x_wconf 73' lang='lat' dir='ltr'><strong>cmio,</strong></span> <span class='ocrx_word' id='word_1_742' title='bbox 3121 2845 3176 2890; x_wconf 88' lang='lat' dir='ltr'><strong>ct</strong></span> <span class='ocrx_word' id='word_1_743' title='bbox 3217 2846 3337 2906; x_wconf 60' lang='lat' dir='ltr'><strong>quae</strong></span> <span class='ocrx_word' id='word_1_744' title='bbox 3367 2835 3417 2889; x_wconf 91' lang='lat' dir='ltr'><strong>in</strong></span> <span class='ocrx_word' id='word_1_745' title='bbox 3465 2845 3653 2891; x_wconf 54' lang='lat' dir='ltr'><strong>terrm,</strong></span> 
     </span>
    </p>
   </div>
   <div class='ocr_carea' id='block_1_90' title="bbox 2043 2925 3632 2997">
    <p class='ocr_par' dir='ltr' id='par_1_90' title="bbox 2043 2925 3632 2997">
     <span class='ocr_line' id='line_1_90' title="bbox 2043 2925 3632 2997; baseline 0.003 -19"><span class='ocrx_word' id='word_1_746' title='bbox 2043 2925 2275 2978; x_wconf 85' lang='lat' dir='ltr'><strong>Ornatus</strong></span> <span class='ocrx_word' id='word_1_747' title='bbox 2300 2925 2440 2979; x_wconf 90' lang='lat' dir='ltr'><strong>enim</strong></span> <span class='ocrx_word' id='word_1_748' title='bbox 2472 2935 2629 2980; x_wconf 71' lang='lat' dir='ltr'><strong>terrm</strong></span> <span class='ocrx_word' id='word_1_749' title='bbox 2658 2936 2781 2980; x_wconf 79' lang='lat' dir='ltr'><strong>sunt</strong></span> <span class='ocrx_word' id='word_1_750' title='bbox 2809 2941 2870 2980; x_wconf 91' lang='lat' dir='ltr'><strong>ea</strong></span> <span class='ocrx_word' id='word_1_751' title='bbox 2898 2935 3015 2997; x_wconf 73' lang='lat' dir='ltr'><strong>qua:</strong></span> <span class='ocrx_word' id='word_1_752' title='bbox 3044 2927 3112 2982; x_wconf 87' lang='lat' dir='ltr'><strong>ab</strong></span> <span class='ocrx_word' id='word_1_753' title='bbox 3140 2927 3236 2982; x_wconf 83' lang='lat' dir='ltr'><strong>illa</strong></span> <span class='ocrx_word' id='word_1_754' title='bbox 3269 2927 3632 2997; x_wconf 85' lang='lat' dir='ltr'><strong>proferuntur,</strong></span> 
     </span>
    </p>
   </div>
   <div class='ocr_carea' id='block_1_91' title="bbox 2046 3015 3655 3088">
    <p class='ocr_par' dir='ltr' id='par_1_91' title="bbox 2046 3015 3655 3088">
     <span class='ocr_line' id='line_1_91' title="bbox 2046 3015 3655 3088; baseline 0.003 -20"><span class='ocrx_word' id='word_1_755' title='bbox 2046 3025 2104 3068; x_wconf 88' lang='lat' dir='ltr'><strong>ut</strong></span> <span class='ocrx_word' id='word_1_756' title='bbox 2133 3015 2418 3070; x_wconf 69' lang='lat' dir='ltr'><strong>hci-barum</strong></span> <span class='ocrx_word' id='word_1_757' title='bbox 2449 3017 2710 3085; x_wconf 75' lang='lat' dir='ltr'><strong>germina,</strong></span> <span class='ocrx_word' id='word_1_758' title='bbox 2743 3016 3008 3072; x_wconf 84' lang='lat' dir='ltr'><strong>fructuum</strong></span> <span class='ocrx_word' id='word_1_759' title='bbox 3042 3028 3351 3088; x_wconf 83' lang='lat' dir='ltr'><strong>proventus,</strong></span> <span class='ocrx_word' id='word_1_760' title='bbox 3381 3017 3655 3073; x_wconf 87' lang='lat' dir='ltr'><strong>arborum-</strong></span> 
     </span>
    </p>
   </div>
   <div class='ocr_carea' id='block_1_92' title="bbox 2045 3106 3634 3180">
    <p class='ocr_par' dir='ltr' id='par_1_92' title="bbox 2045 3106 3634 3180">
     <span class='ocr_line' id='line_1_92' title="bbox 2045 3106 3634 3180; baseline 0.001 -20"><span class='ocrx_word' id='word_1_761' title='bbox 2045 3106 2268 3171; x_wconf 85' lang='lat' dir='ltr'><strong>fruetus,</strong></span> <span class='ocrx_word' id='word_1_762' title='bbox 2297 3109 2506 3177; x_wconf 83' lang='lat' dir='ltr'><strong>aliaque</strong></span> <span class='ocrx_word' id='word_1_763' title='bbox 2535 3107 2714 3162; x_wconf 89' lang='lat' dir='ltr'><strong>omnia</strong></span> <span class='ocrx_word' id='word_1_764' title='bbox 2744 3108 2946 3178; x_wconf 80' lang='lat' dir='ltr'><strong>quibus</strong></span> <span class='ocrx_word' id='word_1_765' title='bbox 2984 3109 3130 3164; x_wconf 83' lang='lat' dir='ltr'><strong>illam</strong></span> <span class='ocrx_word' id='word_1_766' title='bbox 3167 3107 3356 3180; x_wconf 69' lang='lat' dir='ltr'><strong>Opifex</strong></span> <span class='ocrx_word' id='word_1_767' title='bbox 3394 3109 3634 3164; x_wconf 81' lang='lat' dir='ltr'><strong>ornavit:</strong></span> 
     </span>
    </p>
   </div>
   <div class='ocr_carea' id='block_1_93' title="bbox 2045 3201 3655 3270">
    <p class='ocr_par' dir='ltr' id='par_1_93' title="bbox 2045 3201 3655 3270">
     <span class='ocr_line' id='line_1_93' title="bbox 2045 3201 3655 3270; baseline 0.005 -19"><span class='ocrx_word' id='word_1_768' title='bbox 2045 3209 2268 3254; x_wconf 90' lang='lat' dir='ltr'><strong>ornatus</strong></span> <span class='ocrx_word' id='word_1_769' title='bbox 2296 3201 2490 3255; x_wconf 89' lang='lat' dir='ltr'><strong>iterum</strong></span> <span class='ocrx_word' id='word_1_770' title='bbox 2535 3201 2672 3267; x_wconf 77' lang='lat' dir='ltr'><strong>czeii,</strong></span> <span class='ocrx_word' id='word_1_771' title='bbox 2723 3203 2825 3269; x_wconf 89' lang='lat' dir='ltr'><strong>sol,</strong></span> <span class='ocrx_word' id='word_1_772' title='bbox 2871 3202 3017 3269; x_wconf 87' lang='lat' dir='ltr'><strong>luna,</strong></span> <span class='ocrx_word' id='word_1_773' title='bbox 3063 3203 3337 3258; x_wconf 78' lang='lat' dir='ltr'><strong>Stellarum</strong></span> <span class='ocrx_word' id='word_1_774' title='bbox 3385 3205 3655 3270; x_wconf 73' lang='lat' dir='ltr'><strong>varietas,.-</strong></span> 
     </span>
    </p>
   </div>
   <div class='ocr_carea' id='block_1_94' title="bbox 2045 3293 3648 3363">
    <p class='ocr_par' dir='ltr' id='par_1_94' title="bbox 2045 3293 3648 3363">
     <span class='ocr_line' id='line_1_94' title="bbox 2045 3293 3648 3363; baseline 0.002 -19"><span class='ocrx_word' id='word_1_775' title='bbox 2045 3305 2413 3363; x_wconf 69' lang='lat' dir='ltr'><strong>creatnrmqne</strong></span> <span class='ocrx_word' id='word_1_776' title='bbox 2477 3308 2664 3348; x_wconf 82' lang='lat' dir='ltr'><strong>omnes</strong></span> <span class='ocrx_word' id='word_1_777' title='bbox 2712 3293 3063 3349; x_wconf 66' lang='lat' dir='ltr'><strong>intermediat.</strong></span> <span class='ocrx_word' id='word_1_778' title='bbox 3127 3293 3195 3349; x_wconf 86' lang='lat' dir='ltr'><strong>Et</strong></span> <span class='ocrx_word' id='word_1_779' title='bbox 3244 3294 3441 3349; x_wconf 78' lang='lat' dir='ltr'><strong>idcirco</strong></span> <span class='ocrx_word' id='word_1_780' title='bbox 3485 3308 3648 3348; x_wconf 81' lang='lat' dir='ltr'><strong>sacra.-</strong></span> 
     </span>
    </p>
   </div>
   <div class='ocr_carea' id='block_1_95' title="bbox 2048 3383 3652 3455">
    <p class='ocr_par' dir='ltr' id='par_1_95' title="bbox 2048 3383 3652 3455">
     <span class='ocr_line' id='line_1_95' title="bbox 2048 3383 3652 3455; baseline 0.001 -16"><span class='ocrx_word' id='word_1_781' title='bbox 2048 3383 2320 3455; x_wconf 82' lang='lat' dir='ltr'><strong>Scriptura</strong></span> <span class='ocrx_word' id='word_1_782' title='bbox 2367 3385 2556 3438; x_wconf 71' lang='lat' dir='ltr'><strong>cmlum</strong></span> <span class='ocrx_word' id='word_1_783' title='bbox 2598 3393 2906 3455; x_wconf 71' lang='lat' dir='ltr'><strong>terramque</strong></span> <span class='ocrx_word' id='word_1_784' title='bbox 2947 3400 3447 3451; x_wconf 82' lang='lat' dir='ltr'><strong>commmcmorans,</strong></span> <span class='ocrx_word' id='word_1_785' title='bbox 3477 3399 3652 3440; x_wconf 72' lang='lat' dir='ltr'><strong>omne</strong></span> 
     </span>
    </p>
   </div>
   <div class='ocr_carea' id='block_1_96' title="bbox 2050 3476 3654 3548">
    <p class='ocr_par' dir='ltr' id='par_1_96' title="bbox 2050 3476 3654 3548">
     <span class='ocr_line' id='line_1_96' title="bbox 2050 3476 3654 3548; baseline -0.001 -16"><span class='ocrx_word' id='word_1_786' title='bbox 2050 3477 2142 3532; x_wconf 89' lang='lat' dir='ltr'><strong>Dei</strong></span> <span class='ocrx_word' id='word_1_787' title='bbox 2178 3477 2448 3546; x_wconf 78' lang='lat' dir='ltr'><strong>opificium</strong></span> <span class='ocrx_word' id='word_1_788' title='bbox 2481 3493 2574 3548; x_wconf 89' lang='lat' dir='ltr'><strong>per</strong></span> <span class='ocrx_word' id='word_1_789' title='bbox 2604 3479 2717 3532; x_wconf 65' lang='lat' dir='ltr'><strong>haec</strong></span> <span class='ocrx_word' id='word_1_790' title='bbox 2747 3477 3011 3532; x_wconf 82' lang='lat' dir='ltr'><strong>elementa</strong></span> <span class='ocrx_word' id='word_1_791' title='bbox 3051 3477 3328 3546; x_wconf 78' lang='lat' dir='ltr'><strong>complexa</strong></span> <span class='ocrx_word' id='word_1_792' title='bbox 3361 3487 3462 3532; x_wconf 89' lang='lat' dir='ltr'><strong>est.</strong></span> <span class='ocrx_word' id='word_1_793' title='bbox 3491 3476 3546 3530; x_wconf 74' lang='grc'><strong>2.</strong></span> <span class='ocrx_word' id='word_1_794' title='bbox 3576 3477 3654 3531; x_wconf 55' lang='lat' dir='ltr'><strong>Et:</strong></span> 
     </span>
    </p>
   </div>
   <div class='ocr_carea' id='block_1_97' title="bbox 2050 3569 3648 3641">
    <p class='ocr_par' dir='ltr' id='par_1_97' title="bbox 2050 3569 3648 3641">
     <span class='ocr_line' id='line_1_97' title="bbox 2050 3569 3648 3641; baseline -0.001 -17"><span class='ocrx_word' id='word_1_795' title='bbox 2050 3571 2279 3641; x_wconf 69' lang='lat' dir='ltr'><strong>perfecit,</strong></span> <span class='ocrx_word' id='word_1_796' title='bbox 2309 3570 2498 3640; x_wconf 86' lang='lat' dir='ltr'><strong>inquit,</strong></span> <span class='ocrx_word' id='word_1_797' title='bbox 2531 3569 2670 3626; x_wconf 85' lang='lat' dir='ltr'><strong>Deus</strong></span> <span class='ocrx_word' id='word_1_798' title='bbox 2715 3571 2797 3624; x_wconf 86' lang='lat' dir='ltr'><strong>die</strong></span> <span class='ocrx_word' id='word_1_799' title='bbox 2839 3581 2980 3625; x_wconf 74' lang='lat' dir='ltr'><strong>sexto</strong></span> <span class='ocrx_word' id='word_1_800' title='bbox 3013 3586 3164 3640; x_wconf 80' lang='lat' dir='ltr'><strong>Opera</strong></span> <span class='ocrx_word' id='word_1_801' title='bbox 3210 3587 3302 3624; x_wconf 83' lang='lat' dir='ltr'><strong>sua</strong></span> <span class='ocrx_word' id='word_1_802' title='bbox 3348 3585 3462 3640; x_wconf 70' lang='lat' dir='ltr'><strong>qua:</strong></span> <span class='ocrx_word' id='word_1_803' title='bbox 3501 3571 3648 3641; x_wconf 64' lang='lat' dir='ltr'><strong>fecit-</strong></span> 
     </span>
    </p>
   </div>
   <div class='ocr_carea' id='block_1_98' title="bbox 2049 3659 3648 3729">
    <p class='ocr_par' dir='ltr' id='par_1_98' title="bbox 2049 3659 3648 3729">
     <span class='ocr_line' id='line_1_98' title="bbox 2049 3659 3648 3729; baseline 0 -15"><span class='ocrx_word' id='word_1_804' title='bbox 2049 3659 2342 3714; x_wconf 75' lang='lat' dir='ltr'><strong>Considera</strong></span> <span class='ocrx_word' id='word_1_805' title='bbox 2393 3659 2662 3729; x_wconf 86' lang='lat' dir='ltr'><strong>quomodo</strong></span> <span class='ocrx_word' id='word_1_806' title='bbox 2707 3661 2877 3716; x_wconf 88' lang='lat' dir='ltr'><strong>semel</strong></span> <span class='ocrx_word' id='word_1_807' title='bbox 2905 3671 2960 3717; x_wconf 88' lang='lat' dir='ltr'><strong>et</strong></span> <span class='ocrx_word' id='word_1_808' title='bbox 3007 3662 3198 3715; x_wconf 89' lang='lat' dir='ltr'><strong>iterum</strong></span> <span class='ocrx_word' id='word_1_809' title='bbox 3232 3660 3370 3715; x_wconf 81' lang='lat' dir='ltr'><strong>idem</strong></span> <span class='ocrx_word' id='word_1_810' title='bbox 3401 3660 3549 3727; x_wconf 89' lang='lat' dir='ltr'><strong>dicit,</strong></span> <span class='ocrx_word' id='word_1_811' title='bbox 3585 3669 3648 3714; x_wconf 85' lang='lat' dir='ltr'><strong>ut</strong></span> 
     </span>
    </p>
   </div>
   <div class='ocr_carea' id='block_1_99' title="bbox 2049 3752 3639 3808">
    <p class='ocr_par' dir='ltr' id='par_1_99' title="bbox 2049 3752 3639 3808">
     <span class='ocr_line' id='line_1_99' title="bbox 2049 3752 3639 3808; baseline 0 -2"><span class='ocrx_word' id='word_1_812' title='bbox 2049 3752 2321 3806; x_wconf 81' lang='lat' dir='ltr'><strong>discamus</strong></span> <span class='ocrx_word' id='word_1_813' title='bbox 2369 3753 2507 3806; x_wconf 88' lang='lat' dir='ltr'><strong>intra</strong></span> <span class='ocrx_word' id='word_1_814' title='bbox 2537 3757 2744 3806; x_wconf 78' lang='lat' dir='ltr'><strong>sextum</strong></span> <span class='ocrx_word' id='word_1_815' title='bbox 2783 3752 2923 3808; x_wconf 88' lang='lat' dir='ltr'><strong>diem</strong></span> <span class='ocrx_word' id='word_1_816' title='bbox 2963 3753 3202 3807; x_wconf 82' lang='lat' dir='ltr'><strong>absoluta</strong></span> <span class='ocrx_word' id='word_1_817' title='bbox 3246 3752 3410 3808; x_wconf 71' lang='lat' dir='ltr'><strong>finisse</strong></span> <span class='ocrx_word' id='word_1_818' title='bbox 3439 3754 3639 3808; x_wconf 85' lang='lat' dir='ltr'><strong>omnia.</strong></span> 
     </span>
    </p>
   </div>
   <div class='ocr_carea' id='block_1_100' title="bbox 2053 3845 3652 3916">
    <p class='ocr_par' dir='ltr' id='par_1_100' title="bbox 2053 3845 3652 3916">
     <span class='ocr_line' id='line_1_100' title="bbox 2053 3845 3652 3916; baseline -0.001 -16"><span class='ocrx_word' id='word_1_819' title='bbox 2053 3845 2274 3914; x_wconf 74' lang='lat' dir='ltr'><strong>Perfecit</strong></span> <span class='ocrx_word' id='word_1_820' title='bbox 2305 3845 2470 3910; x_wconf 91' lang='lat' dir='ltr'><strong>enim,</strong></span> <span class='ocrx_word' id='word_1_821' title='bbox 2506 3845 2697 3914; x_wconf 87' lang='lat' dir='ltr'><strong>inquit,</strong></span> <span class='ocrx_word' id='word_1_822' title='bbox 2727 3845 2810 3899; x_wconf 81' lang='lat' dir='ltr'><strong>die</strong></span> <span class='ocrx_word' id='word_1_823' title='bbox 2847 3855 2987 3900; x_wconf 76' lang='lat' dir='ltr'><strong>sexto</strong></span> <span class='ocrx_word' id='word_1_824' title='bbox 3037 3859 3190 3913; x_wconf 79' lang='lat' dir='ltr'><strong>opera</strong></span> <span class='ocrx_word' id='word_1_825' title='bbox 3234 3861 3329 3898; x_wconf 86' lang='lat' dir='ltr'><strong>sua</strong></span> <span class='ocrx_word' id='word_1_826' title='bbox 3366 3861 3478 3916; x_wconf 79' lang='lat' dir='ltr'><strong>qua:</strong></span> <span class='ocrx_word' id='word_1_827' title='bbox 3505 3848 3652 3916; x_wconf 68' lang='lat' dir='ltr'><strong>fecit,</strong></span> 
     </span>
    </p>
   </div>
   <div class='ocr_carea' id='block_1_101' title="bbox 2052 3935 3661 4008">
    <p class='ocr_par' dir='ltr' id='par_1_101' title="bbox 2052 3935 3661 4008">
     <span class='ocr_line' id='line_1_101' title="bbox 2052 3935 3661 4008; baseline -0.001 -16"><span class='ocrx_word' id='word_1_828' title='bbox 2052 3949 2098 3992; x_wconf 80' lang='lat' dir='ltr'><strong>et</strong></span> <span class='ocrx_word' id='word_1_829' title='bbox 2126 3939 2363 4003; x_wconf 72' lang='lat' dir='ltr'><strong>requievit</strong></span> <span class='ocrx_word' id='word_1_830' title='bbox 2403 3937 2485 3991; x_wconf 81' lang='lat' dir='ltr'><strong>die</strong></span> <span class='ocrx_word' id='word_1_831' title='bbox 2530 3938 2743 4008; x_wconf 83' lang='lat' dir='ltr'><strong>septimo</strong></span> <span class='ocrx_word' id='word_1_832' title='bbox 2769 3935 2831 3991; x_wconf 87' lang='lat' dir='ltr'><strong>ab</strong></span> <span class='ocrx_word' id='word_1_833' title='bbox 2874 3937 3105 3991; x_wconf 81' lang='lat' dir='ltr'><strong>untnibus</strong></span> <span class='ocrx_word' id='word_1_834' title='bbox 3136 3937 3370 4004; x_wconf 78' lang='lat' dir='ltr'><strong>operibus</strong></span> <span class='ocrx_word' id='word_1_835' title='bbox 3398 3939 3503 3991; x_wconf 80' lang='lat' dir='ltr'><strong>suis</strong></span> <span class='ocrx_word' id='word_1_836' title='bbox 3530 3952 3661 4006; x_wconf 58' lang='lat' dir='ltr'><strong>qua:-</strong></span> 
     </span>
    </p>
   </div>
   <div class='ocr_carea' id='block_1_102' title="bbox 2052 4029 3646 4104">
    <p class='ocr_par' dir='ltr' id='par_1_102' title="bbox 2052 4029 3646 4104">
     <span class='ocr_line' id='line_1_102' title="bbox 2052 4029 3646 4104; baseline -0.002 -17"><span class='ocrx_word' id='word_1_837' title='bbox 2052 4034 2192 4104; x_wconf 80' lang='lat' dir='ltr'><strong>fecit.</strong></span> <span class='ocrx_word' id='word_1_838' title='bbox 2223 4033 2360 4100; x_wconf 82' lang='lat' dir='ltr'><strong>Quid</strong></span> <span class='ocrx_word' id='word_1_839' title='bbox 2387 4039 2469 4088; x_wconf 84' lang='lat' dir='ltr'><strong>est</strong></span> <span class='ocrx_word' id='word_1_840' title='bbox 2496 4032 2641 4102; x_wconf 71' lang='lat' dir='ltr'><strong>â€œqvod</strong></span> <span class='ocrx_word' id='word_1_841' title='bbox 2684 4029 2813 4087; x_wconf 81' lang='lat' dir='ltr'><strong>dicit</strong></span> <span class='ocrx_word' id='word_1_842' title='bbox 2841 4047 2856 4085; x_wconf 74' lang='grc' dir='ltr'>Îµ</span> <span class='ocrx_word' id='word_1_843' title='bbox 2891 4029 2958 4084; x_wconf 82' lang='lat' dir='ltr'><strong>Et</strong></span> <span class='ocrx_word' id='word_1_844' title='bbox 2989 4031 3222 4100; x_wconf 75' lang='lat' dir='ltr'><strong>requievit</strong></span> <span class='ocrx_word' id='word_1_845' title='bbox 3263 4030 3400 4086; x_wconf 82' lang='lat' dir='ltr'><strong>Dens</strong></span> <span class='ocrx_word' id='word_1_846' title='bbox 3443 4031 3526 4084; x_wconf 73' lang='lat' dir='ltr'><strong>die</strong></span> <span class='ocrx_word' id='word_1_847' title='bbox 3562 4046 3646 4084; x_wconf 82' lang='lat' dir='ltr'><strong>se-</strong></span> 
     </span>
    </p>
   </div>
   <div class='ocr_carea' id='block_1_103' title="bbox 2054 4121 3644 4197">
    <p class='ocr_par' dir='ltr' id='par_1_103' title="bbox 2054 4121 3644 4197">
     <span class='ocr_line' id='line_1_103' title="bbox 2054 4121 3644 4197; baseline -0.003 -19"><span class='ocrx_word' id='word_1_848' title='bbox 2054 4125 2210 4197; x_wconf 80' lang='lat' dir='ltr'><strong>ptimo</strong></span> <span class='ocrx_word' id='word_1_849' title='bbox 2240 4126 2303 4179; x_wconf 88' lang='lat' dir='ltr'><strong>ab</strong></span> <span class='ocrx_word' id='word_1_850' title='bbox 2346 4123 2582 4194; x_wconf 75' lang='lat' dir='ltr'><strong>operibus</strong></span> <span class='ocrx_word' id='word_1_851' title='bbox 2605 4124 2712 4178; x_wconf 84' lang='lat' dir='ltr'><strong>suis</strong></span> <span class='ocrx_word' id='word_1_852' title='bbox 2751 4135 2863 4193; x_wconf 77' lang='lat' dir='ltr'><strong>qua:</strong></span> <span class='ocrx_word' id='word_1_853' title='bbox 2890 4122 3047 4192; x_wconf 82' lang='lat' dir='ltr'><strong>fecit?</strong></span> <span class='ocrx_word' id='word_1_854' title='bbox 3076 4121 3209 4177; x_wconf 73' lang='lat' dir='ltr'><strong>Vide</strong></span> <span class='ocrx_word' id='word_1_855' title='bbox 3245 4121 3514 4192; x_wconf 75' lang='lat' dir='ltr'><strong>quomodo</strong></span> <span class='ocrx_word' id='word_1_856' title='bbox 3543 4123 3644 4175; x_wconf 80' lang='lat' dir='ltr'><strong>htt-</strong></span> 
     </span>
    </p>
   </div>
   <div class='ocr_carea' id='block_1_104' title="bbox 2055 4215 3658 4287">
    <p class='ocr_par' dir='ltr' id='par_1_104' title="bbox 2055 4215 3658 4287">
     <span class='ocr_line' id='line_1_104' title="bbox 2055 4215 3658 4287; baseline -0.002 -15"><span class='ocrx_word' id='word_1_857' title='bbox 2055 4233 2215 4273; x_wconf 90' lang='lat' dir='ltr'><strong>mano</strong></span> <span class='ocrx_word' id='word_1_858' title='bbox 2251 4217 2422 4284; x_wconf 88' lang='lat' dir='ltr'><strong>more,</strong></span> <span class='ocrx_word' id='word_1_859' title='bbox 2449 4219 2502 4273; x_wconf 82' lang='lat' dir='ltr'><strong>et</strong></span> <span class='ocrx_word' id='word_1_860' title='bbox 2541 4216 2772 4287; x_wconf 87' lang='lat' dir='ltr'><strong>quadam</strong></span> <span class='ocrx_word' id='word_1_861' title='bbox 2819 4216 3262 4285; x_wconf 82' lang='lat' dir='ltr'><strong>attemperatione</strong></span> <span class='ocrx_word' id='word_1_862' title='bbox 3289 4215 3355 4269; x_wconf 86' lang='lat' dir='ltr'><strong>ad</strong></span> <span class='ocrx_word' id='word_1_863' title='bbox 3406 4219 3658 4268; x_wconf 84' lang='lat' dir='ltr'><strong>nostram-</strong></span> 
     </span>
    </p>
   </div>
   <div class='ocr_carea' id='block_1_105' title="bbox 2056 4305 3650 4377">
    <p class='ocr_par' dir='ltr' id='par_1_105' title="bbox 2056 4305 3650 4377">
     <span class='ocr_line' id='line_1_105' title="bbox 2056 4305 3650 4377; baseline -0.003 -11"><span class='ocrx_word' id='word_1_864' title='bbox 2056 4309 2474 4367; x_wconf 86' lang='lat' dir='ltr'><strong>imbecillitatem</strong></span> <span class='ocrx_word' id='word_1_865' title='bbox 2501 4308 2678 4364; x_wconf 48' lang='lat' dir='ltr'><strong>diuina</strong></span> <span class='ocrx_word' id='word_1_866' title='bbox 2703 4307 2977 4377; x_wconf 78' lang='lat' dir='ltr'><strong>Scriptura</strong></span> <span class='ocrx_word' id='word_1_867' title='bbox 3006 4309 3184 4362; x_wconf 85' lang='lat' dir='ltr'><strong>omnia</strong></span> <span class='ocrx_word' id='word_1_868' title='bbox 3213 4308 3490 4377; x_wconf 81' lang='lat' dir='ltr'><strong>loquatur:</strong></span> <span class='ocrx_word' id='word_1_869' title='bbox 3513 4305 3650 4362; x_wconf 85' lang='lat' dir='ltr'><strong>alio-</strong></span> 
     </span>
    </p>
   </div>
   <div class='ocr_carea' id='block_1_106' title="bbox 2055 4402 3664 4476">
    <p class='ocr_par' dir='ltr' id='par_1_106' title="bbox 2055 4402 3664 4476">
     <span class='ocr_line' id='line_1_106' title="bbox 2055 4402 3664 4476; baseline -0.002 -17"><span class='ocrx_word' id='word_1_870' title='bbox 2055 4405 2166 4476; x_wconf 91' lang='lat' dir='ltr'><strong>qui,</strong></span> <span class='ocrx_word' id='word_1_871' title='bbox 2215 4405 2318 4459; x_wconf 87' lang='lat' dir='ltr'><strong>nisi</strong></span> <span class='ocrx_word' id='word_1_872' title='bbox 2364 4402 2465 4459; x_wconf 79' lang='lat' dir='ltr'><strong>liae</strong></span> <span class='ocrx_word' id='word_1_873' title='bbox 2505 4404 2712 4459; x_wconf 87' lang='lat' dir='ltr'><strong>ratione</strong></span> <span class='ocrx_word' id='word_1_874' title='bbox 2753 4419 2847 4458; x_wconf 90' lang='lat' dir='ltr'><strong>usa</strong></span> <span class='ocrx_word' id='word_1_875' title='bbox 2878 4402 3086 4466; x_wconf 80' lang='lat' dir='ltr'><strong>fuisset,</strong></span> <span class='ocrx_word' id='word_1_876' title='bbox 3133 4406 3240 4455; x_wconf 80' lang='lat' dir='ltr'><strong>neu</strong></span> <span class='ocrx_word' id='word_1_877' title='bbox 3284 4402 3664 4471; x_wconf 68' lang='lat' dir='ltr'><strong>potuissemus</strong></span> 
     </span>
    </p>
   </div>
   <div class='ocr_carea' id='block_1_107' title="bbox 2058 4489 3660 4568">
    <p class='ocr_par' dir='ltr' id='par_1_107' title="bbox 2058 4489 3660 4568">
     <span class='ocr_line' id='line_1_107' title="bbox 2058 4489 3660 4568; baseline -0.006 -15"><span class='ocrx_word' id='word_1_878' title='bbox 2058 4495 2258 4568; x_wconf 84' lang='lat' dir='ltr'><strong>aliquid</strong></span> <span class='ocrx_word' id='word_1_879' title='bbox 2289 4496 2552 4552; x_wconf 83' lang='lat' dir='ltr'><strong>dictorum</strong></span> <span class='ocrx_word' id='word_1_880' title='bbox 2580 4494 2699 4566; x_wconf 80' lang='lat' dir='ltr'><strong>ejus</strong></span> <span class='ocrx_word' id='word_1_881' title='bbox 2721 4493 3038 4564; x_wconf 77' lang='lat' dir='ltr'><strong>intelligere.</strong></span> <span class='ocrx_word' id='word_1_882' title='bbox 3076 4489 3143 4546; x_wconf 84' lang='lat' dir='ltr'><strong>Et</strong></span> <span class='ocrx_word' id='word_1_883' title='bbox 3166 4493 3424 4563; x_wconf 68' lang='lat' dir='ltr'><strong>requievit,</strong></span> <span class='ocrx_word' id='word_1_884' title='bbox 3454 4490 3660 4560; x_wconf 61' lang='lat' dir='ltr'><strong>inquit,</strong></span> 
     </span>
    </p>
   </div>
   <div class='ocr_carea' id='block_1_108' title="bbox 2057 4581 3660 4657">
    <p class='ocr_par' dir='ltr' id='par_1_108' title="bbox 2057 4581 3660 4657">
     <span class='ocr_line' id='line_1_108' title="bbox 2057 4581 3660 4657; baseline -0.009 -14"><span class='ocrx_word' id='word_1_885' title='bbox 2057 4589 2196 4643; x_wconf 82' lang='lat' dir='ltr'><strong>Deus</strong></span> <span class='ocrx_word' id='word_1_886' title='bbox 2224 4587 2307 4642; x_wconf 83' lang='lat' dir='ltr'><strong>die</strong></span> <span class='ocrx_word' id='word_1_887' title='bbox 2330 4587 2546 4657; x_wconf 76' lang='lat' dir='ltr'><strong>septimo</strong></span> <span class='ocrx_word' id='word_1_888' title='bbox 2582 4586 2646 4640; x_wconf 84' lang='lat' dir='ltr'><strong>ab</strong></span> <span class='ocrx_word' id='word_1_889' title='bbox 2672 4584 2901 4639; x_wconf 75' lang='lat' dir='ltr'><strong>munibus</strong></span> <span class='ocrx_word' id='word_1_890' title='bbox 2945 4583 3177 4653; x_wconf 73' lang='lat' dir='ltr'><strong>operibus</strong></span> <span class='ocrx_word' id='word_1_891' title='bbox 3204 4583 3308 4637; x_wconf 83' lang='lat' dir='ltr'><strong>suis</strong></span> <span class='ocrx_word' id='word_1_892' title='bbox 3351 4593 3466 4648; x_wconf 71' lang='lat' dir='ltr'><strong>qua!</strong></span> <span class='ocrx_word' id='word_1_893' title='bbox 3505 4581 3660 4650; x_wconf 66' lang='grc' dir='ltr'><strong>[á¼Î¹-á¼£..</strong></span> 
     </span>
    </p>
   </div>
   <div class='ocr_carea' id='block_1_109' title="bbox 2056 4671 3648 4751">
    <p class='ocr_par' dir='ltr' id='par_1_109' title="bbox 2056 4671 3648 4751">
     <span class='ocr_line' id='line_1_109' title="bbox 2056 4671 3648 4751; baseline -0.005 -14"><span class='ocrx_word' id='word_1_894' title='bbox 2056 4681 2327 4746; x_wconf 83' lang='lat' dir='ltr'><strong>Substitit,</strong></span> <span class='ocrx_word' id='word_1_895' title='bbox 2342 4681 2537 4751; x_wconf 90' lang='lat' dir='ltr'><strong>inquit,</strong></span> <span class='ocrx_word' id='word_1_896' title='bbox 2554 4688 2606 4735; x_wconf 87' lang='lat' dir='ltr'><strong>et</strong></span> <span class='ocrx_word' id='word_1_897' title='bbox 2625 4679 2854 4734; x_wconf 80' lang='lat' dir='ltr'><strong>cessavit</strong></span> <span class='ocrx_word' id='word_1_898' title='bbox 2882 4693 2912 4731; x_wconf 87' lang='lat' dir='ltr'><strong>a</strong></span> <span class='ocrx_word' id='word_1_899' title='bbox 2939 4675 3231 4732; x_wconf 88' lang='lat' dir='ltr'><strong>formandis</strong></span> <span class='ocrx_word' id='word_1_900' title='bbox 3257 4671 3648 4747; x_wconf 80' lang='lat' dir='ltr'><strong>producendis-</strong></span> 
     </span>
    </p>
   </div>
   <div class='ocr_carea' id='block_1_110' title="bbox 2057 4769 3649 4845">
    <p class='ocr_par' dir='ltr' id='par_1_110' title="bbox 2057 4769 3649 4845">
     <span class='ocr_line' id='line_1_110' title="bbox 2057 4769 3649 4845; baseline -0.006 -14"><span class='ocrx_word' id='word_1_901' title='bbox 2057 4775 2162 4845; x_wconf 76' lang='lat' dir='ltr'><strong>qu&#39;e</strong></span> <span class='ocrx_word' id='word_1_902' title='bbox 2185 4775 2252 4831; x_wconf 80' lang='lat' dir='ltr'><strong>e&#39;x</strong></span> <span class='ocrx_word' id='word_1_903' title='bbox 2281 4772 2451 4827; x_wconf 83' lang='lat' dir='ltr'><strong>nihilo</strong></span> <span class='ocrx_word' id='word_1_904' title='bbox 2477 4773 2658 4828; x_wconf 86' lang='lat' dir='ltr'><strong>rebus.</strong></span> <span class='ocrx_word' id='word_1_905' title='bbox 2675 4769 2865 4827; x_wconf 85' lang='lat' dir='ltr'><strong>Omnia</strong></span> <span class='ocrx_word' id='word_1_906' title='bbox 2886 4769 3028 4825; x_wconf 90' lang='lat' dir='ltr'><strong>enim</strong></span> <span class='ocrx_word' id='word_1_907' title='bbox 3055 4783 3407 4839; x_wconf 70' lang='lat' dir='ltr'><strong>qumcumque</strong></span> <span class='ocrx_word' id='word_1_908' title='bbox 3431 4772 3649 4836; x_wconf 73' lang='grc' dir='ltr'><strong>Î¸ÏÎ¿Î·Î¸-</strong></span> 
     </span>
    </p>
   </div>
   <div class='ocr_carea' id='block_1_111' title="bbox 2059 4859 3650 4936">
    <p class='ocr_par' dir='ltr' id='par_1_111' title="bbox 2059 4859 3650 4936">
     <span class='ocr_line' id='line_1_111' title="bbox 2059 4859 3650 4936; baseline -0.007 -15"><span class='ocrx_word' id='word_1_909' title='bbox 2059 4865 2150 4921; x_wconf 80' lang='lat' dir='ltr'><strong>bat</strong></span> <span class='ocrx_word' id='word_1_910' title='bbox 2177 4861 2524 4936; x_wconf 69' lang='lat' dir='ltr'><strong>produxerat,</strong></span> <span class='ocrx_word' id='word_1_911' title='bbox 2555 4871 2612 4917; x_wconf 88' lang='lat' dir='ltr'><strong>et</strong></span> <span class='ocrx_word' id='word_1_912' title='bbox 2628 4875 2752 4917; x_wconf 89' lang='lat' dir='ltr'><strong>eum</strong></span> <span class='ocrx_word' id='word_1_913' title='bbox 2777 4859 2873 4931; x_wconf 82' lang='lat' dir='ltr'><strong>qui</strong></span> <span class='ocrx_word' id='word_1_914' title='bbox 2899 4859 2982 4915; x_wconf 90' lang='lat' dir='ltr'><strong>bis</strong></span> <span class='ocrx_word' id='word_1_915' title='bbox 3021 4859 3280 4914; x_wconf 85' lang='lat' dir='ltr'><strong>fruiturus</strong></span> <span class='ocrx_word' id='word_1_916' title='bbox 3308 4867 3423 4914; x_wconf 89' lang='lat' dir='ltr'><strong>erat</strong></span> <span class='ocrx_word' id='word_1_917' title='bbox 3450 4859 3650 4912; x_wconf 83' lang='lat' dir='ltr'><strong>forma-</strong></span> 
     </span>
    </p>
   </div>
   <div class='ocr_carea' id='block_1_112' title="bbox 2059 4953 3650 5025">
    <p class='ocr_par' dir='ltr' id='par_1_112' title="bbox 2059 4953 3650 5025">
     <span class='ocr_line' id='line_1_112' title="bbox 2059 4953 3650 5025; baseline -0.006 -9"><span class='ocrx_word' id='word_1_918' title='bbox 2059 4964 2228 5016; x_wconf 77' lang='lat' dir='ltr'><strong>verat.</strong></span> <span class='ocrx_word' id='word_1_919' title='bbox 2259 4959 2314 5015; x_wconf 81' lang='grc'><strong>5.</strong></span> <span class='ocrx_word' id='word_1_920' title='bbox 2342 4956 2404 5014; x_wconf 83' lang='lat' dir='ltr'><strong>Et</strong></span> <span class='ocrx_word' id='word_1_921' title='bbox 2427 4957 2702 5024; x_wconf 75' lang='lat' dir='ltr'><strong>benedixit,</strong></span> <span class='ocrx_word' id='word_1_922' title='bbox 2744 4955 2938 5025; x_wconf 84' lang='lat' dir='ltr'><strong>inquit,</strong></span> <span class='ocrx_word' id='word_1_923' title='bbox 2969 4954 3102 5008; x_wconf 83' lang='lat' dir='ltr'><strong>Deus</strong></span> <span class='ocrx_word' id='word_1_924' title='bbox 3125 4954 3256 5007; x_wconf 79' lang='lat' dir='ltr'><strong>diem</strong></span> <span class='ocrx_word' id='word_1_925' title='bbox 3281 4953 3574 5023; x_wconf 83' lang='lat' dir='ltr'><strong>septimum,</strong></span> <span class='ocrx_word' id='word_1_926' title='bbox 3601 4961 3650 5006; x_wconf 85' lang='lat' dir='ltr'><strong>et</strong></span> 
     </span>
    </p>
   </div>
   <div class='ocr_carea' id='block_1_113' title="bbox 2058 5045 3653 5121">
    <p class='ocr_par' dir='ltr' id='par_1_113' title="bbox 2058 5045 3653 5121">
     <span class='ocr_line' id='line_1_113' title="bbox 2058 5045 3653 5121; baseline -0.006 -13"><span class='ocrx_word' id='word_1_927' title='bbox 2058 5047 2389 5121; x_wconf 70' lang='lat' dir='ltr'><strong>sancti/ienuit</strong></span> <span class='ocrx_word' id='word_1_928' title='bbox 2433 5050 2600 5115; x_wconf 78' lang='lat' dir='ltr'><strong>illum,</strong></span> <span class='ocrx_word' id='word_1_929' title='bbox 2644 5049 2764 5120; x_wconf 81' lang='lat' dir='ltr'><strong>quia</strong></span> <span class='ocrx_word' id='word_1_930' title='bbox 2803 5049 2857 5101; x_wconf 85' lang='lat' dir='ltr'><strong>in</strong></span> <span class='ocrx_word' id='word_1_931' title='bbox 2902 5047 2994 5101; x_wconf 86' lang='lat' dir='ltr'><strong>illo</strong></span> <span class='ocrx_word' id='word_1_932' title='bbox 3039 5047 3280 5118; x_wconf 78' lang='lat' dir='ltr'><strong>requievit</strong></span> <span class='ocrx_word' id='word_1_933' title='bbox 3316 5046 3383 5098; x_wconf 82' lang='lat' dir='ltr'><strong>ab</strong></span> <span class='ocrx_word' id='word_1_934' title='bbox 3419 5045 3653 5098; x_wconf 78' lang='lat' dir='ltr'><strong>omnibus</strong></span> 
     </span>
    </p>
   </div>
   <div class='ocr_carea' id='block_1_114' title="bbox 2059 5134 3650 5214">
    <p class='ocr_par' dir='ltr' id='par_1_114' title="bbox 2059 5134 3650 5214">
     <span class='ocr_line' id='line_1_114' title="bbox 2059 5134 3650 5214; baseline -0.007 -16"><span class='ocrx_word' id='word_1_935' title='bbox 2059 5141 2294 5214; x_wconf 63' lang='lat' dir='ltr'><strong>operibus</strong></span> <span class='ocrx_word' id='word_1_936' title='bbox 2321 5140 2426 5196; x_wconf 77' lang='lat' dir='ltr'><strong>suis</strong></span> <span class='ocrx_word' id='word_1_937' title='bbox 2447 5153 2562 5212; x_wconf 69' lang='lat' dir='ltr'><strong>quae</strong></span> <span class='ocrx_word' id='word_1_938' title='bbox 2584 5137 2804 5210; x_wconf 73' lang='lat' dir='ltr'><strong>mperat</strong></span> <span class='ocrx_word' id='word_1_939' title='bbox 2825 5137 2969 5192; x_wconf 73' lang='lat' dir='ltr'><strong>Deus</strong></span> <span class='ocrx_word' id='word_1_940' title='bbox 2998 5137 3184 5208; x_wconf 71' lang='lat' dir='ltr'><strong>facere.</strong></span> <span class='ocrx_word' id='word_1_941' title='bbox 3204 5134 3336 5190; x_wconf 82' lang='lat' dir='ltr'><strong>Nam</strong></span> <span class='ocrx_word' id='word_1_942' title='bbox 3368 5144 3650 5206; x_wconf 86' lang='lat' dir='ltr'><strong>postquam</strong></span> 
     </span>
    </p>
   </div>
   <div class='ocr_carea' id='block_1_115' title="bbox 2062 5227 3654 5305">
    <p class='ocr_par' dir='ltr' id='par_1_115' title="bbox 2062 5227 3654 5305">
     <span class='ocr_line' id='line_1_115' title="bbox 2062 5227 3654 5305; baseline -0.008 -14"><span class='ocrx_word' id='word_1_943' title='bbox 2062 5233 2298 5291; x_wconf 85' lang='lat' dir='ltr'><strong>substitit</strong></span> <span class='ocrx_word' id='word_1_944' title='bbox 2324 5233 2534 5305; x_wconf 76' lang='lat' dir='ltr'><strong>Opifex,</strong></span> <span class='ocrx_word' id='word_1_945' title='bbox 2562 5235 2622 5288; x_wconf 81' lang='lat' dir='ltr'><strong>&#39;et</strong></span> <span class='ocrx_word' id='word_1_946' title='bbox 2646 5233 2823 5287; x_wconf 85' lang='lat' dir='ltr'><strong>omnia</strong></span> <span class='ocrx_word' id='word_1_947' title='bbox 2853 5230 3204 5300; x_wconf 71' lang='lat' dir='ltr'><strong>quaecumque</strong></span> <span class='ocrx_word' id='word_1_948' title='bbox 3235 5227 3426 5291; x_wconf 71' lang='lat' dir='ltr'><strong>voluit,</strong></span> <span class='ocrx_word' id='word_1_949' title='bbox 3457 5241 3654 5282; x_wconf 85' lang='lat' dir='ltr'><strong>secun-</strong></span> 
     </span>
    </p>
   </div>
   <div class='ocr_carea' id='block_1_116' title="bbox 2061 5319 3659 5396">
    <p class='ocr_par' dir='ltr' id='par_1_116' title="bbox 2061 5319 3659 5396">
     <span class='ocr_line' id='line_1_116' title="bbox 2061 5319 3659 5396; baseline -0.007 -15"><span class='ocrx_word' id='word_1_950' title='bbox 2061 5327 2188 5381; x_wconf 87' lang='lat' dir='ltr'><strong>dum</strong></span> <span class='ocrx_word' id='word_1_951' title='bbox 2229 5320 2610 5396; x_wconf 79' lang='lat' dir='ltr'><strong>benignitatem</strong></span> <span class='ocrx_word' id='word_1_952' title='bbox 2660 5334 2812 5378; x_wconf 89' lang='lat' dir='ltr'><strong>suam</strong></span> <span class='ocrx_word' id='word_1_953' title='bbox 2853 5335 2952 5376; x_wconf 87' lang='lat' dir='ltr'><strong>suo</strong></span> <span class='ocrx_word' id='word_1_954' title='bbox 2978 5321 3248 5391; x_wconf 66' lang='lat' dir='ltr'><strong>prteeepto</strong></span> <span class='ocrx_word' id='word_1_955' title='bbox 3294 5319 3552 5389; x_wconf 81' lang='lat' dir='ltr'><strong>produxit</strong></span> <span class='ocrx_word' id='word_1_956' title='bbox 3596 5320 3659 5371; x_wconf 75' lang='lat' dir='ltr'><strong>in.</strong></span> 
     </span>
    </p>
   </div>
   <div class='ocr_carea' id='block_1_117' title="bbox 2062 5410 3655 5487">
    <p class='ocr_par' dir='ltr' id='par_1_117' title="bbox 2062 5410 3655 5487">
     <span class='ocr_line' id='line_1_117' title="bbox 2062 5410 3655 5487; baseline -0.008 -11"><span class='ocrx_word' id='word_1_957' title='bbox 2062 5414 2324 5487; x_wconf 82' lang='lat' dir='ltr'><strong>medium,</strong></span> <span class='ocrx_word' id='word_1_958' title='bbox 2353 5418 2480 5474; x_wconf 84' lang='lat' dir='ltr'><strong>tunc</strong></span> <span class='ocrx_word' id='word_1_959' title='bbox 2515 5417 2678 5472; x_wconf 81' lang='lat' dir='ltr'><strong>ï¬nem</strong></span> <span class='ocrx_word' id='word_1_960' title='bbox 2707 5413 3000 5470; x_wconf 68' lang='lat' dir='ltr'><strong>fermandiâ€˜</strong></span> <span class='ocrx_word' id='word_1_961' title='bbox 3033 5413 3158 5469; x_wconf 90' lang='lat' dir='ltr'><strong>fecit</strong></span> <span class='ocrx_word' id='word_1_962' title='bbox 3181 5411 3268 5468; x_wconf 84' lang='lat' dir='ltr'><strong>die</strong></span> <span class='ocrx_word' id='word_1_963' title='bbox 3310 5410 3496 5476; x_wconf 79' lang='lat' dir='ltr'><strong>sexto;</strong></span> <span class='ocrx_word' id='word_1_964' title='bbox 3526 5426 3655 5466; x_wconf 83' lang='lat' dir='ltr'><strong>cum</strong></span> 
     </span>
    </p>
   </div>
   <div class='ocr_carea' id='block_1_118' title="bbox 2063 5492 3657 5580">
    <p class='ocr_par' dir='ltr' id='par_1_118' title="bbox 2063 5492 3657 5580">
     <span class='ocr_line' id='line_1_118' title="bbox 2063 5492 3657 5580; baseline -0.007 -12"><span class='ocrx_word' id='word_1_965' title='bbox 2063 5512 2192 5568; x_wconf 91' lang='lat' dir='ltr'><strong>nihil</strong></span> <span class='ocrx_word' id='word_1_966' title='bbox 2235 5509 2380 5567; x_wconf 86' lang='lat' dir='ltr'><strong>aliud</strong></span> <span class='ocrx_word' id='word_1_967' title='bbox 2424 5492 2514 5567; x_wconf 84' lang='lat' dir='ltr'><strong>die</strong></span> <span class='ocrx_word' id='word_1_968' title='bbox 2554 5509 2783 5580; x_wconf 82' lang='lat' dir='ltr'><strong>septimo</strong></span> <span class='ocrx_word' id='word_1_969' title='bbox 2824 5507 3122 5579; x_wconf 87' lang='lat' dir='ltr'><strong>producere</strong></span> <span class='ocrx_word' id='word_1_970' title='bbox 3164 5505 3350 5570; x_wconf 80' lang='lat' dir='ltr'><strong>vellet,</strong></span> <span class='ocrx_word' id='word_1_971' title='bbox 3399 5509 3466 5559; x_wconf 83' lang='lat' dir='ltr'><strong>eo</strong></span> <span class='ocrx_word' id='word_1_972' title='bbox 3507 5502 3657 5575; x_wconf 80' lang='lat' dir='ltr'><strong>quod&#39;.</strong></span> 
     </span>
    </p>
   </div>
   <div class='ocr_carea' id='block_1_119' title="bbox 2062 5600 3657 5677">
    <p class='ocr_par' dir='ltr' id='par_1_119' title="bbox 2062 5600 3657 5677">
     <span class='ocr_line' id='line_1_119' title="bbox 2062 5600 3657 5677; baseline -0.006 -16"><span class='ocrx_word' id='word_1_973' title='bbox 2062 5607 2264 5673; x_wconf 89' lang='lat' dir='ltr'><strong>omnia,</strong></span> <span class='ocrx_word' id='word_1_974' title='bbox 2294 5619 2415 5677; x_wconf 67' lang='lat' dir='ltr'><strong>qua:</strong></span> <span class='ocrx_word' id='word_1_975' title='bbox 2439 5604 2619 5660; x_wconf 83' lang='lat' dir='ltr'><strong>facere</strong></span> <span class='ocrx_word' id='word_1_976' title='bbox 2641 5603 2902 5670; x_wconf 79' lang='lat' dir='ltr'><strong>voluerat,</strong></span> <span class='ocrx_word' id='word_1_977' title='bbox 2921 5601 3033 5673; x_wconf 87' lang='lat' dir='ltr'><strong>jam</strong></span> <span class='ocrx_word' id='word_1_978' title='bbox 3073 5600 3315 5673; x_wconf 86' lang='lat' dir='ltr'><strong>perfecta</strong></span> <span class='ocrx_word' id='word_1_979' title='bbox 3346 5607 3562 5655; x_wconf 86' lang='lat' dir='ltr'><strong>essent:</strong></span> <span class='ocrx_word' id='word_1_980' title='bbox 3595 5606 3657 5652; x_wconf 73' lang='lat' dir='ltr'><strong>ut</strong></span> 
     </span>
    </p>
   </div>
   <div class='ocr_carea' id='block_1_120' title="bbox 2065 5691 3659 5766">
    <p class='ocr_par' dir='ltr' id='par_1_120' title="bbox 2065 5691 3659 5766">
     <span class='ocr_line' id='line_1_120' title="bbox 2065 5691 3659 5766; baseline -0.006 -12"><span class='ocrx_word' id='word_1_981' title='bbox 2065 5699 2286 5755; x_wconf 84' lang='lat' dir='ltr'><strong>haberet</strong></span> <span class='ocrx_word' id='word_1_982' title='bbox 2320 5696 2480 5754; x_wconf 89' lang='lat' dir='ltr'><strong>etiam</strong></span> <span class='ocrx_word' id='word_1_983' title='bbox 2507 5695 2625 5752; x_wconf 87' lang='lat' dir='ltr'><strong>dies</strong></span> <span class='ocrx_word' id='word_1_984' title='bbox 2659 5695 2750 5751; x_wconf 81' lang='lat' dir='ltr'><strong>ille</strong></span> <span class='ocrx_word' id='word_1_985' title='bbox 2780 5695 3185 5766; x_wconf 70' lang='lat' dir='ltr'><strong>praerogativam</strong></span> <span class='ocrx_word' id='word_1_986' title='bbox 3214 5691 3470 5764; x_wconf 82' lang='lat' dir='ltr'><strong>aliquam,</strong></span> <span class='ocrx_word' id='word_1_987' title='bbox 3501 5699 3556 5746; x_wconf 91' lang='lat' dir='ltr'><strong>et</strong></span> <span class='ocrx_word' id='word_1_988' title='bbox 3583 5703 3659 5744; x_wconf 78' lang='lat' dir='ltr'><strong>ne</strong></span> 
     </span>
    </p>
   </div>
   <div class='ocr_carea' id='block_1_121' title="bbox 2128 5820 3654 5890">
    <p class='ocr_par' dir='ltr' id='par_1_121' title="bbox 2128 5820 3654 5890">
     <span class='ocr_line' id='line_1_121' title="bbox 2128 5820 3654 5890; baseline -0.009 -8"><span class='ocrx_word' id='word_1_989' title='bbox 2128 5835 2143 5865; x_wconf 77' lang='grc' dir='ltr'>á½·</span> <span class='ocrx_word' id='word_1_990' title='bbox 2178 5829 2369 5886; x_wconf 83' lang='lat' dir='ltr'><strong>Coislin.</strong></span> <span class='ocrx_word' id='word_1_991' title='bbox 2397 5845 2408 5879; x_wconf 91' lang='lat'><strong>:</strong></span> <span class='ocrx_word' id='word_1_992' title='bbox 2437 5838 2666 5890; x_wconf 78' lang='lat' dir='ltr'><strong>ouatuam</strong></span> <span class='ocrx_word' id='word_1_993' title='bbox 2838 5823 3013 5885; x_wconf 77' lang='lat' dir='ltr'><strong>Ovifea:</strong></span> <span class='ocrx_word' id='word_1_994' title='bbox 3033 5831 3121 5887; x_wconf 80' lang='lat' dir='ltr'><strong>est,</strong></span> <span class='ocrx_word' id='word_1_995' title='bbox 3144 5829 3191 5877; x_wconf 75' lang='lat' dir='ltr'><strong>et</strong></span> <span class='ocrx_word' id='word_1_996' title='bbox 3207 5821 3447 5874; x_wconf 65' lang='lat' dir='ltr'><strong>omnim...</strong></span> <span class='ocrx_word' id='word_1_997' title='bbox 3473 5820 3523 5881; x_wconf 82' lang='lat' dir='ltr'><strong>in</strong></span> <span class='ocrx_word' id='word_1_998' title='bbox 3558 5833 3654 5870; x_wconf 79' lang='lat' dir='ltr'><strong>me-</strong></span> 
     </span>
    </p>
   </div>
   <div class='ocr_carea' id='block_1_122' title="bbox 2069 5883 2957 5960">
    <p class='ocr_par' dir='ltr' id='par_1_122' title="bbox 2069 5883 2957 5960">
     <span class='ocr_line' id='line_1_122' title="bbox 2069 5883 2957 5960; baseline -0.015 -10"><span class='ocrx_word' id='word_1_999' title='bbox 2069 5897 2222 5959; x_wconf 83' lang='lat' dir='ltr'><strong>dium,</strong></span> <span class='ocrx_word' id='word_1_1000' title='bbox 2242 5883 2386 5960; x_wconf 74' lang='lat' dir='ltr'><strong>ï¬nem</strong></span> <span class='ocrx_word' id='word_1_1001' title='bbox 2408 5883 2552 5944; x_wconf 72' lang='lat' dir='ltr'><strong>etiam</strong></span> <span class='ocrx_word' id='word_1_1002' title='bbox 2571 5883 2833 5955; x_wconf 61' lang='lat' dir='ltr'><strong>territandi,</strong></span> <span class='ocrx_word' id='word_1_1003' title='bbox 2861 5883 2957 5939; x_wconf 82' lang='lat' dir='ltr'><strong>etc.</strong></span> 
     </span>
    </p>
   </div>
   <div class='ocr_carea' id='block_1_123' title="bbox 2469 6028 2556 6045">
    <p class='ocr_par' dir='ltr' id='par_1_123' title="bbox 2469 6028 2556 6045">
     <span class='ocr_line' id='line_1_123' title="bbox 2469 6028 2556 6045; baseline 0.011 -1"><span class='ocrx_word' id='word_1_1004' title='bbox 2469 6028 2556 6045; x_wconf 69' lang='grc' dir='ltr'><strong>â€™.Î -Î¹-</strong></span> 
     </span>
    </p>
   </div>
  </div>
