4144 6432
368 390 443 472 89
1083 410 1144 467 s.
1177 406 1462 466 10.111le
1498 400 1987 464 CHRYSOSTOMI
2020 398 2343 456 ARCHIEP.
2379 396 2936 459 cousnmmov.
3434 406 3437 407 ί
3744 398 3819 457 so

362 528 490 604 [80]
520 528 607 585 διά
643 527 704 584 :6
729 527 896 600 μηδὲν
944 527 1004 583 ἐν
1046 526 1184 597 αὐτῇ
1229 522 1749 596 δεδημιουργῆσθαι,
1790 518 2040 588 εὐλογίας

2143 516 2422 587 τραπέζης
2455 519 2569 581 τοῖς
2598 516 2780 570 αὐτῶν
2810 517 3105 589 γνωρίμοις
3151 514 3624 588 διαφυλάττοντες,
3657 513 3823 591 μέγι-

366 594 537 692 ἆύτῆν
567 594 863 681 ἀξιοῖ-’και
903 594 1227 684 εὐλόγηάέο
1262 594 1448 683 ww.
1492 594 1534 667 δ
1570 611 1725 692 θεὸς.
1750 608 1884 692 ﬁet
1908 604 2025 675 τιμά
2047 622 2073 667 ι
2144 610 2268 692 3:9?
2289 595 2530 692 ETW
2561 596 2862 686 τεκμήριον
2895 596 3212 688 ἐκφέρουσιν
3262 594 3444 692 τετιλλῆ
3496 594 3821 692 ξαλέογέξῖ

361 721 481 775 ραν
527 703 641 773 τὴν
675 703 956 773 ἑϐδόμην,
1003 702 1103 757 καί
1153 702 1413 772 ἡγίασεν
1466 698 1682 765 αὑτήν.

363 791 550 846 λοιπαὶ
583 791 683 845 οὐκ
718 787 860 861 ἦσαν
902 789 1301 861 εύλογημέναις
1346 786 1477 850 Ναὶ,
1512 786 1696 857 φησὶν,
1737 782 1851 838 ἀλλ’
1882 783 2043 855 ῆρκει

363 878 606 941 ἐκείναις
638 878 763 932 ἀντὶ
811 878 993 949 πάσης
1040 875 1289 944 εὐλογίας
1315 875 1377 928 :6
1403 873 1527 928 καθ’
1573 873 1811 942 ἐκάστην
1861 867 2043 923 αὐτῶν

365 964 435 1017 τά
478 964 938 1036 δημιουργήματα
980 962 1376 1033 παραχθῆναι*
1410 960 1492 1014 διδ
1540 959 1628 1013 ἐπ’
1672 956 1898 1011 ἐκείνων
1943 954 2044 1025 μὲν

360 1051 467 1104 οὐκ
494 1046 667 1113 εἶπεν,
689 1052 1067 1121 Εῠλόγησεν,
1092 1050 1185 1102 ἐπὶ
1208 1049 1266 1103 δέ
1309 1047 1411 1119 τῆς
1431 1046 1664 1119 ἑϐδόμης
1695 1044 1862 1115 μόνης
1886 1042 2045 1095 τοῦτο

362 1135 539 1190 εἰπὼν
572 1136 907 1208 προσέθηκε,
935 1135 1045 1192 Καί
1085 1135 1343 1204 ἡγίασεν
1391 1131 1604 1200 αὐτήν.
1642 1129 1709 1185 Τί
1757 1132 1897 1196 ἐστι,
1930 1126 2043 1182 Καί

365 1225 623 1294 ἡγίασεν
672 1224 902 1290 αὑτήν;
966 1220 1264 1293 Ἀφώρισεν
1313 1220 1502 1290 αὐτήν.
1549 1213 1685 1273 Εἶτα
1721 1217 2045 1272 διδάσκουσα

366 1312 513 1382 ἡμᾶς
540 1314 572 1383 ή
612 1310 732 1366 θεία
757 1309 947 1382 Γραφὴ
982 1310 1074 1362 καὶ
1102 1310 1201 1379 τήν
1235 1309 1413 1363 αίτίαν
1443 1308 1509 1361 δι’
1551 1307 1620 1378 ἣν
1666 1307 1909 1378 εἴρηκεν,
1932 1304 2042 1359 Καὶ

365 1398 622 1466 ἡγίασεν
659 1395 873 1465 αὐτὴν,
910 1393 1270 1467 προσέθηκεν,
1303 1395 1424 1447 Ὅτι
1450 1394 1522 1448 ἐν
1557 1392 1712 1462 αὐτῇ
1745 1395 2044 1447 κατέπαυ-

360 1501 481 1538 σεν
518 1483 637 1538 ἀπὸ
689 1482 931 1537 πάντων
976 1480 1096 1536 τῶν
1150 1480 1339 1552 ἔργων
1389 1479 1577 1535 αὐτοῦ
1623 1472 1710 1535 ὧν
1759 1478 1985 1549 ἤρξατο
2010 1482 2044 1533 ὁ

368 1571 520 1637 Θεὸς
542 1568 811 1639 ποιῆσαι.
846 1567 989 1636 ’Ἤδη
1021 1566 1267 1620 ἐντεῦθεν
1297 1568 1362 1620 ἐκ
1384 1565 1688 1639 προοιμίων
1709 1568 2044 1637 αίνιγματω-

364 1657 470 1722 δῶς
503 1656 848 1711 διδασκαλίαν
884 1658 1014 1726 ἡμῖν
1042 1657 1070 1708 6
1098 1654 1231 1718 Θεὸς
1283 1655 1606 1727 παρέχεται,
1640 1652 1911 1708 παιδεύων
1943 1653 2040 1725 τὴν

366 1746 498 1815 μίαν
527 1745 738 1816 ἡμέραν
772 1745 830 1796 ἐν
866 1742 946 1813 τῷ
972 1742 1159 1813 κύκλῳ
1190 1742 1288 1812 τῆς
1326 1742 1621 1813 ἑϐδομάδος
1662 1741 1882 1796 ἅπασαν
1908 1743 2042 1796 ἀνα-

362 1831 572 1885 τιθέναι
622 1831 714 1884 καὶ
760 1828 1039 1901 ἀφορίζειν
1082 1832 1149 1900 τῇ
1193 1830 1301 1883 τῶν
1353 1829 1740 1900 πνευματικῶν
1786 1828 2038 1900 ἐργασίᾳ.

359 1918 463 1971 Διά
492 1918 600 1986 γὰρ
631 1916 790 1970 τοῦτο
822 1918 916 1970 καὶ
955 1917 984 1969 6
1032 1915 1313 1985 Δεσπότης
1360 1929 1418 1968 εν
1463 1915 1521 1982 ἓξ
1562 1916 1800 1987 ἡμέραις
1846 1915 1916 1969 τά
1943 1914 2044 1984 τῆς

361 2004 721 2076 δημιουργίας
769 2004 986 2057 ἅπαντα
1025 2002 1341 2074 πληρώσας,
1376 2004 1477 2074 τήν
1521 2002 1754 2074 ἑϐδόμην
1785 2001 2037 2071 εὐλογίας

362 2092 601 2159 ἀξιώσας
639 2093 854 2164 ήγίασε,
900 2091 988 2145 διά
1016 2092 1078 2146 :6
1122 2094 1180 2145 ἐν
1223 2093 1360 2164 αὐτῇ
1418 2092 1768 2147 καταπαῦσαι
1794 2092 1903 2147 61:6
1931 2093 2041 2146 τῶν

360 2179 537 2251 ἔργων
560 2178 724 2232 αὐτοῦ
753 2172 828 2233 ὧν
853 2178 1055 2250 ήρξατο
1083 2179 1329 2251 ποιῆσαι.
1363 2178 1504 2233 Ἀλλ’
1525 2179 1777 2233 ἐντεῦθεν
1811 2191 1838 2221 ιι
1872 2180 2038 2235 πάλιν

359 2269 471 2338 δρῶ
511 2267 742 2336 πέλαγος
769 2267 967 2337 ἀχανές
1018 2266 1308 2338 νοημάτων
1367 2269 1502 2338 ήμῖν
1547 2267 1868 2338 τικτόμενον
1889 2307 1906 2333 ,
1944 2268 2041 2321 1:61

362 2352 622 2423 βούλομαι
673 2353 748 2424 μὴ
774 2353 962 2416 ἀπλῶς
999 2354 1131 2406 αὐτὸ
1165 2353 1568 2424 παραδραμεῖν,
1600 2352 1740 2407 ἀλλά
1769 2354 1865 2407 1:61
1894 2354 2040 2424 ὑμᾶς

358 2441 649 2502 κοινωνοὺς
675 2439 864 2493 λαϐεῖν
897 2439 1000 2509 τῆς
1043 2440 1314 2511 ἐμπορίας
1357 2439 1561 2511 ταύτης
1601 2439 1700 2509 τῆς
1730 2455 2038 2510 πνευματι-

359 2526 485 2596 κῆς.
521 2526 586 2577 Τί
610 2521 703 2579 οὖν
730 2528 848 2580 ἐστι
877 2526 939 2578 :6
970 2525 1222 2580 ἐντεῦθεν
1255 2525 1569 2580 ἀνακύπτον
1617 2528 1752 2597 ἡμῖν
1785 2525 2037 2598 ζήτημα;

356 2617 473 2685 Τῆς
502 2615 651 2680 Θείας
672 2614 900 2685 Γραφῆς
937 2613 1170 2668 ἐνταῦθα
1194 2612 1482 2685 λεγούσης,
1512 2616 1592 2668 ὅτι
1624 2615 1973 2669 κατέπαυσεν
2010 2618 2039 2668 6

354 2703 492 2766 Θεός
549 2702 658 2756 ἀπὸ
694 2701 803 2755 τῶν
863 2701 1040 2772 ἔργων
1086 2699 1288 2768 αὐτοῦ,
1344 2703 1402 2756 ἐν
1457 2706 1571 2767 τοῖς
1614 2702 1976 2772 Εύαγγελίοις
2007 2705 2037 2757 6

356 2789 592 2862 Χριστός
643 2805 827 2859 φησιν,
899 2788 960 2841 Ὀ
991 2787 1192 2858 Πατήρ
1243 2806 1362 2858 μου
1410 2788 1521 2855 ἕως
1558 2789 1689 2857 ἄρτι
1717 2787 2034 2861 ἐργάζεται,

356 2873 521 2944 κάγὼ
557 2873 888 2943 ἐργάζομαι.
912 2874 987 2926 Οὐ
1022 2873 1170 2928 δοκεῖ
1188 2875 1252 2927 ἐκ
1280 2875 1379 2945 τῆς
1410 2876 1690 2948 προφορᾶς
1710 2873 1820 2928 τῶν
1858 2875 2037 2947 ῥημά-

355 2980 467 3016 των
503 2963 822 3027 ἐναντίωσίς
856 2979 940 3026 τις
965 2958 1104 3017 εἶναι
1131 2964 1189 3017 ἐν
1217 2964 1331 3026 τοῖς
1363 2962 1711 3033 λεγομένοις;
1765 2963 1925 3018 Ἀλλά
1959 2965 2036 3036 μὴ

356 3049 567 3118 γένοιτο
587 3066 601 3080 ·
629 3048 779 3103 οὐδὲν
816 3049 925 3121 γάρ
949 3048 1191 3103 ἐναντίον
1218 3048 1326 3104 τῶν
1347 3049 1406 3103 ἐν
1429 3053 1497 3121 τῇ
1544 3050 1665 3122 θείᾳ
1691 3052 1880 3123 Γραφῇ
1917 3069 2034 3104 κει-

360 3139 562 3210 μένων.
604 3137 875 3193 Ἐνταῦθα
908 3137 1019 3208 γὰρ
1054 3137 1288 3193 εἰποῦσα
1326 3139 1359 3208 ἡ
1388 3138 1603 3209 Γραφή,
1640 3139 1723 3193 6::
1758 3139 2036 3193 κατέπαυ-

355 3242 451 3279 σεν
490 3229 519 3280 6
557 3226 688 3290 Θεὸς
722 3224 831 3280 ἀπὸ
873 3223 982 3278 τῶν
1028 3222 1205 3294 έργων
1232 3224 1261 3264 1³
1299 3222 1487 3291 αὐτοῦ,
1510 3225 1750 3280 διδάσκει
1779 3228 1924 3299 ἡμᾶς
1952 3228 2033 3280 ὅτι

351 3312 450 3367 τοῦ
480 3314 830 3385 δημιουργεῖν
858 3313 953 3368 καὶ
989 3313 1097 3366 ἀπὸ
1123 3312 1216 3366 τοῦ
1242 3312 1315 3383 μὴ
1343 3312 1497 3375 ὄντος
1525 3315 1607 3378 είς
1632 3315 1693 3367 τὸ
1718 3311 1856 3368 εἶναι
1889 3332 2034 3387 παρ-

355 3402 510 3470 άγειν
552 3399 828 3455 ἐπαύσατο
872 3391 1031 3454 κατῖ
1068 3399 1164 3471 τὴν
1194 3399 1428 3471 ἑϐδόμην
1458 3400 1706 3473 ήμέρανο
1747 3403 1774 3455 6
1811 3400 1867 3453 δὲ
1897 3400 2033 3473 Χρι-

355 3491 480 3554 στὸς
508 3489 703 3559 λέγων,
745 3488 827 3542 δτι
867 3486 932 3541 '0
982 3485 1186 3556 Πατήρ
1222 3504 1342 3557 μου
1385 3486 1496 3553 ἓως
1543 3486 1674 3556 ἄρτι
1696 3487 2030 3557 ἐργάζεται,

353 3575 516 3646 κάγὼ
540 3572 868 3646 ἐργάζομαι,
902 3573 1000 3645 τὴν
1023 3573 1246 3645 διηνεκῆ
1278 3572 1443 3627 αὑτοῦ
1486 3573 1744 3645 πρόνοιαν
1775 3578 1906 3646 ήμῖν
1931 3592 2033 3628 πα-

354 3663 597 3735 ραδηλοῖ,
628 3663 721 3715 καὶ
747 3660 1013 3731 ἐργασίαν
1040 3660 1191 3727 λέγει
1235 3659 1295 3712 :6
1343 3659 1654 3731 διακρατεῖν
1688 3660 1756 3714 τά
1800 3678 2032 3735 γεγενη-

356 3749 515 3819 μένα,
534 3746 628 3800 καὶ
660 3745 756 3817 τὴν
790 3744 1049 3815 διαμονὴν
1065 3745 1250 3808 αὐτοῖς
1271 3754 1294 3783 ο
1320 3742 1661 3814 χαρίζεσθαι,
1681 3746 1775 3799 καὶ
1798 3748 2031 3819 ήνιοχεῖν

352 3835 445 3890 τὸν
464 3834 756 3905 σύμπαντα
776 3832 1064 3904 χρόνον.Εί
1092 3830 1201 3904 γὰρ
1233 3831 1306 3903 μὴ
1327 3831 1485 3885 τοῦτο
1506 3827 1574 3904 ήν
1597 3871 1614 3897 ,
1646 3832 1762 3898 πῶς
1800 3834 1866 3889 ἂν
1902 3852 2030 3890 συν-

352 3923 484 3993 έστη
511 3921 628 3975 τόδε
660 3920 722 3974 :6
743 3921 873 3985 πᾶν,
899 3920 974 3991 μή
998 3920 1097 3991 τῆς
1116 3919 1322 3974 ἄνωθεν
1353 3921 1535 3991 χειρὸς
1559 3921 1913 3994 κυϐερνώσης
1939 3923 2030 3977 καὶ

351 4010 660 4081 διοικούσης
688 4011 782 4064 καὶ
805 4009 875 4063 τὰ
895 4007 1149 4080 ὁρώμενα
1168 4007 1380 4062 ἅπαντα
1401 4009 1496 4062 καὶ
1516 4009 1577 4062 τὸ
1598 4009 1706 4064 τῶν
1727 4010 1825 4063 ἀνθ
1834 4010 2029 4081 ρώπων

350 4097 542 4167 γένος;
567 4098 677 4151 Καὶ
705 4097 800 4151 ἐάν
825 4112 911 4161 τις
943 4094 1178 4166 βουληθῇ
1220 4094 1362 4166 μετά
1389 4095 1592 4168 πολλῆς
1613 4097 1711 4168 τῆς
1746 4097 2028 4169 εὐγνωμο-

352 4187 518 4257 σύνης
553 4185 768 4240 ἅπαντα
801 4186 922 4238 κατ’
953 4179 1094 4246 εἶδος
1144 4182 1477 4236 ἐποπτεῦσαι
1535 4184 1605 4236 :6
1632 4182 1755 4237 καθ’
1786 4184 2028 4258 ἑκάστην

348 4274 564 4346 ἡμέραν
596 4273 681 4325 ἐπ’
723 4270 1013 4342 εὐεργεσίᾳ
1056 4270 1300 4341 ἡμετέρᾳ
1355 4269 1461 4324 ὑπὸ
1494 4268 1589 4322 τοῦ
1624 4270 1732 4323 τῶν
1769 4271 2025 4327 ἁπάντων

349 4358 687 4434 δημιουργοῦ
731 4358 1159 4429 ἐπιτελούμενα,
1196 4358 1431 4412 ἄϐυσσον
1464 4358 1686 4430 εὑρήσει
1727 4359 2027 4434 φιλανθρω-

351 4450 502 4512 πίας.
536 4449 693 4511 ﬂcio;
722 4446 833 4517 169
862 4445 1142 4517 λογισμὸς,
1167 4443 1201 4517 ἦ
1234 4445 1361 4498 ποία
1390 4445 1597 4499 διάνοια
1619 4446 1902 4516 ἐφικέσθαι
1935 4449 2025 4503 δυ-

346 4541 575 4610 νήσεται
599 4535 701 4607 τῆς
723 4536 931 4604 ἀφάτου
953 4533 1309 4604 ἀγαθότητος,
1340 4533 1408 4604 ἥν
1431 4531 1562 4603 1:591
1584 4532 1646 4587 :6
1668 4533 1776 4588 τῶν
1807 4534 2023 4607 ἀνθρώ-

347 4646 467 4683 πων
505 4626 659 4696 γένος
697 4624 1054 4689 ἐνδείκνυται,
1083 4620 1384 4676 ἀνατέλλων
1418 4620 1509 4675 τὸν
1535 4621 1684 4692 ήλιον
1726 4623 1819 4676 ἐπὶ
1859 4641 2025 4697 πονη-

347 4718 477 4789 ροὺς
502 4714 594 4769 καὶ
623 4711 880 4783 ἀγαθοὺς,
916 4710 1012 4765 καὶ
1033 4709 1243 4781 βρέχων
1271 4708 1365 4762 ἐπὶ
1397 4708 1636 4772 δικαίους
1660 4709 1753 4763 καὶ
1782 4708 2018 4778 ἀδίκους,

343 4806 441 4860 καὶ
466 4805 648 4860 πᾶσαν
676 4802 779 4874 τὴν
809 4800 975 4870 ἄλλην
1007 4798 1267 4868 ἀφθονίαν
1299 4796 1585 4869 χορηγῶν;
1634 4796 1786 4869 Τάχα
1826 4815 2022 4869 περαι-

340 4894 486 4968 τέρω
503 4892 597 4946 τοῦ
617 4891 829 4953 δέοντος
854 4889 945 4941 τὸν
974 4886 1129 4956 λόγον
1154 4885 1520 4956 ὲξετείναμεν,
1555 4884 1655 4955 οὐχ
1682 4884 1870 4949 ἀπλῶς
1899 4886 2022 4940 οὐδὲ

343 4979 468 5050 εἰκῆ
515 4977 672 5032 τοῦτο
727 4977 1074 5047 ποιήσαντες,
1110 4972 1225 5027 ἀλλ’
1265 4972 1352 5026 ἵνα
1398 4972 1466 5026 δι’
1492 4971 1648 5043 ὑμῶν
1694 4972 1938 5043 μάθωσιν
1968 4974 2020 5028 οί

342 5065 780 5137 ἀπολειφθέντες,
815 5064 940 5118 ὅσον
969 5061 1196 5124 ἑαυτοὺς
1224 5059 1562 5132 ἐζημίωσαν,
1585 5057 1673 5113 διὰ
1705 5057 1805 5131 τήν
1828 5074 2018 5130 0019.6.-

339 5154 497 5224 τικήν
517 5155 721 5228 τροφήν
752 5151 1227 5223 ἀποστερήσαντες
1251 5146 1476 5211 ἑαυτοὺς
1511 5148 1610 5218 τῆς
1641 5149 2019 5220 πνευματικῆς

344 5238 859 5311 [81]διδασκαλίας.
908 5237 1051 5291 Ἀλλ’
1094 5237 1182 5290 ἵνα
1227 5235 1301 5308 μή
1347 5234 1686 5305 ἐπιτείνηται
1719 5235 1904 5298 αὐτοῖς
1950 5236 2017 5291 τά

339 5328 440 5398 τῆς
464 5326 701 5397 ἀθυμίας
725 5325 776 5389 δ,
810 5327 907 5396 τήν
938 5324 1233 5395 ἀδελφικὴν
1277 5322 1406 5393 1:591
1451 5323 1635 5385 αὐτοῖς
1676 5321 2016 5387 ἐπιδείξασθε

339 5416 574 5479 εὔνοιαν,
613 5412 1022 5478 διαϐιϐάσαντες
1050 5415 1234 5478 αὐτοῖς
1272 5410 1341 5465 τά
1373 5408 1503 5482 παρ’
1532 5409 1691 5481 ήμῶν
1722 5409 2009 5482 εἰρημένω

337 5502 498 5557 τοῦτο
530 5503 640 5572 γὰρ
681 5500 908 5571 γνησίας
935 5500 1153 5573 ἀγάπης
1182 5504 1505 5574 τεκμήριον.
1539 5500 1602 5553 Εἰ
1632 5499 1741 5570 γὰρ
1780 5499 1875 5551 ἐπὶ
1904 5499 2015 5553 τῶν

337 5590 611 5661 αἰσθητῶν
638 5588 950 5659 ἐδεσμάτων
978 5589 1029 5641 οί
1052 5588 1210 5643 τοῦτο
1226 5587 1531 5656 ποιοῦντες,
1565 5588 1663 5641 καὶ
1686 5586 1755 5640 τὰ
1782 5585 1894 5640 61:6
1914 5589 2014 5658 τῆς

400 5775 425 5803 ³
447 5774 668 5833 Quatuor
692 5785 804 5820 mss.
831 5770 1044 5820 ἐνταῦθα.
1071 5771 1181 5821 Mox
1223 5770 1425 5821 Coislin.
1453 5770 1566 5832 ἡμῖν
1584 5769 1901 5833 ἀνοιγόμενον.

394 5834 423 5874 ι)
448 5832 650 5903 Cuishp.
787 5835 1091 5903 πάντων-τῶν
1116 5836 1281 5903 ξργωνἒ
1315 5834 1603 5903 Ριιιϊομιει
1625 5832 1880 5903 ἕστηκ’-(Ξῖ
1919 5844 2005 5879 εον

331 5907 471 5962 mssa
499 5899 618 5944 κατά
636 5899 721 5955 τήν
745 5898 884 5954 ἕκτην
905 5897 1100 5962 ἡμέραν.
1129 5892 1305 5962 “9:91.
1329 5901 1382 5941 et
1421 5892 1999 5962 aiii_1:a::6r:11v‘666691w.

395 5960 418 6021 °_
444 5959 562 6021 Reg.
588 5972 713 6007 unus
731 5954 1137 6021 8261:1161—1631:611,
1160 5954 1359 6009 Coislin.
1384 5962 1435 6003 cl
1473 5955 1556 6003 aiii
1580 5955 1803 6013 διαμονὴν
1827 5954 1999 6000 αὐτῶν.

391 6018 421 6058 ἀ
450 6020 572 6082 Reg.
600 6035 723 6071 unus
744 6018 829 6080 τῆς
846 6020 1049 6083 ἀτιμίας.

1714 671 1961 761 ,Τίοῦνξ
1986 693 2042 746 αι
2140 672 2252 761 τῶν
2265 673 2674 761 ..πνευματικῶν
2710 674 2869 761 τοῦτο
2899 673 3185 761 γινόμενον
3207 671 3823 761 ’πολὺγήμῖγπαρέξει

2142 751 2235 804 τὸν
2263 750 2504 805 ἐπαινονο
2536 751 2700 806 πάλιν
2725 752 2834 824 γάρ
2865 754 2946 815 είς
2974 754 3126 824 ήμάς
3160 752 3231 807 :6
3255 756 3354 823 τῆς
3377 749 3643 823 ὠφελείας
3661 767 3826 822 περι-

2144 832 2428 902 στήσεται.
2467 832 2526 884 '0
2555 830 2663 902 169
2691 830 2785 883 τὸν
2818 830 3045 901 πλησίον
3081 831 3357 886 διδάσκειν
3385 830 3724 894 σπουδάζων,
3754 827 3821 882 οὐ

2142 909 2394 964 τοσοῦτον
2427 911 2631 963 ἐκεῖνον
2669 910 2967 981 εὐεργετεῖ,
3005 910 3128 964 ὅσον
3159 910 3339 982 ἐαυτῷ
3377 908 3600 982 μείζονα
3626 906 3825 979 προξε-

2143 991 2226 1042 νεῖ
2243 990 2334 1044 τὸν
2370 991 2581 1061 μισθὸν,
2617 988 2952 1043 καὶδιπλοῦν
2974 990 3281 1060 καρποῦται
3305 990 3367 1044 :6
3396 989 3610 1059 κέρδος,
3638 987 3741 1057 τῆς
3761 1003 3824 1040 τε

2142 1070 2296 1140 παρά
2317 1068 2409 1123 τοῦ
2439 1068 2574 1122 Θεοῦ
2597 1069 2831 1140 ἀμοιϐῆς
2853 1067 3096 1133 πλείονος
3120 1068 3428 1133 ἀπολαύων,
3456 1068 3552 1121 καὶ
3575 1066 3740 1129 αὐτὸς
3754 1064 3823 1118 δι’

2144 1142 2220 1202 ὧν
2267 1148 2358 1201 τὸν
2411 1147 2639 1217 ἀδελφὸν
2694 1145 2966 1200 διδάσκειν
3024 1148 3311 1219 ἐπιχειρεῖ,
3372 1148 3456 1211 είς
3512 1146 3826 1217 ὑπόμνησιν

2143 1226 2458 1298 ἐρχόμενος,
2484 1228 2579 1281 καὶ
2598 1226 2837 1281 ἀνανεῶν
2863 1226 2993 1297 παρ’
3025 1226 3207 1297 ἐαυτῷ
3229 1226 3329 1299 τήν
3358 1227 3583 1298 μνήμην
3608 1225 3719 1279 τῶν
3747 1224 3828 1277 εί-

2146 1321 2215 1376 ρη
2224 1306 2423 1374 μένων.

2214 1385 2284 1456 η’.
2305 1386 2379 1438 T6
2399 1385 2590 1456 κέρδος
2612 1384 2792 1439 τοίνυν
2811 1384 3119 1449 ἐννοοῦντες
3146 1386 3207 1440 :6
3222 1385 3511 1457 ὑμέτερον,
3532 1385 3608 1457 μή
3625 1383 3826 1455 φθονή-

2145 1481 2274 1536 σητε
2295 1468 2405 1529 τοῖς
2431 1464 2681 1534 ἀδελφοῖς
2708 1468 2819 1528 τοῖς
2839 1466 3145 1536 ὑμετέροις,
3174 1464 3311 1519 ἀλλά
3338 1465 3435 1520 νῦν
3462 1467 3561 1537 μὲν
3587 1467 3660 1521 τά
3691 1465 3823 1536 παρ’

2143 1544 2300 1618 ήμῶν
2327 1545 2595 1615 λεγόμενα
2628 1543 2758 1615 παρ’
2782 1543 2936 1614 ὑμῶν
2969 1543 3408 1615 μανθανέτωσαν.
3437 1547 3554 1601 ’Ἰνα
3574 1544 3634 1598 δέ
3666 1542 3744 1615 μὴ
3767 1544 3826 1595 ἐν

2143 1625 2365 1696 χάριτος
2404 1624 2563 1695 μέρει
2603 1623 2731 1694 παρ’
2762 1621 2915 1693 ὑμῶν
2959 1621 3192 1692 μέλλωσι
3243 1621 3416 1676 ταῦτα
3451 1621 3825 1684 διδάσκεσθαι,

2142 1703 2329 1758 ἕλκετε
2349 1703 2551 1767 αὐτοὺς
2571 1702 2709 1774 πρὸς
2734 1703 2768 1773 ή
2776 1702 2904 1772 μᾶς,
2926 1701 3204 1766 πείθοντες
3221 1701 3297 1766 ὡς
3319 1702 3576 1756 οὐδέποτε
3595 1701 3827 1771 κώλυμα

2141 1783 2355 1853 γίνεται
2394 1783 2532 1855 πρὸς
2577 1781 2677 1853 τήν
2711 1781 3063 1836 διδασκαλίαν
3094 1782 3194 1855 τὴν
3236 1783 3614 1854 πνευματικήν
3654 1784 3693 1853 ἡ
3726 1784 3828 1852 τῆς

2141 1864 2349 1935 τροφῆς
2373 1864 2473 1933 τῆς
2501 1862 2819 1934 σωματικῆς
2851 1862 3172 1933 μετάληψις·
3204 1862 3344 1916 ἀλλά
3369 1861 3451 1916 δεῖ
3486 1863 3664 1916 πάντα
3701 1878 3824 1914 και-

2144 1943 2235 2013 ρὺν
2261 1942 2564 2014 ἐπιτήδειον
2594 1942 2849 2013 ἡγεῖσθαι
2876 1941 3013 2013 πρὸς
3037 1941 3137 2013 τήν
3175 1940 3288 1995 τῶν
3315 1940 3710 2012 πνευματικῶν
3738 1939 3827 1991 λδ-

2139 2042 2253 2096 γων
2272 2023 2526 2090 διάλεξιν.
2554 2024 2653 2076 Ἂν
2677 2023 2851 2077 ταῦτα
2881 2025 3017 2094 μετά
3041 2023 3326 2096 ἀκριϐείας
3351 2024 3574 2095 ἴδωμεν,
3594 2022 3826 2093 δυνησό-

2145 2103 2284 2175 μεθα
2306 2105 2402 2157 καὶ
2429 2105 2523 2157 ἐπὶ
2551 2103 2730 2167 οίκίας
2771 2103 3167 2176 διατρίϐοντες,
3200 2104 3295 2157 καὶ
3332 2102 3476 2175 μετά
3510 2104 3610 2173 τὴν
3638 2103 3828 2156 ἑστία-

2142 2198 2249 2250 σιν,
2282 2184 2379 2237 καὶ
2424 2182 2533 2254 πρὸ
2569 2183 2671 2253 τῆς
2714 2184 3010 2247 ἑστιάσεως
3052 2184 3192 2255 μετά
3229 2185 3418 2254 χεῖρας
3460 2182 3724 2245 λαϐόντες
3756 2181 3825 2235 τὰ

2141 2263 2257 2315 θεῖα
2285 2261 2463 2333 βιϐλία
2495 2260 2593 2331 τὴν
2618 2261 2680 2325 ἐξ
2701 2260 2879 2314 αὐτῶν
2910 2259 3254 2333 καρποῦσθαι
3284 2260 3578 2332 ὠφέλειαν,
3605 2260 3708 2314 καὶ
3725 2260 3825 2331 τὴν

2139 2340 2518 2412 πνευματικήν
2550 2338 2755 2411 τροφὴν
2793 2342 2861 2410 τῇ
2884 2339 3029 2411 ψυχῇ
3063 2340 3346 2411 παρέχειν.
3370 2341 3584 2411 Ὥσπερ
3617 2339 3733 2411 γὰρ
3762 2339 3825 2393 τὸ

2141 2419 2302 2490 σῶμα
2356 2420 2526 2473 δεῖται
2568 2418 2669 2489 τῆς
2709 2419 2974 2490 αἰσθητῆς
3010 2419 3239 2491 τροφῆς,
3278 2418 3421 2473 οὕτω
3460 2420 3556 2475 καὶ
3599 2422 3631 2489 ή
3670 2417 3825 2489 ψυχὴ

2138 2498 2329 2573 Χρῄζει
2369 2496 2749 2569 καθημερινῆς
2791 2498 3172 2571 ὑπομνήσεως,
3209 2496 3304 2552 καὶ
3331 2497 3540 2569 τροφῆς
3573 2515 3827 2570 πνευμα-

2137 2584 2315 2651 τικῆς,
2339 2578 2427 2633 ἴνα
2451 2578 2785 2650 νευρουμένη
2810 2578 3055 2649 ἀντέχειν
3080 2578 3304 2649 δύνηται
3332 2579 3470 2652 πρὸς
3494 2577 3593 2642 τάς
3623 2580 3824 2634 ἐπανα-

2141 2658 2361 2723 στάσεις
2402 2657 2504 2728 τῆς
2538 2657 2763 2727 σαρκὸς,
2800 2657 2897 2711 καὶ
2943 2656 3078 2729 πρὸς
3117 2659 3208 2712 τὸν
3249 2659 3470 2731 διηνεκῆ
3513 2657 3823 2729 πολέμιονο

2136 2739 2231 2792 τὸν
2258 2736 2609 2807 ἐπικείμενον
2644 2737 2800 2807 ἡμῖν,
2826 2736 2921 2791 καὶ
2946 2736 3293 2807 αἰχμάλωτον
3319 2737 3477 2810 ἡμῶν
3499 2739 3822 2809 ἀπεργαζό-

2141 2834 2301 2889 μενον
2327 2816 2424 2889 τὴν
2455 2816 2652 2888 ψυχὴν,
2685 2815 2781 2870 ἐὰν
2820 2816 2926 2871 κᾶν
2962 2817 3098 2887 πρὸς
3129 2815 3302 2888 βραχὺ
3334 2816 3650 2889 ρψυμῆσαι
3695 2819 3821 2890 βου-

2136 2897 2411 2970 ληθῶμεν.
2441 2897 2534 2951 Διὸ
2561 2897 2658 2950 καὶ
2697 2898 2728 2949 6
2770 2898 3056 2969 προφήτης
3095 2896 3258 2951 Δαυῖδ
3293 2896 3565 2969 μακάριον
3607 2901 3822 2953 ἐκεῖνον

2137 2978 2363 3032 ἐκάλεσε
2395 2977 2488 3031 τὸν
2525 2978 2584 3030 ἐν
2609 2976 2686 3048 τῷ
2712 2976 2863 3050 νόμῳ
2889 2976 3089 3048 Κυρίου
3131 2977 3441 3049 μελετῶντα
3475 2979 3693 3051 ἡμέρας
3728 2983 3824 3035 1:61

2135 3059 2349 3122 νυκτός·
2401 3058 2496 3112 καὶ
2527 3059 2555 3111 6
2601 3058 2868 3129 μακάριος
2900 3057 2957 3110 δὲ
2987 3058 3246 3129 Μωῦσῆς,
3287 3057 3560 3112 παιδεύων
3606 3059 3667 3113 τὸ
3712 3060 3820 3114 τῶν

2149 3138 2417 3193 Ἰουδαίων
2467 3136 2640 3201 ἔθνος,
2682 3136 2960 3190 ἐδίδασκεν
2998 3137 3196 3201 αὐτοὺς
3234 3136 3430 3206 λέγων,
3477 3137 3694 3209 Φαγὼν
3718 3139 3820 3194 καί

2135 3218 2308 3285 πιὼν,
2359 3217 2459 3272 καί
2490 3215 2884 3287 ἐμπλησθεὶς,
2921 3215 3225 3287 μνήσθητι
3259 3219 3486 3287 Κυρίου
3525 3219 3631 3274 τοῦ
3662 3222 3819 3275 Θεοῦ

2134 3313 2274 3353 σου.
2322 3297 2487 3370 Ὁρᾷς
2525 3295 2645 3359 πῶς
2674 3296 2769 3349 καὶ
2796 3295 2917 3349 τότε
2959 3296 3195 3366 μάλιστα
3227 3298 3518 3369 προσήκει,
3551 3299 3691 3369 μετά
3720 3301 3819 3371 τὴν

2133 3377 2236 3448 τῆς
2265 3377 2473 3449 τροφῆς
2507 3375 2824 3439 ἀπόλαυσιν,
2854 3375 2954 3445 τὴν
2990 3376 3366 3448 πνευματικὴν
3399 3378 3641 3432 ἑστίασιν
3682 3381 3819 3433 ἐαυ-

2133 3461 2246 3522 τοῖς
2278 3455 2659 3525 παρατιθέναι,
2681 3454 2774 3508 ῖνα
2795 3453 2929 3526 μηδὲ
2955 3454 3095 3525 μετά
3116 3455 3217 3526 τὴν
3240 3456 3562 3528 πλησμονὴν
3584 3456 3683 3529 τῆς
3708 3477 3817 3512 σω-

2138 3538 2373 3610 ματικῆς
2400 3537 2608 3607 τροφῆς
2644 3534 3041 3607 ρᾳθυμήσαντα
3084 3534 3117 3601 ή
3149 3532 3295 3605 ψυχὴ
3333 3537 3414 3598 είς
3441 3535 3661 3608 ὄλεθρόν
3690 3555 3819 3593 τινα

2134 3616 2346 3687 ἐκπέσῃ
2381 3615 2427 3679 ἲ,
2474 3615 2571 3668 1:0.1
2625 3613 2808 3686 χώραν
2837 3613 2914 3683 δῷ
2953 3616 3072 3677 ταῖς
3107 3611 3203 3666 τοῦ
3236 3613 3483 3667 διαϐόλου
3517 3620 3814 3687 μηχαναῖς,

2135 3696 2313 3749 πάντα
2335 3693 2523 3765 καιρὸν
2543 3691 2931 3763 ἐπιτηροῦντος
2959 3692 3053 3745 1:61
3079 3690 3404 3762 βουλομένου
3429 3695 3651 3768 καιρίαν
3678 3697 3818 3768 ἡμῖν

2131 3771 2316 3827 δοῦναι
2347 3771 2445 3844 τὴν
2476 3771 2729 3841 πληγήν;
2762 3772 2874 3823 Καὶ
2905 3770 3068 3825 πάλιν
3098 3770 3156 3824 δέ
3187 3771 3417 3844 ἑτέρωθι
3441 3773 3627 3843 ἔλεγεν
3653 3775 3684 3827 6
3719 3778 3818 3830 αύ-

2130 3852 2224 3916 τδς
2252 3845 2408 3916 οὗτος
2442 3852 2749 3923 προφήτης·
2774 3850 3185 3920 Κοιταζόμενοι
3230 3851 3330 3906 καί
3360 3851 3814 3924 διανιστάμενοι

2125 3932 2536 4002 μνημονεύετε
2568 3932 2794 3999 Κυρίου
2820 3930 2929 3985 τοῦ
2953 3931 3102 3985 Θεοῦ
3124 3930 3309 4001 ὑμῶν.
3340 3927 3500 3996 Εἶδες
3529 3928 3643 3997 πῶς
3667 3936 3815 3990 066i-

2130 4029 2263 4066 1:0:5
2308 4013 2456 4084 ήμᾶς
2490 4012 2754 4084 προσήκει
2787 4009 2886 4081 τὴν
2918 4010 3139 4081 μνήμην
3175 4009 3379 4081 ταύτην
3427 4005 3678 4066 ἐκϐαλεῖν
3715 4015 3813 4087 τῆς

2128 4090 2328 4162 ψυχῆς,
2381 4089 2496 4143 ἀλλ’
2545 4088 3029 4159 ἐγκεκολαμμένην
3082 4089 3228 4159 ἔχειν
3274 4088 3353 4160 τῷ
3400 4091 3683 4159 συνειδότι,
3717 4095 3813 4147 καὶ

2128 4168 2391 4241 διηνεκῶς
2416 4162 2923 4248 ἐναγωνίουςᾷείναι,
2949 4167 3043 4221 καὶ
3075 4166 3343 4248 μηδέποτε
3370 4168 3663 4248 ἀνακωχὴν
3690 4172 3806 4248 [8Ξ]

2129 4250 2341 4311 ἑαυτοῖς
2374 4247 2652 4318 παρέχειν,
2683 4244 2819 4298 ἀλλά
2846 4246 2946 4317 τὴν
2975 4246 3172 4316 μανίαν
3196 4244 3405 4324 είδότας
3430 4246 3523 4301 τοῦ
3545 4249 3645 4320 τὴν
3669 4244 3810 4324 πρὸς

2126 4329 2277 4400 ἡμᾶς
2331 4326 2531 4397 ἔχθραν
2575 4324 2874 4397 ἀραμένου.
2903 4325 3095 4394 νήφειν
3127 4323 3222 4377 καὶ
3266 4326 3654 4398 ἐγρηγορέναι,
3712 4323 3809 4387 καὶ

2126 4406 2492 4476 ἀποτειχίζειν
2520 4402 2671 4474 αύτῷ
2711 4403 2811 4467 τάς
2854 4402 3098 4473 ἐφόδους,
3135 4404 3231 4458 καὶ
3261 4404 3533 4475 μηδέποτε
3580 4408 3808 4478 ἀμελεῖν

2125 4486 2331 4558 τροφῆς
2367 4483 2775 4555 πνευματικῆς;
2809 4480 2966 4535 τοῦτο
2987 4483 3095 4554 γάρ
3124 4481 3280 4553 ἡμῶν
3311 4485 3346 4554 ἠ
3377 4486 3645 4558 σωτηρία,
3676 4489 3806 4543 τοῦ-

2122 4582 2186 4619 το
2235 4568 2265 4620 6
2320 4562 2550 4627 πλοῦτος
2583 4563 2612 4615 6
2655 4562 3047 4633 πνευματικὸς,
3085 4561 3244 4615 τοῦτο
3273 4564 3307 4634 ή
3340 4564 3633 4633 ἀσφάλεια.
3678 4567 3807 4623 Ἐὰν

2122 4644 2297 4709 οὕτως
2330 4643 2554 4707 ἑαυτοὺς
2587 4640 2707 4696 καθ’
2740 4641 2977 4711 ἑκάστην
3020 4640 3234 4713 ἡμέραν
3261 4641 3590 4714 τειχίζωμεν
3618 4647 3666 4710 ε,
3705 4651 3806 4701 καὶ

2122 4725 2188 4779 δι’
2219 4723 2597 4793 ἀναγνώσεως,
2621 4721 2717 4774 καὶ
2739 4719 2804 4773 δι’
2830 4720 3168 4790 ἀκροάσεως,
3193 4719 3288 4774 καὶ
3314 4719 3604 4788 διαλέξεως
3632 4743 3805 4779 πνευ-

2127 4806 2385 4877 ματικῆς,
2406 4799 2746 4871 δυνησόμεθα
2773 4800 2866 4853 καὶ
2898 4799 3051 4853 αὐτοὶ
3081 4799 3371 4872 ἀχείρωτοι
3393 4801 3669 4870 γενέσθαι,
3704 4806 3803 4859 καὶ

2122 4884 2216 4939 τοῦ
2255 4881 2492 4955 πονηροῦ
2529 4880 2783 4951 δαίμονος
2818 4879 3001 4952 ἄκυρα
3039 4879 3263 4949 ποιῆσαι
3304 4877 3375 4934 τά
3405 4883 3798 4953 μηχανήματα,

2122 4965 2217 5018 καὶ
2261 4963 2361 5034 τῆς
2403 4960 2513 5014 τῶν
2542 4959 2791 5030 οὐρανῶν
2820 4958 3097 5029 βασιλείας
3139 4960 3439 5030 ἐπιτυχεῖν,
3478 4961 3661 5032 χάριτι
3703 4962 3801 5016 καὶ

2121 5041 2502 5113 φιλανθρωπία
2531 5038 2625 5092 τοῦ
2655 5038 2860 5109 Κυρίου
2887 5038 3048 5108 ήμῶν
3092 5038 3265 5110 Ἰησοῦ
3301 5038 3561 5109 Χριστοῦ,
3592 5039 3711 5111 μεθ’
3734 5034 3800 5095 οὗ

2117 5122 2197 5192 τῷ
2224 5121 2420 5193 Πατρὶ,
2451 5120 2566 5189 ἀμα
2595 5116 2674 5189 τῷ
2694 5118 2836 5189 ἁγίῳ
2870 5117 3171 5189 Πνεύματι,
3200 5115 3350 5185 δόξα,
3384 5117 3605 5189 κράτος,
3635 5121 3796 5192 τιμὴ,

2116 5202 2213 5258 νῦν
2245 5201 2337 5255 καὶ
2363 5198 2470 5264 ἀεὶ,
2505 5198 2601 5252 καὶ¹
2624 5197 2705 5260 είς
2730 5198 2858 5260 τοὺς
2880 5197 3080 5261 αίῶνας
3101 5195 3210 5252 τῶν
3240 5195 3498 5266 αίώνων.,
3517 5197 3713 5270 ’Δμήν.

2766 5286 3008 5340 ΟΜῘΛῙΔ
3032 5286 3136 5340 IA'.

2117 5369 2239 5422 Ὅτι
2267 5366 2362 5422 δεῖ
2394 5365 2596 5437 πολὺν
2622 5363 2732 5437 τῆς
2757 5363 2977 5437 ἀρετῆς
3000 5365 3303 5437 ποιεῖσθαι
3328 5366 3536 5437 λόγον,
3574 5365 3672 5419 καί
3694 5385 3793 5435 μι-

2178 5439 2422 5508 μεῖσθαι
2457 5436 2605 5502 τοὺς
2639 5436 2868 5508 ἁγίους,
2912 5434 2972 5508 οῖ
3002 5433 3112 5508 τῆς
3151 5434 3340 5508 αὑέᾔς
3370 5433 3611 5505 Spaang
3642 5433 3793 5508 ἡμῖν

2183 5504 2355 5576 ὄντες
2382 5509 2611 5574 ταύτην
2624 5505 2778 5576 μετὰ
2802 5505 3105 5576 ἀκριϐείας
3132 5504 3553 5574 κατώρθωσαν,
3573 5504 3791 5562 καὶὸτι

2173 5575 2561 5649 ῥᾳθυμοῦσιν
2587 5575 2734 5646 ἡμῖν
2760 5575 3009 5645 οὐδεμία
3033 5576 3205 5631 ἔσται
3235 5576 3553 5647 ἀπολογία.

2180 5668 2248 5723 α’.
2280 5666 2411 5723 Οἶδα
2470 5670 2552 5721 ὅτι
2577 5666 2860 5722 κατέτεινα
2891 5666 3045 5738 ὑμῶν
3106 5667 3201 5721 τὸν
3239 5666 3498 5738 λογισμὸν
3550 5669 3608 5720 ἐν
3663 5658 3789 5732 ταῖς

2109 5748 2509 5820 παρελθούσαις
2563 5746 2797 5819 ήμέραις
2855 5749 2970 5810 τοῖς
3030 5745 3347 5818 βαθυτέροις
3398 5747 3650 5817 νοήμασιο
3695 5746 3787 5801 διά

2174 5889 2197 5915 θ
2223 5883 2422 5935 (ῖοίειίη.
2450 5882 2531 5929 τὸν
2555 5883 2743 5942 διηνεκῆ
2766 5882 2993 5943 πόλεμον,
3016 5885 3068 5931 et
3089 5880 3161 5931 sic
3183 5881 3310 5945 legi:
3330 5881 3597 5941 inlerprcs.

2179 5943 2421 6015 [Eoisl‘n-
2443 5943 2646 6015 ἐμπέπλ-
2800 6002 2831 6015 ..
2857 6004 2905 6015 ..
2936 6006 2970 6015 _
3235 6005 3257 6015 -
3285 6003 3296 6015 .
3322 5952 3323 5955 ‘
3399 6003 3413 6015 .

2176 6010 2205 6052 ι
2227 5999 2918 6078 Cois1.1:59'::5:xt.'§:095v,Ibid.
2936 6006 3056 6067 Reg.
3082 6018 3211 6055 unus
3232 6003 3307 6053 διὰ
3326 6003 3547 6064 γνώσεως
3566 6000 3645 6050 καὶ
3665 5999 3772 6062 δκρ.
