4144 6420
430 422 508 489 ω
1552 434 1629 495 1N
1665 436 1817 496 CAP.
1858 436 1902 495 1.
1942 436 2188 499 GENES.
2230 438 2463 498 1103111..
2502 437 2598 498 X1.
3667 449 3739 506 90

439 541 715 601 videretur
737 543 924 602 minus
950 544 1150 619 aliquid
1178 544 1448 616 obtinere,
1481 561 1548 605 eo
1572 546 1714 619 quod
1744 549 1875 604 nihil
1899 549 1952 604 in
1977 564 2044 606 eo

433 640 646 694 factum
674 647 859 707 esset,
908 638 1287 696 benedictione
1330 641 1504 712 ipsum
1544 640 1788 713 dignatus
1829 649 1933 697 est.
1978 641 2049 697 Et

440 729 730 800 "benedixit,
762 732 960 804 inquit,
993 732 1129 789 Deus
1156 735 1291 789 diem
1310 734 1614 806 septimum:
1644 744 1691 789 et
1716 734 2048 805 sancti/ienuit

446 826 620 880 illum.
646 825 786 893 Quid
833 826 1033 897 igitur?
1074 842 1181 881 non
1222 835 1377 883 erant
1417 834 1473 882 et
1514 827 1694 882 caueri
1722 826 1838 881 dies
1881 826 2046 881 bene-

446 917 629 973 dicti?
673 916 850 972 Etiam
880 916 1143 988 profecto,
1175 917 1270 973 sed
1295 917 1594 973 sufﬁciebat
1620 917 1723 972 illis
1763 932 1860 987 pro
1902 917 2047 972 omni

444 1007 851 1074 benedictione,
870 1007 1013 1077 quod
1035 1010 1086 1063 in
1114 1008 1338 1079 singulis
1364 1007 1467 1062 illis
1488 1016 1754 1063 creaturae
1776 1006 2048 1077 productae

448 1099 714 1165 fuissent;
765 1109 820 1156 et
849 1100 970 1155 ideo
1013 1100 1080 1155 de
1110 1100 1214 1156 illis
1244 1115 1349 1155 non
1382 1100 1572 1170 inquit,
1623 1099 1940 1164 Benedixit;
1993 1099 2046 1154 in

451 1193 574 1249 solo
598 1200 777 1248 autem
805 1192 1034 1263 septimo
1061 1190 1163 1247 hoc
1192 1191 1344 1256 dixit,
1372 1199 1428 1246 et
1454 1191 1697 1262 apposuit
1724 1209 1738 1246 :
1766 1188 1835 1243 Et
1860 1190 2048 1244 sancti-

440 1285 625 1346 ‘ﬁcauit
647 1284 815 1339 illum.
848 1282 986 1350 Quid
1013 1291 1116 1348 est,
1152 1282 1218 1336 Et
1246 1282 1579 1352 sanctiﬁcavit
1618 1282 1811 1336 illum?
1849 1279 1907 1335 1d
1942 1288 2044 1345 est,

437 1376 610 1431 illum
640 1374 961 1447 segregavit.
989 1371 1199 1429 Deinde
1218 1373 1418 1429 docens
1446 1387 1544 1428 nos
1571 1371 1747 1427 divina
1775 1371 2048 1441 Scriptura

448 1481 674 1522 causam
721 1473 943 1536 propter
985 1480 1144 1536 quam
1196 1465 1348 1532 dixit,
1394 1462 1460 1518 Et
1515 1464 1848 1532 sanctiﬁcauit
1876 1463 2045 1529 illum,

444 1556 664 1627 adjicit,
688 1555 763 1610 Eo
787 1555 923 1627 quod
951 1556 1004 1610 in
1027 1555 1119 1610 illo
1143 1556 1454 1626 requieverat
1480 1554 1542 1609 ab
1567 1556 1796 1609 omnibus
1815 1554 2050 1625 aperibus

436 1649 565 1702 suis
588 1662 707 1718 qua
732 1656 950 1718 eruperat
970 1645 1116 1701 'Deus
1154 1647 1338 1715 facere.
1366 1644 1486 1703 iam
1526 1645 1650 1701 hinc
1676 1645 1744 1700 ab
1769 1644 1921 1701 initio
1948 1644 2050 1701 do-

454 1740 687 1795 etrinam
704 1738 844 1795 hanc
859 1741 1079 1810 aenigma
1089 1740 1191 1795 tice
1209 1738 1363 1793 nobis
1380 1738 1610 1793 insinuat
1626 1739 1788 1805 Deus,
1802 1737 2051 1793 erudiens

438 1845 563 1885 ~nos
588 1830 645 1884 in
662 1830 873 1886 circulo
901 1829 1250 1886 hebdomadis
1277 1829 1421 1884 diem
1461 1845 1625 1884 unum
1657 1829 1922 1900 integrum
1960 1843 2049 1885 se-

456 1923 810 1994 gregandam,
831 1933 885 1979 et
905 1923 1328 1979 consecrandum
1355 1922 1711 1997 spiritualium
1731 1922 2047 1992 operationi.

436 2012 586 2069 ‘hlco
606 2014 749 2069 enim
771 2014 1030 2069 Dominus
1057 2014 1325 2084 completo
1351 2028 1444 2068 sex
1470 2012 1664 2068 diebus
1691 2011 1904 2083 Opiﬁcio
1927 2024 2046 2080 suo,

458 2108 750 2179 septimum
777 2108 1152 2164 benedictione
1180 2108 1427 2180 dignatus
1454 2115 1557 2174 est,
1585 2114 1641 2163 et
1678 2106 2048 2173 sanetiticavit,

446 2214 541 2257 ἐο-
554 2200 698 2272 quod
726 2201 777 2256 in
809 2201 904 2257 illo
937 2202 1214 2272 quieverat
1252 2200 1321 2255 ab
1348 2199 1597 2255 omnibus
1638 2199 1893 2270 operibus
1939 2200 2052 2255 suis

436 2305 581 2363 qua:
610 2290 786 2348 facere
810 2302 1066 2363 eruperat.
1086 2291 1285 2348 Verum
1306 2290 1396 2347 hic
1421 2292 1616 2346 iterum
1638 2290 1795 2346 video
1820 2290 2051 2347 immen-

459 2399 582 2439 sum
626 2384 782 2440 nobis
826 2386 1212 2441 sententiarum
1249 2386 1467 2457 pelagus
1509 2384 1709 2451 nasci’,
1750 2382 1897 2454 quod
1918 2384 2051 2438 sim-

458 2474 678 2546 pliciter
719 2477 994 2547 przeterire
1024 2476 1225 2544 uelim;
1271 2479 1401 2549 quin
1445 2486 1501 2535 et
1525 2493 1621 2534 vos
1648 2477 1840 2532 harum
1891 2475 2052 2548 spiri-

438 2567 686 2622 tualium
714 2568 988 2624 mercium
1036 2571 1325 2640 participes
1367 2570 1482 2627 ﬁeri
1512 2573 1691 2644 cupio.
1722 2571 1853 2638 Quae
1895 2570 2054 2639 igitur

462 2658 555 2713 illa
586 2668 691 2727 est,
719 2676 838 2730 qua:
880 2659 1005 2716 hinc
1042 2662 1232 2727 oritur,
1264 2663 1527 2733 quaestio?
1569 2663 1751 2718 Divina
1780 2661 2053 2732 Scriptura

454 2753 555 2808 hic
597 2753 808 2810 dicente
852 2753 1018 2810 Deum
1063 2755 1391 2826 requievisse
1432 2756 1500 2811 ab
1550 2754 1800 2828 operibus
1827 2755 1970 2820 suis,
1999 2754 2054 2808 in

462 2844 756 2915 evangeliis
795 2843 1039 2900 Christus
1084 2845 1283 2916 inquit,
1315 2845 1474 2901 Pater
1519 2864 1659 2902 meus
1700 2862 1860 2916 usque
1904 2844 2054 2898 modo

464 2947 728 3007 aperatur,
755 2946 803 2992 et
842 2952 934 3009 ego
976 2953 1159 3009 aperor
1210 2937 1386 3010 (Joan.
1417 2940 1472 2995 5.
1502 2938 1613 3011 i7).
1642 2938 1759 2994 Non
1806 2937 2058 2993 videntur

441 3027 564 3083 'tibi
586 3042 653 3083 ex
677 3027 961 3084 verborum
990 3028 1131 3085 serie
1156 3029 1273 3085 haec
1301 3030 1443 3085 dicta
1470 3043 1590 3085 esse
1616 3028 1920 3084 contraria?
1949 3025 2057 3082 Sed

451 3118 649 3176 ‘absit:
682 3121 811 3177 nihil
840 3121 928 3177 hic
958 3122 1287 3177 contrarium
1337 3122 1401 3179 iis
1445 3137 1564 3194 quae
1609 3121 1665 3178 in
1704 3122 1870 3177 sacris
1913 3121 2057 3175 Scri-

444 3212 642 3280 “ptnris
685 3213 1047 3268 continentur.
1066 3211 1211 3267 Nam
1259 3214 1346 3270 hic
1371 3213 1584 3284 quidem
1612 3228 1734 3268 cum
1781 3211 2057 3281 Scriptura

466 3304 602 3360 dicit
646 3305 977 3374 requievisse
1018 3305 1187 3361 Deum
1215 3303 1284 3360 ab
1307 3306 1559 3376 operibus
1596 3305 1728 3373 suis,
1760 3304 1919 3359 ducet
1960 3318 2061 3358 nos

445 3394 898 3450 tumacreando
923 3403 1069 3451 etes
1113 3395 1283 3451 nihilo
1327 3410 1416 3452 res
1461 3395 1804 3466 producendo
1851 3394 2058 3464 requie-

454 3488 615 3543 ‘visse
639 3487 725 3542 die
770 3488 1068 3558 septimo';
1099 3487 1342 3544 Christus
1388 3497 1566 3543 autem
1612 3488 1797 3543 dicens
1841 3506 1855 3542 :
1903 3486 2061 3541 Pater

466 3594 615 3633 meus
654 3594 811 3648 usque
836 3579 989 3633 modo
1015 3588 1275 3651 aperatur,
1303 3589 1348 3634 et
1386 3595 1479 3650 ego
1513 3595 1715 3650 aperor,
1751 3587 2058 3649 perpetuam

449 3684 627 3725 suam
674 3668 1064 3741 providentiam
1111 3671 1266 3729 nobis
1295 3671 1550 3735 declarat,
1596 3680 1649 3726 et
1693 3669 2059 3740 operationem

464 3773 629 3821 vocat
651 3764 1111 3820 conservationem
1142 3764 1498 3834 opiﬁciorum,
1523 3763 1715 3834 quibus
1740 3763 1966 3833 largitur
2004 3769 2063 3816 ut

458 3863 841 3926 permaneant,
874 3854 1002 3910 dum
1032 3856 1178 3910 omni
1210 3864 1449 3926 tempore
1477 3856 1755 3926 gubernat.
1780 3853 1895 3909 Nisi
1919 3854 2061 3908 enim

470 3947 580 4003 hoc
604 3955 768 4015 esset,
796 3946 1067 4018 quomodo
1100 3948 1409 4002 universum
1454 3947 1770 4002 subsisteret
1809 3962 1871 4000 ac
1897 3946 2060 4001 dura-

468 4050 579 4104 ret,
610 4054 717 4093 non
743 4039 1075 4110 gubernante
1100 4047 1155 4095 et
1187 4038 1451 4109 dirigente
1493 4052 1722 4109 superna
1751 4053 1911 4092 manu
1940 4053 2062 4092 cum

452 4130 705 4185 ~visibilia
752 4130 867 4184 hsce
891 4130 1092 4195 omnia,
1123 4138 1233 4184 tum
1264 4129 1554 4184 humanum
1606 4128 1708 4184 hoc
1736 4128 1948 4199 genus?
1994 4129 2066 4184 Et

470 4227 519 4278 si
566 4226 685 4294 quis
734 4224 970 4279 voluerit
1018 4223 1315 4294 prudenter
1364 4231 1421 4279 et
1467 4223 1745 4293 speciatim
1800 4223 2063 4292 iuSpicere

462 4315 653 4369 omnia
693 4330 813 4386 quae
841 4315 1082 4386 quotidie
1122 4316 1177 4370 in
1209 4323 1452 4371 nostrum
1483 4314 1797 4370 beneﬁcium
1837 4314 1904 4368 ab
1943 4328 2063 4368 om—

466 4409 626 4462 nium
650 4406 851 4479 Opiﬁce
880 4406 1251 4478 perﬁciuntur,
1275 4408 1527 4480 abyssum
1564 4406 1797 4462 inveniet
1826 4405 2064 4476 benigni-

474 4500 624 4555 tatis.
670 4499 801 4566 Quis
842 4500 987 4555 enim
1032 4513 1232 4567 sermo,
1275 4513 1396 4569 qua:
1444 4506 1598 4554 mens
1624 4498 1694 4552 ad
1740 4496 2064 4552 ineﬂ‘abilem

462 4593 617 4648 'bauc
664 4591 955 4647 bonitatem
1002 4591 1309 4662 pertingere
1356 4589 1570 4660 poterit,
1619 4604 1778 4660 quam
1831 4589 2066 4643 humano

457 4684 658 4758 generi
697 4693 955 4754 perpetuo
994 4682 1249 4749 ostendit,
1291 4683 1418 4738 oriri
1462 4680 1667 4737 faciens
1710 4681 1879 4736 solem
1910 4695 2064 4735 suum

459 4791 639 4846 super
662 4775 835 4830 malos
864 4783 919 4830 et
961 4774 1155 4843 bonos,
1193 4782 1250 4831 et
1289 4773 1480 4844 pluens
1520 4789 1682 4846 super
1703 4773 1878 4843 justos
1904 4780 1960 4828 et
1987 4772 2071 4826 in-

464 4869 648 4939 justos
685 4866 898 4939 (Matth.
929 4866 982 4923 5.
1009 4866 1125 4937 45),
1147 4879 1471 4936 omnemque
1499 4865 1657 4919 aliam
1692 4862 1900 4934 eoliiam
1939 4874 2067 4933 sup-

470 4959 763 5032 peditans?
810 4959 973 5015 Forte
1001 4958 1214 5030 longius
1240 4974 1401 5030 quam
1426 4957 1730 5028 oportebat,
1761 4971 2065 5012 sermonem

475 5054 831 5126 produximus
861 5069 876 5109 :
918 5067 1110 5109 verum
1139 5052 1243 5109 hoc
1266 5066 1378 5108 non
1401 5051 1609 5123 absque
1635 5052 1863 5117 ratione,
1891 5064 2066 5120 neque

474 5159 681 5204 temere
707 5145 901 5202 factum
927 5153 1046 5211 est;
1087 5144 1184 5201 sed
1213 5154 1273 5201 ut
1296 5144 1544 5202 absentes
1564 5159 1631 5200 ex
1657 5142 1812 5199 vobis
1832 5142 2062 5209 discant,

471 5249 733 5311 quantum
775 5236 1120 5309 sibimetipsis
1143 5238 1324 5295 damni
1365 5238 1607 5306 fecerint,
1635 5235 1706 5293 ob
1731 5236 2066 5308 corporalem

470 5334 651 5388 cibum
693 5332 1012 5403 semetipsos
1039 5347 1070 5387 a
1107 5332 1369 5403 spirituali
1412 5332 1654 5387 doctrina
1684 5331 2064 5386 subducentes.

470 5424 740 5480 Czeterum
768 5440 836 5479 ne
861 5423 1083 5479 nimium
1113 5424 1351 5491 doleant,
1387 5422 1624 5479 fraterna
1670 5422 1793 5478 illos
1831 5422 2067 5477 benevo-

470 5515 638 5572 lentia
678 5516 1103 5588 ‘prosequamini,
1133 5527 1481 5572 recensentes
1526 5515 1657 5586 ipsis
1695 5531 1816 5586 quze
1853 5529 1886 5571 a
1913 5513 2068 5569 nobis

471 5610 613 5665 dicta
642 5618 807 5665 sunt:
852 5609 954 5667 hoc
972 5610 1114 5665 enim
1150 5610 1376 5666 sincera:
1395 5610 1635 5667 caritatis
1671 5616 2064 5682 argumentum.

535 5705 555 5768 ξ
588 5700 804 5758 Coisliu..
828 5700 1284 5768 petagusapertum.

531 5764 556 5795 ³
587 5772 682 5829 sex
705 5762 838 5829 uss,
864 5762 1122 5829 die'sexto.
1148 5770 1361 5828 Utraque
1382 5762 1816 5829 lectiohquadrare
1859 5768 2026 5829 potest
2050 5776 2063 5811 :

468 5838 567 5874 non
591 5826 726 5889 enim
744 5827 838 5876 abs
868 5838 932 5876 re
953 5827 1138 5877 dicatur
1174 5823 1326 5876 Deuin
1346 5830 1493 5877 sexto
1522 5823 1610 5876 die"
1637 5823 1891 5889 postquam
1920 5823 2068 5875 linem

466 5888 669 5939 «cantu
686 5886 1231 5951 fecisset,quievisse.‘
1451 5924 1456 5929 .
1556 5910 1559 5913 -
1638 5886 1691 5915 κ
1763 5886 1778 5889 ⁷
1874 5920 1879 5924 ,
2016 5896 2023 5916 ι

2150 551 2284 607 Nam
2311 553 2356 609 si
2383 554 2522 608 inter
2550 568 2739 626 magna
2768 554 3005 611 caritatis
3043 555 3238 612 indicia
3281 554 3497 624 habent,
3526 562 3621 630 qui
3659 556 3736 612 ita

2151 642 2219 697 de
2244 643 2587 700 scnsibilibus
2609 644 2800 700 eduliis
2827 646 2929 700 hoc
2955 646 3065 701 suis
3112 645 3460 701 l‘atttiliaribus
3502 645 3739 702 faciunt:

2152 734 2319 788 multo
2361 736 2534 807 magis
2580 737 2634 792 in
2678 737 3044 809 spiritualibus
3090 738 3193 793 hoc
3237 737 3444 810 agendo
3489 751 3738 808 magnam

2152 825 2306 880 nobis
2336 826 2544 882 laudem
2572 843 2858 900 paramus;
2900 828 3039 884 redit
3068 829 3211 885 enim
3238 830 3305 884 ad
3334 845 3435 884 nos
3463 830 3607 899 ipsos
3633 828 3741 882 uti-

2153 918 2295 973 litas.
2327 918 2459 973 Nam
2484 921 2570 974 cui
2601 921 2833 976 studium
2864 931 2948 977 est
2977 920 3171 977 decere
3203 922 3525 992 proximum,
3556 920 3603 975 is
3633 934 3742 973 non

2150 1016 2260 1066 tam
2308 1013 2382 1067 illi
2423 1013 2709 1082 bcnel'acit,
2741 1030 2901 1085 quam
2929 1014 3132 1086 sibiipsi
3165 1030 3409 1085 magnam
3439 1011 3743 1069 mercedem

2150 1113 2325 1176 parat,
2369 1105 2676 1178 duplicique
2720 1116 2942 1178 augetur
2986 1106 3156 1173 lucro,
3180 1106 3306 1161 dum
3347 1106 3515 1174 majus
3557 1118 3588 1157 a
3635 1103 3745 1156 Deo

2153 1199 2432 1270 praemium
2474 1200 2796 1271 assequitur,
2824 1209 2879 1255 ct
2904 1199 3032 1255 dum
3076 1198 3296 1254 fratrem
3326 1197 3522 1253 docere
3551 1211 3745 1267 aggre-

2152 1292 2315 1358 ditur,
2333 1292 2575 1348 docendo
2608 1294 2819 1349 interim
2846 1292 3054 1363 sibiipsi
3084 1291 3395 1347 memoriam
3417 1305 3602 1348 eorum
3624 1300 3750 1359 quae

2152 1383 2355 1439 audivit
2394 1392 2638 1440 renovat.

2224 1476 2280 1532 8.
2322 1475 2539 1531 Moralis
2569 1476 2873 1531 exhortatio.
2907 1507 2976 1517 —
3002 1474 3167 1546 igitur
3210 1474 3505 1545 cogitantes
3537 1479 3743 1525 tantum

2152 1565 2356 1622 lucrum
2379 1576 2641 1633 vestrum,
2674 1581 2743 1623 ne
2786 1565 3069 1621 invideatis
3108 1565 3362 1620 fratribus
3405 1562 3616 1626 vestris,
3651 1559 3747 1616 sed

2152 1674 2181 1713 a
2210 1659 2363 1715 vobis
2383 1658 2591 1715 discant
2615 1675 2735 1730 qua:
2765 1675 2907 1714 nunc
2933 1674 2962 1713 a
2989 1658 3145 1713 nobis
3171 1658 3440 1713 dicuntur.
3465 1655 3540 1721 Ne
3565 1661 3746 1709 autem

2155 1752 2378 1821 posthac
2407 1760 2589 1806 vestro
2618 1750 2882 1805 beneﬂcio
2920 1749 3137 1804 obnoxii
3165 1748 3281 1803 hanc
3305 1748 3542 1809 discant,
3571 1743 3751 1799 ducite

2155 1841 2276 1896 illos
2304 1842 2370 1897 ad
2416 1857 2534 1910 nos,
2569 1842 2954 1912 persuadentes
2997 1840 3150 1911 ipsis,
3184 1839 3314 1893 nihil
3358 1838 3550 1891 obesse
3593 1833 3752 1905 spiri-

2155 1932 2287 1987 tuali
2316 1948 2538 1999 mensae,
2567 1932 2613 1987 si
2659 1933 2929 2004 praecedat
2980 1932 3276 2002 corporalis
3326 1930 3429 1984 cibi
3477 1924 3749 1995 sumptio:

2156 2023 2253 2078 sed
2295 2039 2454 2078 omne
2492 2033 2704 2093 tempus
2757 2024 3022 2093 spirituali
3065 2023 3298 2076 sermoni
3342 2019 3591 2074 idoneum
3628 2029 3751 2071 esse

2157 2116 2535 2186 reputantium.
2567 2115 2695 2171 Haec
2744 2117 2790 2171 si
2840 2124 2987 2170 recte
3030 2124 3327 2177 teneamus,
3355 2110 3654 2183 poterimus
3696 2116 3750 2161 et

2161 2208 2306 2264 domi
2347 2218 2647 2274 versantes,
2679 2217 2803 2263 ante
2828 2215 2882 2262 et
2920 2215 3043 2277 post
3085 2204 3390 2260 convivium
3419 2199 3654 2270 acceptis
3692 2199 3750 2254 in

2156 2301 2405 2358 manibus
2434 2299 2629 2355 divinis
2657 2299 2855 2367 Libris,
2883 2297 3164 2353 utilitatem
3195 2294 3320 2351 inde
3345 2308 3536 2364 capere
3562 2299 3618 2348 et
3641 2290 3751 2360 spi-

2158 2391 2404 2447 ritualem
2451 2386 2628 2445 cibum
2655 2390 2850 2445 animae
2891 2388 3154 2459 praebere.
3205 2385 3337 2441 Nam
3382 2384 3521 2439 sicut
3557 2394 3753 2450 corpus

2159 2482 2362 2554 indiget
2396 2482 2638 2539 sensibili
2666 2482 2806 2549 cibo,
2838 2482 2910 2537 ita
2935 2490 2989 2537 et
3024 2482 3200 2536 anima
3229 2476 3537 2549 quotidiana
3562 2474 3754 2530 admo-

2161 2575 2366 2630 nitione
2409 2583 2464 2630 et
2503 2574 2857 2644 spiritualium
2905 2572 3153 2629 ciborum
3200 2568 3590 2626 refocillatione
3634 2583 3648 2620 :
3693 2573 3755 2620 ut

2160 2669 2411 2723 roborata
2461 2665 2713 2722 resistere
2764 2667 2932 2735 possit
2978 2664 3157 2719 carnis
3185 2660 3486 2727 rebellioni,
3519 2667 3574 2713 et
3620 2671 3754 2712 con-

2163 2761 2310 2815 tinuo
2338 2759 2478 2814 bello
2516 2774 2621 2829 quo
2648 2773 2919 2828 urgemur,
2951 2756 3200 2826 quodque
3244 2753 3474 2808 animam
3514 2757 3752 2805 nostram

2162 2852 2214 2906 in
2246 2851 2560 2905 servitutem
2591 2848 2802 2920 redigit,
2833 2848 2877 2902 si
2915 2847 2999 2901 vel
3031 2861 3217 2917 parum
3259 2842 3470 2897 desides
3500 2854 3620 2894 esse
3659 2851 3749 2891 vo-

2163 2943 2440 3000 luerimus.
2500 2942 2731 2997 Proinde
2784 2940 3041 3010 propheta
3096 2935 3267 2992 David
3322 2935 3535 2989 beatum
3602 2931 3753 2986 illum

2163 3037 2317 3101 dixit,
2362 3036 2452 3107 qui
2492 3036 2544 3091 in
2589 3034 2709 3105 lege
2758 3033 2969 3087 Domini
3021 3030 3307 3085 meditatur
3347 3027 3435 3082 die
3486 3040 3550 3080 ac
3595 3032 3758 3079 nocte

2169 3128 2341 3200 (Psal.
2375 3129 2427 3182 l.
2470 3126 2565 3197 2);
2609 3135 2664 3182 et
2712 3127 2898 3181 beatus
2947 3125 3122 3179 Moses
3169 3120 3447 3178 Judaicum
3501 3118 3754 3189 populum

2164 3219 2364 3275 docens
2389 3218 2463 3273 ait
2489 3236 2502 3272 :
2547 3217 2674 3272 Cum
2711 3216 2985 3271 comederis
3016 3223 3061 3269 et
3100 3213 3302 3279 biberis,
3325 3222 3371 3267 et
3399 3212 3614 3266 satiatus
3643 3209 3757 3278 [ue-

2165 3313 2256 3379 ris,
2284 3328 2474 3366 menter
2515 3322 2616 3365 esto
2645 3309 2853 3364 Domini
2880 3308 2980 3362 Dei
3005 3308 3079 3361 tui
3126 3305 3301 3379 (Deut.
3335 3305 3388 3359 8.
3432 3300 3544 3375 10).
3568 3299 3754 3365 Vides,

2167 3404 2437 3475 quomodo
2474 3411 2529 3458 et
2554 3412 2680 3458 tunc
2709 3400 3044 3472 potissimum
3081 3414 3177 3469 par
3206 3398 3294 3461 sit,
3322 3404 3445 3466 post
3482 3400 3753 3463 sumptum

2165 3511 2357 3567 nempe
2382 3494 2714 3565 corporalem
2743 3493 2944 3558 cibum,
2967 3489 3244 3562 spirituale
3272 3485 3573 3543 convivium
3600 3483 3758 3538 nobis

2166 3587 2383 3658 apponi,
2397 3595 2455 3641 ut
2470 3601 2539 3641 ne
2560 3592 2679 3656 post
2701 3584 2999 3639 satietatem
3016 3582 3119 3637 cibi
3135 3579 3432 3650 corporalis
3446 3576 3621 3632 anima
3639 3583 3755 3628 tor-

2167 3695 2302 3751 pens
2330 3688 2384 3736 et
2409 3678 2569 3735 deses
2617 3678 2668 3732 in
2700 3676 2988 3748 perniciem
3035 3675 3267 3746 aliquam
3320 3681 3461 3737 ruat,
3489 3679 3543 3725 et
3580 3669 3759 3723 locum

2167 3772 2261 3827 det
2287 3770 2485 3825 diaboli
2526 3768 3030 3834 machinationibus,
3054 3767 3143 3837 qui
3171 3780 3360 3820 omnes
3389 3760 3646 3831 temporis
3670 3775 3762 3812 ar-

2170 3864 2364 3918 ticulos
2394 3863 2661 3925 observat,
2705 3848 2949 3915 utlctale
2999 3860 3156 3912 nobis
3196 3857 3389 3911 vulnus
3420 3850 3646 3909 inferat“!
3693 3848 3763 3904 Et

2170 3956 2364 4010 iterum
2388 3953 2493 4007 alio
2520 3953 2640 4007 loco
2665 3950 2877 4006 dicebat
2908 3949 3048 4004 idem
3080 3949 3169 4003 ille
3199 3946 3458 4016 propheta
3492 3962 3505 3997 :
3535 3940 3602 3995 In
3631 3944 3760 3994 tecto

2170 4047 2409 4101 cubantes
2439 4054 2486 4099 et
2530 4050 2853 4112 exsurgentes
2901 4047 3201 4093 mementote
3230 4036 3440 4090 Domini
3487 4032 3583 4086 Dei
3610 4029 3763 4084 vestri

2171 4136 2351 4208 (Deut.
2381 4135 2440 4191 6.
2472 4132 2551 4205 7).
2583 4132 2775 4188 Vidisti
2803 4143 3091 4200 numquam
3122 4140 3220 4182 nos
3249 4125 3443 4181 decere
3482 4124 3619 4176 hanc
3650 4133 3763 4173 tne-

2170 4231 2393 4285 moriam
2434 4244 2498 4283 ex
2529 4227 2703 4281 anima
2745 4230 2924 4278 nostra
2966 4219 3274 4284 excludere,
3308 4216 3402 4272 scd
3445 4212 3763 4283 insculptum

2173 4323 2227 4378 in
2275 4320 2602 4377 conscientia
2643 4318 2949 4381 babere,ac
2994 4314 3048 4368 in
3096 4321 3351 4383 perpetua
3400 4306 3761 4367 sollicitudine
3820 4358 3831 4372 ,

2171 4414 2375 4479 vivere,
2402 4412 2682 4480 mllasque
2729 4420 2979 4477 umquam
3029 4403 3313 4459 admittere
3363 4398 3625 4463 inducias,
3656 4403 3765 4452 lmo

2168 4516 2231 4562 ut
2256 4506 2391 4560 bene
2412 4504 2663 4567 scientes,
2683 4510 2914 4571 quantus
2942 4497 3013 4553 sit
3040 4496 3187 4551 furor
3212 4492 3412 4550 inimici
3439 4491 3607 4547 nostri
3639 4506 3764 4561 erga

2173 4613 2291 4665 nos,
2321 4596 2533 4653 sobrios
2575 4608 2696 4650 esse
2737 4601 2792 4649 et
2839 4590 3080 4663 vigilare,
3127 4596 3182 4643 et
3228 4599 3418 4641 omnes
3461 4584 3639 4638 aditus
3690 4583 3767 4635 illi

2173 4690 2523 4764 praecludere,
2554 4697 2610 4744 et
2650 4700 2938 4755 numquam
2981 4679 3309 4753 Spiritualem
3359 4675 3627 4749 negligere
3672 4674 3768 4727 ali-

2170 4763 2455 4839 moniam?
2499 4779 2625 4834 Hcce
2664 4785 2849 4832 nostra
2876 4776 3019 4829 salus
3051 4780 3166 4839 est,
3201 4771 3286 4826 hic
3327 4766 3632 4839 spirituales
3681 4763 3767 4817 di-

2173 4875 2338 4942 vitim,
2371 4872 2488 4928 haec
2533 4869 2815 4925 securitas.
2856 4864 2915 4922 Si
2957 4864 3036 4920 sie
3064 4877 3164 4918 uos
3204 4861 3348 4932 ipsos
3376 4855 3611 4928 quotidie
3637 4869 3762 4909 mu-

2172 4966 2406 5032 niamus,
2437 4970 2492 5019 et
2536 4976 2633 5032 per
2675 4958 2987 5024 lectionem,
3019 4964 3075 5011 et
3118 4966 3215 5024 per
3258 4949 3516 5013 auditum,
3561 4955 3618 5001 et
3668 4958 3764 5014 per

2174 5056 2502 5130 spiritualem
2530 5065 2852 5116 sermonem,
2874 5049 2953 5104 sic
2974 5045 3265 5118 poterimus
3293 5039 3392 5111 ipsi
3416 5036 3594 5094 invicti
3615 5049 3765 5101 esse,

2175 5159 2231 5208 et
2244 5147 2460 5220 maligni
2476 5143 2737 5202 daemonis
2767 5141 2986 5198 teehnas
2996 5138 3231 5202 eludere,
3244 5131 3586 5201 caelestiaque
3601 5141 3764 5220 regna

2175 5216 2410 5312 assequi,
2431 5237 2597 5310 gratia
2616 5244 2673 5293 et
2688 5231 3015 5304 benignitate
3032 5226 3242 5284 Domini
3274 5221 3443 5279 nostri
3470 5221 3598 5276 Jesu
3616 5216 3765 5274 Chri-

2174 5334 2266 5400 sti,
2294 5311 2417 5389 cum
2447 5345 2554 5402 quo
2577 5328 2723 5384 Patri
2757 5324 2915 5381 simul
2944 5331 2999 5379 et
3018 5318 3237 5391 Spiritui
3263 5322 3450 5372 sancto
3476 5312 3546 5369 sit
3572 5311 3760 5384 gloria,

2177 5425 2478 5496 imperium,
2514 5421 2706 5488 honor,
2734 5431 2876 5474 nunc
2911 5424 2965 5471 et
3003 5426 3235 5483 semper,
3263 5408 3397 5466 etin
3423 5404 3618 5463 Stecula
3666 5417 3764 5458 sre-

2175 5516 2442 5574 culorum.
2475 5512 2666 5567 Amen.

2765 5639 2907 5696 HOM
2913 5635 3048 5694 1LlA
3085 5633 3178 5690 X1.

2178 5781 2330 5850 Quod
2351 5786 2580 5848 oporteat
2603 5777 2832 5830 virtutem
2856 5772 3027 5843 magni
3055 5774 3220 5843 facere
3239 5775 3535 5835 sanctosque
3555 5762 3766 5823 imitari,

2249 5873 2333 5944 qui
2357 5887 2473 5925 cum
2501 5869 2726 5941 ejusdem
2749 5868 2895 5940 cujus
2922 5880 3012 5918 nos
3034 5871 3230 5918 natura:
3253 5868 3434 5924 essent,
3471 5871 3580 5911 eam
3612 5868 3765 5907 eccu-
